3956 6216
268 306 374 361 625

1396 305 1768 362 aovensvs
1809 307 2174 364 nummum
2216 309 2344 364 LIB.
2387 269 2450 362 li.

3450 311 3555 369 626

271 423 552 477 δεικνύναι
576 423 691 490 (84)
717 422 816 493 τὴν
848 423 1036 477 οὐσίαν
1062 425 1385 493 ἐφιλονείκει
1407 442 1421 456 ο
1449 427 1564 478 νυνὶ
1597 427 1676 488 δὲ,
1708 425 1862 479 πάλιν

1975 429 2100 481 tiam
2155 430 2456 500 genituram
2517 443 2638 483 esse
2694 429 2978 484 ostendere
3032 429 3347 483 conabatur.
3406 428 3558 486 Nunc

271 516 370 584 τὴν
399 516 498 586 τῆς
525 515 710 580 οὐσίας
745 517 1016 570 οίκείωσιν
1057 517 1144 570 διὰ
1179 518 1277 587 τῆς
1306 518 1490 586 φωνῆς
1527 518 1730 588 ταύτης
1769 535 1864 588 ση,

277 608 610 678 μαινομένην
661 607 824 678 ὁρῶν.
875 609 937 661 τὸ
980 610 1341 679 γεγεννῆσθαι
1386 609 1480 662 τοῦ
1525 612 1864 680 γεννήματος

271 701 586 769 ἀφαιρεῖται
621 699 756 766 (85).
798 701 909 752 Καὶ
941 698 1047 769 μὴν
1089 701 1136 750 εἰ
1166 698 1324 751 τοῦτο
1353 699 1428 761 ὼς
1454 698 1660 761 πάθους
1689 699 1863 768 δηλω-

270 789 422 841 τικὸν
455 792 820 861 παραιτεῖται,
849 789 902 842 τί
938 790 1135 843 κωλύει
1170 791 1268 844 καὶ
1300 792 1360 843 τὸ
1401 792 1733 862 δημιουργὸν
1766 793 1864 845 αὑ-

271 881 361 932 τὸν
394 876 532 934 εἶναι
579 879 666 934 διὰ
715 880 812 944 τὰς
856 881 1026 944 αὑτὰς
1072 883 1251 945 αἰτίας
1297 882 1370 953 μὴ
1425 883 1858 954 παραδέχεσθαι;

272 972 418 1024 Διότι
467 972 669 1034 πάσαις
712 976 832 1035 ταῖς
869 977 1208 1042 σωματικαῖς
1243 973 1545 1043 ἐνεργείαις
1662 974 1861 1027 πλείων

277 1080 353 1126 τις
389 1064 606 1127 πάντως
639 1063 672 1132 ἢ
707 1065 944 1118 ἐλάττων
973 1066 1139 1128 κόπος
1183 1066 1556 1130 συνέζευκται,
1590 1066 1734 1118 κατὰ
1763 1067 1861 1137 τὴν

271 1157 564 1225 ἀναλογίαν
599 1159 696 1227 τῆς
723 1157 815 1211 τοῦ
849 1158 1128 1221 ποιοῦντος
1153 1159 1434 1230 δυνάμεως
1466 1160 1560 1212 καὶ
1595 1160 1696 1229 τῆς
1726 1161 1862 1238 πρὸς

272 1247 573 1321 τὰμεγέθη
602 1247 710 1301 τῶν
741 1249 1147 1319 ἐνεργουμένων
1175 1249 1458 1320 διαφορᾶς.
1501 1250 1612 1320 Τήν
1643 1266 1706 1316 γε
1758 1250 1861 1319 μὴν

274 1341 424 1395 Θείαν
453 1339 545 1393 καὶ
574 1341 846 1410 μακαρίαν
877 1339 1036 1407 φύσιν
1070 1340 1304 1411 καμάτῳ
1329 1339 1507 1406 λέγειν
1545 1339 1862 1409 συνέχεσθαι

272 1432 372 1500 οὐχ
395 1426 556 1500 ἦττον
601 1429 816 1494 ἀσεϐὲς,
861 1429 892 1500 ἢ
941 1432 1052 1493 τοῖς
1084 1425 1384 1500 αἰσχίστοις
1426 1431 1596 1501 αὐτὴν
1635 1431 1861 1482 πάθεσιν

277 1523 620 1578 ὑποϐάλλειν.
655 1524 716 1576 Εί
746 1523 803 1576 δὲ
830 1522 1056 1586 ἀπαθῶς
1095 1523 1287 1588 κτίζει,
1322 1522 1506 1594 ἀπαθῆ
1534 1519 1672 1577 εἷναι
1705 1523 1860 1588 δέξα-

278 1617 371 1670 σθε
393 1618 486 1670 καὶ
507 1616 605 1687 τὴν
626 1616 900 1684 γέννησιν.

347 1709 435 1762 24,
479 1708 564 1771 Ὠς
612 1707 708 1778 μὲν
743 1703 836 1760 οὖν
879 1708 1084 1778 κυρίως
1125 1707 1218 1760 καὶ
1257 1707 1644 1778 προσηκόντως
1673 1708 1860 1780 Πατὴρ

273 1797 488 1863 λέγεται
517 1798 546 1848 ὁ
569 1797 720 1860 Θεὸς,
753 1797 846 1850 καὶ
870 1797 945 1858 ὡς
973 1797 1095 1866 οὐχὶ
1128 1796 1357 1860 πάθους,
1391 1797 1503 1850 ἀλλ’
1533 1797 1862 1862 οίκειῶσεώς

273 1892 421 1943 ἐστιν
455 1890 643 1961 ὄνομα,
683 1889 716 1959 ἢ
756 1890 856 1959 τῆς
884 1889 1026 1942 κατὰ
1055 1889 1234 1960 χάριν,
1271 1890 1345 1951 ὡς
1372 1891 1464 1941 ἐπὶ
1498 1890 1606 1940 τῶν
1649 1889 1855 1960 ἀνθρὼ-

274 2001 413 2046 πων,
445 1983 478 2053 ἢ
507 1983 608 2051 τῆς
634 1981 779 2036 κατὰ
805 1981 988 2051 φύσιν,
1016 1983 1091 2044 ὡς
1120 1983 1213 2034 ἐπὶ
1243 1982 1336 2034 τοῦ
1365 1983 1724 2050 Μονογενοῦς,
1750 1985 1863 2035 ἰκα-

272 2077 380 2140 νῶς
410 2076 655 2146 εἴρηται·
695 2075 875 2144 δῶμεν
905 2074 962 2126 δὲ
990 2069 1128 2126 εἶναι
1153 2073 1438 2144 τροπικὴν,
1472 2076 1566 2127 καὶ
1598 2077 1662 2127 ὲκ
1697 2092 1861 2144 μετα-

274 2168 448 2236 φορᾶς
487 2164 739 2232 λέγεσθαι
787 2164 921 2233 (86),
959 2163 1147 2233 ὥσπερ
1195 2163 1290 2215 καὶ
1336 2162 1501 2226 ἄλλας
1530 2164 1728 2235 μυρίας
1766 2164 1861 2217 καὶ

271 2261 371 2327 τὴν
426 2256 606 2328 φωνὴν
660 2256 880 2326 ταύτην.
953 2256 1040 2318 Ὠς
1085 2255 1288 2317 τοίνυν,
1337 2255 1710 2326 ὀργιζόμενον,
1768 2258 1861 2309 καὶ

274 2349 565 2408 ὑπνοῦντα,
611 2350 707 2401 καὶ·
740 2348 1033 2417 πετόμενον
1085 2346 1378 2411 ἀκούοντες
1436 2348 1523 2400 τὸν
1567 2349 1716 2411 Θεὸν,
1768 2349 1861 2402 καὶ

272 2442 446 2496 ἄλλων
473 2441 729 2494 τοιούτων
745 2442 1012 2511 ἀπρεπεῖς
1031 2442 1172 2494 κατὰ
1193 2441 1283 2492 τὸν
1305 2439 1593 2508 πρόχειρον
1616 2438 1739 2492 νοῦν
1764 2440 1862 2502 τὰς

273 2533 541 2601 ἐμφάσεις
565 2531 972 2602 παρεχομένων,
1009 2529 1132 2582 οὔτε
1156 2531 1255 2592 τὰς
1278 2530 1458 2598 φωνὰς
1487 2529 1580 2582 τοῦ
1611 2529 1862 2599 Πνεύμα-

272 2641 364 2687 τος
421 2625 812 2695 διαγράφομεν,
859 2621 982 2674 οὔτε
1035 2623 1362 2693 σωματικῶς
1395 2621 1502 2674 τῶν
1555 2623 1862 2694 λεγομένων

275 2717 542 2787 ἀκούομεν
566 2734 580 2747 ο
614 2716 667 2768 τί
700 2717 894 2787 δήποτε
923 2717 1044 2786 οὐχὶ
1076 2717 1187 2778 καὶ,
1220 2716 1318 2786 τῆς
1343 2715 1526 2784 φωνῆς
1551 2715 1754 2787 ταύτης
1774 2715 1865 2768 οὗ·

273 2825 352 2860 τω
383 2807 622 2876 συνεχῶς
651 2806 1100 2878 παραληφθείσης
1134 2805 1238 2858 ὑπὸ
1265 2805 1358 2858 τοῦ
1382 2805 1698 2873 Πνεύματος
1727 2807 1860 2874 (87),

273 2899 373 2962 τὰς
403 2897 914 2968 θεοπρεπεῖς-αύτῆς
937 2899 1147 2961 ἐννοίας
1173 2897 1601 2968 διερευνώμεθα;
1697 2899 1862 2969 μόνην

274 2991 479 3062 ταύτην
499 2992 597 3061 τῆς
624 2991 848 3062 Γραφῆς
875 2991 1248 3061 ἀπαλείψομεν
1280 2991 1414 3060 (88),
1452 2994 1515 3044 ἐκ
1536 2993 1635 3062 τῆς
1657 2992 1862 3062 ἀνθρω-

277 3098 438 3152 πίνης
485 3084 737 3153 χρήσεως
781 3083 1244 3151 συκοφαντοῦντες
1301 3084 1504 3154 αύτήν;
1564 3084 1777 3136 Οὑτωσὶ
1806 3084 1862 3136 δὲ
1890 3115 1932 3169 C

277 3176 592 3246 σκοπῶμεν.
651 3177 753 3229 Δύο
800 3177 1214 3248 σημαινομένων
1267 3176 1331 3229 ἐκ
1381 3176 1482 3246 τῆς
1527 3175 1618 3228 τοῦ
1668 3179 1860 3248 γεννᾷν

278 3269 648 3340 προσηγορίας
677 3268 820 3322 κατὰ
849 3272 949 3341 τὴν
973 3265 1074 3322 ὧδε
1107 3268 1415 3340 συνήθειαν,
1442 3268 1648 3332 πάθους
1679 3287 1738 3321 τε
1768 3269 1858 3322 τοῦ

277 3362 572 3430 γεννῶντος
611 3364 704 3414 καὶ
741 3363 839 3432 τῆς
871 3362 1008 3433 πρὸς
1038 3363 1098 3414 τὸ
1136 3361 1471 3432 γεννώμενον
1513 3361 1860 3426 οίκειώσεως,

277 3457 404 3506 ὅταν
430 3454 579 3525 παρὰ
602 3455 695 3506 τοῦ
728 3455 938 3524 Πατρὸς
970 3453 1049 3523 τῷ
1079 3455 1372 3522 Μονογενεῖ
1399 3454 1624 3522 λέγηται
1652 3454 1732 3516 τὸ,
1766 3454 1860 3506 Ἐκ

278 3548 536 3615 γαστρὸς
565 3547 678 3613 πρὸ
706 3547 1014 3614 ἑωσφόρον
1040 3545 1342 3615 ἐγέννησά
1369 3562 1463 3608 σε,
1498 3546 1593 3598 καὶ
1617 3545 1697 3609 τὸ,
1729 3547 1862 3610 Υἱός

272 3657 392 3706 μου
421 3635 481 3691 εἷ
507 3638 609 3702 σὺ,
649 3636 764 3707 ἐγὼ
797 3637 1064 3706 σήμερον
1096 3637 1429 3708 γεγέννηκά
1472 3654 1545 3691 σε
1564 3656 1576 3668 ·
1635 3638 1862 3708 πότερον

277 3732 480 3787 τούτων
505 3731 868 3803 παρίστασθαι
906 3733 1096 3802 φῶμεν
1123 3732 1211 3784 διὰ
1239 3731 1332 3785 τοῦ
1369 3733 1644 3802 ῥήματος;
1671 3732 1730 3784 τὸ
1760 3732 1860 3801 ἐμ-

279 3824 448 3888 παθὲς
477 3823 583 3876 τῶν
607 3822 940 3892 γεννώντων,
972 3823 1003 3892 ἢ
1034 3823 1131 3894 τὴν
1151 3825 1250 3894 τῆς
1274 3822 1487 3891 φύσεως
1521 3823 1859 3892 οἰκειότητας

291 3912 430 3981 Ἐγὼ
463 3914 561 3983 μὲν
583 3915 692 3984 γὰρ
723 3913 880 3965 τοῦτό
905 3930 1080 3983 φημι·
1115 3915 1207 3965 καὶ
1240 3913 1359 3965 οὐδὲ
1379 3911 1599 3975 τούτους
1625 3912 1862 3982 ἡγουμαι

277 4025 408 4060 ποτε
445 4006 518 4078 μὴ
555 4007 677 4076 οὐχ).
697 4008 778 4069 είς
808 4005 1068 4076 λαμπρὰν
1107 4004 1468 4076 μελαγχολίαν
1501 4005 1860 4076 παρενεχθέν-

273 4117 374 4160 τας
412 4097 831 4152 ἐναντιώσεσθαι
856 4099 989 4163 (89).
1029 4100 1191 4150 Ὥστε
1219 4101 1265 4150 εί
1300 4099 1397 4168 μὲν
1428 4099 1600 4150 οἰκεία
1633 4097 1708 4167 τῷ
1747 4098 1863 4167 Θεῷ

279 4193 312 4256 ἡ
343 4189 513 4258 φωνὴ,
546 4189 598 4241 τί
624 4190 907 4260 ἀτιμάζεις
930 4189 1005 4252 ὡς
1034 4189 1316 4262 ἀλλοτρίαν
1341 4207 1354 4254 ;
1380 4191 1427 4242 εί
1459 4189 1515 4242 δὲ
1545 4191 1609 4242 ἐκ
1631 4190 1738 4242 τῶν
1772 4192 1864 4242 ἀν-

283 4280 570 4348 θρωπίνων
614 4282 1098 4352 μετακεκόμισται,
1137 4283 1199 4333 τὸ
1254 4282 1406 4349 ὑγιὲς
1435 4282 1604 4350 αὐτῆς
1637 4281 1860 4348 ἐκλεξά-

287 4387 465 4439 μενος,
508 4370 645 4439 φύγε
679 4372 736 4423 τὸ
763 4375 940 4443 χεῖρον
962 4373 1070 4426 τῶν
1098 4373 1460 4444 δηλουμένων.
1506 4374 1722 4438 Ἔξεστι
1754 4373 1861 4444 γὰρ

1967 529 2146 572 autem
2200 536 2395 573 rursus
2439 519 2753 574 substantia:
2789 521 2953 592 260
2982 519 3417 589 conjunctionetn
3455 524 3558 577 hac

1967 625 2100 664 voce
2157 611 2455 681 signiﬁcari
2507 628 2628 665 cum
2687 612 2904 677 videat,
2961 615 3264 683 genituram
3318 612 3554 680 genitam

1965 717 2086 756 esse
2138 713 2317 772 negat.
2358 704 2520 770 Atqui
2568 703 2611 757 si
2668 703 2770 756 hoc
2821 715 3078 770 tanquam
3110 702 3253 770 quod
3303 703 3554 755 alit-ctum

1971 793 2260 858 sigttilicel,
2298 795 2562 862 repudiat,
2594 795 2723 864 quid
2755 795 3001 863 prohibet
3033 796 3238 849 eisdem
3271 796 3337 849 de
3375 797 3556 849 causis

1965 882 2128 934 etiam
2163 891 2464 936 creatorem
2515 883 2689 951 ipsum
2737 898 2858 938 esse
2899 883 3145 954 negare?
3177 883 3310 937 Nam
3341 899 3436 953 pro
3465 899 3553 936 ra-

1965 975 2112 1027 tione
2144 976 2340 1028 virium
2371 975 2487 1044 ejus
2525 976 2614 1044 qui
2666 975 2818 1039 facit,
2849 987 2901 1031 et
2950 992 3048 1045 pro
3092 977 3409 1032 discrimine
3439 992 3556 1029 ma-

1961 1067 2260 1134 gnitudinis
2309 1083 2497 1122 eorum
2545 1084 2667 1138 quae
2719 1070 2878 1134 ﬁunt,
2914 1070 3220 1124 necessario
3254 1079 3342 1122 aut
3383 1069 3557 1138 major

1965 1169 2056 1211 aut
2105 1160 2280 1212 minor
2327 1158 2480 1213 labor
2527 1163 2807 1230 corporeis
2853 1161 3105 1215 omnibus
3148 1161 3557 1230 operationibus

1963 1250 2332 1319 conjungitur.
2379 1251 2623 1305 Divinam
2682 1261 2860 1306 autent
2920 1269 2984 1307 ac
3033 1253 3242 1306 beatam
3297 1260 3548 1306 naturam

1964 1343 2142 1396 dicere
2176 1343 2362 1396 labore
2395 1343 2588 1412 premi,
2624 1358 2728 1397 non
2771 1344 2945 1397 minus
2991 1343 3216 1411 impium
3254 1353 3356 1407 est,
3391 1357 3553 1410 quant

1964 1450 2081 1488 eam
2141 1434 2424 1490 affectibus
2487 1437 2813 1506 turpissimis
2875 1435 3160 1504 subjicere.
3218 1433 3311 1487 Siti
3373 1442 3552 1487 atitem

1964 1529 2100 1580 citra
2141 1527 2392 1580 aﬁ'ectum
2442 1537 2620 1591 creat.
2663 1529 3066 1599 generationem
3112 1537 3324 1595 quoque
3357 1521 3553 1578 aﬁcctu

1965 1633 2160 1672 vacare
2191 1617 2488 1676 fateamini.

2035 1706 2127 1760 24.
2168 1705 2321 1772 Quod
2369 1709 2534 1778 igitur
2585 1709 2802 1778 proprie
2844 1724 2908 1761 ac
2954 1709 3148 1762 merito
3181 1707 3321 1763 Deus
3355 1705 3555 1761 dicitur

1894 1773 1935 1829 Β
1967 1799 2147 1865 Pater,
2187 1773 2414 1869 etquod
2459 1815 2565 1855 non
2586 1773 2851 1869 ‘aﬁ‘ectas,
2889 1803 2980 1856 sed
3028 1801 3425 1870 coniunctionis
3461 1815 3554 1852 no-

1970 1905 2090 1944 men
2125 1901 2232 1955 est,
2265 1900 2361 1946 aut
2394 1890 2510 1958 ejus
2543 1907 2662 1961 qua:
2693 1893 2751 1946 ﬁt
2783 1909 2878 1962 per
2908 1895 3159 1964 gratiam,
3196 1904 3252 1947 ιιι
3285 1893 3335 1947 ἰιι
3373 1893 3551 1948 homi-

1967 1983 2150 2048 nibus,
2183 1993 2276 2036 aut
2320 1983 2440 2052 ejus
2471 1999 2593 2053 qua:
2638 1986 2934 2038 secundum
2982 1997 3228 2039 naturam
3261 1995 3364 2049 est,
3395 1995 3453 2039 ut
3497 1986 3552 2038 in

1973 2074 2280 2144 Unigenito,
2314 2075 2450 2130 satis
2505 2075 2708 2128 dictum
2766 2084 2869 2131 est.
2920 2076 3024 2130 Sed
3072 2076 3262 2130 demus
3308 2085 3364 2131 et
3413 2079 3555 2133 hanc

1967 2180 2152 2219 vocem
2183 2165 2442 2234 tr0picam
2473 2181 2617 2230 esse,
2642 2182 2892 2236 eamque,
2923 2167 3134 2222 sicutet
3161 2169 3295 2224 alias
3325 2184 3552 2224 sexcen-

1971 2268 2074 2320 tas,
2106 2273 2202 2328 per
2248 2257 2658 2312 translationem
2696 2258 2820 2312 dici.
2864 2259 3324 2324 Quemadmodum
3368 2261 3553 2329 igitur,

1967 2369 2089 2406 cum
2121 2352 2286 2404 Deum
2321 2350 2574 2403 audimus
2619 2351 2802 2415 irasci,
2835 2351 3092 2416 dormire,
3122 2351 3322 2417 volare,
3358 2362 3413 2406 et
3447 2351 3554 2405 alia

1967 2446 2018 2498 id
2067 2459 2257 2514 genus,
2293 2459 2415 2512 qua:
2470 2458 2632 2495 sensu
2673 2443 2834 2496 obvio
2874 2442 3282 2510 intelligentiam
3337 2443 3555 2496 indeco-

1971 2551 2082 2587 ram
2135 2551 2245 2604 pra:
2295 2550 2353 2588 se
2408 2535 2607 2597 ferunt,
2639 2549 2744 2588 non
2784 2544 2959 2586 tamen
2997 2549 3158 2588 voces
3190 2534 3424 2604 Spiritus
3456 2550 3551 2589 ex-

1970 2627 2280 2694 pttngimus,
2309 2641 2407 2679 nec
2433 2626 2590 2678 modo
2618 2639 2878 2692 corporeo
2906 2624 3019 2678 haec
3042 2625 3182 2678 dicta
3213 2626 3546 2693 accipimus;

1966 2734 2124 2786 quam
2178 2719 2390 2770 tandem
2433 2719 2503 2770 ob
2550 2731 2793 2779 causam,
2823 2731 2943 2770 cum
2978 2716 3091 2768 haec
3124 2731 3224 2768 vox
3260 2717 3392 2770 adeo
3432 2716 3550 2770 fre-

1966 2817 2192 2878 quenter
2223 2823 2254 2861 a
2285 2807 2485 2876 Spiritu
2525 2817 2781 2874 usurpata
2833 2808 2924 2871 sit,
2968 2821 3069 2859 non
3125 2807 3289 2860 etiam
3344 2821 3543 2863 conve-

1967 2903 2197 2954 nientem
2267 2899 2377 2954 Deo
2442 2899 2847 2968 intelligentiam
2925 2900 3352 2970 investigamus?
3422 2918 3550 2956 nunt

1967 2991 2106 3044 Itane
2153 2990 2324 3043 solam
2379 3005 2444 3043 ex
2496 2990 2776 3059 Scriptura
2827 2989 3148 3053 delebimus,
3182 3006 3300 3045 eam
3342 3006 3406 3046 ex
3446 2994 3554 3047 htt-

1969 3097 2128 3136 mano
2158 3098 2255 3136 usu
2299 3082 2735 3136 calumniantes?
2762 3082 2831 3135 At
2859 3097 2970 3135 rem
3008 3082 3087 3136 sic
3120 3083 3551 3140 consideremus.

1969 3176 2102 3229 Cum
2141 3177 2247 3229 duo
2291 3175 2667 3243 signiﬁcentur
2701 3173 2992 3244 generandi
3028 3175 3165 3229 voce
3199 3189 3262 3229 ex
3316 3177 3552 3232 humano

1971 3283 2146 3332 more,
2199 3269 2512 3337 generatttis
2567 3267 2775 3320 scilicet
2828 3265 3072 3331 aﬁ‘ectus,
3131 3277 3185 3322 et
3246 3271 3556 3339 conjuncdo

1969 3374 2091 3411 cum
2120 3360 2335 3428 genito;
2367 3357 2581 3425 quando
2605 3374 2632 3410 a
2659 3355 2819 3410 Patre
2846 3358 2910 3410 ad
2944 3357 3285 3424 Unigenitum
3321 3360 3553 3414 dicitur:

1973 3450 2056 3503 Ea:
2086 3460 2228 3504 utero
2255 3460 2377 3504 ante
2402 3451 2683 3518 luci/erum
2718 3454 2870 3519 genui
2905 3458 2954 3502 te
2982 3451 3058 3510 l"'-;
3093 3463 3175 3505 et:
3206 3450 3380 3506 Filius
3414 3470 3557 3508 metu

1970 3560 2022 3595 es
2057 3555 2134 3604 tu,
2169 3561 2260 3610 ego
2289 3544 2443 3596 hodie
2469 3545 2624 3612 genui
2653 3554 2700 3596 te
2727 3544 2808 3608 3“;
2842 3555 3019 3596 utram
3056 3543 3244 3596 harum
3282 3546 3555 3616 signiﬁca-

1973 3639 2176 3690 tionum
2211 3638 2316 3691 ltoc
2347 3636 2515 3690 verbo
2545 3637 2772 3690 indicari
2805 3637 3086 3690 dicemus?
3110 3643 3556 3705 generantiumne

1971 3728 2243 3796 aﬂ'ectutn,
2281 3744 2347 3781 an
2395 3738 2602 3781 naturae
2637 3729 3112 3796 conjunctionem?
3141 3728 3252 3798 Ego
3286 3730 3388 3786 hoc
3429 3746 3557 3785 cen-

1970 3837 2097 3886 seo;
2135 3831 2190 3874 et
2235 3835 2302 3874 ne
2345 3819 2444 3874 hos
2489 3820 2732 3890 quidem,
2767 3821 2869 3874 nisi
2923 3821 2975 3874 in
3024 3823 3372 3876 manifestum
3423 3834 3556 3877 atrae

1970 3913 2092 3966 bilis
2141 3913 2386 3966 morbum
2451 3911 2788 3975 incidissent,
2825 3913 3262 3968 contradictores
3313 3929 3552 3984 unquam

1973 4003 2140 4058 fuisse
2171 4005 2426 4058 arbitror.
2454 4003 2658 4070 Quare,
2691 4003 2734 4058 si
2765 4005 3017 4057 convenit
3037 4005 3143 4060 Deo
3161 4006 3272 4059 tunc
3301 4020 3424 4069 vox,
3457 4022 3558 4060 cur

1970 4099 2112 4150 sicut
2161 4097 2392 4150 alienam
2443 4097 2692 4163 spernis?
2748 4093 2842 4150 Sin
2893 4105 3072 4149 autem
3126 4112 3192 4151 ex
3245 4098 3556 4153 hominibus

1973 4189 2234 4244 translata
2283 4196 2390 4252 est,
2425 4204 2557 4242 sano
2605 4187 2912 4256 signiﬁcatu
2970 4188 3200 4254 delecto,
3236 4190 3358 4260 fuge
3406 4191 3556 4245 dete-

1972 4282 2192 4336 riorem.
2230 4279 2364 4334 Nam
2405 4281 2647 4348 profecto
2679 4280 2730 4332 in
2762 4280 2999 4334 dictione
3035 4296 3154 4348 qua:
3187 4282 3355 4334 multa
3387 4282 3558 4350 signi-

1974 4374 2118 4439 licat,
2149 4387 2270 4425 cum
2315 4372 2380 4424 ad
2417 4382 2614 4424 rectam
2675 4370 2947 4424 notionem
3006 4386 3100 4439 per
3147 4372 3314 4440 ipsam
3366 4386 3553 4425 vocem

282 4461 453 4530 δήπου
483 4462 539 4514 ἐν
573 4460 776 4531 πολυσή
789 4479 872 4531 μῳ
897 4465 962 4532 τῇ
989 4462 1152 4528 λέξει,
1179 4464 1316 4534 πρὸς
1337 4464 1435 4535 τὴν
1463 4463 1631 4534 ὀρθὴν
1657 4463 1862 4517 ἔννοιαν

1972 4463 2234 4516 deductus
2281 4459 2470 4525 fueris,
2515 4460 2644 4514 licet
2685 4460 2942 4514 humilem
2988 4472 3309 4531 turpemque
3355 4461 3556 4515 intelli-

282 4552 614 4622 ὁδηγηθέντα
641 4552 728 4606 διὰ
751 4553 843 4605 τοῦ
869 4555 1130 4624 ῥήματος,
1165 4555 1226 4606 τὸ
1247 4554 1500 4608 ταπεινὸν
1527 4557 1618 4608 καὶ
1640 4556 1862 4625 αἰσχρὸν

281 4645 378 4715 τῆς
409 4643 699 4714 ἐμφάσεως
728 4644 1053 4715 ὑπερϐῆναι.
1097 4647 1207 4698 Καὶ
1252 4648 1323 4717 μή
1360 4664 1449 4717 μοι
1482 4647 1603 4715 λέγε
1625 4665 1636 4676 ·
1679 4646 1776 4710 Τίς
1806 4647 1862 4699 δὲ

354 4824 398 4854 ⁸⁷
431 4822 574 4877 Psal.
603 4838 714 4886 etx,
741 4823 794 4876 3.
873 4821 919 4853 ⁸⁸
943 4821 1085 4876 Psal.
1120 4839 1180 4889 ιι,
1211 4823 1262 4877 7.

355 4976 467 5047 (84)
502 4973 1122 5047 Ειιίιῑεῐναιδεικνύναι.
1176 4978 1396 5032 Veteres
1449 4980 1690 5046 quinque
1741 4978 1864 5033 libri

281 5043 765 5102 οὖσανδεικνύναι.
803 5048 918 5101 Mox
960 5065 1092 5102 mss.
1129 5050 1369 5101 nonnulli
1404 5043 1722 5118 φιλονεικεῖ.

359 5118 472 5187 (85)
509 5118 660 5190 Illud,
703 5119 1055 5190 ἀφαιρεῖται,
1097 5119 1164 5171 ad
1217 5121 1448 5190 verbum
1503 5121 1868 5187 interpretans

282 5189 701 5261 Trapezun_t_ins,
741 5190 820 5243 sic
849 5189 1067 5261 vertit;
1108 5189 1349 5261 genitum
1373 5205 1484 5243 esse
1521 5207 1553 5242 a
1604 5191 1868 5261 genimine

283 5271 524 5313 removet.
561 5257 674 5313 Hoc
703 5272 808 5323 est,
839 5268 991 5327 negot
1032 5259 1153 5326 ﬁeri
1204 5260 1470 5325 potuisse,
1516 5270 1572 5312 ut
1606 5257 1867 5327 'gem'tura

282 5330 458 5398 genita
495 5328 676 5396 fuerit.
709 5328 786 5383 Eo
818 5340 1030 5395 spectat
1056 5339 1163 5384 tota
1190 5327 1371 5382 Basilii
1409 5329 1775 5392 ratiocinatio,
1810 5341 1865 5382 ut

282 5401 816 5470 probethpugnantia
852 5400 998 5468 loqui
1039 5400 1381 5454 Eunomiunt.
1418 5399 1483 5453 Et
1523 5415 1651 5454 vero
1674 5400 1860 5470 “proﬁ-

284 5472 382 5522 teri
418 5468 616 5523 Filiuui
644 5471 948 5536 genituram
976 5485 1115 5533 esse,
1135 5478 1190 5522 et
1227 5478 1406 5524 tamen
1446 5485 1642 5538 negare
1672 5468 1865 5522 Filium

282 5541 522 5610 genitum
555 5539 742 5602 fuisse,
770 5540 898 5608 quid
929 5553 1034 5607 est,
1067 5552 1272 5608 quaeso,
1326 5541 1426 5594 nisi
1461 5541 1754 5610 pugnantia
1788 5541 1868 5594 lo-

281 5609 395 5676 qui,
416 5620 469 5662 et
497 5624 680 5663 secum
713 5627 816 5664 tton
850 5612 1202 5664 consentire?

355 5677 678 5753 (86)»Codex
708 5690 934 5753 uttuset
957 5681 1085 5753 editi
1249 5683 1560 5753 μεταφορᾶς
1591 5679 1863 5750 εἰρῆσθαι.

280 5746 491 5818 Reliqui
525 5766 618 5806 sex
652 5767 780 5805 mss.
818 5749 1088 5818 λέγεσθαι.
1136 5746 1260 5806 Mox‘
1295 5746 1490 5821 legitur
1529 5754 1580 5806 in
1635 5746 1866 5820 vulgatis

1970 4557 2208 4626 gentiam
2255 4555 2555 4624 praeterire.
2600 4553 2709 4607 Nec
2754 4555 2885 4606 milii
2923 4553 3070 4606 dicas
3104 4569 3119 4606 :
3152 4552 3281 4618 Qum
3314 4567 3442 4607 vero
3472 4563 3555 4607 est

1973 4647 2274 4717 generatio,
2311 4655 2363 4700 et
2399 4645 2597 4714 qualis,
2630 4654 2686 4702 et
2713 4644 2984 4714 quomodo
3028 4644 3144 4698 ﬁeri
3185 4643 3402 4714 potuit?
3437 4643 3552 4698 Non

1967 4980 2016 5030 εἰ
2065 4977 2246 5030 τοίνυν
2285 4995 2298 5029 :
2342 4976 2435 5030 sed
2493 4990 2589 5040 pro
2634 4974 2686 5027 si
2734 4973 2914 5025 τοίνυν
2961 4973 3222 5040 scriptum
3261 4972 3314 5026 in
3353 4972 3554 5028 nostris

1967 5058 2174 5116 septem
2216 5045 2498 5102 codicibus
2535 5045 2962 5116 iuvettitntts'ﬂ;
2988 5042 3195 5116 τορυν.

2041 5108 2154 5184 (87)
2193 5117 2421 5171 Codices
2465 5115 2670 5181 aliquot
2721 5115 2874 5182 παρὰ
2919 5112 3014 5184 τοῦ
3055 5110 3395 5181 Πνεύματος.
3433 5108 3551 5165 Vox

1968 5188 2185 5257 αὐτῆς,
2242 5203 2362 5257 qua:
2425 5185 2606 5239 statim
2668 5187 2954 5251 sequitur,
3001 5183 3058 5236 in
3104 5185 3349 5252 quinque
3413 5198 3544 5236 mss.

1967 5261 2140 5312 deest.
2204 5269 2209 5274 '

2040 5328 2151 5394 (88)
2192 5325 2315 5380 Ilaec
2343 5325 2555 5379 diverse
2612 5325 2664 5376 in
2703 5323 2936 5377 diversis
2963 5323 3388 5394 distinguuntur.
3415 5319 3549 5373 Nam

1974 5399 2026 5450 in
2059 5393 2288 5465 vulgatis
2326 5406 2382 5451 et
2421 5396 2472 5448 in
2524 5410 2631 5447 uno
2660 5393 2849 5447 codice
2879 5393 3081 5465 virgula
3122 5393 3291 5465 posita
3329 5401 3414 5465 est
3463 5407 3552 5443 SU-

1972 5468 2078 5522 Innt
2133 5461 2251 5534 piost
2281 5482 2466 5521 vocem
2504 5466 2792 5534 χρήσεωςε
2827 5472 2882 5516 at
2929 5461 2983 5516 in
3007 5461 3187 5534 Regiis
3213 5463 3452 5534 secundo
3499 5473 3554 5534 et

1971 5531 2166 5606 quarto
2201 5535 2409 5605 virgula
2435 5531 2615 5588 statim
2643 5545 2764 5602 post
2786 5535 3007 5606 verbum
3033 5531 3414 5602 ἁπαλείψομεν
3443 5532 3554 5586 col-

1972 5604 2204 5663 locatur.
2244 5604 2477 5660 Primam
2509 5604 2872 5672 distinguendi
2920 5608 3184 5656 rationem
3222 5615 3442 5657 secutus
3468 5609 3556 5661 est.

1972 5680 2239 5744 interpres
2264 5687 2418 5730 vetns
2447 5691 2459 5727 :
2496 5691 2593 5727 nos
2616 5675 2996 5742 posteriorem.

2045 5741 2155 5818 (89)
2199 5747 2420 5803 Veteres
2445 5741 2649 5813 aliquot
2684 5744 2802 5799 libri
2857 5741 3303 5797 ἐναντιώσασθαι.
