3956 6216
436 285 543 343 (ιρῖ

433 405 580 461 enim
610 407 866 477 quoniam
913 408 1138 464 omnino
1186 406 1474 465 ineffabilis
1522 408 1714 465 modus
1746 419 1829 464 est
1868 418 2030 477 atque
2061 414 2103 468 Α

437 498 1026 568 incomprehensibilis,
1058 501 1317 556 continuo
1348 502 1516 556 etiam
1552 502 1761 555 [inuam
1803 514 1869 554 ac
1912 510 2026 555 sta-

439 587 601 644 bilem
632 590 685 645 in
716 590 931 648 Patrem
978 601 1033 648 et
1055 592 1249 651 Filium
1280 593 1438 649 fidem
1488 592 1830 663 ahjiciemus.
1866 590 2025 653 Nam,

439 680 486 734 si
537 680 895 753 intelligentia
941 694 1125 740 nostra
1160 684 1491 742 voluerimus
1524 684 1702 740 metiri
1739 684 1943 745 omnia,
1974 694 2027 737 et

440 772 585 839 quod
630 784 812 829 mente
860 775 977 843 capi
1030 790 1137 831 non
1191 783 1384 846 potest,
1421 775 1473 830 id
1513 774 1767 833 arbitrari
1807 774 2029 828 omnino

445 878 551 917 non
595 879 738 930 esse,
768 867 967 935 peribit
1017 867 1164 932 ﬁdei,
1199 868 1395 936 peribit
1443 867 1558 937 spei
1613 880 1841 920 merces.
1887 864 2030 931 Quo-

445 957 606 1013 modo
636 969 817 1017 autem
849 959 1112 1017 fuerimus
1143 961 1373 1030 amplius
1406 960 1553 1030 digni
1580 957 2028 1021 beatitudinibus,

444 1063 566 1121 qua:
594 1051 646 1105 iu
680 1051 789 1108 ﬁde
817 1068 996 1109 rerum
1032 1069 1141 1111 non
1185 1053 1560 1123 apparentium
1592 1053 1845 1118 reposita:
1880 1060 2027 1115 sunt,

443 1142 490 1201 si
521 1142 678 1214 261
714 1144 780 1197 iis
810 1145 942 1199 solis
966 1161 1088 1215 quae
1123 1147 1318 1200 rationi
1365 1146 1631 1200 evidentia
1678 1152 1823 1207 sunt,
1871 1144 2029 1198 Iidem

449 1233 745 1291 habemus?
779 1235 928 1291 Unde
961 1251 1113 1291 vana:
1160 1236 1317 1291 factm
1370 1246 1494 1291 sunt
1541 1246 1753 1305 gentes,
1786 1245 1841 1290 et
1889 1246 2034 1290 tene-

449 1324 562 1381 bris
612 1326 900 1382 obductum
945 1338 1030 1383 est
1085 1328 1324 1383 insciens
1361 1342 1456 1383 cor
1494 1342 1680 1382 eorum
1712 1328 1795 1381 θοι
1822 1327 2028 1394 Nonne,

447 1418 707 1486 quoniam
741 1418 868 1473 dttm
901 1435 967 1474 ea
1004 1430 1325 1488 sequuntur,
1356 1433 1476 1488 qua:
1526 1420 1723 1474 rationi
1764 1419 2034 1472 verisimi-

448 1508 518 1562 lia
550 1508 827 1572 videnlur,
859 1511 1227 1578 prmdicatioui
1264 1512 1502 1579 Spiritus
1535 1510 1692 1564 [idem
1740 1525 1845 1564 non
1878 1491 2034 1564 adhi-

448 1599 623 1655 bent?
663 1600 811 1667 Quos
870 1611 1048 1655 autem
1094 1601 1263 1655 Isaias
1328 1610 1388 1654 ut
1449 1600 1692 1669 perditos
1751 1598 2033 1669 deplorat?

457 1693 551 1748 Vae
593 1694 917 1764 sapientibus
964 1694 1017 1748 in
1062 1696 1269 1761 seipsis,
1301 1705 1349 1748 et
1385 1709 1562 1747 coram
1605 1693 1790 1762 scipsis
1820 1692 2035 1747 scienti-

1762 293 1821 352 S.
1864 293 2115 349 BASILII
2157 292 2376 349 MACNI

3675 280 3795 337 623

2136 409 2169 475 ἡ
2198 407 2487 477 γέννησις;
2534 403 2629 458 καὶ
2653 405 2903 474 ποταπή;
2936 402 3030 456 καὶ
3068 401 3187 465 πῶς
3217 401 3287 455 ἂν
3323 401 3554 469 γένοινο
3584 400 3795 471 aii-:1];

2136 499 2210 552 Οὐ
2258 497 2386 569 γάρ,
2425 495 2613 567 ἐπειδὴ
2647 497 2676 548 ὀ
2706 495 2906 566 τρόπος
2951 493 3192 566 ἄῤῥητος
3237 495 3335 548 καὶ
3373 494 3798 564 ἀπερινόητος

2136 590 2442 654 παντελῶς,
2491 591 2593 662 ἤδη
2626 589 2720 644 καὶ
2766 589 2829 642 τὸ
2876 588 3072 657 πάγιον
3108 589 3207 659 τῆς
3261 589 3347 651 εἰς
3392 586 3655 657 Πατέρα
3691 591 3794 640 καὶ

2136 686 2264 740 Υίὸν
2297 685 2534 747 πίστεως
2577 683 2941 755 ὲκὸαλοῦμεν.
2978 684 3042 736 Εἰ
3083 681 3193 753 γὰρ
3228 680 3539 752 μέλλοιμεν
3574 681 3791 734 πάντα

2135 780 2201 849 τῇ
2244 776 2545 848 καταλήψει
2583 779 2823 850 μετρεῖν,
2863 776 2959 830 καὶ
2992 776 3055 829 τὸ
3086 778 3200 838 τοῖς
3228 775 3528 845 λογισμοῖς
3556 774 3789 844 ἀπερί-

2136 867 2339 938 ληπτον
2367 869 2504 939 μηδὲ
2533 863 2674 922 εἶναι
2696 869 2761 922 τὸ
2781 869 3045 939 παράπαν
3070 867 3519 937 ὑπολαμϐάνειν,
3536 868 3683 936 οἰχή
3694 883 3789 919 σε-

2135 975 2226 1011 ται
2258 960 2357 1030 μὲν
2381 958 2490 1031 (90)
2522 961 2553 1012 ὀ
2573 959 2674 1029 τῆς
2700 960 2957 1024 πίστεως,
2987 960 3269 1030 οἰχήσεται
3295 960 3353 1012 δὲ
3384 960 3415 1011 ὀ
3457 960 3572 1029 τῆς
3608 958 3790 1011 ἐλπί-

2135 1055 2226 1118 δος
2263 1053 2475 1125 μισθός.
2505 1052 2631 1117 Πῶς
2672 1053 2717 1106 δ’
2744 1052 2810 1106 ἂν
2838 1052 3032 1123 εἴημεν
3067 1052 3147 1105 ἔτι
3191 1052 3303 1107 τῶν
3368 1052 3787 1123 μακαρισμῶν

2138 1146 2299 1212 ἄξιοι.
2329 1145 2439 1199 τῶν
2482 1146 2578 1198 ἐπὶ
2613 1147 2677 1216 τῇ
2708 1146 2889 1198 πίστει
2912 1143 3020 1197 τῶν
3043 1144 3293 1216 ἀοράτων
3326 1144 3783 1215 ἀποκειμένων,

2137 1241 2186 1293 oi
2239 1239 2421 1310 μόνοις
2453 1239 2566 1300 τοῖς
2594 1235 2737 1290 κατά
2772 1236 3031 1307 λογισμὸν
3086 1235 3345 1307 ἐναργέσι
3383 1234 3784 1307 πειθόμενοι;

2138 1330 2312 1385 Πόθεν
2339 1328 2655 1402 ὲματαιώθη
2683 1330 2752 1383 τά
2782 1329 2931 1400 ἔθνη,
2960 1330 3056 1383 καὶ
3086 1328 3378 1399 ἐσκοτίσθη
3412 1333 3447 1400 ἠ
3486 1328 3787 1390 ἀσύνετος

2139 1421 2321 1476 αὐτῶν
2350 1421 2547 1492 καρδία
2573 1437 2587 1485 ;
2611 1420 2723 1473 Οὐκ
2739 1419 2926 1490 ἐπειδὴ
2950 1422 3059 1483 τοῖς
3085 1422 3148 1473 ὲκ
3171 1419 3280 1473 τῶν
3311 1419 3618 1490 λογισμῶν
3656 1419 3785 1486 (9U

2140 1512 2488 1582 φαινομένοις
2515 1510 2955 1574 ἀκολουθοῦντες,
2987 1510 3065 1581 τῷ
3087 1511 3408 1583 κηρύγματι
3445 1510 3556 1563 τοῦ
3582 1512 3786 1564 Πνεῦ-

2143 1622 2312 1676 ματος
2347 1603 2668 1668 ἀπειθοῦσι;
2705 1604 2871 1668 Τίνας
2908 1604 2965 1657 δὲ
3008 1604 3036 1655 ὀ
3075 1604 3303 1665 Ἡσαΐας
3342 1602 3426 1667 ὡς
3471 1603 3777 1656 ἀπολωλέ-

2137 1714 2237 1760 τας
2271 1695 2551 1768 ὀδύρεταις
2593 1695 2742 1750 Οὐαί
2776 1698 2832 1749 οἱ
2873 1696 3053 1764 σοφοί
3081 1696 3151 1750 ἐν
3179 1695 3422 1762 ἑαυτοῖς
3474 1696 3630 1767 (92),
3672 1699 3779 1751 καί

448 1785 544 1840 bu:
574 1786 642 1841 ’°.
693 1784 882 1841 Nonne
930 1787 1074 1841 hos?
1118 1785 1299 1843 Multis
1340 1785 1508 1855 igitur
1531 1800 1596 1839 ex
1638 1785 1705 1840 iis
1726 1800 1847 1853 qua:
1875 1784 2040 1838 inter—

2154 1787 2399 1841 ἐνώπιον
2433 1786 2633 1841 αὐτῶν
2674 1786 3095 1856 ἐπιστήμονες.
3148 1789 3225 1840 Οὐ
3258 1788 3388 1851 τοὺς
3427 1787 3774 1851 τοιούτουςς

456 1877 637 1937 media
689 1888 838 1941 sunt,
874 1879 1275 1945 praetermissis,
1320 1887 1431 1931 tum
1483 1877 1550 1931 iis
1601 1877 1801 1946 quibus
1855 1886 2040 1945 aperte

452 1968 965 2024 aliirmavitFilium
997 1970 1238 2040 genitum
1286 1985 1396 2023 non
1430 1967 1621 2033 fuisse,
1651 1977 1763 2022 tum
1812 1968 1878 2022 iis
1920 1983 2041 2037 qua:

454 2062 754 2119 artiﬁciose
781 2064 1132 2133 excogitavit,
1165 2062 1268 2119 hoc
1300 2071 1368 2135 ιιι¹
1398 2062 1663 2124 obtineat,
1693 2059 2038 2130 Unigenitum

453 2151 667 2207 scilicet
709 2160 1014 2208 creaturam
1060 2167 1124 2206 ac
1167 2148 1434 2205 iacturam
1477 2164 1623 2214 esse,
1656 2150 1721 2204 ad
1771 2149 2038 2218 praecipua

456 2243 758 2313 impietatis
820 2244 996 2313 capita
1059 2256 1147 2296 me
1203 2252 1539 2306 convertam,
1579 2240 1625 2295 si
1674 2240 1828 2311 prius
1864 2239 1931 2292 de
1975 2239 2040 2293 iis

452 2348 573 2403 qua:
605 2334 810 2389 omissa
860 2343 1006 2396 sunt,
1038 2333 1142 2391 hoc
1192 2333 1367 2387 solum
1416 2341 1676 2387 uotavero
1701 2332 1844 2401 quod
1875 2345 2037 2401 quam

452 2425 507 2478 in
564 2434 905 2480 antecessum
964 2424 1140 2492 reipsa
1199 2422 1548 2485 concinnavit
1605 2421 2039 2491 blasphemiam,

452 2516 592 2571 hanc
635 2515 803 2571 verbo
851 2517 1145 2585 obtegere,
1206 2516 1589 2585 sermonisque
1648 2514 2038 2587 impudentiam

453 2607 701 2670 delinire,
731 2621 853 2661 cum
887 2607 1069 2672 vel'let,
1094 2622 1199 2661 non
1232 2621 1574 2663 communem
1605 2604 1783 2659 facere
1812 2619 1872 2660 se
1905 2605 2041 2658 dixit

452 2697 719 2753 creaturis
763 2697 1131 2767 Unigenitum,
1169 2713 1393 2753 suorum
1446 2699 1676 2766 ipsemet
1728 2699 2039 2765 dogmatum

452 2791 675 2858 oblitus,
697 2805 819 2861 quae
860 2792 914 2846 in
961 2791 1332 2861 superioribus
1372 2789 1521 2845 clara
1566 2805 1631 2844 ac
1679 2800 1865 2857 aperta
1909 2804 2041 2843 vocc

450 2883 778 2954 exponebat.
837 2888 881 2940 A
941 2884 1140 2954 quibus
1196 2899 1387 2938 rursus
1440 2884 1495 2937 in
1559 2882 1925 2953 impudentem
1977 2898 2041 2937 ac

457 2974 955 3033 inanitestissimam
1004 2974 1422 3044 repugnantiam
1471 2972 1682 3027 incidit.
1716 2971 1809 3026 Sic
1859 2983 2039 3027 autem

455 3072 647 3127 scribit
675 3092 688 3127 :

526 3163 663 3219 Eunt.
705 3162 878 3217 Nemo
928 3170 1110 3216 autem
1162 3177 1284 3216 cum
1342 3161 1539 3216 Filiqu
1592 3160 1859 3214 facturam
1918 3174 2041 3238 esse

455 3257 630 3322 audit,
664 3255 891 3309 moleste
937 3254 1093 3318 ferat,
1131 3255 1286 3323 quasi
1336 3255 1615 3309 nominum
1652 3253 2046 3308 communitate

457 3347 763 3403 communis
792 3346 888 3401 ﬁat
921 3347 1241 3402 substantia.

534 3439 660 3494 Bas.
701 3439 985 3507 Quomodo
1032 3439 1217 3508 igitur,
1265 3454 1298 3492 ο
1342 3438 1765 3508 sapientissime,
1814 3438 1860 3495 si
1915 3438 2046 3491 sub-

458 3533 678 3587 stantia;
723 3531 1014 3586 diversitas
1059 3531 1429 3586 diversitatem
1476 3532 1756 3585 nominum
1802 3546 2049 3584 necessa-

462 3625 544 3680 rio
577 3625 828 3695 sequitur
856 3625 1232 3694 (recordamur
1257 3626 1401 3679 enim
1434 3633 1485 3678 te
1520 3625 1636 3679 hare
1665 3625 1718 3677 in
1747 3625 2051 3692 superiori-_

462 3720 562 3771 lms
588 3716 999 3790 pertractasse),
1032 3732 1140 3771 non
1172 3731 1314 3771 nunc
1341 3716 1654 3773 substantia:
1680 3717 2047 3771 communitas

460 3810 906 3864 communitatem
966 3809 1248 3864 nominum
1304 3809 1603 3878 sequetur?
1656 3806 1842 3877 Neque
1902 3808 2045 3861 enim

460 3903 651 3970 semel,
681 3920 854 3974 neque
885 3904 1063 3959 obiter
1092 3905 1176 3958 his
1211 3903 1391 3958 verbis
1431 3918 1562 3957 usus
1611 3901 1781 3957 fuisse
1826 3916 2047 3970 compe-

464 3994 627 4049 ritur.
658 3993 863 4049 Deinde
904 4005 960 4049 et
1003 4009 1166 4061 nunc,
1191 3994 1345 4063 quasi
1373 3993 1523 4048 illum
1550 4008 1737 4048 eorum
1770 4007 1889 4061 quae
1915 3992 2053 4047 dixit

460 4083 838 4151 paenituisset,
899 4086 1042 4153 quod
1118 4084 1397 4138 nominum
1454 4082 1877 4138 communicatio
1944 4096 2051 4136 non

462 4189 780 4230 communes
826 4176 992 4230 etiam
1040 4175 1208 4230 faciat
1257 4162 1616 4238 substantias,
1655 4190 1846 4229 rursus
1894 4174 2052 4245 paulo

465 4277 607 4340 post,
639 4269 982 4325 adversarios
1012 4284 1140 4325 suos
1169 4269 1486 4341 obiurgans,
1522 4268 1610 4322 illa
1643 4268 1872 4324 inducit.

2068 3127 2108 3183 C

533 4475 578 4506 ”
606 4475 760 4530 Rom.
794 4491 833 4544 ι,
862 4474 954 4530 21.
1031 4476 1076 4509 '°
1105 4475 1211 4534 Isa.
1245 4493 1301 4543 v,
1329 4477 1420 4534 2|.

546 4678 648 4752 (E10)
672 4678 897 4735 Codices
931 4681 1037 4752 duo
1068 4680 1168 4752 μὲν
1194 4681 1351 4752 ἡμῖν.

548 4751 650 4821 (9-1)
681 4752 860 4806 Codex
915 4748 1080 4805 Coll).
1096 4751 1176 4821 τῷ
1218 4748 1496 4821 λογισμῷ,
1534 4749 1676 4805 haud
1711 4750 1872 4804 male.
1902 4748 2045 4803 Editi

461 4833 519 4876 et
550 4820 679 4875 mss.
711 4837 815 4875 non
851 4823 1005 4890 pauci
1032 4824 1098 4875 ὲκ
1118 4820 1227 4875 τῶν
1255 4820 1553 4890 λογισμῶν.

539 4891 652 4959 (92)
683 4892 819 4945 Editi
850 4889 904 4944 et
932 4890 1068 4961 Reg.
1109 4894 1331 4962 quintus
1358 4889 1426 4942 ἐν
1457 4891 1711 4962 ἑαυτοῖς,
1724 4892 1788 4962 in
1811 4889 2042 4962 δειράς,

464 4973 519 5016 et
552 4966 621 5014 ita
658 4976 873 5030 quoque
896 4960 1101 5016 editum
1127 4960 1414 5016 invenitur
1443 4963 1583 5030 apud
1625 4960 1791 5023 LXX.
1816 4961 1919 5015 Alii
1951 4976 2046 5014 sex

467 5049 598 5086 mss.
635 5033 763 5103 παρ’
786 5033 1022 5103 ἑαυτοῖς,
1058 5035 1202 5098 apud
1228 5049 1281 5086 se
1301 5034 1461 5103 ipsos.
1588 5082 1594 5089 ,

539 5101 1271 5175 (95)Ει)ἰιίγπαραδεχϐἧναιί
1300 5101 1451 5175 αὑτόΪ
1489 5103 1709 5175 Antiqui
1759 5101 1883 5158 libri
1930 5114 2048 5175 0m-

470 5172 566 5227 nes
614 5172 786 5244 αὐτῷ.
840 5172 949 5229 Nec
1011 5172 1398 5236 omitiendnm,
1438 5172 1540 5241 legi
1590 5174 1747 5243 paulo
1800 5181 1928 5228 ante
1993 5172 2046 5223 in

467 5245 738 5309 aliquibus
766 5260 897 5299 mss.
926 5244 1233 5299 διετείνετο.

542 5316 655 5385 (94)
679 5316 820 5370 Editi
870 5326 923 5370 et
947 5316 1054 5370 duo
1090 5331 1218 5369 mss.
1252 5316 1413 5386 μόνον
1449 5334 1562 5380 τοις
1610 5312 1999 5386 παρατεθεῖσιν
2031 5323 2046 5363 :

473 5384 633 5450 quam
688 5387 979 5440 lectionem
1034 5384 1263 5440 secutus
1322 5387 1644 5450 Carnarius,
1695 5384 1782 5439 ita
1831 5384 2042 5438 vertit:

473 5456 577 5509 Ubi
629 5458 724 5510 hoc
772 5458 943 5511 solum
985 5457 1242 5526 appositis
1276 5457 1566 5515 addidero.
1613 5473 1676 5509 ac
1724 5455 2045 5526 indicauero.

474 5526 839 5600 Nimiumque
872 5543 1004 5582 mss.
1039 5526 1199 5597 μόνον
1242 5531 1358 5590 τοῖς
1407 5528 1745 5600 παρεθείσιν,
1777 5536 1832 5579 et
1858 5525 2049 5600 [tale-1

477 5597 553 5666 git
582 5593 995 5664 Trnpeiuntius,
1026 5593 1150 5649 cum
1174 5600 1244 5651 ita
1276 5593 1667 5666 interpretatus
1695 5597 1766 5651 sit
1803 5613 1816 5649 :
1864 5593 1962 5648 Ubi
1996 5593 2051 5646 id

477 5665 645 5716 solum
667 5668 1077 5737 eprmtermissis
1110 5668 1385 5737 collegero.
1408 5698 1476 5707 -—
1499 5668 1807 5733 Legendum
1836 5667 2049 5737 videtur

480 5736 883 5803 παρατεοεῐσιν.
945 5738 1078 5794 lllud
1138 5736 1279 5793 enim
1332 5738 1817 5809 ἐπισημηνάμενος
1850 5736 2051 5803 ειΙίψιίιΙ

2142 1880 2319 1935 Πολλά
2358 1881 2539 1934 τοίνυν
2566 1879 2814 1951 ὑπερϐὰς
2840 1880 2950 1933 τῶν
2974 1882 3032 1934 ὲν
3057 1879 3229 1951 μέσῳ,
3262 1880 3365 1933 ὅσα
3393 1897 3455 1934 τε
3490 1883 3639 1952 περὶ
3674 1880 3773 1933 τοῦ

2145 1975 2220 2046 μὴ
2245 1974 2604 2044 γεγεννῆσθαι
2634 1974 2725 2027 τὸν
2748 1972 2878 2026 Υίδν
2908 1976 2972 2026 ὲκ
3003 1972 3098 2026 τοῦ
3130 1972 3453 2044 προφανοῦς
3482 1972 3767 2026 διετεξνα-

2140 2085 2221 2132 το,
2268 2068 2363 2121 καὶ
2407 2068 2511 2121 ὃσα
2552 2067 2681 2138 περὶ
2722 2066 2817 2119 τοῦ
2878 2066 3285 2137 παραδεχθῆναι
3333 2065 3499 2137 αὐτῷ
3544 2066 3673 2137 (93)
3707 2065 3769 2119 τὸ

2142 2162 2350 2232 κτίσμα
2385 2156 2528 2213 εἶναι
2563 2159 2660 2212 καὶ
2688 2158 2901 2231 ποίημα
2936 2159 3029 2212 τὸν
3056 2158 3335 2228 Μονογενῆ
3384 2158 3763 2229 ὲτεχνάσατο,

2140 2253 2231 2305 ἐπὶ
2262 2252 2331 2305 τά
2363 2250 2702 2323 καιριώτατα
2731 2252 2830 2321 τῆς
2863 2250 3120 2313 ἀσεϐείας
3152 2250 3456 2321 τρέψομαι,
3488 2251 3761 2305 τοσοῦτον

2145 2345 2304 2414 μόνον
2351 2346 2464 2407 τοῖς
2507 2342 2825 2414 παρεθεῖσιν
2855 2342 2967 2413 (94)
3002 2343 3527 2414 ἐπισημηνάμενος,
3566 2345 3658 2398 ὅτι
3695 2346 3761 2414 ἦν

2142 2432 2428 2503 προλαϐὼν
2456 2432 2535 2503 τῷ
2559 2432 2706 2505 ἔργῳ
2733 2433 3106 2486 κατεσκεύασε
3137 2431 3523 2504 βλασφημίαν,
3548 2435 3761 2505 ταύτην

2144 2521 2426 2593 βουληθεὶς
2455 2522 2774 2576 ὲπισκιάσαι
2802 2521 2883 2593 τῷ
2908 2523 3137 2594 ῥήματι,
3167 2522 3264 2579 καὶ
3296 2523 3360 2576 τὸ
3397 2524 3634 2589 ἀναιδὲς
3660 2528 3752 2578 τοῦ

2141 2616 2301 2683 λόγου
2346 2615 2757 2684 καταπραῧναι,
2799 2614 2905 2685 ἔφη
2955 2617 3279 2668 κοινοποιεὶν
3324 2616 3421 2670 τὸν
3460 2618 3753 2687 Μονογενῆ

2142 2708 2280 2777 πρὸς
2308 2707 2404 2777 τὴν
2430 2707 2628 2773 κτίσιν,
2661 2705 3048 2777 ἐπιλαθόμενος
3077 2706 3241 2770 αὐτὸς
3266 2707 3383 2776 (95)
3406 2707 3527 2761 τῶν
3558 2711 3755 2763 ἑαυτιῦ

2142 2800 2452 2870 δογμάτων,
2485 2797 2522 2852 ἃ
2549 2800 2607 2851 ὲν
2637 2801 2749 2861 τοῖς
2773 2799 3003 2853 κατόπιν
3036 2798 3219 2867 λόγοις
3252 2803 3442 2871 γυμνῇ
3476 2802 3584 2854 καὶ
3613 2803 3754 2855 ἀπα-

2146 2892 2480 2965 ρακαλύπτῳ
2499 2894 2566 2963 τῇ
2599 2896 2750 2964 φωνῇ
2786 2891 3072 2958 ἐξετίθετο.
3108 2893 3230 2962 Ὑφ’
3255 2887 3332 2947 ὧν
3358 2893 3477 2963 (96)
3508 2896 3754 2966 πρδςάπε-

2141 2986 2430 3056 αίσχυντον
2477 2985 2640 3039 πάλιν
2682 2986 2776 3040 καὶ
2826 2986 3301 3058 περιφανεστάτην
3338 2988 3753 3056 ὲναντιολογίαν

2142 3077 2389 3136 ἐξέπεσε.
2413 3078 2620 3150 Γράφει
2649 3078 2707 3131 δὲ
2739 3079 2912 3142 οὕτως
2930 3096 2944 3109 ·

2215 3172 2373 3226 ΕΥΝ.
2415 3171 2620 3242 Μηδεὶς
2644 3170 2724 3233 δὲ,
2763 3172 2857 3226 τὸν
2883 3173 3011 3226 Υίὸν
3043 3172 3260 3229 ἀκούων
3281 3174 3409 3244 ποίη
3421 3192 3526 3245 μα,
3564 3176 3751 3246 δυσχε-

2147 3262 2393 3333 ραινέτω,
2417 3260 2493 3325 ὡς
2523 3264 3001 3335 κοινοποιουμένης
3027 3264 3128 3334 τῆς
3151 3264 3340 3328 οὐσίας
3368 3266 3483 3319 ὑπὸ
3508 3268 3622 3338 τῆς
3647 3270 3755 3321 τῶν

2145 3355 2424 3423 ὀνομάτων
2459 3353 2764 3416 κοινωνίας.

2218 3446 2363 3499 ΒᾹΣ.
2403 3445 2528 3509 Πῶς
2581 3442 2696 3506 οὖν,
2731 3442 2777 3499 ὧ
2810 3447 3112 3515 σοφώτατε.
3161 3449 3213 3517 εξ
3253 3451 3321 3520 τῇ
3347 3449 3601 3523 διαφορᾷ
3648 3453 3753 3505 τῶν

2146 3540 2428 3609 ὀνομάτων
2458 3539 2519 3591 τὸ
2548 3540 3003 3611 παρηλλαγμένον
3044 3541 3146 3611 τῆς
3182 3542 3371 3605 οὐσίας
3403 3542 3469 3607 ἐξ
3501 3545 3754 3615 ἀνάγκης

2141 3631 2334 3684 ἕπεται
2360 3631 2713 3702 (μεμνήμεθα
2735 3633 2806 3700 γά
2815 3651 2846 3704 ρ
2873 3634 3046 3703 δήπου
3072 3636 3129 3686 ὲν
3148 3637 3263 3697 τοῖς
3283 3634 3397 3687 ἄνω
3419 3635 3619 3703 λόγοις
3645 3637 3755 3705 (97)

2144 3720 2315 3774 ταῦτα
2333 3719 2672 3788 διεξιόντος),
2695 3724 2818 3792 οὐχὶ
2841 3722 2938 3775 νῦν
2964 3726 3030 3794 τῇ
3054 3724 3308 3795 κοινωνίᾳ
3321 3724 3433 3777 τῶν
3463 3726 3775 3797 ὀνομάτων-

2144 3809 2205 3862 τὸ
2245 3810 2423 3862 κοινὴν
2454 3810 2555 3879 τῆς
2591 3811 2781 3875 οὐσίας
2824 3811 3208 3882 ἀκολουθήσεις
3260 3812 3398 3865 Οὐδὲ
3430 3814 3551 3886 γὰρ
3587 3816 3752 3881 ἅπαξ,

2145 3901 2266 3954 οὐδὲ
2302 3903 2366 3954 ἐκ
2399 3902 2676 3975 παρέργου
2720 3903 2907 3956 τοῦτον
2945 3904 3038 3956 τὸν
3081 3903 3239 3973 λόγον
3271 3907 3754 3979 παραφθεγξάμε-

2150 4010 2242 4056 νος
2289 3994 2560 4055 φαίνεται.
2611 3994 2765 4047 Ἐπεὶ
2798 3996 2893 4048 καὶ
2927 3994 3020 4047 νῦν
3052 3995 3235 4061 εὐθὺς,
3272 3997 3467 4069 ῶσπερ
3509 4016 3755 4072 μεταμε-

2151 4081 2336 4153 ληθεὶς
2365 4083 2449 4152 ἐφ’
2479 4078 2561 4147 οἷς
2598 4083 2841 4157 εἴρηκεν,
2870 4087 2953 4138 ὅτι
2984 4089 3016 4156 ἡ
3043 4085 3154 4138 τῶν
3173 4086 3461 4159 ὀνομάτων
3491 4093 3754 4144 κοινωνία

2151 4175 2210 4228 οὐ
2276 4176 2643 4246 κοινοποιήσει
2707 4179 2801 4230 καὶ
2867 4176 2967 4240 τὰς
3020 4177 3247 4242 οὐσίας,
3316 4177 3485 4232 πάλιν
3553 4183 3756 4250 ἐπάγει

2154 4268 2310 4338 μετὰ·
2332 4267 2547 4341 μικρὸν,
2590 4268 2709 4335 τῶν
2739 4268 3254 4339 ἁντιδιατιθεμένων
3294 4271 3451 4341 αὐτῷ
3484 4273 3757 4327 καθαπτὲ-

2157 4377 2317 4430 μενος

2081 4662 2125 4716 D
2153 4677 2274 4731 addi
2305 4675 2564 4741 ostendit,
2593 4689 2658 4729 ac
2699 4675 2926 4744 proinde
2952 4691 3054 4727 non
3086 4675 3152 4727 iis
3189 4673 3311 4727 addi
3344 4688 3468 4741 quae
3507 4687 3747 4742 praeter-

2155 4747 2533 4808 mittcbantnr,
2571 4749 2664 4800 sed
2728 4747 2793 4799 iis
2849 4761 2968 4813 qua:
3013 4745 3126 4815 jam
3158 4744 3305 4797 dicta
3362 4744 3606 4800 fuerant.
3642 4748 3756 4803 Ms-

2155 4834 2280 4872 BAN.

2231 4886 2343 4954 t95)
2371 4886 2600 4942 Codices
2634 4899 2738 4940 non
2774 4886 2928 4952 pauci
2965 4883 3357 4954 ἐπιλαθόμενος
3398 4884 3597 4948 αὑτός.
3636 4888 3752 4946 Vox

2148 4959 2315 5020 αὑτός
2349 4959 2398 5009 in
2435 4957 2656 5011 excusis
2694 4955 3128 5011 desiderabatur.

2154 5094 2179 5117 τ
2221 5016 2330 5097 (96)
2391 5028 2612 5096 Antiqui
2673 5039 2881 5096 septem
2937 5025 3060 5079 libri
3122 5025 3214 5094 ὑφ’
3261 5016 3359 5083 ὧν.
3423 5025 3578 5083 Editi
3653 5033 3748 5101 ἀφ’

2145 5119 2239 5155 ων..

2219 5169 2331 5238 (97)
2362 5168 2487 5224 Post
2524 5183 2711 5222 vocem
2749 5168 2930 5235 λόγοις
2960 5165 3205 5220 additum
3230 5166 3510 5221 invenitur
3542 5169 3598 5224 in
3635 5173 3747 5225 edi-

2149 5243 2294 5312 tione
2316 5239 2611 5312 Parisiensi
2647 5247 2702 5312 e_t
2736 5238 2954 5312 inlitas.
2990 5238 3231 5312 secundo
3264 5239 3324 5312 ὲν
3368 5240 3436 5312 τῇ
3467 5239 3621 5312 ἀρχῇ
3656 5244 3745 5295 τοῦ

2150 5310 2419 5382 παρόντος
2447 5309 2627 5382 λόγου.
2655 5308 2762 5382 Sed
2788 5309 2938 5382 idem
2967 5307 3148 5382 sentio
3177 5306 3320 5382 quod
3350 5306 3436 5361 vir
3482 5306 3746 5368 (locassi-

2148 5377 2270 5436 nnis
2300 5381 2551 5439 Dircaeus,
2581 5381 2684 5434 hoc
2712 5378 2965 5431 videlicet
2998 5378 3145 5431 inter
3186 5377 3520 5445 glossemata
3560 5395 3746 5437 recen-

2148 5453 2264 5530 seri
2293 5452 2487 5530 meri-to
2512 5463 2692 5530 posse.
2723 5447 2857 5501 Nam
2885 5457 3275 5530 praeterquam.
3295 5449 3437 5528 quod
3466 5449 3591 5508 hac
3628 5468 3744 5530 νςτ.

2146 5526 2213 5577 ha
2253 5523 2305 5575 in
2339 5516 2564 5589 reliquis
2602 5534 2693 5573 sex
2730 5534 2860 5571 mss.
2918 5520 3139 5581 desunt,
3198 5516 3438 5589 arbitror
3484 5524 3741 5577 caecutire

2150 5594 2240 5663 qni
2273 5607 2379 5644 non
2417 5588 2883 5663 videt_addita_ea_
2902 5592 3023 5663 esse
3046 5602 3117 5663 _eo
3140 5588 3371 5663 consilio
3402 5598 3461 5663 ut
3495 5605 3740 5663 tnonere-

2155 5657 2306 5733 t'nnr.
2340 5663 2512 5733 ipsum
2538 5731 2545 5733 ξ
2572 5658 2732 5733 hujus
2748 5658 2885 5733 libri
2942 5657 3154 5712 initium
3182 5657 3272 5713 bis
3309 5660 3517 5733 venibis,
3541 5660 3601 5713 ὲν
3635 5667 3735 5727 τοῖς

2152 5734 2264 5787 ἄνω
2297 5732 2497 5800 λόγοις,
2536 5728 2782 5786 indicari.

3909 3375 3911 3485 γ

3909 3990 3911 4096 l
