3956 6216
499 339 597 393 σοι

1810 324 1868 381 S.
1915 322 2156 379 BASlLll
2197 319 2411 377 MAGNI

3686 314 3794 368 6ῗῖ

501 464 615 510 tum
646 451 860 507 differet
897 447 987 505 lux
1021 465 1050 502 a
1080 449 1220 512 luce,
1254 458 1307 503 et
1344 447 1453 501 vita
1497 463 1526 501 a
1575 447 1708 511 vita,
1743 455 1798 500 et
1835 445 2074 514 potentia

2190 458 2320 511 νοχε,
2368 439 2617 493 τοσοῦτον
2657 438 2845 492 διοίσει
2893 436 2954 489 τὸ
2987 436 3102 505 φῶς
3150 436 3288 508 πρὸς
3327 435 3391 489 τὺ
3432 436 3585 505 φῶς,
3620 434 3726 487 καὶ
3764 440 3796 505 η

500 561 529 598 a
561 544 822 615 putentia.
862 541 1264 611 lnterrogemus
1292 540 1458 608 igitur
1493 539 1666 608 ipsum
1690 579 1704 600 ,
1737 537 1950 603 Quanto
1997 536 2080 589 iu-

500 636 727 690 tervallo
751 635 1051 705 ingenitum
1082 649 1112 686 a
1157 632 1341 703 genito
1381 630 1684 699 seiunctum
1729 630 1851 684 est?
1898 638 2077 682 tttrum

499 740 671 794 parvo
708 723 909 793 aliquo,
949 732 1004 778 et
1037 723 1168 787 tali,
1211 731 1270 775 ut
1313 732 1514 793 queant
1539 721 1754 775 tandem
1790 720 2080 789 aliquando

502 818 555 871 in
586 817 723 871 i'dem
757 818 900 870 inter
928 830 987 871 se
1014 816 1347 871 convenire?
1378 831 1444 869 an
1483 816 1585 869 hoc
1611 815 1841 868 omnino
1877 814 2081 883 impos-

502 905 679 970 sibile,
706 915 761 962 et
786 907 977 975 magis,
1001 922 1165 977 quam
1195 907 1445 961 eumdem
1475 916 1748 960 mortuum
1772 921 1897 960 esse
1919 906 2079 959 simul

502 1005 558 1050 et
587 997 809 1062 vivere,
862 1013 1023 1066 quam
1071 1013 1261 1052 sanum
1303 998 1462 1051 simul
1516 1013 1637 1052 esse
1682 1007 1737 1052 et
1780 1008 2078 1068 aegrotare,

503 1103 665 1154 quam
700 1090 924 1161 vigilare
950 1090 1112 1145 simul
1136 1100 1192 1144 et
1215 1090 1488 1145 dormire?
1520 1090 1670 1144 Talia
1694 1105 1930 1158 namque
1956 1101 2083 1144 sunt

504 1197 839 1251 quaecunque
883 1182 985 1237 sibi
1017 1182 1245 1236 invicem
1278 1197 1491 1235 summa
1516 1183 1857 1250 oppositione
1886 1184 2081 1235 adver-

504 1283 716 1337 santur,
746 1275 882 1329 adeo
910 1282 968 1328 ut
996 1285 1262 1343 praesente
1294 1275 1466 1327 altero
1494 1273 1722 1328 alterum
1756 1275 1949 1329 abesse
1985 1290 2080 1329 ne-

507 1379 664 1420 cesse
691 1366 799 1420 sit:
835 1380 957 1434 qua:
994 1367 1068 1418 ita
1101 1374 1411 1432 comparata
1456 1374 1602 1429 sunt,
1640 1375 1698 1418 ιιι
1728 1365 1951 1419 omnino
1981 1381 2082 1421 nec

506 1457 665 1512 simul
693 1471 833 1525 esse,
860 1473 963 1514 nec
987 1459 1130 1514 inter
1159 1474 1218 1513 se
1250 1459 1529 1512 conciliari
1562 1460 1794 1527 possint.

576 1633 666 1689 26.
711 1635 896 1714 Itaque
929 1652 1052 1691 cum
1102 1639 1166 1691 ad
1203 1638 1346 1693 hunc
1377 1640 1594 1694 modum
1632 1639 1817 1709 genito
1867 1640 2081 1710 ingeni-

2180 533 2292 602 ζωὴ
2340 532 2475 603 πρὸς
2502 532 2601 602 τὴν
2629 530 2794 601 ζωὴν,
2836 531 2929 583 καὶ
2972 531 3005 600 ἡ
3045 531 3274 600 δύναμις
3310 529 3452 601 πρὸς
3482 529 3600 598 τὴν
3634 527 3799 580 δύνα-

2184 645 2293 698 μιν.
2359 626 2755 698 Ἐρωτήσωμεν
2792 624 2972 676 τοίνυν
3017 624 3212 676 αὐτόν’
3250 622 3324 675 Τδ
3362 622 3424 675 δὲ
3474 621 3799 692 ἀγέννητον

2179 700 2270 773 τοῦ
2311 717 2557 788 γεννητοῦ
2585 718 2736 787 πόσῳ
2755 717 2937 786 μέτρῳ
2959 715 3274 786 διώρισται;
3300 711 3413 787 ἄρα
3439 714 3643 785 μικρῷ
3666 731 3793 775 τινι,

2180 813 2275 866 καὶ
2303 812 2543 883 τοσούτῳ
2579 811 2677 881 (6),
2709 810 2847 863 ὥστε
2881 809 3140 863 δύνασθαί
3174 826 3305 861 ποτε
3339 808 3435 861 καὶ
3469 809 3560 870 είς
3591 805 3798 859 ταυτὸν

2181 904 2431 975 ἀλλήλοις
2461 921 2522 957 συ
2533 903 2772 975 μϐἧναις
2799 903 2830 975 ἢ
2855 901 3014 955 τοῦτο
3041 899 3320 961 παντελῶς
3345 900 3677 976 ἀμήχανον,
3703 899 3794 951 καὶ

2182 998 2343 1057 πλέον
2376 995 2783 1065 ἀδυνατώτερον
2827 994 2921 1047 τοῦ
2955 994 3046 1047 τὸν
3082 992 3243 1046 αὑτὸν
3287 990 3387 1062 ζῇν
3419 993 3478 1043 ἐν
3514 990 3605 1059 τῷ
3638 988 3796 1056 αὐτῷ

2182 1090 2275 1142 καὶ
2302 1087 2578 1147 τεθνάναι,
2618 1087 2711 1140 καὶ
2738 1086 3001 1153 ὑγιαίνειν
3041 1083 3180 1137 κατὰ
3212 1083 3411 1137 ταυτὸν
3446 1082 3553 1135 καὶ
3582 1084 3793 1139 ναι-εἶθ,

2182 1182 2276 1235 καὶ
2313 1181 2673 1253 ἐγρηγορέναι
2707 1179 2842 1249 ὁμοῦ
2891 1180 2985 1232 καὶ
3023 1176 3341 1240 καθεύδειν;
3388 1174 3650 1228 Τοιαῦτα
3686 1178 3795 1244 γὰρ

2182 1274 2279 1327 ὅσα
2305 1272 2447 1326 κατά
2470 1272 2569 1343 τὴν
2599 1272 2774 1342 ἄκραν
2803 1270 3073 1325 ἀντίθεσιν
3098 1269 3346 1340 ἀλλήλοις
3374 1269 3797 1339 ἀντικαθέστηο

2182 1383 2298 1427 κεν,
2340 1364 2479 1418 ὥστε
2515 1364 2782 1436 παρόντος
2808 1362 2902 1416 τοῦ
2957 1361 3142 1434 ἐτέρου
3194 1360 3516 1430 ἀναγκαίως
3564 1362 3793 1415 ἀπεῖναι

2182 1460 2429 1529 θάτερον.
2471 1457 2507 1511 ἀ
2550 1459 2643 1511 καὶ
2675 1458 3069 1529 ἀσυνύπαρκτα
3124 1455 3403 1519 παντελῶς
3456 1455 3562 1508 καὶ
3611 1456 3791 1525 ἀσύμ-

2182 1550 2322 1603 ϐατα
2356 1550 2430 1621 (7)
2458 1546 2595 1602 εἶναι
2626 1550 2857 1617 πέφυκε.

2252 1639 2342 1694 26.
2379 1640 2535 1693 Κατά
2565 1639 2629 1710 ὀὴ
2661 1636 2753 1693 οὖν
2791 1638 2979 1692 τοῦτον
3013 1639 3104 1692 τὸν
3142 1638 3341 1708 τρόπον
3372 1636 3516 1709 πρὸς
3560 1637 3629 1690 τὸ
3670 1654 3792 1703 γενέ

507 1732 619 1777 tum
648 1738 970 1795 opponatur,
1016 1729 1106 1798 qui
1139 1729 1354 1782 Patrem
1389 1729 1562 1784 lucem
1595 1731 1841 1785 nominat
1863 1770 1877 1796 ,
1909 1731 2080 1785 lucem

2190 1731 2345 1802 νητὸν
2370 1730 2449 1801 τῷ
2481 1732 2760 1802 ἀγεννήτῳ
2789 1731 2889 1799 τῆς
2919 1727 3241 1792 ἀντιθέσεως
3264 1727 3455 1795 οὔσης,
3485 1731 3517 1781 ὁ
3542 1728 3645 1781 τὸν
3680 1729 3790 1781 Πα-

509 1816 693 1869 itidem
728 1816 947 1884 Filium,
979 1820 1180 1888 quique
1211 1820 1352 1874 hanc
1387 1820 1564 1875 lucem
1601 1821 1669 1876 ab
1701 1820 1789 1875 illa
1815 1821 1933 1875 luce
1964 1832 2084 1876 tau-

511 1916 622 1961 tum
672 1908 878 1964 distare
916 1910 1071 1977 dicit,
1123 1921 1387 1979 quantum
1436 1913 1680 1982 genitum
1722 1913 1791 1967 ab
1844 1914 2086 1983 ingenito

509 1998 707 2063 distat,
741 2001 832 2055 ille
874 2018 1184 2071 quanquam
1216 2003 1593 2058 humaniorem
1626 2019 1687 2059 se
1716 2007 1885 2058 verbo
1913 2007 2085 2059 simu-

510 2089 605 2153 lat,
634 2089 805 2146 lucem
838 2093 1044 2147 scilicet
1074 2094 1268 2147 Filium
1302 2109 1518 2163 quoque
1553 2095 1869 2161 nominans,
1906 2112 2086 2151 nonne

506 2183 699 2236 saltem
727 2186 779 2238 vi
800 2186 1086 2239 verborum
1111 2187 1437 2240 sententiam
1464 2187 1515 2240 iu
1540 2188 1874 2241 contrarium
1901 2201 2087 2257 aperte

507 2274 1134 2331 ahducit?Considerate
1153 2276 1296 2330 enim
1319 2278 1448 2347 quid
1484 2287 1790 2347 opponatur
1826 2279 2083 2347 ingenito,

507 2366 725 2421 aliudue
755 2368 1075 2439 ingenitum,
1122 2386 1191 2424 an
1242 2372 1529 2441 genitum?
1571 2371 1827 2426 Geuitum
1874 2373 2082 2444 utique.

507 2456 647 2522 Quid
684 2472 812 2513 vero
840 2460 1131 2528 opponitur
1162 2461 1311 2514 luci?
1338 2461 1504 2516 luxue
1544 2462 1673 2527 alia,
1709 2479 1776 2515 an
1809 2466 2087 2520 tenebrae?

507 2548 767 2604 Tenebrze
794 2553 1056 2619 proiecto.
1106 2554 1318 2623 itaque,
1349 2555 1390 2607 si
1422 2565 1683 2623 quantum
1720 2554 1896 2611 differt
1930 2558 2084 2626 geni-

510 2648 621 2693 tum
652 2642 720 2695 ab
755 2641 1011 2711 ingenito,
1060 2651 1266 2697 tantum
1312 2659 1537 2699 necesse
1580 2654 1664 2698 est
1692 2644 1867 2699 lucem
1900 2662 1930 2699 a
1964 2645 2086 2702 luce

508 2730 745 2797 dill'erre,
769 2732 855 2785 cui
883 2748 950 2787 ex
977 2734 1230 2789 omnibus
1259 2735 1508 2805 impietas
1530 2748 1808 2805 comperta
1835 2752 1943 2790 non
1977 2747 2081 2802 est,

506 2821 650 2888 quod
703 2821 757 2874 in
800 2824 1157 2893 appellatione
1201 2825 1337 2880 lucis
1388 2827 1724 2883 interserens
1781 2832 1925 2897 quod
1978 2830 2083 2884 luci

508 2912 817 2980 oppositum
861 2924 966 2981 est,
1008 2915 1279 2985 Unigeniti
1316 2919 1675 2973 substantiam
1709 2930 1916 2974 natura:
1945 2921 2085 2975 lucis

509 3004 844 3059 contrariam
896 3022 1020 3063 esse
1076 3010 1406 3065 submonet?
1452 3012 1560 3065 Aut
1607 3014 1858 3067 ostendat
1925 3014 2080 3070 nobis

510 3097 682 3153 lucem
710 3116 830 3169 qua:
870 3101 972 3157 luci
1004 3115 1329 3174 apponatur,
1371 3122 1599 3176 qua'que
1624 3124 1747 3162 eum
1783 3111 2079 3178 oppositio-
2111 3075 2157 3137 ο

512 3191 598 3243 nis
628 3192 845 3245 modum
877 3194 1107 3259 habeat,
1137 3198 1227 3266 qui
1268 3200 1451 3269 genito
1477 3215 1599 3253 cum
1635 3202 1877 3271 ingenito
1911 3202 2081 3257 inter-

509 3284 674 3336 cedit.
700 3283 851 3350 Quod
876 3286 921 3341 si
948 3286 1064 3341 haec
1102 3306 1200 3342 nec
1229 3302 1332 3354 est,
1369 3308 1469 3346 ucc
1504 3293 1621 3362 ipse
1650 3309 1887 3363 unquam
1920 3309 2083 3349 exco-

511 3374 683 3441 gitare
715 3377 937 3443 poterit;
968 3393 1033 3432 ne
1064 3379 1227 3449 263
1258 3381 1537 3451 ignoretur
1558 3397 1669 3450 ars,
1695 3398 1801 3453 qua
1832 3384 2085 3454 blasphe-

512 3466 673 3517 tuiatu
701 3465 807 3520 alte
837 3469 1083 3523 adornat.
1111 3469 1244 3524 Natu
1276 3510 1292 3536 ,
1319 3474 1573 3542 quoniam
1612 3484 1765 3543 putat
1789 3477 2082 3546 ingenitum

512 3556 694 3618 genito
736 3572 801 3611 ex
835 3559 1062 3615 adverso
1093 3565 1327 3631 opponi,
1358 3567 1607 3618 eamdem
1644 3566 1747 3620 luci
1799 3584 1922 3623 cttm
1968 3569 2086 3624 luce

511 3646 907 3713 oppositiouem
930 3650 1153 3719 adaptat
1179 3672 1193 3708 :
1222 3663 1278 3707 ut
1304 3652 1483 3709 Patris
1514 3658 1876 3713 substantiam
1901 3669 2084 3714 osten-

513 3740 602 3791 dat
626 3739 940 3817 substantia:
974 3745 1243 3815 Uuigerdti
1272 3762 1368 3816 per
1390 3751 1573 3804 omnia
1603 3755 1933 3808 contrariam
1965 3770 2086 3811 esse

514 3843 676 3901 atque
705 3836 1010 3892 adversam.
1041 3837 1331 3908 Propterea
1358 3858 1494 3897 nova
1521 3845 1637 3898 hine
1659 3855 1741 3899 est
1769 3846 2081 3916 dogmatutu

511 3921 754 3986 sanctio,
777 3937 881 3991 qua
911 3925 1047 3977 dicit
1073 3942 1088 3979 :
1123 3930 1394 3990 Quantum
1421 3929 1695 3984 diversum
1729 3943 1813 3985 est
1843 3935 2083 4002 genitum

514 4014 582 4065 ab
621 4013 877 4084 ingenito,
908 4025 1116 4071 tantum
1146 4032 1367 4075 necesse
1393 4034 1476 4076 cst
1499 4022 1672 4077 lucetu
1705 4037 1733 4075 a
1763 4024 1881 4079 luce
1907 4025 2086 4080 diver-

513 4119 625 4157 sam
648 4119 787 4160 esse.
816 4106 887 4159 At
917 4108 1213 4176 ingenitum
1239 4126 1360 4164 cum
1386 4113 1568 4179 genito
1583 4112 1749 4168 habet
1769 4117 2082 4181 quamdam,

514 4196 779 4261 positione
806 4200 1115 4263 verborum,
1151 4217 1255 4255 non
1298 4218 1487 4256 natura
1535 4218 1739 4269 rerum,
1786 4208 2086 4276 oppositio-

514 4302 660 4354 uetu,
682 4289 823 4364 quod
850 4298 1023 4343 tamen
1052 4292 1101 4344 hi
1130 4292 1394 4345 aliirtnant
1422 4311 1436 4346 :
1469 4293 1605 4348 lucis
1627 4304 1805 4349 autem
1824 4312 1944 4351 cum
1971 4298 2088 4354 luce

2187 1823 2319 1893 τέρα
2366 1822 2484 1891 φῶς
2522 1821 2822 1893 ὀνομάζων,
2868 1821 2984 1889 φῶς
3008 1821 3063 1875 δὲ
3093 1823 3183 1874 καὶ
3212 1821 3304 1873 τὸν
3334 1820 3486 1881 Υἱὺν,
3522 1820 3791 1874 τοσοῦτον

2186 1914 2243 1967 δὲ
2269 1914 2427 1966 τοῦτο
2457 1915 2517 1967 τὸ
2547 1913 2663 1981 φῶς
2697 1912 2907 1965 ἐκείνου
2932 1911 3025 1964 τοῦ
3058 1912 3232 1979 φωτὸς
3260 1910 3553 1983 διωρίσθαι
3588 1909 3784 1980 λέγων,

2187 2008 2308 2060 ὅσον
2341 2006 2401 2059 τὸ
2441 2005 2697 2075 γεννητὸν
2724 2005 2831 2058 ἀπὸ
2858 2004 2953 2058 τοῦ
2980 2005 3271 2073 ἀγεννήτου
3303 2001 3628 2073 διώρισται.
3668 2002 3785 2071 οὐχὶ

2186 2096 2344 2166 δῆλός
2380 2098 2517 2159 ἐστι,
2557 2094 2659 2149 κᾶν
2688 2094 2766 2166 τῷ
2814 2097 3019 2166 ῥήματι
3060 2092 3426 2165 προσποιῆται
3465 2091 3781 2163 φιλανθρω-

2189 2187 2470 2254 πεύεσθαι,
2503 2186 2619 2257 φῶς
2656 2185 2937 2257 ὀνομάζων
2978 2184 3140 2256 δῆθεν
3185 2185 3281 2239 καὶ
3310 2185 3404 2237 τὸν
3448 2184 3611 2248 Υίδν,
3654 2184 3784 2237 ἀλλά

2192 2283 2259 2350 τῇ
2300 2297 2364 2348 γε
2394 2280 2622 2349 δυνάμει
2651 2278 2725 2349 (8)
2759 2279 2866 2331 τῶν
2912 2279 3219 2347 λεγομένων
3254 2278 3391 2349 πρὸς
3424 2277 3492 2329 τὸ
3534 2276 3780 2331 ἐναντίον

2187 2372 2417 2441 ἀπάγων
2441 2371 2539 2443 τὴν
2569 2371 2807 2432 ἐννοιαν;
2843 2370 3100 2422 Σκοπεῖτε
3135 2368 3238 2440 γὰρ
3268 2368 3320 2421 τί
3356 2368 3681 2421 ἀντίκειται
3707 2367 3776 2437 τῷ

2187 2463 2490 2534 ἀγεννήτῳ,
2529 2462 2653 2515 ἀλλο
2691 2460 3006 2531 ἀγέννητον,
3042 2458 3076 2529 ἦ
3118 2458 3180 2511 τὸ
3222 2459 3521 2529 γεννητόν;
3554 2459 3639 2512 Τὸ
3667 2475 3778 2526 γεν-

2186 2554 2346 2624 νητὸν
2373 2554 2638 2624 δηλονότι.
2685 2553 2749 2606 Τί
2776 2554 2832 2607 δὲ
2864 2553 3162 2606 ἀντίκειται
3188 2550 3266 2620 τῷ
3300 2550 3481 2620 φωτίς
3516 2549 3643 2618 φῶς
3674 2550 3777 2603 ἐτε-

2188 2663 2301 2717 ρον,
2343 2646 2375 2715 ῆ
2416 2645 2476 2698 τὸ
2510 2644 2726 2709 σκότος;
2762 2644 2836 2696 Τὸ
2865 2643 3054 2705 σκότος
3087 2641 3320 2703 πάντως.
3353 2641 3416 2694 Ei
3444 2641 3643 2694 τοίνυν
3667 2642 3779 2695 ὅσον

2187 2737 2567 2809 παρήλλακται
2591 2737 2651 2790 τὸ
2683 2735 2940 2806 γεννητὸν
2984 2736 3118 2807 πρὸς
3145 2733 3205 2787 τὸ
3233 2734 3564 2804 ἀγέννητον,
3597 2732 3776 2787 τοσοῦ-

2186 2847 2277 2883 τον
2322 2829 2535 2899 ἀνάγκη
2567 2826 2947 2897 παρηλλάχθαι
2985 2825 3046 2879 τὸ
3077 2824 3192 2894 φῶς
3221 2825 3358 2895 πρὸς
3387 2825 3453 2877 τὸ
3496 2824 3648 2893 φῶς,
3682 2827 3775 2877 τίνι

2185 2921 2294 2975 τῶν
2325 2922 2579 2975 ἀπάντων
2614 2920 2868 2991 ἀδηλοςή
2905 2917 3149 2980 ἀσέϐεια,
3184 2918 3286 2981 ὅτι,
3335 2918 3394 2969 ἐν
3425 2918 3777 2989 «memmi;

2188 3014 2364 3084 φωτὸς
2392 3015 2453 3067 τὸ
2492 3012 2867 3083 ἀντικείμενον
2911 3011 2989 3082 τῷ
3024 3010 3161 3080 φωτὶ
3197 3009 3585 3082 παρεισάγων,
3632 3013 3775 3063 ἐναν-

2185 3107 2306 3160 τίαν
2332 3102 2470 3159 εἷναι
2496 3108 2561 3174 τῇ
2591 3103 2684 3157 τοῦ
2716 3103 2892 3173 φωτὸς
2922 3102 3080 3171 φύσει
3113 3102 3211 3172 τὴν
3244 3101 3434 3154 οὐσίαν
3468 3101 3572 3155 τοῦ
3611 3103 3778 3155 Μονο-

2184 3197 2376 3268 γενοῦς
2408 3195 2733 3261 ὑποὸάλλεις
2766 3197 2838 3249 ’Ἡ
2868 3196 3129 3248 δεικνύτω
3151 3195 3283 3264 ἡμῖν
3309 3192 3426 3264 φῶς
3460 3195 3779 3264 ἀντικείμι·

2184 3309 2273 3345 νον
2320 3290 2397 3360 τῷ
2443 3289 2602 3358 φωτὶ,
2656 3289 2879 3342 κάκεῖνο
2929 3288 2990 3339 τὸ
3044 3286 3243 3357 μέτρον
3290 3286 3391 3354 τῆς
3443 3285 3780 3346 ἀντιθέσεως

2185 3384 2326 3454 ἔχον,
2352 3382 2380 3435 δ
2412 3381 2490 3453 τῷ
2529 3379 2774 3453 γεννητῷ
2808 3380 2944 3451 πρὸς
2983 3379 3044 3431 τὸ
3072 3378 3367 3447 ἀγέννητόν
3408 3378 3589 3432 ἐστιν.
3629 3378 3693 3431 El
3729 3378 3785 3429 es

2183 3473 2344 3528 τοῦτο
2385 3471 2507 3525 οὔτε
2547 3473 2692 3524 ἐστὶν
2725 3471 2822 3542 (9),
2856 3468 2968 3522 οὔτ’
3003 3469 3067 3522 ἂν
3111 3468 3275 3530 αὐτὸς
3318 3468 3681 3537 ἐπινοήσειε,
3712 3465 3781 3536 μὴ

2185 3564 2485 3634 ἀγνοείσθω
2513 3565 2547 3635 ὴ
2576 3563 2738 3634 τέχνη
2779 3562 2896 3632 μεθ’
2939 3557 3008 3633 ἦς
3036 3560 3244 3630 βαθέως
3277 3560 3697 3622 κατασκευάζει
3728 3560 3783 3610 τὸ

2188 3658 2527 3729 βλάσφημον.
2575 3656 2794 3727 Ἐπειδὴ
2829 3655 2937 3725 γάρ
2965 3656 3135 3707 οἴεται
3161 3652 3240 3723 τῷ
3267 3653 3557 3723 ἀγεννήτῳ
3580 3654 3649 3706 τὸ
3674 3670 3782 3719 γεν-

2186 3750 2345 3821 νητὸν
2402 3751 2519 3802 κατ’
2553 3748 2866 3802 ἐναντίωσιν
2919 3745 3271 3806 ἀντικεῖσθαι,
3324 3744 3423 3815 τὴν
3479 3745 3663 3814 abripi

2188 3839 2328 3909 φωτὶ
2365 3839 2501 3909 πρὸς
2524 3839 2584 3891 τὸ
2615 3837 2731 3908 φῶς
2756 3837 3029 3891 ἀντίθεσιν
3055 3833 3375 3908 ἐφαρμόζει,
3411 3834 3504 3886 ἵνα
3529 3835 3627 3888 διὰ
3657 3836 3785 3887 πάν-

2185 3951 2294 3988 των
2334 3934 2432 4004 τὴν
2459 3932 2552 3985 τοῦ
2581 3932 2790 4003 Πατρὸς
2822 3932 3010 3985 οὐσίαν
3039 3928 3333 3983 ἀντίπαλον
3368 3927 3466 3980 καὶ
3509 3928 3785 3997 πολεμίαν

2185 4029 2252 4098 τῇ
2281 4025 2375 4079 τοῦ
2406 4024 2740 4093 Μονογενοῦς
2770 4023 3035 4094 ἐπιδείξῃ.
3065 4021 3164 4074 Διά
3194 4020 3369 4074 ταῦτα
3405 4021 3437 4089 ὴ
3472 4022 3651 4085 καινὴ
3677 4020 3783 4087 (l0;

2188 4117 2327 4189 αὕτη
2362 4116 2469 4170 τῶν
2509 4116 2797 4187 δογμάτων
2832 4114 3123 4185 νομοθεσία
3143 4132 3155 4143 ’
3188 4113 3354 4175 Ὅσον
3388 4112 3787 4183 παρήλλακται

2188 4210 2249 4265 τὸ
2279 4208 2536 4280 γεννητὸν
2564 4208 2660 4262 τοῦ
2691 4209 3005 4279 ἁγεννήτου,
3038 4203 3292 4259 τοσοῦτον
3318 4201 3541 4273 ἀνάγκη
3571 4203 3789 4273 παρηλ-

2189 4302 2384 4374 λάχθαι
2424 4302 2486 4356 τὸ
2518 4301 2632 4372 φῶς
2671 4301 2808 4372 πρὸς
2851 4300 2912 4353 τὸ
2955 4299 3091 4369 φῶς.
3129 4298 3319 4351 Καίτοι
3352 4294 3431 4366 τῷ
3476 4297 3584 4367 μὲν
3628 4298 3792 4365 ἀγεν-

516 4395 613 4434 nec
632 4382 931 4436 secundum
958 4383 1313 4451 prolationem
1340 4399 1439 4439 nec
1461 4388 1760 4447 secundum
1786 4388 2084 4458 intelligen-

2190 4398 2333 4467 νήτῳ
2367 4395 2504 4465 πρὸς
2535 4393 2594 4446 τὸ
2625 4393 2881 4464 γεννητόν
2906 4391 3021 4444 ἐστί
3051 4407 3157 4453 τις,
3188 4387 3330 4442 κατά
3356 4388 3455 4458 τὴν
3486 4386 3653 4441 θέσιν
3683 4387 3792 4441 τῶν

519 4475 644 4525 tiam
666 4475 1025 4529 contrarietas
1051 4475 1155 4529 ulla
1185 4478 1482 4547 excogitari
1512 4489 1712 4547 potest.
1739 4479 1847 4535 Sed
1870 4482 2086 4537 videtur

514 4563 708 4620 fucatis
724 4565 1156 4622 cavillationibus
1173 4585 1231 4623 se
1255 4571 1428 4638 ipsum
1451 4570 1719 4639 decipere.
1737 4571 1896 4628 Putat
1914 4574 2081 4639 enim,

515 4674 637 4725 qua:
665 4674 729 4712 ex
759 4659 1050 4713 contrariis
1076 4672 1401 4729 sequuntur,
1430 4664 1672 4717 eamdem
1715 4664 1861 4719 inter
1892 4680 1952 4720 se
1986 4681 2085 4735 pu-

516 4764 675 4819 gnam
707 4751 930 4815 habere,
954 4766 1117 4819 quam
1143 4751 1343 4807 habent
1365 4763 1417 4806 et
1442 4754 1758 4823 principalia
1788 4759 2084 4822 contraria,

514 4852 571 4895 et
608 4857 729 4897 cum
763 4845 1095 4897 contrarium
1139 4842 1283 4898 inest
1331 4847 1487 4899 alteri
1531 4849 1955 4914 contrariorum,
2019 4866 2086 4904 ex

519 4935 689 4990 altero
730 4936 893 4990 etiam
919 4937 1253 4991 contrarium
1280 4940 1592 4994 necessario
1620 4950 1956 4998 secuturum.
1998 4940 2090 5007 Ut,

589 5112 665 5183 (6)
730 5110 839 5166 Vox
906 5110 1158 5176 τοσοῦτος
1216 5114 1413 5171 usitate
1472 5115 1686 5187 quidem
1742 5116 1943 5172 dicitttr
1992 5133 2092 5187 pro

515 5194 684 5258 tanta,
710 5197 805 5258 seu
845 5198 943 5250 pro
968 5194 1077 5236 tam
1103 5201 1301 5258 magno
1328 5204 1347 5241 :
1398 5188 1488 5241 sed
1520 5186 1609 5245 hic
1642 5189 1782 5242 sumi
1810 5188 1970 5243 debet
1996 5186 2095 5258 pro

513 5252 806 5326 tum_bre_vi,
831 5268 924 5326 seu
954 5268 1050 5326 pro
1076 5252 1432 5326 tant’exiguo.

515 5392 549 5441 6
587 5324 666 5391 (7)
716 5323 860 5377 Editi
922 5324 1018 5377 καὶ
1072 5323 1422 5396 ἀσύμὸαντα.
1488 5325 1634 5381 Libri
1684 5338 1894 5383 veteres
1916 5325 2096 5396 ἀσύμ-

553 5411 676 5441 ατα-

553 5411 676 5446 ατα.

596 5465 674 5538 ιὲξ)
715 5463 852 5518 Editi
886 5464 1044 5538 ⁸ἀλλὰ
1073 5470 1139 5538 τῇ
1198 5467 1463 5538 δυνάμει,
1517 5468 1646 5535 Reg.
1689 5469 1960 5538 secundus
1986 5468 2099 5522 ἀλλ’

527 5533 661 5608 αὐτῇ
696 5549 761 5608 γε
792 5538 859 5608 τῇ
880 5535 993 5608 δυν.
1028 5533 1180 5608 Alius
1211 5555 1311 5608 tus.
1337 5533 1481 5590 ’ἀλλά
1504 5540 1571 5608 τῇ
1600 5533 1670 5606 ῖγε
1702 5537 1815 5591 δυν.

589 5604 665 5678 (9}
694 5606 762 5678 Et
785 5604 853 5657 δὲ
870 5606 1193 5678 τοῦτοοῦτε
1208 5607 1400 5678 ἐστίν,
1418 5604 1631 5672 hocést,
1653 5609 1702 5660 εί
1729 5609 1785 5662 δέ
1813 5607 1948 5678 φῶς,
1964 5619 2095 5672 rtc.,

516 5676 655 5745 quod
677 5674 720 5745 si
750 5691 853 5726 non
886 5686 960 5727 est
992 5675 1087 5728 lux
1128 5676 1309 5730 mundi
1346 5679 1528 5745 hujus.

593 5742 702 5811 (l0)
732 5745 949 5811 Antiqui
989 5746 1093 5800 duo
1123 5746 1239 5803 libri
1273 5748 1304 5817 ἠ
1338 5742 1492 5819 κενή,
1526 5749 1683 5806 tualc.
1746 5749 1897 5807 Alius
1925 5751 2091 5806 codex

2193 4486 2471 4557 ῥημάτων,
2499 4487 2547 4538 εἰ
2575 4487 2669 4539 καὶ
2697 4485 2773 4556 μὴ
2803 4484 2945 4538 κατά
2969 4482 3068 4554 τὴν
3096 4479 3255 4550 φύσιν
3280 4478 3389 4533 τῶν
3409 4481 3791 4551 πραγμάτων.

2190 4576 2480 4639 ἀντίθεσις,
2508 4577 2647 4644 ὅπερ
2682 4570 2827 4629 οὗτοι
2859 4575 3324 4642 κατασκευάζουσι
3343 4593 3356 4606 ’
3389 4579 3533 4645 φωτὶ
3556 4578 3621 4631 δὲ
3654 4580 3794 4650 πρὸς

2188 4670 2250 4723 τὸ
2283 4669 2399 4738 φῶς
2428 4667 2551 4722 οὔτε
2596 4668 2738 4722 κατά
2761 4668 2861 4737 τὴν
2901 4669 3183 4740 προφορὰν
3212 4669 3337 4722 οὔτε
3376 4668 3523 4723 κατά
3559 4671 3672 4739 τὴν
3709 4672 3795 4724 έν-

2195 4777 2341 4813 νοιαν
2372 4759 2654 4830 ἐπινοῆσαι
2678 4777 2800 4813 τινα
2824 4760 3050 4813 δυνατὸν
3081 4761 3412 4815 ἐναντίωσιν.
3460 4761 3639 4815 ’Λλλά
3686 4763 3796 4833 γὰρ

2197 4850 2341 4911 ἔοικε
2410 4850 2737 4921 σοφίσμασιν
2812 4851 3110 4921 ἀπατηλοῖς
3189 4852 3382 4905 ἐαυτὸν
3455 4855 3795 4924 παρακρού·

2199 4941 2507 5012 εσθαι(11).
2536 4942 2719 4996 Οίεται
2750 4941 2879 5015 γὰρ,
2904 4943 2987 4996 ὅτι
3015 4941 3082 4995 τὰ
3110 4945 3223 5005 τοῖς
3247 4942 3512 5007 ἐναντίοις
3537 4944 3796 5016 ἑπόμενα

2201 5123 2233 5191 ὴ
2266 5120 2445 5191 κοινή,
2471 5117 2786 5191 pejus._Alii
2808 5119 2918 5191 duo
2946 5128 3007 5191 _et
3027 5118 3169 5191 _editi
3196 5120 3382 5189 καινή,
3413 5119 3573 5191 bene.

2265 5191 2376 5261 (tl)
2410 5188 2548 5242 Nihil
2594 5189 2790 5261 mirum
2827 5188 2872 5242 si
2908 5188 2995 5241 hic
3027 5188 3355 5261 locus,_f_qui’
3383 5189 3799 5261 philosophicis

2195 5256 2586 5316 subtilitatiluts
2618 5259 2904 5331 intricatus
2933 5256 3278 5331 sit,dilﬁt~ilis
3302 5256 3579 5331 intellectu
3606 5256 3797 5331 atque

2196 5334 2463 5385 obscurus
2491 5344 2615 5384 esse
2642 5329 2915 5381 videatur.
2955 5327 3187 5381 Basilius
3217 5328 3494 5394 impugnat
3521 5327 3795 5386 Eunotuii

2198 5401 2558 5464 sententiam,
2616 5413 2679 5453 ex
2732 5412 2837 5467 qua
2891 5408 3076 5467 aperte
3121 5397 3454 5452 elﬁciebatur
3497 5406 3795 5454 contraria

2202 5468 2542 5539 principalia,
2575 5478 2630 5523 et
2660 5482 2745 5540 ea
2774 5484 2895 5540 qua:
2932 5483 3038 5521 non
3069 5478 3215 5540 su_nt_
3249 5468 3594 5540 principalia,
3624 5486 3797 5540 pqae

2202 5537 2302 5594 sibi
2343 5537 2569 5593 invicem
2606 5538 2881 5591 adversari
2920 5554 2935 5589 :
2998 5538 3140 5605 quod
3193 5537 3386 5591 falsum
3449 5553 3573 5593 esse
3622 5537 3799 5595 Peior

2201 5610 2553 5679 gravissimus
2587 5608 2857 5679 ostendit,
2880 5608 2981 5663 hoc
3027 5606 3312 5679 exemplo:
3344 5606 3456 5661 Nec
3487 5609 3661 5671 enim,
3710 5613 3795 5665 in-

2201 5678 2336 5749 quit,
2371 5679 2623 5747 quoniam
2646 5694 2709 5731 ex
2740 5678 2929 5751 vigiliis
2953 5679 3057 5732 vita
3084 5678 3341 5751 sequitur,
3382 5681 3689 5751 necessario
3730 5699 3794 5732 rx

2198 5748 2383 5805 somno
2417 5754 2651 5819 sequitur
2687 5765 2847 5805 mon.
2889 5748 2998 5804 Hoc
3024 5758 3131 5813 est,
3164 5748 3205 5802 Si
3257 5751 3381 5816 quis
3419 5749 3625 5817 vigilat,
3661 5752 3791 5805 hinc
