3956 6216
228 324 335 377 655

1335 323 1702 377 ADVERSUS
1745 321 2110 376 EUNOMIUM
2156 323 2282 375 LIB.
2330 322 2390 374 ll.

3387 319 3492 373 631

229 445 326 514 τὴν
355 443 521 512 αὐτὴν
567 442 677 511 ἔχει
708 441 843 512 πρὸς
889 442 1091 512 ἄλληλα
1142 443 1342 512 μάχην,
1389 444 1565 513 ἤνπερ
1609 442 1674 494 ἂν
1705 442 1811 512 ἔχει

1921 443 1964 494 si
1997 457 2059 495 ex
2090 443 2207 496 visu
2245 442 2333 495 lux
2365 440 2634 507 sequitur,
2661 453 2727 493 ex
2755 439 2998 494 caecitate
3031 438 3267 494 tenebrae
3295 457 3309 493 :
3347 441 3391 495 si
3429 459 3495 496 ex

228 535 325 588 καὶ
354 533 422 586 τὰ
451 533 729 602 ἡγούμενα
751 549 762 561 ·
803 533 897 584 καὶ
933 533 1058 584 ὅταν
1100 531 1174 602 τῷ
1207 533 1378 604 ἑτέρῳ
1416 535 1524 586 τῶν
1558 535 1814 586 ἐναντίων

228 625 291 678 τὸ
316 623 551 677 ἐναντίον
585 624 825 694 ὑπάρχῃ,
869 625 962 675 καὶ
1002 624 1078 695 τῷ
1110 625 1280 696 ἑτέρῳ
1311 625 1526 688 πάντως
1567 627 1626 678 τὸ
1660 627 1812 678 ἐναν-

229 716 344 769 τίον
369 713 746 784 ἀκολουθήσει.
782 709 927 777 Οἷον,
960 717 1006 767 εί
1035 718 1099 784 τῇ
1131 715 1319 786 ὁράσει
1347 717 1408 768 τὸ
1437 718 1553 786 φῶς
1595 719 1808 785 ἕπεται,

229 811 294 877 τῇ
335 806 627 877 τυφλότητι
663 806 724 858 τὸ
766 807 987 869 σκότος’
1018 809 1065 859 εἰ
1095 807 1172 876 τῷ
1205 808 1304 878 ζῇν
1337 809 1397 861 τὸ
1436 808 1808 876 αἰσθάνεσθαι,

228 901 308 972 τῷ
330 901 645 971 τεθνηκέναι
670 901 730 950 τὸ
755 899 1098 970 ἀναισθητεῖν
1121 900 1254 969 (12}.
1278 900 1448 953 Τοῦτο
1473 902 1527 954 δὲ
1555 903 1629 964 ὡς
1651 904 1810 956 ἀσθε-

229 994 320 1055 νὲς
358 992 451 1044 καὶ
478 991 767 1044 διαπῖπτον
807 989 867 1044 τὸ
907 993 1302 1062 παρατήρημα,
1340 994 1504 1045 παντὶ
1535 993 1810 1064 γνώριμον

229 1084 308 1154 τῷ
337 1087 430 1139 καὶ
463 1085 655 1156 μικρὸν
686 1086 1058 1154 ὲπιστήσαντι.
1092 1087 1165 1137 Οὐ
1196 1085 1304 1156 γὰρ
1330 1087 1514 1157 ἐπειδὴ
1541 1087 1617 1156 τῷ
1645 1090 1809 1158 ἐγρη-

231 1177 452 1248 γορέναι
484 1175 545 1228 τὸ
574 1175 672 1246 ζῇν
700 1174 912 1233 ἕπεται.
945 1175 1024 1244 τῷ
1057 1175 1649 1230 καθεύδεινοάκολουθεῖ
1679 1179 1810 1232 πάν-

231 1287 342 1332 τως
371 1269 432 1321 τὸ
455 1267 726 1323 τεθνάναι.
779 1267 914 1320 Ἀλλ’
952 1268 1075 1322 οὕτε
1111 1270 1366 1333 ἐναντίως
1396 1270 1507 1341 ἔχει
1536 1273 1596 1324 τὸ
1619 1289 1810 1344 γεννη-

234 1360 324 1411 τὸν
347 1359 480 1430 πρὸς
509 1359 568 1411 τὸ
597 1359 910 1430 ἀγέννητον.
947 1361 1006 1412 Εἰ
1036 1360 1144 1431 γὰρ
1171 1362 1387 1414 ἐναντία
1412 1362 1506 1414 καὶ
1534 1362 1806 1434 φθαρτικὰ

234 1449 498 1520 ἀλλήλων,
538 1451 672 1520 ὅπερ
712 1451 790 1512 εἰς
848 1449 1084 1520 κεφαλὴν
1120 1452 1234 1514 τοῖς
1271 1449 1652 1520 βλασφημοῦσι
1683 1451 1806 1521 τρέε

1922 537 2028 586 vita
2079 550 2291 595 sensus,
2329 549 2394 588 ex
2428 543 2602 586 morte
2649 534 2879 600 privatio
2923 549 3204 588 sensuum.
3247 533 3374 588 11κο
3401 551 3496 588 au-

1918 637 2022 680 tent
2052 626 2360 680 observatio
2394 639 2556 694 quam
2587 623 2779 678 debilis
2809 623 2902 688 sit,
2932 637 3206 691 quamque
3238 623 3489 688 evanida,

1913 718 2134 772 cuilibet
2165 717 2246 770 vel
2287 716 2562 786 paululum
2618 714 2922 768 attendenti
2981 715 3328 783 perspicuum
3386 725 3493 769 est.

1913 808 2023 863 Nec
2069 810 2214 861 enim
2257 807 2512 877 quoniam
2564 822 2628 861 ex
2676 806 2875 874 vigiliis
2919 807 3026 860 vita
3070 807 3348 874 sequitur,
3402 822 3495 858 ne.

1911 903 2150 958 cessario
2191 917 2253 956 ex
2317 917 2508 957 somno
2545 915 2693 954 mors
2741 900 3008 968 sequitur.
3052 898 3161 953 Sed
3215 914 3316 954 nec
3367 914 3495 953 con—

1913 995 2080 1049 trario
2126 995 2284 1048 modo
2343 1007 2402 1047 se
2446 994 2604 1046 habet
2655 992 2896 1062 genitum
2941 1007 3064 1045 cum
3093 992 3359 1061 ingenito.
3401 991 3496 1045 Et-

1911 1088 2056 1142 enim
2102 1087 2146 1140 si
2202 1085 2673 1146 contraria'suut,
2711 1083 2824 1152 jam
2872 1094 3062 1138 mutuo
3106 1097 3166 1137 se
3213 1085 3494 1137 destruent

1911 1177 2093 1247 (quod
2149 1177 2203 1230 in
2261 1184 2425 1244 caput
2481 1175 2970 1245 blasphemantium
3037 1176 3346 1238 vertatur),
3385 1176 3494 1227 imo

1912 1284 2084 1337 neque
2126 1278 2318 1322 natura
2350 1269 2571 1322 adversa
2605 1275 2763 1334 sunt,
2794 1283 2967 1337 neque
3001 1283 3120 1334 qua:
3146 1283 3492 1337 consequun-

1916 1369 2024 1425 tur,
2046 1360 2289 1414 eamdem
2316 1361 2622 1413 necessario
2655 1361 2931 1414 habebunt
2957 1360 3294 1423 diStautiam,
3327 1375 3490 1428 quam

1913 1461 1965 1505 et
1995 1450 2305 1518 principalia
2333 1450 2852 1502 demonstrabantur
2882 1449 3100 1502 habere.

235 1562 408 1607 ποιτο,
434 1545 546 1598 ἀλλ’
571 1543 694 1597 οὔτε
719 1546 785 1616 τῇ
817 1547 975 1613 φύσει
1010 1544 1264 1616 πολέμια,
1293 1543 1416 1597 οὔτε
1450 1545 1556 1615 μὴν
1583 1545 1650 1597 τὰ
1682 1545 1924 1615 ἑπόμενα
1966 1545 2180 1608 τούτοις
2220 1544 2320 1616 τὴν
2352 1544 2525 1615 αὐτὴν
2562 1545 2878 1613 ἀναγκαίως
2925 1544 3036 1608 ’ἐξει
3085 1544 3388 1610 διάστασιν,
3424 1545 3492 1614 ἢν

235 1642 507 1694 ἐδείκνυτο
539 1641 682 1711 ἔχειν
714 1643 806 1694 καὶ
845 1641 912 1694 τὰ
951 1641 1250 1712 ἡγούμενα.

305 1733 394 1786 27.
437 1735 504 1786 Ἦ
552 1735 728 1786 τοίνυν
770 1734 1064 1802 ἀπάλειψόν
1102 1751 1192 1786 σου
1244 1734 1302 1786 τὰ
1359 1735 1601 1804 ῥήματα,
1654 1735 1686 1805 ἢ
1735 1736 1808 1804 μὴ

1984 1735 2072 1788 27.
2116 1736 2224 1788 Aut
2292 1735 2455 1803 igitur
2493 1744 2582 1788 tua
2635 1733 2808 1802 ipsius
2862 1747 3024 1786 verna
3081 1747 3352 1802 expttnge,
3399 1745 3492 1786 aut

234 1812 398 1897 dtpv05
437 1828 535 1898 τὴν
574 1827 845 1880 ἀσέϐειαν.
884 1827 957 1897 Σὴ
993 1828 1098 1898 γάρ
1125 1828 1270 1880 ἐστιν
1303 1829 1335 1898 ἡ
1368 1827 1684 1897 βλασφημία
1714 1827 1808 1879 τοῦ

234 1920 510 1982 εἰπόντος·
544 1917 706 1973 Ὅσον
745 1919 1122 1990 παρήλλακται
1150 1919 1244 1972 τοῦ
1276 1918 1532 1988 γεννητοῦ
1564 1919 1625 1970 τὸ
1649 1919 1809 1986 ἀγέν-

234 2029 423 2082 νητον,
452 2011 702 2064 τοσοῦτον
745 2013 958 2079 ἀνάγκη
1006 2009 1385 2080 παρηλλάχθαι
1429 2011 1489 2062 τὸ
1524 2008 1639 2078 φῶς
1675 2009 1810 2079 πρὸς

233 2103 293 2155 τὸ
344 2101 478 2172 φῶς.
522 2101 729 2155 Οὐκοῦν
769 2103 843 2164 ὡς
891 2102 1139 2154 οᾷδέποτε
1187 2099 1399 2170 μεθέξει
1451 2101 1549 2171 τῆς
1583 2103 1811 2169 ἁγεννη-

235 2196 355 2258 σίας
380 2196 489 2266 (15)
512 2192 540 2248 ὁ
560 2195 833 2265 γεννητὸς,
859 2194 1029 2257 οὕτως
1059 2195 1310 2247 οὐδέποτε
1334 2192 1485 2264 αὐτῷ
1515 2193 1608 2245 τοῦ
1634 2194 1810 2262 φωτὸς

236 2284 566 2355 μεταδώσεις
598 2286 730 2355 (14).
782 2288 890 2338 Καὶ
925 2287 1098 2351 ἔσται,
1137 2287 1278 2340 κατά
1320 2285 1402 2348 σὲ,
1449 2287 1482 2355 ἡ
1512 2285 1667 2337 οὐσία
1714 2284 1809 2336 τοῦ

233 2378 568 2445 Μονογενοῠς
615 2377 727 2430 ἴσον
767 2378 1044 2448 ἀπέχουσα
1081 2377 1175 2430 τοῦ
1208 2395 1273 2447 γε
1320 2377 1611 2448 ἀγέννητος
1648 2374 1809 2439 εἶναι,

233 2467 328 2519 καὶ
358 2468 452 2520 τοῦ
487 2467 602 2536 φῶς
631 2469 866 2522 νοεῖσθαι
895 2471 989 2522 καὶ
1012 2467 1394 2538 ὀνομάζεσθαι.
1437 2468 1596 2521 Ἀλλά
1635 2469 1813 2521 Ἰωάν-

233 2579 330 2629 νης
377 2562 474 2630 μὲν
507 2563 570 2630 τῇ
611 2560 991 2630 μεγαλοφωνία
1037 2558 1130 2612 τοῦ
1182 2559 1497 2630 Πνεύματος
1523 2559 1695 2630 ἐμϐοᾷ
1731 2576 1810 2613 σοι

235 2654 406 2720 λέγων
432 2668 446 2680 ·
478 2649 588 2706 *Ην
621 2654 685 2704 τὸ
720 2651 843 2720 φῶς
883 2651 949 2703 τὸ
979 2652 1297 2717 ἀληθινόν
1329 2652 1412 2703 σο).
1443 2651 1500 2704 δὲ
1541 2651 1640 2703 οὐκ
1666 2651 1813 2703 ἔστιν

235 2737 348 2794 ὦτα
385 2742 476 2795 τοῦ
529 2742 766 2805 ἀκούειν,
805 2744 923 2795 ούῖὲ
973 2743 1166 2813 καρδία
1209 2743 1304 2795 τοῦ
1351 2743 1619 2796 συνιέναι’
1679 2742 1813 2796 ἀλλά

237 2833 373 2906 πρὸς
409 2835 506 2904 τὴν
547 2833 836 2886 ἀντίπαλον
889 2835 1071 2903 φύσιν,
1131 2835 1223 2886 καὶ
1277 2833 1693 2904 ἀσυνύπαρκτον
1736 2834 1814 2904 τῷ

237 2927 374 2995 φωτὶ
417 2928 515 2998 τὴν
566 2927 752 2979 οὐσίαν
803 2926 896 2980 τοῦ
928 2927 1287 2994 Μονογενοῦς,
1331 2930 1446 2990 τοῖς
1486 2927 1812 2997 σοφίσμασιν

237 3019 580 3080 ἀπελαύνεις.
618 3020 691 3072 Ού
736 3017 844 3089 γάρ
888 3018 952 3090 δὴ
998 3022 1172 3071 ἐκεῖνο
1220 3019 1439 3090 ἰσχυρὸν
1487 3019 1599 3089 (15)
1645 3021 1809 3091 ἐρεῖς,

235 3113 316 3163 ὅτι
373 3112 466 3164 καὶ
511 3111 602 3162 ἐπὶ
633 3110 727 3162 τοῦ
777 3111 1112 3178 Μονογενοῦς
1153 3110 1249 3182 τὴν
1301 3113 1672 3182 προσηγορίαν
1717 3112 1808 3164 τοῦ

237 3203 411 3270 φωτὸς
449 3205 547 3256 οὐκ
583 3203 820 3271 ἀφείλου.
860 3204 933 3256 Οὐ
972 3202 1080 3272 γὰρ
1111 3205 1166 3254 ἐν
1195 3203 1352 3272 ψόφῳ
1379 3203 1561 3272 ἀέρος,
1603 3202 1717 3256 ἀλλ’
1753 3205 1811 3256 ὲν

235 3297 300 3364 τῇ
326 3294 552 3364 δυνάμει
580 3293 686 3346 τῶν
725 3294 1134 3364 σημαινομένων
1167 3295 1228 3347 τὸ
1253 3294 1495 3357 εὐσεϐές.
1542 3295 1599 3346 '0
1630 3295 1685 3347 δὲ
1713 3296 1812 3348 οὐκ

236 3386 330 3438 ἐπὶ
371 3384 579 3438 τούτων
615 3385 742 3456 ἔστη
787 3385 919 3456 (16),
963 3385 1096 3438 ἀλλά
1127 3387 1220 3439 καὶ
1260 3387 1360 3458 τὴν
1391 3387 1536 3458 ζωὴν
1586 3388 1680 3440 καὶ
1713 3388 1812 3459 τὴν

234 3476 462 3546 δύναμιν
503 3476 580 3547 τῷ
616 3477 764 3547 αὑτῷ
807 3478 988 3548 μέτρῳ
1014 3478 1111 3546 τῆς
1141 3481 1219 3541 είς
1251 3481 1494 3532 ἐναντίον
1525 3480 1634 3550 (17)
1675 3481 1812 3533 ἀπο-

239 3569 478 3630 στάσεως
529 3570 844 3636 συνεπάγει,
893 3569 1093 3621 εἰπών’
1129 3571 1291 3623 Ὅσον
1338 3571 1718 3642 παρήλλακται
1752 3571 1814 3623 τὸ

235 3659 491 3728 γεννητὸν
531 3660 667 3727 πρὸς
704 3659 766 3712 τὸ
803 3659 1116 3728 ἀγέννητον,
1146 3660 1396 3714 τοσοῦτον
1427 3661 1639 3730 ἀνάγκη
1667 3679 1810 3731 παρ-

235 3750 500 3821 ηλλάχθαι
550 3753 611 3804 τὸ
662 3753 777 3820 φῶς
809 3752 946 3824 πρὸς
982 3753 1043 3821 τὸ
1075 3755 1209 3822 φῶς,
1253 3756 1346 3807 καὶ
1376 3754 1472 3825 τὴν
1503 3755 1646 3826 ζωὴν
1678 3757 1815 3825 πρὸς

234 3844 334 3913 τὴν
360 3843 525 3914 ζωὴν,
551 3846 646 3897 καὶ
665 3845 763 3914 τὴν
792 3845 1020 3915 δύναμιν
1045 3846 1180 3916 πρὸς
1200 3847 1298 3916 τὴν
1324 3845 1574 3915 δύναμιν.
1606 3847 1816 3901 Οὐκοῦν

232 3935 354 3988 οὔτε
383 3935 516 4008 ζωὴ,
541 3937 681 3990 κατὰ
712 3937 790 3999 σὲ,
820 3937 940 3990 οὔτε
970 3938 1196 4007 δύναμις
1226 3939 1254 3988 ὀ
1284 3939 1614 4009 Μονογενής.
1657 3938 1816 3992 Ἀλλά

236 4030 571 4100 παραγρὰιρῃ
623 4031 720 4099 μὲν
752 4031 922 4082 αὐτὸν
955 4029 1045 4082 τὸν
1099 4029 1302 4100 Κύριον
1353 4027 1610 4097 λέγοντα·
1679 4030 1818 4100 Ἐγώ

229 4124 349 4188 ειμι
404 4123 443 4188 ἡ
482 4118 627 4187 ζωή·
667 4122 1004 4194 παραγράιξῃ
1052 4122 1107 4174 δὲ
1152 4121 1363 4174 Παῦλον
1427 4123 1518 4174 τὸν
1559 4123 1813 4176 εἰπόντα·

236 4213 482 4280 Χριστὸς
514 4212 660 4267 Θεοῦ
680 4213 949 4282 δύναμις.
989 4215 1052 4265 "A
1079 4215 1188 4284 γὰρ
1219 4216 1276 4266 ἐν
1299 4217 1412 4278 τοῖς
1435 4216 1658 4279 κατόπιν
1683 4215 1818 4268 ἐδεί-

237 4322 421 4370 κνυτο,
448 4306 618 4360 ταῦτα
647 4309 738 4361 καὶ
765 4311 874 4370 τοῖς
899 4307 994 4360 νῦν
1020 4310 1340 4380 ἐφαρμόσει.
1374 4308 1509 4362 Οὔτε
1538 4310 1645 4380 γὰρ
1670 4310 1815 4382 ζωὴν

236 4395 360 4448 οὔτε
387 4397 613 4467 δύναμιν
642 4401 708 4468 τῇ
727 4401 838 4469 ζωῇ
866 4402 959 4452 καὶ
980 4403 1042 4470 τῇ
1067 4401 1294 4469 δυνάμει
1321 4401 1657 4454 ἀντικεῖσθαι
1680 4402 1810 4472 φαίη

1920 4404 2204 4471 quisquam
2251 4403 2449 4456 dixerit
2493 4419 2508 4455 :

238 4507 321 4552 τις
353 4489 445 4542 ἄν·
483 4491 619 4544 ἀλλά
653 4491 877 4545 θάνατον
921 4495 1014 4545 καὶ
1052 4493 1353 4563 ἀδυναμίαν
1399 4493 1494 4564 τὴν
1542 4494 1812 4546 τελεωτά-
1854 4560 1858 4564 ,

237 4599 337 4654 την
379 4584 490 4654 (18)
528 4584 799 4638 ἀντίθεσιν
834 4584 1160 4657 ἐκπληροῦν.
1188 4587 1365 4657 "Amp
1391 4583 1561 4652 οὗτος,
1594 4590 1649 4641 ὲν
1681 4605 1817 4640 παν-

308 4768 350 4799 ’ί
376 4764 532 4820 Joan.
570 4784 610 4834 ι,
633 4768 686 4821 9.

761 4765 978 4822 "Joan.
1015 4783 1126 4834 xtv,
1155 4768 1208 4823 6.
1284 4768 1371 4822 ⁸³1
1409 4767 1535 4824 Cor.
1573 4785 1610 4833 t,
1643 4767 1734 4820 ‘24.

237 4931 455 4999 quidem
481 4930 682 4998 optime
716 4931 985 5000 colligitur
1016 4945 1140 4984 eum
1179 4932 1362 4984 vivere
1405 4950 1418 4985 :
1461 4931 1554 4985 sed
1586 4930 1630 4984 si
1661 4930 1810 4998 quis-

240 5002 378 5070 piaut
431 5001 648 5070 dormit,
676 5000 808 5070 ltinc
863 5000 1111 5054 concludi
1141 5017 1244 5053 non
1277 5010 1453 5067 potest
1506 5015 1628 5055 eum
1666 5016 1807 5070 mor-

241 5069 388 5123 tuttm
422 5084 563 5124 esse.
592 5069 754 5135 Cujus
779 5071 852 5124 rei
878 5072 990 5124 lttec
1022 5080 1105 5124 est
1136 5087 1297 5124 causa
1319 5111 1335 5136 ,
1375 5073 1540 5140 quod,
1577 5086 1632 5122 ιιι
1661 5069 1811 5123 Basi-

239 5141 294 5193 li'i
345 5140 525 5193 verbis
577 5151 720 5206 utar,
749 5157 892 5195 mors
912 5149 962 5193 et
989 5155 1212 5195 somnus
1244 5157 1348 5194 non
1391 5142 1501 5194 sint
1533 5142 1808 5194 contraria

235 5209 534 5280 ἡγούμενα,
580 5211 682 5264 Itoc
709 5219 812 5272 est,
847 5210 1178 5278 principalia.
1207 5209 1498 5274 Caeterum,
1531 5212 1574 5264 si
1601 5213 1725 5278 quid
1752 5211 1808 5263 in

240 5281 321 5332 Itis
350 5284 536 5333 subest
563 5281 930 5344 obscuritatis,
965 5297 1068 5334 non
1098 5282 1281 5334 statim
1315 5281 1430 5347 ejus
1478 5282 1594 5332 vitii
1651 5297 1811 5334 accu-

237 5361 410 5401 satum
453 5351 573 5404 volo
605 5348 861 5402 Basiliuut
904 5367 918 5402 :
975 5352 1068 5404 sed
1133 5353 1312 5418 potius
1340 5352 1688 5412 Eunomium.
1721 5351 1808 5402 cui

240 5421 465 5472 obseura
504 5421 825 5488 proponenti
865 5435 966 5471 non
994 5423 1164 5486 potuit
1190 5420 1421 5473 Basilius
1453 5423 1806 5489 respondere,

239 5489 366 5557 quin
400 5500 452 5541 et
479 5492 587 5554 ipse
610 5492 874 5544 obscurus
900 5506 1018 5541 esse
1051 5493 1344 5543 videretur.

310 5557 423 5625 (12)
451 5561 664 5629 Antiqui
703 5561 812 5614 duo
844 5560 966 5615 libri
997 5558 1076 5630 τῷ
1101 5559 1420 5630 τεθνηκέναι
1442 5560 1504 5612 τὺ
1540 5559 1806 5632 ἀναίσθη-

238 5644 350 5679 τον.

312 5697 421 5766 (15)
452 5697 950 5768 Τῆςάγεννησίας,
971 5702 1398 5768 ingenerationis,
1424 5703 1524 5756 boc
1557 5710 1662 5766 est,
1689 5719 1808 5766 pro-

231 5769 478 5823 @Hddlis
522 5773 656 5834 eius,
696 5788 798 5827 atta
850 5773 976 5828 quid
1036 5773 1325 5838 ingenitum
1372 5783 1466 5825 eu.
1527 5773 1664 5827 Sunt
1715 5773 1807 5840 qui

1915 1827 2024 1878 noli
2067 1826 2399 1894 impietatem
2434 1838 2652 1892 negare.
2686 1822 2782 1877 Est
2813 1823 2962 1877 enim
2996 1823 3332 1891 blasphemia
3363 1833 3483 1883 luu,

1913 1920 2002 1987 qui
2037 1918 2219 1971 dixisti
2249 1934 2264 1970 :
2315 1916 2584 1982 Quantum
2630 1913 2809 1968 dill'ert
2837 1916 3076 1984 genitum
3109 1916 3176 1970 ab
3208 1916 3446 1986 ingenito
3468 1956 3482 1976 .

1913 2021 2123 2064 tantum
2170 2023 2396 2063 necesse
2439 2017 2522 2062 est
2557 2008 2731 2062 lucem
2774 2022 2803 2061 ιι
2839 2008 2960 2063 luce
3008 2008 3248 2063 dill'erre.
3309 2009 3491 2074 Quare

1911 2102 2371 2172 quemadmodum
2405 2101 2495 2170 qui
2528 2102 2743 2169 genitus
2773 2110 2892 2168 est,
2929 2117 3208 2169 nunquam
3261 2102 3489 2171 ingene-

1912 2195 2139 2250 rationis
2179 2196 2284 2248 erit
2317 2194 2587 2262 particeps
2627 2211 2640 2246 :
2682 2193 2761 2248 sic
2811 2209 2935 2248 eum
2977 2194 3114 2247 lucis
3166 2196 3485 2264 participem

1915 2302 2190 2354 nunquam
2232 2285 2423 2342 facies.
2455 2287 2633 2353 Atque
2663 2283 2934 2353 Unigeniti
2961 2287 3264 2340 substantia
3300 2301 3364 2340 ex
3398 2297 3486 2340 tua

1913 2381 2183 2432 sententia
2221 2390 2376 2444 atque
2409 2376 2586 2428 aberit
2612 2376 2680 2428 ab
2711 2389 2775 2428 eo
2818 2383 2875 2426 ιιι
2910 2375 3149 2442 ingenita
3177 2375 3276 2439 sit,
3317 2384 3490 2442 atque

1914 2467 2066 2520 abest
2101 2468 2168 2520 ab
2196 2482 2261 2520 eo
2299 2476 2358 2520 ut
2399 2467 2487 2519 lux
2535 2481 2656 2520 esse
2687 2465 3037 2534 intelligatur,
3071 2476 3127 2519 et
3155 2465 3484 2520 nominetur.

1913 2562 1984 2613 At
2022 2559 2261 2614 Joannes
2297 2575 2487 2628 magna
2522 2559 2755 2627 Spiritus
2796 2573 2929 2612 voce
2963 2557 3220 2611 inclamat
3253 2558 3372 2622 tibi,
3405 2558 3490 2611 di-

1913 2670 2044 2708 cens
2078 2670 2094 2706 :
2131 2651 2263 2706 Erat
2294 2656 2388 2706 tua:
2422 2667 2542 2704 vera
2566 2653 2632 2704 ἰ.
2673 2649 2790 2704 Tibi
2821 2661 2999 2705 tamen
3029 2665 3187 2704 aures
3223 2666 3326 2704 non
3359 2659 3488 2704 sunt

1916 2746 1979 2799 ad
2003 2745 2352 2809 audiendum,
2377 2757 2551 2811 neque
2575 2757 2671 2796 cor
2692 2741 2762 2794 ad
2790 2741 3217 2811 intelligendum.
3249 2741 3358 2794 luto
3385 2741 3490 2794 tuis

1915 2837 2351 2891 cavillationibus
2419 2835 2690 2904 Unigeniti
2742 2834 3103 2888 substantiam
3149 2833 3216 2887 ad
3263 2843 3483 2886 contra-

1918 2933 2052 2985 riam
2092 2942 2373 2995 naturam,
2403 2940 2456 2982 et
2485 2944 2604 2997 qua:
2651 2941 2772 2980 cum
2817 2927 2937 2981 luce
2966 2942 3087 2982 esse
3119 2942 3224 2980 non
3272 2926 3444 2996 possit
3466 2967 3481 2988 ,

1919 3023 2184 3077 detrudis.
2233 3022 2341 3077 Nec
2386 3023 2530 3076 enim
2577 3020 2819 3090 profecto
2861 3023 3095 3074 validum
3138 3021 3268 3074 illud
3298 3022 3483 3085 dices,

1926 3116 2066 3182 quod
2097 3115 2164 3166 ab
2191 3111 2483 3182 Unigenito
2516 3113 2931 3181 appellationem
2962 3112 3095 3166 lucis
3118 3128 3222 3166 non
3253 3112 3492 3166 abstule-

1917 3206 2012 3258 ris.
2046 3203 2160 3256 Non
2191 3204 2335 3259 enim
2369 3204 2420 3257 itt
2454 3218 2586 3257 sono
2616 3205 2781 3265 aeris,
2805 3204 2897 3256 sed
2929 3204 2982 3257 in
3016 3204 3066 3257 vi
3100 3219 3281 3257 rerum
3317 3205 3487 3272 signi-

1917 3299 2194 3351 ﬁcatarnm
2225 3300 2396 3366 pietas
2441 3305 2542 3350 est.
2579 3296 2678 3351 llic
2710 3312 2835 3350 vero
2877 3313 2980 3350 non
3026 3298 3076 3351 itt
3124 3298 3208 3352 his
3235 3300 3488 3367 quievit,

1917 3395 2010 3447 sed
2048 3393 2208 3446 simul
2255 3401 2309 3446 et
2348 3392 2514 3445 vitam
2568 3400 2621 3445 et
2668 3393 2961 3460 potentiam
3016 3393 3158 3446 inter
3207 3408 3266 3446 se
3301 3394 3491 3446 eadem

1915 3488 2189 3541 distantia:
2239 3501 2490 3540 mensura
2542 3487 2848 3540 contrarias
2899 3471 3137 3547 inducit,
3189 3499 3314 3540 cum
3357 3485 3432 3537 ait
3475 3502 3490 3538 :

1915 3579 2188 3646 Quantum
2226 3577 2404 3632 diﬂ‘ert
2445 3579 2685 3645 genitum
2730 3579 2798 3630 ab
2829 3577 3090 3647 ingenito,
3137 3586 3344 3630 tantum
3393 3593 3492 3631 ne-

1917 3685 2068 3723 cesse
2094 3679 2176 3723 est
2207 3669 2379 3723 lucem
2427 3684 2456 3722 a
2495 3669 2613 3722 luce
2651 3667 2890 3732 differre,
2922 3681 2976 3722 et
3005 3671 3168 3721 vitam
3203 3684 3232 3721 a
3270 3671 3402 3734 vita,
3439 3679 3494 3721 et

1919 3765 2218 3835 potentiam
2246 3779 2273 3816 a
2300 3765 2565 3832 potentia.
2599 3762 2764 3833 264
2788 3762 2926 3829 Ergo
2952 3760 3270 3831 Unigeuitus
3296 3778 3493 3816 secun-

1918 3858 2044 3909 dum
2076 3866 2126 3909 te
2157 3871 2256 3910 nec
2283 3856 2389 3909 vita
2421 3865 2525 3918 est,
2557 3871 2655 3908 nec
2683 3855 2944 3923 potetttia.
2979 3859 3045 3908 At
3069 3855 3283 3924 spernis
3312 3854 3494 3908 Domi-

1919 3965 2042 4001 nttm
2079 3950 2272 4014 ipsum,
2302 3949 2391 4016 qui
2430 3949 2559 4001 dicit
2585 3964 2599 4000 :
2634 3945 2748 4015 Ego
2771 3964 2884 4000 sum
2910 3949 3011 4000 vita
3038 3948 3122 4013 ";
3157 3948 3369 4016 spernis
3402 3948 3493 4000 iti-

1917 4037 2038 4090 dem
2087 4037 2340 4098 Paulum,
2373 4038 2461 4105 qui
2503 4038 2643 4089 dixit
2688 4055 2702 4089 :
2741 4035 2986 4091 Christus
3027 4038 3122 4092 Dei
3162 4039 3394 4105 potentia
3423 4038 3491 4092 ”.

1919 4125 2052 4179 Nam
2082 4141 2420 4195 quascunque
2457 4127 2508 4180 in
2537 4128 2910 4196 superioribus
2939 4130 3310 4183 demonstrata
3345 4141 3493 4194 sunt,

1916 4234 1978 4273 ea
2013 4221 2096 4273 bis
2129 4234 2342 4289 quoque
2371 4235 2515 4274 nunc
2539 4222 3112 4276 accomtnodalutntur.
3140 4222 3276 4277 Nam
3309 4240 3485 4294 neque

1918 4313 2108 4374 vitam,
2147 4325 2322 4379 neque
2356 4311 2653 4378 potentiam
2704 4313 2829 4365 vita:
2877 4329 2940 4366 ac
2992 4317 3246 4382 potentia:
3285 4320 3486 4384 opponi

2564 4403 2657 4458 sed
2717 4415 2946 4459 mortem
3002 4418 3054 4460 et
3111 4407 3488 4476 impotentiam

1922 4496 2312 4564 oppositionem
2372 4497 2778 4567 integerrimam
2835 4499 3070 4568 explere.
3130 4500 3336 4566 Quibus
3407 4501 3491 4554 ltic

1927 4591 2050 4654 iste,
2079 4602 2174 4657 per
2202 4586 2487 4641 verborum
2519 4591 2813 4641 versutiam
2843 4590 3022 4642 dolum
3045 4591 3350 4652 occultans.
3389 4591 3497 4648 alte

1895 4945 2040 4984 .voce
2073 4930 2500 4985 inuascibilitatis
2526 4932 2600 4986 uti
2639 4931 2829 4985 malint
2865 4947 2880 4984 :
2909 4931 3024 5001 sed,
3057 4939 3115 4984 ιιι
3140 4931 3315 4984 dicam
3355 4935 3495 5001 quod

1894 5003 2106 5064 sentio,
2138 5003 2188 5056 id
2224 5003 2557 5068 _vocabulutn
2607 5004 2715 5056 vim
2751 5002 2897 5056 vocis
2953 5000 3156 5056 Grow
3201 5017 3306 5054 non
3365 5000 3498 5058 Satis

1907 5073 2214 5139 exprimere
2254 5075 2486 5126 videtur.

1983 5141 2095 5212 (14)
2123 5140 2260 5194 Editi
2295 5152 2348 5194 et
2379 5143 2592 5196 codices
2622 5142 2841 5210 quidam
2876 5143 3212 5212 recentiores
3245 5141 3496 5212 μεταδῶ·

1911 5227 2022 5282 σειί
2041 5211 2109 5282 At
2137 5213 2472 5279 antiquiores
2502 5222 2555 5264 et
2581 5213 2817 5282 melioris
2848 5223 2987 5282 notae
3013 5210 3363 5282 μεταδώσεις.

1980 5280 2094 5350 (15)
2127 5283 2265 5334 Editi
2295 5282 2372 5345 ὡς
2406 5281 2648 5352 ἰσχυρόν.
2690 5283 2886 5336 Vocula
2911 5281 2987 5345 ὡς
3016 5280 3076 5335 in
3106 5285 3499 5352 vetustioribus

1911 5368 2038 5403 mss.
2101 5352 2272 5406 deest.
2325 5353 2444 5404 Mox
2501 5355 2632 5421 Reg.
2681 5353 2901 5420 quintus
2932 5365 2987 5406 et
3037 5354 3167 5406 editi
3209 5351 3310 5405 οὐκ
3342 5353 3498 5421 ἀφεί-

1906 5422 2020 5474 λου.
2049 5424 2149 5474 Alii
2175 5425 2413 5488 quinque
2447 5437 2576 5474 mss.
2610 5423 2709 5475 οὐκ
2743 5421 2970 5491 ἀφείλω.

1981 5493 2092 5612 (ιφ
2129 5493 2264 5574 βιιίιι
2299 5491 2429 5564 ἔστη
2463 5492 2644 5562 μόνον.
2683 5491 2793 5545 Vox
2820 5493 2982 5563 μόνον
3020 5495 3071 5548 in
3102 5493 3306 5548 nostris
3363 5508 3493 5548 mss.

1985 5581 2014 5612 ﬂ
2067 5575 2262 5612 9911111⁸-

1909 5579 2014 5616 non
2049 5575 2262 5618 ΙΘΩΙΙΙΙΓ.

1979 5581 2025 5698 (ni
2041 5579 2277 5702 ajgl'lil't't'd.,
2313 5634 2395 5695 είς
2417 5633 2682 5698 ἐναντίον,
2715 5634 2767 5684 in
2796 5634 2972 5688 tribus
3004 5650 3135 5688 mss.
3177 5635 3350 5688 deest.

1979 5703 2092 5766 (18)
2121 5703 2260 5758 Eliti
2311 5703 2677 5774 τελειοτάτην.
2746 5702 2893 5759 Libri
2960 5720 3170 5762 veteres
3226 5705 3499 5761 τελεωτάο

1907 5788 2026 5842 την.
