3956 6216
214 310 327 363 657

1332 314 1699 369 ADVERSUS
1729 310 2097 370 EUNOMIUM
2137 314 2266 371 LIB.
2310 315 2378 372 ll.

3395 326 3498 382 638

214 447 382 501 νητον
427 430 547 499 οὐχὶ
598 431 845 496 ἐπίτασίς
877 435 992 485 ἐστι
1044 451 1137 485 του
1181 434 1440 505 γεννητοῦ
1466 451 1480 465 ⁸
1525 434 1646 488 οὐδὲ
1706 437 1801 507 μὴν

1919 447 2030 489 ιιιιιι
2055 437 2278 505 ingeniti
2308 445 2392 491 est
2427 438 2678 492 remissio
2703 439 2972 507 quaadam,
3006 442 3100 493 sed
3131 446 3276 493 velut
3298 455 3361 495 ex
3393 444 3479 494 dia

213 522 280 574 τὸ
316 522 429 592 (27)
452 521 710 592 γεννητὸν
741 522 933 592 ὐφεσίς
963 525 1047 589 τίς
1079 524 1194 578 ἐστι
1219 525 1313 579 τοῦ
1340 527 1660 596 ἁγεννήτου·
1688 527 1803 580 ἀλλ’

215 615 385 666 οἱονεὶ
448 615 590 668 κατά
641 616 931 687 διάμετρον
975 618 1181 671 τούτων
1229 619 1379 672 ἐστὶν
1416 621 1449 689 ἡ
1481 620 1801 684 ἀπόστασις.

217 706 350 768 Τοῖς
386 708 483 776 μὲν
517 703 611 761 οὖν
643 709 830 762 οὐσίαν
856 708 1156 778 τιθεμένοις
1171 710 1232 763 τὸ
1247 712 1504 782 γεννητὸν
1522 713 1615 765 καὶ
1642 711 1804 781 ἀγένο

216 815 382 867 νητον
422 800 596 853 ταῦτα
628 801 722 853 καὶ
764 800 843 854 ἔτι
890 801 1060 854 πλείω
1092 801 1296 856 τούτων
1334 802 1689 875 ἀκολουθήσει
1736 802 1806 856 τά

216 889 419 944 ἄτοπα.
450 892 643 944 Ἔσται
675 891 784 963 γάρ
810 893 875 946 ἐκ
902 890 996 945 τοῦ
1035 893 1283 947 ἐναντίου
1320 893 1381 946 τὸ
1427 895 1668 948 ἐναντίον
1713 912 1807 963 γε-

220 999 384 1053 γεννη
394 983 554 1053 μένον
573 1000 587 1013 ο
620 985 712 1037 καὶ
742 986 861 1037 ἀντὶ
881 984 982 1055 τῆς
1006 987 1243 1058 φυσικῆς
1273 988 1602 1051 οἱκειώσεως
1633 990 1801 1057 ἀναγ-

219 1075 354 1127 καία
391 1092 473 1138 τις
513 1075 695 1139 αὐτοῖς
736 1078 832 1130 καὶ
865 1079 983 1129 κατ’
1015 1079 1183 1149 αὐτὴν
1234 1080 1332 1150 τὴν
1378 1080 1488 1150 (ἓὸ)
1533 1081 1719 1133 οὐσίαν
1772 1083 1804 1152 ή

221 1166 413 1229 στάσις
453 1167 875 1237 ἀναφανήσεται.
925 1168 1095 1222 Τοῦτο
1127 1170 1184 1223 δὲ
1222 1172 1394 1225 πλείω
1427 1172 1526 1243 τῆς
1551 1172 1807 1235 ἀσεϐείας

219 1260 319 1331 τὴν
366 1260 606 1331 ἀμαθίαν
645 1260 781 1332 ἔχει,
823 1262 923 1334 τὴν
970 1265 1159 1317 οὐσίαν
1196 1265 1376 1334 λέγειν
1423 1268 1518 1320 καὶ
1552 1266 1806 1338 ᾡτινιοῦν

216 1354 331 1407 τῶν
374 1354 627 1409 ἁπάντων
670 1355 915 1409 ἐναντίαν
952 1352 1092 1410 εἶναι
1140 1360 1205 1429 τῇ
1254 1359 1410 1431 οὐσίᾳ
1462 1359 1595 1428 (29),
1640 1361 1805 1413 πάλαι

217 1445 697 1516 διωμολογημένον
724 1448 816 1501 καὶ
851 1448 1001 1520 παρά
1021 1452 1134 1511 τοῖς
1167 1449 1270 1513 ἔξω
1301 1454 1481 1518 σοφοῖς
1508 1449 1645 1515 (οὓς,
1679 1452 1807 1506 ὅταν

224 1538 300 1609 μὴ
332 1537 566 1610 εὕρωσιν
618 1534 761 1594 οὗτοι
822 1542 1354 1611 συναγωνιζομένους
1408 1546 1531 1606 ταῖς
1567 1542 1807 1616 βλασφη-

224 1630 377 1699 μίαις
431 1632 639 1698 αὐτῶν,
698 1633 773 1696 ὡς
818 1633 1031 1696 οὐδενὸς
1082 1634 1267 1698 ἀξίους
1302 1635 1804 1706 παραλογίζονται),

220 1726 500 1794 ἀμήχανον
548 1724 814 1796 ὑπάρχειν
854 1726 912 1778 ὲν
958 1725 1115 1798 οὐσίᾳ
1154 1727 1254 1800 τὴν
1286 1729 1622 1783 ἐναντίωσιν.
1671 1730 1733 1781 Εἰ
1762 1730 1806 1782 δ’

1914 539 2084 583 metro
2107 530 2299 583 horum
2323 529 2579 584 distantia
2602 540 2704 585 est.
2728 530 2832 585 Eos
2865 531 3051 600 igitur,
3070 532 3161 599 qui
3184 533 3423 601 genitum
3447 545 3496 586 et

1913 621 2204 689 ingenitum
2231 620 2585 674 substantiam
2620 622 2827 685 dicunt,
2848 622 2960 675 haec
2987 632 3040 674 et
3072 623 3251 677 adhuc
3279 622 3364 677 his
3391 623 3498 691 plu-

1915 727 2000 765 res
2033 712 2245 780 ineptia:
2267 723 2579 780 sequentur.
2610 710 2740 765 Nam
2770 711 3101 766 contrarium
3134 728 3198 768 ex
3227 718 3499 768 contrartu

1913 805 2144 872 genitum
2172 806 2463 874 erit,atque
2493 819 2587 871 pro
2621 805 2852 858 naturali
2877 805 3274 874 conjunctione,
3316 821 3494 860 neces-

1913 895 2054 948 saria
2087 897 2331 965 quaedam
2375 896 2567 949 seditio
2609 898 2773 950 etiam
2811 899 3108 951 secundum
3158 899 3329 966 ipsam
3372 900 3497 952 sub-

1913 987 2169 1041 stantiam
2205 988 2336 1055 ipsis
2361 988 2540 1041 inerit.
2583 986 2695 1042 Hoc
2722 996 2902 1041 autem
2928 989 3189 1058 majorem
3229 990 3499 1044 inscitiam

1914 1095 2075 1145 quam
2095 1081 2423 1150 impietatem
2452 1095 2564 1148 prm
2592 1094 2650 1133 se
2683 1078 2806 1143 fert,
2836 1081 2881 1135 si
2916 1082 3040 1149 quis
3070 1083 3219 1136 dicat
3244 1084 3495 1136 substan.

1917 1173 2043 1227 tiam
2099 1188 2197 1242 per
2245 1173 2601 1226 substantiam
2653 1173 2827 1225 cuivis
2861 1176 3104 1226 omnium
3156 1188 3338 1228 rerum
3379 1189 3506 1228 esse

1914 1267 2261 1329 contrariam,
2288 1279 2410 1319 cum
2433 1264 2545 1333 jam
2574 1265 2703 1318 olim
2742 1279 2829 1319 res
2854 1263 3104 1319 confessa
3138 1266 3204 1319 sit
3237 1266 3322 1319 vel
3360 1266 3503 1334 apud

1913 1364 2171 1411 externos
2200 1355 2477 1426 sapientes
2502 1357 2665 1425 (quos
2690 1372 2813 1410 cum
2851 1371 2957 1410 non
2982 1357 3295 1410 invenerint
3322 1356 3380 1411 bi
3405 1371 3503 1426 pro

1914 1447 2029 1501 suis
2058 1446 2408 1515 blasphemiis
2448 1447 2791 1501 decertantes
2814 1486 2830 1511 ,
2864 1455 2922 1499 ut
2952 1446 3150 1501 nullius
3196 1449 3356 1517 pretii
3408 1451 3506 1502 lio-

1915 1539 2089 1593 mines
2111 1538 2460 1610 despiciunt),
2497 1539 2614 1594 ﬁeri
2659 1555 2765 1593 non
2797 1554 2976 1608 posse,
3005 1547 3064 1593 ut
3107 1540 3161 1594 in
3199 1541 3503 1596 substantia

1914 1631 1985 1685 sit
2021 1634 2401 1686 contrarietas.
2432 1631 2585 1698 Quod
2624 1630 2670 1685 si
2698 1630 2993 1699 quispiam,
3022 1631 3076 1685 id
3119 1632 3277 1709 quod,
3313 1649 3504 1688 verum

1914 1730 2018 1784 est,
2055 1722 2298 1791 genitum
2347 1733 2401 1776 et
2441 1722 2741 1791 ingenitum
2772 1719 2890 1774 vult
2936 1736 3060 1777 esse
3096 1721 3307 1778 indices
3338 1740 3505 1793 quas-

217 1818 357 1888 ὅπερ
390 1818 535 1869 ἐστὶν
566 1816 783 1887 ἀληθὲς,
821 1818 1186 1891 γνωριστικάς
1217 1835 1368 1881 τινας
1393 1818 1660 1889 ἰδιότητας
1689 1823 1801 1874 ἐπι-

1911 1813 2028 1866 dam
2071 1814 2457 1882 proprietates,
2486 1827 2606 1882 quae
2639 1812 2693 1866 in
2724 1811 3028 1867 substantia
3060 1813 3503 1880 considerentur,

218 1907 596 1977 θεωρουμένας
626 1910 690 1977 τῇ
720 1907 877 1978 οὐσίᾳ
905 1908 1112 1979 δέχοιτό
1148 1926 1231 1972 τις
1272 1904 1410 1963 εἶναι
1443 1906 1503 1962 τὸ
1547 1913 1805 1982 γεννητὸν

216 1999 396 2052 καὶτὸ
422 1999 735 2070 ἀγέννητον,
782 2000 918 2071 πρὸς
959 2000 1058 2072 τὴν
1107 2002 1314 2071 τρανὴν
1351 2003 1446 2055 καὶ
1497 2003 1805 2074 ἀσύγχυτον

218 2090 433 2161 Ηατρὸς
462 2091 557 2143 καὶ
593 2090 720 2143 Υξοῦ
757 2091 1204 2161 χειραγωγούσας
1229 2092 1459 2157 ἔννοιαν,
1494 2096 1586 2147 τόν
1617 2110 1676 2148 τε
1704 2096 1805 2167 τῆς

214 2181 471 2243 ἀσεϐείας
501 2181 848 2250 διαφεύξεται
878 2182 1141 2245 κίνδυνον,
1176 2175 1355 2237 καὶτὸ
1389 2186 1448 2238 ὲν
1491 2187 1604 2249 τοῖς
1661 2186 1806 2256 λογι-

217 2276 377 2344 σμοῖς
413 2273 702 2328 ἀκόλουθον
768 2274 1047 2331 διασώσει.
1082 2277 1148 2330 Αἰ
1204 2276 1315 2348 γάρ
1368 2295 1450 2331 τοι
1508 2278 1803 2351 ἰδιότητες,

214 2368 378 2421 οἱονεὶ
407 2368 755 2441 χαρακτῆρες
784 2369 895 2439 (50)
928 2387 1075 2432 τινες
1103 2370 1197 2422 καὶ
1235 2372 1439 2443 μορφαὶ
1470 2371 1804 2444 ὲπιθεωρούρ

218 2468 378 2527 μεναι
406 2462 469 2530 τῇ
499 2460 676 2530 οὐσίᾳ,
721 2459 994 2531 διαιροῦσι
1032 2460 1131 2530 μὲν
1179 2461 1241 2514 τὸ
1277 2452 1453 2515 κοινὸν
1501 2466 1613 2526 τοῖς
1670 2464 1804 2519 ίδιά-

217 2550 370 2612 ζουσι
405 2550 770 2621 χαρακτῆρσιο
798 2551 857 2603 τὸ
885 2551 941 2604 δὲ
983 2553 1219 2623 όμοφυὲς
1255 2540 1354 2623 τῆς
1382 2554 1568 2617 οὐσίας
1599 2555 1661 2608 οὐ
1690 2555 1807 2609 δια-

218 2642 527 2695 κόπτουσιν.
566 2636 712 2707 Οίον,
743 2642 896 2714 κοινὴ
936 2643 1037 2713 μὲν
1075 2644 1191 2715 (51)
1217 2647 1252 2716 ἡ
1295 2644 1507 2716 θεότης,
1538 2646 1804 2719 ἰδιώματα

215 2732 274 2784 δέ
323 2749 447 2786 τινα
482 2732 758 2807 πατρότης
790 2735 884 2786 καὶ
935 2735 1124 2806 υἰότης
1147 2748 1162 2760 “
1196 2735 1262 2787 ὲκ
1311 2735 1369 2788 δὲ
1414 2737 1513 2808 τῆς
1544 2738 1802 2809 ἑκατέρου

220 2824 559 2895 συμπλοκῆς,
587 2825 682 2878 τοῦ
714 2843 773 2879 τε
804 2826 987 2880 κοινοῦ
1010 2828 1105 2881 καὶ
1134 2828 1230 2882 τοῦ
1262 2829 1412 2894 ἰδίου,
1438 2828 1470 2902 ἠ
1501 2830 1804 2902 κατάληψις

217 2915 351 2984 ἡμῖν
381 2914 481 2984 τῆς
510 2913 768 2984 ἀληθείας
807 2916 1120 2984 ἐγγίνεται⁹
1165 2915 1329 2979 ὥστε,
1370 2918 1665 2989 ἀγέννητον
1705 2919 1804 2989 μὲν

221 3005 337 3074 φῶς
359 3004 718 3070 ἀκούσαντας,
749 3006 840 3059 τὸν
874 3008 1094 3079 Πατέρα
1124 3012 1287 3076 νοεῖν,
1310 3010 1567 3082 γεννητὸν
1593 3010 1649 3063 δὲ
1665 3010 1800 3080 φῶς,

216 3098 315 3169 τὴν
346 3097 439 3151 τοῦ
474 3098 605 3151 Υἰοῦ
650 3098 947 3169 λαμϐάνειν
977 3100 1183 3154 ἔννοιαν
1203 3119 1215 3131 -
1247 3101 1383 3155 καθὸ
1435 3103 1533 3173 μὲν
1567 3101 1682 3171 φῶς
1712 3104 1803 3155 καὶ

1908 1919 2136 1973 (pieque
2160 1904 2227 1958 ad
2258 1903 2461 1959 claram
2496 1919 2561 1959 ac
2592 1904 2931 1959 inconfusam
2966 1905 3148 1961 Patris
3173 1916 3229 1961 et
3254 1905 3379 1962 Filii
3405 1923 3504 1963 no-

1906 1998 2108 2050 tionem
2139 1998 2293 2063 quasi
2324 2010 2485 2051 manu
2512 1998 2735 2060 ducant,
2773 1998 2818 2052 is
2863 2006 2918 2052 et
2941 1997 3236 2067 impietatis
3282 2002 3499 2070 pericu-

1906 2089 2016 2143 lum
2057 2087 2295 2159 eﬂugiet,
2323 2099 2377 2142 et
2409 2089 2838 2144 ratiocinationis
2860 2094 3299 2147 consecutionem
3330 2095 3503 2147 tuebi-

1908 2190 2011 2235 tur.
2043 2180 2177 2236 Nam
2231 2182 2623 2250 proprietates,
2656 2199 2776 2253 quin
2821 2186 2987 2240 veluti
3021 2186 3241 2253 quidam
3302 2186 3501 2241 chara—

1906 2284 2082 2328 cteres
2128 2286 2194 2326 ac
2244 2272 2437 2327 format
2481 2270 2536 2327 in
2586 2273 2891 2329 substantia
2945 2276 3382 2339 considerantur.
3447 2277 3502 2331 id

1906 2365 2047 2433 quod
2078 2377 2366 2418 commune
2386 2371 2471 2418 est
2502 2364 2843 2433 distinguunt
2860 2365 3081 2435 quidem
3114 2368 3352 2436 propriis
3376 2367 3505 2422 cha-

1908 2456 2208 2511 racteribus
2246 2470 2260 2506 :
2297 2463 2355 2508 at
2392 2455 2716 2511 substantia:
2743 2458 3191 2513 communitatem
3227 2473 3334 2513 non
3371 2459 3505 2514 diri-

1907 2556 2081 2600 munt.
2134 2547 2379 2618 Exempli
2423 2562 2623 2613 causa,
2658 2548 2832 2604 deitas
2867 2550 3175 2605 communis
3200 2562 3309 2621 est,
3372 2565 3501 2619 pro-

1907 2640 2166 2709 prietates
2199 2654 2327 2695 vero
2359 2649 2488 2695 sunt
2532 2642 2837 2711 paternitas
2859 2650 2915 2696 et
2943 2642 3156 2696 illiatio.
3189 2640 3268 2696 Ex
3300 2645 3503 2698 utrius-

1906 2746 2011 2799 que
2033 2738 2211 2785 autem
2240 2731 2543 2800 complexu,
2587 2741 2700 2793 tum
2744 2732 3074 2798 communis,
3118 2741 3232 2787 tum
3268 2735 3499 2804 proprii,

1907 2821 2210 2876 innascitur
2258 2824 2413 2878 nobis
2471 2825 2887 2894 comprehensio
2937 2825 3205 2879 veritatis.
3265 2824 3502 2880 Proinde

1906 2928 2029 2967 cum
2080 2913 2379 2982 ingenitam
2425 2915 2603 2970 lucem
2649 2916 2936 2982 audimus,
2977 2915 3195 2970 Patrem
3244 2917 3502 2988 intelligi-

1907 3021 2029 3061 mus
2057 3022 2072 3060 :
2099 3018 2221 3059 cum
2253 3021 2386 3062 vero
2421 3007 2658 3077 genitam
2691 3008 2888 3073 lucem,
2923 3008 3045 3062 Filii
3077 3008 3376 3078 accipimus
3404 3024 3502 3063 no-

1912 3099 2133 3154 tionem.
2162 3096 2299 3153 Nam
2326 3107 2595 3168 quatenus
2629 3099 2846 3168 quidem
2877 3098 2964 3153 lux
2991 3107 3046 3153 et
3070 3099 3159 3153 lux
3185 3110 3333 3166 sunt,
3356 3099 3502 3153 nulla

218 3167 354 3258 φῶς,
382 3191 635 3261 οὐδεμιᾶς
683 3167 741 3245 ἐν
785 3193 969 3257 αὐτοῖς
1013 3194 1387 3266 ἐναντιότητος
1412 3167 1797 3266 ὐπαρχούσης.

1911 3200 1994 3247 est
2028 3191 2080 3245 in
2106 3191 2186 3246 eis
2213 3167 2573 3247 contrarietas
2596 3207 2611 3243 :
2632 3184 2897 3260 quatenus
2919 3206 3050 3247 vero
3075 3192 3314 3262 genitum
3345 3204 3400 3247 et
3420 3194 3504 3245 in-

216 3282 352 3336 καθὸ
379 3282 436 3336 δὲ
458 3282 713 3354 γεννητὸν
740 3284 833 3337 καὶ
861 3285 1177 3357 ἀγέννητον,
1198 3285 1496 3357 ὲπιθεωρου
1506 3286 1674 3358 μένης
1701 3287 1801 3358 τῆς

219 3374 565 3439 ἀντιθέσεως.
595 3373 745 3446 Αὕτη
776 3376 883 3448 γὰρ
904 3376 1013 3430 τῶν
1039 3377 1346 3448 ἰδιωμάτων
1372 3379 1405 3449 ἡ
1430 3378 1612 3448 φύσις,
1650 3380 1707 3433 ὲν
1730 3382 1797 3450 τῇ

216 3466 316 3535 τῆς
340 3467 526 3530 οὐσίας
552 3467 838 3539 ταυτότητι
873 3469 1145 3523 δεικνύναι
1183 3470 1282 3542 τὴν
1310 3472 1606 3543 ἑτερότητα
1642 3471 1756 3544 (52)
1780 3490 1794 3503 ο

216 3559 311 3611 καὶ
330 3560 469 3613 αὐτά
488 3560 586 3631 μὲν
603 3562 736 3631 πρὸς
753 3560 954 3631 ἄλληλα
966 3562 1293 3634 ἀντιδιαιρού
1303 3579 1437 3633 μενα
1458 3562 1716 3627 πολλάκις
1731 3563 1800 3617 τὰ

222 3649 508 3720 ἰδιώματα,
530 3651 667 3721 πρὸς
682 3652 743 3704 τὸ
762 3652 1001 3705 ἐναντίον
1021 3652 1347 3716 διίστασθαι,
1362 3656 1461 3723 τήν
1474 3670 1537 3721 γε
1558 3653 1654 3724 μὲν
1680 3653 1799 3706 ἑνό-

217 3758 354 3812 τητα
372 3744 466 3812 τῆς
496 3744 685 3806 οὐσίας
715 3746 789 3815 μὴ
821 3745 1074 3797 διασπᾶν·
1095 3744 1171 3806 ὡς
1192 3744 1253 3797 τὸ
1277 3745 1482 3815 πτηνὸν
1503 3745 1598 3797 καὶ
1618 3744 1679 3798 τὸ
1698 3762 1800 3798 πε-

229 3834 329 3899 ζὸν,
352 3834 445 3887 καὶ
462 3834 521 3887 τὸ
534 3834 749 3905 ἔνυδρον
763 3837 857 3889 καὶ
880 3836 941 3888 τὸ
969 3838 1242 3907 χερσαῖον,
1261 3835 1353 3888 καὶ
1371 3835 1432 3889 τὸ
1461 3834 1676 3904 λογικὸν
1706 3837 1801 3890 καὶ

216 3927 280 3983 τὸ
308 3925 517 3994 ἄλογον.
549 3928 694 3990 Μιᾶς
725 3928 833 3999 γὰρ
865 3928 1053 3991 οὐσίας
1078 3930 1191 3990 τοῖς
1218 3928 1384 3980 πᾶσιν
1408 3927 1797 3998 ὑποκειμένης,

218 4017 283 4069 τὰ
317 4017 585 4088 ἰδιώματα
614 4017 786 4071 ταῦτα
818 4019 916 4071 οὐκ
953 4018 1224 4089 ἀλλοτριοῖ
1266 4018 1366 4088 τὴν
1412 4016 1600 4071 οὐσίαν
1621 4058 1634 4082 ,
1675 4018 1798 4071 οὐδὲ

220 4108 383 4159 οἱονε)⁵
436 4106 820 4171 συστασιάζειν
873 4110 1084 4172 ἑαυτοῖς
1137 4105 1459 4161 ἀναπείθει⁹
1511 4109 1578 4178 τῇ
1643 4107 1798 4178 ἐνερ-

222 4199 345 4270 γείᾳ
374 4200 483 4269 (55)
530 4199 586 4252 δὲ
618 4199 725 4253 τῶν
770 4201 1188 4272 γνωρισμάτων,
1231 4199 1422 4272 ὥσπερ
1449 4217 1502 4253 τι
1539 4200 1657 4271 φῶς
1678 4203 1799 4264 ταῖς

221 4290 419 4359 ψυχαῖς
447 4290 602 4361 ἡμῶν
641 4292 933 4356 ὲντιθέντα,
964 4293 1103 4363 πρὸς
1130 4292 1230 4362 τὴν
1261 4291 1488 4363 ὲφικτὴν
1524 4295 1644 4355 ταῖς
1679 4291 1799 4347 δια-

222 4381 391 4444 νοίαις
448 4382 660 4436 σύνεσιν
698 4385 899 4455 ὁδηγεῖ.
943 4383 1081 4436 Ἀλλ’
1110 4379 1285 4447 οὗτος,
1334 4385 1435 4454 τὴν
1494 4384 1603 4437 τῶν
1651 4384 1798 4437 ίδιω-

226 4473 408 4544 μάτων
459 4473 731 4529 ἀντίθεσιν
796 4475 932 4545 πρὸς
979 4475 1077 4546 τὴν
1137 4474 1325 4529 οὐσίαν
1379 4475 1752 4547 μετακομίσας
1781 4515 1796 4541 ,

222 4562 470 4617 ἐντεῦθεν
521 4566 619 4636 τὴν
666 4567 920 4637 ἀφορμὴν
981 4568 1082 4636 τῆς
1145 4566 1400 4631 ἀσεϐείας
1468 4567 1797 4637 ἐφέλκεται,

222 4656 409 4727 ὥσπερ
429 4658 624 4722 παῖδας
658 4660 804 4730 ἡμᾶς
848 4658 1347 4731 μορμολυττόμενος
1380 4662 1493 4723 τοῖς
1531 4661 1800 4730 σοφίσμα-

291 5020 570 5093 (27)ῌΕιΙί-ῑί
599 5021 720 5076 οὐδὲ
751 5022 1021 5078 ἀνάπαλιν
1052 5023 1135 5078 τό.
1191 5024 1413 5080 Veteres
1444 5023 1689 5092 quinque
1726 5020 1795 5075 li-

221 5091 307 5146 bri
326 5091 447 5144 οὐδὲ
478 5091 584 5164 μὴν
620 5093 702 5145 τό.

290 5183 399 5254 (28)
431 5183 798 5256 CodexﬂColb.
830 5195 884 5238 et
914 5186 1044 5240 editi
1076 5186 1216 5240 κατὰ
1246 5202 1453 5256 ταυτην
1500 5189 1627 5256 τήν.
1686 5184 1790 5256 Alii

223 5252 322 5327 (lup
346 5269 473 5327 mss.
498 5253 649 5327 Regii
677 5256 795 5327 κατ’
825 5256 994 5327 αὐτὴν
1024 5258 1146 5327 τήν.
1174 5252 1467 5327 Aliquanto
1504 5252 1626 5324 post
1655 5255 1791 5306 editi

222 5322 374 5445 Ξοῦτο
400 5324 458 5378 δὲ
506 5322 602 5381 καῖ
637 5324 828 5379 πλείω.
867 5322 1206 5382 Vocula-xui
1247 5322 1302 5381 in
1361 5322 1603 5396 QttinQue
1662 5340 1793 5378 mss.

257 5405 384 5445 eest.

257 5405 384 5447 eest.

291 5464 405 5538 (29)
422 5461 577 5530 Illud,
600 5464 678 5535 τῇ
689 5467 888 5537 οὐσίᾳ,
906 5466 1103 5538 legitur
1125 5466 1339 5538 quidem
1367 5468 1422 5521 in
1442 5468 1650 5538 duobus
1671 5480 1798 5518 mss.

225 5535 442 5607 perinde
472 5544 631 5603 atque
655 5544 705 5591 in
744 5535 1009 5607 vulgatis—2
1046 5538 1139 5591 sed
1165 5536 1218 5589 in
1250 5537 1373 5591 aliis
1397 5536 1681 5592 codicibus
1709 5542 1804 5589 aut

224 5604 366 5655 deest
402 5608 641 5673 omnino,
666 5619 755 5661 aut
778 5604 1018 5661 additum
1043 5616 1128 5661 est
1166 5607 1402 5661 secunda
1434 5622 1617 5661 manu.

289 5679 649 5771 {39)‘Antiqui
698 5709 809 5771 tres
866 5699 986 5752 libri
1049 5699 1213 5754 οἱονεὶ
1251 5697 1621 5771 χαρακτῆρες.
1678 5694 1794 5753 Vox

225 5767 379 5819 οἰονεί
408 5768 458 5821 in
489 5770 650 5825 editis
686 5770 1120 5828 desiderabatur.

1907 3285 2176 3357 genitum,
2212 3293 2435 3354 apparet
2460 3284 2747 3353 Oppositio.
2790 3282 2918 3338 llaac
2970 3294 3054 3339 est
3091 3285 3234 3339 enim
3264 3285 3504 3354 proprie-

1911 3389 2080 3433 tatum
2112 3387 2327 3442 natura,
2352 3386 2412 3429 ut
2445 3375 2499 3429 in
2532 3374 2848 3429 substantiae
2878 3375 3159 3431 identitate
3186 3376 3328 3429 aliud
3347 3378 3504 3444 quid-

1908 3470 2033 3524 dam
2057 3469 2370 3534 ostendant,
2389 3478 2556 3538 utque
2580 3469 2707 3538 ipsa:
2729 3470 2946 3537 quidem
2976 3467 3339 3539 proprietates
3364 3478 3499 3535 tum,

1909 3577 2032 3616 cum
2061 3573 2202 3630 saepe
2232 3559 2374 3614 inter
2403 3572 2462 3614 se
2503 3572 2570 3613 ex
2619 3557 2848 3613 adverso
2877 3557 3219 3623 dividuntur,
3258 3560 3326 3613 ad
3368 3572 3502 3613 con-

1911 3655 2135 3708 trarium
2178 3650 2495 3714 discedant,
2526 3663 2626 3704 nec
2659 3656 2838 3703 tamen
2880 3648 3196 3705 substantiae
3235 3649 3498 3704 unitatem

1909 3744 2165 3798 divellant
2191 3759 2205 3796 :
2227 3742 2368 3813 quod
2394 3754 2563 3813 genus
2583 3752 2708 3795 sunt
2728 3741 2943 3796 volatile
2963 3751 3015 3795 et
3040 3741 3310 3811 pedestre,
3330 3755 3472 3812 aqua
3487 3772 3502 3782 -

1911 3836 2000 3890 tile
2029 3843 2083 3888 et
2120 3844 2390 3897 terrestre,
2432 3832 2694 3885 rationale
2738 3840 2789 3885 ct
2820 3831 3153 3886 irrationale.
3192 3831 3328 3887 Cum
3353 3835 3497 3886 enim

1906 3927 2207 3983 substantia
2250 3941 2352 3980 una
2396 3924 2648 3980 omnibus
2687 3922 2926 3990 subjecta
2973 3927 3081 3990 sit,
3126 3924 3209 3978 liae
3254 3926 3501 3995 pr0pric-

1858 4066 1863 4071 .
1911 4031 2045 4074 tates
2071 4018 2434 4073 substantiam
2468 4030 2571 4070 non
2600 4016 2805 4070 faciunt
2830 4016 3120 4081 diversam,
3140 4032 3313 4086 neque
3340 4018 3497 4088 quasi

1906 4112 1972 4166 ad
2007 4123 2187 4166 mutua
2220 4110 2441 4166 dissidia
2474 4109 2736 4163 inducunt
2764 4125 2778 4162 :
2808 4109 2902 4163 sed
2934 4109 3255 4164 indiciorum
3280 4111 3332 4163 vi
3356 4111 3502 4166 velut

1909 4209 2081 4262 lucem
2115 4206 2404 4276 quamdam
2450 4205 2652 4260 nostris
2709 4206 2905 4259 animis
2947 4206 3277 4276 ingerentes,
3311 4206 3380 4262 ad
3410 4206 3497 4262 in-

1910 4301 2258 4371 telligentiam
2310 4312 2474 4368 quam
2509 4312 2662 4353 mens
2713 4299 2929 4367 assequi
2975 4299 3146 4367 possit
3199 4300 3496 4353 deducunt.

1907 4392 2006 4446 llic
2030 4401 2213 4445 autem
2241 4389 2630 4458 proprietatum
2652 4387 2991 4456 Oppositione
3018 4387 3085 4441 ad
3119 4386 3484 4442 substantiam

1910 4483 2188 4543 translata,
2216 4480 2345 4534 hinc
2375 4478 2669 4547 impietatis
2697 4488 2883 4530 ansam
2907 4478 3104 4546 carpit,
3138 4492 3235 4531 nos
3265 4476 3496 4530 cavilla-

1911 4579 2116 4631 tiouum
2171 4573 2323 4643 quasi
2380 4570 2544 4624 larvis
2595 4576 2911 4638 perterrens
2958 4579 3214 4636 tauquam
3252 4582 3494 4636 pueros;

1911 4668 2053 4738 quod
2080 4667 2124 4721 si
2155 4664 2299 4719 aliud
2319 4663 2448 4733 quid
2494 4662 2654 4716 fuerit
2694 4661 2784 4716 lux
2815 4669 3010 4729 printer
3043 4660 3363 4730 ingenitum,
3396 4672 3494 4712 ne-

1973 5019 2086 5091 (5l)
2114 5017 2249 5088 Reg.
2284 5016 2474 5071 tertius
2512 5013 2691 5069 κοινὸν
2712 5012 2835 5086 μέν,
2868 5014 3172 5080 estaliquid
3200 5028 3492 5068 commune.

1970 5110 2084 5182 (52)
2117 5107 2513 5182 Trapezuntius
2541 5106 3077 5182 \iOCCIIlhétepdt‘IIta
3116 5105 3190 5159 ita
3237 5104 3494 5182 reddidit,

1899 5177 2310 5237 distinctionem.
2346 5177 2668 5237 Carnarius,
2705 5177 3107 5229 diversitatem:
3145 5177 3285 5242 quod
3334 5179 3494 5228 abso—

1900 5269 2028 5308 num
2069 5263 2210 5311 esse,
2245 5247 2327 5301 vel
2359 5261 2425 5300 ex
2463 5246 2688 5299 auribus
2712 5245 2846 5299 disci
2878 5255 3077 5313 potest.
3111 5243 3342 5298 Penuria
3384 5246 3490 5296 lin—

1899 5339 2016 5394 gua:
2048 5321 2255 5373 Latina:
2291 5317 2441 5378 facit,
2473 5325 2531 5369 ut
2566 5329 2627 5369 ea
2663 5330 2765 5371 vox
2794 5317 3027 5384 exprimi
3054 5316 3145 5368 vix
3190 5317 3382 5383 possit.

1978 5416 2091 5481 (55)
2131 5411 2263 5481 Reg.
2299 5408 2573 5481 secundus
2622 5409 2688 5478 τῇ
2716 5407 2996 5481 ἐναργείᾳ,
3043 5408 3322 5481 evidentia
3353 5408 3495 5481 indi:

1902 5477 2126 5540 ciarum.
2168 5477 2274 5534 Alii
2313 5479 2553 5547 quinque
2609 5477 2740 5532 is.
2767 5477 2825 5532 et
2852 5477 2978 5532 editi
3014 5480 3081 5547 τῇ
3110 5477 3382 5547 ἐνεργείᾳ,
3443 5477 3492 5530 vi

1898 5568 2054 5623 atque
2083 5552 2315 5623 eﬂ‘icacia
2348 5547 2691 5623 indiciorum.
2723 5548 2909 5623 Lectio
2945 5560 3177 5617 utraque
3211 5549 3495 5623 invenitur

1899 5617 2135 5692 in'lteg."
2156 5622 2339 5682 tertio,
2376 5617 2458 5671 sic
2491 5627 2549 5669 ut
2580 5618 2790 5692 legatur
2822 5619 3008 5692 prima
3043 5633 3205 5692 manu
3234 5620 3298 5692 τῇ
3335 5620 3488 5692 ἐνερη

1895 5696 2038 5762 γείᾳ,
2071 5688 2329 5762 secunda
2369 5701 2496 5741 vero
2543 5690 2611 5758 τῇ
2646 5688 2930 5762 ἐναργείᾳ.
2971 5688 3087 5762 Hoc
3116 5689 3231 5755 ipso
3264 5690 3319 5742 in
3369 5690 3489 5745 loco

1895 5751 2037 5821 ὀιιὶίῖ
2057 5756 2168 5817 οἷόν
2202 5779 2278 5817 τι.
2308 5761 2376 5815 At
2407 5771 2534 5814 tuss.
2564 5751 2809 5829 plerique
2838 5751 3026 5816 omnes
3055 5751 3245 5829 ὥσπερ
3268 5776 3341 5829 τι.
