3956 6216
237 335 338 390 641

1337 327 1706 388 ADVERSUS
1743 326 2112 388 EUNOMIUM
2149 326 2279 382 LIB.
2324 323 2391 382 ll.

3381 315 3491 374 διε

241 472 395 516 σωσι,
417 450 602 507 τοῦτον
632 453 725 508 καὶ
749 454 842 507 ἐπὶ
870 452 966 525 τῆς
999 450 1092 507 τοῦ
1113 452 1406 525 ἀγεννήτου
1440 468 1809 524 προσηγοριας

1921 447 2185 504 nominum
2213 445 2549 517 signiﬁcetur
2577 457 2591 496 :
2617 457 2684 496 an
2713 441 2828 496 haec
2849 445 3000 494 ext-ra
3021 433 3378 492 substantiam
3405 434 3489 489 iu-

239 543 764 609 καταδειξάσθωσαν.

312 801 398 854 50.
454 799 766 870 Ἐμπλήσας
794 799 850 852 δὲ
880 799 968 853 τὸν
999 798 1108 870 (4⁸2)
1139 798 1297 867 λόγον
1334 801 1599 872 φλυαρίας
1626 777 1807 872 κενῆς,

241 892 336 945 καὶ
384 890 602 944 πάντων
637 890 770 960 ὁμοῦ
801 890 910 944 τῶν
953 889 1172 944 πώποτε
1220 893 1348 963 περὶ
1394 891 1490 963 τὴν
1527 893 1622 946 τοῦ
1676 893 1811 946 Θεοῦ

239 982 442 1052 γνῶσιν
472 982 842 1052 ὲσχολακότων
871 981 1257 1053 κατεπαρθεὶς,
1283 983 1358 1046 ὡς
1380 984 1540 1048 αὐτὸς
1557 984 1671 1038 ὁδόν
1693 1003 1814 1040 τινα

240 1075 434 1145 καινὴν
466 1075 559 1128 καὶ
585 1074 894 1144 πρόσφατον
924 1073 1216 1145 τετμηκὼς
1256 1075 1396 1146 πρὸς
1421 1077 1510 1129 τὸν
1551 1076 1685 1129 Θεὸν
1716 1078 1814 1146 φέ-

243 1185 465 1238 ρουσαν,
501 1167 566 1238 ἣν
589 1167 762 1228 οὐδεὶς
801 1165 909 1218 τῶν
946 1167 1229 1238 προτέρων
1257 1167 1475 1238 ἐξεῦρε,
1505 1169 1813 1222 τελευταῖον

241 1259 460 1326 ἐπάγει,
502 1259 577 1321 ὡς
624 1260 753 1328 παρ’
806 1257 978 1325 αὐτῆς
1017 1257 1395 1328 δεδιδαγμένος
1423 1257 1516 1310 τοῦ
1548 1257 1681 1310 Θεοῦ
1716 1258 1816 1328 τῆς

241 1349 451 1415 οὐσίας,
485 1349 584 1417 τὴν
617 1348 758 1401 κατὰ
785 1346 878 1399 τοῦ
907 1347 1038 1400 Υίοῦ
1068 1347 1433 1418 βλασφημίαν.

314 1523 472 1575 ΕΥΝ.
495 1523 615 1575 ’Ότι
647 1523 680 1592 ἡ
712 1522 809 1592 μὲν
839 1523 1092 1595 ἀνωτέρω
1133 1522 1404 1602 βασιλείας
1433 1523 1544 1594 (45)
1569 1525 1662 1576 καὶ
1693 1523 1820 1576 πάν-

241 1633 309 1686 τη
361 1615 627 1684 γενέσεως
677 1616 1047 1679 ἀνεπίδεκτος,
1095 1615 1306 1678 τούτοις
1349 1614 1678 1669 παιδεύουσα
1719 1616 1818 1686 τὴν

245 1711 364 1780 μετ’
388 1711 598 1773 εὐνοίας
641 1710 971 1781 προσιοῦσαν
1004 1711 1262 1773 διάνοιαν,
1294 1709 1530 1763 ἀπωθεῖν
1566 1708 1642 1772 ὡς
1685 1713 1817 1783 πορ-

1912 541 2212 610 telligemus
2244 538 2268 590 ?
2295 537 2684 603 Quamcunque
2724 533 2884 600 igitur
2915 532 2967 585 in
3001 541 3326 596 unoquoque
3365 525 3487 580 illo—

1912 645 2032 685 rum
2068 626 2496 698 excogitaverint
2519 625 2806 688 rationem,
2837 637 2958 677 eam
2997 634 3210 690 quoque
3241 621 3306 673 de
3338 618 3492 688 inge-

1913 718 2008 772 niti
2039 715 2391 786 appellatione
2425 712 2715 781 accipiant.

1981 807 2070 862 '50.
2113 803 2402 873 Postquam
2450 811 2630 856 autem
2681 803 2986 857 orationem
3031 797 3298 854 manibus-
3331 796 3488 866 nugis

1913 897 2226 966 complevit,
2256 893 2527 962 simulque
2554 893 2816 948 adversus
2847 905 3054 953 omnes,
3095 898 3358 960 quotquot
3389 903 3490 941 un-

1915 1001 2074 1056 quam
2104 985 2197 1042 Dei
2227 985 2595 1053 cognitionem
2624 983 2836 1051 assequi
2873 983 3215 1044 studuerunt,
3239 995 3357 1034 sese
3389 993 3488 1034 ex-

1917 1078 2058 1141 tulit,
2090 1079 2243 1147 quasi
2283 1079 2397 1146 ipse
2419 1091 2610 1132 novam
2633 1075 2920 1146 quamdam
2953 1089 3015 1128 ac
3049 1083 3320 1129 recentem
3344 1073 3490 1127 viam

1917 1170 1982 1222 ad
2024 1169 2188 1222 Deum
2231 1169 2511 1222 ducentem
2541 1166 2841 1230 stravisset,
2869 1180 3030 1235 quam
3056 1179 3215 1219 nemo
3251 1179 3282 1216 e
3319 1164 3490 1233 majo-

1916 1258 2066 1311 ribus
2104 1257 2388 1322 invenerit,
2427 1269 2536 1311 tum
2574 1259 2821 1322 demum,
2861 1267 3116 1326 tanquam
3151 1259 3220 1310 ab
3250 1258 3364 1328 ipsa
3395 1259 3488 1313 Dei

1916 1348 2216 1401 substantia
2245 1348 2488 1415 edoctus,
2530 1347 2670 1402 hanc
2706 1348 2758 1401 in
2784 1348 2977 1403 Filium
3010 1349 3215 1403 inducit
3240 1349 3493 1420 blasphe-

1918 1439 2080 1492 miam
2107 1457 2118 1490 :

1990 1530 2122 1585 Eun.
2151 1530 2462 1585 Substantia
2511 1531 2726 1600 quidem
2757 1545 2876 1600 qua:
2906 1546 3070 1602 regno
3098 1533 3346 1602 superior
3383 1541 3487 1600 est,

1919 1636 2144 1690 quaeque
2173 1621 2370 1675 nullam
2403 1624 2806 1692 generationem
2827 1625 3086 1688 admittit,
3118 1625 3203 1678 his
3234 1623 3490 1679 erudiens

1924 1725 2156 1766 mentem
2190 1714 2448 1768 benevole
2470 1714 2812 1770 accedentem
2832 1755 2849 1781 ,
2881 1730 3000 1769 eam
3029 1717 3490 1784 comparationem

244 1804 468 1874 ρωτὰτω
497 1803 919 1875 παρακελεύεται
941 1803 1088 1874 νόμῳ
1123 1803 1335 1872 φύσεως
1347 1801 1444 1872 τὴν
1475 1801 1610 1873 πρὸς
1636 1801 1811 1871 ἕτερον

1926 1823 2044 1876 qua:
2071 1823 2190 1862 cum
2223 1807 2326 1863 alio
2359 1810 2436 1874 ﬁt,
2471 1808 2585 1881 lege
2629 1820 2834 1866 natura:
2872 1826 3032 1882 quam
3063 1811 3376 1882 longissime
3404 1825 3488 1866 re-

245 1889 529 1961 σύγκρισιν
557 1891 690 1962 (Μ).

314 1980 462 2034 ΒΑΣ.
504 1978 651 2052 *Αρα
705 1982 825 2050 οὐχὶ
883 1980 1068 2050 σαφῶς
1115 1981 1468 2043 ἐνδείκνυται,
1516 1981 1597 2032 ὅτι
1655 1980 1814 2042 αὐτὸς

242 2070 449 2141 ἠξιώθη
494 2073 592 2143 τῆς
620 2073 728 2125 τῶν
763 2074 1087 2144 ἀπορρήτων
1117 2072 1533 2140 ἀποκαλύψεως,
1581 2073 1696 2142 μετ’
1723 2072 1813 2122 εὐ-

242 2165 390 2226 νοίας
434 2164 529 2234 τὴν
576 2165 812 2218 διάνοιαν
845 2163 1209 2236 προσαγαγὼν
1241 2165 1318 2235 τῷ
1352 2164 1503 2233 Θεῷ;
1558 2164 1669 2217 Καὶ
1726 2165 1813 2217 διὰ

241 2255 400 2310 τοῦτο
437 2257 735 2310 ἀπωθεῖται
787 2259 861 2320 ὡς
892 2258 1228 2330 πορρωτάτω
1266 2258 1356 2310 τὸν
1390 2257 1669 2326 Μονογενῆ
1715 2258 1813 2326 τῆς

239 2350 334 2402 τοῦ
367 2350 576 2422 Πατρὸς
628 2351 932 2412 κοινωνίας,
988 2349 1122 2419 μηδὲ
1173 2350 1253 2411 εἰς
1315 2347 1599 2418 σύγκρισιν
1653 2347 1814 2400 αὐτὸν

239 2440 408 2504 ἀξιῶν
444 2442 552 2513 (45)
589 2441 1016 2512 παραδέχεσθαιο
1051 2439 1185 2492 ἀλλὰ
1204 2439 1296 2491 καὶ
1319 2438 1466 2509 νόμῳ
1485 2438 1696 2506 φύσεως
1716 2440 1813 2510 τὴν

241 2533 336 2586 τοῦ
366 2534 702 2603 Μονογενοῦς
734 2535 920 2587 οὐσίαν
954 2533 1061 2586 ἀπὸ
1093 2532 1192 2602 τῆς
1238 2530 1332 2583 τοῦ
1380 2531 1591 2602 Πατρὸς
1633 2531 1816 2602 διωρί-

245 2626 369 2680 σθαι
415 2627 565 2696 φησί.
611 2627 675 2677 Τί
717 2626 876 2679 τοῦτο
916 2625 1120 2693 λέγων;
1152 2625 1274 2676 Ὅτι
1313 2625 1341 2676 ὁ
1374 2623 1506 2686 Θεὸς
1542 2623 1649 2675 τῶν
1678 2624 1814 2676 ὅλων

241 2719 365 2771 οὐδὲ
387 2719 702 2790 βουλόμενος
741 2719 964 2772 ἐδύνατο
995 2717 1131 2788 πρὸς
1158 2716 1254 2786 τὴν
1283 2717 1382 2786 τῆς
1409 2717 1594 2780 οὐσίας
1617 2717 1814 2770 οἰκειό-

242 2827 383 2881 τητα
414 2810 504 2864 τὸν
560 2810 841 2880 Μονογενῆ
891 2808 1342 2880 παραδέξασθαι,
1401 2810 1550 2880 νόμῳ
1601 2808 1815 2876 φύσεως

243 2899 343 2968 τῆς
368 2899 658 2968 συναφείας
679 2901 779 2970 τῆς
811 2900 946 2969 πρὸς
975 2900 1138 2953 αὐτὸν
1167 2900 1560 2971 ἐξειργόμενος,
1595 2899 1695 2952 οὐκ
1717 2897 1811 2964 ὢν,

241 2992 319 3055 ὡς
376 2991 570 3056 ἔοικεν,
633 2992 792 3054 αὐτὸς
841 2992 1035 3045 ἑαυτοῦ
1081 2992 1306 3064 κύριος,
1373 2991 1510 3045 ἀλλά
1557 2994 1668 3054 τοῖς
1717 2995 1815 3062 τῆς

244 3084 490 3154 ἀνάγκης
522 3084 670 3154 ὅροις
697 3083 1100 3155 ὐπεζευγμὲνος
1125 3084 1258 3154 (46).
1292 3082 1530 3137 Τοιαῦτα
1564 3084 1672 3155 γάρ
1701 3084 1814 3136 ἐστι

244 3175 314 3228 τὰ
338 3175 416 3246 τῷ
443 3177 544 3246 τῆς
573 3177 786 3245 φύσεως
813 3177 962 3246 νόμῳ
984 3175 1416 3248 κατειλημμένα,
1443 3175 1818 3247 ἀπροαιρέτως

244 3270 325 3331 εἰς
349 3269 409 3320 τὸ
432 3272 496 3340 τῇ
537 3269 694 3338 φύσει
719 3269 907 3322 δοκοῦν
933 3269 1273 3338 ὐπαγόμενα.
1323 3268 1408 3331 Ὠς
1436 3266 1544 3338 γάρ
1577 3266 1655 3337 τῷ
1684 3267 1818 3339 πυρὶ

246 3360 405 3428 φύσει
437 3361 496 3413 τὸ
528 3362 858 3432 θερμαίνειν,
909 3362 968 3414 οὐ
1006 3359 1345 3431 προαιρέσει,
1379 3361 1473 3412 καὶ
1503 3360 1820 3428 ἀναγκαίως

243 3452 590 3506 ἀνεπίδεκτον
621 3455 735 3505 ἐστι
763 3453 862 3523 τῆς
911 3439 1270 3524 ψυχρότητος,
1323 3450 1399 3522 τῷ
1449 3452 1547 3522 τῆς
1603 3451 1818 3521 φύσεως

244 3543 394 3613 νόμῳ
407 3544 504 3614 τὴν
535 3544 669 3615 πρὸς
684 3544 816 3597 αὐτὸ
837 3543 946 3614 (47)
972 3542 1256 3596 κοινωνίαν
1282 3543 1654 3614 ἀφῃρημένον
1679 3541 1820 3596 οὕτω

248 3635 494 3705 βούλεται
551 3637 645 3689 καὶ
693 3637 784 3690 τὸν
821 3636 952 3689 Θεὸν
1001 3639 1098 3689 καὶ
1132 3635 1354 3707 Πατέρα
1408 3635 1557 3706 νόμῳ
1602 3636 1816 3705 φύσεως

245 3727 678 3798 ἡλλοτριωμένην
711 3729 855 3798 ἔχειν
885 3729 1018 3798 πρὸς
1047 3727 1136 3780 τὸν
1165 3727 1291 3779 Υίὸν
1312 3729 1410 3798 τὴν
1438 3727 1644 3782 οὐσίαν.
1677 3728 1815 3782 Καί-

312 3949 428 4020 (42)
463 3949 600 4020 Editi
662 3948 978 4020 Ἐμπλήσας
1018 3950 1112 4002 καί
1156 3947 1266 4003 τόν.
1299 3950 1369 4004 At
1399 3964 1528 4004 mss.
1575 3949 1812 4018 quinque

257 4023 311 4074 Ἐ
318 4016 470 4091 μπλή
476 4038 572 4083 σας
585 4016 789 4091 δεκτόν.

314 4087 594 4161 (45)Ει1ἰιί
650 4089 964 4161 Paris."0¢:
999 4091 1032 4159 ἡ
1085 4089 1182 4158 μὲν
1238 4089 1494 4161 ἀνωτέρω
1543 4087 1809 4161 βασιλεία.

249 4157 413 4216 Unde
439 4161 706 4225 interpres
741 4175 755 4211 :
818 4157 1030 4211 caleste‘
1054 4157 1289 4226 regnum.
1345 4157 1522 4211 Editio
1547 4157 1550 4158 ⁷
1578 4157 1709 4211 Ven.
1758 4170 1812 4212 et

245 4230 395 4300 Colb.
425 4245 542 4300 cum
576 4229 694 4300 aliis
727 4229 960 4297 quinque
997 4228 1177 4300 llegiis
1207 4229 1330 4281 Ὅτι
1364 4229 1396 4300 η
1429 4228 1526 4298 μὲν
1551 4228 1810 4300 ἀνωτέρω

249 4297 556 4369 βασιλείας,
587 4308 640 4369 et
675 4299 747 4351 ita
783 4299 1222 4369 quoquelegitur
1271 4299 1322 4350 in
1363 4297 1477 4365 ipso
1501 4314 1673 4369 _0pere
1709 4297 1813 4350 liu-

249 4367 432 4422 itomii.
461 4368 562 4433 Qui
601 4367 750 4421 locus
779 4378 837 4419 ut
869 4367 1220 4435 intelligatur,
1253 4383 1351 4421 vox
1387 4367 1546 4419 οὐσία
1570 4369 1812 4434 supplen-

248 4439 442 4507 tlarest,
483 4439 595 4507 hoc
640 4437 798 4490 modo
836 4452 852 4489 :
897 4435 962 4486 Ἣ
993 4437 1087 4506 μὲν
1142 4437 1298 4490 οὐσία
1350 4437 1607 4507 ἀνωτέρω
1658 4437 1809 4506 βασι-

1917 1898 2127 1969 pellere
2146 1899 2318 1967 jubet.

1988 1991 2147 2061 267
2178 1989 2301 2044 Bas.
2322 1990 2510 2055 Annon
2540 1992 2714 2061 palam
2733 1993 2988 2057 ostendit,
3013 1993 3232 2064 dignum
3259 2008 3317 2048 se
3335 1995 3490 2049 habi-

1919 2091 2028 2133 tum
2057 2081 2222 2135 fuisse
2247 2097 2567 2136 arcanorum
2591 2084 2941 2148 revelatione,
2971 2086 3130 2139 simul
3155 2096 3214 2140 ut
3236 2087 3492 2141 benevole

1917 2171 2027 2225 Deo
2058 2181 2291 2225 mentem
2320 2173 2567 2239 adiunxit
2585 2174 2608 2224 ?
2629 2173 2709 2228 0b
2727 2173 2887 2244 idque
2903 2175 3243 2246 Unigenitum
3261 2192 3289 2230 a
3314 2175 3492 2230 Patris

1915 2263 2288 2316 c0mmunione
2303 2263 2513 2330 repellit
2527 2278 2683 2333 quam
2703 2265 3034 2334 longissime.
3054 2283 3174 2322 cum
3189 2283 3254 2323 ne
3271 2269 3490 2338 dignum

1915 2354 2128 2421 quidem
2144 2369 2263 2406 eum
2278 2355 2570 2422 existimet,
2587 2356 2676 2426 qui
2693 2356 2757 2410 ad
2771 2357 3223 2427 comparationem
3238 2359 3493 2414 admitta-

1917 2455 2034 2510 tur;
2073 2447 2164 2497 sed
2198 2445 2314 2513 lege
2341 2447 2503 2500 etiam
2523 2448 3122 2513 nat1:r:n,subs‘antiam
3159 2449 3427 2520 Unigeniti
3457 2465 3491 2506 a

1915 2536 2211 2592 substantia
2231 2535 2407 2592 Patris
2421 2548 2719 2607 separatam
2742 2553 2860 2594 esse
2878 2539 3038 2593 dicat.
3078 2539 3216 2606 Quid
3244 2541 3348 2594 sibi
3377 2541 3492 2596 vult

1916 2631 2040 2683 dum
2077 2630 2180 2684 hoc
2213 2629 2344 2684 dicit
2370 2629 2393 2682 ?
2421 2630 2573 2696 Quod
2619 2629 2758 2684 Deus
2805 2630 3204 2695 universorum,
3229 2645 3296 2686 ne
3323 2633 3367 2686 si
3397 2647 3493 2686 vo-

1916 2718 2104 2773 luisset
2127 2719 2364 2788 quidem,
2402 2719 2665 2789 powisset
2693 2718 3041 2790 Unigenitum
3065 2720 3132 2775 ad
3167 2722 3491 2776 substantia:

1917 2811 2369 2865 necessitudinem
2424 2811 2732 2876 admittere,
2777 2825 2900 2865 eum
2949 2812 3054 2866 sibi
3110 2817 3225 2883 lege
3285 2822 3491 2868 naturae

1916 2900 2220 2969 prohibitus
2251 2901 2552 2968 admittere,
2586 2917 2732 2965 cum.
2767 2910 2826 2957 ut
2871 2905 2920 2958 ei
2950 2903 3181 2972 videtur,
3215 2906 3297 2960 sui
3323 2906 3493 2975 ipsius

1917 3005 2023 3046 non
2069 3000 2214 3046 esset
2242 2992 2508 3058 dominus,
2552 2992 2645 3048 sed
2683 2995 3022 3051 necessitatis
3064 2996 3314 3052 terminis
3358 2997 3488 3052 sub-

1843 3124 1885 3181 ο
1912 3081 2107 3152 iectus.
2137 3079 2449 3150 Huiusmodi
2475 3082 2617 3138 enim
2647 3093 2792 3148 sunt,
2814 3098 2933 3153 quae
2962 3093 3170 3139 natura:
3197 3084 3313 3156 lege
3339 3100 3491 3141 eom-

1917 3173 2210 3243 prehensa,
2254 3175 2390 3228 citra
2424 3175 2755 3230 voluntatem
2794 3176 2859 3228 ad
2894 3175 2946 3230 id
2989 3178 3130 3245 quod
3165 3186 3379 3231 natura:
3405 3178 3490 3232 vi-

1916 3281 2035 3322 sum
2069 3266 2251 3333 fuerit,
2273 3269 2656 3337 perducuntur.
2682 3267 3144 3334 Quemadmodum
3175 3270 3318 3324 enim
3353 3271 3490 3340 ignis

1916 3373 2108 3417 natura
2139 3375 2246 3414 non
2287 3359 2561 3413 voluntate
2603 3359 2882 3424 calefacit,
2913 3369 2968 3415 et
3005 3363 3309 3416 necessario
3337 3361 3491 3432 frigi-

1915 3455 2139 3510 ditatem
2185 3452 2418 3522 respuit,
2453 3452 2570 3522 lege
2610 3463 2816 3508 natura:
2862 3453 3118 3507 societate
3159 3453 3275 3524 ejus
3307 3453 3491 3523 priva-

1913 3545 2144 3600 tus:sic
2187 3545 2300 3598 vult
2353 3543 2514 3597 Deum
2555 3551 2610 3597 et
2646 3543 2859 3598 Patrem
2890 3543 3004 3615 lege
3053 3554 3260 3599 natura:
3291 3545 3492 3600 habere

1922 3637 2149 3690 alienam
2174 3651 2202 3688 a
2232 3635 2370 3689 Filio
2400 3634 2775 3689 substantiam.
2806 3635 2922 3688 Jam
2947 3650 3072 3689 vero
3101 3644 3310 3688 naturte
3343 3633 3490 3704 leges

1923 3743 2029 3784 non
2062 3739 2302 3782 mutuam
2331 3727 2469 3780 inter
2501 3726 2715 3782 Patrem
2743 3735 2796 3780 et
2818 3722 3009 3780 Filium
3032 3727 3370 3792 distantiam,
3393 3727 3489 3782 sed

1907 3947 2414 4019 gabatEunomius.
2434 3945 2534 3999 Alii
2573 3961 2666 4000 sex
2689 3945 2810 4000 libri
2837 3954 3045 4019 veteres
3076 3945 3360 4019 emendate
3385 3944 3484 4017 τὴν

1907 4015 2044 4088 πρὸς
2064 4018 2248 4090 ἕτερον
2278 4016 2583 4090 σύγκρισιν,
2615 4017 3056 4090 comparationem
3086 4031 3203 4068 cum
3257 4015 3401 4090 alio;
3429 4015 3486 4070 et

1911 4085 1984 4156 ita
2016 4085 2232 4156 quoque
2271 4085 2456 4156 edidit
2491 4088 2650 4139 homo
2710 4086 2955 4139 doctrinm
2997 4085 3480 4155 praestantissimus

1908 4155 1991 4212 Jo.
2012 4155 2265 4211 Alhertus
2297 4155 2600 4209 Fabricius.

1983 4228 2094 4297 (ιδ)
2132 4228 2197 4280 Et
2227 4227 2314 4297 hic
2371 4239 2605 4297 quoque
2635 4223 2771 4297 Reg.
2795 4224 3039 4297 quintus
3067 4234 3122 4279 et
3156 4225 3296 4297 editi
3353 4241 3481 4281 cor-

1909 4293 2222 4366 τιιῂιεμηδὲ
2245 4296 2531 4364 σύγκρισιν
2550 4294 2728 4366 αὐτῶν
2752 4293 2935 4360 ἀξιῶν.
2966 4294 3118 4350 Unde
3143 4293 3435 4366 Cornarius
3463 4311 3482 4350 :

1911 4365 2071 4435 neque
2092 4365 2542 4433 temperationem
2584 4365 2815 4432 ipsorum
2847 4366 3122 4417 admittere
3153 4365 3346 4418 volens.
3375 4365 3483 4421 Sed

1913 4437 1965 4488 in
2025 4437 2248 4503 reliquis
2295 4450 2388 4486 sex
2443 4450 2571 4504 mss.
2628 4436 2911 4488 emendate
2972 4435 3165 4501 legitur
3221 4435 3356 4504 μηδὲ
3403 4437 3486 4499 εἰς

247 4495 439 4572 λείας,’
470 4504 778 4560 Substantia
825 4521 942 4575 qua:
977 4495 1145 4577 regno
1175 4508 1414 4575 superior
1446 4495 1677 4577 estihoc
1699 4520 1802 4572 est,

1921 4495 2196 4577 σύγκρισιν
2227 4504 2387 4577 αὐτὸν
2417 4503 2600 4577 ἀξιῶν,
2633 4520 2693 4555 ηε
2749 4506 2818 4556 ad
2872 4495 3312 4572 comparationem
3365 4495 3485 4573 qui;

247 4577 537 4629 substantia
562 4592 678 4644 qua:
711 4575 1026 4628 transcendit
1061 4577 1112 4644 id
1149 4585 1367 4643 tempus,
1408 4593 1510 4640 quo
1539 4576 1674 4630 Deus
1703 4595 1803 4630 cte-

248 4647 321 4713 pit
351 4643 639 4698 dominium
668 4647 721 4698 in
751 4656 1019 4698 creaturas
1051 4643 1276 4710 habere;
1322 4663 1427 4699 uno
1460 4647 1646 4709 verbo,
1678 4650 1803 4700 sub-

248 4715 440 4768 stantia
490 4725 706 4768 wterna.
761 4715 930 4780 Quam
989 4715 1310 4782 scripturam
1351 4731 1528 4768 veram
1579 4732 1697 4771 esse
1753 4726 1807 4770 et

249 4784 586 4838 emendatam
631 4783 787 4838 facile
819 4781 1091 4854 fatebitur,
1129 4785 1221 4854 qui
1255 4785 1413 4852 paulo
1438 4787 1694 4839 attentius
1738 4785 1806 4839 le-

249 4854 385 4925 gerit
417 4854 647 4925 illaqu
676 4863 940 4925 prtecunt1
974 4853 1154 4907 Basilii
1181 4856 1363 4925 verba,
1389 4854 1464 4916 ὡς
1491 4855 1619 4925 παρ’
1636 4856 1806 4924 αὐτῆς

247 4923 616 4992 δεδιδαγμένος
661 4922 753 4976 τοῦ
811 4922 944 4975 Θεοῦ
1004 4926 1100 4992 τῆς
1150 4923 1362 4986 οὐσίας,
1407 4922 1658 4990 quasi-ab
1692 4922 1805 4992 ipsa

246 4993 343 5046 Dei
369 4995 659 5047 substantia
687 4995 918 5063 edoctus.
955 4992 1071 5063 Iloc_
1098 4995 1212 5059 ipso
1257 4995 1306 5046 iu
1343 4996 1458 5046 loco
1514 4994 1643 5048 editi
1691 5011 1808 5063 γεν-

246 5064 470 5134 νήσεως.
509 5063 730 5130 Antiqui
793 5062 912 5116 libri
951 5061 1218 5134 γενέσεως
1252 5063 1459 5134 :iquod
1498 5061 1806 5134 utrumque

248 5132 346 5187 dici
388 5148 544 5202 posse
591 5143 734 5202 puto,
774 5147 892 5186 cum
949 5132 1242 5186 atlirmaret
1283 5133 1580 5186 Eunomius
1636 5134 1806 5188 Deum

247 5205 615 5259 universorum
652 5203 810 5256 talem
867 5216 986 5257 esse
1028 5213 1239 5269 natura,
1267 5213 1324 5258 ut
1362 5217 1460 5257 nec
1513 5203 1655 5272 gigni
1709 5219 1807 5257 nec

248 5274 463 5342 gignere
495 5283 692 5342 posset.

313 5343 424 5414 (44)
460 5341 588 5412 Reg.
624 5343 844 5412 quintus
873 5354 931 5399 et
971 5342 1099 5398 editi
1126 5341 1224 5413 τὴν
1255 5341 1528 5414 προτέραν
1573 5341 1802 5411 σύγκρι-

250 5429 348 5466 σιν.
408 5411 674 5479 Interpres
727 5411 1189 5482 comparationem
1222 5411 1445 5481 pri—orent
1480 5427 1498 5464 :
1532 5427 1696 5482 quam
1752 5423 1805 5466 et

249 5483 633 5549 scripturamet
660 5481 1159 5550 interpretationem
1185 5497 1361 5548 nemo,
1395 5483 1610 5550 opinor,
1645 5481 1805 5536 homo

250 5552 508 5618 probabit.
543 5549 877 5618 Etenim,’si
929 5552 1095 5608 semel
1149 5553 1481 5621 reciperetur
1540 5549 1804 5618 ejusmodi

249 5623 529 5692 scriptura,
565 5633 657 5675 aut
707 5623 1109 5692 interpretatio,
1149 5621 1325 5690 palam
1385 5624 1509 5676 inde
1544 5634 1804 5689 sequere-

252 5698 335 5742 tur
364 5691 528 5743 Deum
559 5691 929 5745 universorum
986 5692 1171 5746 saltem
1195 5693 1544 5758 posteriorem
1568 5692 1805 5760 aliquam

249 5761 699 5830 comparationem
753 5764 1033 5817 admisisse
1065 5779 1077 5814 :
1106 5763 1249 5828 quod
1303 5775 1372 5816 ex
1405 5775 1560 5832 atquo
1608 5775 1802 5830 perne-

562 5859 827 5921 Pnaoe.
877 5859 991 5921 Gn.
1041 5857 1282 5920 XXIX.

1911 4578 2027 4630 dem
2054 4576 2168 4627 eum
2197 4576 2470 4627 admittere
2501 4576 2766 4642 dignatus.

1979 4645 2090 4714 (46)
2120 4644 2260 4697 Editi
2309 4655 2366 4714 et
2409 4643 2538 4714 Reg.
2567 4641 2810 4709 quintus
2856 4641 3344 4713 ὐποζευγνύμενος.
3375 4643 3485 4697 Alii

1906 4731 1998 4772 sex
2035 4711 2161 4768 mss.
2195 4711 2625 4781 ὐπεζευγμένος.

1979 4785 2092 4853 (47)
2120 4784 2300 4837 Codex
2328 4783 2482 4853 Colb.
2507 4792 2562 4836 et
2583 4785 2718 4853 Reg.
2746 4782 3018 4837 secundus
3051 4783 3278 4853 perinde
3319 4792 3484 4850 atque

1907 4851 2036 4908 editi
2064 4851 2161 4924 τὴν
2184 4854 2318 4924 πρὸς
2342 4851 2490 4914 αὐτό,
2517 4863 2572 4924 et
2587 4852 2667 4924 ita
2717 4867 2958 4924 quoque_
2979 4851 3166 4906 habuit
3204 4853 3342 4924 Reg.
3375 4862 3484 4924 ter-

1909 4925 2017 4978 tius
2057 4921 2237 4994 prima
2271 4939 2453 4994 manu.
2494 4922 2597 4976 Alii
2635 4935 2744 4994 tres
2772 4938 2902 4975 mss.
2935 4922 3089 4992 Regii
3122 4922 3258 4994 πρὸς
3290 4921 3482 4994 αὐτὴν,

1906 4993 2226 5064 ψυχρότητα
2261 4993 2534 5064 videlicet.
2573 4992 2723 5056 Quod
2747 4995 3009 5064 optimum
3037 4992 3176 5048 esse
3198 4993 3388 5056 fateor,
3415 4992 3486 5064 'si

1909 5062 2100 5116 reslex
2147 5062 2632 5130 grammaticorum
2670 5062 2870 5131 regulis
2895 5064 3216 5124 aestimetur,
3263 5078 3383 5116 cum
3415 5063 3488 5115 de

1910 5133 2205 5201 frigiditate
2256 5147 2560 5188 sermonem
2605 5132 2791 5186 haberi
2840 5142 3073 5186 constet.
3127 5132 3254 5188 Mihi
3306 5143 3486 5185 tamen

1909 5203 2130 5256 dubium
2188 5218 2294 5256 non
2332 5210 2436 5261 est.
2460 5203 2586 5269 quin
2623 5201 2850 5255 Basilius
2903 5202 3187 5270 scripserit
3220 5201 3374 5262 αὑτό,
3427 5211 3487 5253 ιιι

1910 5273 2109 5326 vitaret
2136 5273 2566 5340 ambiguitatem,
2605 5286 2670 5324 ne
2695 5270 2942 5325 videlicet
2966 5275 3084 5326 due
3107 5273 3188 5328 ha:
3209 5286 3370 5326 voces
3390 5270 3489 5323 αὐ-

1909 5341 2006 5413 τὴν
2043 5342 2326 5395 κοινωνίαν
2357 5358 2386 5392 a
2418 5341 2796 5413 praepositione
2827 5340 2963 5413 πρός
3004 5343 3115 5413 regi
3145 5343 3483 5413 viderentur,

1910 5409 2026 5464 cum
2057 5415 2168 5480 ipsa
2191 5414 2458 5466 societate.
2497 5412 2575 5464 lta
2608 5421 2785 5465 tamen
2839 5412 2982 5464 hunc
3005 5409 3178 5465 locum
3214 5412 3487 5477 interpre-

1914 5482 2014 5535 tari
2045 5483 2316 5551 convenit,
2354 5489 2410 5532 ut
2464 5481 2778 5549 suppleatur
2824 5482 3059 5551 πρᾶγμα
3081 5480 3181 5550 τῆς
3210 5480 3488 5551 ψυχρότη-

1911 5567 2021 5614 τος.
2049 5550 2164 5606 Non
2194 5551 2353 5605 habet
2386 5551 2706 5620 societatem
2759 5567 2880 5604 CUIII
2917 5567 2969 5603 re
3006 5550 3340 5620 frigiditath,
3383 5552 3488 5603 huc

1911 5635 2013 5686 εει,
2046 5636 2168 5675 cum
2193 5620 2508 5689 frigiditate.
2543 5617 2634 5673 Sic
2666 5621 2948 5686 Phatdrus,
2974 5617 3098 5674 cum
3149 5622 3333 5676 cibum
3360 5620 3490 5675 sim-

1910 5690 2123 5812 pliciter
2181 5689 2486 5762 signiﬁcare
2535 5689 2726 5757 vellet,
2773 5691 3048 5762 eleganter
3092 5692 3356 5761 scripsit,
3407 5706 3488 5742 res

1911 5776 1955 5812 Cl
1998 5777 2037 5812 ι.

1911 5776 2037 5814 εισι.

3018 5857 3093 5916 21
