3956 6216
277 320 381 377 645

1370 321 1736 379 ADVERSUS
1774 321 2140 381 EUNOMIUM
2181 323 2310 381 LIB.
2353 323 2414 380 11.

3396 326 3502 388 646

275 435 513 504 ἤκουσαν
565 429 640 501 τῷ
688 430 798 498 ἰδίῳ
842 427 1108 502 ἀξιώματι
1153 431 1289 482 νοεῖν
1328 432 1509 496 αὐτοῖς
1546 433 1644 504 τὴν
1691 434 1812 505 ὲνέρ

1949 438 2042 489 tati
2085 437 2311 506 propriae
2343 445 2758 490 consentaneam
2799 447 2938 499 esse,
2976 442 3136 520 atque
3175 439 3500 494 convenien-

275 541 450 592 γειαν.

349 615 493 667 ΒΑΣ.
527 613 694 668 Τοῦτο
729 614 940 686 εἴρηται
973 615 1069 684 μὲν
1107 613 1298 685 ἐκείνῳ
1327 613 1436 684 (50)
1467 616 1544 678 είς
1572 615 1840 680 ἀπόδειξιν

275 708 368 776 τῆς
399 705 798 774 ἀλλοτριώσεως
826 705 917 757 τοῦ
944 704 1278 772 Μονογενοῦς
1313 705 1448 776 πρὸς
1470 705 1560 759 τὸν
1589 706 1836 777 Πατέραο

278 797 552 865 συνίστησι
583 795 639 848 δὲ
686 796 776 848 τὸν
828 795 1089 866 ἡμέτερον
1117 795 1288 864 λόγον.
1317 797 1378 848 Εἰ
1413 795 1520 866 γὰρ
1552 796 1840 850 ἀκόλουθον

274 889 364 940 καὶ
387 888 762 958 προσήκουσαν
784 887 858 958 τῷ
891 887 1004 958 ίδίῳ
1035 885 1302 956 ἀξιώματι
1332 887 1555 957 παρέχει
1583 892 1719 940 νοεῖν
1747 889 1838 940 καὶ

269 980 368 1050 τὴν
415 978 694 1048 ἐνέργειαν
737 980 769 1049 ἡ
813 978 906 1032 τοῦ
937 977 1068 1031 Θεοῦ
1096 979 1250 1031 οὐσία
1270 1019 1284 1043 ,
1325 979 1541 1049 ἀξίωμα
1569 980 1666 1049 μέν
1695 981 1839 1033 ἐστιν

271 1072 310 1138 ἢ
342 1071 703 1138 ἀγενιηισία,
743 1071 818 1133 ὡς
842 1069 1092 1142 Εὐνομίῳ
1136 1072 1314 1124 δοκεῖ·
1359 1071 1420 1123 τὸ
1463 1072 1519 1123 δὲ
1553 1072 1682 1125 αὐτὸ
1727 1071 1836 1140 (δι)

270 1162 364 1214 καὶ
414 1162 568 1214 οὐσία
605 1162 742 1214 κατά
784 1161 874 1215 τὸν
918 1162 1118 1216 τούτων
1167 1162 1340 1230 λόγον,
1374 1163 1622 1232 ἐνέργεια
1650 1164 1705 1216 δὲ
1743 1164 1835 1216 τοῦ

271 1252 404 1305 Θεοῦ
431 1255 457 1305 6
477 1253 804 1322 Μονογενὴς,
829 1253 860 1322 ἢ
882 1254 1164 1324 ἐνεργείας
1193 1255 1373 1308 είκών.
1393 1256 1500 1307 Καὶ
1514 1255 1670 1308 τοῦτο
1702 1255 1838 1308 κατά

272 1344 358 1395 τὸν
411 1342 614 1396 τούτων
657 1344 849 1412 λόγον·
906 1343 1046 1396 ὥστε
1095 1345 1302 1407 τούτοις
1348 1347 1646 1415 ἀντιλέγειν
1695 1365 1835 1418 παρ-

277 1431 432 1483 έλκον
462 1432 526 1485 ἂν
551 1430 634 1503 εἴη
657 1472 672 1496 ,
705 1433 854 1485 οὐδὲν
881 1432 1090 1502 ἔχουσιν
1117 1435 1247 1503 (52).
1279 1435 1347 1488 Ἢ
1367 1435 1558 1488 πολλοῦ
1589 1436 1654 1489 ἂν
1678 1454 1838 1506 τιμη-

275 1521 472 1592 σαίμην
505 1523 784 1594 ἀρνεῖσθαι
813 1525 1006 1586 αὐτοὺς
1031 1524 1376 1596 βλασφημίαν
1407 1527 1640 1597 ταύτην·
1677 1527 1834 1596 πλὴν,

270 1615 562 1686 ἐπειδήπερ
586 1617 899 1686 εἰρήκασιν,
935 1617 992 1681 ἐξ
1025 1619 1204 1672 αὐτῶν
1237 1619 1344 1671 τῶν
1372 1619 1578 1682 τούτοις
1615 1619 1838 1689 εἰρημέ-

270 1723 376 1758 νων
408 1706 878 1777 συλλογισὼμεθα,
910 1708 992 1760 ὅτι
1022 1710 1100 1771 εἰς
1129 1707 1342 1779 ἀξίωμα
1374 1709 1470 1776 μὲν
1503 1708 1595 1760 τοῦ
1629 1708 1762 1761 Θεοῦ
1795 1711 1833 1777 ἠ

1945 535 2070 579 tem.

2010 615 2270 670 ΒΑε.11‹)ο
2298 615 2515 685 quidem
2555 615 2623 669 ab
2661 629 2726 668 co
2753 615 2952 670 dictum
2983 625 3086 680 est,
3137 624 3194 669 ut
3245 617 3500 689 Unigeni-

1943 717 2052 760 tum
2081 722 2111 760 a
2145 705 2304 762 Patre
2333 705 2565 760 alienum
2597 706 2840 760 ostendat
2868 722 2882 764 :
2918 713 2972 758 at
3017 716 3257 760 nostrum
3295 723 3499 763 sermo-

1942 814 2062 854 nem
2105 799 2410 852 conlirmat.
2447 795 2657 850 Etenim
2693 797 2738 850 si
2786 796 2881 850 Dei
2919 796 3216 852 substantia
3247 799 3350 854 hoc
3383 799 3497 860 dat,

1943 899 2000 942 ut
2031 888 2406 957 Operationem
2434 887 2798 957 intelligamus
2842 899 3264 943 consentaneam
3302 903 3499 944 conve-

1940 981 2286 1048 nientemque
2319 995 2429 1034 sua:
2452 978 2719 1049 dignitati,
2761 978 2997 1048 dignitas
3025 979 3270 1049 quaedam
3299 988 3385 1035 est
3415 982 3498 1034 in.

1937 1073 2191 1142 genitum,
2233 1081 2291 1125 ut
2325 1071 2586 1127 Eunomio
2625 1070 2860 1134 videtur,
2915 1084 3102 1124 rursus
3140 1071 3192 1125 id
3221 1071 3393 1139 ipsum
3442 1081 3498 1126 et

1939 1164 2235 1218 substantia
2283 1172 2365 1216 est
2404 1177 2470 1216 ex
2499 1163 2687 1215 horum
2733 1164 3020 1228 sententia,
3053 1161 3370 1232 Unigenitus
3397 1177 3495 1215 an-

1938 1264 2044 1308 tem
2075 1254 2316 1323 operatio
2337 1262 2420 1306 est
2456 1251 2568 1316 Dei,
2605 1259 2696 1306 aut
2725 1252 3059 1320 operationis
3091 1252 3297 1322 imago;
3338 1253 3498 1324 idque

1939 1361 2005 1398 ex
2038 1347 2227 1399 horum
2253 1346 2493 1400 doctrina
2531 1361 2546 1397 :
2583 1358 2751 1412 quare
2791 1345 2872 1399 his
2909 1345 3279 1399 contradicere
3311 1361 3498 1414 super-

1938 1435 2100 1489 ﬂuum
2134 1436 2318 1498 luerit,
2352 1450 2472 1489 cum
2511 1434 2644 1488 nihil
2675 1434 2900 1488 habeant
2931 1434 3071 1504 quod
3114 1433 3267 1490 nobis
3300 1437 3496 1490 adver-

1937 1537 2105 1581 setur.
2163 1527 2503 1596 Caeteroquin
2564 1542 2658 1582 eos
2716 1525 2948 1581 facerem
3006 1526 3244 1595 plurimi,
3280 1527 3324 1582 si
3355 1529 3495 1582 hanc

1937 1617 2326 1687 blasphemiam
2383 1619 2759 1686 abnegarent:
2818 1617 3071 1687 quoniam
3123 1629 3298 1672 tamen
3341 1619 3494 1673 dixe-

1939 1719 2081 1770 runt,
2134 1724 2199 1760 ex
2253 1707 2384 1776 ipsis
2431 1722 2616 1762 eorum
2658 1707 2816 1762 dictis
2857 1707 3194 1777 colligamus,
3235 1709 3396 1777 quod,
3448 1711 3492 1764 si

269 1795 596 1864 ἀγεννησία
626 1798 765 1868 (55),
800 1798 860 1850 τὸ
891 1799 947 1851 δὲ
973 1799 1108 1852 αὐτὸ·
1131 1801 1222 1855 καὶ
1247 1800 1400 1852 οὐσία
1421 1842 1433 1862 ,
1464 1798 1750 1864 ἀκόλουθος
1778 1801 1817 1852 δί

1933 1799 2174 1868 quaedam
2196 1798 2289 1853 Dei
2328 1797 2562 1868 dignitas
2584 1807 2665 1852 est
2688 1799 2994 1867 ingenitum,
3019 1799 3068 1852 id
3098 1809 3276 1853 autem
3317 1799 3491 1869 ipsum

269 1888 362 1938 καὶ
391 1888 735 1958 προσήκουσα
756 1887 832 1958 τῷ
874 1887 1142 1960 ἀξιώματι
1172 1888 1264 1942 τοῦ
1313 1888 1446 1942 Θεοῦ
1497 1893 1528 1960 ή
1565 1891 1829 1962 ἐνέργεια,

265 1977 404 2047 αῦτη
433 1979 488 2031 δέ
531 1981 674 2031 ἐστιν
697 1981 725 2031 ὁ
758 1982 986 2051 Χριστὸς
1017 1981 1156 2034 κατὰ
1187 1981 1284 2052 τὴν
1319 1981 1519 2036 τούτων
1545 1984 1828 2051 ὑπόληψιν,

266 2073 462 2134 οἰκεῖος
491 2072 599 2140 ἀρα
643 2073 735 2124 καὶ
768 2074 1056 2143 προσήκων
1080 2075 1144 2142 τῇ
1178 2073 1332 2142 οὐσίᾳ
1374 2073 1522 2125 ἔσται
1547 2073 1640 2125 τοῦ
1674 2074 1828 2127 Θεοῦ.

270 2163 376 2214 Καὶ
418 2162 616 2214 τούτων
641 2163 789 2215 οὐδέν
815 2165 958 2216 ἐστιν
985 2163 1265 2233 ἡμέτερον.
1307 2164 1454 2216 Αὐτά
1487 2164 1593 2235 γὰρ
1619 2165 1685 2218 τὰ
1713 2165 1832 2219 τού-

266 2269 371 2303 των
405 2251 685 2314 συνθέντες
716 2254 954 2322 ῥήματα,
995 2255 1077 2305 ἐπ’
1123 2253 1300 2306 αὐτῶν
1322 2253 1418 2324 τὴν
1450 2254 1614 2319 δεῖξιν
1648 2257 1830 2308 ποιού-

268 2342 425 2411 μεθα.
449 2343 525 2413 Τῇ
551 2343 722 2414 οὐσία,
751 2345 901 2414 φησὶ,
928 2343 1018 2397 τοῦ
1043 2344 1176 2398 Θεοῦ
1201 2345 1479 2399 ἀκολουθεί
1501 2346 1559 2398 τό
1580 2344 1796 2418 ἀξίωμα
1815 2365 1827 2376 ·

263 2429 341 2501 τῷ
365 2430 630 2501 ἀξιώματι
652 2432 983 2500 ἀναλογοῦσά
1011 2435 1153 2486 ἐστιν
1188 2437 1220 2504 ἡ
1255 2435 1529 2506 ἐνέργεια·
1565 2437 1661 2505 τῆς
1685 2439 1832 2508 ἐνερ-

263 2525 418 2591 γείας
467 2523 628 2576 εἰκὼν
680 2527 707 2576 6
752 2525 1087 2595 Μονογενής·
1129 2525 1223 2578 καὶ
1276 2527 1566 2590 ἀνάπαλιν,
1635 2529 1682 2580 εί
1734 2529 1832 2598 τῆς

269 2614 366 2684 μὲν
397 2613 504 2682 (iri)
536 2614 814 2684 ἐνεργείας
842 2617 869 2667 6
901 2616 1206 2686 Μονογενὴς
1235 2615 1414 2680 εἰκὼν,
1437 2620 1469 2686 ὴ
1505 2618 1561 2670 δὲ
1588 2620 1830 2690 ἐνέργεια

266 2703 357 2756 τοῦ
405 2703 729 2772 ἀξιώματος,
781 2704 841 2756 τὸ
892 2704 948 2757 δὲ
1002 2705 1216 2775 ἀξίωμα
1261 2709 1359 2777 τῆς
1403 2707 1606 2772 οὐσίας,
1667 2711 1694 2760 6
1723 2712 1832 2762 Mo-

265 2794 488 2862 νογενὴς
517 2793 666 2846 ἔσται
696 2794 792 2863 τῆς
819 2794 1005 2857 οὐσίας
1029 2795 1209 2848 εἰκών.
1231 2795 1383 2848 υῦτω
1407 2799 1498 2850 καὶ
1527 2799 1676 2850 αὐτοὶ
1706 2799 1831 2851 πολ-

266 2887 420 2949 λάκες
458 2888 506 2939 οἱ
546 2886 772 2958 ἐργάται
821 2885 912 2938 τοῦ
968 2887 1214 2955 ψεύδους,
1265 2888 1367 2940 ὐπὸ
1407 2889 1506 2959 τῆς
1554 2891 1831 2960 ἐνεργείας

265 2977 551 3049 ἀγχόμενοι
571 3017 585 3040 ,
620 2977 952 3048 μαρτυροῦσι
996 2981 1058 3048 τῇ
1092 2978 1317 3050 ἀληθείᾳ
1346 2981 1438 3033 καὶ
1465 2981 1540 3050 μὴ
1571 2981 1827 3051 βουλόμε-

264 3088 362 3123 νοι.
410 3071 559 3123 Ἐπεὶ
592 3070 682 3122 καὶ
709 3071 756 3122 οἱ
777 3069 1026 3140 δαίμονες
1048 3071 1165 3141 οὐχί
1189 3071 1583 3140 εὐαγγελιστῶν
1613 3074 1825 3127 ἐποίουν

1935 1892 2232 1946 substantia
2268 1905 2484 1960 quoque
2505 1899 2609 1955 est,
2633 1900 2996 1945 consentanea
3026 1905 3153 1945 vero
3179 1902 3264 1946 est
3295 1901 3347 1945 et
3365 1907 3495 1946 con-

1935 1983 2155 2037 veniens
2186 1984 2279 2036 Dci
2320 1983 2568 2051 dignitati
2609 1983 2848 2048 operatio
2869 1981 3004 2049 ejus,
3046 1982 3160 2038 haec
3207 1992 3383 2038 autem
3411 1994 3495 2038 cst

1934 2068 2177 2123 Christus
2202 2084 2264 2122 ex
2304 2069 2494 2122 horum
2531 2070 2822 2135 sententia,
2867 2072 3189 2141 coniunctus
3235 2074 3400 2142 igitur
3427 2089 3492 2127 ac

1933 2160 2255 2214 conveniens
2283 2161 2384 2213 erit
2415 2161 2732 2214 substantia:
2759 2161 2870 2215 Dei.
2898 2165 3072 2230 Atque
3124 2163 3316 2217 horum
3351 2165 3483 2218 nihil

1935 2257 2176 2304 nostrum
2206 2259 2305 2305 cst.
2328 2249 2444 2319 lpsa
2471 2251 2613 2304 enim
2647 2252 2870 2305 istorum
2897 2254 3056 2307 verba
3087 2268 3490 2322 componentes,

1933 2357 1998 2397 ex
2028 2343 2218 2396 iisdem
2277 2343 2788 2397 demonstrationem
2837 2345 3194 2400 conterimus.
3233 2346 3494 2400 Substan-

1936 2433 2088 2495 tiam,
2112 2431 2301 2500 inquit,
2341 2433 2586 2499 sequitur
2618 2431 2708 2485 Dei
2741 2430 2972 2500 dignitas
3005 2450 3017 2485 :
3068 2433 3228 2488 habet
3259 2450 3488 2502 propor-

1933 2524 2132 2576 tionem
2167 2524 2410 2591 operatio
2440 2538 2560 2577 cuin
2590 2523 2849 2592 dignitate
2881 2541 2892 2574 :
2934 2526 3262 2591 operationis
3312 2527 3488 2598 imago

1933 2623 2012 2668 est
2054 2613 2370 2683 Unigenitus
2405 2632 2418 2667 :
2451 2624 2501 2668 ct
2529 2615 2645 2667 vice
2678 2629 2854 2679 versa,
2883 2615 2925 2668 si
2952 2613 3272 2685 Unigenitus
3305 2618 3480 2688 imago

1933 2717 2016 2758 est
2049 2705 2374 2774 operationis
2401 2723 2414 2757 :
2451 2704 2694 2773 operatio
2720 2718 2864 2768 vero,
2899 2705 3172 2774 dignitatis
3205 2725 3221 2760 :
3252 2707 3485 2776 dignitas

1932 2805 2131 2860 autem,
2156 2795 2488 2858 substantia},
2525 2795 2839 2865 Unigenitus
2865 2796 3180 2850 substantia:
3217 2799 3319 2852 erit
3351 2799 3486 2854 ima-

1930 2901 2015 2955 go.
2046 2885 2136 2940 Sic
2161 2901 2302 2954 saepe
2331 2895 2384 2939 ct
2407 2886 2505 2956 ipsi
2538 2889 2802 2941 mendacii
2833 2887 3135 2954 architecti,
3162 2903 3337 2943 rerum
3360 2905 3486 2959 per-

1929 2976 2213 3044 spicuitate
2246 2978 2440 3042 coacti,
2478 2976 2557 3030 vel
2583 2977 2731 3030 inviti
2765 2981 3044 3033 veritatem
3065 2980 3370 3035 testimonio
3387 2997 3486 3036 suo

1929 3069 2298 3135 comprobant.
2319 3067 2482 3138 269
2496 3067 2628 3120 Nam
2654 3076 2708 3121 et
2730 3070 2996 3125 daemones
3012 3085 3116 3124 non
3133 3072 3486 3141 evangelista-

262 3158 442 3230 ἔργον,
474 3157 586 3212 ἀλλ’
624 3131 974 3212 ἀντιϐλέπειν·
1114 3131 1409 3231 ’δυνάμενοι
1452 3161 1528 3232 τῷ
1565 3164 1662 3231 τῆς
1692 3162 1817 3233 ἀλη-

1925 3174 2041 3212 rum
2065 3157 2328 3213 faciebant
2354 3175 2488 3227 opus
2519 3177 2532 3211 ε
2560 3159 2652 3212 sed
2687 3168 2862 3214 tamen
2885 3175 3006 3214 cum
3038 3165 3278 3217 veritatis
3311 3163 3482 3218 lucem

264 3251 410 3314 θείας
445 3251 599 3319 φωτὶ,
623 3249 789 3302 ἐϐόων
809 3266 821 3279 ·
851 3250 1108 3319 Οἴδαμέν
1139 3267 1210 3304 σε
1236 3252 1326 3318 τίς
1353 3249 1424 3317 εἷ,
1452 3255 1484 3306 ὀ
1519 3253 1683 3319 ἄποιος
1717 3254 1823 3307 τοῦ

265 3341 430 3394 Θεοῦ.

330 3428 418 3482 5'2.
455 3427 679 3498 Ἴδωμεν
702 3429 758 3482 δὲ
786 3430 878 3482 καὶ¹
909 3429 976 3481 τὰ
1006 3429 1289 3485 ἀκόλουθα.

332 3521 489 3573 ΕΥΝ.
521 3519 644 3573 Εἴτε
679 3521 816 3592 γὰρ,
843 3521 1034 3592 φησὶν,
1078 3523 1141 3574 ἐκ
1182 3521 1290 3575 τῶν
1328 3523 1825 3594 δημιουργημάτων

262 3612 461 3665 σκοποῦ
471 3614 629 3683 μενός
650 3631 752 3678 τις,
783 3614 846 3666 ἐκ
864 3612 1065 3666 τούτων
1087 3613 1180 3668 ἐπὶ
1197 3614 1296 3678 τὰς
1327 3615 1514 3678 οὐσίας
1551 3618 1805 3684 ἀνάγοιτο

329 3747 377 3779 ’⁸
411 3747 572 3802 Marc.
611 3764 648 3813 I,
675 3748 764 3803 24.

256 3974 292 4026 ἀ
331 3905 608 4028 gMEEditi
629 3907 709 3970 εἰς
742 3901 1014 3970 ἀπόδειξιν
1037 3905 1249 3976 ἐκείνῳ.
1273 3905 1343 3958 At
1365 3919 1493 3960 mss.
1523 3903 1714 3975 ἐκείνῳ
1740 3906 1819 3968 είς

297 3991 336 4026 π
395 3995 442 4028 ει
481 3995 548 4028 ιν.

297 3991 548 4030 ποοειζιν.

328 3976 608 4112 ίόέῗζξὲίίίιὶ
642 4044 703 4098 τὸ
730 4045 786 4097 δὲ
824 4043 960 4097 αὐτὸ
979 4043 1154 4097 τοῦτο.
1197 4042 1311 4097 Vox
1340 4043 1498 4096 τοῦτο
1539 4043 1593 4096 in
1621 4042 1818 4112 codici-

256 4114 357 4185 bus
384 4115 776 4185 antiquioribus
805 4116 974 4171 deest.
1006 4113 1204 4169 Ibidem
1237 4113 1372 4184 Reg.
1413 4123 1640 4182 quartus
1678 4111 1818 4164 κατὰ

257 4182 343 4235 τὸν
373 4182 560 4238 τούτου
588 4184 762 4252 λόγον.
1300 4182 1342 4252 ί
1490 4251 1497 4252 ί
1629 4251 1641 4252 η
1739 4201 1742 4204 ’

329 4254 441 4319 (59.)
466 4255 560 4308 Hic
589 4251 737 4308 locus
767 4253 910 4306 visus
937 4261 1020 4307 est
1050 4252 1251 4307 homini
1282 4251 1596 4306 doctissimo
1621 4251 1815 4306 Ducteo

261 4325 480 4378 mutilus
534 4333 586 4377 et
639 4323 944 4376 mendosus.
1018 4324 1123 4378 Sed
1189 4329 1408 4390 praestat
1455 4320 1588 4390 ejus
1650 4322 1812 4374 verba

260 4393 549 4454 ascribere,
569 4408 685 4460 quae
718 4393 828 4445 hzec
844 4401 968 4445 sunt
999 4409 1012 4444 :
1044 4389 1212 4446 Locus
1250 4403 1323 4444 est
1355 4392 1408 4442 in
1438 4389 1618 4460 Qrazco
1647 4394 1805 4443 muti-

260 4459 362 4521 lus,
394 4478 483 4515 nec
517 4459 724 4514 adeum
739 4462 1028 4530 sanandum
1049 4464 1175 4515 satis
1202 4461 1413 4530 adjuvat
1449 4459 1576 4530 Reg.
1612 4477 1708 4514 ms.
1751 4464 1805 4514 in

258 4544 358 4600 quo
389 4533 518 4597 lego,
539 4530 612 4593 ὥς
648 4546 711 4597 γε
750 4529 957 4592 τούτοις
989 4528 1286 4600 ἀντιλέγεις
1318 4531 1417 4582 οὐκ
1442 4528 1671 4600 ἔχουσιν,
1698 4542 1800 4584 etc.

259 4597 451 4668 Fateor
475 4601 686 4667 quidem
716 4601 858 4653 hunc
893 4600 1068 4653 locum
1107 4597 1348 4654 mutilum
1383 4597 1502 4653 esse
1535 4601 1584 4651 in
1628 4599 1804 4668 Regiis

261 4666 432 4721 tribus
463 4666 592 4724 mss.
618 4668 838 4736 perinde
867 4679 1026 4736 atque
1051 4676 1102 4722 in
1134 4671 1268 4724 libro
1306 4669 1480 4722 Ducaei
1515 4685 1528 4719 :
1561 4672 1652 4722 sed
1686 4666 1804 4723 d'ico

257 4751 376 4788 eum
431 4739 557 4790 mihi
616 4739 881 4806 integrum
908 4749 962 4792 et
989 4741 1328 4792 emendatum
1373 4739 1538 4790 videri
1595 4739 1645 4790 in
1686 4740 1802 4793 aliis

257 4807 464 4876 duobus
494 4823 624 4862 mss.
677 4807 870 4876 Regiis,
893 4817 946 4862 et
973 4809 1024 4861 in
1060 4817 1287 4876 utraque
1313 4808 1547 4860 editione
1584 4806 1717 4861 Ven.
1750 4820 1805 4860 et

256 4871 429 4929 Paris.
459 4885 513 4929 et
542 4877 594 4930 in
619 4871 806 4931 codic'e
835 4875 1141 4932 Colbertino
1166 4892 1180 4929 :
1201 4871 1268 4930 'in
1315 4876 1508 4943 quibus
1553 4879 1804 4931 omnibus

256 4943 446 5016 legitur
474 4945 660 5016 ita,ut
690 4946 742 4997 in
782 4955 1038 5016 contextu
1080 4947 1262 5016 videre
1288 4947 1434 5016 licet.
1467 4945 1599 5000 Puto
1639 4947 1803 5016 igitur

251 5013 506 5067 Basilium
547 5015 914 5079 ὲλλειπτικῶς,
946 5025 1004 5068 ut
1033 5031 1173 5083 saepe
1205 5015 1355 5078 alias,
1396 5015 1628 5069 locutum
1661 5013 1798 5078 esse,

251 5085 332 5135 sic
367 5093 424 5137 ut
455 5094 574 5152 post
602 5084 752 5137 οὐδέν
800 5099 902 5137 vox
949 5085 1208 5150 ἐναντίον,
1241 5096 1332 5138 aut
1357 5083 1460 5136 alia
1487 5085 1689 5152 quaevis
1723 5087 1802 5137 si-

251 5153 391 5222 milis
428 5156 805 5218 subaudiatnr,
829 5155 968 5222 quod
1009 5157 1083 5208 ita
1116 5152 1593 5221 interpretabimur
1621 5173 1632 5207 :
1665 5153 1800 5207 Cum

250 5221 379 5274 nihil
405 5223 626 5275 habeant
652 5224 789 5292 quod
821 5221 966 5277 nobis
1000 5226 1303 5278 adversetur
1339 5241 1356 5276 :
1385 5233 1480 5276 aut
1513 5224 1557 5276 si
1609 5224 1796 5292 mavis,

248 5305 362 5342 cum
399 5291 526 5362 nihil
553 5291 777 5346 habeant
806 5293 941 5360 quod
969 5295 1113 5347 nobis
1145 5307 1400 5362 apponere
1442 5293 1658 5362 possint.
1689 5291 1800 5346 Nec

249 5372 433 5430 parum
483 5361 621 5416 hanc
669 5362 1032 5428 conjecturam
1098 5361 1335 5429 adjuvat,
1381 5364 1522 5430 quod
1569 5361 1797 5416 Basilius

249 5429 402 5500 paulo
434 5441 558 5482 ante
585 5432 680 5484 .ita
719 5433 994 5498 scripserit
1032 5453 1044 5486 :
1075 5430 1190 5484 Hoc
1237 5429 1504 5500 (Eunolnii
1553 5433 1797 5484 testimo-

248 5496 415 5569 nium)
445 5515 728 5569 sermonem
767 5496 1000 5553 nostrum
1049 5496 1348 5568 continuat.
1401 5500 1467 5553 Et
1524 5500 1798 5569 aliquanto

249 5563 385 5616 infra
404 5583 431 5638 7:
465 5566 550 5619 Sic
573 5587 708 5638 stepe
757 5578 805 5622 et
844 5572 943 5638 ipsi
994 5563 1255 5622 mendacii
1301 5570 1590 5632 architecti,
1613 5563 1796 5622 'rerum

245 5637 607 5700 perspicuitate
649 5637 843 5702 adacti,
891 5639 967 5694 vel
1000 5640 1152 5692 inviti
1191 5641 1462 5693 veritatem
1502 5640 1794 5691 testimonio

244 5717 335 5757 suo
371 5708 721 5773 comprobant.
751 5709 900 5775 Quod
927 5711 1064 5766 idem
1097 5717 1179 5764 est
1205 5724 1268 5765 ac
1297 5710 1343 5764 si
1377 5709 1579 5766 diceret
1612 5724 1624 5760 :
1651 5707 1792 5762 Tan-

1921 3251 2118 3306 intueri
2151 3267 2253 3304 non
2284 3250 2840 3320 possent,clamabant
2865 3273 2876 3307 :
2901 3251 3152 3307 Novimus
3175 3266 3222 3306 te
3243 3256 3357 3322 quis
3385 3257 3484 3323 sis,

1924 3343 2175 3395 nimirum
2201 3341 2290 3396 ille
2319 3351 2533 3394 sanctus
2567 3339 2662 3394 Dei
2691 3341 2760 3393 ’⁸.

1994 3432 2083 3487 52.
2116 3430 2220 3486 Sed
2244 3431 2518 3485 videamus
2555 3439 2611 3484 et
2655 3432 2956 3499 sequentia.

1996 3525 2132 3580 EUN.
2165 3523 2221 3578 Si
2253 3524 2376 3593 quis
2398 3523 2562 3586 enim,
2592 3522 2786 3592 inquit,
2818 3538 2932 3578 rem
2960 3539 3025 3578 ex
3058 3534 3324 3581 creaturis
3348 3542 3483 3584 con—

1925 3619 2193 3682 siderans,
2255 3631 2358 3685 ope
2387 3617 2578 3671 harum
2633 3613 2699 3668 ad
2749 3614 3083 3673 substantias
3109 3620 3432 3687 perducatur
3459 3657 3476 3687 ,

1917 3903 2226 3977 tum‘abest,
2252 3915 2318 3977 ut
2342 3905 2659 3959 Eunomiant
2702 3906 2992 3977 quicquam
3026 3922 3165 3962 nunc
3195 3909 3473 3977 proferant

1913 3973 2052 4040 quod
2075 3973 2230 4026 nobis
2256 3976 2587 4038 adversetur,
2620 3973 2864 4028 utetiam
2882 3973 3207 4030 sententiam
3226 3987 3469 4034 nostram

1913 4042 2252 4114 confirment,
2281 4059 2508 4112 eamque
2536 4047 2604 4098 ob
2634 4057 2810 4097 rerum
2846 4047 3280 4114 perspicuitatem
3319 4052 3468 4104 testi-

1916 4112 2100 4200 monio
2126 4127 2226 4200 suo
2248 4114 2488 4200 stabilire
2506 4122 2784 4200 cogantur:
2816 4112 3315 4200 Quod—sequimni)
3344 4119 3472 4200 πολ-

1912 4179 2004 4252 λοῦ
2038 4181 2122 4252 ἄν,
2150 4192 2279 4246 etc.,
2303 4179 2617 4251 ca'teroquin
2641 4198 2727 4235 eos
2749 4179 2972 4250 facerem
2996 4179 3231 4252 plu—rimi,
3261 4179 3315 4241 si
3336 4188 3472 4244 hanc

1914 4251 2284 4326 olasphemiam
2318 4253 2653 4326 abnegarent,
2681 4267 2785 4304 non
2808 4253 2877 4326 ita
2904 4251 3072 4320 accipi
3105 4255 3283 4321 debet,
3314 4260 3465 4326 quasi

1912 4319 1964 4372 in
1999 4322 2080 4373 his
2109 4319 2463 4393 blasphemia:
2497 4319 3085 4393 aliquaﬁcontineatur,
3112 4341 3233 4380 cum
3271 4319 3464 4393 potius

1908 4404 2206 4444 sermonem
2239 4405 2392 4443 sutnn
2435 4391 2557 4443 inde
2577 4391 2881 4444 confirmari
2914 4393 3055 4444 dicat
3084 4391 3342 4448 Basilius:
3367 4399 3460 4451 sed

1909 4431 2206 4444 .........,.......
2437 4431 2557 4443 ...ην
2914 4431 3055 4444 ων...
3084 4431 3342 4448 ναυηηω.
3367 4431 3391 4449 ο
3429 4431 3442 4450 ι

1838 4431 1880 4483 D
1911 4460 2009 4512 hoc
2033 4462 2227 4529 modo:
2267 4461 2321 4512 Si
2357 4458 2885 4529 Eunmnianimulam
2916 4477 3064 4514 suam
3102 4431 3445 4529 voluntatem),

1906 4543 2009 4594 qua
2065 4529 2133 4581 ita
2185 4527 2460 4595 loquentes
2529 4528 2867 4596 Unigenitum
2928 4545 2957 4582 a
3021 4530 3180 4585 Patre
3229 4527 3462 4587 alienum

1905 4599 2192 4651 ostendere
2216 4598 2419 4657 volunt,
2454 4599 2666 4650 tandem
2707 4598 2994 4666 aliquando
3017 4601 3311 4666 abjicerent
3344 4619 3463 4655 Illll-

1907 4675 2210 4733 tarentque,
2231 4665 2383 4718 valde
2411 4667 2697 4719 admodum
2724 4665 2917 4721 de’hoc
2947 4685 3038 4722 eos
3074 4665 3369 4724 laudarem.
3407 4672 3460 4725 Id

1904 4750 2083 4791 autem
2111 4737 2181 4808 ita
2216 4750 2336 4790 esse
2358 4735 2534 4808 facile,
2558 4736 2769 4808 opinor,
2788 4738 3077 4808 fatebitur,
3101 4741 3189 4808 qui
3218 4755 3302 4802 ea,
3339 4756 3460 4808 quae

1905 4808 2098 4878 partim
2141 4805 2252 4878 jam
2301 4805 2651 4878 protulimus,
2679 4805 2857 4860 Basilii
2891 4805 3309 4878 verbaulegerlt.
3344 4805 3458 4863 Hoc

1902 4875 2133 4994 quidem,
2167 4876 2362 4940 inquit,
2391 4875 2456 4926 ab
2491 4890 2550 4926 eo
2597 4875 2794 4928 dictum
2825 4886 2921 4941 est,
2950 4887 3002 4928 ut
3055 4875 3389 4943 Unigenitum
3426 4901 3459 4932 α

1955 4954 2066 4994 atre
2098 4943 2323 4994 alienum
2347 4946 2584 4994 ostendat
2626 4959 2644 4994 :
2683 4954 2736 4994 at
2763 4953 2997 4994 nostrum
3025 4962 3310 4994 sermonem
3332 4966 3458 4994 cnn-

1955 4954 2066 4996 atre
2098 4943 2323 4996 alienum
2347 4946 2584 4998 ostendat
2626 4959 2644 4996 .'
2683 4954 2736 4996 at
2763 4953 2997 4997 nostrum
3025 4962 3310 5000 sermonem
3332 4966 3458 5002 can-

1901 5013 2098 5084 ﬁrmat.
2133 5044 2201 5084 _—-
2228 5013 2535 5084 Καὶγτοῦτο
2564 5016 2712 5066 κατὰ
2736 5014 2840 5066 τὸν
2871 5015 3094 5068 τούτων
3115 5017 3316 5084 λόγον.
3355 5018 3462 5072 Το-

1906 5091 1988 5133 tus
2023 5082 2110 5135 hic
2134 5082 2282 5154 locus
2315 5083 2394 5134 sic
2438 5083 2645 5154 videtur
2685 5084 2987 5136 reddendus
3029 5102 3042 5136 :
3089 5082 3256 5154 Atque
3299 5088 3352 5139 id
3393 5105 3459 5140 ea:

1900 5166 2081 5203 eorum
2108 5151 2352 5224 doctrina
2379 5153 2730 5224 consequitur,
2762 5154 2835 5224 ita
2861 5164 2910 5204 ut
2944 5155 3019 5206 eis
3044 5151 3363 5224 super/luunt
3389 5160 3456 5209 sit

1900 5221 2275 5286 contradicere,
2307 5236 2424 5272 cum
2457 5222 2509 5272 id
2535 5238 2637 5273 non
2672 5222 2889 5294 possint.
2929 5224 3001 5276 Ac
3029 5221 3214 5291 magno
3248 5229 3456 5294 quidem

1899 5305 2162 5362 mercarer
2219 5300 2272 5342 ut
2313 5294 2446 5362 hanc
2486 5306 2636 5342 suam
2691 5291 3004 5362 impietatem
3035 5291 3323 5362 abnegen’t;
3365 5298 3456 5347 sed

1897 5361 2020 5426 quia
2046 5373 2160 5410 eam
2193 5359 2538 5424 protulerunt,
2574 5371 2679 5413 etc.
2711 5359 2920 5414 Manut.

1969 5428 2080 5497 (55)
2112 5427 2251 5499 Editi
2283 5428 2392 5499 μὲν
2412 5427 2547 5480 Θεοῦ
2596 5429 2908 5499 ἀγεννησία.
2955 5430 3133 5485 Codex
3194 5431 3347 5486 Colb.
3403 5445 3457 5486 et

1898 5495 2032 5575 ﬂag.
2068 5498 2257 5575 tertius
2285 5495 2344 5575 ut
2385 5498 2437 5575 i_n
2491 5495 2938 5575 contestu.'_Mo_x
2984 5502 3142 5575 iidem
3189 5503 3456 5575 codicesi}

1897 5567 2166 5636 ἐνέργεια.
2201 5566 2480 5636 Articulus
2506 5568 2556 5620 in
2590 5569 2750 5622 editis
2778 5570 3206 5624 desiderabatur.

1897 5634 2080 5760 b"('54)
2106 5634 2360 5693 Voculam
2395 5635 2491 5706 μέν
2523 5637 2704 5693 addidi
2724 5652 2788 5692 ex
2817 5639 3022 5696 duobus
3050 5639 3232 5711 Regiis
3256 5641 3462 5700 οοάἱοίε

1975 5723 2022 5760 5.

1938 5721 2022 5760 US.
