3956 6216
329 335 434 392 653

1426 330 1797 387 ADVERSUS
1836 332 2204 390 EUNOMIUM
2249 334 2377 389 LIB.
2424 332 2509 386 Ill.

3463 329 3569 386 655

1344 710 1685 834 KAT’
1780 718 2576 837 ΕΥΝΟΜΙΟΥ

1697 990 2061 1079 ΛΟΓΟΣ
2098 986 2213 1074 Γ’.

1349 1244 1507 1299 ΠΕΡΙ
1546 1246 1683 1298 ΤΟΥ
1720 1246 1923 1299 ΑΓΙΟΥ
1961 1242 2385 1300 ΠΝΕΥΜΑΤΟΣ
2426 1242 2556 1313 (74).

808 1635 1282 1730 CONTRA
1359 1636 2045 1730 EUNOMIUM
2129 1636 2487 1725 LIBER
2562 1636 3076 1725 TERTIUS

1573 1871 1661 1926 DE
1696 1869 1966 1926 SPIRITU
2015 1869 2299 1929 SANCTO.

398 2236 448 2281 1.
498 2227 643 2280 ΒΑΣ.
682 2224 849 2288 Μόλις
884 2224 1014 2277 ποτὲ
1049 2224 1160 2294 (75)
1193 2227 1471 2297 κορεσθεὶς
1522 2226 1630 2279 τῶν
1682 2228 1760 2290 εἰς
1805 2226 1896 2280 τὸν

2074 2226 2122 2280 1.
2165 2225 2287 2280 Bas.
2308 2224 2405 2278 Vix
2428 2222 2638 2277 tandem
2660 2219 3008 2289 blaspbetniis
3024 2219 3076 2273 in
3106 2216 3450 2289 Unigenitum
3471 2234 3561 2273 ex-

321 2319 598 2390 Μονογενῆ
632 2317 1007 2388 βλασφημιῶν,
1037 2318 1129 2369 ἐπὶ
1154 2318 1213 2371 τὸ
1243 2320 1464 2391 Πνεῦμα
1485 2320 1544 2373 τὸ
1576 2320 1729 2387 ἆγιον
1764 2337 1893 2390 μετ-

321 2412 596 2483 ελήλυθεν,
637 2409 904 2464 ἀκόλουθα
943 2411 1006 2479 τῇ
1048 2410 1143 2480 ὅλῃ
1189 2410 1353 2463 αὑτοῦ
1410 2410 1519 2481 (76)
1581 2409 1893 2482 προαιρέσει

320 2505 415 2555 καὶ
441 2500 781 2572 περὶτούτου
810 2500 1185 2569 διαλεγόμενος
1205 2517 1219 2532 ·
1248 2503 1446 2572 γράφει
1476 2502 1531 2554 δὲ
1562 2502 1750 2565 οὔτως⁵

395 2593 553 2645 ΕΥΝ.
618 2590 954 2661 Ἀρκούντων
1022 2591 1077 2643 δὲ
1123 2593 1254 2660 ἡμῖν
1309 2592 1575 2644 τοσούτων
1623 2593 1750 2664 περὶ
1800 2592 1892 2645 τοῦ

323 2681 680 2749 Μονογενοῦς,
718 2679 1004 2733 ἀκόλουθον
1050 2679 1115 2733 ἂν
1160 2679 1244 2751 εἴη
1294 2682 1387 2734 καὶ
1435 2682 1561 2752 περὶ
1589 2680 1682 2733 τοῦ
1713 2682 1896 2753 Παρα-

323 2773 518 2843 κλήτου
548 2771 729 2824 λοιπὸν
755 2772 926 2823 εἰπεῖν
950 2785 964 2800 ⁸
1000 2770 1060 2822 οὐ
1095 2772 1211 2832 ταῖς
1236 2770 1606 2836 ἀνεξετάστοις
1631 2769 1737 2825 τῶν
1770 2772 1895 2823 πολ-

322 2862 428 2913 λῶν
455 2859 880 2923 ἀκολουθοῦντας
898 2858 1095 2925 δόξαις,
1126 2861 1223 2931 τὴν
1246 2861 1302 2913 δὲ
1326 2861 1432 2914 τῶν
1456 2859 1622 2929 ἁγίων
1645 2864 1701 2914 ὲν
1726 2861 1894 2915 ἆπασι

325 2951 696 3020 φυλάσσοντας
721 2950 1088 3015 διδασκαλίαν,
1125 2952 1253 3022 παρ’
1276 2944 1349 3005 ὧν
1374 2952 1552 3023 τρίτον
1586 2952 1717 3007 αὐτὸ
1742 2953 1896 3020 ἀξιώ-

328 3059 455 3112 ματι
486 3042 578 3093 καὶ
618 3040 763 3104 τάξει
810 3024 1097 3110 μαθόντες,
1128 3040 1308 3111 τρίτον
1347 3038 1484 3096 εἶναι
1516 3046 1607 3099 καὶ
1635 3048 1699 3116 τῇ
1737 3046 1895 3115 φύσει

325 3133 787 3201 πεπιστεύκαμεν.

397 3227 542 3278 ΒΑΣ.
573 3226 693 3278 Ὅτι
728 3226 824 3296 μὲν
871 3224 976 3295 γὰρ
1024 3225 1124 3279 ούκ
1169 3225 1338 3279 οἴεται
1382 3228 1488 3280 δεῖν
1536 3232 1598 3300 τῇ
1630 3230 1773 3301 ἁπλῇ
1803 3236 1894 3285 καὶ

324 3317 722 3389 ἀνεπιτηδεύτῳ
778 3318 958 3370 πίστει
1012 3317 1120 3371 τῶν
1174 3318 1382 3372 πολλῶν
1430 3320 1707 3389 ἐμμένειν,
1760 3322 1893 3375 ἀλλὰ

324 3413 587 3480 τεχνικοῖς
616 3427 723 3462 τισι
766 3411 859 3463 καὶ
894 3410 1302 3481 σεσοφισμένοις
1343 3412 1519 3478 λόγοις
1558 3412 1716 3465 πάλιν
1760 3414 1893 3483 πρὸς

324 3503 385 3555 τὸ
435 3502 621 3556 δοκοῦν
655 3503 832 3573 ἐαυτῷ
865 3502 1307 3574 παρακρούεσθαι
1335 3504 1431 3574 τὴν
1477 3504 1751 3575 ἀλήθειαν,
1786 3507 1897 3558 ίκα⁶

2001 2314 2247 2381 satiatus,
2280 2314 2344 2368 ad
2377 2312 2638 2382 Spiritum
2671 2318 2917 2364 sanctum
2948 2309 3018 2363 ita
3051 2309 3287 2373 transiit,
3320 2317 3378 2362 ut
3408 2310 3472 2363 de
3503 2324 3561 2363 cc

2001 2408 2163 2463 etiam
2194 2414 2616 2460 consentaneum
2661 2403 2755 2457 toti
2805 2416 2903 2456 suo
2942 2402 3218 2470 proposito
3262 2416 3561 2456 sermonem

2004 2499 2267 2553 instituat.
2311 2495 2510 2551 Scribit
2549 2502 2727 2546 autem
2760 2491 2839 2546 sic
2882 2510 2894 2545 :

2072 2590 2207 2645 EUN.
2250 2589 2383 2644 Cum
2433 2597 2611 2641 autem
2671 2587 2785 2639 haec
2836 2584 2990 2638 nobis
3028 2583 3092 2637 de
3125 2583 3413 2653 Unigenito
3457 2584 3547 2637 sul‘

2005 2681 2205 2745 liciant,
2236 2693 2570 2748 consequens
2591 2676 2754 2732 fuerit
2792 2685 2849 2729 ut
2878 2674 2986 2741 jam
3020 2676 3084 2729 de
3119 2673 3396 2730 Paracleto
3434 2691 3557 2743 quo-

2004 2790 2107 2842 que
2136 2775 2412 2839 dicamus,
2456 2788 2562 2826 non
2614 2771 2757 2841 vulgi
2796 2770 3078 2839 opiniones
3124 2772 3437 2823 temerarias
3482 2783 3565 2823 se-

2003 2866 2152 2926 cuti.
2208 2866 2301 2921 sed
2357 2874 2668 2920 sanctorum
2718 2864 2769 2917 in
2806 2862 3057 2916 omnibus
3103 2861 3404 2916 doctrinam
3441 2876 3555 2915 scr--

2003 2968 2189 3011 vantes
2216 2976 2227 3009 :
2264 2972 2293 3009 a
2322 2972 2515 3025 quruus
2544 2970 2665 3009 cum
2699 2954 3046 3008 didicerimus
3072 2967 3193 3006 eum
3225 2952 3485 3021 dignitate
3513 2962 3567 3006 et

2002 3046 2191 3101 ordine
2226 3047 2441 3099 tertium
2467 3085 2481 3111 ,
2525 3044 2740 3097 tertium
2781 3056 2991 3111 quoque
3023 3051 3214 3095 natura
3251 3057 3368 3097 esse
3399 3042 3569 3098 credi-

2003 3155 2140 3193 mus.

2074 3229 2199 3283 Bas.
2242 3228 2392 3295 Quod
2419 3227 2633 3296 quidem
2663 3242 2765 3279 non
2793 3235 2944 3295 putet
2970 3233 3221 3295 oportere
3249 3227 3299 3281 in
3334 3228 3564 3298 simplici

2005 3337 2069 3377 ac
2101 3320 2242 3375 nuda
2286 3318 2574 3372 multorum
2608 3318 2711 3372 lide
2743 3332 3060 3386 permanere
3081 3358 3096 3381 ,
3122 3318 3215 3373 sed
3259 3321 3565 3376 artificiosis

2003 3411 2321 3479 quibusdam
2397 3426 2460 3463 ac
2541 3410 2795 3477 captiosis
2894 3409 3189 3466 rationibus
3283 3415 3562 3467 veritatem

2008 3518 2192 3556 rursus
2221 3502 2285 3554 ad
2328 3502 2414 3565 id,
2461 3500 2601 3569 quod
2652 3500 2751 3553 sibi
2805 3500 3035 3564 videtur,
3079 3501 3397 3567 detrudere,
3434 3505 3565 3559 satis

325 3592 430 3655 νῶς
470 3592 526 3658 ἐξ
557 3586 631 3646 ὧν
680 3588 829 3645 εἶπεν
874 3592 1156 3664 ἐδήλωσεν.
1202 3594 1503 3663 Ἀτιμάζων
1532 3594 1639 3666 γὰρ
1668 3596 1764 3667 τὴν
1793 3598 1896 3650 τῶν

2006 3611 2064 3651 ex
2096 3596 2161 3650 iis
2190 3611 2307 3664 qua:
2339 3594 2557 3663 protulit
2585 3594 2760 3648 verbis
2795 3596 3047 3649 ostendit.
3067 3595 3228 3664 272
3262 3595 3393 3651 Nam
3423 3599 3562 3650 mul-

325 3683 533 3737 πολλῶν
556 3682 730 3749 δόξαν,
821 3684 1099 3748 δοξάζουσι
1123 3684 1183 3737 τὸ
1207 3685 1431 3755 Πνεῦμα
1452 3686 1511 3738 τὸ
1540 3686 1710 3755 ἅγιον,
1738 3705 1904 3759 προσ-

325 3777 559 3830 ποιεῖται
590 3774 687 3844 τὴν
735 3774 844 3827 τῶν
884 3776 1053 3843 ἁγίων
1086 3775 1378 3845 φυλάσσειν
1414 3776 1776 3844 διδασκαλίαν,
1809 3779 1903 3832 καὶ

323 3868 449 3929 τοὺς
498 3867 700 3937 ταύτην
760 3867 909 3938 αύτῷ
964 3868 1411 3938 παραδεδωκότας
1460 3868 1769 3940 ἀποσιωπᾷ,
1810 3870 1904 3925 καὶ

322 3958 439 4020 νῦν,
468 3958 610 4031 άπερ
639 3960 741 4012 κάν
760 3961 873 4022 τοῖς
897 3960 1023 4030 περ)⁸
1047 3959 1139 4012 τοῦ
1167 3959 1505 4027 Μονογενοῢς
1531 3959 1709 4029 λόγοις
1736 3961 1903 4015 ποιῶν

323 4048 638 4118 ἀπεδείχθη,
668 4044 802 4101 Εἶτά
832 4066 964 4120 φησι
1002 4048 1154 4119 παρὰ
1192 4048 1289 4119 μὲν
1322 4048 1429 4101 τῶν
1470 4050 1637 4117 ἁγίων
1669 4050 1908 4121 μεμαθη-

324 4137 477 4191 κέναι
506 4139 564 4190 τὸ
584 4139 763 4209 τρίτον
793 4134 933 4191 εἶναι
956 4141 1023 4209 τῇ
1050 4138 1199 4203 τάξει
1226 4139 1321 4191 καὶ
1348 4138 1425 4210 τῷ
1451 4138 1740 4210 ἀξιώματι,
1771 4142 1900 4212 παρ’

325 4228 517 4289 ἑαυτοῦ
548 4230 603 4282 δὲ
644 4232 1061 4285 πεπιστευκέναι
1088 4232 1148 4284 τὸ
1177 4232 1270 4285 καὶ
1312 4232 1422 4303 (77)
1454 4232 1635 4303 τρίτον
1667 4228 1805 4286 εἶναι
1834 4237 1898 4304 τῇ

326 4321 506 4389 φύσει.
546 4322 702 4384 Τίνες
726 4323 783 4375 δὲ
810 4325 858 4375 οί
905 4324 1068 4392 ἅγιοι,
1098 4324 1189 4377 καὶ
1217 4326 1273 4377 ὲν
1300 4325 1471 4388 ποίοις
1499 4324 1675 4394 λόγοις
1700 4327 1798 4397 τὴν
1823 4326 1901 4379 δι-

324 4412 616 4465 δασκαλίαν
670 4414 1013 4485 πεποίηνται,
1060 4418 1233 4469 εἰπεῖν
1280 4417 1380 4469 οὐκ
1432 4416 1545 4486 ἔχει
1586 4417 1717 4488 (78).
1755 4411 1899 4488 Ἀρα

326 4503 547 4571 γέγονεν
588 4503 727 4556 οὕτω
780 4505 1049 4576 τολμηρὸς
1093 4506 1411 4575 ἄνθρωπος,
1467 4507 1565 4571 τὰς
1619 4508 1748 4579 περὶ
1790 4508 1898 4562 τῶν

328 4596 485 4649 Θείων
511 4597 793 4667 δογμάτων
835 4598 1181 4669 καινοτομίας
1204 4598 1588 4669 εἰσηγούμενος
1614 4617 1627 4665 ;
1659 4600 1753 4664 Τίς
1790 4600 1896 4671 γὰρ

324 4688 555 4758 ἀνάγκη,
590 4691 638 4741 εἰ
684 4688 760 4760 τῷ
793 4688 1059 4760 ἀξιώματι
1092 4690 1185 4743 καὶ
1220 4692 1284 4761 τῇ
1316 4690 1466 4755 τάξει
1507 4692 1687 4763 τρίτον
1714 4692 1888 4763 ὑπάρ-

2007 3699 2181 3741 torum
2222 3687 2469 3754 opinione
2500 3696 2828 3754 contempta,
2869 3702 2972 3754 qua
3014 3686 3272 3755 Spiritum
3317 3701 3562 3743 sanctum

1997 3778 2317 3851 glorilicant,
2341 3777 2558 3832 simulat
2584 3787 2764 3831 tenere
2787 3792 2844 3830 se
2885 3788 3199 3833 sanctorum
3218 3780 3521 3835 doctrinam
3546 3801 3557 3834 :

1999 3884 2055 3926 at
2077 3886 2171 3927 eos
2200 3872 2291 3941 qui
2324 3886 2440 3925 eam
2470 3870 2567 3939 ipsi
2618 3869 2986 3934 tradiderunt,
3025 3879 3186 3934 tacet,
3218 3872 3381 3924 etiam
3418 3888 3564 3927 nunc

2000 3963 2201 4019 faciens
2248 3978 2308 4015 ea
2344 3963 2482 4032 ipsa,
2515 3975 2633 4029 quae
2662 3959 2729 4014 ab
2755 3975 2819 4014 eo
2857 3960 2980 4013 dum
3012 3960 3078 4013 de
3120 3960 3409 4031 Unigenito
3443 3980 3563 4019 ser-

1999 4069 2208 4107 monem
2276 4052 2535 4115 haberet,
2597 4050 2734 4103 facta
2787 4065 2907 4104 esse
2970 4052 3397 4107 demonstratum
3457 4066 3561 4109 est.

1998 4145 2199 4213 Deinde
2223 4144 2356 4199 dicit
2383 4159 2411 4198 a
2447 4143 2649 4198 sanctis
2690 4142 2906 4212 quidem
2971 4160 3028 4199 se
3057 4144 3313 4201 didicisse
3346 4147 3563 4202 tertium

1994 4255 2114 4294 esse
2157 4240 2345 4294 ordine
2393 4246 2448 4291 et
2480 4238 2738 4308 dignitate
2773 4236 3071 4306 Spiritum;
3110 4254 3139 4291 a
3191 4254 3250 4293 se
3276 4239 3393 4309 ipso
3435 4255 3563 4294 vero

1996 4332 2237 4391 credere,
2274 4339 2464 4383 natura
2500 4345 2719 4399 quoque
2747 4328 2966 4382 tertium
2998 4345 3139 4383 esse.
3172 4330 3272 4395 Qui
3306 4344 3431 4383 vero
3453 4331 3564 4384 sint

1995 4421 2169 4475 sancti
2216 4421 2323 4485 illi,
2360 4430 2415 4475 et
2458 4421 2510 4473 in
2567 4420 2763 4488 quibus
2811 4420 3027 4488 scriptis
3072 4421 3211 4472 lianc
3258 4419 3559 4473 doctrinam

1994 4506 2263 4560 ediderint
2292 4506 2473 4559 dicere
2515 4520 2618 4558 non
2660 4514 2855 4573 potest.
2900 4505 3093 4558 Fuitne
3126 4519 3362 4572 unquam
3399 4504 3562 4559 homo

1995 4599 2075 4651 sic
2112 4597 2310 4661 audax,
2353 4598 2445 4665 qui
2496 4596 2798 4650 divinorum
2838 4596 3150 4666 dogmatum
3189 4595 3561 4650 iunovationes

1993 4692 2319 4745 induceret?
2355 4691 2463 4745 Cur
2509 4691 2650 4744 enim
2697 4703 2921 4743 necesse
2960 4698 3079 4755 est,
3118 4689 3162 4741 si
3210 4689 3469 4758 dignitate
3499 4704 3562 4743 ac

402 4889 515 4966 (74)
549 4888 779 4953 Titulus,
804 4899 860 4943 ut
896 4890 980 4955 lit,
1024 4891 1184 4966 alius_
1215 4900 1298 4966 est
1330 4898 1382 4966 in
1431 4893 1552 4966 aliis
1595 4892 1891 4966 cgdicibus.

2006 4892 2284 4966 taxillile
2318 4894 2765 4966 συγγραμμάτων
2797 4894 3159 4966 χρησάμενος.
3194 4891 3393 4966 Dicunt
3431 4908 3561 4966 iton-

321 4958 734 5033 Regiiﬂuartus
764 4968 819 5013 et
861 4970 1049 5033 sextus
1092 4961 1185 5014 τοῦ
1220 4962 1384 5015 αὑτοῦ
1443 4963 1579 5033 πρὸς
1611 4962 1894 5033 Εὐνόμιον,

320 5030 451 5099 περὶ
479 5027 818 5099 Πνεῖύματος,
850 5030 1083 5097 ejusdem
1136 5033 1388 5085 adversus
1432 5027 1779 5093 Eunomium',
1835 5036 1898 5085 de

321 5098 547 5171 Spiritu.
573 5098 704 5171 Reg.
736 5102 1005 5171 secundus
1034 5098 1128 5171 τοῦ
1156 5101 1321 5154 αὑτοῦ
1355 5102 1590 5171 μεγάλου
1616 5101 1896 5154 Βασιλείου

320 5169 457 5237 πρὸς
484 5168 770 5242 Εύνόμιον,
795 5170 939 5242 Δπερί
966 5168 1059 5242 τοί)
1093 5172 1249 5240 ἁγίου
1297 5168 1635 5242 Πνεύματος,
1664 5173 1897 5242 ejusdem

321 5239 498 5308 magni
523 5237 715 5291 Basilii
734 5237 982 5293 adversus
1010 5237 1351 5305 Eunomium,
1380 5237 1639 5295 de'sancta
1668 5239 1895 5308 Spiritu.

321 5304 453 5375 Reg.
490 5308 684 5382 tertius
720 5318 775 5362 et
810 5308 964 5382 _Coll_).
986 5304 1485 5382 simplicitermpt
1514 5310 1608 5363 τοῦ
1643 5304 1897 5381 Πνεύμα-

320 5392 410 5438 τος
442 5376 535 5429 τοῦ
571 5378 748 5445 ἁγίου,
787 5379 851 5432 de
900 5376 1341 5446 Spiritu—sancta.
1377 5376 1580 5446 Dubius
1612 5388 1666 5434 et
1714 5376 1891 5435 incer-

324 5456 414 5498 tus
441 5448 592 5501 visus
620 5442 703 5501 est
733 5449 821 5502 hic
853 5442 989 5502 liber
1016 5450 1361 5516 quibusdam.
1422 5442 1495 5503 lta
1551 5450 1695 5505 enim
1753 5453 1890 5505 scri-

321 5525 473 5588 ptum
509 5517 782 5588 invenitur
818 5518 868 5571 in
896 5521 1259 5588 orarcodieum
1302 5520 1592 5588 Regiorum
1624 5521 1803 5587 quarti
1841 5530 1895 5573 et

320 5584 462 5661 ξυξιί
492 5584 714 5661 εᾎΤινες-
742 5586 1107 5661 φασι-τούτον
1158 5588 1250 5661 τδν
1294 5584 1448 5658 λόγον
1500 5589 1574 5661 μὴ
1619 5584 1759 5644 εἶναι
1799 5590 1890 5661 τοῦ

319 5652 798 5730 ἁγίου-Βασιλείρυ,
830 5656 919 5730 διά
943 5657 1285 5730 τὸᾳφέρεσθαι
1319 5652 1458 5730 ρήτά
1486 5652 1606 5712 τινα
1632 5663 1688 5714 ὲν
1721 5660 1889 5730 αὐτῷ,

320 5722 629 5798 τραχύτερα
683 5720 820 5784 εἶναι
878 5720 1156 5797 δοκοῦντα,
1200 5724 1282 5793 οἷς
1316 5720 1384 5785 ἕν’
1423 5730 1594 5785 οὐδενὶ
1644 5720 1892 5803 φαίνεται

1998 4963 2131 5016 nulli
2153 4965 2292 5017 hunc
2317 4963 2505 5017 librum
2530 4963 2697 5017 uincti
2726 4963 2916 5015 Basilii
2955 4980 3059 5016 non
3093 4979 3225 5026 esse,
3252 4964 3393 5031 quod
3422 4965 3477 5015 in
3500 4980 3579 5015 eo.

1998 5035 2325 5099 reperiantur
2370 5035 2525 5086 verba
2569 5034 2833 5100 quwdam,
2865 5048 2982 5101 qua;
3043 5032 3287 5086 videnlur
3318 5034 3557 5091 duriora.

1995 5102 2182 5170 quibus
2212 5120 2315 5157 non
2344 5103 2661 5165 camperitur
2688 5104 2743 5155 in
2792 5103 2900 5155 alio
2932 5102 3041 5155 ullo
3082 5118 3294 5171 operum
3342 5117 3576 5155 suorum.

1996 5189 2118 5225 usus
2144 5174 2325 5238 fuisse.
2353 5174 2425 5225 Ea
2452 5174 2518 5227 de
2553 5189 2610 5225 re
2637 5174 2691 5225 in
2726 5172 3064 5226 Prwl'atione.

2068 5242 2180 5311 (75)
2209 5242 2348 5295 Editi
2385 5243 2555 5306 Μόλις
2603 5242 2678 5295 δέ.
2722 5242 2921 5297 Vocula
2947 5241 3005 5294 δέ
3035 5242 3088 5295 in
3124 5257 3262 5296 mss.
3290 5240 3561 5311 antiquiu-

1996 5310 2337 5367 ribusrdeest.
2371 5312 2567 5366 Statim
2621 5312 2753 5381 Reg.
2802 5314 3022 5378 quintus
3046 5321 3100 5365 et
3135 5312 3262 5366 editi
3294 5310 3569 5380 μονογενῆ

1998 5381 2147 5433 Υἰόν.
2186 5382 2291 5450 sed
2322 5384 2373 5435 in
2405 5383 2527 5435 aliis
2559 5397 2689 5436 mss.
2732 5397 2830 5436 vox
2880 5381 3022 5450 Υίόν
3053 5396 3159 5450 non
3196 5381 3405 5450 legitur.

2062 5452 2173 5519 (76)
2227 5449 2358 5521 Reg.
2397 5462 2631 5522 quartus
2682 5452 2777 5522 ὅλῃ
2831 5449 3047 5522 ἑαυτοῦ.
3082 5448 3371 5519 Aliquanto
3419 5448 3555 5503 infra

1991 5536 2121 5574 mss.
2151 5531 2258 5575 tres
2291 5520 2780 5583 ἀκολουθοῦντες.ξᾷ
2818 5521 3201 5590 φυλάσσοντες.

2087 5591 2174 5658 77)
2206 5590 2346 5644 Editi
2379 5593 2473 5645 καὶ
2504 5591 2585 5643 τό.
2610 5589 2960 5659 Antiquiduo
2997 5592 3116 5644 libri
3145 5589 3207 5643 τὸ
3226 5591 3340 5645 καί.

2089 5662 2173 5729 78)
2205 5661 2311 5731 llas
2343 5671 2449 5716 tres
2479 5677 2653 5717 voces.
2685 5661 2876 5715 εἰπεῖν
2897 5664 3006 5715 οὐκ
3053 5662 3195 5730 ἔχει,
3229 5677 3295 5718 cx
3327 5668 3556 5731 quatuor

1992 5734 2266 5794 codicibus
2297 5730 2479 5803 Regiis
2511 5733 2832 5789 addidimus.
