3956 6216
241 323 342 380 657

1333 327 1710 385 ADVERSUS
1748 328 2118 388 EUNOMlUM
2156 331 2286 387 LIB.
2329 333 2420 387 111.

3389 332 3494 389 658

246 439 471 505 παντὸς
504 438 813 504 βλέπουσι
849 439 918 495 τὸ
957 442 1280 510 πρόσωπον
1305 442 1414 496 τοῦ
1448 445 1682 511 Πατρός
1706 460 1824 511 μου

1941 448 1982 498 in
2005 446 2146 500 caelis
2177 457 2252 501 est
2270 447 2313 500 ⁸.
2341 446 2405 500 Et
2433 444 2717 500 Psalmista
2750 444 2882 501 dicit
2928 462 2943 500 :
2992 444 3187 501 Castra
3215 449 3497 503 metabitur

245 530 352 585 τοῦ
379 532 449 586 ἐν
475 531 599 597 τοῖς
623 531 919 600 οὐρανοῖς.
946 533 1058 587 Καὶ
1095 534 1123 586 6
1158 533 1463 605 Ψαλμῳδός
1486 549 1639 605 φησι·
1676 536 1826 603 Παρ-

245 621 492 691 εμϐαλεῖ
509 621 762 692 ἅγγελος
797 624 1017 690 Κυρίου
1053 624 1256 690 κύκλῳ
1293 622 1413 677 τῶν
1442 623 1829 692 φοϐουμένων

246 714 462 769 αὐτόνέ
500 714 616 780 καὶ,
659 714 712 767 Ὁ
751 712 1005 785 ἅγγελος
1050 718 1084 769 ὁ
1114 714 1462 785 ῥυσάμενός
1508 714 1616 785 (86)
1654 731 1730 784 με
1758 715 1828 766 ἐκ

246 807 528 875 νεότητός
551 824 703 877 μου*
732 808 825 861 καὶ
861 808 961 861 ὅσα
1002 808 1246 864 τοιαῦτα.
1279 811 1401 863 Ὅτι
1439 809 1495 862 δὲ
1525 809 1685 863 πάλιν
1722 807 1828 861 εἰσί

246 917 389 963 τινες
433 899 654 969 ἄγγελοι
692 901 786 954 καὶ
817 900 952 954 ὅλων
998 901 1167 954 ὲῦνῶν
1213 901 1574 973 προεστῶτες,
1622 902 1828 969 Μωσῆς

247 993 396 1061 ἡμᾶς
419 991 659 1045 διδάσκει
684 991 773 1045 διὰ
796 992 895 1062 τῆς
928 991 1073 1062 ᾠδῆς
1102 992 1275 1061 λέγων
1296 1011 1310 1024 ο
1344 991 1483 1046 Ὅτε
1510 989 1829 1060 διεμέριζεν

250 1086 283 1136 ό
333 1084 620 1152 Ὕψιστος
661 1084 827 1152 ἔθνη,
881 1085 958 1150 ὡς
1006 1083 1345 1154 ὃιέσπειρεν
1398 1085 1568 1150 υἱοὺς
1635 1084 1825 1152 Ἀδὰμ,

250 1174 514 1244 ἔστησεν
552 1176 683 1244 ὅρια
728 1176 916 1230 ἐθνῶν
953 1178 1104 1231 κατὰ
1146 1178 1399 1246 ἀριθμὸν
1430 1177 1700 1247 ἀγγέλων
1721 1178 1828 1230 αὺ-

249 1268 379 1324 τοῦ.
406 1268 516 1321 Καὶ
546 1270 575 1321 6
603 1268 765 1337 σοφὸς
797 1270 995 1341 Δανιὴλ
1040 1271 1098 1323 ὲν
1124 1273 1188 1341 τῇ
1213 1268 1304 1323 τοῦ
1332 1269 1563 1339 ἀγγέλου
1597 1267 1833 1339 ὀπτασίᾳ

251 1362 482 1432 ἤκουσεν
507 1361 670 1416 αὐτοῦ
692 1348 939 1430 λέγοντος
962 1365 1063 1429 ὅτι,
1099 1364 1323 1431 Ἄρχων
1337 1364 1669 1439 ,βασιλείας
1687 1364 1831 1429 Περ-

251 1453 381 1507 σῶν
414 1453 681 1529 εἱστήκει
708 1455 1057 1519 ἐξεναντίας
1078 1473 1196 1522 μου
1220 1471 1233 1484 ·
1291 1454 1390 1508 καὶ
1428 1453 1556 1507 ἰδοὺ
1592 1451 1831 1520 Μιχαὴλ

251 1541 340 1612 εἷς
382 1544 500 1599 τῶν
534 1547 841 1616 ἀρχόντων
885 1544 1003 1599 τῶν
1048 1545 1294 1614 πρώτων
1340 1543 1488 1615 ἦλθε
1520 1543 1832 1612 ,βοηθῆσαί

248 1655 371 1708 μοι,
404 1638 504 1693 καὶ
530 1638 717 1693 αὐτὸν
738 1638 1075 1693 κατέλιπον
1092 1638 1221 1691 ἐκεῖ
1241 1637 1392 1708 μετὰ
1415 1637 1522 1691 τοῦ
1544 1635 1833 1705 ἄρχοντος

249 1727 556 1792 ,βασιλέως
584 1727 853 1797 Περσῶν.
897 1729 1007 1781 Καὶ
1043 1728 1160 1799 μετ’
1188 1728 1343 1796 ὀλίγα
1381 1726 1546 1798 φησὶν
1577 1725 1605 1778 6
1639 1726 1827 1791 αὐτός·

254 1817 365 1872 Καὶ
415 1821 448 1872 δ
486 1795 685 1887 ἀρχωτὲ
714 1817 826 1889 (87)
857 1816 977 1871 τῶν
1020 1795 1329 1887 Ἑλλήνων
1372 1795 1609 1886 ἤρχετο.
1675 1816 1833 1870 Ἀλλὰ
1864 1795 1905 1849 Β

256 1909 352 1962 καὶ
383 1908 821 1981 άρχιστράτηγός
839 1926 925 1972 τις
956 1907 1066 1978 (88)
1095 1908 1195 1978 τῆς
1220 1907 1501 1977 δυνάμεως
1522 1906 1727 1979 Κυρίου
1750 1905 1835 1959 λέ-

253 2015 430 2069 γεται,
457 2001 486 2052 6
520 1999 694 2073 Ἰησοῦ
723 1999 802 2071 τῷ
825 1999 918 2053 τοῦ
945 1998 1103 2068 Ναυῆ
1132 1999 1225 2051 ἐπὶ
1249 1997 1343 2050 τοῦ
1383 1997 1645 2069 Ἰορδάνου
1672 2014 1835 2067 φανε-

258 2091 467 2163 ρωθείς.
493 2093 601 2146 Καὶ
628 2090 788 2145 πάλιν
810 2091 959 2154 τινὲς
976 2088 1224 2158 λέγονται
1252 2088 1516 2157 λεγεῶνες
1536 2086 1643 2142 τῶν
1667 2089 1834 2158 ἀγγέ-

254 2183 380 2249 λων,
406 2182 500 2237 τοῢ
538 2183 744 2257 Κυρίου
783 2182 1028 2246 εἰπόντος
1055 2183 1169 2245 τοῖς
1200 2180 1500 2252 μαθηταῖς·
1536 2182 1605 2237 ’Ἠ
1640 2180 1834 2234 δοκεῖ·

254 2295 318 2332 τε
338 2277 453 2348 ’(89)
484 2276 572 2330 ὅτι
614 2279 686 2331 οὔ
728 2275 985 2345 δύναμαι
1020 2273 1435 2342 παρακαλέσαι
1465 2273 1575 2328 τὸν
1605 2273 1837 2343 Πατέρα

249 2387 388 2439 μου,
434 2369 532 2422 καὶ
561 2366 938 2438 παραστήσει
963 2384 1065 2436 μοι
1097 2361 1213 2420 ὧδε
1244 2365 1492 2431 πλειους
1530 2364 1569 2433 ἢ
1611 2364 1839 2419 δώδεκα

254 2458 551 2529 λεγεῶνας
584 2457 890 2528 (insitor;
944 2458 1003 2509 Ὀ
1038 2456 1217 2509 τοίνυν
1256 2454 1695 2526 ἀρχιστράτηγος
1728 2454 1837 2508 τῶν

256 2554 315 2606 ὲν
340 2554 456 2614 ταῖς
485 2549 713 2604 λεγεῶσι
741 2565 1048 2617 κατατεταγ
1056 2548 1231 2619 μένων
1252 2547 1498 2617 ἀγγέλων
1517 2548 1701 2619 ἄρχων
1721 2548 1838 2602 ἐστὶ

254 2641 518 2714 δηλονότι.

327 2733 383 2786 2.
423 2732 567 2804 Πρὸς
601 2731 656 2785 τί
687 2724 781 2786 οὖν
822 2730 852 2783 6
882 2729 1038 2799 λόγος
1065 2730 1196 2801 ἡμῖν
1225 2727 1416 2801 φέρει;
1446 2729 1570 2782 Ὀτι
1612 2729 1683 2783 οὐ·
1705 2730 1840 2785 πάν-

257 2839 386 2886 τως,
426 2820 480 2875 εἴ
505 2840 556 2875 τι
582 2824 647 2892 τῇ
673 2819 824 2886 τάξει
865 2819 958 2873 καὶ
1000 2818 1079 2890 τῷ
1125 2817 1394 2890 ἀξιώματι
1424 2818 1673 2890 δεύτερόν
1722 2821 1838 2872 ἐστι

260 2916 355 2969 καὶ
378 2914 579 2985 τρίτον,
606 2913 764 2966 τοῦτο
797 2913 892 2966 καὶ
920 2912 1017 2983 τὴν
1043 2910 1202 2979 φύσιν
1232 2910 1424 2983 ἑτέραν
1449 2909 1582 2981 ἔχει.
1620 2911 1707 2975 Ὠς
1730 2910 1839 2984 γὰρ

261 3005 486 3060 ἐπὶτῶν
523 3003 771 3074 ἀγγέλων
810 3005 839 3057 6
880 3003 987 3074 μέν
1011 3019 1093 3066 τις
1120 3002 1298 3055 αὐτῶν
1328 3002 1532 3072 ἄρχων,
1574 3003 1602 3054 6
1640 3002 1696 3055 δὲ
1738 3002 1840 3055 ὑπ-

1925 538 2141 608 angelus
2170 538 2384 592 Domini
2402 539 2456 591 in
2477 538 2701 592 circuitu
2726 539 3017 593 timentium
3043 538 3205 609 273
3232 538 3405 607 ipsum
3426 541 3447 573 ⁸
3474 559 3491 598 :

1927 638 1979 683 et
2005 647 2018 683 :
2048 628 2276 698 Angelus
2308 628 2397 699 qui
2437 627 2676 680 liberavit
2718 645 2799 682 me
2840 642 2873 682 ιι
2908 631 3183 698 juventute
3223 630 3410 695 mea';
3442 641 3499 687 et

1926 735 2259 788 qutecunque
2283 720 2524 790 ejusdem
2553 721 2767 789 generis
2806 730 2951 775 sunt.
2989 721 3140 787 Quod
3168 731 3346 776 autem
3378 737 3498 776 rur-

1926 824 2020 864 sus
2050 810 2159 863 sint
2195 808 2370 875 angeli
2411 809 2629 877 quidam
2697 808 2787 877 qui
2819 808 3067 877 gentibus
3108 808 3339 876 integris
3361 822 3500 875 prae-

1926 901 2087 969 positi
2119 908 2266 961 sunt,
2290 900 2449 954 docet
2470 914 2566 952 nos
2595 914 2692 966 per
2722 899 2989 953 canticum
3020 898 3212 962 Moses,
3236 901 3360 954 dum
3388 899 3495 953 ait:

1931 990 2156 1056 Quando
2188 990 2448 1045 dividebat
2478 990 2786 1044 Altissimus
2825 1001 3022 1060 gentes.
3059 992 3269 1061 quando
3299 992 3502 1060 disper-

1930 1084 1997 1137 sit
2043 1081 2182 1151 ﬁlios
2232 1082 2427 1148 Adam,
2462 1082 2729 1136 constituit
2774 1083 3025 1136 terminos
3074 1083 3308 1151 gentium
3345 1084 3502 1150 juxta

1931 1189 2205 1227 numerum
2242 1173 2548 1243 angelorum
2573 1189 2790 1246 suorum
2806 1173 2848 1222 ⁸.
2881 1172 2948 1226 Et
2985 1174 3201 1242 sapiens
3231 1174 3415 1227 Daniel
3447 1175 3498 1227 in

1930 1266 2141 1319 visione
2166 1264 2339 1335 angeli
2374 1265 2581 1319 audivit
2609 1265 2786 1334 ipsum
2817 1264 3085 1320 dicentem
3111 1284 3123 1318 :
3151 1264 3400 1333 Princeps
3427 1282 3501 1318 re-

1929 1358 2019 1427 gni
2069 1354 2354 1419 Persarum
2403 1358 2547 1409 stetit
2589 1372 2655 1410 ea:
2697 1357 2921 1411 adverso
2967 1340 3096 1411 mihi
3125 1375 3144 1413 :
3174 1368 3218 1412 et
3247 1375 3361 1411 ecce
3391 1357 3500 1411 Mi-

1931 1449 2078 1502 chael
2118 1464 2253 1502 unus
2302 1448 2363 1501 de
2411 1448 2735 1517 principibus
2789 1451 2972 1519 primis
3002 1451 3158 1513 venit,
3187 1450 3315 1502 mihi
3345 1451 3501 1503 aimi-

1930 1539 2263 1594 liaturus:et
2311 1540 2484 1607 ipsum
2535 1539 2727 1610 reliqui
2778 1539 2889 1593 illic
2926 1556 3048 1594 cum
3108 1540 3342 1610 principe
3386 1556 3503 1609 rege

1933 1629 2217 1685 Persarum
2237 1631 2280 1682 ³.
2312 1630 2385 1683 Et
2409 1630 2570 1698 paulo
2606 1630 2843 1700 ppst'ille
2870 1633 2985 1700 ipse
3009 1630 3086 1685 ait
3117 1630 3223 1684 :Et
3267 1631 3505 1700 princeps

1933 1720 2238 1777 Gra’corum
2269 1722 2502 1778 veniebat
2522 1722 2588 1777 ¹⁰.
2615 1722 2721 1778 Sed
2756 1733 2811 1777 et
2859 1724 3136 1792 copiarum
3167 1723 3376 1778 Domini
3411 1723 3506 1777 im-

1935 1824 2152 1882 perator
2184 1830 2247 1870 ac
2279 1816 2385 1869 dux
2416 1814 2635 1881 dicitur,
2666 1816 2732 1882 is,
2761 1815 2855 1884 qui
2882 1814 3008 1870 Jesu
3041 1815 3188 1871 Nave
3219 1815 3284 1869 ad
3314 1813 3509 1871 Jorda-

1936 1921 2056 1960 nem
2100 1906 2479 1961 manifestatus
2523 1906 2689 1963 est“.
2731 1907 2797 1960 Et
2847 1921 3037 1961 rursus
3080 1907 3319 1976 legiones
3356 1922 3504 1978 qua:-

1936 1997 2058 2049 dam
2119 1997 2433 2066 angelorum
2478 1998 2774 2061 dicuntur,
2831 1998 3059 2052 Domino
3109 1998 3385 2066 discipulis
3424 1997 3508 2053 di-

1935 2099 2090 2145 cente
2119 2106 2136 2146 :
2164 2090 2246 2143 An
2273 2090 2467 2156 putatis
2517 2088 2655 2155 quod
2704 2106 2808 2143 non
2835 2106 3044 2159 possum
3076 2106 3263 2160 rogare
3292 2090 3507 2146 Patrem

1934 2195 2127 2246 meum,
2155 2189 2203 2233 et
2227 2180 2483 2233 exhibebit
2521 2179 2649 2232 mihi
2679 2181 2763 2233 hic
2795 2180 2911 2249 plus
2940 2182 3395 2252 quamvduodecim
3424 2183 3503 2236 le-

1935 2272 2111 2341 giones
2155 2269 2461 2340 angelorum
2484 2270 2567 2323 "‘l
2600 2269 2706 2337 Qui
2754 2270 2924 2336 igitur
2958 2272 3062 2324 dus
3114 2284 3196 2326 est
3238 2272 3510 2327 exercitus

1936 2384 2121 2423 eorum
2147 2369 2458 2439 angelorum
2485 2367 2577 2437 qui
2603 2368 2657 2422 in
2684 2366 2992 2440 legionibus
3020 2379 3390 2432 recensentur,
3421 2368 3511 2423 ille

1936 2460 2181 2530 profecto
2228 2460 2483 2531 princeps
2510 2466 2614 2514 est.

2008 2721 2064 2776 2.
2111 2721 2381 2789 Quorsum
2417 2720 2580 2791 igitur
2621 2718 2737 2774 tunc
2785 2716 2997 2773 oratio?
3025 2717 3176 2785 Quod
3206 2715 3513 2771 non-conti-

1940 2829 2067 2879 nuo,
2100 2814 2143 2868 si
2175 2808 2304 2882 quid
2331 2812 2521 2866 ordine
2562 2825 2629 2866 ac
2667 2809 2931 2874 dignitate
2964 2809 3263 2865 secundum
3288 2816 3393 2870 est,
3419 2816 3514 2861 aut

1943 2905 2184 2971 tertium,
2216 2905 2267 2957 id
2294 2910 2348 2958 et
2388 2911 2639 2957 natur-am
2670 2900 2895 2956 alteram
2935 2901 3125 2981 liabet.
3153 2899 3514 2967 Quemadmo-

1942 3001 2067 3051 dum
2111 2996 2256 3050 enim
2313 2995 2455 3049 inter
2499 2993 2720 3064 angelos
2777 2993 3026 3063 princeps
3076 2992 3216 3047 alius
3247 3001 3349 3058 est,
3377 2990 3513 3047 alius

261 3098 441 3169 ήκοος,
472 3095 691 3165 ἄγγελοι
733 3095 790 3147 δὲ
820 3096 968 3165 ὅμως
995 3097 1061 3165 τῇ
1098 3093 1257 3163 φύσει
1292 3093 1522 3156 πάντες·
1572 3093 1667 3146 καὶ
1700 3094 1838 3147 κατὰ

1946 3089 2212 3153 subditus,
2245 3097 2300 3143 et
2333 3098 2515 3141 tamen
2537 3095 2733 3141 natura
2759 3085 3087 3157 angelisunt
3108 3100 3334 3142 omnes:
3369 3096 3423 3140 et
3454 3087 3510 3141 in

266 3191 366 3261 μὲν
397 3190 455 3243 τὸ
489 3188 705 3258 ἀξίωμα
738 3185 1047 3258 ήδιαφορὰ,
1079 3186 1220 3239 κατὰ
1249 3186 1303 3237 δὲ
1330 3185 1429 3255 τὴν
1460 3184 1620 3253 φύσιν
1662 3188 1695 3255 ή
1728 3203 1844 3238 mt—

264 3281 429 3334 νωνία
455 3280 574 3350 (καὶ
594 3279 702 3351 γὰρ
746 3277 966 3345 Ἀστὴρ
995 3276 1249 3344 ἀστέρος
1279 3274 1541 3343 διαφέρει
1567 3276 1637 3329 ἐν
1655 3274 1803 3344 δόξῃ
1828 3294 1840 3306 ·

264 3373 427 3444 φύσις
447 3372 502 3425 δὲ
526 3372 741 3426 πάντων
776 3370 1017 3440 ἀστέρων
1055 3369 1182 3439 μία·
1214 3369 1308 3421 καὶ
1338 3367 1531 3422 πολλαὶ
1567 3368 1725 3439 μοναὶ
1752 3385 1850 3422 πα-

265 3464 340 3540 ρὰ
371 3464 448 3535 τῷ
474 3464 672 3534 Haupt,
713 3463 1010 3526 τουτέστιν,
1046 3460 1371 3531 ἀξιωμάτων
1416 3459 1709 3531 διαφοραί·
1743 3459 1847 3522 φύ-

269 3575 354 3620 σις
381 3557 437 3610 δὲ
464 3556 622 3627 ὁμοία
647 3554 752 3608 τῶν
775 3553 1167 3624 δοξαζομένων)
1184 3569 1198 3583 ο
1229 3551 1371 3605 οὕτω
1393 3551 1633 3623 δηλονότι
1667 3551 1761 3605 καὶ
1784 3551 1845 3604 τὸ

268 3644 493 3715 Πνεῦμα
520 3643 580 3698 τὸ
608 3644 783 3712 ἅγιον,
805 3645 853 3696 εἰ
879 3642 973 3695 καὶ
998 3640 1268 3711 ἀξιώματι
1290 3641 1385 3694 καὶ
1412 3639 1560 3705 τάξει
1582 3638 1692 3710 (90)
1716 3641 1846 3693 ὑπο-

269 3736 524 3808 ϐέϐηκεν,
553 3735 629 3799 ὡς
652 3733 867 3804 λέγουσι
891 3732 1334 3804 (παρειλήφαμεν
1364 3729 1473 3802 γάρ
1502 3731 1656 3797 αὐτὸ,
1690 3732 1842 3802 φησὶ,

266 3831 448 3901 τρίτον
481 3828 589 3883 ἀπὸ
630 3826 846 3899 Πατρός
893 3826 988 3880 καὶ
1030 3825 1161 3879 Υἱοῦ
1196 3825 1627 3897 ἀριθμούμενονσ
1680 3825 1843 3879 αὐτοῦ

266 3921 364 3976 τοῦ
399 3922 605 3993 Κυρίου
630 3921 688 3975 ὲν
708 3921 774 3991 τῇ
811 3915 1212 3990 παραδόσειτοῦ
1236 3916 1498 3987 σωτηρίου
1534 3916 1845 3988 βαπτίσμα-

267 4032 361 4077 τος
405 4011 846 4083 παραδεδωκότος
905 4010 1022 4080 τὴν·
1054 4007 1206 4075 τάξιν
1243 4001 1412 4070 ὲν-οἴς
1449 4002 1569 4060 εἷπε
1591 4024 1603 4037 ·
1636 4010 1849 4075 Πορευ-

271 4103 494 4165 θέντες,
534 4100 849 4175 ,ϐαπτίζετε
883 4102 967 4167 εὶς
1000 4099 1066 4153 τὸ
1098 4099 1286 4167 ὄνομα
1328 4097 1432 4151 τοῦ
1460 4098 1707 4166 Πατρός,
1748 4098 1846 4151 καὶ

270 4194 378 4247 τοῦ
402 4194 558 4259 Υἱοῦ,
602 4194 699 4248 καὶ
726 4191 832 4247 τοῦ
858 4192 1030 4262 ἁγίου
1062 4188 1430 4260 Πνεύματος)
1454 4205 1468 4220 ο
1495 4188 1609 4243 ἀλλ’
1643 4192 1721 4253 εἰς
1746 4189 1846 4258 φύ-

346 4349 369 4380 ¹
395 4348 583 4406 Matth.
612 4365 772 4413 xvnt,
808 4348 896 4402 10.

235 4453 242 4460 ’
275 4420 368 4476 10.
446 4420 488 4451 “
520 4419 688 4475 Josue
714 4435 764 4486 ν,
798 4420 887 4473 14.

1002 4347 1024 4379 ⁸
1047 4346 1186 4401 Ρειιὶ.
1220 4361 1417 4411 xxstu,
1448 4344 1501 4399 8.

348 4601 458 4674 (86)
486 4600 713 4674 (lodices
737 4617 840 4674 non
866 4601 1022 4670 pauci
1052 4603 1080 4654 6
1111 4602 1395 4674 ρυὀμενός.

354 4672 466 4743 (87)
502 4672 639 4744 Editi
668 4673 761 4744 κα).
796 4672 997 4743 ἄρχων.
1026 4672 1255 4744 ῥιπιξε.
1276 4673 1425 4727 multi
1460 4673 1554 4725 καὶ
1583 4674 1611 4726 6
1636 4673 1840 4744 ἄρχων.

277 4742 397 4813 Mox
420 4757 562 4813 mss.
592 4742 697 4813 duo
726 4742 984 4813 ἄρχοντος
1006 4742 1268 4813 Περσῶν.

350 4811 462 4882 (88)
495 4810 1188 4882 δίεΒθκξεεοιιιιᾱιιεήει
1245 4821 1454 4866 sextus.
1505 4812 1704 4867 Vorula
1761 4828 1851 4876 τις

279 4881 459 4948 inepte
489 4883 571 4934 bis
597 4881 875 4950 legebatur
907 4882 959 4950 in
985 4881 1239 4946 vulgatis.

350 4952 461 5020 (89)
492 4950 669 5004 Editio
696 4952 862 5003 Paris.
902 4949 934 5020 ἢ
973 4951 1172 5013 δοκεῖς.
1203 4951 1379 5005 Editio
1410 4952 1539 5006 Ven.
1566 4961 1621 5005 et
1646 4961 1853 5020 septem

278 5022 449 5077 nostri
484 5036 617 5091 mss.
645 5020 677 5091 ἢ
711 5020 941 5073 δοκεῖτε.

349 5092 458 5162 (90)
481 5088 718 5162 Antiqui
768 5098 1018 5162 quatuor_
1042 5088 1174 5162 libri
1225 5089 1508 5162 ἀξιώματι
1540 5089 1850 5162 ὑποϐέϐηκε

275 5159 370 5215 καὶ
401 5160 574 5225 τάξει,
612 5162 719 5214 alio
750 5159 956 5213 ordine.
988 5159 1137 5225 Quod
1183 5159 1447 5227 sequitur,
1482 5160 1557 5224 ὡς
1607 5159 1849 5228 λέγουσι,

276 5234 344 5284 de
381 5246 446 5285 eo
482 5245 696 5299 quoque
729 5231 869 5283 inter
893 5245 951 5283 se
993 5229 1329 5282 dissidebant
1363 5230 1536 5284 Graeci
1569 5241 1621 5283 et
1652 5230 1845 5293 Latini,

279 5310 337 5353 ut
374 5302 559 5355 videre
596 5313 679 5354 est
712 5301 763 5353 in
801 5299 1030 5353 concilio
1062 5299 1394 5364 Florentino,
1433 5314 1554 5368 pag.
1583 5301 1708 5354 541.
1738 5299 1843 5352 Le-

279 5384 372 5435 gas
407 5372 562 5424 velim
622 5371 905 5424 sessiones
946 5369 1030 5429 19‘,
1063 5369 1155 5432 20,
1187 5368 1276 5431 21,
1300 5369 1393 5432 22,
1436 5369 1530 5432 25,
1577 5381 1669 5423 aut
1701 5380 1845 5423 certe

280 5441 499 5504 paginas
525 5440 630 5494 510
658 5448 707 5493 et
756 5439 881 5504 541,
910 5454 973 5493 ex
1005 5441 1201 5506 quibus
1228 5441 1354 5506 quid
1387 5438 1671 5493 diﬂ'erreut
1699 5441 1841 5491 utri-

278 5525 384 5576 que
412 5510 528 5561 libri
570 5509 963 5564 Graecorum‘et
1013 5510 1329 5563 Latinorum
1359 5508 1491 5562 disci
1518 5518 1714 5577 potest.
1750 5508 1842 5562 Ha:

283 5593 460 5641 voces,
485 5579 561 5642 ὡς
604 5580 844 5650 λέγουσι,
875 5589 932 5632 ut
966 5580 1030 5650 ad
1060 5580 1391 5650 propositum
1438 5593 1529 5650 me
1583 5580 1834 5650 referam,

281 5646 690 5718 reperiebantur
714 5652 766 5703 in
801 5650 942 5703 libro
971 5646 1323 5712 Graecorum;
1358 5646 1622 5718 hodieque
1647 5648 1835 5715 legun-

282 5717 467 5788 turini
490 5717 671 5786 Regiis
695 5721 876 5782 tertio,
909 5729 1108 5786 quarto
1152 5728 1207 5788 et
1233 5720 1424 5788 quinto
1472 5717 1539 5788 et
1571 5718 1623 5788 in
1648 5786 1656 5788 ν
1678 5718 1832 5788 Coib.

282 5787 503 5856 perinde
531 5785 770 5858 atquein
807 5785 1134 5846 editiouibus
1164 5785 1368 5844 Veneta
1399 5795 1453 5844 ct
1485 5786 1781 5843 Parisiensi
1813 5805 1829 5843 :

1615 4346 1636 4377 "
1666 4345 1802 4400 Gen.
1848 4361 2035 4411 XLVIII,
2065 4344 2152 4401 16.
2227 4345 2249 4377 ⁸
2275 4343 2431 4399 Deut.
2457 4324 2628 4411 sxxii,
2659 4344 2714 4401 8.

988 4419 1034 4449 "
1064 4416 1256 4471 Matth.
1289 4432 1437 4482 xxvr,
1472 4417 1562 4473 55.
1642 4416 1726 4470 ³³1
1754 4414 1838 4470 Co

1945 4433 1997 4484 ν,
2023 4416 2113 4472 41.
2191 4413 2235 4448 ¹⁸
2254 4413 2413 4469 Joan.
2442 4429 2553 4481 xlv,
2574 4414 2629 4470 2.
2707 4413 2750 4448 ⁸⁸
2774 4414 2961 4471 Matth.
2992 4433 3187 4483 xxvm,
3217 4416 3303 4471 19.

1946 3181 2203 3251 dignitate
2227 3180 2443 3249 quidem
2475 3179 2764 3234 diversitas
2784 3187 2886 3241 est.
2916 3178 2969 3232 in
2994 3188 3183 3234 natura
3206 3194 3338 3233 vero
3363 3194 3511 3235 com-

1945 3272 2181 3324 munitas
2211 3269 2497 3339 (siquidem
2528 3268 2697 3324 Stella
2720 3286 2751 3322 a
2775 3268 2926 3324 stella
2962 3270 3140 3338 cli/fert
3175 3272 3231 3324 in
3258 3269 3425 3339 gloria
3444 3270 3512 3337 υ,

1945 3368 2134 3413 natura
2164 3374 2293 3414 vero
2318 3358 2594 3413 stellarum
2624 3360 2864 3412 omnium
2897 3375 3001 3413 una
3037 3369 3152 3425 est;
3192 3372 3354 3429 atque
3380 3360 3516 3417 mul-

1946 3463 2014 3509 ta:
2063 3453 2373 3508 mansiones
2405 3461 2531 3506 sunt
2559 3453 2699 3521 apud
2742 3450 2961 3508 Patrem
2982 3453 3047 3518 ”,
3083 3456 3187 3510 hoc
3210 3464 3311 3519 est,
3340 3455 3514 3526 digni.

1948 3555 2114 3599 talum
2136 3545 2500 3612 diversitates,
2526 3544 2950 3612 gloriﬁcatorum
2982 3557 3324 3601 vero‘natura
3348 3545 3513 3619 una):

1947 3638 2025 3693 sic
2054 3635 2294 3706 profecto
2348 3644 2403 3691 et
2451 3637 2688 3705 Spiritus
2716 3645 2960 3702 sanctus,
2994 3641 3098 3692 etsi
3130 3637 3399 3708 dignitate
3424 3639 3511 3693 in-

1945 3730 2113 3786 ferior
2143 3738 2229 3786 est
2261 3737 2424 3799 atque
2459 3730 2672 3795 ordine,
2713 3740 2772 3783 ut
2809 3731 2961 3784 aiunt
2994 3731 3322 3800 (accepimus
3369 3731 3516 3786 enim

1946 3823 2147 3894 ipsum,
2179 3822 2373 3890 inquit,
2401 3821 2617 3875 tertium
2647 3836 2676 3876 a
2712 3822 2871 3877 Patre
2899 3831 2954 3877 et
2974 3821 3110 3877 Filio
3134 3830 3512 3887 numeratum;

1948 3930 2068 3970 cum
2103 3915 2363 3970 Dominus
2385 3915 2498 3984 ipse
2530 3914 2583 3967 in
2616 3914 2902 3968 traditione
2929 3914 3184 3969 salutaris
3211 3915 3515 3981 baptisma-

1952 4008 2023 4060 tis
2058 4005 2341 4060 tradiderit
2367 4005 2639 4069 ordinem,
2662 4003 2749 4058 his
2776 4004 2955 4058 verbis
2981 4020 2995 4056 :
3028 4002 3224 4058 Euntes
3252 4004 3519 4073 baptizata

1949 4100 2004 4152 in
2038 4097 2248 4152 nomine
2276 4097 2477 4161 Patris,
2510 4106 2558 4151 et
2600 4095 2753 4164 Filii,
2785 4107 2836 4151 et
2865 4095 3093 4167 Spiritus
3138 4096 3425 4165 sancti");
3459 4104 3518 4149 at

1950 4190 2004 4245 in
2035 4189 2322 4259 quamdam
2352 4196 2603 4244 naturam
2650 4189 2865 4244 tertiam
2893 4205 2923 4244 a
2955 4189 3094 4246 Filio
3123 4199 3177 4246 et
3202 4189 3369 4245 Patre
3398 4188 3517 4259 eje-

2813 4346 2835 4378 ’
2864 4346 3001 4401 Dan.
3033 4363 3090 4412 x,
3124 4348 3212 4403 15.
3311 4346 3357 4378 ¹⁰
3389 4345 3515 4402 ibid.

1879 4610 1921 4664 D
1953 4603 2181 4658 aberant
2230 4618 2365 4657 vero
2413 4618 2441 4656 a
2486 4601 2627 4657 libro
2677 4601 3012 4665 Latinorum,
3067 4596 3517 4669 quemadmodum

1957 4689 2101 4727 nunc
2123 4675 2319 4726 absunt
2342 4690 2370 4728 a
2404 4673 2539 4741 Reg.
2576 4671 2830 4726 secundo.
2864 4666 3291 4741 Eaedem'voces,
3328 4667 3405 4731 ὡς
3428 4666 3520 4733 λέγ-

1955 4759 2136 4811 γουσι,
2163 4752 2219 4797 ut
2245 4745 2415 4807 aiunt,
2442 4740 2790 4795 inveniuntur
2815 4743 3032 4811 quidem
3067 4741 3118 4793 in
3155 4740 3287 4811 Reg.
3324 4748 3514 4811 sexto:

1959 4807 2054 4867 sed
2089 4814 2259 4868 solum
2297 4815 2531 4867 secunda
2569 4827 2746 4865 manu.
2774 4807 2974 4866 vocula
2998 4809 3151 4873 ὼςῑη
3183 4809 3314 4877 Reg.
3349 4807 3523 4877 primo

1958 4883 2107 4935 deest
2132 4901 2145 4936 :
2171 4885 2261 4938 Sed
2289 4885 2508 4937 verbum
2535 4881 2755 4951 λέγουσι
2784 4896 2848 4935 eo
2878 4882 2928 4934 in
2956 4883 3145 4951 codice
3183 4876 3397 4951 legitur.
3426 4876 3523 4951 Su-

1956 4955 2150 5019 Spicari
2208 4952 2436 5005 fortasse
2483 4947 2652 5018 possit
2685 4952 2952 5020 quispiam
3007 4949 3389 5020 Combelisium
3440 4947 3519 5000 le-

1954 5017 2185 5076 ctionem
2222 5023 2340 5076 libri
2396 5017 2715 5075 Graecorum
2745 5017 2986 5075 seetttum
3035 5034 3176 5073 esse.
3225 5017 3519 5087 Postquam

1952 5092 2094 5144 enim
2134 5092 2242 5156 illa,
2273 5091 2698 5162 Παρειλήφαμεν
2727 5091 2879 5162 γάρ.
2905 5101 3038 5164 elc_.,
3069 5090 3169 5164 sie
3190 5090 3522 5164 interpreta—

1956 5170 2047 5213 tus
2085 5174 2186 5224 cst,
2231 5158 2692 5228 accepimusenim
2731 5158 2847 5214 enin
2883 5162 3116 5225 tertium,
3158 5160 3273 5212 hate
3306 5158 3373 5211 ad
3404 5158 3523 5228 ejus

1951 5229 2056 5284 loci
2093 5246 2307 5286 sensum
2351 5225 2734 5286 declarandum
2765 5231 3042 5299 subjungit
3077 5228 3248 5282 :Dato
3280 5229 3376 5299 hoc
3411 5225 3522 5280 Ba~

1946 5301 2098 5355 silius
2128 5299 2410 5364 Eunomia,
2442 5310 2592 5367 negat
2638 5298 2873 5367 illatum,
2902 5316 3005 5353 non
3036 5316 3145 5353 esse
3176 5298 3410 5365 ejusdem
3454 5310 3520 5348 ac

1947 5367 2115 5425 Pater
2139 5383 2363 5424 naturae.
2404 5372 2518 5424 Non
2573 5371 2717 5424 enim
2767 5372 2810 5424 si
2856 5370 2983 5438 quid
3024 5370 3236 5432 damus,
3273 5367 3521 5438 sequitur
3548 5385 3573 5414 ιτ

1946 5441 2080 5495 ut'id
2114 5442 2278 5495 etiam
2312 5441 2694 5501 concedamus.
2723 5449 2816 5493 aut
2854 5436 3235 5493 conliteamur.
3285 5436 3520 5490 Basilius

1942 5523 2071 5580 ergo
2099 5513 2200 5565 lroc
2231 5512 2359 5564 dare
2386 5511 2650 5580 potuisset
2700 5507 3075 5572 Eunomianis,
3127 5508 3519 5580 tertiumdesse

1944 5575 2229 5646 Spiritum,
2262 5589 2316 5634 et
2343 5575 2521 5635 tamen
2550 5580 2601 5633 id
2627 5594 2732 5633 non
2755 5580 3074 5642 concedere,
3109 5593 3209 5632 nec
3242 5575 3513 5646 conﬁteri.

1940 5645 2089 5704 Utut'
2123 5650 2238 5705 haec
2268 5660 2414 5721 sunt,
2482 5664 2628 5721 non”
2649 5648 2807 5704 aliter
2824 5646 3008 5721 λοι-ωοὶ
3046 5662 3211 5720 quam
3245 5645 3517 5703 Combeli-

1939 5721 2052 5778 sius
2093 5721 2237 5777 hunc
2273 5720 2451 5777 locum
2479 5718 2817 5779 intellexere.
