3956 6216
371 294 478 348 659

1685 283 1743 340 S.
1784 275 2025 334 BASILII
2066 276 2280 334 MAGNI

3519 268 3651 325 669

371 425 518 466 ctum
549 424 672 466 eum
703 407 867 473 fuisse
890 419 1154 474 nusquam
1187 403 1493 458 didicimus.
1522 402 1657 456 Nam
1698 416 1820 456 cum
1854 414 1939 452 res

2067 413 2129 447 rw
2161 398 2282 449 τινὰ
2316 397 2503 467 τρίτην
2526 396 2632 448 ἀπὸ
2668 393 2796 446 Υίοῦ
2829 394 2921 445 καὶ
2954 393 3166 463 Πατρδς
3197 390 3652 459 ἐκϐαλλόμενον,

375 502 494 555 duae
521 501 790 563 dicantur,
821 498 996 553 deitas
1020 505 1076 551 et
1101 503 1372 558 creatura,
1411 493 1709 548 dominium
1741 501 1795 546 et
1819 506 1932 545 ser-

373 594 540 653 vitus,
589 587 827 656 potentia
881 584 1250 649 sanctiﬁcans,
1299 592 1354 638 et
1389 598 1508 653 qua:
1545 581 1935 642 sanetiiicatur,

375 679 616 748 potentia
649 677 932 748 possidens
979 684 1168 744 suapte
1198 683 1390 728 natura
1431 675 1706 735 virtutem,
1734 683 1789 726 et
1815 687 1934 741 qua:

375 786 495 826 eam
541 786 608 825 ex
643 769 868 822 arbitrio
891 777 1209 836 comparat;
1238 781 1343 835 qua
1381 765 1433 819 in
1472 774 1628 835 parte
1678 763 1938 831 Spiritum

374 859 710 916 locabimus?
751 856 897 912 inter
951 872 1045 912 eos
1095 857 1186 926 qui
1239 855 1682 912 sanctiﬁcantur‘l
1716 864 1772 909 at
1829 855 1943 922 ipse

375 961 459 1005 est
513 948 892 1004 sanctiﬁcatio.
949 949 1032 1002 An
1087 949 1228 1002 inter
1283 961 1378 1002 eos
1442 948 1534 1016 qui
1573 945 1850 1018 praeclaris
1880 961 1943 1000 ac

376 1042 609 1112 egregiis
641 1040 975 1096 facinoribus
1022 1040 1276 1094 virtutem
1325 1039 1506 1108 adepti
1548 1038 1712 1096 sunt?
1750 1045 1804 1092 at
1851 1037 1946 1092 bo-

376 1149 478 1188 nus
523 1143 713 1187 natura
762 1141 866 1188 est.
903 1132 984 1186 An
1041 1133 1185 1186 inter
1211 1145 1306 1186 eos
1356 1131 1447 1201 qui
1506 1129 1861 1186 ministrant?
1895 1138 1948 1183 at

379 1224 470 1279 alii
507 1234 636 1280 sunt
665 1223 888 1292 spiritus
918 1222 1319 1289 ministratorii,
1355 1222 1447 1291 qui
1488 1222 1554 1276 ad
1586 1221 1944 1275 ministerium

379 1315 666 1369 mittuntur
689 1315 750 1367 ¹⁸.
791 1312 908 1367 Non
957 1327 1087 1382 ergo
1126 1313 1478 1382 principalem
1530 1320 1721 1366 natura
1771 1310 1946 1379 Spiri-

381 1414 518 1468 tum,
549 1403 628 1456 fas
667 1412 752 1458 est
794 1402 952 1458 nobis
1000 1417 1324 1457 conservum
1381 1404 1586 1466 dicere,
1634 1417 1810 1471 neque
1843 1417 1949 1456 una

380 1511 502 1550 cum
563 1495 826 1550 creaturis
880 1508 1166 1550 numerare
1219 1510 1367 1559 eum,
1405 1496 1498 1564 qui
1556 1495 1608 1548 in
1682 1494 1863 1548 divina
1898 1502 1952 1547 et

380 1587 536 1642 beata
553 1585 816 1641 Trinitate
844 1586 1049 1656 pariter
1073 1586 1236 1658 274
1253 1595 1585 1642 numeratur.
1613 1585 1953 1654 Principatus

381 1677 525 1731 enim
552 1688 607 1732 et
642 1687 962 1747 potestates,
999 1691 1062 1730 ac
1099 1676 1320 1744 reliqua:
1353 1674 1616 1745 ejusmodi
1663 1681 1948 1735 creaturae,

383 1784 502 1837 qua:
551 1783 618 1823 ex
677 1768 978 1822 attentione
1012 1781 1077 1820 ac
1128 1767 1310 1822 studio
1340 1765 1824 1820 sanctiﬁcationem
1855 1766 1950 1819 ha-
1984 1749 2026 1804 Β

385 1861 532 1925 hent,
559 1859 660 1914 dici
695 1868 886 1913 natura
917 1866 1118 1912 sanctxe
1141 1857 1261 1926 jure
1292 1873 1396 1911 non
1428 1867 1674 1927 possunt.
1709 1857 1782 1910 Ita
1811 1857 1952 1911 enim

383 1949 583 2003 bonum
618 1958 918 2021 appetunt,_
941 1957 999 2002 ut
1049 1963 1148 2018 pro
1192 1948 1401 2003 ratione
1445 1949 1648 2002 amoris
1694 1949 1745 2002 in
1781 1949 1951 2002 Deum

384 2042 491 2104 sui,
521 2040 829 2096 sanctitatis
876 2053 1185 2095 mensuram
1223 2039 1515 2110 accipiant.
1548 2039 1613 2092 Et
1646 2040 1802 2094 sicuti
1849 2041 1957 2092 fer-

386 2145 505 2183 rum
557 2130 609 2184 in
669 2131 844 2184 medio
883 2130 1006 2198 igne
1046 2133 1304 2200 positum,
1347 2130 1552 2184 ferrum
1589 2131 1806 2199 quidem
1838 2147 1956 2185 esse

386 2237 494 2274 nou
549 2221 769 2285 desinit,
823 2221 917 2275 sed
982 2221 1050 2276 ob
1106 2221 1637 2276 vehementissimam
1674 2236 1795 2275 cum
1831 2222 1954 2290 igne

385 2312 823 2381 coniunctionem
878 2311 1107 2382 ignitum
1155 2313 1377 2377 factum,
1434 2326 1761 2379 omnemque
1815 2312 1955 2382 ignis

390 2411 636 2455 naturam
691 2400 745 2454 in
799 2415 858 2455 se
894 2401 1069 2470 ipsum
1107 2402 1395 2471 recipiens,
1432 2410 1542 2455 tum
1606 2402 1809 2466 colore,
1847 2413 1956 2454 tum

388 2490 623 2545 ellicacia
655 2491 705 2544 in
747 2491 922 2560 ignem
955 2493 1147 2546 transit
1173 2507 1186 2545 :
1212 2493 1291 2546 sic
1315 2500 1370 2547 et
1408 2502 1610 2546 sancta:
1657 2500 1960 2562 potestates

390 2597 455 2636 ex
489 2583 976 2636 communicatione
1005 2598 1166 2653 quam
1193 2584 1390 2638 habent
1423 2598 1544 2638 cum
1576 2598 1640 2637 eo
1675 2584 1765 2651 qui
1804 2594 1960 2637 natu-

393 2690 451 2728 ra
491 2682 711 2728 sanctus
740 2685 840 2741 est,
870 2675 1135 2744 ejusmodi
1165 2674 1584 2728 sanctimoniam
1617 2673 1814 2727 habent
1845 2689 1961 2742 qum

385 2766 497 2835 jam
549 2767 848 2836 pervaserit
906 2781 1003 2835 per
1055 2775 1220 2821 totam
1271 2780 1456 2819 earum
1498 2766 1872 2832 substantiam,
1907 2765 1959 2817 in

393 2871 570 2924 caque
605 2856 892 2911 coaluerit.
925 2855 1057 2925 Ipsa:
1093 2862 1269 2908 autem
1311 2855 1361 2907 in
1385 2869 1449 2908 eo
1480 2869 1509 2906 a
1543 2863 1730 2907 sancto
1760 2853 1961 2922 Spiritu

395 2945 673 3012 differunt,
734 2947 878 3016 quod
936 2947 1094 3016 hujus
1152 2956 1344 2999 natura
1397 2946 1660 3000 sanctitas
1697 2955 1781 3000 est
1813 2963 1826 2998 :
1858 2945 1964 3000 illis

396 3052 526 3094 vero
558 3055 624 3094 ex
659 3038 1070 3108 participatione
1130 3039 1272 3092 inest
1331 3038 1716 3094 sanctimonia.
1755 3037 1962 3104 Quibus

398 3138 577 3183 autem
612 3129 754 3182 inest
776 3128 975 3182 bonum
1009 3127 1426 3182 instauratitium
1458 3135 1513 3180 et
1543 3126 1758 3179 aliunde
1793 3125 1959 3179 colla-

400 3230 535 3284 tum,
567 3234 630 3274 ea
663 3227 785 3273 sunt
811 3219 1085 3274 mutabilis
1120 3229 1342 3272 naturae.
1393 3217 1510 3273 Non
1553 3219 1696 3274 enim
1735 3219 1966 3276 excidis-

399 3320 484 3365 set
503 3311 738 3375 Lucifer,
768 3311 858 3380 qui
893 3324 1050 3364 mane
1103 3311 1276 3364 oritur
1299 3311 1360 3377 ³⁷,
1398 3326 1499 3366 nec
1544 3318 1686 3366 esset
1732 3312 1783 3364 in
1826 3320 1965 3365 terra

403 3403 688 3467 contritus,
731 3402 778 3457 si
820 3401 1104 3455 deterioris
1160 3401 1486 3455 conditionis
1516 3400 1834 3469 recipiendae
1862 3417 1966 3456 non

405 3493 598 3548 fuisset
627 3508 796 3562 capax
835 3501 1048 3548 natura.
1096 3491 1377 3558 Quomodo
1414 3492 1579 3562 igitur
1611 3493 1754 3561 pium
1781 3503 1863 3548 est
1891 3494 1970 3547 in-

406 3592 485 3636 ter
531 3590 808 3637 creaturas
857 3581 1115 3651 Spiritum
1176 3583 1463 3646 collocare,
1525 3584 1614 3652 qui
1681 3586 1964 3641 intervallo

407 3682 556 3727 tanto
587 3689 617 3726 a
645 3672 916 3728 creaturis
951 3684 1236 3742 separatus
1269 3675 1388 3729 est?
1426 3675 1684 3730 Greatura
1715 3679 1860 3732 enim
1895 3679 1967 3732 ita

403 3774 714 3835 comparata
745 3775 847 3830 est,
890 3775 947 3820 ut
979 3766 1024 3821 si
1065 3779 1412 3835 progressum
1472 3765 1705 3834 aliquem
1761 3768 1970 3836 fecerit,

405 3858 775 3926 placueritque
829 3858 957 3922 Deo,
1011 3873 1106 3928 pro
1175 3860 1425 3912 mercede
1489 3859 1971 3916 sanctiﬁcationcm

409 3948 663 4017 accipiat,
699 3949 1132 4018 quandoquidem
1186 3948 1353 4003 libero
1394 3947 1562 4002 utitur
1594 3949 1840 4013 arbitrio,
1856 3958 1973 4020 lpo-

412 4046 621 4105 testque
651 4038 704 4090 in
738 4047 1020 4107 utramque
1062 4045 1272 4105 partem
1319 4037 1590 4103 inclinari,
1630 4039 1698 4091 ad
1736 4037 1866 4092 boni
1914 4055 1977 4093 ac

410 4127 538 4183 mali
581 4129 934 4197 electionem;
973 4130 1208 4200 Spiritus
1241 4139 1420 4184 autem
1473 4139 1693 4185 sanctus
1737 4129 1857 4186 fons
1895 4142 1977 4186 est

408 4219 869 4276 sanctiﬁcationis.
925 4221 992 4275 Et
1019 4221 1470 4290 quemadmodum
1518 4229 1708 4274 natura
1755 4231 1976 4277 sanctus

407 4325 492 4366 es:
522 4311 705 4379 Pater,
729 4323 921 4366 natura
957 4313 1141 4367 itidem
1165 4320 1384 4368 sanctus
1412 4322 1494 4367 est
1517 4311 1686 4367 Filius
1712 4328 1727 4366 :
1749 4314 1822 4367 ita
1848 4329 1978 4382 quo-

2038 486 2275 557 οὐδαμοῦ
2308 487 2725 558 μεμαθήκαμεν.
2751 485 2854 537 Δύο
2884 483 2991 554 γὰρ
3019 482 3324 553 λεγομένοιν
3358 481 3651 552 πραγμά-

2037 597 2166 642 των,
2205 579 2456 650 θεότητός
2497 595 2556 631 τε
2604 578 2698 631 καὶ
2740 577 2851 647 (91)
2887 575 3133 640 κτίσεως,
3182 575 3275 628 καὶ
3305 573 3653 635 δεσποτείας

2041 673 2137 726 καὶ
2163 674 2428 735 δουλείας,
2451 672 2544 725 καὶ
2567 670 2890 739 ἀγιαστικῆς
2914 668 3212 738 δυνάμεως,
3237 668 3328 721 καὶ
3347 668 3450 736 τῆς
3469 668 3654 734 ἀγια-

2042 765 2296 838 ζομένης,
2328 766 2428 835 τῆς
2468 782 2526 816 τε
2556 765 2618 816 ὲκ
2653 762 2866 833 φύσεως
2893 761 3119 832 ἐχούσης
3151 759 3248 831 τὴν
3282 759 3487 830 ἀρετὴν
3535 759 3653 811 καὶ

2042 859 2141 929 τῆς
2174 860 2237 912 ὲκ
2263 857 2634 928 προαιρέσεως
2663 854 3054 925 κατορθούσης,
3105 856 3163 906 ὲν
3189 852 3314 923 ποίᾳ
3352 851 3535 922 μερίδι
3579 851 3653 902 τὸ

2045 950 2268 1020 Πνεῦμα
2293 949 2564 1020 τάξομεν;
2606 951 2691 1002 Ἐν
2730 951 2842 1011 τοῖς
2897 943 3308 1014 ἀγιαζομένοις;
3341 941 3460 994 ἀλλ’
3496 941 3653 993 αὐτό

2046 1046 2192 1097 ἐστιν
2232 1042 2518 1112 ἁγιασμὸς.
2588 1041 2725 1094 Ἀλλ’
2773 1041 2831 1092 ὲν
2867 1040 2974 1101 τοῖς
3024 1035 3082 1102 ἐξ
3121 1034 3654 1106 ἀνδραγαθημάτων

2044 1135 2142 1205 τὴν
2195 1133 2396 1205 ἀρετὴν
2438 1133 2778 1203 κτωμένοις;
2820 1129 2955 1184 ἀλλά
3001 1127 3158 1196 φύσει
3220 1125 3365 1178 ἐστὶν
3398 1123 3651 1193 ἀγαθόν.

2059 1225 2198 1279 Ἀλλ’
2224 1229 2280 1279 ὲν
2308 1229 2421 1289 τοῖς
2440 1226 2863 1295 λειτουργικοίς;
2891 1221 3003 1275 ἀλλ’
3027 1219 3191 1290 ἕτερά
3219 1218 3325 1269 είσι
3377 1216 3648 1285 λειτουρ-

2048 1316 2178 1383 γικά
2217 1318 2503 1386 πνεύματα
2548 1315 2682 1384 πρὸς
2718 1311 2991 1365 διακονίαν
3045 1306 3509 1376 ἀποστελλόμενα.
3558 1305 3652 1357 Οὐ

2048 1408 2225 1462 τοίνυν
2259 1407 2541 1478 ὁμόδουλον
2588 1407 2720 1476 ἡμῖν
2752 1403 2929 1471 λέγειν
2967 1400 3099 1454 αὐτὸ
3134 1398 3372 1469 θεμιτὸν,
3404 1397 3470 1449 τὺ
3499 1398 3652 1467 ἠγε-

2053 1500 2269 1572 μονικὺν
2299 1501 2364 1570 τῇ
2397 1498 2577 1568 φύσει,
2606 1495 2730 1550 οὔτε
2758 1499 2823 1566 τῇ
2852 1494 3026 1548 κτίσει
3060 1491 3432 1563 συναριθμεῖν,
3470 1490 3535 1542 τὸ
3566 1491 3648 1557 τῇ

2051 1592 2169 1663 θείᾳ
2193 1593 2287 1645 καὶ
2313 1591 2562 1662 μακαρία
2591 1588 2780 1659 Τριάδι
2811 1585 3302 1657 συναριθμούμενον
3332 1582 3467 1650 (92).
3513 1583 3655 1650 ’Δρ-

2051 1683 2144 1753 χαὶ
2174 1682 2270 1750 μὲν
2298 1680 2426 1752 γάρ,
2455 1679 2548 1732 καὶ
2586 1679 2845 1746 ἐξουσίαι,
2880 1676 2975 1730 καὶ
3009 1676 3158 1727 πᾶσα
3191 1676 3223 1744 ἡ
3258 1673 3483 1742 τοιαύτη
3521 1671 3654 1722 κτί-

2057 1791 2157 1836 σις,
2189 1774 2252 1824 ἐκ
2284 1772 2556 1844 προσοχῆς
2587 1771 2679 1823 καὶ
2709 1768 3023 1839 ἐπιμελείας
3048 1765 3137 1819 τὸν
3170 1764 3443 1834 ἀγιασμὸν
3485 1763 3654 1832 έχου-

2057 1883 2165 1928 σαι,
2192 1865 2293 1918 οὐκ
2316 1863 2381 1916 ἂν
2414 1863 2635 1924 είκότως
2662 1861 2820 1930 φύσει
2850 1859 3002 1926 ἅγιαι
3027 1853 3160 1909 εἶναι
3189 1855 3448 1923 λέγοιντο.
3510 1853 3652 1904 Ἐπ-

2053 1957 2374 2028 ορεγὸμεναι
2413 1955 2520 2024 γάρ
2553 1952 2646 2005 τοῦ
2679 1949 2866 2014 καλοῦ,
2908 1948 3048 2003 κατά
3086 1947 3182 2018 τὴν
3220 1944 3512 2011 ἀναλογίαν
3540 1944 3650 2012 τῆς

2057 2051 2192 2120 πρὸς
2223 2052 2313 2102 τὸν
2340 2049 2469 2100 Θεὸν
2505 2047 2743 2115 ἀγάπης,
2780 2044 2873 2096 καὶ
2908 2040 3002 2094 τοῦ
3031 2039 3228 2111 μέτρου
3259 2038 3356 2107 τῆς
3393 2035 3650 2103 ἁγιωσύ-

2057 2156 2152 2206 νης
2188 2135 2681 2208 μεταλαμϐάνουσι.
2714 2132 2822 2184 Καὶ
2855 2132 3043 2200 ὥσπερ
3067 2131 3095 2181 6
3130 2127 3369 2198 σίδηρος,
3403 2127 3460 2176 ὲν
3489 2125 3656 2194 μέσῳ

2055 2231 2133 2300 τῷ
2169 2229 2302 2299 πυρὶ
2338 2228 2606 2297 κείμενος,
2641 2225 2701 2277 τὸ
2750 2224 2846 2294 μὲν
2880 2221 3093 2292 σίδηρος
3126 2215 3264 2272 εἶναι
3300 2220 3401 2270 ούκ
3433 2217 3648 2270 ἀποϐέ-

2059 2322 2248 2392 ϐληκε,
2277 2322 2343 2390 τῇ
2382 2318 2438 2370 δὲ
2471 2317 2804 2387 σφοδροτάτῃ
2832 2313 2966 2383 πρὸς
2992 2312 3052 2364 τὸ
3082 2310 3190 2382 πῦρ
3216 2309 3403 2380 ὁμιλία
3429 2311 3647 2379 ἐκπυρ-

2060 2410 2344 2472 ακτωθεὶς,
2377 2409 2468 2461 καὶ
2498 2409 2676 2460 πᾶσαν
2713 2407 2792 2467 εἰς
2825 2403 3012 2457 ἑαυτὸν
3039 2403 3135 2473 τὴν
3194 2399 3287 2452 τοῦ
3331 2400 3507 2472 πυρὸς
3543 2401 3646 2467 φύ-

2063 2520 2144 2554 σιν
2177 2498 2591 2567 ὐποδεξάμενος,
2629 2497 2721 2549 καὶ
2758 2493 3009 2565 χρώματι
3037 2492 3131 2544 καὶ
3161 2490 3382 2561 ὲνεργία
3410 2489 3552 2559 πρὸς
3584 2491 3648 2540 τὸ

2061 2591 2172 2662 πῦρ
2202 2588 2573 2662 μεταϐέϐηκεν
2591 2602 2604 2614 ·
2635 2585 2776 2639 οὕτω
2802 2585 2897 2637 καὶ
2922 2584 2977 2635 αἱ
3003 2584 3153 2650 ἆγιαι
3174 2581 3434 2651 δυνάμεις
3457 2583 3524 2632 ἐκ
3549 2581 3650 2650 71-";

2062 2683 2199 2755 πρὸς
2231 2682 2290 2735 τὸ
2321 2681 2478 2750 φύσει
2518 2678 2670 2746 ἆγιον
2706 2675 2991 2736 κοινωνίας
3034 2674 3098 2725 δι’
3128 2673 3256 2742 ὅλης
3295 2672 3396 2741 τῆς
3432 2671 3649 2723 ἑαυτῶν

2063 2774 2415 2835 ὑποστάσεως
2456 2769 2807 2840 κεχωρηκότα
2837 2767 2938 2836 ἤδη
2988 2765 3081 2818 καὶ
3118 2764 3650 2834 συμπεφυσιωμένον

2062 2869 2152 2921 τὸν
2213 2865 2480 2936 ἀγιασμὸν
2534 2863 2734 2932 ἔχουσι.
2791 2857 3032 2927 Διαφορά
3083 2855 3139 2907 δὲ
3191 2857 3379 2916 αὑταῖς
3407 2854 3548 2924 πρὸς
3588 2853 3647 2905 τὸ

2063 2959 2289 3029 Πνεῦμα
2335 2957 2397 3010 τὸ
2430 2956 2583 3023 ἅγιον
2616 2952 2774 3022 αῦτη,
2807 2952 2889 3004 ὅτι
2924 2948 3001 3019 τῷ
3033 2948 3130 3019 μὲν
3159 2946 3319 3015 φύσις
3346 2947 3379 3014 ἡ
3408 2945 3648 3011 ἁγιωσύ-

2066 3069 2151 3120 νη,
2193 3051 2310 3111 ταῖς
2361 3047 2418 3099 δὲ
2461 3049 2525 3098 ὲκ
2567 3042 2853 3115 μετουσίας
2897 3039 3130 3109 ὑπάρχει
3171 3037 3231 3088 τὸ
3280 3033 3642 3103 ἀγιάζεσθαι.

2067 3139 2160 3205 Οἷς
2185 3141 2242 3194 δὲ
2272 3135 2662 3193 ὲπισκευαστὸν
2699 3135 2790 3187 καὶ
2832 3129 3093 3200 ἑτέρωθεν
3124 3126 3499 3195 ἐπιδεδομένον
3542 3127 3649 3178 ὑπο

2069 3235 2222 3304 άρχει
2279 3229 2339 3282 τὺ
2401 3227 2620 3295 ἀγαθὸν,
2679 3225 2779 3293 τῆς
2839 3220 3193 3292 μεταπτωτῆς
3250 3219 3357 3269 είσι
3408 3215 3643 3284 φύσεως.

2069 3325 2142 3378 Ού
2174 3323 2282 3393 γὰρ
2305 3320 2368 3373 ἂν
2397 3318 2652 3383 ἐξέπεσεν
2693 3317 2722 3368 6
2764 3313 3070 3383 Ἐωσφόρος
3109 3314 3137 3364 6
3172 3307 3318 3381 πρωῒ
3362 3309 3477 3381 (95)
3515 3309 3644 3360 ἀνα-

2068 3416 2287 3482 τέλλων,
2317 3412 2439 3466 οὔτε
2471 3407 2756 3480 συνετρίϐη
2788 3406 2878 3458 ἐπὶ
2909 3405 3004 3476 τῆς
3042 3404 3164 3474 γῆς,
3202 3404 3251 3454 εί
3285 3401 3444 3469 φύσει
3471 3399 3652 3468 ὑπῆρ-

2071 3526 2132 3580 χε
2185 3506 2278 3560 τοῦ
2326 3505 2564 3576 χείρονος
2613 3499 2981 3558 ἀνεπίδεκτος.
3027 3495 3152 3559 Πῶς
3191 3490 3282 3547 οὖν
3324 3491 3547 3554 εὐσεϐὲς
3583 3494 3646 3559 τῇ

2072 3600 2244 3654 κτίσει
2268 3595 2397 3649 αὐτὸ
2423 3593 2753 3655 συντάττειν,
2799 3586 3036 3656 τοσούτῳ
3072 3585 3251 3655 μέτρῳ
3294 3582 3651 3652 διωρισμένον

2072 3689 2168 3759 τῆς
2196 3687 2424 3748 κτίσεως
2449 3701 2462 3748 ;
2508 3683 2572 3734 Ἡ
2597 3681 2694 3751 μὲν
2719 3679 2826 3748 γὰρ
2858 3677 3032 3739 κτίσις
3057 3674 3297 3742 πέφυκεν
3326 3667 3486 3723 ἆθλον
3517 3686 3644 3741 προ·

2075 3778 2248 3848 κοπῆς
2300 3775 2392 3829 καὶ
2444 3774 2540 3844 τῆς
2585 3771 2719 3842 πρὸς
2767 3769 2898 3822 Θεὸν
2933 3766 3342 3837 εὐαρεστήσεως
3377 3763 3468 3814 τὸν
3491 3762 3647 3827 ἁγια-

2077 3870 2210 3940 σμὸν
2236 3867 2454 3937 ἔχουσα,
2481 3862 2638 3933 φύσει
2669 3861 2724 3913 δὲ
2758 3859 2867 3930 (94)
2895 3857 3152 3929 χρωμένη
3183 3852 3532 3922 αύτεξουσίῳ,
3559 3854 3648 3905 καὶ

2079 3957 2439 4030 μεταρῤέπειν
2506 3954 2588 4022 ἐφ’
2648 3951 2882 4020 ἑκάτερα
2937 3947 3240 4016 δυναμένη,
3297 3944 3436 4014 πρὸς
3503 3945 3647 3996 ἐκλο-

2077 4051 2179 4121 γὴν
2232 4047 2326 4100 τοῦ
2377 4045 2580 4114 ἀγαθοῦ
2639 4043 2733 4096 καὶ
2793 4041 2884 4095 τοῦ
2920 4041 3189 4110 χείρονος·
3227 4037 3285 4089 τὺ
3325 4037 3380 4088 δὲ
3430 4035 3648 4104 Πνεῦμα

2077 4144 2138 4195 τὸ
2175 4141 2326 4210 ἀγιον
2362 4137 2510 4207 πηγὴ
2545 4133 2838 4205 ἁγιασμοῦ.
2879 4132 2988 4184 Καὶ
3015 4130 3202 4200 ὥσπερ
3237 4128 3395 4198 φύσει
3433 4127 3583 4194 ἅγιος
3621 4129 3649 4179 6

2079 4233 2285 4304 Πατὴρ,
2341 4232 2436 4286 κιῑι)⁹
2482 4227 2640 4298 φύσει
2682 4228 2834 4294 ἆγιος
2879 4226 2907 4276 ὁ
2937 4223 3083 4286 Υἱὸς,
3130 4221 3271 4274 οὕτω
3301 4219 3461 4290 φύσει
3501 4221 3647 4286 ἅγιον

2081 4328 2174 4380 καὶ
2237 4324 2296 4377 τὸ
2341 4319 2563 4391 Πνεῦμα
2613 4318 2672 4370 τὸ
2733 4317 2831 4386 τῆς
2877 4314 3172 4386 ἀληθείας·
3227 4312 3306 4365 διὸ
3364 4313 3458 4364 καὶ
3508 4310 3649 4374 ἐξαι-

410 4419 515 4472 que
563 4403 796 4474 Spiritus
832 4404 921 4458 ille
968 4404 1208 4459 veritatis
1248 4412 1439 4458 natura
1492 4413 1710 4458 sanctus
1737 4413 1856 4470 est;
1905 4405 1962 4458 ol

2084 4417 2240 4489 ρέτου
2297 4415 2391 4467 καὶ
2434 4411 2738 4479 ἰδιαζούσης
2791 4409 2890 4479 τῆς
2945 4405 3038 4460 τοῦ
3076 4406 3231 4473 ἁγίου
3291 4403 3650 4474 προσηγορίας

412 4498 574 4567 idque
605 4503 838 4552 donatus
864 4505 946 4552 est
981 4498 1142 4551 etiam
1171 4496 1343 4552 sancti
1393 4495 1771 4564 appellatione,
1807 4511 1978 4566 eaque

409 4590 664 4659 peculiari
701 4605 763 4643 ac
799 4589 1030 4659 propria.

484 4678 537 4732 ⁵5.
579 4678 783 4747 Itaque,
817 4679 861 4732 si
911 4677 1171 4732 sanctitas
1203 4677 1252 4730 ei
1289 4687 1479 4730 natura
1509 4683 1614 4740 est,
1642 4675 1798 4729 sicuti
1831 4673 1973 4730 Patri

412 4781 465 4825 et
495 4769 654 4837 Filio,
685 4774 956 4840 quomodo
985 4770 1159 4824 tertiae
1199 4785 1262 4823 ac
1291 4769 1478 4822 aliena:
1512 4775 1717 4821 naturae
1748 4766 1868 4822 est?
1897 4765 1976 4821 Ob

491 4909 538 4939 ”
569 4900 735 4963 Hebr.
767 4923 806 4972 ι,
837 4908 925 4962 14.
1006 4909 1047 4939 ¹⁷
1077 4907 1179 4962 lsa.
1212 4922 1324 4971 xw,
1362 4906 1447 4960 1‘2.

499 5066 608 5137 (9i)
634 5065 853 5137 Antiqui
903 5075 1016 5137 tres
1069 5064 1193 5119 libri
1223 5063 1476 5134 θεότητός
1527 5081 1586 5116 τε
1644 5064 1756 5117 καί.
1789 5062 1990 5119 Vocula

418 5156 478 5192 τε
509 5135 659 5191 deest
690 5137 740 5188 in
768 5135 1018 5203 vulgatis.

515 5209 604 5273 92)
635 5202 996 5261 Codices’dtto
1020 5202 1500 5275 ὲναριθμούμενον.

491 5209 604 5340 φὶ)
635 5209 860 5261 Codices
890 5209 996 5257 duo
1020 5209 1500 5275 ὲναριθμούμενον.

519 5279 608 5348 95)
642 5277 793 5348 Begii
832 5275 1098 5348 secundus
1127 5285 1181 5328 et
1213 5286 1440 5348 quartus
1467 5275 1496 5325 6
1525 5273 1696 5348 ‘1':me

496 5343 606 5418 (94)
650 5346 811 5418 Editi_
850 5344 1009 5413 φύσει
1064 5362 1145 5418 τε.
1207 5345 1423 5418 Antiqui
1452 5343 1599 5418 #tre's
1639 5345 1774 5418 libri
1803 5343 1990 5418 nptiae:

424 5416 503 5471 δέ.
533 5414 733 5469 Ibidem
779 5415 911 5480 Reg.
973 5417 1166 5469 tertius
1208 5415 1302 5466 καὶ
1338 5415 1570 5485 μετᾶραι
1603 5414 1699 5485 τὴν
1731 5416 1814 5484 ἐφ’
1862 5414 1991 5468 ἑκά-

427 5501 484 5540 τε
495 5501 590 5555 pq,
612 5497 882 5551 corrupte.

505 5553 616 5623 (95)
652 5555 924 5608 Editiones
953 5554 1087 5609 Ven.
1127 5563 1182 5608 et
1223 5553 1390 5608 Basil.
1426 5567 1546 5606 cum
1582 5552 1767 5623 Regiis
1794 5560 1990 5619 quarto

432 5645 486 5678 et
509 5622 698 5695 quinto
726 5623 840 5686 πῶς
864 5625 1080 5695 τρίτον,
1101 5626 1359 5695 quomodo
1392 5625 1573 5695 tertius
1596 5622 1691 5677 est.
1708 5622 1852 5695 AReg.
1882 5631 1992 5675 ter-

439 5708 543 5748 uus
567 5692 724 5748 habet
761 5692 973 5762 quoque
1007 5692 1124 5758 πῶς
1156 5692 1356 5764 τρίτον,
1403 5694 1496 5762 sed
1521 5692 1760 5752 secunda
1797 5707 1990 5759 manu,

2084 4507 2332 4579 ¹ίγξίωται.

2152 4685 2204 4738 ’5.
2237 4684 2300 4735 Εἰ
2329 4676 2421 4736 οὖν
2460 4679 2619 4751 φύσις
2666 4677 2814 4750 αύτῷ
2864 4680 2892 4731 ὁ
2940 4677 3210 4746 ἁγιασμὸς
3253 4675 3417 4737 ἐστιν,
3472 4674 3651 4744 ὥσπερ

2083 4774 2258 4846 Πατρὶ
2297 4773 2390 4826 καὶ
2413 4771 2550 4843 Υίῷ,
2587 4771 2705 4834 πῶς
2739 4769 2928 4842 τρίτης
2955 4769 3069 4838 (95)
3105 4767 3222 4821 ἐστὶ
3252 4769 3344 4822 καὶ
3377 4766 3649 4838 ἀλλοτρίας

2098 5062 2225 5117 licet
2253 5060 2499 5130 antiqua.
2530 5058 2716 5130 Codeg
2762 5069 2892 5130 vero
2930 5053 3082 5130 C_olh.
3118 5061 3186 5130 _et
3231 5052 3321 5106 alii
3365 5060 3473 5104 tres
3501 5063 3646 5130 .mss.

2098 5133 2248 5202 Regii
2278 5122 2407 5202 cuni
2427 5131 2663 5202 editione
2688 5127 2860 5202 Paris.
2901 5123 3019 5186 πῶς
3039 5123 3252 5202 τρίτης,
3287 5122 3651 5202 φιοηιοιέοιεντ

2096 5188 2208 5264 tim:
2234 5211 2340 5256 etc.
2380 5197 2862 5254 Persuasissimum
2888 5204 2972 5248 est
3001 5188 3154 5256 mihi,
3181 5188 3276 5264 eos
3299 5188 3646 5264 ’σύος-Πτερᾶ

2095 5281 2150 5325 et
2171 5261 2348 5324 Latini
2384 5270 2435 5322 in
2478 5267 2710 5322 concilio
2740 5263 3053 5319 Florentino
3085 5262 3432 5332 proferebant
3463 5261 3647 5320 libros,

2095 5357 2204 5395 uno
2236 5343 2376 5393 inter
2402 5353 2462 5392 se
2504 5352 2772 5391 consensu
2809 5329 3230 5407 habuisse,'_7=t6g
3273 5330 3483 5407 τρίτης,
3526 5343 3652 5407 φισ-

2101 5413 2258 5464 modo
2289 5410 2476 5462 (enim.
2506 5408 2721 5462 Etenim
2751 5407 2795 5460 si
2852 5405 2906 5456 in
2939 5403 3023 5456 his
3054 5403 3206 5456 libris
3232 5398 3492 5465 scriptum
3531 5398 3657 5450 luis-

2096 5490 2182 5535 set
2212 5479 2328 5542 πῶς
2362 5477 2544 5548 τρίτον
2568 5517 2582 5540 ,
2624 5475 2886 5548 quomodo
2933 5472 3119 5526 tertius
3168 5481 3267 5548 est,
3298 5470 3523 5548 dubi-unt
3557 5482 3659 5519 non

2095 5561 2177 5603 est
2201 5540 2330 5618 quin
2364 5540 2580 5602 Marcus
2628 5540 2932 5616 Ephesinus
2975 5558 3129 5599 suam
3180 5541 3303 5597 inde
3351 5540 3671 5609 Opinionem

2097 5620 2498 5677 conﬁrmasset.
