3956 6216
260 359 359 415 661

1356 361 1730 421 ADVERSUS
1772 363 2142 420 EUNOMIUM
2178 363 2288 418 LIB
2350 363 2435 420 lll.

3410 362 3514 416 662

261 475 476 544 φύσεως
499 489 513 537 ;
539 471 638 525 Διὰ
665 471 824 526 τοῦτο
863 471 993 544 γὰρ,
1021 467 1197 544 οἶμαι,
1225 473 1319 528 καὶ
1353 475 1503 545 παρὰ
1532 474 1611 544 τῷ
1648 475 1831 545 Ἦσαῖς

1954 474 2004 528 id
2034 475 2200 539 enim,
2230 477 2441 543 opinor,
2471 481 2525 527 et
2553 473 2694 542 apud
2721 473 2910 526 Isaiam
2943 472 3107 526 etiam
3142 472 3398 542 scriptum
3430 481 3512 526 est

259 566 327 618 τὰ
355 564 604 635 Σεραφὶμ
627 563 808 634 τρίτον
838 562 1112 618 ὲκὸοῶντα
1135 564 1196 616 τὸ
1217 563 1379 633 ἅγιος
1401 565 1835 634 ἀναγέγραπται,

259 658 341 710 ὅτι
370 658 427 708 ὲν
452 655 596 726 τρισὶ
629 656 747 716 ταῖς
767 653 1130 707 ὑποστάσεσιν
1159 655 1187 706 6
1209 654 1351 707 κατὰ
1383 653 1543 724 φύσιν
1574 655 1838 724 ἁγιασμὸς

260 745 561 816 Θεωρεῖται.
608 744 682 796 Οὐ
715 742 874 796 τοῦτο
905 742 961 795 δὲ
989 743 1148 812 μόνον
1181 742 1331 814 αὐτῷ
1359 744 1536 796 κοινὸν
1565 743 1700 814 πρὸς
1727 745 1840 797 Πα-

255 837 390 907 τέρα
416 835 508 888 καὶ
533 835 660 886 Υἱὸν
688 833 748 886 τὸ
776 833 878 904 τῆς
902 834 1212 904 ἁγιωσύνης
1241 835 1430 906 ὄνομα,
1458 836 1592 889 ἀλλά
1621 836 1714 890 καὶ
1743 837 1839 889 αὐ·-

257 929 324 999 τὴ
375 929 408 1000 ὴ
454 927 547 981 τοῦ
602 927 907 996 πνεύματος
967 927 1324 998 προσηγορΞα.
1370 929 1614 997 Πνεῦμα
1652 928 1759 1000 γὰρ
1805 932 1838 983 ὀ

261 1018 428 1086 Θεὸς,
461 1019 557 1071 καὶ
581 1017 724 1083 τοὺς
743 1019 1239 1085 προσκυνοῦντας
1271 1018 1456 1072 αὐτὸν
1479 1020 1547 1072 ἐν
1574 1021 1837 1088 πνεύμα-

257 1131 313 1166 τι
363 1112 462 1167 καὶ
507 1112 757 1180 ἀληθείᾳ
787 1110 884 1162 δεῖ
918 1111 1301 1179 προσκυνεῖν.
1339 1112 1448 1164 Καὶ⁹
1485 1114 1514 1164 6
1558 1113 1838 1182 προφήτης

260 1200 424 1272 φησί·
461 1200 703 1266 Πνεῦμα
731 1200 841 1267 πρὸ
877 1198 1201 1268 προσώπου
1238 1200 1349 1269 (96)
1386 1199 1552 1269 ἡμῶν
1585 1200 1838 1268 Χριστὸς

258 1293 506 1359 Κύριος,
537 1287 608 1347 οὗ
638 1292 917 1360 εἴπαμενο
966 1292 1068 1344 Ἐν
1092 1289 1168 1358 τῇ
1196 1289 1343 1357 σκιᾷ
1385 1291 1505 1346 τῶν
1534 1293 1839 1362 πτερύγων

259 1383 443 1438 αὑτοῦ
478 1381 788 1452 ζησόμεθα.
825 1383 934 1436 Καὶ
966 1384 994 1434 6
1033 1383 1352 1447 Ἀπόστολος
1395 1383 1494 1455 τὴν
1543 1383 1634 1436 τοῦ
1674 1383 1836 1436 πνεύ-

264 1492 432 1545 ματος
459 1475 828 1547 προσηγορίαν
858 1474 952 1527 ἐπὶ
982 1474 1071 1526 τὸν
1097 1474 1300 1546 Κύριον
1327 1473 1586 1545 ἀναφέρει
1624 1473 1797 1542 λέγων
1819 1492 1832 1505 ·

180 1554 184 1558 ’
274 1570 334 1620 '0
356 1567 424 1620 δὲ
445 1567 661 1634 Κύριος
689 1565 756 1619 τὸ
789 1565 1025 1635 πνεῦμά
1052 1566 1240 1620 ἐστιν.
1287 1566 1381 1619 Ἐκ
1401 1566 1457 1619 δὲ
1479 1565 1680 1619 τούτων
1706 1583 1838 1619 παν-

259 1659 312 1711 τὶ
342 1658 519 1729 δῆλον,
551 1659 632 1711 ὅτι
658 1657 777 1728 οὐχὶ
805 1655 1158 1728 ἀλλοτρίωσιν
1184 1656 1298 1726 (97)
1324 1657 1425 1727 τῆς
1453 1656 1686 1726 φύσεως,
1721 1655 1834 1710 ἀλλ’

259 1749 532 1804 οίκείωσιν
557 1748 692 1821 πρὸς
720 1749 809 1802 τὸν
841 1749 1060 1820 Πατέρα
1100 1749 1192 1802 καὶ
1227 1748 1356 1801 Υίὺν
1381 1750 1414 1819 ἡ
1451 1748 1702 1802 κοινωνία
1729 1746 1836 1799 τῶν

1943 563 2225 632 Serapltim
2271 576 2355 619 ter
2389 574 2606 618 sanctus
2646 565 2949 618 exclamare
2976 564 3040 625 ’⁸,
3077 564 3214 631 quod
3255 566 3515 619 naturalis

1939 657 2199 710 sanctitas
2249 657 2422 710 tribus
2478 657 2530 710 in
2575 657 2955 727 bypostasibus
3003 657 3348 728 perspicitur.
3403 657 3513 712 Nec

1940 761 2066 801 vero
2090 747 2192 802 hoc
2220 749 2532 804 sanctitatis
2567 764 2760 802 nomen
2801 749 2849 802 ei
2881 748 3054 802 solum
3102 764 3389 803 commune
3429 759 3513 804 est

1941 853 2062 893 cum
2114 839 2275 894 Patre
2309 851 2362 894 et
2391 840 2551 906 Filio,
2587 841 2679 895 sed
2716 842 2826 910 ipsa
2857 851 2938 895 est
2968 842 3129 896 etiam
3173 843 3393 909 spiritus
3418 858 3513 910 ap-

1939 929 2176 998 pellatio.
2233 929 2371 984 Deus
2413 930 2558 984 enim
2606 939 2682 983 est
2726 931 2977 997 spiritus;
3015 940 3065 985 et
3103 946 3187 984 eos
3217 931 3308 1000 qui
3341 933 3511 999 ipsum

1939 1022 2185 1085 adorant,
2213 1025 2267 1075 in
2294 1023 2483 1090 spiritu
2513 1031 2562 1076 et
2611 1022 2831 1076 veritate
2874 1022 3098 1075 adorare
3132 1031 3331 1090 oportet
3355 1023 3417 1074 ¹⁹.
3446 1023 3511 1076 Ει

1940 1113 2201 1180 propheta
2225 1113 2300 1167 ait
2326 1127 2340 1164 :
2369 1111 2602 1182 Spiritus
2629 1122 2750 1166 ante
2789 1111 2979 1181 faciem
3011 1124 3242 1166 nostram
3268 1113 3511 1167 Christus

1939 1201 2218 1266 Dominus,
2245 1202 2336 1256 ubi
2373 1204 2605 1257 diximus
2635 1217 2654 1255 :
2679 1201 2746 1256 In
2792 1204 2976 1256 umbra
3016 1203 3220 1256 alarum
3254 1205 3415 1272 ipsius
3435 1206 3512 1258 vi-

1938 1307 2113 1344 vemus
2134 1293 2200 1346 '°.
2231 1291 2372 1358 Quin
2405 1303 2459 1348 et
2491 1293 2783 1363 Apostolus
2833 1293 3244 1363 appellationem
3290 1295 3510 1362 spiritus

1939 1383 1991 1435 in
2019 1382 2303 1437 Dominum
2343 1386 2624 1452 transfert,
2656 1399 2780 1440 cum
2819 1385 2949 1439 dicit
2979 1403 2992 1438 :
3029 1385 3289 1439 Dominus
3332 1397 3508 1439 autem

1937 1474 2153 1542 spiritus
2181 1483 2256 1530 est
2277 1475 2343 1528 “.
2378 1478 2454 1530 Ex
2485 1477 2570 1532 bis
2598 1488 2778 1532 autem
2819 1477 3038 1532 cuilibet
3068 1485 3398 1547 compertum
3427 1485 3512 1531 est

1939 1580 2002 1620 ac
2033 1575 2395 1635 perspectum,
2426 1583 2531 1622 non
2562 1578 2774 1623 naturae
2816 1568 3222 1634 alienationeu‘t,
3254 1569 3349 1623 sed
3376 1583 3510 1622 con-

1931 1653 2266 1724 junctionem
2294 1673 2416 1713 cum
2444 1658 2607 1714 Patre
2633 1667 2687 1715 et
2728 1658 2868 1714 Filio
2903 1673 2998 1729 per
3038 1660 3314 1714 nominum
3361 1674 3510 1714 com-

1940 1749 2381 1806 municationem
2418 1752 2856 1808 commonstrari.
2907 1752 2974 1806 Et
3018 1751 3162 1808 Deus
3209 1753 3385 1808 dictus
3426 1761 3512 1807 est

259 1840 536 1912 ὀνομάτων
586 1841 904 1912 παρίστησι.
957 1842 1067 1894 Καὶ
1115 1840 1318 1908 ἀγαθὸς
1360 1841 1388 1892 6
1419 1839 1549 1905 Θεὸς
1597 1840 1831 1910 εἴρηται,

1943 1846 2131 1911 bonus,
2164 1855 2219 1902 et
2248 1858 2330 1903 est
2361 1866 2375 1900 :
2414 1850 2585 1906 bonus
2610 1859 2789 1906 autem
2814 1860 2968 1907 estet
2995 1851 3231 1920 Spiritus
3263 1859 3503 1912 sanctus,

260 1933 352 1985 καὶ
381 1932 526 1984 ἐστιν
550 1949 564 1962 ο
599 1931 801 2000 ἀγαθὸν
839 1932 894 1984 δὲ
937 1933 1030 1984 καὶ
1067 1945 1127 1984 το
1168 1931 1391 2002 Πνεῦμα
1431 1931 1492 1983 τὸ
1528 1931 1699 1999 ἆγιον,
1734 1931 1835 1984 οὐκ

258 2025 656 2095 ὲπισκευαστὴν
686 2024 808 2095 ἕχον
837 2023 934 2095 τὴν
969 2023 1300 2094 ἀγαθότητα,
1355 2023 1469 2076 ἀλλ’
1509 2025 1572 2075 ἐκ
1620 2024 1834 2092 φύσεως

257 2115 404 2186 αὐτῴ
438 2117 903 2186 συνυπάρχουσαν.
936 2115 1006 2167 Ἦ
1041 2115 1257 2168 πάντων
1289 2114 1354 2168 ἂν
1377 2114 1461 2184 εἴη
1492 2114 1833 2182 ἀλογώτατον

255 2206 316 2258 τὸ
343 2205 500 2276 φύσει
533 2207 685 2275 ἆγιον
711 2206 784 2278 μὴ
815 2207 970 2277 φύσει
999 2207 1176 2276 λέγειν
1204 2207 1303 2277 τὴν
1332 2205 1642 2277 ὰγαθὸτητα
1669 2205 1830 2274 ἔχειν,

254 2297 878 2369 ἀλλ’ὲπιγεννηματικὴν
909 2299 1019 2369 (98)
1051 2299 1140 2351 καὶ
1167 2298 1362 2364 ἔξωθεν
1388 2297 1832 2370 προσγεγενημέ-

253 2406 351 2462 νην
374 2387 539 2459 αὐτῷ.
586 2390 674 2442 Ἐν
696 2382 739 2456 ᾧ
771 2389 827 2443 δὲ
853 2385 1004 2442 εἶπεν
1031 2390 1059 2442 ὁ
1079 2389 1278 2459 Κύριος
1312 2390 1412 2453 ὃτι,
1459 2389 1598 2457 Ἐγὼ
1621 2388 1836 2456 ἐρωτή-

254 2499 342 2534 σω
389 2481 494 2534 τὸν
537 2482 788 2549 Πατέρα,
848 2483 944 2535 καὶ
977 2483 1171 2536 ἄλλον
1217 2481 1608 2549 Παράκλιιτον
1656 2480 1833 2534 δώσει

255 2571 414 2638 ὑμῖν,
436 2569 530 2623 καὶ
555 2571 718 2633 αὐτὸς
751 2567 889 2625 εἶναι
919 2572 1272 2643 Παράκλητος
1300 2571 1454 2642 ήμῶν
1481 2572 1827 2626 ἐνδείκνυται.

257 2662 418 2714 Ὥστε
463 2663 558 2715 καὶ
587 2661 735 2732 ήτοῦ
772 2664 1120 2734 παρακλήτου
1162 2664 1498 2735 προσηγορία
1538 2665 1599 2717 οὑ
1639 2666 1832 2737 μικρὸν

258 2754 394 2824 πρὸς
429 2752 703 2818 ἀπόδειξιν
747 2753 857 2824 (99)
895 2755 992 2825 τῆς
1019 2753 1174 2824 δόξης
1205 2752 1298 2806 τοῦ
1329 2754 1483 2820 ἁγίου
1517 2754 1832 2824 Πνεύματος

257 2847 522 2897 συντελεῖ.

325 2937 376 2992 4.
414 2937 523 2990 Καὶ
555 2937 622 2989 τὰ
650 2937 745 3008 μὲν
773 2937 1014 3007 ὀνόματα
1042 2937 1262 2989 τοιαῦτα
1285 2937 1376 2989 τοῦ
1411 2937 1694 3007 μεγαλείου
1735 2939 1831 3006 τῆς

255 3030 470 3104 φύσεως
493 3030 828 3084 ὲνδεικτικά·
861 3031 916 3083 αἱ
947 3029 1001 3082 δὲ
1042 3031 1312 3101 ἐνέργειαι
1340 3029 1432 3082 τοῦ
1468 3031 1622 3098 ἁγίου
1664 3030 1832 3084 Πνεύ-

256 3138 424 3190 ματος
448 3120 522 3192 (i)
552 3116 695 3186 aiat;
728 3121 811 3186 Τῷ
838 3123 998 3190 λόγῳ
1028 3122 1133 3175 τοῦ
1163 3124 1399 3190 Κυρίου,
1432 3123 1615 3194 φησὶν,
1645 3126 1700 3176 οἱ
1733 3124 1830 3176 οὐ·

1935 1939 2234 1997 bonitatem
2263 1943 2471 1998 habens
2501 1959 2606 1998 non
2643 1930 3018 2009 adventitiam,
3053 1946 3146 2000 sed
3181 1954 3372 1998 natura
3407 1942 3510 1996 sibi

1937 2031 2200 2089 innatam.
2229 2035 2442 2106 Alioqui
2472 2035 2637 2092 fuerit
2677 2037 2918 2093 omnium
2965 2037 3435 2099 absurdissimum,
3463 2035 3509 2088 si

1937 2124 2058 2192 quis
2082 2125 2226 2181 dicat
2249 2141 2372 2181 eum
2399 2127 2561 2198 275
2584 2130 2675 2198 qui
2706 2138 2900 2183 natura
2922 2140 3141 2184 sanctus
3162 2138 3264 2193 est,
3301 2129 3510 2182 bonita-

1937 2223 2042 2268 tem
2103 2225 2292 2272 natura
2345 2235 2450 2272 non
2507 2221 2729 2286 habere,
2793 2221 2887 2275 sed
2924 2221 3209 2289 quamdam
3255 2220 3508 2288 deincrps

1936 2310 2429 2374 supervenientem,
2461 2311 2617 2380 eique
2647 2310 2948 2365 forinsecus
2976 2314 3338 2366 accedentem.
3368 2310 3505 2375 Quin

1937 2399 2102 2451 etiam
2148 2414 2270 2452 cum
2324 2400 2584 2456 Dominus
2622 2401 2758 2455 dixit
2791 2420 2804 2456 :
2836 2401 2947 2472 Ego
2979 2403 3169 2472 rogabo
3200 2401 3428 2462 Patrem,
3457 2411 3508 2455 et

1935 2489 2098 2542 alium
2137 2487 2475 2546 Paracfetum
2508 2494 2652 2546 dabit
2699 2495 2837 2548 vobis
2859 2497 2926 2562 ²¹,
2958 2503 3012 2550 et
3055 2495 3168 2562 ipse
3196 2493 3507 2547 Paracletns

1937 2590 2122 2634 noster
2151 2595 2269 2636 esse
2307 2585 2634 2639 ostenditur.
2677 2586 2853 2651 Quare
2883 2587 3137 2655 paracleti
3173 2602 3384 2656 quoque
3412 2602 3506 2656 ap-

1937 2669 2153 2738 pellatio
2207 2685 2312 2725 non
2366 2689 2554 2740 parum
2600 2677 2664 2728 ad
2731 2678 3205 2731 demonstrandam
3271 2677 3507 2746 Spiritus

1935 2765 2104 2818 sancti
2135 2761 2468 2832 majestatem
2506 2765 2732 2820 confert.

2005 2944 2057 2997 4.
2111 2945 2175 2998 Ει
2229 2945 2446 2999 nomina
2491 2947 2707 3012 quidem
2757 2963 2876 3016 quae
2918 2948 3250 3015 majeslalcnt
3300 2959 3507 3000 natura:

1936 3036 2199 3103 indicant,
2231 3048 2357 3091 sunt
2391 3039 2656 3106 ejusmodi
2692 3056 2704 3091 :
2731 3040 3076 3107 operationes
3112 3054 3240 3092 vero
3269 3039 3503 3106 Spiritus

1940 3131 2109 3182 sancti
2158 3129 2383 3197 quales?
2433 3129 2600 3183 Verbo
2631 3129 2864 3196 Domini,
2911 3131 3104 3198 inquit,
3145 3131 3260 3183 caeli
3305 3130 3506 3197 ﬁrmati

252 3216 419 3269 οιινοί
458 3213 925 3282 ἐστερεώθησαν,
980 3213 1077 3266 καί
1119 3213 1198 3278 τῷ
1222 3215 1516 3282 Πνεύματι
1556 3214 1660 3266 τοῦ
1689 3214 1826 3266 στό-

1943 3231 2073 3281 mnt,
2101 3230 2146 3272 et
2173 3218 2373 3287 Spiritu
2421 3222 2524 3274 oris
2573 3221 2686 3291 ejus
2719 3223 2885 3274 omnis
2941 3222 3099 3274 virtus
3134 3220 3396 3274 eorum”.
3437 3219 3506 3274 Ut

247 3324 436 3375 ματος
462 3306 645 3359 αὺτοῦ
675 3304 841 3358 πᾶσα
879 3305 916 3372 ἡ
943 3304 1192 3373 δύναμις
1216 3304 1430 3357 αὐτῶν.
1475 3306 1561 3367 Ὠς
1589 3305 1763 3358 τοίνυν
1800 3308 1828 3358 6

251 3400 383 3461 Θεὸς
416 3399 587 3466 Λόγος
617 3397 944 3470 δημιουργός
976 3399 1092 3449 ἐστι
1127 3395 1234 3448 τῶν
1267 3397 1530 3468 οὐρανῶν,
1567 3396 1708 3450 οὕτω
1737 3399 1830 3451 καὶ

250 3490 311 3545 τὸ
348 3490 570 3561 Πνεῦμα
604 3491 664 3542 τὸ
695 3491 847 3558 ἆγιον
875 3490 936 3542 τὸ
969 3489 1183 3561 στερεὸν
1215 3491 1307 3542 καὶ
1352 3491 1547 3558 πάγιον
1575 3491 1673 3561 τῆς
1700 3492 1828 3560 ἁρε-

249 3583 350 3655 τῆς
380 3583 452 3653 (2)
486 3581 779 3654 παρέχεται
809 3583 928 3645 ταῖς
959 3583 1235 3653 οὐρανίαις
1267 3582 1544 3653 δυνάμεσι.
1586 3584 1695 3636 Καὶ
1727 3585 1830 3637 πά-

251 3676 333 3728 λιν
360 3678 388 3729 6
424 3673 540 3728 ’1ώὸ
563 3692 577 3705 ·
611 3673 855 3743 Πνεῦμα
903 3676 1124 3742 Κυρίου
1163 3675 1227 3726 τὸ
1269 3675 1536 3743 ποιῆσάν
1572 3692 1682 3744 με·
1732 3677 1830 3729 οὐκ

250 3768 344 3820 ἐπὶ
386 3767 486 3840 τῆς
519 3767 896 3838 δημιουργίας,
943 3766 1016 3830 ὡς
1047 3761 1222 3837 οἶμαι,
1261 3767 1373 3820 ἀλλ’
1419 3768 1509 3820 ἐπὶ
1561 3768 1660 3838 τῆς
1692 3769 1831 3822 κατὰ

248 3858 348 3929 τὴν
396 3858 740 3930 ἀνθρωπείαν
795 3858 994 3929 ἀρετὴν
1058 3857 1387 3921 τελειώσεως
1437 3859 1631 3928 λέγων.
1673 3861 1730 3914 '0
1775 3861 1831 3913 δὲ

260 3952 484 4014 Ἡσαΐας
511 3953 575 4003 ἐκ
606 3948 898 4021 προσώπου
931 3949 1134 4019 Κυρίου
1165 3949 1564 4020 διαλεγόμενος,
1604 3951 1745 4004 κατὰ
1771 3951 1832 4004 τὸ

249 4043 585 4116 ἀνθρώπινον
617 4041 781 4094 αὑτοῦ
809 4040 1072 4112 δηλονότι,
1117 4043 1332 4109 Κύριος
1363 4040 1710 4096 ἀπέσταλκε
1731 4060 1828 4111 με,

251 4138 403 4208 φησὶ,
463 4136 559 4190 καὶ
595 4135 659 4186 τὸ
688 4133 930 4202 Πνεῦμα
961 4133 1172 4188 αὐτοῦ.
1211 4133 1321 4185 Καὶ
1356 4133 1516 4185 πάλιν
1544 4134 1572 4184 6
1598 4133 1830 4203 ψαλμὸς,

249 4229 315 4281 δι’
361 4228 496 4280 ὅλων
533 4226 907 4296 κεχωρηκέναι
952 4225 1180 4295 δύναμιν
1227 4223 1320 4277 τοῦ
1349 4225 1662 4296 Πνεύματος
1696 4243 1835 4297 παρ-

255 4319 426 4380 ιστὰς,
477 4316 599 4369 Ποῦ
654 4315 938 4381 πορευθῶ,
995 4317 1147 4384 φησὶ,
1198 4315 1298 4370 καὶ
1345 4314 1464 4369 ἀπὸ
1504 4315 1610 4368 τοῦ
1652 4317 1836 4368 Πνεύ-

245 4412 432 4480 ματός
472 4425 609 4472 σου,
646 4407 742 4459 καὶ
781 4408 896 4461 ἀπὸ
933 4408 1038 4461 τοῦ
1067 4407 1391 4474 προσώπου
1425 4422 1541 4460 σου
1570 4407 1686 4459 ποῦ
1720 4408 1835 4475 φύ-

249 4518 366 4574 719;
399 4503 464 4553 Ai
495 4500 551 4552 δὲ
585 4501 663 4563 είς
698 4502 847 4570 ἡμᾶς
884 4499 978 4552 ἀπ’
1005 4499 1167 4554 αὐτοῦ
1196 4499 1492 4568 φθάνουσαι
1527 4499 1834 4571 εὐεργεσίαι

1937 3311 2097 3376 igtur
2137 3309 2277 3363 Deus
2330 3309 2560 3362 Verbum
2619 3317 2830 3362 creator
2864 3319 2946 3362 est
2993 3309 3272 3372 caelorum,
3328 3309 3399 3359 ita
3454 3316 3508 3360 et

1933 3399 2166 3468 Spiritus
2191 3409 2411 3452 sanctus
2441 3398 2690 3452 stabilem
2733 3414 2796 3452 ac
2827 3399 3033 3450 firmam
3069 3399 3320 3451 virtutem
3354 3408 3505 3466 pote-

1932 3491 2162 3546 statibus
2195 3489 2510 3544 cmlnstibns
2553 3489 2811 3557 impertit.
2847 3487 2914 3540 Et
2940 3503 3127 3540 rursus
3157 3485 3257 3540 Job
3286 3504 3300 3540 :
3335 3485 3504 3549 Spiri.

1933 3595 2015 3636 tus
2057 3581 2290 3644 Domini,
2337 3581 2429 3650 qui
2467 3579 2587 3648 fecit
2628 3580 2768 3634 me"
2797 3598 2810 3634 :
2843 3595 2950 3633 non
2996 3580 3061 3634 de
3103 3580 3394 3643 creatione,
3446 3587 3505 3632 ut

1932 3676 2189 3739 arbitror,
2229 3675 2325 3728 sed
2360 3675 2426 3727 de
2463 3673 2710 3726 humana:
2756 3672 2974 3726 virtutis
3017 3672 3347 3742 perfeCtione
3389 3674 3499 3725 dis.

1934 3783 2138 3823 serens.
2175 3767 2312 3832 Quin
2350 3767 2510 3820 etiam
2549 3766 2770 3833 loquens
2813 3765 2977 3819 Isaias
3010 3781 3077 3818 ex
3113 3764 3323 3818 Domini
3379 3778 3504 3832 per-

1933 3875 2085 3923 sona,
2127 3858 2376 3912 videlicet
2405 3858 2698 3911 secundum
2728 3857 2843 3924 ejus
2870 3857 3255 3910 humanitatem
3280 3871 3290 3905 :
3318 3855 3502 3908 Domi-

1934 3968 2054 4018 nus,
2089 3949 2283 4020 inquit,
2320 3949 2462 4002 misit
2494 3964 2594 4013 me,
2627 3956 2676 4000 et
2706 3945 2934 4015 Spiritus
2965 3948 3076 4015 ejus
3101 3946 3165 4001 ³⁸.
3200 3946 3265 3998 Ει
3289 3959 3504 3998 rursum

1935 4043 2172 4112 Spiritus
2234 4040 2490 4092 virtutem
2554 4038 2804 4091 universa
2861 4037 3164 4106 pervasisse
3226 4036 3505 4090 declarans

1933 4133 2172 4204 psalmus
2202 4148 2217 4186 :
2246 4129 2362 4196 Quo
2411 4131 2514 4193 ibo,
2553 4129 2746 4197 inquit,
2781 4147 2812 4181 a
2859 4127 3057 4197 Spiritu
3117 4139 3227 4194 tuo,
3267 4138 3312 4182 et
3344 4145 3446 4193 quo
3471 4145 3503 4180 α

1936 4225 2072 4293 facie
2113 4233 2202 4274 tua
2244 4220 2441 4289 fugiant
2463 4218 2542 4271 ³⁸2
2572 4217 2947 4272 Beneficentia:
2975 4227 3155 4271 autem
3201 4234 3318 4287 qua:
3349 4220 3414 4270 ab
3441 4234 3504 4270 eo

1937 4317 2001 4369 ad
2038 4329 2133 4368 nos
2182 4311 2494 4374 deveniunt,
2551 4309 2741 4378 quales
2791 4319 2917 4364 sunt
2960 4319 3014 4363 et
3062 4310 3322 4378 quantae?
3351 4311 3506 4364 Sicut.

1939 4405 2194 4460 Dominus
2242 4403 2355 4471 ipse
2399 4401 2464 4454 iis
2492 4401 2583 4469 qui
2617 4402 2789 4468 ipsum
2821 4415 3130 4467 suscepere,
3165 4401 3302 4454 istuc
3357 4401 3501 4455 dedit

1939 4508 1996 4554 ut
2029 4499 2218 4550 liceret
2268 4493 2405 4548 filios
2437 4494 2526 4546 Dei
2566 4494 2678 4546 fieri
2709 4493 2777 4557 ",
2829 4495 2905 4546 sic
2933 4502 2986 4547 et
3012 4494 3242 4560 Spiritus
3282 4502 3504 4546 sanctus

247 4593 430 4650 ὁποῖαί
456 4591 600 4656 τινές
631 4594 736 4650 εἰσι
765 4592 859 4644 καὶ
889 4591 1107 4660 ἡλίκαις
1138 4592 1349 4647 Ὥσπερ
1381 4591 1542 4655 αὐτὸς
1567 4593 1594 4644 6
1630 4591 1831 4664 Κύριος

1943 4588 2173 4659 Spiritus
2201 4595 2284 4639 est
2314 4583 2616 4653 adoptionis
2639 4583 2703 4638 ’⁸.
2739 4582 2803 4636 Ει
2842 4585 3287 4652 quemadmodum
3318 4583 3502 4636 Domi-

323 4792 368 4824 ¹⁸
398 4791 500 4845 lsa.
531 4806 606 4852 VI,
640 4791 691 4843 5.
774 4791 814 4820 ¹⁹
837 4789 990 4843 Joan.
1026 4805 1095 4852 tv,
1128 4789 1218 4844 ‘24.
1299 4789 1343 4820 ²⁰
1369 4787 1570 4844 Thren.
1599 4804 1671 4851 tv,
1701 4788 1790 4842 20.

1947 4789 1987 4841 ll
2016 4787 2140 4842 Cor.
2171 4801 2250 4848 nt,
2282 4785 2364 4837 l'i.

2441 4787 2484 4816 ”
2511 4783 2665 4837 Joan.
2694 4797 2804 4845 xxv,
2835 4781 2916 4835 16.
2993 4782 3038 4813 ’³
3070 4781 3206 4835 Psa..
3246 4798 3415 4845 xxxu,
3445 4801 3496 4836 0.

250 4864 299 4898 ³⁵⁸
321 4861 420 4917 Job
454 4851 648 4926 mm,
678 4861 733 4913 4.
809 4861 854 4890 ’⁸
885 4861 984 4914 Ιδε.
1015 4851 1203 4923 xm...
1236 4859 1320 4912 lG.
1399 4860 1442 4888 ’⁸
1469 4857 1606 4911 l’sal.
1639 4874 1831 4912 cxxxw

1943 4861 1990 4911 7.
2065 4857 2108 4886 ’⁷
2136 4854 2291 4909 Jonn.
2333 4872 2369 4921 ι,
2396 4856 2480 4910 l2.
2557 4854 2602 4884 ’⁸
2631 4852 2788 4907 Rom.
2827 4867 2944 4915 vm,
2979 4851 3066 4904 15.

321 5039 432 5111 (96)
467 5040 622 5106 Regii
659 5035 949 5111 secundus,
985 5036 1176 5111 tertius
1205 5044 1261 5089 et
1291 5035 1536 5111 quintus,
1563 5043 1618 5111 et
1658 5033 1818 5111 _Colb.

249 5104 370 5166 cum
407 5104 642 5164 editione
678 5106 812 5177 Ven.
855 5107 960 5176 πρὸ
992 5105 1309 5177 προσώπου,
1340 5117 1392 5158 et
1449 5105 1520 5156 ita
1567 5105 1710 5177 legit
1743 5104 1826 5156 in-

253 5193 485 5248 terpres,
520 5179 758 5248 olimque
787 5174 1334 5248 leget-attintbrosins
1363 5188 1616 5248 sermone
1649 5174 1734 5248 15,
1769 5183 1828 5226 ιιι

255 5243 404 5304 ηοιίιι
437 5243 815 5304 (Σοιιιιιθιῖεἰιιε.
846 5243 1047 5316 Vocula
1096 5246 1204 5316 πρό
1254 5246 1306 5299 in
1339 5243 1459 5316 aliis
1499 5244 1820 5316 quibusdam

256 5336 386 5375 mss.
413 5331 466 5374 et
501 5322 552 5370 in
593 5319 832 5371 editione
875 5315 1049 5370 Paris.
1081 5312 1254 5369 deest.
1287 5315 1488 5368 Ibidem
1523 5313 1690 5366 editio
1719 5312 1821 5366 Pa.

256 5392 348 5442 ris.
380 5388 664 5460 QKDPLOC.
702 5387 774 5440 At
809 5387 862 5438 in
885 5386 1316 5460 mss._articu|t§
1352 5401 1456 5460 non
1480 5383 1704 5460 legitur.
1737 5383 1826 5437 Sic

254 5461 390 5526 apud
413 5451 555 5512 LXX
581 5461 760 5512 editus
795 5466 878 5510 est
919 5457 1008 5526 hic
1034 5457 1184 5526 locus
1225 5453 1494 5523 εΠνεῦμα
1531 5451 1823 5526 προσώπου

251 5521 416 5600 ἡμέῦν
438 5528 668 5600 Χριστὸς
696 5527 920 5600 Κ-ύριος,
953 5521 1280 5600 οὖ-είπαμεν
1299 5542 1312 5554 ο
1363 5521 1706 5600 summa
1731 5523 1829 5600 αὐ-

253 5591 350 5652 τοῦ
387 5591 684 5668 ζησόμεθα.
722 5591 957 5666 Spiritus
1007 5591 1406 5668 faciei'nostra:
1443 5591 1691 5668 Christus
1720 5593 1824 5646 Do-

253 5663 539 5726 ntinusté
581 5685 683 5735 quo
712 5663 944 5721 diximus
993 5663 1017 5721 ἐ
1072 5664 1140 5725 In,
1191 5671 1380 5722 umbra
1433 5665 1546 5731 ejus
1576 5663 1822 5735 vivemus.

256 5739 414 5866 ἕως
445 5734 619 5792 locum
648 5739 702 5792 in
733 5738 848 5794 suis
871 5737 1014 5793 uotis
1051 5736 1284 5792 illustrat
1306 5736 1390 5792 vir
1419 5734 1826 5793 eruditissimus

306 5821 503 5866 uczeus.

306 5821 503 5866 UCEBUS.

1995 5033 2107 5104 (97)
2139 5034 2274 5087 Editt
2300 5049 2399 5086 ουκ
2426 5031 2796 5104 αΑΑοτρίωσιν,
2826 5031 2894 5081 At
2921 5045 3050 5082 mss.
3079 5029 3218 5104 οὐχί.
3280 5074 3284 5078 .

1993 5097 2106 5174 (93)
2131 5104 2360 5158 Codices
2411 5097 2664 5174 non_nntli_
2709 5097 3207 5174 ἐπιγενηματικήν,
3241 5112 3352 5174 per
3379 5097 3501 5174 uni:

1925 5169 2047 5227 cuin
2077 5169 2126 5226 ν.
2159 5174 2361 5227 Ibidem
2390 5172 2520 5226 editi
2547 5181 2599 5225 et
2627 5169 2780 5240 (Colb.
2805 5169 3370 5240 προσγεγεννημένην.
3395 5169 3495 5220 Alii

1927 5255 2036 5298 tres
2065 5259 2193 5298 mss.
2223 5239 2756 5313 προσγεγενημένην.

1998 5307 2281 5397 (99)_Editi
2315 5307 2395 5377 εἰς
2418 5307 2713 5376 ἀπόδειξιν.
2745 5311 2964 5364 Atmss.
3001 5309 3337 5378 antiquiores
3359 5307 3497 5379 πρὸς

1926 5384 2220 5448 ἀπόδειξιν.

1999 5455 2076 5524 (l)
2112 5446 2250 5507 Editi
2293 5453 2564 5524 ἐνέργειαι
2596 5447 3067 5524 τοῦ-Πνεύματος.
3095 5446 3493 5524 Veteres___libr_i

1929 5515 2070 5577 utin
2099 5515 2522 5578 contextuflioc
2556 5523 2674 5590 ipso
2706 5522 2758 5572 in
2797 5515 2913 5572 loco
2944 5533 3075 5590 mss.
3114 5517 3371 5590 Διιοιιιιιιιίὶ
3399 5515 3496 5570 τοῦ

1928 5594 2159 5664 Κυρίου,
2191 5592 2385 5664 Deerat
2423 5587 2685 5664 articulus
2721 5592 2789 5664 in
2809 5588 3088 5664 impressis
3113 5587 3284 5664 libris.

2005 5656 2082 5734 ('2)
2118 5663 2269 5729 Illud,
2306 5661 2416 5731 τῆς
2452 5659 2693 5731 ἀρετῆς,
2725 5656 2964 5718 additum
2998 5666 3166 5714 estex
3192 5659 3361 5712 tribus
3391 5656 3498 5710 lte-

1928 5734 2028 5807 giis
2054 5734 2350 5792 codicibus.
