3956 6216
294 303 399 362 665

1379 314 1753 374 ADVERSUS
1790 316 2160 410 EUNOMIUM
2196 318 2328 374 LIB.
2369 315 2458 374 111.

3427 322 3525 381 666

293 417 399 490 γὰρ
424 419 452 472 ό
478 417 628 484 Θεὸς,
658 418 734 483 ὥς
765 437 896 492 φησι
926 421 1159 487 Παῦλος
1206 427 1607 496 Παραγγέλλω
1634 443 1731 484 σοι
1781 430 1856 483 ἐν·

1979 429 2247 484 Christum
2283 447 2311 485 e
2351 431 2597 496 mortuis,
2628 431 2908 501 viviﬁcabit
2937 434 3093 488 etiam
3133 435 3379 490 mortalia
3408 455 3514 491 cor.

291 508 477 563 ὠπιον
496 508 601 563 τοῦ
624 510 772 564 Θεοῦ
796 512 902 566 τοῦ
930 511 1351 581 ζωοποιοῦντος
1379 518 1449 569 τὰ
1464 516 1660 572 πάντα
1676 535 1689 547 ’
1716 519 1860 590 ζωὴν

293 599 349 652 δὲ
382 600 592 655 δίδωσιν
620 603 648 653 ὁ
682 603 915 675 Χριστός
947 605 1057 676 (12)
1077 623 1092 637 ο
1132 606 1210 660 Τὰ
1237 602 1501 675 πρόϐατα
1531 608 1661 678 γὰρ,
1703 611 1857 681 φησὶ,

1965 537 2098 589 pora
2138 532 2347 589 vestra,
2392 539 2476 592 per
2528 523 2696 593 ipsius
2750 522 3006 594 Spiritum
3042 527 3422 582 inhabitantem
3472 531 3529 585 iit

1966 613 2103 665 vobis
2133 614 2205 669 ³⁷.

293 690 365 743 τὰ
391 691 503 760 ἐμὰ
536 693 647 761 τῆς
678 695 883 763 φωνῆς
916 714 1035 764 μου
1066 698 1388 763 ἀκούουσι,
1420 699 1519 771 καὶ
1560 701 1674 770 ἐγὼ
1707 700 1859 770 ζωὴν
1894 704 2133 757 αἰώνιον
2164 705 2369 775 δίδωμι
2400 706 2621 772 αὐτοῖς.
2692 707 3107 779 Ζωοποιούμεθα
3167 709 3222 763 δὲ
3252 709 3338 764 διὰ
3363 711 3530 767 Πνεύ-

297 802 484 853 ματος,
525 786 600 849 ὥς
645 802 777 857 φησι
828 789 1073 853 Παῦλοςι
1126 792 1189 844 Ὀ
1232 792 1463 860 ἐγείρας
1502 794 1761 863 Χριστὸν
1797 795 1866 849 ἐκ
1905 796 2131 865 νεκρῶν
2168 797 2512 868 ζωοποιήσει
2551 799 2651 853 καί
2715 797 2786 852 τὰ
2832 800 3017 868 θνητὰ
3053 800 3296 855 σώαατα
3364 802 3529 874 ὑμῶν

294 874 392 927 διὰ
428 876 532 930 τοῦ
562 877 941 946 ἐνοικοῦντος
972 881 1158 934 αὑτοῦ
1188 885 1530 953 Πνεύματος
1556 887 1626 938 ἐν
1655 886 1816 950 ὑμῖν.

362 970 415 1022 5.
457 969 594 1022 Ἀλλ’
624 971 652 1023 ό
679 971 855 1024 πάντα
877 972 1147 1044 τολμηρὸς
1174 968 1347 1039 οὗτος,
1372 976 1465 1028 καὶ
1492 975 1566 1047 μὴ
1590 977 1866 1047 ὑποπτήσ-

293 1079 401 1116 σων
450 1062 541 1116 τὸν
590 1064 967 1135 ἐπηρτημένον
1018 1066 1259 1120 κίνδυνον
1308 1070 1420 1131 τοῖς
1469 1068 1704 1137 τολμῶσι
1755 1068 1864 1137 (15)

294 1154 608 1223 βλάσφημόν
638 1173 689 1209 τι
729 1157 878 1226 ῥῆμα
922 1158 1002 1219 εἰς
1034 1157 1094 1211 τὸ
1131 1157 1354 1230 Πνεῦμα
1398 1158 1459 1212 τὸ
1505 1158 1657 1227 ἆγιον
1690 1161 1865 1231 ἀπορ-

2039 977 2095 1031 5.
2138 977 2339 1031 Verum
2392 976 2479 1031 hic
2536 978 2637 1032 iste
2691 993 2811 1032 cum
2858 980 3053 1034 audeat
3090 980 3308 1045 omnia,
3354 995 3529 1050 neque

1972 1068 2294 1140 periculum,
2316 1068 2457 1136 quod
2494 1068 2718 1123 cuilibet
2750 1068 3118 1137 blasphemum
3155 1068 3370 1139 aliquod
3405 1085 3529 1124 ver-

1963 1163 2087 1217 bum
2119 1163 2171 1215 in
2207 1160 2471 1230 Spiritum
2504 1169 2747 1214 sanctum
2775 1161 3025 1216 emittere
3065 1163 3285 1216 audenti
3316 1161 3523 1231 impen-

294 1243 465 1313 ῥῖψαι,
494 1245 758 1316 ἀμέτοχον
786 1247 916 1301 αὐτὸ
951 1246 1202 1319 θεότητος
1231 1248 1610 1318 ἀποφαίνεται,
1639 1250 1856 1321 γράφων

1971 1256 2073 1312 det.
2105 1253 2313 1317 timeat,
2351 1260 2628 1318 expertem
2659 1265 2782 1305 eum
2812 1252 3028 1308 deitatis
3061 1253 3404 1321 pronuntiat,
3447 1254 3526 1309 sic

290 1333 432 1387 οὕτω
456 1334 584 1406 περὶ
615 1336 709 1389 τοῦ
741 1336 1057 1407 Πνεύματος
1078 1354 1092 1369 ⁶

360 1426 518 1480 ΕΥΝ.
552 1427 745 1498 Τρίτον
779 1426 929 1492 τάξει
966 1429 1062 1482 καὶ
1100 1428 1211 1499 (id)
1258 1428 1436 1498 φύσει,
1485 1430 1863 1501 προστάγματι

293 1516 392 1589 μὲν
425 1518 518 1571 τοῦ
552 1519 796 1590 Πατρὸς,
834 1520 1084 1591 ἐνεργείᾳ
1129 1520 1187 1573 δὲ
1231 1520 1325 1574 τοῦ
1380 1519 1509 1575 Υἱοῦ
1549 1522 1859 1593 γενόμενον,

288 1610 443 1681 τρίτῃ
469 1609 623 1682 χώρᾳ
653 1610 979 1682 τιμώμενον,
1012 1611 1086 1675 ὡς
1113 1612 1327 1682 πρῶτον
1352 1613 1447 1665 καὶ
1475 1612 1659 1683 μεῖζον
1687 1612 1860 1667 ἁπάν-

288 1719 427 1766 των,
470 1704 564 1758 καὶ
616 1704 774 1775 μόνον
810 1702 1047 1760 τοιοῦτον
1097 1704 1190 1759 τοῦ
1239 1705 1577 1774 Μονογενοῦς
1623 1706 1855 1776 ποίημα,

1964 1344 2030 1398 de
2056 1343 2259 1412 Spiritu
2289 1343 2535 1396 scribens
2567 1360 2581 1396 :

2032 1435 2165 1490 Eun.
2204 1433 2421 1488 Tertius
2470 1433 2660 1488 ordine
2702 1441 2757 1488 et
2798 1442 3030 1498 natura,
3087 1432 3265 1490 Patris
3307 1433 3523 1503 quidem

1960 1532 2251 1594 praecepto,
2282 1523 2600 1593 operatione
2642 1537 2772 1577 vero
2804 1524 2927 1579 Filii
2962 1524 3159 1590 factus,
3198 1526 3358 1579 tertio
3399 1524 3522 1579 loco

1960 1616 2291 1682 honoratus,
2336 1624 2592 1687 tanquam
2638 1604 2729 1687 qui
2765 1617 2837 1671 sit
2870 1617 3101 1686 primum
3123 1657 3140 1682 ,
3172 1616 3525 1685 omniumque

1958 1707 2289 1771 maximum,
2340 1715 2395 1762 et
2427 1706 2601 1762 solum
2644 1708 2955 1777 hujusmodi
2994 1706 3268 1776 opiﬁcium
3319 1704 3522 1776 Unige-

288 1794 538 1865 θεότητος
564 1797 656 1849 καὶ
685 1796 1079 1867 δημιουργικῆς
1100 1797 1380 1866 δυνάμεως
1405 1775 1851 1867 ἀπολειπόμενον.

1971 1798 2080 1864 uiti,
2113 1798 2312 1853 deitate
2338 1813 2404 1854 ac
2435 1798 2653 1853 creandi
2688 1775 2925 1867 potentia
2956 1775 3170 1854 carens.

356 1886 504 1941 ΒΑΣ.
552 1888 608 1940 '0
636 1887 692 1939 δὲ
723 1886 881 1940 τοῦτο
915 1887 1087 1957 λέγων
1139 1886 1282 1941 ἔοικε
1319 1888 1456 1958 μηδὲ
1487 1888 1583 1958 τὴν
1630 1888 1856 1960 θεότητα

288 1980 705 2035 πεπιστευκέναι
736 1981 793 2035 ὲν
834 1982 966 2052 ἡμῖν
992 1982 1159 2034 οἰκεῖν
1192 1981 1325 2052 (15),
1351 1982 1442 2034 τοῦ
1487 1982 1732 2035 Ἰωάννου
1767 1983 1855 2036 λέ-

288 2090 472 2143 γοντος
509 2073 635 2145 περὶ
666 2072 799 2126 Θεοῦ
821 2089 833 2101 °
880 2073 973 2126 Ἐκ
1005 2074 1215 2126 τούτου
1244 2073 1635 2142 γινώσκομεν,
1669 2074 1758 2127 ὅτι
1789 2076 1858 2129 ἐν

288 2163 433 2232 ἡμῖν
458 2163 660 2226 ἐστιν,
692 2163 761 2215 ἐκ
800 2162 906 2216 τοῦ
958 2163 1304 2230 Πνεύματος
1353 2157 1425 2217 οὗ
1456 2163 1601 2233 ἡμῖν
1633 2162 1817 2217 ἔδωκε
1839 2179 1852 2193 ’

288 2255 381 2308 καὶ
427 2253 520 2307 τοῦ
576 2254 932 2309 Ἀποστόλού’
972 2256 1091 2309 Οὐκ
1137 2253 1356 2316 οἴδατε,
1398 2252 1483 2307 ὅτι
1520 2253 1667 2319 ναός
1709 2255 1857 2308 Θεοῦ

287 2347 443 2411 ἐστε,
484 2348 582 2400 καὶ
611 2347 678 2400 τό
708 2348 949 2417 Πνεῦμα
980 2347 1086 2401 τοῦ
1125 2347 1271 2401 Θεοῦ
1287 2345 1439 2400 οἰκεῖ
1466 2347 1536 2400 ἐν
1555 2347 1730 2417 ὑμῖν;
1764 2348 1857 2400 καὶ

287 2441 468 2495 πάλιν·
508 2443 604 2495 Ἐν
626 2440 672 2505 ᾧ
695 2442 732 2507 ἡ
755 2439 921 2494 πᾶσα
946 2439 1227 2508 οἰκοδομὴ
1249 2441 1856 2509 συναρμολογουμένη

287 2534 457 2598 αὔξει
493 2536 583 2598 είς
622 2535 774 2587 ναὸν
816 2532 989 2601 ἅγιον
1017 2533 1085 2585 ἐν
1115 2533 1343 2599 Κυρίῳ,
1375 2532 1445 2584 ἐν
1474 2525 1522 2597 ᾦ
1553 2532 1651 2584 καὶ
1690 2533 1859 2601 ὑμεῖς

289 2624 819 2693 συνοικοδομεῖσθε
857 2626 943 2689 εὶς
974 2621 1430 2690 κατοικητήριον
1463 2622 1569 2676 τοῦ
1616 2621 1763 2676 Θεοῦ
1791 2622 1860 2674 ἐν

290 2717 605 2784 Πνεύματι.
637 2716 700 2767 Ei
721 2714 899 2768 τοίνυν
928 2716 985 2767 ὲν
1012 2715 1145 2784 ἡμῖν
1172 2714 1200 2766 ό
1220 2712 1352 2776 Θεὸς
1385 2714 1612 2767 ἐνοικεῖν
1643 2712 1859 2781 λέγεται

287 2807 377 2861 διὰ
401 2808 494 2862 τοῦ
522 2807 854 2878 Πνεύματος,
885 2806 1000 2869 πῶς
1030 2807 1150 2877 οὐχὶ
1174 2807 1411 2877 φανερᾶς
1442 2805 1691 2869 ἀσεϐείας
1714 2807 1858 2865 ἐστὶν

291 2898 422 2953 αὐτὸ
453 2899 514 2952 τὸ
540 2885 762 2969 Πνεῦμα
793 2898 972 2966 λέγειν
999 2898 1262 2967 ἀμέτοχον
1277 2897 1380 2966 τῆς
1410 2896 1658 2967 θεότητος
1682 2913 1695 2963 ;
1725 2898 1856 2961 Καὶ,

291 2992 341 3044 εί
368 2990 522 3052 θεοὺς
555 2988 891 3060 ὀνομάζομεν
920 2990 1044 3052 τοὺς
1070 2990 1189 3041 κατ’
1222 2987 1421 3059 ἀρετὴν
1454 2987 1711 3051 τελείους,
1743 2990 1775 3059 ἡ
1804 2988 1860 3041 δὲ

2027 1886 2155 1943 Bas.
2192 1890 2307 1944 Hoc
2336 1888 2428 1958 qui
2456 1888 2617 1955 dicit,
2656 1903 2754 1944 nec
2784 1888 3038 1945 deitatem
3065 1889 3311 1945 habitare
3338 1890 3390 1943 in
3421 1905 3521 1945 no-

1960 1978 2044 2034 bis
2078 1979 2290 2034 videtur
2328 1982 2571 2046 credere,
2625 1980 2726 2035 etsi
2774 1980 2841 2037 de
2888 1980 2998 2035 Deo
3044 1979 3280 2037 Joannes
3322 1982 3455 2036 dicit
3503 2000 3519 2037 :

1958 2066 2045 2121 Ea:
2073 2068 2171 2121 hoc
2202 2070 2423 2136 scimus,
2461 2072 2599 2141 quod
2626 2072 2681 2124 in
2713 2072 2860 2125 nobis
2894 2087 3000 2136 est,
3031 2087 3095 2126 ea:
3121 2070 3344 2141 Spiritu,
3370 2088 3524 2143 quem

1959 2158 2104 2211 nobis
2132 2158 2274 2211 dedit
2295 2159 2338 2191 ³⁸
2366 2177 2380 2225 ;
2421 2169 2475 2213 et
2492 2160 2783 2227 Apostolus
2808 2177 2821 2214 :
2856 2158 3084 2214 Nescitis
3116 2161 3253 2224 quod
3277 2162 3524 2229 (carptum

1958 2249 2055 2304 Dei
2071 2251 2216 2317 estis,
2234 2260 2279 2304 et
2301 2249 2533 2317 Spiritus
2555 2250 2647 2303 Dei
2663 2252 2865 2304 habitat
2883 2251 2936 2304 in
2956 2252 3097 2304 vobis
3111 2251 3194 2304 '9?
3216 2260 3268 2305 et
3286 2267 3475 2306 rursus
3504 2270 3519 2306 :

1962 2339 2027 2394 In
2053 2357 2154 2412 quo
2185 2343 2351 2396 omnis
2385 2342 2668 2407 wdiﬁcatio
2694 2352 3057 2412 coagmentata
3086 2344 3267 2397 crescit
3297 2344 3354 2397 in
3388 2353 3522 2397 tem-

1958 2434 2101 2501 plum
2141 2444 2377 2487 sanctum
2410 2433 2465 2486 in
2507 2433 2753 2498 Domino,
2794 2435 2849 2485 in
2880 2448 2982 2502 quo
3026 2443 3073 2487 et
3091 2448 3193 2487 .vos
3222 2434 3522 2503 cowdiﬁca-

1960 2523 2089 2575 mini
2132 2524 2187 2576 in
2235 2523 2595 2577 habitaculum
2647 2523 2739 2577 Dei
2768 2525 2823 2576 in
2872 2522 3074 2592 Spiritu
3111 2522 3182 2580 ‘°.
3232 2523 3445 2592 Itaque,
3478 2524 3525 2578 si

1962 2614 2105 2669 Deus
2133 2614 2188 2668 in
2211 2614 2371 2670 nobis
2397 2630 2493 2682 per
2522 2612 2783 2683 Spiritum
2814 2613 3064 2669 habitare
3089 2612 3309 2680 dicitur,
3342 2631 3526 2670 nonne

1962 2703 2244 2758 manifesta
2278 2704 2528 2773 impietas
2559 2714 2663 2771 est,
2697 2703 2873 2773 ipsum
2906 2703 3168 2773 Spiritum
3198 2705 3381 2760 dicere
3409 2707 3524 2763 dei-

1962 2799 2087 2854 tatis
2115 2799 2432 2855 exsortem?
2461 2799 2548 2864 Et,
2574 2799 2618 2854 si
2641 2814 2734 2854 eos
2763 2799 2852 2869 qui
2883 2800 3085 2854 virtute
3113 2798 3337 2869 perfecti
3364 2811 3513 2867 sunt,

1962 2891 2092 2947 deos
2119 2891 2484 2955 nominamus,
2507 2890 2771 2960 perfectio
2795 2899 2976 2944 autem
3007 2899 3089 2946 est
3113 2907 3209 2961 per
3231 2889 3524 2960 Spiritum;

1961 2974 2232 3063 quomodo
2260 2982 2353 3051 qui
2388 2981 2524 3036 alios
2555 2980 2720 3035 edicit
2769 2982 2921 3049 deos,
2962 2981 3052 3036 ille
3078 2982 3194 3052 ipse
3236 2982 3527 3039 destitutus

289 3083 564 3146 τελείωσις
594 3082 682 3137 διὰ
721 3081 814 3135 τοῦ
853 3080 1197 3149 Πνεύματος,
1236 3079 1351 3143 πῶς
1384 3079 1445 3133 τὸ
1488 3080 1711 3151 ἑτέρους
1742 3080 1856 3133 θεο-

1971 3078 2162 3132 dcitate
2186 3075 2309 3131 est?
2346 3075 2458 3130 Nec
2485 3090 2614 3129 vero
2648 3075 2794 3142 pium
2821 3074 2985 3129 fuerit
3012 3076 3208 3140 dicere,
3249 3084 3307 3130 ut
3341 3076 3392 3129 in
3426 3075 3527 3129 ho-

290 3175 474 3229 ποιοῦν
505 3174 640 3228 αὐτὸ
678 3175 776 3245 τῆς
810 3172 1058 3243 θεότητος
1104 3173 1490 3239 ἀπολείπεται;
1543 3173 1703 3226 Ἀλλὰ
1754 3172 1860 3244 μὴν

290 3267 412 3319 οὐδὲ
439 3264 681 3329 εὐσεϐὲς,
724 3263 909 3335 ὥσπερ
949 3264 1042 3316 ἐπὶ
1069 3263 1176 3317 τῶν
1220 3263 1523 3336 ἀνθρώπων
1546 3306 1561 3330 ,
1592 3263 1734 3318 οὕτω
1767 3264 1861 3318 καὶ

290 3359 382 3410 ἐπὶ
411 3356 503 3411 τοῦ
548 3355 882 3426 Πνεύματος,
922 3354 1188 3426 μεθεκτὴν
1216 3355 1394 3424 λέγειν
1427 3356 1590 3410 αὐτοῦ
1619 3356 1720 3427 τὴν
1751 3354 1862 3409 θεός

290 3466 429 3520 τητα
447 3446 769 3518 τετιμῆσθαι
795 3445 925 3517 (16),
959 3446 1053 3498 καὶ
1076 3446 1196 3516 οὐχὶ
1225 3444 1382 3514 φύσει
1411 3445 1560 3515 αὑτῷ
1588 3443 1861 3517 συνυπάρ-

290 3556 425 3610 χειν.
469 3540 527 3591 Ὀ
565 3538 673 3610 γὰρ
713 3537 893 3608 χάριτι
927 3536 1338 3607 θεοποιούμενος
1370 3536 1469 3606 τῆς
1503 3539 1860 3608 μεταπτωτῆς

290 3632 406 3683 ἐστι
447 3629 678 3698 φύσεως,
718 3628 775 3694 ἐξ
814 3628 1143 3700 ἁπροσεξίας
1174 3627 1301 3680 ποτὲ
1339 3628 1434 3681 καὶ
1483 3626 1859 3700 ἀπορρεούσης

289 3722 383 3776 τοῦ
421 3720 746 3793 κρείττονος.
792 3719 961 3773 Τοῦτο
997 3721 1054 3773 δὲ
1088 3718 1273 3789 σαφῶς
1315 3719 1542 3789 μάχεται
1580 3722 1645 3790 τῇ
1679 3736 1854 3789 παρα-

288 3814 431 3868 δόσει
450 3812 543 3868 τοῦ
566 3815 828 3884 σωτηρίου
854 3812 1242 3882 βαπτίσματος.
1268 3810 1678 3880 Πορευθέντες,
1704 3812 1856 3881 φησὶ,

288 3902 595 3971 βαπτίζετε
616 3905 704 3970 είς
727 3902 792 3956 τὸ
819 3903 1004 3971 ὄνομα
1024 3902 1130 3955 τοῦ
1160 3902 1410 3969 Πατρός,
1437 3902 1533 3955 καὶ
1560 3902 1665 3956 τοῦ
1700 3903 1854 3966 Υἱοῦ,

289 3996 386 4049 καὶ
422 3995 529 4048 τοῦ
572 3995 745 4065 ἁγίου
789 3993 1134 4062 Πνεύματος
1168 3992 1301 4062 (I7).
1340 3993 1494 4045 Ἐστι
1520 3991 1630 4063 γὰρ
1657 3992 1719 4045 τὸ
1767 3991 1860 4062 βά-

289 4102 498 4155 πτισμα
539 4085 776 4157 σφραγὶς
810 4085 908 4155 τῆς
937 4084 1190 4151 πίστεως,
1232 4085 1265 4154 ἡ
1298 4083 1354 4137 δὲ
1393 4083 1572 4147 πίστις
1611 4083 1860 4154 θεότητος

293 4177 703 4246 συγκατάθεσις.
737 4174 1029 4230 Πιστεῦσαι
1058 4176 1165 4247 γὰρ
1196 4175 1276 4228 δεῖ
1313 4176 1594 4247 πρότερον,
1625 4171 1742 4229 εἶτα
1782 4175 1860 4246 τῷ

295 4266 626 4337 βαπτίσματι
657 4264 1172 4339 ἐπισφραγίσασθαι.
1210 4265 1284 4318 Τὸ
1307 4266 1363 4318 δὲ
1392 4265 1674 4335 βάπτισμα
1705 4264 1860 4335 ἡμῶν

293 4360 410 4411 ἐστι
440 4357 580 4411 κατὰ
616 4359 715 4429 τὴν
743 4357 836 4410 τοῦ
866 4359 972 4429 (I8)
1007 4358 1212 4430 Κυρίου
1239 4357 1664 4428 παράδοσιν,οείς
1692 4355 1860 4426 ὄνομα

1964 3166 2220 3234 minibus,
2268 3165 2343 3218 ita
2368 3173 2422 3219 et
2448 3164 2502 3218 in
2532 3164 2739 3232 Spiritu
2774 3164 3032 3219 deitatem
3063 3179 3183 3234 qua:
3223 3165 3524 3235 participa-

1963 3257 2109 3312 tione
2144 3255 2410 3326 acquisita
2448 3256 2538 3318 sit,
2574 3256 2858 3322 honorari,
2887 3271 2991 3309 non
3031 3265 3212 3310 autem
3242 3265 3433 3312 natura
3470 3258 3524 3312 ei

1959 3359 2289 3417 competere.
2332 3348 2435 3414 Qui
2462 3347 2604 3401 enim
2653 3346 2797 3401 dono
2822 3345 3054 3401 eilicitur
3082 3345 3247 3412 Deus,
3287 3349 3523 3403 mutabi-

1960 3442 2026 3498 lis
2052 3451 2136 3498 est
2162 3451 2402 3507 naturae,
2433 3454 2552 3510 quae
2598 3452 2979 3508 nonnunquam
3010 3454 3108 3508 per
3137 3438 3520 3509 negligentiam

1960 3548 1989 3588 a
2038 3533 2285 3589 bonitate
2317 3533 2555 3587 excidat.
2586 3530 2643 3586 Id
2690 3540 2867 3585 autem
2911 3540 3097 3600 aperte
3134 3532 3389 3586 salutaris
3420 3533 3519 3586 ba-

1958 3626 2139 3696 ptismi
2168 3634 2428 3696 repugnat
2456 3623 2757 3678 traditioni.
2785 3622 3003 3688 Euutes,
3034 3623 3231 3693 inquit,
3260 3623 3524 3691 baptizare

1958 3720 2013 3773 in
2043 3719 2251 3773 nomine
2272 3715 2476 3781 Patris,
2508 3726 2555 3769 et
2585 3713 2740 3780 Filii,
2774 3723 2821 3767 et
2852 3714 3086 3781 Spiritus
3121 3714 3293 3768 sancti
3328 3711 3396 3767 δι.
3429 3713 3525 3770 Est

1958 3808 2102 3862 enim
2139 3807 2403 3875 baptisma
2443 3805 2675 3876 sigillum
2714 3804 2869 3867 ﬁdei,
2907 3804 3038 3858 ﬁdes
3090 3817 3219 3857 vero
3259 3817 3520 3859 assensus

1960 3911 2043 3954 est
2099 3898 2303 3953 deitati.
2377 3896 2509 3951 Nam
2564 3895 2784 3951 credere
2830 3896 2979 3964 prius
3033 3904 3279 3964 Oportet,
3331 3895 3527 3959 deinde

1960 3990 2284 4062 baptismate
2312 3988 2607 4057 obsignari.
2640 3985 2737 4042 Est
2779 3996 2957 4041 autem
2993 3996 3175 4041 noster
3222 3986 3524 4058 baptismus

1967 4095 2032 4135 ex
2048 4079 2258 4135 Domini
2294 4078 2604 4143 traditione,
2625 4077 2678 4131 in
2697 4092 2893 4131 nomen
2911 4075 3104 4142 Patris,
3129 4078 3355 4148 et27']
3379 4078 3521 4144 Filii,

1959 4183 2014 4228 et
2064 4171 2296 4241 Spiritus
2357 4171 2551 4236 sancti,
2620 4168 2762 4223 nulla
2806 4176 3075 4231 creatura,
3129 4182 3306 4238 neque
3362 4183 3524 4224 servo

1959 4262 2108 4316 Patri
2151 4276 2213 4316 ac
2252 4259 2393 4316 Filio
2448 4259 2759 4329 conjuncta.
2798 4274 2920 4313 cum
2979 4259 3151 4314 deitas
3175 4259 3229 4314 in
3257 4258 3523 4314 Trinitate

1962 4354 2318 4421 compleatur.
2351 4351 2486 4405 Nam
2520 4351 2779 4420 quidquid
2810 4358 2964 4404 extra
2991 4352 3088 4405 hos
3132 4359 3250 4414 est,
3279 4351 3330 4405 id
3358 4365 3521 4405 omne

296 4450 506 4520 Πατρός
567 4450 659 4504 καί¹
711 4448 841 4503 Υἱοῦ
900 4452 995 4503 καὶ
1043 4449 1197 4519 ἁγίου
1248 4448 1597 4518 Πνεύματοςο
1648 4446 1856 4508 οὐδενὸς

1971 4457 2277 4498 conservum
2306 4451 2409 4505 est,
2438 4440 2649 4496 etiamsi
2682 4442 2914 4495 maxime
2938 4439 3007 4494 ob
3031 4439 3353 4508 dignitatum
3380 4454 3519 4509 pra:-

294 4541 609 4612 κτίσματος,
643 4541 762 4595 οὖδὲ
793 4541 977 4595 δούλου
1007 4542 1179 4612 Πατρὶ
1210 4541 1304 4593 καὶ
1343 4539 1455 4609 Υἱῷ
1494 4537 1860 4607 συντεταγμέ-

1964 4537 2214 4591 stantiam
2248 4535 2352 4587 alia
2379 4533 2499 4588 aliis
2525 4542 2936 4601 anteponantur.

292 4650 404 4699 νου,
431 4633 504 4695 ὡς
533 4634 628 4703 τῆς
654 4632 907 4702 θεότητος
934 4634 990 4684 ὲν
1019 4631 1205 4702 Τριάδι
1234 4630 1746 4702 συμπληρουμένης.
1780 4628 1853 4680 Τὸ
1888 4628 1944 4680 δὲ
2005 4625 2109 4690 ἔξω
2133 4624 2336 4678 τούτων
2400 4622 2682 4694 ὁμόδουλον
2709 4623 2851 4677 ἆπαν
2877 4621 3014 4687 ἐστὶ,
3048 4621 3150 4677 κᾶν
3188 4620 3256 4675 τὰ
3289 4621 3522 4692 μάλιστα

293 4725 615 4796 ὑπερϐολαῖς
660 4724 981 4797 ἀξιωμάτων
1021 4723 1154 4779 ἄλλα
1191 4722 1363 4777 ἄλλων
1411 4719 1850 4814 προτετιμημένα
1887 4716 2150 4789 τυγχάνῃ.

363 4817 416 4872 6.
457 4820 567 4872 Καὶ
598 4820 671 4889 μή
718 4835 807 4890 μοι
844 4818 1005 4872 πάλιν
1031 4818 1099 4871 τὰ
1136 4816 1274 4885 σοφὰ
1303 4816 1505 4868 ταῦτα’

362 4906 521 4961 ΕΥΝ.
563 4907 686 4962 Ἐὰν
719 4908 794 4980 μὴ
830 4909 1032 4979 κτίσμα
1061 4907 1237 4971 ἐστὶν,
1276 4904 1469 4959 οὐκοῦν
1508 4904 1772 4975 γέννημα,
1818 4901 1851 4971 ἢ

2031 4810 2085 4863 6.
2122 4808 2232 4862 Nec
2256 4809 2386 4863 mihi
2419 4823 2607 4863 rursus
2635 4806 2899 4876 sapientia
2929 4805 3017 4860 illa
3052 4805 3217 4860 verba
3250 4805 3518 4875 obiicias:

2031 4901 2167 4955 Eua.
2219 4899 2276 4955 Si
2323 4909 2568 4955 creatura
2610 4914 2716 4953 non
2765 4906 2886 4962 est,
2926 4899 3089 4969 igitur
3133 4898 3380 4967 genitura
3427 4907 3523 4951 aut

367 5111 410 5146 ⁸⁷
455 5111 611 5167 Rom.
657 5124 776 5175 vm,
819 5109 906 5163 11.
981 5107 1025 5139 ³⁸
1064 5104 1259 5160 IJoan.
1293 5118 1377 5167 Ill,
1415 5102 1506 5156 24.
1592 5101 1637 5133 δ’
1681 5100 1851 5167 ICur.

1994 5098 2079 5153 16.
2154 5099 2202 5130 ⁸ο
2241 5098 2439 5169 Ephes.
2467 5115 2527 5167 tt,
2558 5097 2648 5163 2|,
2675 5097 2768 5151 22.
2839 5098 2882 5130 ἰι
2920 5096 3111 5152 Matth.
3141 5112 3331 5160 xxvut,
3360 5096 3449 5151 19.

360 5295 472 5369 (12)
493 5294 626 5369 P_ars
651 5293 821 5362 major
841 5290 1100 5369 librorum
1119 5296 1358 5369 veterum
1372 5286 1552 5369 ξίδωσι
1586 5284 1838 5356 Χριστός.

295 5356 486 5421 Statim
518 5366 648 5434 Reg.
683 5356 905 5434 quartus
928 5360 1109 5430 φωνῆς
1139 5376 1238 5434 μου
1268 5356 1476 5434 august.

365 5436 472 5507 (15)
498 5427 644 5507 Libiji
678 5427 881 5501 aliquot
899 5427 1107 5507 veteres
1131 5427 1240 5507 τοῖς
1273 5427 1592 5507 τολμήσασα

368 5494 476 5578 (li)
498 5504 721 5578 Codices
742 5494 978 5578 nonnulli
1007 5500 1098 5578 καὶ
1126 5499 1281 5578 τάξει
1309 5494 1584 5550 καί.”Ειιίιὶ
1618 5494 1844 5578 προστά-

295 5568 467 5646 γματι
499 5574 614 5646 μέν.
640 5572 838 5646 Vocula
868 5571 966 5643 μέν
1008 5571 1059 5646 in
1096 5568 1281 5646 majori
1315 5577 1465 5646 parte
1497 5581 1625 5646 ms‘s'.
1667 5568 1838 5618 deest.

369 5635 623 5715 (ISfVott
660 5641 844 5715 oixe'ir
869 5635 1202 5715 'nonlegitur
1238 5637 1292 5691 in
1318 5635 1710 5715 editionejien.
1737 5650 1845 5715 ρε-

299 5702 404 5783 que
433 5702 485 5768 in
508 5713 736 5782 antiquis
763 5726 856 5766 sex
891 5710 1039 5766 libris
1065 5702 1197 5763 :‘sed
1224 5720 1342 5762 eam
1400 5708 1453 5761 in
1484 5705 1716 5763 editione
1737 5702 1842 5757 Pa-

1952 5284 2165 5345 risiensi
2197 5283 2495 5339 addendam
2527 5294 2647 5335 esse
2689 5295 2753 5333 ex
2783 5277 2953 5345 Regio
2982 5291 3082 5333 suo
3107 5277 3293 5335 codice
3330 5276 3523 5330 existi-

1949 5358 2115 5409 mavit
2145 5355 2225 5406 vir
2256 5351 2660 5411 eruditissimus
2690 5349 2935 5403 Duczeus.

2019 5424 2124 5494 (l6)
2151 5423 2295 5494 Libri
2332 5422 2536 5487 aliquot
2565 5431 2774 5494 veteres
2799 5419 2892 5494 καὶ
2922 5414 3273 5494 τετιμῆσθαι.

2018 5484 2131 5563 (17)
2155 5492 2381 5547 Codices
2408 5484 2649 5544 nonnulli
2685 5489 2898 5559 Πατρός
2924 5488 3019 5541 καὶ
3048 5484 3181 5539 Υἰοῦ
3219 5484 3312 5539 καὶ
3357 5484 3519 5553 ἁγίου

1945 5562 2085 5620 Πνεύ
2095 5562 2284 5633 ματος.

2017 5624 2129 5705 (l3)
2156 5624 2334 5689 Codex
2362 5629 2511 5689 Colb.
2538 5629 2657 5683 κατ’
2677 5628 2848 5698 αὐτὴν
2873 5626 2971 5698 τὴν
3000 5624 3122 5681 τοῦ.
