3956 6216
446 239 550 299 667
1745 231 1805 289 S.
1844 230 2091 288 BASILII
2129 227 2343 285 MAGNI
3602 218 3731 275 668
3858 78 3902 347 1

450 359 743 431 ingenitus.
793 356 945 413 Unus
975 364 1157 412 autem
1200 353 1344 411 Deus
1382 363 1466 410 est
1508 351 1778 423 principio
1812 364 2006 406 carens

2137 347 2405 417 ιγέννητον
2435 345 2568 417 (l9).
2600 338 2697 408 Εἷς
2722 344 2778 397 δὲ
2808 345 3052 431 ἄναρχος
3069 342 3200 406 Θεὸς
3239 340 3337 396 καὶ
3366 341 3727 411 ἀγέννητος.
3870 356 3892 421 ι

448 428 613 521 atqtte
658 449 948 519 ingenitus.
996 447 1179 517 Neque
1214 460 1344 501 vero
1387 444 1636 516 genitura
1665 453 1770 499 est.
1811 443 2011 500 Restat

2137 436 2247 490 lbra
2280 436 2385 507 μὴν
2413 437 2679 506 γέννημα.
2705 434 2964 487 Λείπεται
2995 428 3086 487 οὗν
3113 431 3317 503 κτίσμα
3347 434 3449 485 καὶ
3478 432 3728 503 ποίημα

447 557 577 612 ergo
598 552 657 595 ut
680 541 794 611 ipse
822 551 1071 596 creatura
1107 539 1425 607 facturaque
1459 536 1789 591 nominetur.

2137 528 2244 581 ιύτδ
2269 527 2647 598 ὀνομάζεσθαι.

517 632 642 689 Bas.
690 631 803 701 Ego
844 646 1008 699 vero,
1035 631 1083 686 si
1131 637 1325 685 cuncta
1361 628 1661 699 iudicarem
1704 628 2014 697 cognitione

2180 634 2329 687 ΒΑΣ.
2379 630 2518 701 Ἐγὼ
2562 631 2641 695 δὲ,
2685 633 2733 683 εί
2785 630 2883 701 μὲν
2929 628 3107 683 πάντα
3149 626 3487 699 διωριζόμην
3526 642 3729 679 κατα-

448 733 630 778 nostra
680 722 1060 794 comprehendi
1118 736 1297 791 posse,
1350 736 1437 776 me
1492 721 1725 777 iortasse
1781 723 2014 790 puderet

2137 723 2292 795 ,ηπτά
2324 722 2480 795 ἡμῶν
2503 719 2640 775 εἶναι
2667 725 2731 793 τῇ
2759 719 2976 790 γνώσει,
3011 718 3283 791 ᾐσχύνθην
3310 718 3374 771 ἂν
3405 718 3549 780 tam;
3578 719 3730 786 ὁμο-

450 809 811 879 ignorantiant
849 810 1117 865 conﬁteri.
1152 809 1305 865 Nunc
1337 818 1521 865 autem
1552 810 1867 875 innumera,
1901 826 2009 865 non

2137 816 2337 886 ,ογῆσαι
2385 815 2482 885 τὴν
2518 815 2774 882 ἄγνοιανο
2820 812 2914 866 νῦν
2944 812 3000 865 δὲ
3037 811 3204 882 μυρία
3242 809 3352 880 (ἳΟ)
3388 810 3452 862 οὐ
3490 809 3613 862 τῶν
3658 812 3727 860 ὲν

450 903 622 957 solum
659 918 724 956 ex
756 903 821 956 iis
847 917 965 971 qua?
994 902 1150 957 nobis
1181 902 1237 956 in
1265 901 1448 957 futuro
1473 902 1675 955 saeculo
1710 901 2013 956 recondun-

2211 906 2456 977 μέλλοντι
2481 907 2638 959 αἰῶνι
2659 903 3034 974 ἀποκειμένων
3054 904 3187 974 ἡμῖν
3220 902 3401 972 μόνον,
3428 899 3565 953 οὔτε
3597 900 3725 954 τῶν

450 1001 561 1059 tur,
595 1002 649 1047 et
672 1009 739 1048 ex
777 994 842 1048 iis
876 1009 994 1064 qua:
1029 991 1168 1049 nunc
1199 994 1252 1047 in
1290 991 1443 1047 caalis
1482 1001 1628 1056 sunt,
1665 990 1832 1045 latent
1874 1006 2009 1047 nos:

2137 997 2206 1051 Ιῦν
2240 997 2408 1051 ὄντων
2440 999 2497 1050 ὲν
2525 999 2638 1061 τοῖς
2669 997 2917 1067 οὐρανοῖς
2951 995 3385 1064 ἀποκέκρυπται,
3418 992 3546 1044 ἀλλ’
3580 991 3724 1044 οὔτε

451 1087 546 1140 sed
578 1101 753 1156 neque
787 1101 849 1139 ea
896 1100 1016 1155 quae
1045 1084 1099 1139 in
1133 1093 1325 1140 nostro
1358 1098 1583 1153 corpore
1616 1082 1839 1146 insunt,
1870 1083 2014 1137 clare

2137 1088 2217 1143 ’ὦν
2244 1089 2594 1159 ὑπαρχόντων
2625 1090 2755 1158 ἡμῖν
2784 1089 2841 1140 ὲν
2870 1086 2947 1156 τῷ
2978 1084 3186 1155 σώματι
3207 1084 3376 1155 τρανὴ
3404 1084 3508 1135 καὶ
3540 1085 3724 1136 ἀναν-

451 1193 515 1232 ac
558 1180 836 1233 evidenter
869 1177 1401 1246 comprehendimus.
1452 1174 1691 1245 Exempli
1738 1190 1904 1230 causa
1948 1174 2014 1229 de

2137 1181 2366 1252 ‘ippmo;
2398 1182 2545 1233 ἐστιν
2592 1181 2626 1250 ἡ
2674 1177 2999 1247 κατάληψις.
3034 1171 3157 1230 Οἷον
3194 1175 3387 1245 ἀμέλει
3422 1175 3566 1245 περὶ
3609 1174 3724 1245 τῆς

450 1270 599 1332 visu,
644 1278 856 1335 utrum,
883 1270 1006 1323 dtttu
1041 1283 1220 1322 rerum
1257 1266 1549 1321 visibilium
1580 1265 1847 1335 susceptis
1880 1264 2014 1319 ima-

2137 1273 2303 1343 ψεως,
2323 1272 2549 1343 πότερον
2580 1270 2944 1340 εἰσδεχόμενοι
2967 1268 3066 1331 τάς
3085 1267 3296 1329 εἰκόνας
3324 1265 3435 1318 τῶν
3458 1265 3719 1336 ὁρατῶν,

450 1360 696 1430 ginibus,
730 1360 803 1414 ita
834 1360 1049 1413 demum
1081 1358 1293 1426 objecta
1330 1357 1692 1428 percipiamus
1736 1374 1749 1410 :
1785 1365 1839 1410 et
1882 1370 2014 1425 quo-

2137 1364 2250 1418 ﬁrw
2291 1364 2389 1427 τὰς
2429 1362 2743 1434 ἀντιλήψεις
2784 1360 3117 1430 ποιούμεθαο
3150 1358 3243 1411 καὶ
3276 1357 3395 1421 πῶς
3444 1356 3605 1427 ὀρῶν
3650 1373 3720 1408 τε

452 1451 609 1525 modo
649 1450 1006 1506 maximorum
1056 1450 1353 1514 montium,
1386 1449 1773 1517 immensaque
1821 1460 2010 1512 terrae.

2137 1455 2505 1527 ταμμεγέθῶν,
2538 1455 2644 1524 γῆς
2667 1470 2727 1505 τε
2748 1453 3001 1517 ἀπλέτου,
3023 1452 3116 1504 καὶ
3137 1449 3362 1520 ἀπείρου
3386 1447 3717 1519 θαλάσσης,

451 1552 505 1596 et
530 1543 724 1596 inliniti
757 1542 961 1606 maris,
995 1558 1059 1596 ac
1103 1541 1225 1596 cmli
1271 1542 1442 1610 ipsius
1485 1540 1666 1611 imago
1710 1542 1761 1594 itt
1818 1542 2010 1612 exigua

2140 1566 2191 1600 τι
2219 1548 2276 1600 δὲ
2300 1548 2410 1617 (2t)
2444 1546 2538 1600 καὶ
2568 1545 2731 1599 αὐτοῦ
2759 1543 2853 1597 τοῦ
2879 1542 3108 1615 οὐρανοῦ
3136 1546 3169 1612 ἡ
3202 1539 3366 1594 εἰκὼν
3389 1538 3473 1609 τῷ
3502 1538 3720 1610 βραχεί

453 1644 650 1688 nostra:
690 1633 904 1703 pupilla:
947 1648 1201 1687 mensura
1249 1633 1644 1687 contineatur:
1696 1647 1762 1684 an
1810 1646 1931 1685 cum
1982 1649 2009 1684 a

2137 1639 2300 1708 ιέτρῳ
2331 1637 2431 1708 τῆς
2463 1637 2631 1707 κόρης
2662 1636 2818 1707 ἡμῶν
2852 1634 3187 1706 περιέχεταιο
3228 1632 3261 1702 ἢ
3309 1630 3716 1701 ὲκπὲμποντές

453 1724 607 1781 nobis
638 1698 909 1796 quidpiam
940 1725 1263 1791 emittimus,
1302 1724 1461 1792 idque
1491 1723 1558 1776 ad
1589 1722 1826 1777 visibilia
1850 1738 2008 1777 acce-

2137 1750 2162 1783 rt
2213 1731 2343 1800 παρ’
2393 1726 2622 1792 ἑαυτῶν,
2678 1727 2773 1780 καὶ
2821 1723 3286 1797 προσπελάζοντος
3338 1723 3534 1776 τούτου
3591 1725 3714 1785 τοῖς

453 1814 547 1879 dit,
582 1813 659 1868 sic
689 1814 885 1868 cadant
913 1815 1012 1868 sub
1038 1827 1256 1867 sensum
1293 1831 1305 1865 :
1331 1821 1383 1866 et
1408 1813 1536 1881 quid
1564 1812 1615 1865 id
1648 1812 1719 1866 sit
1749 1820 1804 1867 et
1836 1827 2010 1881 quan-

2137 1823 2348 1891 ιρατοῖς,
2397 1817 2569 1882 οῦτως
2611 1818 2790 1872 αὐτῶν
2826 1818 2925 1886 τὴν
2959 1815 3208 1887 αἴσθησιν
3240 1813 3463 1885 ἔχομεν,
3510 1815 3613 1867 καὶ
3654 1813 3711 1866 τί

454 1912 601 1968 tum;
633 1903 766 1958 adeo
797 1912 855 1957 ut
888 1917 1184 1971 expansum
1213 1900 1440 1956 sulIiciat
1467 1910 1627 1955 terra:
1651 1901 1917 1970 marique,
1951 1916 2015 1955 ac

2137 1929 2230 1964 ,στι
2257 1911 2415 1965 τοῦτο
2439 1911 2531 1963 καὶ
2560 1911 2745 1975 πόσον,
2778 1909 2917 1963 ὥστε
2946 1913 3015 1981 γῇ
3043 1910 3138 1962 καὶ
3164 1908 3406 1979 θαλάσσῃ
3440 1907 3709 1979 ἐξαρκεῖν

455 1993 633 2048 locum
674 1994 814 2048 inter
859 2003 1056 2047 terram
1107 2002 1163 2047 et
1206 1992 1398 2046 uelum
1440 1992 1865 2048 intercedentem
1919 2007 2013 2061 pe-

2137 2004 2542 2075 φαπλούμενον,
2583 2004 2675 2057 καὶ
2721 2004 2893 2074 περᾷν
2939 2002 3038 2073 μὲν
3082 2001 3175 2054 τὸν
3222 2000 3426 2071 μεταξὺ
3462 2000 3575 2069 γῆς
3610 2000 3707 2053 καὶ

455 2104 664 2158 netret,
700 2093 808 2145 imo
853 2092 919 2145 ad
955 2091 1126 2159 ipsum
1161 2090 1354 2143 malum
1402 2091 1721 2159 perveniat,
1756 2098 2017 2158 tantaque

2137 2095 2340 2166 μύρανοῦ
2374 2096 2556 2161 τόπον,
2590 2093 2739 2163 αὐτῷ
2767 2111 2827 2146 τε
2863 2091 3220 2163 προσϐάλλειν
3248 2091 3326 2162 τῷ
3357 2091 3583 2163 ούρανῷ
3617 2109 3707 2144 το-

455 2193 736 2237 moveatur
764 2181 1071 2244 celeritate,
1110 2191 1168 2233 ut
1200 2179 1396 2248 aequali
1453 2192 1697 2247 tempore
1730 2188 1785 2233 et
1817 2196 2016 2248 corpus

2137 2188 2289 2259 πούτῳ
2312 2188 2465 2258 τάχει
2486 2186 2634 2240 κινού
2645 2203 2823 2257 μενον,
2854 2184 2995 2239 ὥστε
3018 2186 3074 2237 ἐν
3101 2184 3200 2254 ῖσῳ
3224 2184 3399 2254 χρόνῳ
3426 2184 3494 2237 τό
3516 2201 3578 2236 τε
3611 2201 3708 2236 πε-

455 2273 917 2340 circumpositum,
941 2279 997 2324 et
1024 2269 1189 2323 stellae
1223 2285 1341 2339 qua:
1380 2269 1431 2322 in
1464 2269 1604 2324 caelo
1640 2279 1786 2335 sunt,
1819 2286 2017 2340 cogno-

2137 2279 2424 2350 ›ικείμενον
2453 2278 2612 2349 σῶμα
2635 2319 2649 2343 ,
2684 2277 2932 2338 καὶτοὺς
2972 2278 3028 2328 ὲν
3069 2276 3281 2346 οὐρανῷ
3320 2275 3567 2347 ἀστέρας
3606 2291 3705 2326 και

457 2373 701 2420 scantur.
735 2363 799 2416 Et
830 2363 958 2431 quid
1002 2362 1197 2416 attinet
1226 2361 1432 2429 reliqua
1465 2361 1677 2415 dicere?
1718 2360 1828 2414 lino
1875 2363 2018 2430 ipsos

2137 2369 2573 2440 ῖαμανθάνεσθαι.
2606 2370 2715 2422 Καὶ
2740 2369 2792 2421 τί
2822 2367 2904 2421 δεῖ
2929 2366 3095 2420 τᾶλλα
3128 2367 3305 2435 λέγειν
3340 2365 3457 2435 (22)
3485 2382 3501 2429 ;
3540 2364 3703 2418 Ἀλλά

458 2456 656 2510 mentis
682 2463 856 2507 motus
886 2467 1072 2507 creare
1098 2467 1163 2505 an
1192 2464 1448 2522 generare
1473 2451 1645 2506 soleat
1683 2453 2021 2523 anima,quis

2137 2462 2258 2515 ιύτά
2284 2461 2353 2514 τά
2377 2460 2471 2514 τοῦ
2516 2461 2608 2515 νοῦ
2650 2463 2945 2532 κινήματα,
2993 2460 3220 2529 πότερον
3260 2456 3532 2527 κτίζεινῆ
3573 2473 3699 2525 γεν-

458 2554 607 2600 certo
641 2545 830 2599 dicat?
859 2542 996 2610 Quid
1033 2544 1197 2611 igitur
1236 2543 1358 2597 miri
1410 2542 1593 2607 fuerit,
1627 2543 1672 2597 si
1708 2558 1923 2612 quoque
1955 2544 2020 2598 de

2137 2555 2214 2624 ιᾷν
2241 2553 2481 2622 πέφυκεν
2525 2555 2557 2624 ἡ
2588 2551 2764 2622 ψυχὴ,
2794 2551 2877 2615 τίς
2909 2551 2974 2604 ἂν
3007 2549 3250 2621 ἀκριϐῶς
3284 2550 3462 2612 efﬂat;
3498 2548 3565 2600 Τί
3608 2543 3700 2601 οὖν

459 2637 661 2705 Spiritu
687 2644 878 2690 sancto
912 2636 1051 2690 citra
1081 2636 1336 2689 ruborem
1366 2635 1728 2702 ignorantiam
1758 2635 2021 2711 conﬁtea-

2137 2643 2429 2714 latuttacrbv
2474 2644 2568 2697 καὶ
2618 2642 2870 2714 περὶτοῦ
2913 2642 3070 2711 ἁγίου
3108 2639 3424 2711 Πνεύματος
3472 2640 3700 2692 ἀνεπαι-

458 2743 603 2792 mur,
636 2736 691 2781 et
722 2736 901 2780 tamen
933 2726 1383 2798 gloriﬁcationem
1407 2767 1422 2789 ,
1453 2741 1573 2795 qua:
1621 2725 1670 2779 ei
1714 2726 2021 2782 testimonio

2137 2736 2362 2806 ςχύντως
2393 2737 2541 2807 ἡμᾶς
2589 2735 2687 2806 τὴν
2737 2735 2957 2803 ἄγνοιαν
3003 2733 3321 2803 ὁμολογεῖν;
3372 2730 3474 2801 τὴν
3518 2730 3701 2801 μέντοι

459 2819 658 2873 invicto
709 2817 986 2883 tribuitur,
1037 2818 1451 2886 persolvamus?
1504 2817 1712 2872 Etenim
1766 2812 1892 2887 (μιαί
1927 2834 2021 2887 per

2137 2828 2527 2900 ὶναντιρρήτως
2570 2826 2718 2896 αὐτῷ
2756 2824 3352 2897 προσμαρτυρουμένην
3389 2821 3701 2890 δοξολογίαν

461 2915 771 2986 Scripturas
849 2916 1159 2976 traduntur,
1224 2926 1289 2967 ea
1349 2912 1524 2980 ipsum
1592 2924 1755 2978 supra
1807 2918 2021 2964 creatu-

2137 2920 2464 2987 ὶποδιδόναι;
2504 2920 2623 2974 Ὅτι
2670 2919 2768 2991 μὲν
2816 2918 2925 2989 γὰρ
2968 2916 3110 2989 ὑπὲρ
3158 2916 3257 2987 τὴν
3298 2916 3479 2970 κτίσιν
3528 2915 3698 2975 ἐστὶν,

461 3022 576 3062 rant
606 3021 727 3062 esse
760 3007 895 3061 satis
943 3006 1096 3061 nobis
1137 3005 1548 3066 demonstrant,
1581 2992 2018 3071 quandoquidem

2137 3009 2322 3074 ,xavibg
2353 3013 2485 3082 ἡμῖν
2517 3010 2809 3082 παρίστησι
2843 3010 2913 3063 τὰ
2939 3009 3028 3062 διὰ
3058 3008 3166 3062 τῶν
3199 3007 3430 3080 Γραφῶν
3464 3006 3696 3079 παραδι-

464 3096 578 3152 ﬁeri
620 3111 726 3151 non
756 3104 951 3166 potest,
1004 3105 1062 3148 ut
1103 3094 1155 3148 id
1185 3097 1329 3163 quod
1358 3093 1685 3157 sanctiﬁcat,
1712 3101 1767 3145 et
1810 3106 1873 3146 ea
1904 3107 2023 3160 qua:

464 3190 892 3251 sanctiﬁcantur,
924 3188 972 3241 id
1005 3188 1148 3257 quod
1178 3188 1369 3249 docet,
1402 3195 1455 3240 et
1486 3201 1550 3240 ea
1588 3200 1709 3254 quae
1741 3186 2022 3252 docentur,

467 3284 520 3337 id
550 3280 690 3351 quod
737 3280 958 3343 revelat,
1004 3287 1058 3333 et
1086 3294 1149 3333 ea
1200 3294 1319 3347 qua:
1376 3276 1702 3332 revelationc
1761 3277 2021 3346 indigent,

465 3373 706 3442 ejusdem
756 3371 865 3426 sint
918 3383 1145 3425 naturae.
1210 3369 1378 3424 Nemo
1433 3377 1613 3423 autem
1665 3369 1744 3423 sic
1799 3383 2025 3440 prorsus

463 3467 687 3518 demens
735 3474 844 3529 est,
891 3473 951 3517 ut
992 3462 1156 3517 alium
1199 3472 1397 3531 praeter
1439 3462 1606 3515 Deum
1646 3463 2023 3516 universorum

462 3557 660 3610 audeat
715 3554 1010 3625 ingenitum
1066 3554 1373 3623 appellare,
1443 3563 1499 3606 at
1563 3567 1738 3622 neque
1792 3553 2023 3618 Filium,

463 3647 608 3716 quod
653 3662 790 3701 unus
832 3647 904 3700 sit
955 3644 1293 3715 Unigeuitus.
1350 3644 1631 3710 Quomodo
1678 3645 1842 3712 igitur
1900 3660 2021 3700 eum

462 3737 645 3792 vocari
693 3737 942 3809 oportet?
985 3736 1246 3806 Spiritum
1281 3747 1528 3791 sanctum
1557 3775 1573 3799 ,
1610 3735 1872 3805 Spiritum
1903 3735 2019 3800 Dei,

465 3827 730 3896 Spiritum
780 3828 1046 3891 veritatis,
1101 3828 1191 3896 qui
1234 3825 1470 3880 mittitur
1515 3841 1546 3878 a
1599 3824 1732 3893 Deo,
1769 3826 2024 3895 suppedi-

468 3926 608 3973 tatur
632 3933 729 3988 per
760 3918 956 3974 Filium
992 3935 1005 3971 :
1040 3932 1146 3972 non
1185 3931 1436 3982 servum,
1476 3916 1572 3971 sed
1610 3924 1856 3970 sanctum
1883 3959 1898 3981 ,
1928 3915 2024 3970 bo-

466 4024 615 4075 ttum,
646 4006 1022 4078 principalem,
1050 4005 1310 4077 Spiritum
1340 4005 1726 4072 viviﬁcantem,
1757 4005 2020 4075 Spiritum

465 4098 791 4167 adoptionis,
823 4100 1064 4153 omnium
1093 4112 1214 4168 qua:
1242 4098 1334 4151 Dei
1355 4106 1483 4151 sunt
1503 4112 1752 4166 gnarum.
1782 4097 1876 4153 Sic
1905 4111 2023 4166 pro-

466 4191 606 4246 fecto
636 4190 687 4243 in
723 4188 990 4245 Trinitate
1030 4188 1444 4244 conservabitur
1480 4187 1704 4242 unitatis
1743 4190 1883 4242 ratio
1907 4228 1923 4250 .
1973 4189 2018 4243 si

466 4295 629 4335 unum
659 4279 895 4345 Patrem,
934 4294 1099 4332 unum
1139 4277 1355 4342 Filium,
1386 4293 1552 4332 unttm
1583 4275 1843 4348 Spiritum
1888 4293 2016 4334 san-

465 4381 610 4427 ctum
637 4369 1012 4426 conﬁteamur.

536 4463 589 4516 7.
625 4459 878 4516 Jamvero
906 4457 1136 4514 aﬂ‘erunt
1160 4466 1481 4527 argumenta
1508 4497 1523 4524 ,
1554 4457 1754 4528 quibus
1794 4458 2022 4513 demon-

465 4564 643 4611 strent
674 4552 933 4622 Spiritum
960 4560 1205 4606 sanctum
1230 4551 1432 4606 dictum
1461 4550 1629 4605 fuisse
1663 4558 1971 4606 creaturam
2005 4568 2018 4604 :

467 4663 630 4702 unum
662 4646 878 4716 quidem
909 4660 972 4699 ex
1002 4645 1262 4715 propheta
1289 4645 1532 4699 dicente:
1556 4642 1659 4708 Qui
1681 4644 1857 4712 ﬁrmat
1888 4644 2024 4698 torti-

465 4750 657 4803 truum,
675 4748 721 4792 et
737 4751 872 4792 creat
885 4739 1127 4807 spiritum
1139 4736 1182 4767 ’⁸⁸
1199 4753 1215 4791 :
1230 4736 1454 4793 alterum
1466 4734 1631 4805 278
1643 4750 1843 4791 veroex
1858 4735 2027 4791 Evan-

536 4915 582 4947 "
620 4917 786 4970 Amos
816 4929 890 4980 tv,
922 4914 1010 4969 l5.

537 5101 648 5172 (19)
680 5100 854 5172 Editio
870 5098 1057 5172 Paris.
1081 5099 1390 5170 ἀγέννητον.
1428 5097 1563 5152 Ἀλλ’
1587 5098 1687 5172 ούκ
1707 5098 2023 5172 ἀγέννητος.

463 5168 560 5238 Εἷς
586 5168 716 5242 γάρ.
743 5169 1075 5242 l'lditioven.
1109 5181 1169 5242 et
1193 5168 1435 5242 quinque
1468 5170 1732 5242 tnssrita,
1760 5181 1821 5223 ut
1842 5168 2016 5242 edidi-

467 5237 610 5299 mus.
636 5237 832 5297 Totum
884 5241 1036 5306 illud,
1070 5238 1164 5294 ὲάν
1214 5237 1296 5310 μὴ
1346 5237 1565 5310 κτίσμα
1608 5239 1788 5292 ἐστίν·
1823 5237 2019 5291 οὐκοῦν

2126 3103 2323 3174 δόμενα
2371 3102 2505 3173 (9'5),
2541 3102 2726 3172 ἐπειδή
2778 3119 2842 3170 γε
2890 3101 3148 3155 ἀδύνατον
3193 3099 3295 3170 τῆς
3343 3098 3517 3169 αὐτῆς
3562 3093 3699 3151 εἶναι

2128 3194 2343 3264 φύσεως
2373 3194 2432 3247 τό
2465 3212 2524 3247 τε
2560 3193 2782 3262 ἁγιάζον
2825 3193 2920 3247 καὶ
2959 3192 3028 3246 τὰ
3058 3189 3416 3261 ἁγιαζόμενα,
3457 3189 3526 3241 τὸ
3557 3188 3701 3242 διδῶ

2129 3301 2256 3338 σκον
2294 3285 2388 3338 καὶ
2433 3283 2501 3337 τὰ
2547 3284 2930 3354 διδασκόμενα,
2972 3282 3035 3335 τὸ
3064 3280 3448 3335 ἀποκαλύπτον
3497 3279 3597 3333 καὶ
3633 3277 3702 3331 τὰ

2125 3373 2224 3444 τῆς
2248 3371 2645 3443 ἀποκαλύψεως
2670 3370 3057 3443 προσδεόμενα.
3100 3369 3417 3440 Ἀγέννητον
3442 3366 3506 3421 δὲ
3528 3366 3700 3429 οὐδεὶς

2125 3464 2295 3528 οὕτως
2322 3462 2425 3529 ἔξω
2457 3463 2734 3528 παντελῶς
2765 3466 2881 3516 ἐστι
2921 3461 3015 3515 τοῦ
3050 3463 3287 3532 φρονεῖν,
3319 3459 3462 3513 ὥστε
3493 3459 3699 3531 τολμῆ-

2127 3572 2215 3610 σαι
2244 3556 2430 3628 ἕτερον
2459 3556 2597 3626 πλὴν
2624 3554 2718 3609 τοῦ
2751 3554 2883 3608 Θεοῦ
2918 3554 3025 3607 τῶν
3054 3553 3190 3607 ὅλων
3226 3551 3703 3624 προσαγορεῦσαι,

2125 3646 2259 3701 ἀλλά
2290 3647 2397 3720 μὴν
2432 3647 2553 3701 οὐδὲ
2588 3646 2735 3710 Υἱὸν,
2766 3645 2843 3716 τῷ
2869 3645 2966 3699 ἕνα
2992 3640 3132 3698 εἶναι
3164 3643 3257 3697 τὸν
3296 3643 3612 3712 Μονογενῆ.
3639 3642 3699 3694 Τί

2123 3733 2215 3791 οὖν
2243 3737 2374 3792 αὐτὸ
2396 3737 2500 3808 χρὴ
2523 3735 2708 3790 καλεῖν
2734 3736 2844 3803 ι24)
2865 3752 2879 3800 ;
2901 3734 3126 3804 Πνεῦμα
3143 3736 3320 3803 ἀγιον,
3347 3734 3445 3787 καὶ
3472 3732 3701 3804 Πνεῦμα

2123 3826 2280 3891 Θεοῦ,
2325 3827 2420 3880 καὶ
2450 3826 2669 3896 Πνεῦμα
2720 3824 2998 3896 ἀληθείας,
3039 3823 3505 3894 ἀποστελλόμενον
3551 3820 3700 3892 παρὰ

2123 3917 2278 3983 Θεοῦ,
2302 3916 2391 3972 διὰ
2423 3915 2549 3970 Υίοῦ
2580 3914 3003 3988 χορηγούμενον,
3035 3915 3096 3967 οὐ
3139 3912 3344 3977 δοῦλον,
3372 3912 3492 3967 ἀλλ’
3524 3913 3699 3981 ἅγιον,

2122 4008 2343 4077 ἀγαθὸν,
2399 4007 2723 4079 ἡγεμονικόν
2747 4024 2762 4038 ·
2820 4004 3045 4076 Πνεῦμα
3099 4003 3419 4070 ζωοποιοῦν,
3471 4002 3698 4073 Πνεῦμα

2124 4098 2413 4162 υἱοθεσίας,
2445 4098 2805 4169 ἐπιστάμενον
2830 4097 3007 4151 πάντα
3038 4096 3108 4150 τὰ
3133 4094 3230 4149 τοῦ
3259 4095 3421 4150 Θεοῦ.
3445 4094 3612 4149 Οὕτω
3638 4094 3700 4163 δὴ

2122 4197 2215 4249 καὶ
2253 4196 2310 4249 ἐν
2354 4194 2464 4265 (25)
2495 4196 2561 4264 τῇ
2604 4191 2793 4263 Τριάδι
2833 4192 2863 4243 ὁ
2889 4190 2990 4260 τῆς
3035 4188 3259 4261 μονάδος
3297 4188 3699 4259 διασωθήσεται

2119 4286 2295 4355 λόγος,
2326 4285 2427 4338 ἕνα
2453 4284 2551 4355 μὲν
2585 4284 2805 4355 Πατέρα
2832 4281 3254 4354 ὁμολογούντων,
3287 4281 3383 4335 καὶ
3410 4281 3509 4334 ἕνα
3546 4280 3698 4345 Υἱδν,

2054 4361 2096 4416 Ῑ)
2126 4376 2219 4429 καὶ
2248 4374 2305 4428 ἓν
2336 4373 2558 4444 Πνεῦμα
2590 4373 2766 4441 ἆγιον.

2190 4468 2244 4521 7.
2283 4466 2580 4538 Κομίζουσι
2607 4465 2666 4519 δὲ
2689 4462 3014 4528 ἀποδείξεις,
3048 4460 3186 4533 πρὸς
3215 4460 3279 4514 τὸ
3310 4460 3520 4529 κτίσμα
3549 4457 3698 4531 εἰρῆ-

2130 4559 2252 4612 σθαι
2280 4559 2341 4612 τὸ
2368 4558 2591 4628 Πνεῦμα
2615 4556 2674 4610 τὸ
2700 4556 2874 4625 ἅγιον,
2902 4554 3030 4626 μίαν
3075 4553 3171 4624 μὲν
3203 4554 3268 4606 ὲκ
3292 4550 3387 4604 τοῦ
3415 4551 3696 4622 προφήτου

2127 4648 2397 4717 λέγοντος
2430 4647 2484 4700 '0
2510 4644 2769 4715 στερεῶν
2781 4644 3071 4713 βροντὴν,
3092 4641 3193 4696 καὶ
3212 4639 3418 4700 κτίζων
3440 4638 3695 4707 πνεῦμ’

2131 4738 2321 4810 ἑτέραν
2348 4737 2404 4791 δὲ
2431 4736 2531 4809 τὴν
2557 4739 2620 4789 ὲκ
2646 4734 2739 4789 τοῦ
2767 4732 3095 4802 Εὑαγγελίου
3129 4732 3233 4795 ὃτι,
3268 4728 3471 4783 Πάντα
3489 4726 3570 4780 δι’
3598 4727 3699 4779 αὺ-

2199 5095 2313 5176 (22)
2344 5094 2526 5149 Codex
2575 5092 2735 5176 βοειρἒ
2779 5093 2890 5176 Καὶ
2917 5091 2971 5145 τί
3004 5086 3307 5176 πολλὰ
3330 5083 3563 5176 pile—Isti;

2129 5152 2347 5232 quidam
2374 5179 2504 5218 mss.
2529 5162 2601 5215 τὰ
2649 5162 2806 5217 ἄλλα.
2839 5162 2978 5232 Mox
3003 5160 3133 5232 editi
3172 5152 3483 5232 θαυμαστὸν
3580 5157 3687 5232 καί.

2126 5226 2277 5291 Unus
2317 5249 2420 5290 ms.
2448 5232 2757 5304 θαυμαστὸν
2790 5233 2839 5284 εί
2888 5231 2999 5285 καί.
3035 5230 3138 5284 Alii
3198 5226 3329 5282 mss.
3380 5226 3693 5297 θαυμαστὸν

464 5313 733 5385 γέννημαὲ
758 5321 888 5385 etc.,
914 5303 1166 5385 usquead
1191 5303 1592 5385 verba_Basili_i,
1626 5324 1725 5385 nec
1748 5310 1800 5385 in
1830 5318 2018 5363 nostro
2122 5303 2237 5385 καίΣ

467 5378 652 5436 codice
690 5378 1023 5443 Colbertino,
1057 5395 1156 5434 nec
1184 5379 1320 5447 apud
1349 5378 1654 5433 Fabricium
1686 5379 1900 5445 legitur.

539 5450 647 5520 (20)
683 5453 756 5504 Ita
799 5466 930 5506 mss.
961 5450 1291 5520 antiquiores
1322 5458 1377 5504 et
1404 5449 1553 5520 e_d_iti.
1601 5449 1705 5520 Alii
1741 5460 1850 5520 tres
1883 5460 2014 5502 mss.

472 5514 744 5590 Regiii'r'hv
779 5521 1029 5589 ἄγνοιαν·
1094 5514 1279 5589 ἒπειδὴ
1310 5520 1367 5573 δὲ
1403 5514 1519 5571 οἶδα
1552 5517 1786 5590 μυρία...
1819 5518 2018 5571 ἀποκε-

467 5589 727 5660 κρύφθαι,
752 5601 805 5660 et
838 5592 908 5644 ita
937 5592 1142 5655 legerat
1162 5592 1449 5659 interpres.

537 5659 648 5728 (il)
677 5658 814 5714 Editi
844 5659 921 5713 ἔτι
950 5659 1032 5730 δή.
1061 5660 1129 5714 At
1153 5675 1278 5715 utss.
1304 5658 1533 5728 Quatuor
1564 5658 1645 5713 ἔτι
1675 5659 1754 5714 δέ.

2193 5372 2304 5448 (Si?)
2330 5372 2461 5448 li_eg.
2489 5380 2714 5448 quartus
2737 5370 2970 5448 ζραφῶν
2993 5366 3422 5448 παραδεδομένα.

2196 5435 2308 5513 (24)
2354 5435 2708 5507 Ρὶτεηιωῇοιο
2740 5435 3000 5495 librorum
3046 5435 3395 5506 antiquorum
3439 5439 3550 5507 χρὴ
3608 5435 3692 5488 λέ-

2121 5531 2259 5584 γειν.

2193 5582 2305 5665 (25)
2334 5579 2650 5665 Ειίίιίἐοῦτω
2675 5581 2720 5635 δ’
2749 5579 2815 5636 ἂν
2838 5579 2933 5633 καὶ
2963 5581 3040 5635 ὲν.
3070 5576 3204 5647 Reg.
3236 5575 3434 5631 tertius
3454 5583 3509 5631 et
3534 5572 3683 5630 Colb.

2124 5662 2183 5711 ut
2212 5661 2263 5709 ιιι
2286 5661 2566 5719 contextu.
