3956 6216
330 333 432 386 675

1417 334 1784 392 ADVERSUS
1824 334 2189 393 EUNOMIUM
2230 340 2359 398 LIB.
2403 341 2498 395 IV.

3468 346 3572 402 674

325 453 430 522 τὴρ
458 451 549 502 καὶ
583 452 609 502 6
652 450 795 513 Υἱὸς.
846 450 909 503 Ἡ
948 451 1084 521 αὐτὴ
1142 450 1247 522 ἄρα
1279 451 1453 519 οὐσία,
1503 455 1690 527 ὥσπερ
1720 460 1814 509 καὶ
1836 476 1878 509 τί

2008 459 2295 523 Praeterea,
2338 475 2458 530 quas
2493 473 2615 514 vere
2654 468 2777 514 sunt
2824 453 3065 530 nomina,
3102 462 3299 518 indicia
3332 473 3457 518 sunt
3485 480 3572 520 es-

327 542 465 595 αὐτά
493 542 747 611 ὀνόματα.
784 542 849 593 Εἰ
896 542 969 611 μὴ
1018 542 1130 612 (54)
1158 544 1465 613 γεννήσεως
1497 544 1557 598 τὸ
1592 547 1894 617 μονογενὲς,

324 632 460 685 ἀλλὰ
507 631 596 684 διὰ
635 631 695 684 τὸ
723 630 1073 701 ἀσύγκριτον,
1132 633 1424 703 μονογενὴς
1454 636 1549 688 καὶ
1596 638 1624 689 6
1674 638 1896 707 Πατήρ.

325 722 652 791 ἀσύγκριτος
710 720 838 790 γάρ.
894 720 1004 771 Καὶ
1056 721 1164 773 πᾶν
1217 720 1274 772 δὲ
1329 723 1535 792 κτίσμα
1601 723 1675 794 μὴ
1714 725 1897 794 ὅμοιον

324 813 467 883 ἄλλῳ
505 812 788 882 μονογενές
810 828 822 840 ·
852 811 1035 864 πολλοὶ
1074 811 1181 883 ἄρα
1214 818 1540 882 μονογενεῖς,
1577 818 1671 869 καὶ
1697 817 1793 887 οὐχ
1819 813 1899 880 εἷς

323 907 352 957 6
387 904 513 966 Υἱὸς
552 903 643 956 τοῦ
673 902 827 957 Θεοῦ.
858 904 923 957 Εἰ
954 903 1011 956 δὲ
1042 903 1152 973 (55)
1176 906 1204 957 6
1232 905 1357 967 Υἱὸς
1394 907 1490 974 οὐχ
1522 906 1706 969 ἁπλῶς
1745 924 1901 977 μονο-

323 996 503 1065 γενὴς,
544 995 676 1048 ἀλλὰ
710 994 835 1059 Υἱὸς
869 995 1159 1066 μονογενὴς
1184 1036 1198 1059 ,
1233 997 1326 1049 καὶ
1368 998 1518 1067 παρά
1562 998 1771 1070 Πατρὸς
1805 1018 1899 1069 μο-

323 1088 539 1156 νογενὴς
599 1086 731 1157 (56),
771 1089 800 1139 6
846 1086 972 1148 Υἱὸς
1012 1086 1105 1139 καὶ
1144 1090 1437 1159 μονογενής
1491 1090 1641 1153 ἐστι,
1694 1091 1787 1143 καὶ
1837 1090 1897 1143 οὐ

324 1181 528 1249 κτίσμα
557 1176 860 1248 μονογενές.
898 1180 959 1230 Εἰ
994 1179 1134 1230 κατὰ
1176 1179 1461 1249 μετάδοσιν
1484 1180 1575 1233 καὶ
1619 1181 1899 1253 συγχώρη-

325 1290 407 1325 σιν
439 1271 531 1324 τοῦ
584 1268 816 1342 Πατρὸς,
854 1273 947 1325 καὶ
1001 1272 1061 1324 οὐ
1098 1274 1237 1327 κατὰ
1286 1273 1445 1343 φύσιν
1492 1276 1819 1348 δημιουργὸς
1870 1281 1898 1332 6

324 1365 450 1426 Υἱὸς
470 1405 483 1428 ,
518 1364 666 1417 οὐδὲν
695 1363 759 1417 ἂν
791 1364 874 1435 εἴη
902 1364 1010 1419 τῶν
1058 1364 1148 1418 ὐπ’
1194 1367 1357 1420 αὐτοῦ
1392 1368 1896 1440 δημιουργηθέντων

323 1456 463 1509 κατά
495 1454 671 1523 φύσιν.
708 1451 807 1508 Ὧν
843 1455 949 1526 γάρ
994 1459 1022 1510 6
1065 1458 1392 1527 δημιουργὸς
1424 1462 1483 1513 οὐ
1530 1461 1673 1514 κατά
1713 1462 1893 1531 φύσιν,

321 1547 438 1611 πῶς
460 1548 526 1601 τὰ
559 1548 1026 1619 δημιουργηθέντα
1052 1549 1192 1603 κατὰ
1216 1551 1408 1619 φύσιν;
1437 1553 1498 1604 Εἰ
1530 1553 1741 1623 ἐνεργεῖ
1763 1554 1896 1617 Θεὸς

319 1638 393 1701 ὡς
417 1639 587 1701 οὐδεὶς
608 1639 813 1711 ἕτερος,
850 1640 944 1693 καὶ
980 1640 1185 1708 γεννῶν
1228 1641 1303 1704 ὡς
1340 1643 1438 1711 οὐχ
1472 1642 1656 1715 ἕτερος
1700 1646 1892 1715 γεννή-

2003 552 2192 604 sentiae
2229 568 2415 606 eorum
2466 567 2691 621 quorum
2742 562 2867 606 sunt
2914 556 3153 608 nomina.
3193 556 3448 612 Dominus
3474 573 3571 611 au-

2002 647 2107 692 tem
2138 649 2192 693 et
2221 640 2361 695 Deus
2386 654 2513 695 vere
2551 650 2660 694 tum
2697 639 2856 696 Pater
2885 650 2994 696 tum
3019 642 3209 699 Filius.
3249 645 3451 701 Eadem
3481 663 3571 702 ει·-

2000 744 2067 799 go
2100 740 2188 785 est
2218 732 2459 786 essentia
2488 732 2629 785 sicut
2657 740 2711 785 et
2739 732 2924 786 eadem
2949 736 3164 789 nomina
3192 746 3337 791 sunt.
3363 737 3420 793 Si
3451 741 3571 793 uni-

2001 821 2239 890 genitum
2273 822 2636 891 generationis
2668 839 2773 879 non
2826 834 2927 892 est,
2965 826 3059 881 sed
3101 836 3390 896 propterea
3421 832 3567 898 quod

2002 924 2086 969 est
2114 916 2560 984 incomparabile,
2610 917 2920 987 unigenittts
2949 920 3111 973 etiam
3154 930 3237 974 est
3264 919 3424 977 Pater
3450 941 3463 977 :
3493 925 3568 978 si-

2000 1007 2216 1076 quidem
2255 1017 2337 1061 est
2384 1007 2840 1076 incomparabilis.
2886 1009 2989 1063 Sed
3047 1018 3102 1066 et
3132 1012 3387 1080 quaelibet
3414 1030 3569 1069 crea-

2003 1108 2120 1151 tura
2157 1097 2312 1151 alteri
2366 1098 2503 1151 haud
2547 1099 2757 1162 similis,
2792 1099 3062 1168 unigenita
3099 1112 3180 1156 est
3212 1120 3224 1156 :
3260 1103 3410 1157 multi
3437 1120 3568 1175 ergo

2002 1188 2284 1257 unigeniti,
2308 1197 2363 1243 et
2387 1204 2491 1242 non
2529 1204 2664 1243 unus
2711 1189 2881 1245 Filius
2934 1189 3048 1245 Dei.
3098 1189 3249 1257 Quod
3297 1194 3342 1247 si
3396 1192 3567 1250 Filius

1998 1291 2106 1332 non
2140 1279 2457 1347 simpliciter
2504 1281 2833 1351 unigenitus,
2893 1283 2985 1335 sed
3020 1282 3189 1336 Filius
3236 1284 3562 1352 unigenitus.

1999 1376 2053 1419 et
2081 1380 2112 1419 a
2145 1366 2309 1422 Patre
2361 1368 2692 1438 unigenitus,
2748 1369 2914 1424 Filius
2958 1372 3262 1441 unigenitus
3294 1382 3396 1438 est,
3458 1390 3565 1430 non

2003 1457 2279 1526 unigenita
2315 1468 2581 1513 creatura.
2618 1458 2710 1512 Sin
2751 1461 3042 1514 secundum
3079 1460 3245 1532 280
3273 1465 3563 1534 participa-

2001 1548 2199 1602 tionem
2245 1562 2308 1600 ac
2344 1549 2749 1602 concessionem
2791 1547 2970 1604 Patris
3013 1559 3228 1605 creator
3258 1562 3339 1606 est
3370 1552 3560 1619 Filius,

1995 1654 2101 1691 non
2137 1646 2326 1691 natura
2356 1655 2370 1692 :
2408 1639 2539 1691 nihil
2581 1653 2765 1693 eorum
2808 1655 2927 1709 quae
2959 1641 3025 1696 ab
3064 1643 3176 1711 ipso
3205 1654 3384 1698 creata
3416 1658 3561 1712 sunt,

322 1746 404 1781 σει
424 1746 437 1760 ·
469 1729 799 1801 ἀσύγκριτος
829 1730 937 1801 γὰρ
970 1730 1106 1801 πρὸς
1142 1731 1314 1784 πάντα
1349 1733 1489 1785 κατά
1515 1734 1690 1787 πάντα
1725 1734 1833 1805 (57)
1864 1737 1878 1787 ἑ

1994 1730 2289 1785 secundum
2333 1739 2583 1785 naturam
2612 1740 2714 1786 est.
2739 1733 2975 1798 Quorum
3007 1736 3150 1788 enim
3180 1737 3427 1811 conditor
3456 1753 3561 1792 non

319 1822 471 1885 Θεός.
497 1822 567 1874 Τὸ
602 1821 922 1893 ποιούμενον
952 1824 1053 1875 οὐκ
1101 1825 1164 1876 ἐκ
1194 1823 1293 1892 τῆς
1323 1824 1509 1886 οὐσίας
1547 1825 1639 1878 τοῦ
1679 1827 1878 1880 ποιοῦνε

1992 1821 2287 1875 secundum
2340 1829 2592 1876 naturam
2651 1830 2753 1887 est,
2800 1822 2914 1878 haec
2964 1809 3228 1893 quomodo
3270 1828 3560 1881 secundum

319 1928 427 1974 τος,
462 1912 521 1963 τὸ
555 1910 609 1963 δὲ
641 1910 973 1981 γεννώμενον
1007 1913 1071 1964 ἐκ
1099 1911 1198 1982 τῆς
1219 1911 1391 1982 αὐτῆς
1430 1914 1615 1977 οὐσίας
1645 1914 1738 1966 τοῦ
1766 1931 1891 1981 γεν-

317 2002 518 2064 νῶντος
538 2018 552 2032 ·
587 2002 647 2053 οὐ
679 2000 875 2054 ταύτὸν
912 2001 1019 2072 ἄρα
1067 2001 1127 2055 τὸ
1154 2005 1328 2054 ποιεῖν
1372 2004 1462 2055 καὶ
1496 2003 1555 2056 τὸ
1587 2007 1799 2075 γεννᾷν.
1828 2008 1892 2058 Εἰ

319 2095 383 2145 ἐκ
413 2092 507 2144 τοῦ
539 2090 673 2143 Θεοῦ
705 2095 733 2144 6
761 2092 907 2157 Υἱὸς,
942 2094 1039 2161 οὐχ
1093 2091 1169 2156 ὡς
1202 2095 1266 2145 ὲκ
1303 2095 1515 2164 Πατρὸς
1546 2096 1620 2157 δὲ,
1655 2096 1767 2149 ἀλλ’
1818 2098 1892 2161 ὡς

318 2182 376 2245 ἐξ
401 2182 608 2253 ἑτέρου,
637 2182 805 2244 αἴτιος
833 2182 890 2234 δὲ
910 2181 1003 2234 τοῦ
1045 2177 1183 2235 εἶναι
1218 2185 1311 2237 καὶ
1363 2186 1496 2254 ἡμῖν
1527 2188 1554 2237 6
1583 2185 1714 2249 Θεός
1742 2187 1853 2256 (58)
1874 2202 1889 2219 ·

319 2274 375 2339 ἐξ
407 2272 571 2326 αὐτοῦ
614 2272 719 2344 γάρ
748 2272 818 2325 τὰ
850 2274 1060 2326 πάντα·
1107 2275 1205 2344 οὐχ
1240 2274 1438 2345 ἑτέρως
1483 2276 1590 2346 ἄρα
1636 2276 1728 2329 τοῦ
1760 2278 1889 2330 Υἱοῦ

319 2365 527 2435 Πατὴρ,
557 2364 758 2434 ἑτέρως
789 2364 847 2417 δὲ
886 2365 1064 2435 ἡμῶν,
1091 2364 1206 2417 ἀλλ’
1248 2366 1469 2436 ὁμοίως.
1506 2368 1615 2420 Καὶ
1649 2368 1762 2431 πῶς
1792 2369 1891 2422 οὐκ

315 2458 548 2521 tit-conm;
584 2458 647 2510 El
700 2457 866 2527 μηδὲν
917 2458 1100 2525 ὅμοιον
1147 2457 1241 2510 καὶ
1296 2458 1410 2510 ἴσον
1452 2458 1568 2527 Θεῷ
1612 2460 1723 2529 (59)
1753 2460 1891 2531 πλὴν

317 2548 467 2609 Υἰοῦ,
501 2548 651 2600 οὐδὲν
693 2546 1127 2616 ἀπαραλλάκτως
1160 2547 1265 2601 τῶν
1300 2547 1713 2618 ῦποδειγματων
1745 2552 1893 2623 εἰρή-

318 2656 501 2691 σεται·
546 2639 682 2709 ὑπὲρ
735 2639 841 2691 πᾶν
868 2636 977 2708 γὰρ
1011 2640 1039 2690 6
1064 2638 1213 2701 Θεὸς.
1253 2639 1325 2691 Τὸ
1350 2641 1407 2691 ὲν
1450 2646 1628 2712 μορφῇ
1671 2642 1804 2695 Θεοῦ
1834 2646 1890 2696 ἐν

313 2731 472 2802 οὐσίᾳ
510 2732 624 2783 ἐστὶ
672 2728 827 2782 Θεοῦ.
862 2730 934 2781 Οὐ
980 2729 1085 2800 γὰρ
1118 2729 1243 2784 ἄλλο
1278 2731 1494 2803 μορφὴ,
1529 2735 1623 2785 καὶ
1650 2734 1777 2787 ἄλλο
1801 2736 1890 2787 οὐ-

316 2822 406 2875 σία
449 2822 617 2887 Θεοῦ,
656 2822 743 2875 ἵνα
792 2821 867 2892 μὴ
916 2820 1185 2885 σύνθετος.
1252 2824 1309 2875 ’0
1349 2824 1488 2877 κατὰ
1542 2826 1749 2897 μορφὴν
1797 2823 1889 2881 οῦν

317 2915 449 2979 ἴσος,
481 2914 576 2968 καὶ
597 2914 715 2967 κατ’
756 2912 941 2966 οὐσίαν
974 2916 1121 2967 ἐστὶν
1149 2914 1279 2977 ἴσος.
1306 2915 1368 2967 Εἰ
1398 2919 1425 2968 6
1445 2916 1721 2987 γεννηθεὶς
1745 2919 1891 2972 ἐλάτ-

312 3024 421 3060 των
460 3006 553 3059 τοῦ
577 3007 955 3076 γεννήσαντος,
986 3007 1084 3059 οὐκ
1112 3006 1361 3079 ἔγκλημα
1389 3008 1545 3061 τοῦτο
1575 3008 1669 3060 τοῦ
1698 3028 1888 3082 γεννη-

315 3099 519 3163 θέντος,
576 3098 827 3153 ἀσθένεια
853 3098 909 3151 δὲ
942 3098 1036 3150 τοῦ
1086 3100 1443 3169 γεννήσαντος
1496 3100 1625 3171 (40).
1670 3103 1739 3155 Ἦ
1779 3103 1887 3174 γὰρ

313 3192 585 3263 φθονήσας
606 3193 705 3246 οὐκ
733 3193 986 3263 ἐποίησεν
1021 3192 1155 3254 ἴσον,
1186 3192 1217 3262 ἢ
1250 3192 1322 3263 μὴ
1344 3192 1590 3263 δυνηθεὶς
1615 3195 1712 3248 οὐκ
1740 3194 1883 3265 ἐγέν-

311 3302 472 3356 νησεν
520 3286 720 3354 ὅμοιον.
752 3286 814 3337 El
844 3285 872 3335 6
904 3285 1090 3356 Πατὴρ
1123 3285 1229 3355 πρὸ
1266 3286 1358 3338 τοῦ
1393 3287 1520 3339 Υἱοῦ
1570 3284 1657 3359 ἦν,
1693 3289 1878 3360 ἐτέρου

310 3376 454 3438 τινὸς
500 3376 715 3439 πάντως
746 3376 927 3448 πατὴρ
948 3372 1013 3449 ἦν
1035 3393 1048 3406 ·
1088 3376 1253 3447 χωρὶς
1294 3375 1402 3447 γὰρ
1432 3378 1549 3430 υἱοῦ
1577 3379 1755 3450 πατὴρ
1780 3381 1879 3433 οὐκ

311 3465 378 3520 ἂν
399 3467 635 3537 λεχθείη.
669 3468 730 3519 Ei
763 3470 790 3520 6
810 3469 899 3520 τὸν
925 3468 1050 3521 Υἱδν
1069 3468 1229 3535 γνοὺς
1259 3468 1380 3519 κατ’
1409 3468 1595 3521 οὐσίαν
1620 3468 1759 3537 ἔγνω
1786 3471 1879 3523 καὶ

309 3557 401 3609 τὸν
428 3557 647 3627 Πατέρα
671 3556 763 3627 (El
786 3556 895 3625 γὰρ
924 3555 1027 3625 ἐμὲ
1060 3554 1272 3624 ᾔδειτε,
1307 3555 1469 3626 φησὶ,
1498 3555 1595 3609 καὶ
1624 3555 1729 3609 τὸν
1759 3560 1876 3609 [Ια-

309 3648 447 3716 τέρα
457 3666 575 3717 μου
598 3648 789 3717 ᾔδειτε
813 3647 911 3715 ἄν)
936 3660 951 3676 ⁶
988 3648 1274 3717 ὀμοούσιος
1302 3648 1408 3717 ἄρα
1432 3645 1558 3710 Υἱὸς
1584 3646 1660 3717 τῷ
1679 3648 1873 3718 Πατρί.

309 3742 470 3794 Οὐδὲν
501 3741 609 3811 γὰρ
636 3739 922 3809 ἀσώματον
954 3737 1012 3802 ἐξ
1037 3738 1284 3809 ἀνομοίου
1307 3740 1493 3801 οὐσίας
1516 3736 1877 3809 γνωρίζεσθαι

307 3831 545 3884 δύναται.
572 3832 634 3883 Εἰ
660 3826 720 3883 τὸ
744 3829 1014 3882 πιστεύειν
1046 3820 1135 3880 τὸν
1159 3828 1389 3900 Χριστὸν
1417 3826 1545 3881 Υἱδν
1575 3825 1712 3881 εἶναι
1740 3828 1874 3881 Θεοῦ

306 4106 423 4160 quae
437 4094 664 4145 variatto
692 4090 890 4160 duplici
916 4089 1348 4160 interpretationi
1377 4089 1549 4143 locum
1580 4088 1691 4142 dat.
1718 4088 1868 4142 Licet

306 4158 449 4217 enim
480 4162 551 4214 ita
592 4158 958 4229 interpretari,
988 4158 1119 4213 Filii
1158 4158 1256 4212 Dei
1287 4175 1469 4212 sumus
1507 4173 1599 4226 per
1618 4160 1868 4229 adaptio-

308 4246 457 4292 nem;
484 4241 573 4283 aut
602 4232 701 4284 hoc
724 4227 902 4290 modo,
938 4229 1066 4282 Filii
1100 4246 1279 4282 sumus
1308 4230 1584 4295 adoptione
1609 4227 1723 4281 Dei.
1758 4228 1871 4282 Hoc

306 4304 423 4368 ipso
448 4302 498 4352 in
529 4300 644 4353 loco
668 4302 796 4353 editi
823 4300 1036 4370 ἀνάγκη
1064 4299 1154 4351 τὸν
1187 4298 1343 4367 φύσει
1377 4298 1766 4370 προϋπάρχειν.
1788 4297 1868 4370 Τά

306 4316 423 4368 Ipso
449 4317 498 4379 t_n
532 4316 644 4353 loco
668 4316 796 4353 eum
823 4316 1045 4420 avo.qu
1064 4316 1154 4351 τον
1187 4316 1343 4367 φυσει
1377 4316 1766 4370 προυπαρχειν.
1790 4316 1868 4351 ια

305 4370 583 4440 ἀληθως...
618 4370 969 4440 γνωρίσματά
1051 4387 1156 4421 στι.
1200 4372 1334 4439 Heg.
1389 4372 1656 4423 secundus
1705 4369 1755 4420 εί
1798 4368 1868 4421 τὰ

305 4439 519 4511 ἀληθῶς
544 4439 798 4509 ὀνόματα.
830 4442 967 4511 lleg.
995 4449 1221 4511 quartus
1249 4442 1342 4511 ita,
1370 4448 1428 4492 ut
1465 4440 1731 4511 edendum
1775 4453 1868 4511 cu-

308 4501 566 4562 ravimus.
593 4501 713 4563 Μ’οχ
734 4511 861 4564 editi
887 4501 982 4562 κάὶ
1008 4501 1216 4579 Πατήρ.
1251 4501 1484 4563 Αιίιιεε.
1528 4501 1733 4578 aliquot
1774 4509 1867 4561 καὶ

304 4582 334 4633 6
358 4580 570 4633 Πατήρ.

374 4597 670 4720 (ἕῦηῇἱυᾶ,
696 4650 759 4700 El
791 4650 887 4718 μή,
916 4659 1045 4713 etc.,
1076 4650 1155 4702 sic
1188 4647 1251 4701 ad
1274 4649 1497 4702 verbum
1540 4646 1863 4720 interpreta-

306 4716 449 4785 mur,
478 4722 521 4772 si
546 4716 869 4787 unigenitum
902 4736 1013 4772 non
1039 4720 1386 4789 generationis
1412 4726 1512 4789 est.
1542 4716 1655 4771 Hoc
1674 4730 1785 4789 est,
1816 4720 1862 4772 si

302 4790 641 4857 unigenitum
671 4804 699 4841 a
738 4787 1086 4857 generatione
1110 4805 1218 4843 non
1247 4787 1630 4857 proﬁciscitur,
1669 4788 1778 4840 imo
1815 4789 1861 4842 si

305 4859 505 4912 idcirco
554 4859 625 4911 ita
682 4858 900 4923 dicitur,
927 4860 1069 4926 quod
1122 4858 1427 4928 comparari
1492 4872 1600 4910 non
1661 4866 1861 4926 potest,

300 4929 465 4981 Pater
495 4943 708 4996 quoque
736 4930 841 4981 erit
869 4929 1196 4997 unigenitus.

371 4999 485 5069 (55)
518 4995 711 5052 Addita
734 5009 817 5052 est
846 4995 1032 5052 vocula
1061 4997 1118 5049 δέ
1151 5013 1216 5052 ex
1242 4995 1450 5053 duobus
1476 4995 1629 5051 libris
1656 4997 1859 5050 veteri-

294 5069 417 5124 bus.

366 5137 476 5211 (56)
512 5136 666 5211 *ΕΣᾷῇιὶ
718 5135 1007 5211 μονογενὴς
1051 5137 1142 5191 καὶ
1190 5135 1336 5211 Υἱὸς,
1385 5135 1480 5187 καὶ
1541 5136 1855 5211 μονογενής.

294 5204 473 5264 Colles
500 5207 650 5261 Colb.
684 5204 739 5261 et
787 5204 920 5276 Reg.
959 5204 1183 5276 quartus
1207 5216 1263 5258 ιιι
1310 5208 1360 5259 in
1399 5204 1674 5260 contextu.
1717 5204 1856 5274 Reg.

295 5280 485 5333 tertius
514 5277 738 5349 Harp6;
779 5275 1075 5348 μονογενὴς
1134 5280 1162 5330 6
1221 5276 1374 5349 Υἱὸς,
1397 5275 1491 5328 καὶ
1538 5276 1852 5349 μονογενής,

295 5344 661 5416 interpunctio
693 5344 820 5400 alia.
876 5344 1166 5414 Aliquanto
1198 5357 1317 5413 post
1344 5344 1485 5416 Reg.
1517 5356 1743 5416 quartus
1766 5346 1857 5397 οὐ-

293 5414 473 5488 sese»
506 5417 591 5488 εἴη
622 5417 712 5470 ὑπ’
747 5417 919 5488 αὐτοῦ
940 5416 1337 5488 δημιουργηθὲν
1364 5414 1503 5467 κατά
1530 5414 1714 5488 φύσιν.

362 5486 474 5557 (57)
502 5484 639 5541 Editi
665 5489 758 5541 καὶ
789 5487 949 5541 κατά.
988 5484 1188 5541 Vocula
1212 5484 1349 5539 itala
1380 5487 1728 5557 n_t_s_s._abest._
1750 5484 1859 5557 Nec

293 5553 380 5608 ita
410 5553 578 5612 multo
607 5569 727 5626 post
756 5560 889 5613 editi
913 5558 1192 5619 ποιοῦντός
1224 5558 1362 5609 ἐστι.
1406 5554 1561 5619 illud,
1612 5554 1753 5620 ἐστί,
1802 5556 1855 5610 in

291 5639 563 5696 ms_s.iuon
603 5628 818 5696 legitur.
1426 5694 1435 5696 _
1526 5694 1536 5696 _
1800 5694 1807 5696 ς
1846 5660 1850 5663 Α

358 5693 471 5765 (58)
502 5698 569 5749 El
599 5693 680 5749 ἐνί
696 5697 800 5751 τοῦ
836 5698 982 5753 Θεοῦ
1010 5702 1042 5751 ό
1083 5696 1235 5761 Υἱὸς,
1262 5697 1373 5764 οὐχ
1406 5694 1486 5758 ὡς
1513 5694 1581 5747 ἐκ
1622 5694 1854 5763 Πατρός

286 5764 380 5823 δὲ
405 5765 539 5822 ἀλλ’
588 5767 665 5831 ὡς
708 5766 778 5830 ἐξ
810 5769 1037 5836 ἐτέρου,
1084 5768 1274 5830 αἴτιος
1311 5766 1379 5819 δὲ
1410 5764 1517 5820 τοῦ
1554 5765 1707 5820 εἶναι
1754 5768 1853 5822 καὶ

600 5862 870 5925 ΡΑτιιοι..
902 5864 1017 5926 Gn.-
1043 5860 1284 5926 XXIX.

1995 1918 2248 1963 naturam
2299 1911 2495 1965 erunt?
2527 1911 2581 1967 Si
2628 1911 2772 1968 Deus
2799 1923 3055 1983 operatur
3081 1923 3139 1968 ut
3166 1913 3342 1968 nullus
3391 1916 3560 1980 alius,

1991 1997 2158 2052 etiam
2190 2015 2311 2053 cum
2344 2011 2584 2068 generat,
2622 2004 2902 2071 generabit
2926 2013 2982 2056 ιιι
3005 2018 3107 2057 non
3133 2004 3271 2060 alius
3306 2022 3322 2061 :
3356 2007 3553 2075 quippe

1990 2102 2113 2143 cum
2159 2090 2298 2143 nulla
2348 2107 2406 2145 re
2445 2093 2496 2145 in
2538 2093 2682 2147 nulla
2724 2109 2781 2148 re
2832 2094 2976 2147 Deus
3022 2104 3197 2163 potest
3232 2098 3559 2167 comparari.

1990 2180 2142 2247 Quod
2199 2182 2277 2246 iit,
2321 2198 2426 2235 non
2473 2199 2537 2237 ex
2584 2184 2886 2238 substantia
2945 2185 3194 2241 facientis
3246 2196 3330 2241 est
3365 2201 3380 2239 :
3411 2189 3553 2256 quod
3644 2234 3647 2237 .

1988 2288 2117 2329 vero
2148 2286 2462 2343 generatur,
2502 2292 2572 2332 ex
2617 2278 2728 2347 ipsa
2771 2281 3069 2333 substantia
3102 2284 3408 2349 generanlis
3434 2293 3557 2339 est:

1990 2379 2096 2418 non
2128 2381 2256 2435 ergo
2288 2367 2430 2420 Idem
2460 2375 2540 2422 est
2560 2366 2744 2422 facere
2766 2377 2819 2422 et
2848 2383 3125 2436 generare.
3162 2371 3216 2424 Si
3241 2387 3306 2425 ex
3335 2372 3444 2427 Deo
3476 2383 3562 2428 est

1992 2452 2184 2521 Filius,
2219 2473 2323 2510 non
2352 2459 2487 2511 sicut
2519 2474 2584 2513 ex
2616 2458 2798 2525 Patre,
2822 2460 2913 2515 sed
2943 2461 3084 2515 velut
3114 2476 3177 2515 ex
3203 2463 3308 2516 alio
3344 2487 3356 2519 ;
3392 2480 3557 2520 causa
3658 2477 3663 2486 '

2000 2561 2127 2602 vero
2158 2558 2213 2602 ut
2249 2548 2415 2603 simus
2452 2550 2602 2603 nobis
2627 2550 2787 2604 etiam
2839 2552 2978 2605 Deus
3009 2563 3091 2607 est
3120 2571 3131 2605 :
3157 2569 3219 2607 ex
3259 2555 3376 2622 ipso
3413 2557 3557 2610 enim

1991 2640 2209 2705 omnia;
2264 2657 2370 2694 non
2424 2641 2580 2695 aliter
2615 2656 2743 2711 ergo
2786 2642 2906 2696 Filii
2961 2642 3122 2698 Pater
3154 2657 3255 2709 est,
3280 2648 3434 2701 aliter
3464 2665 3559 2702 no-

1990 2738 2125 2794 ster,
2151 2731 2246 2784 sed
2267 2732 2536 2786 similiter.
2568 2732 2631 2785 Et
2660 2735 2750 2802 qtti
2779 2734 2932 2788 ﬁeret
2958 2745 3014 2787 ut
3044 2736 3095 2789 id
3127 2736 3421 2792 absurdum
3451 2754 3557 2793 non

1993 2823 2172 2883 esset?
2206 2822 2261 2876 Si
2291 2822 2423 2877 nihil
2455 2823 2631 2877 simile
2668 2834 2721 2877 et
2763 2825 2967 2891 aequale
3015 2826 3120 2880 Deo
3146 2836 3227 2880 est
3249 2838 3440 2897 praeter
3469 2828 3558 2884 Fid

1990 2910 2140 2977 lium,
2168 2912 2533 2980 exemplorum
2557 2913 2761 2967 nullum
2785 2915 3031 2968 similiter
3057 2917 3275 2969 omnino
3303 2919 3512 2973 dicetur
3538 2934 3553 2974 :

1989 3002 2251 3070 siquidem
2287 3018 2448 3072 super
2468 3005 2649 3057 omnia
2678 3005 2837 3058 Deus.
2869 3004 3018 3070 Quod
3047 3006 3096 3059 in
3131 3004 3302 3062 forma
3336 3008 3427 3064 Dei
3450 3022 3553 3079 est,

1989 3095 2041 3148 in
2072 3096 2375 3149 substantia
2403 3095 2494 3151 Dei
2527 3105 2630 3151 est.
2665 3096 2779 3150 Non
2812 3098 2956 3151 enim
3001 3096 3146 3151 aliud
3182 3099 3373 3166 forma,
3410 3103 3556 3157 aliud

1988 3188 2285 3241 substantia
2323 3188 2436 3247 Dei,
2484 3197 2542 3242 ut
2587 3204 2654 3243 ne
2696 3191 3032 3258 compositus
3074 3191 3164 3245 sit.
3197 3190 3427 3248 Proinde
3462 3197 3555 3266 qui

1986 3277 2208 3346 aequalis
2252 3284 2335 3331 est
2378 3277 2673 3331 secundum
2731 3279 2996 3344 formam,
3038 3283 3202 3335 etiam
3264 3287 3554 3342 secuntfltm

1984 3370 2337 3423 substantiam
2380 3369 2602 3438 aqualis
2645 3380 2748 3425 est.
2792 3370 2851 3425 Si
2904 3373 3115 3440 genitus
3150 3375 3327 3429 minor
3367 3389 3451 3432 est
3487 3393 3553 3433 eo

1982 3462 2072 3531 qui
2104 3461 2309 3531 genuit,
2342 3477 2449 3515 non
2488 3462 2643 3529 culpa
2668 3470 2751 3516 est
2773 3463 2959 3531 geniti,
2986 3465 3081 3518 sed
3113 3465 3367 3532 genitoris
3402 3467 3555 3522 inﬁr-

1984 3556 2161 3606 mitas.
2191 3556 2294 3607 Aut
2329 3554 2472 3608 enim
2523 3569 2633 3621 prae
2676 3555 2875 3607 invidia
2908 3570 3015 3607 non
3064 3554 3188 3608 fecit
3245 3559 3550 3626 aequalem:

1983 3655 2075 3697 aut
2100 3660 2209 3713 prae
2244 3644 2556 3713 impotentia
2583 3660 2687 3698 non
2726 3645 2911 3715 genuit
2950 3645 3202 3701 similem.
3231 3645 3391 3701 Pater
3428 3659 3552 3705 ante

1984 3734 2178 3789 Filium
2219 3734 2263 3788 si
2296 3745 2433 3800 erat,
2465 3735 2682 3790 alterius
2726 3735 3023 3804 cujuspiam
3069 3739 3373 3792 necessario
3399 3751 3551 3809 pater

1985 3838 2102 3884 erat
2129 3847 2141 3882 :
2168 3844 2291 3883 nam
2337 3831 2539 3900 absque
2598 3829 2709 3885 (ilio
2749 3838 2903 3901 pater
2953 3832 3060 3886 dici
3113 3848 3217 3887 non
3258 3840 3453 3903 potest.
3489 3837 3548 3894 Si

1973 4088 2172 4164 ᾐμῖνό
2201 4095 2365 4159 Θεός,
2394 4102 2502 4149 etc.
2537 4091 2595 4147 Si
2628 4110 2692 4148 ea:
2725 4093 2829 4149 Deo
2881 4108 2957 4150 est
2998 4095 3194 4164 Filius,
3230 4108 3333 4152 non
3378 4109 3433 4151 ut
3481 4110 3545 4152 ea:

1978 4162 2159 4226 Patre,
2188 4166 2276 4217 sed
2314 4164 2451 4216 velut
2481 4180 2545 4217 ea:
2584 4165 2728 4230 alio;
2755 4182 2916 4218 causa
2943 4177 3117 4219 autem
3150 4162 3204 4220 ut
3249 4170 3415 4222 simus
3450 4186 3545 4221 no-

1978 4232 2055 4305 lris
2084 4235 2240 4305 etiam
2285 4232 2420 4305 Deus
2448 4246 2544 4305 est,
2573 4246 2679 4288 etc.
2730 4234 3038 4305 Legendnm
3068 4240 3281 4291 videtur
3312 4238 3427 4291 ἀλλ’
3467 4239 3543 4301 ὡς

1976 4300 2033 4368 ἐξ
2070 4304 2267 4375 αἰτίου,
2293 4304 2383 4355 sed
2420 4303 2555 4356 velut
2593 4319 2657 4356 ea:
2692 4300 2873 4375 causa.
2896 4306 3222 4375 iDitliciliora
3260 4318 3388 4361 sunt
3422 4300 3542 4375 qua:

1975 4373 2134 4448 paulo
2163 4382 2283 4440 post
2315 4384 2614 4448 sequuntur
2640 4389 2671 4448 :_
2685 4374 2945 4448 Καιπῷς
2979 4376 3077 4448 οὐκ
3102 4376 3317 4448 ἄτοπον,
3345 4378 3392 4429 εί
3433 4373 3540 4448 μηδ

1974 4441 2061 4516 δέν
2084 4444 2268 4516 ὅμοιον
2294 4444 2387 4516 καὶ
2419 4442 2530 4516 ἴσον
2563 4442 2701 4516 Θεῷ,
2733 4443 2870 4514 πλὴν
2898 4444 3048 4507 Υἱοῦ,
3096 4446 3245 4516 οὐδὲν
3291 4441 3543 4516 ἀπαραλ-

1971 4512 2182 4576 λάκτως
2201 4512 2755 4585 τῶνλὺποδειγμάτων
2776 4512 3050 4585 εἰρήσεται
3077 4532 3090 4580 ;
3130 4515 3226 4568 Vix
3254 4516 3357 4570 ulla
3394 4512 3541 4570 vide-

1973 4594 2058 4635 tur
2078 4583 2358 4653 sententia
2386 4597 2451 4653 ex
2481 4584 2565 4653 his
2589 4584 2766 4637 verbis
2791 4583 2903 4637 erui
2942 4601 3121 4653 posse,
3154 4587 3258 4640 nisi
3296 4586 3539 4653 legamus

1970 4652 2099 4723 περὶ
2127 4650 2255 4704 Υἰοῦ
2289 4662 2353 4724 ει
2381 4652 2532 4724 τῷνῂ
2549 4650 2980 4708 ὐποδεεστάτων.
3021 4654 3086 4707 Et
3136 4650 3395 4724 qUOlllOd—O
3433 4668 3539 4707 non

1972 4720 2217 4782 absurde,
2253 4722 2295 4773 si
2338 4722 2469 4775 nihil
2495 4720 2603 4775 Deo
2634 4724 2805 4775 simile
2832 4732 2880 4776 et
2906 4720 3232 4787 tequale,'de
3275 4722 3418 4777 Filio
3459 4726 3539 4777 ni-

1969 4791 2045 4843 hil
2065 4793 2204 4861 quod
2225 4792 2439 4858 differat
2467 4792 2531 4844 ab
2563 4791 2757 4859 inﬁmis
2789 4794 2940 4847 rebus
2973 4794 3219 4847 dicetur?
3261 4791 3537 4847 Probatur

1971 4862 2072 4915 hac
2099 4862 2217 4915 loco
2248 4861 2411 4913 Deum
2446 4875 2554 4914 non
2602 4862 2758 4914 aliter
2782 4861 2904 4916 Filii
2958 4863 3167 4917 Patrem
3202 4876 3340 4927 esse,
3372 4878 3535 4930 quam

1968 4931 2267 4996 hominum,
2299 4930 2343 4984 si
2396 4930 2563 4985 Filius
2616 4946 2683 4985 ex
2714 4930 2825 4984 Deo
2874 4941 2979 4997 est,
3010 4948 3118 4985 non
3150 4941 3208 4985 ut
3249 4947 3315 4985 ex
3350 4931 3533 4997 Patre,

1968 5001 2062 5054 sed
2099 5010 2156 5054 ut
2180 5014 2247 5054 ex
2279 5014 2463 5054 causa.
2495 5000 2672 5067 Quare
2714 5014 2818 5053 non
2852 5002 3123 5056 immerito
3148 5001 3452 5055 ostenditur
3481 5002 3535 5057 id

1966 5086 2035 5122 ex
2105 5070 2474 5140 haereticorum
2535 5072 2801 5126 sententia
2858 5072 3137 5140 consequi,
3183 5071 3534 5140 ntiquamvis

1968 5140 2107 5193 Deus
2143 5142 2213 5193 sit
2267 5139 2455 5210 Filius,
2491 5155 2593 5194 nec
2630 5141 2737 5193 Deo
2783 5139 3077 5210 quidquam
3123 5139 3305 5194 simile
3361 5139 3434 5193 sit
3478 5146 3535 5193 et

1967 5210 2197 5279 aequale,
2224 5210 2292 5264 de
2329 5209 2465 5262 Filio
2494 5220 2672 5279 tamen
2690 5210 2834 5279 nihil
2869 5209 3213 5279 praestantius
3250 5223 3412 5277 quam
3465 5211 3534 5265 de

1966 5278 2166 5331 inlimis
2197 5282 2358 5333 rebus
2394 5279 2625 5332 dicatur.
2656 5277 2869 5333 Manu.

2036 5348 2147 5419 (59)
2174 5349 2313 5420 Editi
2342 5348 2452 5420 ἴσον
2484 5347 2640 5403 Θεοῦ.
2667 5348 2818 5404 Libri
2839 5358 3050 5405 veteres
3081 5348 3220 5419 Θεῷ.
3252 5346 3375 5402 Mox
3396 5349 3530 5420 Reg.

1963 5429 2190 5489 quartus
2216 5418 2356 5489 ὑπὲρ
2382 5418 2579 5471 πάντα.

1950 5522 1958 5549 ν
2035 5487 2146 5561 (Δςθ)
2185 5486 2335 5543 Editi
2358 5489 2749 5561 γεννήσαντος.
2783 5490 2847 5542 Εἰ
2875 5489 2903 5542 6
2939 5491 3130 5561 Πατὴρ
3177 5486 3328 5561 πρό.⁸
3367 5502 3531 5561 quam

1964 5557 2208 5612 mutilam
2262 5557 2583 5627 scripturam
2620 5573 2688 5613 ex
2719 5568 2951 5627 quatuor
2985 5557 3121 5616 mss.
3166 5557 3530 5627 restituimus.

1966 5627 2009 5682 E
2033 5628 2252 5701 regione
2281 5624 2428 5701 vocis
2448 5627 2719 5701 φθονήσας
2736 5624 2947 5701 legitur
2984 5631 3051 5701 in
3098 5628 3345 5698 margine
3377 5624 3532 5698 Regii

1962 5699 2139 5773 quarti
2169 5698 2262 5753 καὶ
2280 5698 2379 5751 οὐκ
2404 5697 2713 5768 ἐγέννησεν.
2805 5697 2827 5701 ⁷
2918 5772 2921 5773 ν
2983 5698 2991 5705 ’

3178 5855 3257 5915 22
