3956 6216
452 307 563 367 075

1760 302 1817 356 S.
1850 300 1942 354 ’ΒΑ
1951 296 2102 354 SlLll
2140 296 2353 353 MAGNI

3617 282 3738 339 εἶθ

455 424 576 492 quis
605 418 798 476 Filium
835 418 984 474 novit
1005 417 1300 473 secundum
1336 415 1650 480 essentiam,
1678 416 1829 470 novit
1857 418 2019 472 etiam

2124 412 2267 485 ζωὴν
2314 411 2530 466 αἰώνιον
2558 408 2689 481 ἔχει,
2730 406 2791 461 τὸ
2816 405 3057 461 ἀπιστιτκ
3085 405 3143 471 ἐξ
3174 404 3421 474 ἀνάγκης
3440 402 3735 456 θάνατον.

453 511 665 566 Patrem
701 508 794 582 (Si
822 510 957 565 enim
981 524 1061 562 me
1089 510 1483 577 cognoscentis,
1510 507 1702 577 inquit,
1721 518 1768 561 et
1798 507 2014 561 Patrem

454 617 626 655 meum
653 602 828 670 utique
854 600 1225 670 cognoscentis
1249 598 1318 668 “)
1349 614 1363 649 :
1391 598 1865 653 consubstantialis
1888 612 2016 666 ergo

454 692 602 748 Patri
645 692 811 747 Filius
849 700 953 747 est.
1002 690 1144 745 Nihil
1184 690 1327 745 enim
1356 690 1731 759 incorporeum
1762 706 1827 746 ex
1857 689 2018 745 dissi-

457 783 571 836 mili
596 782 898 838 substantia
921 781 1169 853 cognosci
1193 789 1389 851 potest.
1414 781 1470 836 Si
1498 781 1720 836 credere
1748 779 2016 836 Christum

455 874 651 928 Filium
684 888 802 929 esse
833 875 950 939 Dei,
995 872 1162 926 vitam
1216 880 1471 926 aeternam
1524 870 1717 925 all'ert:
1748 886 1851 926 non
1900 885 2019 926 cre-

457 964 606 1031 dere,
656 964 960 1019 necessario
1007 970 1233 1017 mortem
1298 963 1458 1032 parit.
1517 962 1754 1028 Quorum
1816 963 2016 1016 easdem

457 1064 585 1109 sunt
617 1055 977 1124 operationes,
1018 1052 1211 1108 horum
1258 1068 1473 1124 quoque
1524 1054 1824 1108 substantia
1888 1068 2014 1109 una.

464 1144 719 1216 Operatio
748 1156 926 1200 autem
961 1142 1137 1199 Patris
1168 1154 1222 1199 et
1252 1144 1376 1198 Filii
1406 1160 1509 1198 uua
1530 1153 1635 1210 est,
1668 1144 1811 1199 velut
1844 1144 1970 1200 illud
2000 1162 2014 1198 :

459 1235 745 1290 Faciamus
777 1236 1035 1290 hominem
1056 1236 1102 1266 "
1136 1251 1148 1285 :
1177 1243 1231 1289 et
1266 1251 1453 1290 rursus
1479 1256 1489 1288 :
1514 1234 1848 1303 Quwcunque
1879 1237 2016 1289 enim

460 1323 625 1379 Pater
652 1325 806 1395 farit,
849 1324 960 1377 haec
1001 1333 1049 1378 et
1095 1321 1267 1377 Filius
1318 1323 1558 1378 similiter
1592 1324 1824 1393 facit”;
1858 1325 2018 1394 igitur

462 1418 638 1474 Patris
665 1427 721 1473 et
748 1416 871 1471 Filii
905 1432 1010 1471 una
1038 1415 1201 1471 etiam
1231 1416 1530 1471 substantia
1563 1426 1663 1472 est.
1697 1416 1754 1473 Si
1781 1419 2018 1488 cognitio

460 1509 638 1565 Patris
667 1518 720 1564 et
749 1509 869 1563 Filii
914 1508 1019 1563 vita
1071 1515 1272 1562 mterna
1310 1516 1416 1574 est,
1468 1523 1692 1563 necesse
1732 1517 1815 1563 est
1853 1511 2016 1564 etiam

459 1603 620 1657 unius
648 1600 962 1657 substantiae
990 1616 1130 1656 esse.
1167 1600 1296 1667 Quae
1328 1601 1470 1656 enim
1500 1602 1723 1656 diversa:
1751 1602 2007 1656 substan-

461 1696 547 1750 tiae
584 1703 731 1759 sunt,
778 1708 886 1749 non
945 1708 1051 1748 una
1114 1694 1421 1766 c0gnitione
1469 1694 2017 1764 comprehenduntur,

459 1800 634 1856 neque
684 1785 846 1840 simili
908 1786 1065 1842 modo
1109 1794 1337 1857 possunt
1382 1786 1679 1843 vivilicare.
1729 1786 1787 1841 Si
1836 1786 2018 1843 Patris
2050 1775 2091 1830 Β

458 1875 636 1944 imago
667 1889 791 1929 vere
817 1872 985 1928 Filius
1016 1882 1120 1942 est,
1164 1875 1343 1929 omnis
1373 1884 1549 1929 autem
1577 1876 1751 1946 imago
1779 1876 1857 1931 vel
1887 1877 2019 1931 sub-

461 1966 694 2030 stantiae,
730 1966 813 2021 vel
845 1965 1051 2028 formae,
1078 1966 1160 2020 vel
1192 1968 1396 2036 ﬁgurae,
1432 1966 1515 2020 vel
1565 1968 1787 2036 speciei,
1815 1967 1896 2022 vel
1927 1982 2020 2023 co-

459 2056 588 2111 loris
634 2056 811 2125 imago
850 2065 966 2110 est:
1000 2056 1138 2112 Deus
1183 2068 1361 2112 autem
1404 2058 1457 2112 in
1494 2059 1645 2112 nullo
1673 2060 1883 2123 horum,
1925 2063 2017 2114 sed

459 2147 517 2202 in
543 2146 653 2203 sola
685 2147 984 2201 substantia
1005 2154 1088 2201 est
1117 2165 1131 2200 :
1157 2147 1325 2204 Filius
1351 2164 1472 2203 cum
1504 2149 1818 2205 substantia:
1842 2152 2018 2222 imago

458 2237 553 2302 sit,
590 2233 1067 2291 consubstantialis
1095 2233 1243 2289 Patri
1286 2244 1388 2291 est.
1433 2234 1491 2290 Si
1538 2235 1701 2291 Pater
1724 2252 1847 2292 cum
1877 2236 2019 2294 Filio

458 2326 607 2381 nulla
634 2327 685 2380 in
718 2338 774 2379 re
815 2333 992 2395 potest
1017 2326 1339 2395 comparari,
1367 2340 1466 2382 nec
1509 2326 1562 2381 in
1595 2327 1699 2383 ulla
1729 2344 1787 2384 re
1807 2344 2021 2400 quoque

458 2432 585 2474 cum
618 2424 865 2472 creatura
897 2430 1044 2472 :non
1078 2417 1236 2472 aliter
1272 2432 1331 2474 se
1366 2419 1526 2475 habet
1555 2421 1622 2474 ad
1675 2420 1891 2489 Filium,
1923 2421 2021 2476 ali-

463 2516 547 2563 ter
572 2508 639 2563 ad
668 2517 995 2573 creaturam,
1030 2507 1124 2564 sed
1164 2508 1451 2565 similiter:
1479 2524 1585 2565 non
1608 2525 1740 2582 ergo
1784 2512 2022 2567 dissimi-

459 2599 530 2656 lis
558 2600 732 2656 solum
758 2599 917 2670 281
946 2599 1090 2654 Patri
1126 2600 1313 2667 Filius,
1343 2602 1435 2657 sed
1459 2612 1719 2659 creaturae
1745 2604 1905 2658 etiam
1940 2606 2017 2659 si-

457 2689 604 2746 milis
626 2698 729 2745 est.
761 2689 1040 2756 Quomodo
1063 2696 1173 2756 jam
1206 2691 1307 2745 hoc
1335 2706 1437 2747 non
1472 2693 1759 2748 absurdum
1789 2696 1911 2753 est!
1938 2695 2015 2763 Si,

460 2778 586 2833 dum
635 2778 832 2833 Filium
885 2778 1077 2834 dicunt
1120 2789 1444 2847 creaturam,
1490 2797 1600 2836 non
1648 2791 1707 2837 ut
1749 2798 1910 2839 unam
1944 2798 2013 2839 ex

458 2870 723 2925 creaturis
779 2870 962 2924 dicunt
1001 2887 1015 2924 :
1062 2884 1160 2925 cur
1201 2871 1326 2925 dum
1375 2887 1476 2929 nos
1539 2874 1837 2944 genituram
1888 2876 2021 2932 dici-

462 2972 606 3020 mus,
646 2971 770 3012 eum
824 2967 884 3012 ut
938 2972 1098 3012 uuam
1148 2974 1217 3014 ex
1258 2961 1526 3031 genituris
1573 2963 1918 3035 intelligunt?
1961 2965 2020 3023 Si

461 3047 604 3103 Deus
626 3063 730 3102 non
754 3058 996 3119 generat,
1018 3058 1078 3104 ut
1107 3064 1174 3105 ne
1200 3047 1397 3107 ﬂuxum
1425 3053 1688 3123 patiatur;
1719 3071 1818 3112 nec
1846 3067 2016 3126 creat,

459 3148 521 3193 ut
568 3153 637 3193 ne
652 3116 883 3203 ,laboret
907 3156 921 3193 :
947 3139 992 3193 si
1022 3154 1149 3195 vero
1177 3152 1330 3196 creat
1376 3116 1510 3197 ci-tra
1552 3116 1825 3215 allectum,
1850 3116 2021 3206 multo
2040 3116 2089 3177 θ

460 3230 634 3299 magis
682 3230 817 3283 citra
864 3228 1114 3284 allectum
1162 3241 1405 3300 generat.
1449 3233 1505 3288 Si
1548 3235 1833 3305 cujuslibet
1887 3239 2020 3297 lucis

460 3321 714 3389 splendor
749 3330 1037 3391 generatur
1070 3322 1285 3391 quidem
1313 3338 1378 3379 ex
1408 3324 1549 3393 luce,
1587 3344 1691 3383 non
1719 3341 1893 3386 tamen
1919 3332 2023 3387 ali-

459 3410 698 3479 quando,
739 3410 832 3464 sed
866 3409 985 3466 sine
1010 3419 1267 3481 tempore,
1296 3413 1405 3469 imo
1437 3416 1505 3472 ab
1542 3428 1743 3474 aeterno
1770 3436 1873 3475 una
1896 3437 2020 3479 cum

473 3498 764 3555 luce:non
797 3501 938 3555 enim
977 3509 1061 3556 est
1109 3500 1200 3556 lux
1247 3504 1451 3574 absque
1500 3507 1822 3576 splendore:
1852 3511 2021 3569 Filius

461 3592 625 3646 etiam
653 3600 712 3645 ut
752 3591 844 3660 qui
884 3590 1136 3662 splendor
1172 3594 1264 3660 sit,
1301 3610 1405 3651 non
1450 3597 1736 3668 aliquando
1768 3605 1891 3670 erit,
1926 3607 2021 3663 sed

463 3684 534 3736 ab
570 3685 1039 3751 teterno'pariter;
1069 3698 1192 3740 cum
1221 3683 1365 3741 Deus
1392 3687 1462 3742 sit
1488 3687 1600 3753 lux,
1634 3701 1693 3746 ut
1714 3694 1876 3748 David
1902 3697 2017 3751 ait:

467 3771 531 3827 ’κ
554 3771 748 3827 lumine
778 3783 866 3827 tuo
892 3774 1172 3830 videbimus
1197 3775 1465 3844 lumen“;
1490 3789 1545 3836 et
1576 3782 1757 3838 Daniel
1790 3802 1804 3838 :
1829 3783 1899 3839 Et
1924 3786 2020 3842 lux

458 3879 577 3917 rum
601 3865 713 3934 ipso
733 3875 808 3919 est
824 3866 892 3919 ⁸⁸.
919 3864 976 3919 Si
1001 3867 1245 3935 genitura
1269 3871 1564 3925 secundum
1593 3872 1738 3941 ipsos
1762 3876 2017 3933 substan-

461 3954 535 4010 tia
561 3964 665 4023 est,
692 3954 828 4011 sicut
859 3963 913 4011 et
933 3956 1229 4029 ingenitum
1257 3973 1272 4013 :
1305 3960 1553 4029 genitura
1591 3973 1769 4020 autem
1796 3968 1912 4036 Dei,
1938 3978 2022 4025 est

458 4045 629 4102 Filius
655 4060 670 4098 :
700 4061 829 4116 ergo
857 4055 911 4102 et
930 4049 1233 4104 substantia
1262 4048 1387 4116 Del,
1409 4059 1493 4108 est
1524 4051 1711 4111 Filius.
1735 4053 1803 4113 ‘Si
1833 4058 2018 4116 volun-

462 4146 576 4195 tate
605 4153 712 4194 non
745 4149 934 4193 natura
963 4138 1104 4195 Deus
1136 4140 1329 4196 Filium
1352 4144 1536 4211 genuit
1568 4167 1581 4200 ;
1614 4157 1707 4202 aut
1734 4150 1822 4204 ubi
1852 4154 2021 4209 semel

458 4229 725 4293 soluerat,
754 4237 936 4299 postea
968 4230 1158 4299 noluit,
1200 4242 1294 4287 aut
1332 4234 1496 4290 etiam
1525 4252 1714 4295 rursus
1742 4240 1932 4309 voluit,
1964 4257 2022 4301 et

459 4335 653 4380 rursus
684 4321 883 4391 genuit.
915 4321 1068 4389 Quod
1096 4322 1143 4377 si
1169 4336 1275 4379 non
1305 4340 1412 4379 una
1448 4336 1531 4383 est
1559 4329 1805 4390 voluntas
1828 4334 2017 4405 ipsius,

459 4413 556 4472 sed
583 4412 819 4479 diversa,
846 4426 951 4468 non
983 4413 1215 4485 amplius
1243 4417 1472 4487 simplex
1521 4429 1624 4488 est,
1658 4437 1835 4495 neque
1859 4429 2018 4487 unius
2047 4451 2094 4507 ι)

2122 499 2222 557 Ὧν
2279 505 2335 558 αἱ
2378 504 2536 557 αὐτα)⁹
2580 502 2871 571 ἐνέργειαι,
2922 498 3127 552 τούτων
3167 498 3261 552 καὶ
3297 499 3333 568 ή
3366 495 3538 549 οὐσία
3596 493 3737 564 μία.

2134 597 2410 669 Ἐνέργεια
2431 597 2488 650 δὲ
2513 595 2723 666 Πατρὸς
2752 593 2862 664 (41)
2890 592 2984 646 καὶ
3015 590 3144 644 Υἱοῦ
3173 590 3289 662 μία,
3318 589 3392 653 ὡς
3417 588 3504 651 τὸ,
3532 581 3738 649 Ποιή-

2122 703 2319 758 σωμεν
2348 686 2679 755 ἄνθρωπον
2724 686 2818 738 καὶ
2844 683 3025 736 πάλιν
3061 685 3129 736 Ἀ
3162 684 3271 752 γὰρ
3294 682 3371 736 ἂν
3407 685 3442 736 ὁ
3488 679 3737 745 Πατὴρ

2122 778 2285 848 ποιῇ,
2306 778 2490 834 ταῦτα
2530 777 2629 833 καὶ
2669 781 2701 830 ὀ
2726 777 2855 843 Υἱὸς
2883 779 3096 845 ὁμοίως
3125 775 3310 828 ποιεῖ’
3344 774 3454 845 ἄρα
3473 774 3589 826 καὶ
3626 772 3736 823 οὐ-

2124 874 2212 927 σία
2235 873 2330 944 μία
2355 872 2567 943 Πατρὸς
2605 872 2699 925 καὶ
2738 870 2896 923 Υἱοῦ.ι
2922 870 2984 923 El
3026 872 3060 940 ή
3109 869 3311 938 γνῶσις
3342 866 3577 937 Πατρὸς
3627 863 3736 919 καὶ

2124 965 2252 1018 Υἱοῦ
2278 965 2390 1035 ζωὴ
2420 963 2668 1028 αἰώνιος,
2710 964 2923 1032 ἀνάγκη
2975 962 3069 1015 καὶ
3120 961 3249 1031 μιᾶς
3297 958 3487 1021 οὐσίας
3544 953 3729 1008 εἶναι.

2123 1056 2203 1110 Τά
2255 1057 2363 1127 γάρ
2390 1054 2673 1128 ὲτερούσια
2714 1055 2774 1106 ού
2809 1056 2907 1125 μιᾷ
2947 1052 3142 1121 γνώσει
3188 1050 3731 1121 καταλαμὰὶνεται,

2122 1147 2244 1202 οὒτε
2295 1148 2492 1218 ὁμοίως
2543 1147 2826 1211 ζωοποιεῖν
2876 1145 3116 1199 δύναται,
3170 1145 3232 1196 Εἰ
3278 1140 3444 1195 εἰκὼν
3497 1143 3535 1194 ὁ
3586 1141 3732 1203 Υἱὸς

2122 1239 2337 1310 ἀληθῶς
2382 1240 2493 1309 (42)
2523 1239 2615 1292 τοῦ
2643 1238 2874 1310 Πατρὸς,
2902 1239 3049 1290 πᾶσα
3068 1236 3126 1289 δὲ
3159 1234 3319 1288 εἰκὼν
3344 1234 3378 1305 ἢ
3413 1234 3653 1295 οὐσίας,
3688 1231 3728 1304 ἢ

2126 1331 2360 1401 μορφῆς.
2394 1330 2426 1400 ἢ
2476 1328 2830 1401 σχήματος,ή
2872 1328 3066 1392 εἴδους,
3106 1326 3199 1379 καὶ
3226 1323 3517 1395 χρώματὸς
3556 1326 3729 1376 ἐστιν

2122 1421 2304 1486 εἰκὼν,
2339 1421 2468 1485 Θεὸς
2493 1421 2551 1474 δὲ
2584 1422 2641 1473 ἐν
2675 1419 2849 1473 οὐδεν)¹
2886 1416 3112 1478 τούτων.
3142 1419 3200 1469 ἐν
3243 1417 3300 1469 δὲ
3329 1416 3491 1484 οὐσίᾳ
3525 1415 3724 1487 μόνῃ·

2123 1515 2151 1566 ὁ
2176 1514 2322 1577 Υἱὸς,
2349 1511 2510 1566 εἰκὼν
2529 1510 2603 1565 ὢν
2624 1512 2722 1582 τῆς
2741 1510 2944 1573 οὐσίας,
2965 1508 3126 1580 ὁμοού
3136 1509 3243 1571 σιὸς
3267 1506 3480 1576 ἐστιτῷ
3495 1506 3722 1576 Πατρξ.

2122 1605 2185 1657 Εἰ
2214 1603 2538 1674 ἀσύγκριτος
2575 1605 2604 1656 ὁ
2632 1603 2819 1674 Πατὴρ
2852 1600 2994 1654 κατὰ
3019 1600 3193 1653 πάντα
3240 1600 3375 1670 πρὸς
3402 1598 3498 1651 τὸν
3551 1598 3721 1659 Υἱὸν,

2125 1695 2265 1750 κατὰ
2297 1695 2473 1749 πάντα
2495 1696 2550 1750 δὲ
2578 1697 2669 1748 καὶ
2696 1695 2831 1767 πρὸς
2852 1694 2952 1766 τήν
2982 1696 3158 1747 κτίσιν
3182 1708 3197 1723 ’
3227 1694 3327 1747 ούκ
3355 1693 3535 1756 ἄλλως
3564 1694 3722 1764 πρὸς

2118 1787 2209 1841 τὸν
2236 1786 2383 1851 Υἱὸν,
2420 1786 2621 1858 ἑτέρως
2667 1785 2725 1838 δὲ
2759 1786 2896 1857 πρὸς
2928 1786 3025 1855 τὴν
3075 1785 3271 1849 κτίσιν,
3305 1784 3421 1837 ἀλλ’
3455 1784 3714 1855 ὁμοίως·

2119 1878 2314 1933 οὐκοῦν
2342 1878 2402 1931 ού
2434 1879 2592 1949 μόνον
2628 1876 2875 1947 ἀνόμοιος
2908 1875 2983 1946 τῷ
3006 1877 3198 1946 Πατρὶ,
3233 1875 3368 1929 ἀλλά
3395 1876 3495 1929 καὶ
3510 1876 3719 1946 ὅμοιος

2118 1975 2183 2042 τῇ
2211 1969 2401 2024 κτίσει.
2428 1970 2536 2023 Καὶ
2562 1968 2678 2033 πῶς
2699 1969 2798 2022 οὐκ
2827 1969 3061 2033 ἄτοπον;
3094 1969 3177 2028 El,
3212 1967 3419 2037 κτίσμα
3444 1967 3715 2035 λέγοντες

2120 2061 2207 2116 τὸν
2242 2062 2386 2124 Υἰὸν,
2411 2060 2509 2131 οὐχ
2537 2059 2611 2123 ὡς
2642 2061 2700 2112 ἓν
2725 2059 2831 2112 τῶν
2873 2059 3186 2129 κτισμάτων
3218 2058 3439 2126 λέγουσι
3463 2075 3478 2088 ·
3507 2057 3604 2111 διὰ
3626 2058 3705 2120 τι,

2119 2152 2363 2223 γέννημα
2420 2151 2683 2221 λεγόντων
2746 2149 2923 2221 ήμῶν,
2974 2150 3049 2215 ὡς
3098 2149 3155 2203 ἐν
3191 2150 3297 2202 τῶν
3339 2150 3709 2221 γεννημάτων

2118 2243 2363 2308 νοοῦσιν;
2394 2243 2456 2296 El
2481 2243 2542 2296 ού
2578 2244 2743 2313 γεννᾷ
2764 2242 2914 2305 Θεὸς,
2941 2241 3028 2295 ἵνα
3054 2241 3130 2313 μὴ
3159 2240 3343 2311 ρεῦσιν
3371 2242 3656 2315 ὑπομείνῃ
3682 2258 3700 2272 ⁸

2118 2333 2241 2388 οὐδὲ
2285 2335 2480 2399 κτίζει,
2538 2334 2625 2387 ἵνα
2659 2333 2737 2404 μὴ
2779 2332 2968 2404 κάμῃ·
3015 2335 3065 2386 ει
3104 2333 3160 2385 δὲ
3216 2333 3390 2398 κτίζει
3439 2333 3702 2398 ἀπαθῶς,

2119 2428 2298 2500 πολλῷ
2330 2430 2529 2501 μᾶλλον
2556 2428 2781 2493 ἀπαθῶς
2796 2429 2980 2499 γεννᾷ.
3014 2428 3079 2480 El
3121 2427 3464 2498 ἀπαύγασμα
3498 2428 3704 2491 παντὸς

2119 2522 2296 2592 φωτὸς
2325 2523 2579 2590 γεννᾶται
2619 2522 2717 2593 μὲν
2750 2523 2815 2575 ἐκ
2840 2521 2934 2574 τοῦ
2959 2521 3164 2589 φωτὸς,
3199 2520 3261 2575 οῦ
3293 2538 3422 2574 ποτε
3449 2520 3539 2584 δὲ,
3566 2521 3703 2575 ἀλλά

2119 2611 2359 2683 ἀχρόνως
2383 2611 2475 2666 καὶ
2505 2611 2783 2675 συναῖδίως
2804 2612 2996 2682 ἐκείνῳ
3020 2613 3101 2682 (ού
3152 2614 3261 2683 γάρ
3297 2613 3414 2664 ἐστι
3447 2611 3569 2681 φῶς
3593 2630 3702 2682 χω-

2120 2702 2206 2773 ρὶς
2237 2702 2692 2774 ἀπαυγάσματος)
2713 2719 2727 2733 ·
2758 2704 2852 2757 καὶ
2882 2704 2912 2756 ὁ
2941 2703 3088 2767 Υἱὸς,
3119 2702 3465 2772 ἀπαύγασμα
3486 2704 3699 2773 τυγχάο

2118 2804 2245 2855 νων,
2272 2787 2334 2843 οῦ
2361 2806 2493 2843 ποτε
2519 2789 2691 2856 ἔσται,
2711 2789 2852 2845 ἀλλά
2879 2791 3185 2857 συναῖδίως,
3222 2792 3396 2863 φωτὸς
3419 2792 3578 2857 ὄντος
3600 2792 3691 2846 τεῦ

2118 2877 2253 2934 Θεοῦ
2311 2880 2447 2952 (45),
2510 2881 2585 2946 ὡς
2632 2881 2796 2937 Δαόιδ
2846 2900 3010 2956 φησιν
3034 2899 3048 2914 ·
3091 2884 3193 2937 Ἐν
3244 2882 3324 2949 τῷ
3368 2886 3522 2952 φωτὶ
3572 2902 3690 2940 σου

2119 2970 2383 3040 ὀψόμεθα
2405 2970 2560 3040 φῶς·
2591 2973 2685 3026 καὶ
2715 2973 2911 3045 Δανιήλ
2928 2991 2941 3006 ·
2968 2974 3079 3027 Καὶ
3104 2973 3169 3027 τὸ
3194 2973 3318 3043 φῶς
3347 2978 3473 3044 μετ’
3500 2976 3687 3031 αὑτοῦ

2118 3059 2305 3114 ἐστιν.
2346 3061 2409 3114 Ει
2452 3061 2513 3115 τὸ
2548 3062 2794 3136 γέννημα
2839 3065 2996 3119 οὐσία
3025 3067 3141 3119 ἐστὶ
3192 3068 3311 3119 κατ’
3364 3066 3588 3131 αὐτοὴ,
3620 3067 3694 3130 ὡς

2120 3158 2214 3211 καὶ
2241 3157 2300 3211 τὸ
2328 3158 2638 3231 ἀγέννητον,
2668 3163 2914 3233 γέννημα
2937 3163 2993 3217 δὲ
3025 3164 3053 3215 ὁ
3087 3164 3210 3228 Υἱὸς
3239 3164 3332 3218 τοῦ
3377 3165 3515 3218 Θεοῦ
3559 3166 3697 3235 (44),

2120 3252 2213 3305 καὶ
2234 3253 2389 3305 οὐσία
2418 3254 2525 3325 ἄρα
2571 3256 2598 3308 ὁ
2632 3254 2759 3318 Υἱὸς
2799 3256 2891 3310 τοῦ
2922 3256 3075 3310 Θεοῦ.
3113 3258 3176 3310 Εἰ
3217 3257 3472 3330 βουλήσει
3507 3262 3602 3313 καὶ
3631 3260 3698 3313 οὐ

2120 3344 2275 3412 φύσει
2302 3346 2331 3398 ὁ
2356 3344 2487 3409 Θεὸς
2514 3345 2604 3398 τὸν
2636 3346 2762 3400 Υἱὸν
2790 3347 3098 3419 ἐγέννησεν,
3126 3349 3158 3419 ἢ
3192 3348 3339 3413 ἆπαξ
3364 3349 3477 3419 (45)
3503 3349 3699 3419 βουλη·

2120 3435 2253 3498 θεὶς,
2307 3434 2604 3504 ἀϐούλητος
2652 3435 2712 3488 τὸ
2738 3435 2943 3500 λοιπὸν,
2978 3438 3011 3509 ἢ
3060 3439 3155 3491 καὶ
3184 3438 3345 3491 πάλιν
3390 3438 3695 3511 βουληθεὶς,

2116 3526 2213 3578 καὶ
2238 3524 2399 3579 πάλιν
2439 3524 2748 3597 ἐγέννησεν.
2799 3529 2862 3581 El
2888 3528 2944 3581 δέ
2974 3530 3034 3582 οὐ
3072 3530 3170 3599 μία
3207 3530 3460 3600 βούλησις
3503 3531 3695 3595 αὐτοῦ,

2122 3615 2255 3669 ἀλλά
2286 3616 2559 3688 διάφορος,
2588 3617 2769 3671 οὐκέτι
2793 3618 2992 3683 ἁπλοῦς
3012 3621 3132 3674 σύδὲ
3154 3622 3273 3685 ἐνὸς
3302 3624 3536 3694 ποιητὴς
3557 3624 3696 3691 (46),

2116 3707 2232 3761 ἀλλ’
2261 3707 2336 3772 ὡς
2369 3708 2617 3778 βούλεται
2645 3710 2736 3762 καὶ
2759 3714 2923 3764 ποιεῖ.
2967 3711 3029 3763 Εἰ
3058 3711 3190 3776 Θεὸς
3225 3713 3288 3766 οὐ
3327 3716 3515 3785 γεννᾷ,
3544 3715 3577 3784 ἢ
3607 3715 3697 3768 διὰ

2118 3800 2179 3853 τὸ
2206 3799 2280 3871 μὴ
2301 3798 2558 3855 δύνασθαι
2584 3802 2820 3867 πάντως,
2848 3802 2882 3876 ἢ
2910 3801 2996 3857 διὰ
3015 3803 3077 3856 τὸ
3102 3803 3176 3874 μὴ
3207 3804 3519 3874 βούλεσθαι.
3546 3806 3697 3858 Ἀλλ’

2119 3889 2294 3959 εἰμὲν
2335 3889 2396 3942 ού
2438 3888 2691 3956 δύναται,
2743 3892 2922 3963 ἥττων
2973 3896 3296 3966 γεννητικῆς
3342 3899 3437 3949 καὶ
3480 3897 3695 3961 τελείας

2120 3973 2353 4044 φύσεως,
2384 3979 2515 4049 πρὸς
2536 3978 2613 4050 τῷ
2652 3980 2763 4051 (47)
2803 3982 2896 4034 κα)⁵
2926 3981 3215 4054 ἀδυναμείν
3234 4001 3249 4015 ·
3284 3986 3333 4038 εἰ
3362 3985 3421 4038 δὲ
3460 3985 3697 4055 δυνάμε-

2118 4089 2208 4136 νος
2229 4074 2328 4127 οὐκ
2353 4074 2648 4147 ἠϐουλήθη,
2676 4077 2705 4130 δ
2742 4077 2898 4147 φύσει
2924 4078 3047 4149 ἔσχε
3072 4117 3086 4142 ,
3115 4076 3367 4148 βουλήσει
3398 4078 3691 4148 κατέσχεν.

2122 4163 2281 4218 Ὥστε
2334 4167 2382 4219 εἰ
2431 4168 2526 4220 καὶ
2572 4170 2735 4239 μήπω
2787 4171 3040 4240 ἐγέννησε
3081 4169 3213 4241 (48),
3260 4170 3543 4241 βουληθεὶς
3578 4170 3697 4241 ἄρα

2119 4256 2364 4327 γεννήσει
2415 4257 2565 4311 ποτέ.
2626 4258 2693 4311 El'
2742 4276 2872 4313 ποτε
2919 4261 3018 4314 οὐκ
3059 4257 3128 4332 ἦν
3171 4264 3200 4315 ὁ
3250 4261 3412 4325 Υἱὸς,
3459 4262 3592 4315 αὐτὸ
3626 4263 3693 4315 τὸ

2118 4347 2313 4412 ἐκεῖνο,
2340 4347 2401 4402 τὸ
2425 4349 2589 4415 ποτὲ,
2619 4350 2769 4405 ἔσται
2799 4354 2896 4422 μὲν
2924 4354 3059 4425 μετά
3082 4356 3172 4408 τὸν
3197 4356 3556 4425 γεννήσαντα,
3580 4354 3693 4423 πρὸ

2118 4437 2177 4492 δέ
2215 4437 2309 4492 τοῦ
2355 4440 2723 4511 γεννηθέντος.
2772 4444 2967 4499 Οὐκέτι
2995 4440 3087 4500 οῦν
3117 4446 3224 4518 πρὸ
3255 4447 3474 4502 πάντων
3506 4449 3537 4499 ὁ
3559 4446 3694 4508 Υἱὸς

544 4548 589 4581 ⁸⁸
610 4549 768 4606 Joan.
805 4565 916 4616 xlv,
945 4550 996 4608 7.
1070 4552 1117 4584 "
1145 4550 1283 4610 Gen.
1307 4570 1345 4621 ι,
1372 4555 1461 4610 26.
1551 4557 1597 4591 ⁸³
1617 4557 1833 4630 Joan.v,
1865 4565 1952 4623 19.

2123 4574 2242 4630 ’sal.
2279 4590 2449 4643 xxxv,
2478 4577 2567 4633 l0.
2641 4578 2688 4614 ⁸⁸
2721 4580 2857 4637 Dan.
2884 4596 2945 4648 ιι,
2973 4582 3071 4638 22.

528 4686 641 4772 (Idl)
674 4685 834 4772 Ε(ιίιὶ
854 4689 1250 4772 Ἐνέργειαιδέ-
1276 4693 1405 4772 Υἱοῦ
1438 4696 1794 4772 καὶᾍῌατρός.
1833 4703 2013 4763 (ξοδεχ
2073 4742 2082 4750 .

646 4772 766 4812 cum
791 4757 928 4842 Reg.
952 4754 1188 4842 secundo
1203 4763 1418 4842 Πατρὸς
1430 4767 1525 4819 καὶ
1547 4754 1697 4824 Υἱοῦῖ
1723 4754 2013 4842 Aliquanto

461 4835 580 4901 post
611 4842 742 4901 mss.
771 4828 935 4899 ιίυοή
988 4830 1209 4898 γνῶσις.
1259 4828 1610 4892 Desideratur
1657 4828 2009 4901 articu'luswin

456 4896 709 4951 vulgatis.

834 4976 1059 5047 qugﬂus
1082 4969 1494 5047 Elicwﬁhleﬂiv
1523 4977 1696 5047 imago
1726 4997 1864 5039 vero.

528 5035 643 5175 (45)
672 5035 814 5117 lde_m_
837 5035 1003 5092 codex
1027 5039 1119 5091 τοῦ
1139 5040 1272 5095 Θεοῦ
1300 5035 1390 5096 καὶ
1429 5035 1660 5115 Πατρόςῖ

552 5104 642 5175 et)
676 5103 816 5175 Ediu
848 5118 902 5161 et
929 5105 1060 5175 Reg.
1092 5115 1357 5167 secundus
1389 5113 1497 5175 ἄρα
1532 5118 1561 5169 ὁ
1589 5117 1660 5170 Υἱι

552 5103 816 5185 magis
848 5118 902 5185 e_t
929 5105 1075 5185 Reg._
1092 5115 1357 5185 secundus
1389 5113 1497 5185 ἄρα
1532 5103 1561 5169 ὁ
1589 5103 1714 5181 fit);
1738 5120 1831 5173 τοῦ
1846 5121 2003 5177 Θεοῦ.

457 5171 941 5262 in
980 5171 1381 5262 reliquismss.
1414 5171 1523 5262 non
1555 5171 2010 5262 legitur.ﬂl§e‘que

457 5243 736 5325 indignant!)
768 5254 896 5314 puto
921 5246 1063 5325 quod
1092 5243 1320 5325 notetur,
1340 5252 1484 5325 hunc
1509 5243 1684 5325 locum
1711 5243 1791 5312 sic
1815 5243 2008 5316 distin:

457 5313 547 5397 gui
578 5316 632 5397 in
666 5313 796 5397 Reg:
819 5313 1076 5397 secundo,
1108 5313 1493 5397 yégwliiaﬁeg
1536 5324 1681 5389 Υἱὸς,
1710 5326 1802 5380 τοῦ
1824 5313 2003 5397 Θεοῦ,

459 5383 554 5465 gul:
574 5380 869 5465 Maian-ap}
894 5385 923 5437 ὀ
952 5380 1209 5465 Hegio?)
1236 5380 1402 5465 Θεοῦ.
1448 5380 1685 5465 Utroque
1714 5398 1765 5450 in
1800 5380 2007 5455 loc-ovili

458 5446 693 5537 ξιιμ-,τοῦ
715 5446 871 5537 Θεοῦ,
908 5446 1186 5537 merita;
1228 5446 1477 5537 jungitur
1516 5446 2006 5537 injvulg'a-tis'sin-e

456 5516 799 5645 ﬂlavirgula
849 5516 865 5576 ἑ
908 5526 1049 5593 quod
1100 5516 2011 5601 et—ambiguum,ieratﬁ'e‘tﬂobseu:

503 5655 640 5728 ’(45)
660 5657 834 5715 Codex
861 5678 997 5721 unus
1025 5665 1057 5735 ἢ
1082 5667 1130 5720 εἰ
1153 5667 1328 5744 ἅπαξ.⁸
1474 5677 1575 5744 τι.-

2190 4715 2301 4787 (46)
2331 4717 2482 4794 Editi
2500 4718 2683 4794 οὐκέτι
2716 4717 2917 4794 ἀπλοῦς
2944 4720 3063 4774 οὐδὲ
3088 4720 3147 4774 ἓν
3172 4723 3202 4776 ὁ
3230 4722 3477 4794 ποιητής.
3514 4722 3686 4779 Inter-

2116 4798 2242 4853 pres
2278 4786 2291 4841 ἐ
2320 4786 2431 4840 Nec
2464 4789 2573 4853 ipse
2602 4789 2820 4856 simplex
2852 4799 2951 4851 est,
2994 4806 3086 4843 nec
3112 4808 3247 4846 unus
3287 4786 3510 4846 cr'eaior.
3545 4794 3682 4849 Ver-

2121 4856 2273 4909 tisset
2297 4857 2455 4922 alius,
2486 4867 2580 4928 au_t
2607 4867 2755 4912 certe
2776 4869 2986 4914 vertere
3004 4860 3297 4928 debuisset,
3320 4878 3410 4916 nec
3435 4865 3685 4916 couditor

2116 4936 2192 4977 est
2227 4941 2307 4978 res
2354 4944 2478 4998 una.
2534 4925 2690 4998 Regii
2746 4931 3035 4994 secundus,
3083 4925 3296 4994 tertius,
3347 4944 3575 4998 quartus
3624 4944 3684 4987 et

2117 5003 2300 5072 sextus
2323 5009 2417 5072 pro
2439 4995 2499 5048 ἓν
2522 4995 2809 5072 ὁ--ποιητής
2846 4998 3043 5072 habent
3074 4999 3193 5072 ἐνὸς
3226 4995 3478 5072 ποιητής,
3512 5018 3681 5071 neque

2115 5064 2275 5135 unius
2313 5068 2505 5133 factor.
2542 5064 2801 5133 Exiguum
2829 5069 3042 5135 quidem
3069 5069 3279 5124 videtur
3301 5064 3554 5125 mendum
3590 5064 3680 5124 Ἰἰ-

2114 5129 2279 5205 brarii
2310 5129 2403 5203 qui
2436 5129 2687 5205 proavo};
2715 5129 2931 5205 scripsit
2955 5137 3014 5190 ἓν
3036 5140 3065 5191 ὀ
3098 5158 3112 5192 :
3149 5142 3244 5194 sed
3275 5149 3474 5205 tamen,
3507 5149 3570 5194 ut
3595 5139 3677 5203 ﬁt,

2114 5198 2763 5283 liae-parvahegligentia
2807 5198 3024 5283 delusus
3081 5210 3347 5278 interpres
3376 5198 3681 5283 itaicecu;

2114 5272 2350 5349 ti_v_it,_ut
2381 5272 2643 5341 ejus—loci
2688 5277 3013 5330 sententiam
3050 5292 3148 5333 nec
3179 5272 3531 5349 expresserit,
3572 5294 3677 5333 nec

2111 5339 2331 5395 Viderit.

2185 5410 2297 5480 (47)
2342 5410 2580 5487 Editi_et
2625 5413 2758 5484 Reg.
2810 5415 3075 5473 secundus
3122 5415 3257 5487 πρὸς
3296 5417 3379 5471 τό.
3430 5416 3537 5471 Alii
3566 5427 3681 5472 tres

2119 5483 2425 5554 mS_~'_.A1tEb§
2454 5482 2552 5554 τῷ.

2192 5549 2303 5628 (48)
2332 5549 2472 5605 Editi
2497 5549 2661 5628 él_xal
2689 5557 2762 5628 μή
2792 5573 2921 5610 ποτε
2944 5557 3215 5626 ἐγέννησε.
3243 5556 3427 5614 Codex
3450 5556 3608 5614 Colb.
3632 5566 3690 5615 et

2122 5618 2211 5677 alii
2240 5618 2344 5678 duo
2374 5636 2505 5681 mss.
2545 5618 2701 5696 Regii
2719 5618 2775 5682 u't
2810 5629 2865 5683 in
2894 5618 3166 5684 contextu.
