3956 6216
284 351 386 405 6⁵17

1366 354 1736 412 ADVERSUS
1771 354 2137 411 EUNOMIUM
2175 353 2302 406 LIB.
2349 351 2434 409 IV.

3401 354 3504 408 678

282 469 450 542 χωρὶς
481 471 572 524 τοῦ
619 473 847 543 Πατρὸς,
885 473 1019 528 ἀλλὰ
1055 475 1149 528 καὶ
1178 475 1320 546 μετὰ
1344 478 1404 530 τὸ
1455 479 1599 531 ποτὲ
1622 478 1814 548 εὑρεθή

1947 485 2195 532 creator:
2225 475 2317 529 sed
2375 482 2434 528 ut
2482 471 2612 536 vult,
2659 473 2731 528 ita
2777 481 2831 528 ει
2881 473 3029 528 facit.
3085 472 3143 527 Si
3199 472 3340 528 Deus
3399 487 3505 527 non

285 576 452 610 σεται.
498 560 681 630 Ἦμῶν
710 562 992 629 λεγόντων,
1036 565 1247 634 Πατρὸς
1292 567 1440 630 ὄντος
1481 568 1587 631 ἀεὶ,
1627 568 1836 638 ἀνάγκη

279 651 372 703 καὶ
394 649 481 702 τὸν
496 651 620 704 Υἰὸν
642 648 777 705 εἶναι
802 654 906 718 ἀεὶ,
934 657 1129 709 ἐκεῖνοί
1168 674 1327 725 φασιν
1348 675 1361 690 ·
1400 659 1628 725 Οὐκοῦν,
1653 660 1837 730 ἐπειδὴ

279 741 370 795 καὶ
409 745 435 794 6
476 743 600 804 Υἱὸς
653 744 740 795 ἀεὶ
792 745 1135 816 δημιουργὸς,
1189 749 1279 801 καὶ
1323 753 1355 820 ἡ
1397 750 1720 821 δημιουργία
1751 752 1840 804 ἀεὶ

277 833 452 896 ἔσται,
495 835 588 886 καὶ
635 835 804 898 οὕτως
831 836 980 890 ἔσται
1031 839 1178 909 καὶὴ
1223 840 1548 912 δημιουργία
1572 843 1838 905 συναῖδιος

275 926 449 994 Πατρὶ
479 927 570 979 καὶ
603 926 735 997 Υἱῷ.
781 927 917 980 Ἀλλ’
957 932 984 981 ὁ
1029 928 1194 982 εἰπὼν
1224 912 1548 1002 δημιουργὸν
1579 934 1675 1002 οὐχ
1723 931 1839 1003 ἅμα.

276 1017 369 1068 καὶ
393 1016 489 1086 τὴν
510 1017 865 1088 δημιουργίαν
886 1019 1049 1088 λέγει.
1077 1022 1149 1073 Οὐ
1173 1021 1280 1092 γὰρ
1300 1021 1377 1092 τῷ
1416 1024 1679 1094 οἰκοδόμῳ
1725 1040 1842 1075 συν-

275 1108 511 1178 υπάρχει
541 1109 600 1161 τὸ
628 1111 879 1180 οίκοδόμη
889 1129 982 1181 μα,
1001 1113 1120 1164 οὐδὲ
1139 1113 1215 1182 τῷ
1234 1114 1494 1184 ναυπηγῷ
1516 1115 1575 1167 τὸ
1611 1116 1836 1182 σκάφος.

285 1200 351 1251 Ἦ
387 1201 484 1269 μὲν
517 1201 624 1270 γὰρ
648 1202 754 1272 (49)
778 1203 1103 1274 δημιουργία
1131 1207 1188 1257 ἐν
1218 1205 1294 1276 τῷ
1326 1206 1660 1278 δημιουργῷ,
1689 1207 1750 1259 τὸ
1781 1208 1836 1260 δὲ

1946 577 2200 638 generat;
2252 576 2344 620 aut
2407 567 2531 634 quia
2574 566 2795 619 omnino
2841 581 2944 620 non
2997 573 3191 634 potest,
3231 572 3324 618 aut
3375 565 3505 634 quia

1947 674 2050 712 non
2088 657 2219 720 vult,
2257 671 2360 711 non
2402 665 2642 725 generat.
2678 654 2803 720 Sed,
2832 656 2876 710 si
2919 670 3023 709 non
3058 663 3254 722 potest,
3283 653 3505 709 inferior

1945 757 2029 802 est
2062 758 2252 800 natura
2287 761 2373 812 ea,
2407 761 2524 814 quae
2554 755 2798 813 generat,
2842 760 3066 814 quaeque
3114 744 3345 814 perfecta
3397 755 3504 808 est,

1947 846 2304 907 praeterquam
2326 837 2465 904 quod
2495 837 2657 890 etiam
2691 834 2968 889 imbecillis
2993 847 3078 890 est
3111 853 3125 888 :
3160 836 3204 890 si
3226 850 3351 890 vero
3379 850 3505 890 cum

1943 937 2144 999 posset,
2197 927 2400 992 noluit;
2461 925 2604 996 quod
2657 926 2844 980 habuit
2883 937 3098 992 natura,
3149 928 3202 980 id
3231 927 3506 982 voluntate

1941 1020 2202 1076 cohibuit.
2245 1019 2445 1086 Quare,
2479 1019 2580 1072 etsi
2630 1020 2864 1073 nondum
2918 1019 3139 1088 genuit,
3191 1027 3368 1075 tamen
3413 1019 3506 1075 ubi

1939 1113 2214 1175 voluerit,
2261 1111 2538 1181 generabit
2603 1109 2786 1179 utique
2850 1111 3161 1180 aliquando.
3213 1111 3272 1165 Si
3334 1113 3505 1167 Filius

1939 1205 2228 1273 aliquando
2277 1219 2382 1257 non
2438 1212 2574 1268 erat,
2625 1202 2753 1256 illud
2787 1241 2804 1266 ,
2850 1204 3135 1272 aliquando
3167 1244 3182 1271 ,
3235 1214 3357 1273 post
3405 1221 3504 1274 ge-

274 1289 768 1364 δημιουργούμενον
815 1297 951 1366 μετὰ
998 1297 1087 1350 τὸν
1115 1299 1464 1369 δημιουργόν.
1520 1299 1735 1368 Πατέρα
1782 1299 1829 1351 δὲ

1942 1297 2169 1351 nitorem
2208 1297 2420 1365 quidem
2458 1294 2583 1361 erit,
2625 1296 2717 1349 sed
2761 1303 2884 1348 ante
2935 1297 3192 1365 genitum.
3235 1295 3352 1352 Non
3399 1297 3502 1369 igi-

271 1383 444 1435 εἰπεῖν
476 1384 752 1452 ἀδύνατον,
781 1386 853 1457 μὴ
881 1387 1030 1451 ὄντος
1055 1388 1204 1443 Υίοῦ.
1235 1390 1344 1443 Καὶ
1369 1392 1396 1442 6
1418 1389 1583 1443 εἰπὼν
1615 1391 1829 1459 Πατέρα

1943 1398 2050 1452 tur,
2089 1387 2250 1442 Patre
2282 1397 2530 1455 excepto,
2570 1398 2693 1441 ante
2725 1387 2905 1440 omnia
2942 1386 3111 1441 Filius
3133 1397 3217 1442 est
3249 1407 3264 1441 :
3312 1403 3502 1444 verum

267 1474 370 1543 οὐχ
393 1475 574 1538 ἁπλῶς
607 1477 846 1548 Πατέρα,
870 1479 1007 1531 ἀλλά
1032 1497 1176 1544 τινος
1203 1481 1349 1549 λέγει
1383 1481 1620 1552 Πατέρα.

1941 1479 2106 1535 etiam
2159 1487 2282 1548 post
2311 1478 2459 1540 illud,
2510 1477 2816 1546 aliquando,
2869 1492 2992 1532 esse
3028 1479 3352 1534 invenietur.
3390 1481 3502 1536 Nos

273 1584 394 1622 cum
428 1570 680 1633 dicimus,
712 1571 854 1640 quod
895 1586 1016 1625 cum
1060 1571 1221 1627 Pater
1249 1589 1461 1643 semper
1490 1575 1580 1638 sit,
1607 1587 1826 1627 necesse
1857 1581 1941 1626 est
2002 1573 2167 1624 etiam
2240 1569 2435 1624 Filium
2484 1584 2696 1636 semper
2731 1583 2884 1631 esse;
2936 1569 3009 1622 illi
3039 1571 3225 1624 dicunt
3274 1590 3290 1625 :
3336 1571 3504 1642 Igitur

277 1679 398 1719 cum
431 1674 484 1718 et
513 1663 684 1720 Filius
719 1681 931 1735 semper
959 1666 1139 1734 opifex
1166 1667 1256 1732 sit,
1295 1669 1569 1736 opilicium
1625 1681 1839 1737 quoque
1876 1682 2087 1736 semper
2120 1666 2248 1729 erit,
2309 1666 2497 1734 sicque
2531 1663 2804 1731 opiﬁcium
2835 1664 2997 1718 etiam
3038 1681 3141 1719 una
3166 1682 3287 1720 cum
3339 1666 3502 1721 Patre

270 1769 325 1812 et
353 1759 488 1813 Filio
519 1771 783 1815 :eternum
829 1763 950 1815 erit.
1007 1763 1077 1816 At
1127 1764 1216 1830 qui
1246 1763 1382 1816 dixit
1407 1761 1677 1832 opiﬁcem,
1710 1779 1816 1817 non
1859 1763 2196 1818 simuletiam
2235 1761 2508 1831 opificium
2574 1761 2732 1815 dixit.
2767 1759 2881 1814 Non
2943 1761 3087 1815 enim
3118 1777 3228 1816 una
3257 1778 3379 1818 cum
3427 1781 3500 1818 te-

267 1849 546 1906 diﬁcatore
593 1854 876 1907 aedilicium
909 1853 1146 1916 exsistit,
1193 1869 1366 1922 neque
1400 1872 1505 1908 una
1574 1871 1694 1909 cum
1731 1857 1947 1910 navium
2011 1853 2336 1910 fabricatore
2377 1853 2596 1922 scapha.
2663 1851 2757 1906 Est
2790 1854 2933 1906 enim
3001 1855 3244 1923 operatio
3306 1855 3358 1909 in
3388 1855 3500 1924 opi-

270 1939 371 1995 lice
400 1961 413 1996 :
441 1943 613 2012 ipsum
654 1953 834 1998 autem
871 1961 1006 2015 opus
1045 1955 1163 2014 post
1207 1947 1479 2015 Opiﬁcem.
1512 1946 1681 2001 Porro
1715 1948 1832 2001 ﬁeri
1873 1963 1977 2002 non
2011 1957 2192 2018 potest
2229 1955 2287 2000 ut
2313 1945 2474 2000 Pater
2500 1945 2708 2000 dicatur
2739 1960 2877 2012 esse,
2911 1946 3018 2002 nisi
3080 1947 3152 2001 sit
3213 1947 3402 2018 Filius.
3435 1948 3496 2002 Et

265 2035 358 2104 qui
391 2034 605 2089 Patrem
662 2035 819 2101 dixit,
873 2053 977 2091 non
1010 2035 1322 2105 simpliciter
1348 2035 1583 2102 Patrem,
1610 2038 1704 2092 sed
1744 2038 1967 2108 alicujus
2001 2037 2213 2092 Patrem
2238 2038 2389 2092 dixit.

337 2128 390 2180 2.
431 2128 582 2192 Θεὸς,
628 2130 720 2182 καὶ
750 2130 974 2202 Κύριος,
1013 2131 1106 2183 τιιαλ⁸
1141 2134 1555 2202 παντοκράτωρ,
1594 2133 1690 2184 καὶ
1729 2133 1829 2185 Σα-

2007 2170 2058 2186 ...
2090 2131 2254 2196 Deus,
2285 2140 2339 2186 et
2374 2130 2654 2197 Dominus,
2687 2138 2740 2185 et
2760 2131 3120 2200 omnipotens.
3146 2144 3201 2186 et
3232 2133 3494 2202 Sabaoth,

267 2220 413 2273 ϐαευο
453 2221 586 2289 (50),
620 2223 714 2274 καὶ
747 2221 842 2284 ὢν,
877 2223 970 2275 καὶ
1013 2221 1257 2287 Ἀδωναῖ,
1296 2225 1389 2276 καὶ
1438 2223 1612 2287 Ἐλωῒ,
1641 2225 1669 2275 6
1699 2223 1828 2276 Θεὸν·

264 2313 322 2364 ἐν
349 2313 467 2374 ταῖς
497 2312 734 2382 Γραφαῖς
764 2315 974 2384 εἴρηται
1001 2329 1014 2341 ·
1047 2313 1337 2383 ἀγέννητος
1373 2314 1432 2366 δὲ
1472 2315 1728 2384 οὑδαμεῖ.
1764 2319 1829 2370 Ei

261 2403 319 2455 δέ
356 2420 440 2466 τις
478 2404 569 2456 καὶ
597 2403 754 2456 τοῦτο
785 2405 1150 2474 συγχωρήσει,
1180 2405 1272 2456 καὶ
1295 2404 1353 2457 τὸ
1387 2403 1711 2472 ἀγέῖνητος
1737 2406 1831 2458 καὶ

263 2494 334 2547 τὰ
383 2494 718 2564 προκείμενα
772 2495 1013 2563 ὀνόματα
1063 2495 1241 2562 λέγειν
1289 2495 1520 2564 ἁρμόσει
1565 2497 1657 2548 καὶ
1704 2498 1831 2549 Ἰου-

261 2565 431 2648 δαίοις
447 2587 539 2638 καὶ
569 2588 720 2638 πᾶσιο
743 2587 1084 2655 Χριπτιανοῖς
1102 2585 1158 2636 δὲ
1177 2585 1360 2649 μήνυσις
1388 2585 1448 2636 τὸ
1477 2586 1676 2653 Πατὴρ
1697 2589 1828 2654 Χρι-

261 2676 434 2728 στοῦ.
465 2677 527 2728 Ei
577 2671 669 2728 οὖν
731 2713 776 2730 ..
829 2693 986 2744 μονον
1033 2675 1265 2746 χωρίςον
1320 2677 1467 2746 ἡμᾶς
1517 2677 1624 2730 τῶν
1657 2678 1830 2732 ἄλλων

262 2767 485 2837 ψευδὲς,
530 2769 622 2820 καὶ
663 2767 760 2818 οὐκ
792 2765 985 2836 ἀληθὲς
1017 2767 1150 2834 (Si),
1187 2766 1278 2820 καὶ
1321 2767 1490 2837 ὄνομα
1525 2769 1692 2832 θέσει,
1736 2769 1830 2823 καὶ

263 2859 323 2911 οὐ
365 2861 595 2928 πρᾶγμα
634 2857 827 2924 φύσει·
881 2857 1082 2928 ψευδὴς
1123 2860 1155 2928 ή
1203 2859 1385 2923 πίστις
1442 2861 1622 2930 ἡμῶν,
1658 2862 1752 2914 καὶ
1795 2863 1828 2932 ἡ

262 2956 416 3019 ἐλπὶς
450 2956 670 3025 ματαία.
705 2948 778 3008 Ob
809 2953 913 3024 γὰρ
947 2953 1197 3018 ἀϐέϐαιος
1242 2956 1275 3024 ὴ
1321 2955 1485 3026 ἀρχὴ,
1527 2956 1623 3008 καὶ
1654 2955 1713 3008 τὸ
1745 2955 1830 3008 τέ-

261 3049 351 3112 λος
391 3047 698 3117 ἀνίσχυρον.
747 3046 912 3100 Πάλιν
952 3045 1258 3117 ἐρωτῶσιν·
1295 3047 1358 3099 El
1392 3045 1467 3100 ὢν
1510 3046 1770 3118 ἐγεννήθη
1801 3049 1829 3100 ὁ

263 3141 461 3210 Υἱὸς,ἣ
495 3141 566 3210 μὴ
601 3138 672 3191 ὢν
694 3156 705 3168 ’
744 3139 985 3208 ἀσαφοῦς
1015 3139 1108 3191 καὶ
1140 3139 1466 3208 κακοτέχνου
1499 3140 1598 3210 τῆς
1627 3141 1830 3210 ἐρωτή-

263 3251 399 3296 σεως
424 3233 588 3302 οὔσης
634 3231 829 3284 αὐτῶν.
882 3233 1267 3301 Αἱσχυνόμενοι
1317 3231 1424 3303 γὰρ
1449 3231 1509 3284 τὸ
1539 3233 1701 3294 πότε,
1733 3233 1829 3284 καὶ

257 3324 330 3376 ὲν
354 3325 568 3391 χρόνῳ,
602 3322 893 3392 ἐρωτῆσαι,
916 3321 978 3373 τὸ
1001 3318 1083 3372 ὢν
1113 3321 1378 3389 λέγουσιν.
1432 3321 1827 3394 Ἀντερώτησον

259 3417 460 3480 αὐτούς
483 3434 495 3445 ·
533 3419 596 3469 Ei
629 3417 703 3470 ὢν
745 3419 772 3469 ὁ
796 3417 927 3479 Θεὸς
949 3417 1138 3487 Πατὴρ
1166 3417 1258 3470 τὸν
1292 3417 1419 3470 Υίὸν
1453 3419 1761 3490 ὲγέννησεν,
1791 3420 1822 3490 ἢ

261 3509 338 3580 μὴ
363 3509 435 3561 ὢν
460 3510 684 3580 Ποιτῆρὲ
710 3511 772 3561 ΕΞ
804 3510 900 3579 μὲν
938 3509 1046 3579 γὰρ
1076 3507 1151 3560 ὣν
1181 3508 1391 3580 Πατὴρ,
1416 3509 1492 3562 ὢν
1521 3489 1649 3562 ὄντα
1675 3489 1826 3578 ὲγένλ
1854 3489 1898 3545 C

259 3617 451 3670 νησενο
487 3603 536 3652 εἰ
574 3600 631 3652 δὲ
665 3601 763 3652 οὐκ
799 3598 894 3664 ὢν,
925 3599 1180 3668 γεννητὸς
1212 3601 1306 3653 καὶ
1336 3601 1395 3652 οὐ
1419 3599 1579 3670 φύσει
1613 3603 1820 3673 Πατήρ.

258 3693 448 3744 Πᾶσαν
496 3691 552 3742 δὲ
607 3691 934 3760 φιλονεικίαν
964 3690 1143 3744 αὐτῶν
1173 3691 1548 3746 ἀποκλείουσιν
1579 3695 1635 3745 αἱ
1685 3693 1824 3748 θεῖαι

258 3781 488 3851 Γραφαὶ,
522 3781 764 3843 Μωσέως
800 3779 898 3850 μὲν
936 3779 1163 3848 βοῶντος
1189 3780 1318 3849 περὶ
1344 3779 1437 3833 τοῦ
1468 3780 1622 3847 Υίοῦ,
1657 3783 1718 3834 Ὀ
1742 3781 1824 3834 ὠν

253 3891 328 3942 με
355 3873 701 3926 ἀπέστειλε·
731 3872 825 3924 τοῦ
846 3872 901 3925 δὲ
923 3872 1331 3940 εὐαγγελιστοῦ,
1381 3873 1476 3924 Ἐν
1493 3873 1653 3941 ἀρχῇ
1685 3870 1764 3943 ἦν
1791 3875 1822 3926 ὁ

255 3968 464 4034 Λόγος.
497 3965 606 4018 Καὶ
642 3965 739 4034 οὐχ
781 3963 927 4028 ἅπαξ
975 3965 1035 4017 τὸ
1073 3961 1170 4035 ἦν,
1224 3964 1362 4018 ἀλλᾶ
1393 3966 1672 4036 τέταρτον.
1714 3969 1823 4020 Καὶ

256 4056 416 4108 πάλιν
449 4053 680 4124 ἀλλαχοῦ
701 4070 714 4082 ·
760 4053 822 4106 '0
853 4051 939 4106 ὢν
961 4053 1030 4106 ἐκ
1059 4053 1164 4107 τοῦ
1195 4054 1342 4108 Θεοῦ
1362 4070 1375 4084 ο
1417 4041 1530 4106 καί·
1579 4057 1629 4107 '0
1652 4053 1736 4107 ὢν
1755 4056 1824 4108 ἐν

256 4143 379 4209 τοῖς
412 4147 658 4209 κόλποις
683 4143 790 4198 τοῦ
821 4146 1078 4212 Πατρόςο
1112 4145 1206 4198 καὶ
1231 4147 1288 4198 ἐν
1315 4146 1541 4216 ἑτέροις·
1575 4147 1625 4198 Ὀ
1645 4147 1729 4199 ῶν
1754 4148 1823 4200 ἐν

256 4233 338 4300 τῷ
367 4234 616 4302 οὐρανῷ·
655 4236 765 4287 Καὶ
803 4236 860 4287 ὲν
890 4238 957 4305 τῇ
995 4235 1389 4305 Ἀποκαλύψει·
1432 4237 1484 4287 Ὁ
1517 4235 1620 4302 ὢν,
1652 4237 1749 4291 καὶ
1787 4241 1822 4290 ό

257 4323 336 4396 ἦν
364 4326 493 4396 (52),
545 4325 639 4377 καὶ
686 4328 717 4378 ό
748 4327 1099 4394 ἐρχόμενος·
1131 4328 1223 4379 καὶ
1269 4329 1296 4379 ὁ
1332 4327 1574 4391 Παῦλος.
1618 4330 1713 4394 Ὃς
1736 4325 1820 4381 ὢν

258 4419 620 4484 ἀπαύγασμα
646 4415 753 4482 τῆς
789 4416 974 4481 δόξης
999 4433 1011 4445 ·
1041 4418 1132 4471 καί
1154 4434 1166 4447 ·
1205 4420 1309 4484 Ὃς
1337 4419 1405 4471 ὲν
1439 4417 1642 4488 μορφῇ
1671 4418 1817 4472 Θεοῦ

255 4509 541 4576 ὑπάρχων
567 4524 580 4537 ·
630 4507 722 4560 καὶ
766 4507 956 4560 πάλινο
1003 4509 1068 4561 '0
1115 4508 1200 4563 ὢν
1243 4510 1340 4563 ἐπὶ
1389 4510 1630 4564 πάντων
1675 4512 1818 4575 Θεὸς

255 4599 599 4665 εὐλογητός.
622 4595 684 4649 Εἰ
708 4597 955 4668 ἀληθινὸς
977 4597 1126 4661 Θεὸς,
1147 4601 1239 4652 καὶ
1265 4600 1398 4668 φῶς,
1418 4602 1510 4654 καὶ
1530 4603 1814 4674 ἄτρεπτος,

255 4693 350 4744 καὶ
376 4689 598 4758 ἀγαθὸς,
632 4691 724 4742 καὶ¹
750 4692 920 4759 ἆγιος,
946 4693 1037 4743 καὶ
1071 4692 1273 4764 Κύριος
1305 4697 1332 4748 6
1363 4695 1509 4760 Υἱὸς,
1544 4695 1717 4750 ταῦτα
1761 4698 1816 4749 δὲ

1931 2229 1985 2276 ει
2017 2223 2108 2290 qui
2149 2229 2252 2285 est,
2289 2230 2343 2274 et
2370 2220 2613 2284 Adonai,
2660 2231 2716 2274 et
2763 2221 2873 2274 ΕΙοἰ
2926 2221 3226 2289 appellatur
3263 2223 3404 2280 Deus
3441 2227 3494 2279 in

1933 2314 2264 2382 Scripturis;
2306 2314 2581 2383 ingenitus
2611 2327 2739 2366 vero
2775 2299 3062 2380 nusquam.
3098 2313 3251 2378 Quod
3289 2316 3335 2368 si
3371 2317 3494 2384 quis

1931 2408 2034 2462 hoc
2065 2409 2228 2462 etiam
2262 2408 2623 2473 concesserit;
2664 2415 2720 2460 et
2771 2422 2962 2460 nomen
3012 2408 3290 2476 ingenitus,
3323 2419 3379 2464 et
3407 2425 3496 2464 re-

1931 2500 2038 2554 lata
2069 2503 2216 2568 prius
2247 2502 2459 2555 nomina
2484 2499 2781 2566 utJudaais,
2823 2501 2892 2552 ita
2939 2501 3060 2554 aliis
3092 2502 3340 2556 omnibus
3366 2519 3496 2572 pro-

1931 2591 2075 2646 ferre
2105 2595 2389 2648 conveniet
2424 2611 2437 2647 :
2483 2593 2807 2648 Christianis
2847 2608 2975 2646 vero
3018 2594 3148 2649 solis
3179 2595 3299 2658 hoc,
3332 2592 3496 2648 Pater

1931 2681 2149 2737 Christi.
2177 2684 2232 2738 Si
2283 2685 2444 2753 igitur
2475 2686 2616 2752 quod
2645 2684 2813 2738 solum
2839 2700 2867 2736 a
2890 2687 3100 2738 caeteris
3131 2699 3228 2738 nos
3255 2695 3492 2754 separat,

1933 2772 1985 2828 id
2027 2773 2219 2828 falsum
2257 2783 2356 2837 est,
2392 2789 2490 2828 nec
2518 2790 2723 2840 verum,
2753 2775 2796 2828 si
2831 2790 3026 2828 nomen
3062 2783 3150 2828 εει
3183 2776 3490 2843 adoptione,

1931 2882 2038 2920 non
2073 2881 2158 2919 res
2181 2875 2394 2930 natura,
2420 2865 2554 2920 falsa
2581 2875 2667 2919 est
2695 2866 2826 2919 tides
2855 2875 3060 2932 nostra,
3091 2875 3145 2919 et
3178 2881 3300 2933 spes
3329 2880 3491 2919 vana.

1931 2958 2095 3027 Cujus
2118 2957 2264 3010 enim
2294 2957 2613 3025 principium
2653 2957 2922 3009 inﬁrmum
2945 2966 3048 3019 est,
3086 2956 3203 3024 ejus
3231 2959 3392 3011 etiam
3429 2958 3492 3010 li—

1932 3050 2017 3104 nis
2047 3049 2236 3105 debilis
2271 3061 2372 3103 est.
2405 3046 2613 3102 Rursus
2641 3048 2992 3118 interrogant,
3031 3047 3227 3103 Utrum
3259 3064 3379 3104 cum
3406 3065 3492 3104 es-

1929 3150 2030 3206 set,
2054 3139 2261 3211 genitus
2285 3140 2355 3194 sit
2376 3138 2565 3203 Filius,
2591 3154 2658 3193 an
2695 3155 2814 3199 cum
2837 3155 2942 3194 non
2969 3150 3111 3195 esset
3137 3158 3152 3194 :
3182 3150 3238 3194 at
3259 3141 3490 3196 obscura

1929 3245 1984 3290 et
2010 3235 2237 3304 maligna
2264 3242 2346 3288 est
2373 3247 2558 3289 eorum
2598 3233 2970 3302 interrogatio.
2995 3233 3233 3298 Etenim,
3256 3235 3380 3288 dum
3398 3249 3492 3287 ve-

1931 3335 2117 3381 rentur
2165 3325 2498 3395 interrogare
2545 3323 2777 3394 quando,
2808 3335 2862 3378 et
2904 3325 2960 3377 in
2983 3335 3246 3393 tempore;
3277 3327 3487 3392 dicunt,

1928 3434 2047 3471 cum
2101 3428 2250 3471 esset.
2293 3415 2403 3471 Hos
2439 3415 2676 3470 vicissim
2718 3415 3009 3485 interroga,
3069 3415 3308 3482 Deusne,
3365 3433 3486 3471 cum

1927 3519 2070 3564 esset
2105 3508 2286 3573 Pater,
2329 3507 2522 3562 Filium
2573 3505 2778 3577 genuit,
2813 3523 2879 3562 an
2910 3523 3032 3562 cum
3064 3524 3171 3561 non
3209 3517 3356 3562 esset
3382 3507 3485 3562 Pa-

1929 3595 2054 3648 ter?
2085 3593 2146 3647 Si
2177 3595 2320 3649 enim
2349 3611 2469 3648 cum
2501 3605 2644 3650 esset
2673 3595 2838 3650 Pater
2858 3635 2872 3659 ,
2910 3597 3178 3650 exsistens
3215 3597 3488 3651 essisten-

1927 3695 2032 3740 tem
2061 3687 2251 3755 genuit
2285 3704 2299 3738 :
2333 3696 2522 3742 contra
2562 3688 2606 3740 si
2637 3701 2758 3741 cum
2792 3703 2896 3741 non
2948 3697 3110 3752 esset,
3153 3688 3332 3743 factus
3378 3700 3484 3750 est,

1927 3791 2032 3830 non
2067 3786 2244 3830 autem
2275 3786 2466 3831 natura
2493 3776 2658 3846 282
2695 3775 2858 3831 Pater
2902 3788 3004 3832 est.
3033 3777 3260 3833 Omnem
3304 3788 3485 3833 autem

1925 3867 2166 3936 ipsorum
2191 3868 2596 3922 contentionem
2628 3865 2924 3920 excludunt
2942 3867 3141 3920 divinae
3165 3866 3482 3937 Scripturte,

1925 3973 2046 4012 cum
2075 3958 2250 4014 Moses
2280 3958 2494 4026 quidem
2529 3959 2724 4013 clamet
2758 3958 2824 4012 de
2856 3957 2992 4012 Filio
3023 3975 3038 4011 :
3067 3957 3173 4023 Qui
3205 3969 3302 4022 εει,
3342 3959 3484 4012 misit

1923 4068 2004 4106 me
2033 4053 2118 4106 5°:
2154 4061 2207 4106 et
2233 4053 2592 4121 evangelista:
2628 4049 2698 4104 In
2735 4051 2992 4119 principio
3019 4061 3131 4103 erat
3166 4049 3390 4104 Verbum
3412 4051 3480 4104 ⁸⁷.

1922 4144 2033 4198 Νεε
2056 4145 2223 4199 semel
2257 4145 2404 4208 dicit,
2440 4152 2576 4209 erat,
2625 4145 2716 4198 sed
2747 4149 2956 4210 quater.
2997 4141 3064 4195 Et
3086 4155 3270 4196 rursus
3306 4140 3435 4195 alibi
3465 4159 3481 4196 :

1923 4239 2030 4306 Qui
2053 4253 2119 4290 ea:
2138 4236 2246 4291 Deo
2285 4248 2362 4290 est
2389 4237 2434 4268 ⁸⁸
2460 4255 2474 4303 ;
2519 4245 2575 4291 et
2603 4251 2617 4290 :
2649 4235 2752 4300 Qui
2779 4244 2855 4290 est
2885 4236 2941 4288 in
2963 4235 3080 4287 sinu
3113 4231 3292 4287 Patris
3319 4233 3401 4299 '5’;
3428 4243 3485 4288 ει

1921 4330 1974 4384 in
2004 4330 2162 4385 aliis:
2193 4327 2297 4394 Qui
2324 4338 2397 4382 est
2427 4329 2482 4381 in
2507 4326 2632 4380 caelo
2663 4327 2708 4358 °°
2735 4342 2752 4392 ;
2817 4336 2872 4382 et
2906 4327 2959 4380 in
2987 4325 3340 4396 Apocalypsi:
3377 4325 3482 4390 Qui

1920 4428 2015 4481 est,
2049 4429 2096 4472 et
2133 4419 2223 4487 qui
2259 4428 2392 4481 erat,
2434 4427 2481 4470 et
2529 4419 2620 4487 qui
2666 4426 2911 4472 venturus
2935 4426 3010 4470 est
3039 4416 3118 4481 ⁶¹;
3157 4424 3209 4470 ει
3235 4414 3432 4470 Paulus
3464 4433 3480 4470 :

1921 4510 2024 4574 Qui
2055 4526 2169 4562 cum
2199 4509 2264 4562 sit
2281 4509 2523 4575 splendor
2541 4508 2722 4577 gloriae
2743 4507 2824 4571 ⁶³;
2856 4515 2911 4560 ει
2933 4524 2946 4560 :
2967 4506 3070 4572 Qui
3089 4522 3205 4558 cum
3236 4505 3483 4572 informa

1919 4600 2015 4654 Dei
2039 4611 2166 4652 esset
2195 4599 2240 4630 ⁸³
2265 4615 2279 4663 ;
2307 4607 2360 4652 ει
2385 4612 2574 4654 rursus
2600 4616 2614 4653 :
2654 4597 2758 4664 Qui
2784 4609 2860 4652 est
2882 4600 2936 4651 in
2965 4599 3201 4652 omnibus
3234 4597 3370 4652 Deus
3393 4600 3482 4652 be-

1919 4691 2153 4742 nedictus
2195 4687 2260 4741 “.
2295 4688 2348 4741 Si
2377 4689 2545 4743 Filius
2574 4696 2658 4742 est
2683 4703 2843 4742 verus
2862 4689 3026 4751 Deus,
3057 4699 3112 4744 et
3137 4689 3248 4757 lux,
3287 4699 3342 4744 et
3378 4690 3481 4743 im-

254 4784 348 4838 καὶ
375 4785 403 4836 6
427 4781 612 4854 Πατὴρ
639 4781 734 4846 ὢν,
769 4785 867 4853 οὐχ
895 4785 1095 4852 ὁμοίως
1119 4787 1288 4851 ἐστὶν,
1329 4789 1464 4840 ἀλλὰ
1518 4788 1778 4859 μειζόνως
1798 4805 1810 4816 ⁸

1931 4782 2210 4843 mutabilis,
2244 4791 2298 4834 et
2330 4780 2521 4844 bonus,
2546 4789 2602 4835 et
2630 4790 2874 4847 sanctus,
2913 4789 2969 4834 ει
3022 4780 3321 4836 Dominus:
3367 4782 3481 4836 haec

254 4877 352 4928 οὐκ
388 4874 572 4937 οὐσίας
600 4875 836 4946 ὑπεροχῇ
879 4875 988 4946 (53)
1035 4877 1169 4931 ἀλλὰ
1203 4879 1483 4948 ποιότητος
1517 4880 1812 4950 ὑπερϐολῇ.

323 4993 371 5025 ⁸⁸
399 4990 566 5044 Exod.
597 5006 682 5054 ιιι,
717 4991 804 5044 Η.
881 4991 1100 5047 "Joan.
1132 5009 1170 5059 ι,
1197 4996 1246 5048 1.
1324 4996 1368 5027 ⁸⁸
1395 4995 1551 5049 Joan.
1579 5011 1695 5060 vm,
1736 4997 1824 5061 42,
1847 4993 1935 5048 ιτ.

252 5061 298 5096 ⁸³
333 5060 498 5116 Hebr.
533 5075 571 5126 ι,
603 5061 656 5117 5.
733 5061 776 5091 ⁸³
800 5061 990 5130 Philip.
1026 5079 1087 5129 ιι,
1121 5064 1173 5118 6.
1250 5064 1294 5096 ⁸⁸
1324 5067 1480 5119 Rom.
1519 5081 1594 5132 ts,
1622 5067 1674 5119 5.

321 5201 571 5272 (49)llla,
607 5204 671 5256 Ἦ
711 5202 808 5273 μὲν
846 5202 972 5274 γάρ,
1019 5213 1148 5268 etc.,
1199 5207 1277 5259 sic
1319 5205 1478 5258 velim
1523 5204 1801 5273 accipias:

249 5273 503 5328 Facultas
540 5275 613 5328 rei
661 5273 931 5327 facienda:
959 5277 1096 5328 inest
1120 5276 1333 5342 quidem
1363 5276 1414 5329 in
1447 5275 1638 5341 opiﬁce
1670 5291 1682 5325 :
1710 5274 1802 5328 sed

252 5358 339 5412 res
369 5344 481 5412 ipsa
524 5359 642 5411 quae
675 5343 922 5412 elIicitur,
958 5354 1077 5410 post
1108 5346 1280 5409 ipsum
1320 5353 1615 5411 permanet.
1646 5343 1799 5397 llaud

251 5411 404 5497 lortge
435 5413 560 5468 editi
594 5414 686 5466 καὶ
723 5411 909 5465 εἰπών.
941 5415 1160 5483 Antiqui
1209 5415 1312 5469 duo
1341 5414 1460 5468 libri
1511 5413 1604 5465 καὶ
1655 5415 1682 5465 6
1722 5413 1800 5465 ει-

250 5497 388 5534 ααυν.

320 5551 433 5619 (50)
467 5551 668 5607 Nomen
711 5553 945 5608 Sabaoth
984 5567 1178 5608 nomen
1225 5554 1320 5607 Dei
1380 5567 1484 5607 non
1527 5566 1670 5616 esse,
1707 5552 1798 5607 sed

249 5633 470 5694 nomen.
500 5627 641 5690 quod
689 5624 781 5694 Dei
831 5622 1333 5694 nominiijungitur,
1386 5623 1497 5693 jam
1538 5632 1801 5678 notarunt

247 5690 348 5742 viri
382 5692 673 5747 doctissimi
701 5693 924 5748 Ducaeus
947 5703 1000 5747 et
1021 5690 1392 5747 Comlieiisius.

1922 4887 2100 4930 autem
2127 4885 2181 4930 et
2206 4875 2370 4930 Pater
2403 4891 2525 4930 cum
2561 4875 2654 4941 sit,
2682 4889 2788 4929 non
2813 4873 3064 4930 similiter
3091 4886 3194 4942 εει,
3237 4877 3330 4931 sed
3362 4890 3477 4930 am-

2024 4992 2247 5048 ”Joan.
2278 5008 2318 5058 ι,
2350 4990 2438 5046 l8.
2539 4989 2583 5023 °°
2610 4988 2764 5045 Joan.
2802 5003 2883 5057 ιιι,
2917 4989 3006 5044 t5.
3082 4989 3126 5021 ⁶¹
3153 4991 3319 5059 Apoc.
3357 5003 3374 5041 ι
3420 4987 3477 5042 8.

1908 5221 2058 5256 κους.

2123 5269 2258 5342 Editi
2291 5266 2383 5342 καὶ
2405 5267 2463 5342 ὃς
2490 5260 2578 5338 ἦν,
2625 5265 2782 5318 bene.
2813 5263 2884 5316 At
2918 5276 3045 5316 mss.
3075 5274 3167 5315 ses
3197 5259 3291 5312 καὶ
3325 5257 3354 5310 δ
3382 5253 3473 5327 ἦν,

1914 5339 2015 5398 nec
2047 5339 2200 5395 aliter
2232 5340 2422 5407 legitur
2449 5339 2500 5390 in
2534 5343 2885 5407 sacratextu.

1979 5412 2090 5486 (53)
2123 5410 2257 5463 Editi
2283 5399 2470 5468 ὀὐσίας
2491 5399 2954 5486 ὑπερϐολῇηάλλᾲ
2987 5399 3474 5486 ποιότητος-ἔλπεα-

1906 5468 2028 5554 οχῇ.
2062 5468 2132 5537 At
2198 5494 2332 5554 mss.
2370 5493 2464 5554 ses
2515 5487 2574 5554 ut
2601 5468 2660 5554 in
2688 5468 2969 5554 contextu,
3000 5472 3220 5554 inverso
3261 5468 3472 5554 ordine.

2085 5553 2350 5623 secundus
2409 5545 2593 5623 θυσίας
2635 5541 2928 5623 ὑπεροχὴν,
2959 5539 3124 5623 ἀλλὰ
3190 5537 3473 5623 {tow—tneo;

1907 5607 2255 5695 ὖπέρϐολήνι
2290 5632 2407 5688 quae
2449 5607 2630 5677 lectio,
2666 5615 2711 5695 si
2745 5607 3052 5695 praepositio
3088 5608 3228 5663 κατά
3275 5607 3477 5664 subau—

1814 5729 1818 5734 -
1909 5683 2108 5756 diat'ur,
2138 5683 2193 5748 εἰ
2223 5683 2334 5753 ipsa
2361 5699 2574 5743 auooue
2605 5683 2768 5740 recin‘
2814 5690 2988 5735 nores!
3013 5724 3018 5732 .

321 5759 430 5831 (51)
469 5762 595 5834 Reg.
627 5776 848 5834 quartus
881 5764 980 5816 οὐκ
1023 5762 1218 5832 ἀληθὲς
1258 5763 1393 5818 κατὰ
1433 5765 1557 5827 τοὺς
1603 5765 1828 5848 αἱρετιοὶ
