3956 6216
252 344 349 400 681

1338 341 1704 400 ADVERSUS
1738 343 2104 401 EUNOMIUM
2144 344 2272 402 LIB.
2313 345 2396 400 IV.

3385 348 3482 405 σεε

251 460 323 514 τὰ
353 461 668 532 γεννήματα
708 457 786 528 τῷ
823 455 934 528 Υἱῴ
964 457 1056 511 τοῦ
1089 458 1244 513 Θεοῦ.
1287 461 1395 512 Καὶ
1428 460 1546 523 πῶς
1572 461 1632 512 οὐ
1662 460 1818 529 βλάσ-

1928 462 2242 517 substantia;
2263 471 2346 516 est
2379 460 2684 531 :geniturtc
2713 461 2877 531 igitur
2904 461 3042 516 Filio
3076 459 3167 516 Dei
3204 469 3331 516 sunt
3369 476 3472 516 con

253 568 460 622 φημον;
496 554 544 603 εί
579 553 606 604 6
650 552 941 620 ἀγέννητος
995 549 1129 620 πρὸς
1161 550 1253 602 τὸν
1281 551 1534 621 γεννητὸν
1571 551 1698 604 Υίὸν
1727 552 1818 604 ἀν-

252 643 742 713 τιδιαστελλόμενος
766 642 922 694 οὐσία
944 641 1055 711 (62)
1081 643 1220 705 ἐστὶ,
1237 644 1332 695 καὶ
1359 645 1387 694 ὁ
1406 643 1656 706 ἄκτιστος
1683 642 1818 713 πρὸς

251 734 348 804 τὴν
399 734 574 786 κτίσιν
626 732 1185 803 ἁντιδιαστελλόμενος
1229 733 1384 785 οὐσία
1423 733 1590 786 ἐστίν.
1626 734 1816 787 Ἔσται

251 821 342 878 οὖν
393 824 484 877 καὶ
532 824 821 892 ἀγέννητος
864 823 1040 886 οὐσία,
1073 825 1166 877 καὶ
1205 824 1456 886 ἄκτιστος
1502 823 1676 876 οὐσία.
1716 823 1818 876 Δύο

251 913 344 970 οὖν
376 917 404 968 6
433 916 564 978 Θεὸς
599 915 731 983 (65),
763 917 856 969 καὶ
879 918 939 968 οὐ
979 917 1075 987 μία
1099 917 1276 971 οὐσία.
1305 915 1426 968 Ἔτι
1451 916 1507 968 δὲ
1548 915 1640 970 καὶ
1669 918 1818 969 πᾶσα

248 1011 282 1078 ἡ
311 1008 486 1069 κτίσις
514 1007 664 1059 ἔσται
689 1008 844 1062 οὐσία
873 1008 988 1079 μία.
1026 1009 1235 1071 Ψευδὲς
1265 1009 1322 1061 δὲ
1350 1008 1508 1061 τοῦτο
1542 1008 1653 1077 (6.4)
1677 1024 1690 1036 ο
1722 1008 1818 1078 μία

257 1093 356 1162 μὲν
391 1091 500 1163 γὰρ
529 1093 725 1156 κτίσις,
765 1094 1011 1167 διάφοροι
1047 1096 1103 1148 δὲ
1133 1097 1330 1150 οὐσίαι.
1370 1096 1527 1150 Οὐτω
1556 1097 1613 1150 δὲ
1635 1098 1728 1150 καὶ
1757 1098 1818 1150 τὸ

252 1181 521 1253 ἄτρεπτον
554 1185 718 1238 αὐτοῦ
764 1187 898 1256 (65),
947 1189 1040 1240 καὶ
1088 1188 1150 1240 τὸ
1199 1189 1449 1259 ἄναρχον,
1505 1190 1598 1242 καὶ
1649 1189 1819 1242 πολλά

252 1277 417 1347 ἓτερα
457 1278 633 1331 οὐσίαι
668 1278 896 1332 ἔσονται.
939 1281 1002 1332 El.
1033 1280 1326 1350 ἀγέννητον
1349 1280 1439 1334 τὸν
1471 1280 1690 1351 Πατέρα
1725 1282 1819 1334 καὶ

250 1367 503 1436 γεννητὸν
531 1368 620 1420 τὸν
665 1368 790 1421 Υἱὸν
834 1365 1000 1421 εἰπών
1034 1385 1138 1432 τις,
1181 1368 1276 1432 τὰς
1321 1368 1506 1431 οὐσίας
1561 1367 1815 1438 ἐδήλωσε,

248 1458 336 1510 τὸν
353 1459 549 1529 τρόπον
562 1461 656 1531 τῆς
672 1460 954 1532 ὑπάρξεως
969 1460 1144 1513 αὐτῶν
1159 1461 1330 1513 εἰπεῖν
1346 1476 1428 1522 τις
1442 1459 1549 1526 (66)
1565 1458 1816 1529 θελήσας,

249 1547 367 1611 πῶς
392 1548 456 1601 ἂν
489 1543 689 1621 ἑτέρως
721 1552 894 1605 είπεῖν
911 1550 1198 1620 δυνήσεται
1219 1549 1470 1620 ἢούτως;
1504 1550 1819 1621 ’Υπὰρξεως

248 1634 340 1692 οὖν
374 1640 570 1710 τρόπος
597 1640 658 1693 τὸ
684 1641 974 1712 ἀγέννητος
1009 1641 1140 1713 (67),
1171 1643 1264 1695 καὶ
1284 1643 1383 1694 οὐκ
1415 1641 1602 1704 οὐσίας
1626 1642 1816 1713 ὄνομα.

248 1729 311 1781 ΕΞ
344 1729 410 1782 τὰ
444 1731 698 1802 διάφορον
733 1733 832 1803 τὴν
864 1731 1097 1804 ὓπαρξιν
1125 1732 1218 1786 τοῦ
1245 1729 1380 1785 εἶναι
1417 1731 1607 1803 ἔχοντα
1632 1732 1818 1800 διάφο-

1925 556 2327 611 substantiales.
2350 555 2412 609 Et
2433 556 2703 624 quomodo
2723 557 2825 610 hoc
2851 571 2954 610 non
2975 555 3138 610 fuerit
3163 554 3486 609 absurdumi

1928 648 1988 702 Si
2023 647 2342 713 ingenitusa
2376 647 2562 715 genito
2588 646 2724 700 Filio
2774 661 2838 700 ex
2891 647 3121 701 adverso
3159 647 3446 700 distinctus
3471 683 3488 712 ,

1925 738 2226 793 substantia
2249 747 2352 798 est,
2381 748 2434 790 et
2457 736 2731 790 iucreatus
2749 753 2776 790 a
2801 745 3048 790 creatura
3069 751 3132 789 ex
3160 736 3389 790 adverso
3409 735 3489 790 di-

1924 831 2180 894 stinctus,
2220 828 2523 884 substantia
2549 837 2652 882 est.
2682 828 2799 881 Erit
2819 842 2948 896 ergo
2981 837 3035 882 et
3059 826 3331 895 ingenitus
3357 826 3489 881 sub-

1925 921 2143 986 stantia,
2156 931 2209 974 et
2226 921 2490 973 increatus
2507 919 2821 973 substantia.
2839 918 3066 973 Proinde
3081 917 3366 981 Deusduaz,
3383 931 3490 971 non

1925 1029 2028 1067 una
2051 1012 2346 1068 substantia
2363 1022 2462 1066 est.
2485 1012 2564 1064 Ad
2583 1012 2695 1065 [nec
2715 1021 2769 1064 et
2783 1021 3026 1065 creatura
3047 1011 3220 1064 omnis
3237 1009 3340 1064 erit
3357 1010 3487 1064 sub-

1925 1107 2127 1160 stantia
2161 1120 2286 1159 una.
2315 1104 2426 1158 Hoc
2456 1114 2634 1158 autem
2669 1103 2860 1157 falsum
2884 1112 2968 1158 est
2997 1121 3010 1154 :
3045 1103 3310 1170 siquidem
3336 1115 3490 1156 crea-

1927 1209 2042 1252 tura
2080 1213 2185 1254 una
2233 1208 2335 1262 est,
2367 1197 2684 1251 substantia:
2727 1211 2856 1251 vero
2885 1197 3129 1250 diversae.
3184 1193 3274 1248 Sic
3307 1202 3487 1248 autem

1925 1298 1980 1344 et
2013 1289 2347 1344 immutabile
2383 1288 2522 1356 ejus,
2575 1296 2629 1341 ει
2672 1286 2922 1357 principii
2957 1286 3208 1355 privatio,
3237 1296 3290 1341 et
3321 1286 3489 1340 multa

1926 1381 2028 1434 alia
2064 1391 2224 1434 erunt
2251 1381 2583 1434 substantiae.
2620 1378 2676 1433 Si
2701 1379 2998 1447 ingenitum
3028 1378 3150 1446 quis
3183 1377 3394 1432 Patrem
3432 1385 3489 1432 et

1926 1472 2165 1542 genitqu
2203 1471 2396 1524 Filium
2457 1471 2688 1536 dicens,
2743 1472 3060 1540 signiﬁcavit
3109 1469 3484 1534 substantias;

1926 1577 2046 1616 cum
2075 1561 2293 1618 modqu
2320 1577 2428 1632 quo
2457 1563 2725 1616 exsistunt
2764 1563 2993 1616 voluerit
3015 1563 3136 1630 quis
3156 1561 3356 1622 dicere,
3394 1561 3486 1629 qui

1926 1655 2087 1710 aliter
2118 1670 2281 1724 quam
2338 1657 2417 1710 sic
2472 1656 2654 1711 dicere
2709 1655 2952 1725 poterit?
3006 1654 3282 1725 lngenitus
3326 1653 3487 1723 igitur

1925 1746 2224 1800 exsistendi
2260 1755 2344 1801 est
2395 1751 2607 1813 modus,
2657 1761 2763 1801 non
2811 1746 3126 1800 substantia:
3173 1759 3388 1800 nomen.
3427 1743 3485 1798 Si

251 1837 341 1892 ρον
365 1821 592 1892 ἔχεικαὶ
619 1825 716 1895 τὴν
744 1825 952 1887 οὐσίαν,
983 1825 1102 1877 οὐδὲ
1137 1826 1184 1876 οἱ
1213 1823 1490 1893 ἅνθρωποι
1523 1823 1818 1892 ὁμοούσιοι.

1928 1851 2043 1906 qua:
2071 1837 2342 1893 diversum
2391 1837 2684 1892 exsistendi
2719 1837 2997 1891 exordium
3041 1836 3264 1898 habent,
3301 1836 3481 1888 diver-

251 1913 420 1982 νΑλλη
455 1913 564 1986 γὰρ
597 1913 832 1986 ὐπαρξις
874 1917 1041 1985 Ἀδὰμ
1074 1920 1137 1970 ὲκ
1159 1918 1264 1987 γῆς
1290 1917 1638 1979 πλασθέντος,
1683 1917 1815 1985 ἄλλη

245 2002 304 2054 δὲ
333 2003 476 2067 Εὐας
507 2007 571 2060 ἐκ
598 2006 837 2074 πλευρᾶς
878 2007 1194 2078 γενομένης,
1245 2007 1376 2079 ἄλλη
1428 2009 1485 2060 δὲ
1533 2007 1719 2072 Ἀϐελ,
1756 2010 1819 2061 ὲκ

248 2097 590 2165 συνδυασμοῦ
612 2100 738 2167 γάρ·
761 2099 892 2167 ἄλλη
919 2099 975 2151 δὲ
1002 2098 1094 2150 τοῦ
1124 2101 1189 2152 ὲκ
1205 2101 1445 2170 Μαρίας,
1462 2101 1526 2152 ἐκ
1544 2099 1816 2170 παρθένου

248 2189 436 2258 μόνης.
480 2189 750 2252 Ὡσαύτως
774 2190 830 2242 δὲ
865 2191 958 2244 καὶ
983 2192 1074 2242 ἐπὶ
1102 2191 1209 2244 τῶν
1246 2191 1462 2262 πτηνῶν
1508 2193 1600 2245 καὶ
1620 2209 1816 2263 τετρα-

246 2281 440 2334 πόδων.
476 2283 538 2334 El
565 2283 855 2352 ἀγέννητὸς
881 2285 909 2336 6
949 2284 1158 2355 Πατὴρ,
1178 2285 1256 2336 ὅτι
1291 2284 1365 2354 μὴ
1398 2285 1681 2355 ἐγεννήθη,
1707 2287 1735 2338 6
1761 2284 1817 2337 δὲ

244 2371 372 2435 Υἱὸς
399 2373 675 2444 γεννητὸς,
706 2374 794 2426 διὰ
830 2374 924 2426 τοῦ
955 2375 1298 2444 γεννηθῆναι,
1333 2377 1468 2444 μετὰ
1496 2376 1584 2429 τὸν
1621 2392 1816 2446 γεννη-

246 2464 405 2518 θέντα
442 2467 470 2518 ὁ
508 2466 818 2535 ἀγέννητος.
871 2469 946 2521 Οὐ
973 2467 1080 2538 γὰρ
1111 2463 1224 2538 εἷχε
1256 2467 1390 2534 πρὸς
1433 2468 1491 2520 ὃν
1525 2468 1819 2538 ἀγέννητος

245 2556 594 2628 κληθήσεται.
622 2559 742 2612 Τῶν
765 2562 872 2630 γὰρ
900 2560 1065 2612 ὅντων
1096 2562 1152 2613 αἱ
1183 2559 1598 2623 ἁντιδιαστολαὶ,
1627 2561 1688 2613 οὐ
1713 2560 1819 2612 τῶν

248 2649 322 2719 μὴ
356 2649 542 2704 ὅντων.
572 2651 633 2702 Εί
663 2651 792 2714 Θεὸς
820 2647 887 2721 ἦν
915 2669 1063 2715 ποτε,
1099 2653 1290 2723 Πατὴρ
1331 2654 1387 2705 δὲ
1416 2653 1514 2704 οὐκ
1552 2649 1641 2723 ἦν,
1676 2653 1823 2720 γενό-

251 2754 411 2808 μενος
463 2739 649 2810 Πατὴρ
699 2741 1030 2812 προσείληφε
1072 2742 1152 2809 τὸ,
1210 2741 1423 2810 πατήρ.
1475 2743 1635 2794 Ὥστε
1687 2743 1821 2804 Θεὸς

247 2828 345 2898 μὲν
392 2829 500 2899 (68)
531 2831 845 2902 ἀγέννητος,
883 2833 1139 2904 γεννητὸς
1188 2833 1244 2885 δὲ
1293 2835 1521 2905 Πατήρ·
1566 2835 1820 2904 γεννητὸς

243 2920 350 2990 ἄρα
388 2922 478 2974 καὶ
505 2923 796 2993 ἁγέννητος
830 2926 857 2976 ὀ
891 2925 1051 2987 αὐτὸς
1077 2925 1280 2989 ἁπλοῦς
1308 2925 1402 2980 ὢν.

243 3025 390 3081 pater
416 3016 728 3084 assumpsit.
757 3016 936 3082 Quare
964 3016 1102 3072 Deus
1146 3029 1228 3072 est
1275 3019 1490 3087 quidem
1525 3019 1754 3074 infactus

247 3118 330 3161 est
359 3107 534 3163 factus
561 3118 616 3164 et
639 3110 893 3166 infactus.

1925 1940 2040 1980 sam
2065 1926 2228 1980 etiam
2254 1927 2456 1980 habent
2478 1927 2865 1990 substantiam;
2901 1939 2967 1978 ne
2993 1925 3242 1978 homines
3269 1925 3484 1993 quidem

1923 2019 2069 2072 inter
2097 2033 2156 2073 se
2180 2028 2306 2073 sunt
2352 2019 2864 2074 consubstantiales.
2898 2017 3030 2070 Nam
3078 2019 3233 2071 aliter
3278 2015 3489 2071 exstitit

1921 2107 2094 2163 Adam
2131 2123 2198 2163 ex
2238 2118 2382 2164 terra
2411 2108 2698 2174 formatus,
2729 2109 2884 2162 aliter
2911 2108 3016 2162 Eva
3051 2107 3189 2161 facta
3223 2123 3286 2162 cx
3314 2118 3483 2168 costa,

1925 2200 2082 2255 aliter
2137 2200 2291 2266 Abel,
2342 2215 2411 2256 ex
2456 2201 2600 2254 coitu
2636 2200 2918 2264 videlicet,
2955 2199 3111 2252 aliter
3133 2199 3224 2266 qui
3253 2213 3317 2252 ex
3369 2196 3483 2251 sola

1922 2289 2092 2343 Maria
2124 2289 2336 2360 virgine
2361 2299 2520 2344 natus
2543 2298 2649 2344 est.
2682 2289 2942 2344 Similiter
2961 2298 3140 2342 autem
3177 2297 3231 2342 et
3259 2287 3310 2340 in
3341 2286 3486 2340 vola-

1927 2381 2112 2436 tilibus
2141 2389 2194 2436 et
2213 2383 2264 2436 in
2292 2382 2754 2452 quadrupedibus.
2783 2379 2838 2434 Si
2863 2381 3133 2450 ingenitus
3158 2378 3336 2442 Pater,
3355 2393 3489 2447 quo-

1927 2472 2072 2526 niam
2098 2473 2313 2542 genitus
2361 2489 2466 2527 non
2500 2483 2615 2538 est;
2650 2471 2816 2526 Filius
2865 2481 3041 2524 autem
3091 2471 3322 2539 genitus,
3352 2484 3487 2536 quo-

1927 2564 2074 2618 niam
2107 2565 2321 2634 genitus
2350 2574 2429 2619 est
2457 2582 2471 2631 ;
2523 2565 2794 2634 posterior
2839 2565 3023 2634 genito
3058 2562 3328 2633 ingenitus
3360 2571 3484 2626 est;

1925 2656 2359 2724 quandoquidem
2415 2671 2521 2710 non
2570 2655 2799 2709 habebat
2851 2669 3080 2723 quocum
3139 2663 3488 2723 comparatus

1925 2746 2196 2815 ingenitus
2222 2756 2524 2801 vocaretur.
2547 2744 2682 2798 Nam
2701 2746 3104 2816 distinguuntur
3126 2745 3266 2800 inter
3282 2759 3340 2799 se
3368 2757 3490 2814 qua:

1925 2846 2072 2901 sunt,
2098 2853 2204 2891 non
2237 2847 2416 2892 autem
2459 2853 2578 2907 qua:
2625 2853 2727 2892 non
2757 2848 2903 2893 sunt.
2933 2837 2989 2892 Si
3023 2837 3164 2891 Deus
3203 2835 3491 2904 aliquando

1929 2939 2072 2992 erat,
2117 2943 2219 2982 nec
2261 2939 2439 2982 tamen
2475 2928 2634 2982 Pater
2669 2939 2820 2994 erat;
2861 2930 3037 2981 factus
3076 2928 3255 2991 Pater,
3291 2941 3490 2981 nomen

1801 3038 1815 3073 :
1857 3029 1914 3074 at
1964 3030 2048 3076 est
2088 3021 2250 3076 Pater
2305 3021 2478 3076 factus
2505 3037 2520 3075 :
2550 3021 2714 3091 igitur
2746 3022 2834 3091 qui
2867 3021 3004 3076 idem
3033 3029 3115 3076 est
3147 3029 3201 3074 et
3239 3021 3494 3089 simplex.

315 3244 370 3299 2.
404 3246 467 3299 Ei
499 3245 560 3299 τὸ
589 3246 846 3300 ἀδύνατον
863 3250 1104 3303 ἐναντίον
1133 3249 1244 3320 (69)
1273 3251 1351 3322 τῷ
1379 3251 1614 3322 δυνατῷ,
1643 3252 1736 3304 κα)¹
1757 3251 1818 3303 τὸ

2001 3248 2072 3307 2.
2098 3251 2153 3306 Si
2190 3251 2523 3321 impossibile
2553 3251 2794 3321 possibili
2824 3252 3156 3306 contrarium
3196 3262 3300 3318 est,
3327 3254 3369 3307 si
3403 3269 3489 3308 sa-

244 3335 442 3404 ἄσοφον
493 3335 571 3406 τῷ
606 3341 774 3408 σοφῷ,
830 3341 922 3391 καὶ
960 3340 1136 3393 πάντα
1169 3341 1235 3393 τά
1279 3341 1817 3410 ἀντιδιαστελλόμενα

245 3429 462 3482 ἐναντία
485 3430 754 3501 ἀλλήλοις,
791 3432 1032 3486 ἐναντίον
1057 3434 1151 3487 καὶ
1187 3433 1246 3486 τὸ
1272 3434 1562 3504 ἀγέννητον
1591 3434 1668 3505 τῷ
1689 3451 1816 3502 γεν-

244 3520 412 3590 νητῷ.
447 3522 716 3585 Ἑναντίος
765 3519 856 3576 οὖν
888 3527 916 3576 6
955 3525 1142 3595 Πατὴρ
1183 3525 1258 3594 τῷ
1297 3524 1411 3594 Υἰῷ
1451 3527 1570 3578 κατ’
1607 3527 1816 3589 οὐσίαν,

245 3614 378 3682 εἴγε
414 3614 486 3684 μὴ
511 3615 708 3685 τρόπος
741 3615 1025 3686 ὑπάρξεως
1051 3617 1140 3669 τὸν
1160 3617 1473 3689 ἀγέννητον,
1504 3619 1618 3672 ἀλλ’
1638 3619 1814 3681 οὐσία.

247 3706 308 3758 Εἰ
339 3705 544 3778 κτίσμα
597 3707 690 3760 καὶ
723 3708 783 3759 οὐ
823 3709 1068 3778 γέννημα
1091 3709 1118 3760 6
1158 3709 1304 3772 Υἱὸς,
1338 3711 1431 3762 καὶ
1453 3711 1628 3764 πάντα
1661 3711 1716 3762 δὲ
1750 3711 1817 3764 τὰ

243 3798 374 3851 ὄντα
414 3800 711 3870 κτίσματα,
758 3799 935 3870 μάτην
975 3801 1264 3870 ἀγέννητος
1290 3803 1318 3853 6
1350 3801 1540 3873 Πατὴρ
1574 3801 1812 3869 λέγεται,

244 3891 344 3943 οὐκ
369 3890 520 3954 ὄντος
547 3891 684 3954 ὅλως
720 3893 1054 3962 γεννήματος
1094 3881 1231 3962 πρὸς
1260 3892 1288 3944 ὃ
1321 3893 1562 3946 καλεῖται
1589 3893 1816 3962 ἀγέννη-

243 3999 351 4045 τος.
383 3983 724 4053 Δικαιότερον
758 3977 851 4035 οὗν
894 3983 1147 4046 ἅκτιστος
1195 3983 1226 4054 ἢ
1278 3985 1568 4053 ἀγέννητος
1607 3982 1818 4050 λέγοιτο

246 4075 332 4126 ἄν.
373 4074 445 4126 Τὸ
491 4074 784 4146 ἀγέννητος
824 4076 871 4127 εί
916 4074 1116 4145 ὄνομα,
1167 4075 1267 4128 οὐκ
1317 4076 1494 4129 οὐσία.
1549 4074 1668 4127 Τῶν
1713 4075 1819 4146 γὰρ

247 4167 442 4218 οὐσιῶν
476 4166 782 4236 σημαντικά
826 4166 894 4219 τὰ
933 4167 1200 4237 ὀνόματα,
1246 4167 1345 4219 οὐκ
1382 4166 1518 4220 αὐτά
1546 4166 1724 4219 οὐσία.
1759 4167 1820 4218 Ei

249 4257 305 4308 δὲ
341 4257 626 4309 αὐτοουσία
654 4256 712 4308 τὸ
733 4256 1081 4326 ἀγέννητος,
1103 4256 1411 4324 λεγέτωσαν
1429 4256 1489 4307 τὸ
1513 4255 1682 4325 ὄνομα
1720 4255 1819 4306 αὐ-

249 4345 366 4414 τῆς.
415 4345 488 4397 Οὐ
535 4345 642 4416 γὰρ
692 4347 754 4398 ὲκ
800 4345 907 4398 τῶν
949 4346 1167 4411 οὐσιῶν,
1217 4345 1328 4398 ἀλλ’
1370 4347 1434 4397 ἐκ
1484 4345 1594 4397 τῶν
1625 4345 1820 4415 ὀνομά-

249 4455 357 4491 των
391 4439 484 4490 καὶ
510 4438 616 4490 τῶν
647 4437 936 4508 ἐνεργειῶν
965 4437 1324 4510 γνωρίζομεν,
1354 4438 1446 4499 καὶ
1472 4437 1707 4508 μάλιστα
1751 4436 1822 4490 τὰ

323 4679 435 4750 (62)
465 4678 606 4732 Editi
635 4677 1208 4750 ἀντιδιαστελλόμενος
1226 4678 1394 4750 ἑτέρα
1426 4678 1602 4731 οὐσία.
1623 4677 1818 4732 Vocem

251 4749 342 4815 οὐ,
367 4750 594 4819 quodin
627 4749 864 4816 antiquis
899 4749 1174 4819 scxltbris
1207 4749 1365 4812 desit,
1391 4750 1668 4819 delendam
1698 4765 1827 4801 cen-

254 4817 484 4874 suinius.
512 4818 870 4889 Rursusgditi
907 4817 1042 4889 πρὸς
1074 4817 1174 4888 τὴν
1222 4819 1398 4870 κτίσιν
1460 4818 1826 4889 ἀντιδιαστελ-

253 4891 478 4961 λόμενος
512 4887 692 4959 ἑτέρᾳ.
712 4887 785 4961 ΔΕι
814 4889 918 4961 hic
937 4887 1151 4955 quoque
1191 4903 1373 4961 vocent
1403 4887 1589 4961 οὐσίαν
1619 4905 1827 4961 expuu-

253 4956 452 5024 xiinus,
503 4956 813 5013 eorumdem
870 4957 1128 5011 librorum
1193 4956 1350 5009 [idem
1420 4959 1615 5012 secuti.
1695 4957 1826 5021 lieg.

255 5031 446 5084 tertius
478 5028 614 5099 πρὸς
639 5027 736 5099 τὴν
753 5027 928 5081 κτίσιν
955 5026 1520 5099 ἀντιδιαστελλόμενος
1567 5031 1624 5080 ἐν
1675 5029 1832 5098 οὐσίᾳ

251 5100 401 5169 ἐστὶν
426 5099 612 5170 ἑτέρᾳ.

325 5168 684 5252 (65).Autiqui
718 5176 830 5222 tres
854 5167 980 5222 libri
1011 5169 1039 5222 6
1072 5167 1226 5230 Θεὸς.
1280 5168 1441 5223 Deest
1475 5167 1732 5222 articulus
1772 5168 1826 5221 in

254 5243 614 5392 vuiailsiéditi
648 5307 742 5362 καὶ
771 5307 951 5362 τοῦτο.
974 5306 1175 5364 Vocula
1212 5307 1307 5359 καί
1361 5309 1414 5361 in
1436 5317 1670 5378 quatuor
1699 5324 1827 5362 mss.

258 5385 607 5521 Πῆιίόὲξεὲιθιίἷί
655 5458 712 5521 ει
757 5446 911 5521 Βεεζ
925 5447 1126 5521 tertius
1145 5446 1206 5521 τὸ
1237 5447 1502 5521 ἄτρεπτος
1533 5446 1705 5521 αὐτοξ
1739 5446 1831 5521 καί

254 5519 317 5574 τὸ
338 5516 1057 5602 ἀναρχος...γούσία.“(ὶο(1ει
1089 5519 1242 5573 Colb.
1281 5516 1337 5572 et
1376 5518 1465 5571 alii
1515 5518 1621 5571 duo
1671 5517 1825 5586 Regii

259 5603 318 5645 ιιι
351 5601 403 5643 in
435 5601 714 5645 contextu.

328 5659 441 5742 (66‘
469 5659 663 5714 Addita
697 5674 782 5718 est
805 5657 996 5716 vocula
1024 5675 1110 5722 τις
1131 5672 1200 5712 cx
1232 5657 1473 5728 antiquis
1493 5659 1731 5726 quinque
1760 5657 1827 5712 li-

259 5733 446 5872 brain
481 5798 664 5856 Codex
689 5800 839 5858 Colb.
885 5811 938 5857 et
986 5796 1121 5872 Reg.
1155 5805 1379 5869 quartus
1413 5797 1472 5851 τὸ
1515 5761 1826 5870 ἀγέννητος.

1921 3345 2087 3412 pienti
2122 3344 2400 3412 insipiens,
2442 3343 2487 3398 si
2535 3342 2717 3396 omnia
2759 3358 2878 3412 qua:
2906 3358 2968 3397 ex
3008 3342 3236 3397 adverso
3287 3343 3488 3396 distin-

1924 3445 2162 3505 guuntur
2193 3435 2470 3489 contraria
2529 3433 2672 3487 inter
2697 3448 2756 3489 se
2797 3443 2942 3498 sunt,
2997 3435 3160 3494 etiam
3195 3433 3489 3503 ingenitum

1924 3528 2108 3598 genito
2132 3538 2214 3581 est
2256 3526 2610 3582 contrarium.
2647 3525 2812 3597 Igitur
2857 3525 3169 3579 contrarius
3214 3533 3296 3578 cst
3329 3522 3490 3578 Pater

1923 3620 2059 3674 Filio
2078 3620 2370 3674 secundum
2390 3617 2770 3679 substantiam,
2800 3617 2844 3671 si
2877 3615 3034 3670 modo
3057 3615 3352 3684 ingenitum
3380 3628 3482 3667 non

1923 3711 1996 3766 sit
2018 3710 2311 3765 exsistendi
2345 3709 2560 3773 modus,
2589 3707 2684 3764 sed
2709 3707 3034 3763 substantia.
3063 3706 3234 3760 Filius
3265 3707 3311 3760 si
3335 3720 3488 3760 crea-

1922 3813 2042 3857 tura
2081 3811 2185 3868 est,
2215 3817 2319 3856 non
2350 3800 2622 3871 genitura,
2650 3808 2706 3854 et
2737 3806 2929 3853 cuncta
2984 3812 3104 3867 quae
3147 3805 3292 3862 sunt,
3340 3811 3487 3850 crea-

1922 3901 2055 3948 tura:
2078 3902 2222 3958 sunt,
2247 3892 2448 3947 frustra
2478 3893 2646 3946 Pater
2679 3891 2950 3960 ingenitus
2972 3890 3188 3954 dicitur,
3218 3905 3340 3944 cum
3371 3905 3477 3943 non

1921 3988 1994 4040 sit
2017 3986 2240 4039 omnino
2265 3986 2535 4056 genitura,
2567 3984 2722 4054 cujus
2757 3993 3003 4051 respectu
3026 3983 3322 4052 appelletur
3345 3982 3490 4050 inge-

1927 4078 2072 4130 nitus
2102 4093 2117 4141 ;
2151 4077 2313 4146 igitur
2339 4075 2532 4144 potiori
2560 4075 2682 4146 jure
2709 4074 2984 4128 increatus
3018 4088 3178 4141 quam
3218 4071 3490 4142 ingenitus

1926 4168 2219 4223 diceretur.
2253 4166 2529 4234 lngenitus
2581 4167 2628 4220 si
2659 4179 2854 4220 nomen
2886 4173 2989 4231 est,
3043 4179 3150 4219 non
3185 4163 3488 4219 substantia

1921 4268 2021 4312 est.
2056 4258 2280 4312 Nomina
2323 4260 2467 4313 enim
2509 4257 2836 4313 substantias
2890 4255 3218 4325 signiﬁcant,
3261 4257 3352 4309 sed
3387 4270 3489 4308 non

1921 4358 2047 4402 sunt
2063 4348 2382 4402 substantia.
2403 4348 2459 4401 Si
2479 4363 2607 4401 vero
2624 4363 2748 4409 vox,
2766 4349 3043 4416 ingenitus,
3060 4348 3171 4414 ipsa
3194 4345 3491 4400 substantia

1932 4450 2036 4507 est,
2059 4439 2201 4494 illius
2233 4440 2417 4494 dicant
2455 4455 2674 4495 nomen.
2714 4437 2879 4510 284
2919 4437 3034 4492 Non
3074 4438 3217 4492 enim
3264 4453 3328 4491 ex
3371 4437 3493 4495 sub.-

1931 4681 2031 4737 Alii
2068 4696 2197 4734 mss.
2230 4689 2285 4735 et
2325 4680 2451 4734 editi
2484 4680 2544 4732 τὸ
2583 4679 2896 4749 ἀγέννητον.

2001 4752 2114 4820 (68)
2148 4751 2262 4816 Illa,
2298 4750 2438 4804 ὥστε
2464 4750 2754 4820 Θεὸςίμέν,
2789 4754 2866 4804 sic
2896 4750 3288 4818 Trapezuntius
3321 4752 3494 4806 inter-

1935 4819 2179 4891 pretatus
2216 4831 2300 4891 est
2335 4840 2347 4875 :
2393 4821 2570 4885 Quare
2601 4819 2744 4873 Deus
2774 4822 2982 4889 quidem
3021 4822 3278 4886 ingenitus
3306 4834 3323 4870 :
3356 4823 3494 4887 geni-

1904 4889 2020 4945 .tus
2048 4900 2220 4944 autem
2253 4889 2414 4944 Pater
2443 4908 2463 4947 :
2508 4891 2764 4958 ingenitus
2795 4905 2916 4959 ergo
2968 4898 3017 4943 et
3061 4892 3286 4957 genitus,
3332 4892 3491 4954 idem,

1938 4979 2054 5014 cum
2081 4960 2426 5026 sitsimplex:
2455 4975 2575 5028 quae
2616 4961 2800 5024 verba,
2853 4959 2953 5011 nisi
2993 4959 3350 5026 explicentur,
3397 4963 3494 5014 ob-

1939 5045 2094 5083 scura
2138 5032 2384 5082 videntur
2412 5041 2465 5082 et
2500 5029 2770 5082 intellectu
2822 5028 3080 5082 dillicilia.
3131 5031 3270 5082 Puto
3311 5040 3491 5082 autem

1939 5103 2281 5169 scriptorem,
2307 5101 2614 5166 quicunque
2650 5101 2864 5152 tandem
2895 5099 2984 5151 ille
3009 5101 3097 5162 sit,
3128 5099 3178 5150 in
3213 5100 3390 5152 verbis
3421 5100 3515 5158 |u-,

1931 5172 2089 5232 dere,
2120 5180 2174 5223 et
2209 5170 2273 5221 ad
2311 5185 2494 5223 vocem
2530 5169 2842 5238 γενόμενος,
2868 5183 2987 5234 qua:
3013 5169 3287 5237 praecedit.
3315 5182 3495 5236 respe-

1934 5255 2077 5292 xisse
2107 5258 2119 5291 :
2155 5250 2211 5290 ut
2252 5240 2320 5290 sit
2361 5254 2571 5300 sensus,
2631 5239 2770 5290 Deus
2816 5251 3103 5305 antequam
3143 5239 3318 5291 l'actus
3349 5248 3495 5292 esset

1932 5308 2111 5370 Pater,
2161 5324 2265 5362 nou
2303 5320 2422 5360 erat
2463 5307 2637 5361 factus
2690 5307 2871 5377 Pater.
2932 5308 3096 5377 Igitur
3145 5307 3321 5368 Pater,
3368 5323 3493 5361 cuiu

1934 5381 2162 5447 simplex
2195 5379 2285 5442 sit,
2315 5378 2488 5431 factus
2513 5387 2568 5428 et
2609 5393 2714 5430 non
2753 5376 2927 5430 factus
2957 5376 3061 5432 dici
3085 5386 3275 5447 (potest
3307 5400 3317 5431 :
3352 5377 3493 5445 quod

1935 5446 2118 5504 secum
2151 5463 2395 5516 pugnare
2440 5448 2689 5515 scriptori
2731 5449 2907 5500 visum
2944 5457 3048 5500 est.
3081 5446 3218 5500 Hinc
3247 5447 3496 5516 sequitur

1933 5532 2095 5571 voces
2114 5518 2407 5585 ἀγέννητος
2430 5528 2484 5569 ει
2517 5517 2770 5586 γεννητὸς
2805 5518 2905 5570 hoc
2931 5517 3052 5570 loco
3092 5527 3184 5571 aut
3227 5519 3366 5572 idem
3403 5533 3496 5570 va-

1934 5588 2044 5641 lere
2078 5591 2219 5655 quod
2247 5603 2408 5640 voces
2435 5587 2699 5655 ἁγένητος
2729 5596 2784 5640 ει
2820 5587 3068 5656 γενητός,
3103 5598 3194 5639 aut
3243 5588 3492 5640 mendum

1934 5674 2054 5712 esse
2077 5657 2438 5728 librariorum,
2468 5658 2560 5726 qui
2582 5657 2818 5711 litteram
2841 5673 2870 5710 ν
2897 5659 3016 5711 voci
3045 5661 3258 5728 utrique
3280 5660 3495 5713 incaute

1935 5727 2253 5780 addiderint.

2003 5796 2115 5871 (69)
2139 5797 2275 5852 ΚιΙίιὶ
2300 5798 2568 5852 ἐναντίαν.
2605 5797 2672 5851 At
2705 5811 2834 5854 mss.
2867 5796 3126 5852 ἐναντίον.
