3956 6216
492 325 597 380 683
1782 323 1838 378 S.
1877 323 2117 378 BASILII
2156 321 2369 379 MAGNI

488 443 736 509 stamlis,
769 443 864 498 sed
899 458 931 498 e
976 441 1284 497 nominibus
1316 449 1370 495 et
1394 441 1804 511 Operationibus
1845 457 2048 512 cogno-

2150 441 2436 510 ἀσώματα.
2483 440 2546 492 Et
2575 439 2638 492 τὸ
2675 439 3002 510 ἀγέννητος
3035 441 3199 514 ὄνομα
3252 443 3352 514 τῆς
3391 442 3607 506 οὐσίας
3664 443 3766 495 τοῦ

2152 531 2308 593 Θεοῦ,
2353 531 2385 601 ἢ
2417 531 2513 602 τὴν
2546 532 2733 585 οὐσίαν
2767 533 2864 604 τὴν
2902 533 3038 586 ἰδίαν
3086 534 3242 598 εἰδὼς
3280 538 3309 588 6
3349 535 3483 598 Θεὸς
3510 535 3591 588 τὸ
3625 535 3760 589 δνο-

489 537 708 599 seimus,
727 544 781 590 et
795 532 1089 603 praesertim
1105 533 1439 600 incorporea.
1456 530 1728 601 Ingenitus
1743 534 1788 587 si
1805 532 2050 586 substan-

489 627 579 680 tia:
608 625 704 680 Dei
747 640 938 680 nomen
991 635 1094 688 est,
1125 633 1219 677 aut
1253 623 1394 677 Deus
1421 638 1516 676 sua
1549 624 1716 693 ipsius
1745 623 2047 679 substantia

489 719 705 786 cognita
732 732 926 771 nomen
959 717 1276 771 substantia:
1305 716 1600 784 ignoravit:
1639 723 1731 769 aut
1747 715 1931 781 etiam,
1958 731 2049 770 no-

490 807 634 860 mine
655 810 890 876 cognlto,
925 806 1205 859 audientes
1229 805 1458 872 decepit.
1481 805 1734 860 Dominus
1760 807 1905 860 enim
1937 807 2042 859 ait:

489 895 827 966 Omnipotens
855 913 1038 949 nomen
1065 911 1232 949 meum
1255 896 1323 948 ⁶⁷.
1355 895 1420 948 Et
1448 911 1478 949 a
1513 895 1657 951 Mose
1688 897 2047 966 interrogatus

485 988 629 1056 quod
658 987 708 1041 ei
737 995 883 1041 esset
921 1001 1114 1041 nomen
1141 1002 1156 1038 :
1188 982 1322 1054 Ego,
1359 985 1550 1054 inquit,
1573 1001 1690 1039 sum
1716 985 1803 1055 qui
1835 1002 1949 1038 sum
1977 986 2043 1052 ‘3;

484 1088 542 1133 et
567 1094 813 1133 rursum:
855 1077 993 1132 Deus
1023 1078 1309 1142 Abraham,
1347 1087 1394 1132 et
1429 1077 1568 1131 Deus
1612 1076 1793 1140 Isaac,
1827 1087 1876 1130 et
1904 1077 2044 1132 Deus

482 1165 647 1221 Iacob
672 1185 691 1234 ;
715 1169 811 1220 hoc
837 1169 961 1220 mihi
985 1183 1169 1220 nomen
1197 1177 1450 1219 wternum
1482 1167 1550 1218 θ’.
1585 1165 1650 1219 Et
1683 1167 1850 1220 David
1881 1185 1896 1222 :
1938 1167 2046 1220 Do-

483 1261 656 1314 minus
690 1277 873 1313 nomen
909 1259 1002 1311 tibi
1039 1259 1106 1313 7°.
1153 1257 1224 1312 At
1257 1259 1356 1312 hoc
1383 1273 1599 1323 nomen,
1632 1258 1912 1327 ingenitus,
1947 1275 2045 1315 nec

485 1354 604 1424 ipse
632 1353 734 1407 sibi
767 1351 1039 1421 ascripsit,
1068 1367 1167 1407 nec
1199 1353 1485 1420 quisquam
1511 1361 1818 1405 sanctorum
1853 1351 2006 1405 dixit.

557 1447 612 1502 Si
647 1461 776 1500 vero
805 1460 903 1500 nec
935 1445 1166 1513 decepit.
1197 1459 1295 1498 nec
1325 1444 1595 1512 ignoravit
1626 1443 1868 1513 (impium
1900 1444 2045 1498 enim

483 1550 566 1594 est
596 1539 788 1593 borum
827 1538 1028 1606 aliquid
1061 1537 1287 1606 dicere),
1315 1536 1576 1605 ingenitus
1611 1536 1661 1589 ei
1698 1549 1892 1588 nomen
1937 1551 2042 1590 non

481 1642 586 1686 est.
628 1630 900 1700 Ingenitus
927 1637 1019 1681 aut
1045 1630 1342 1682 substantia
1370 1636 1470 1693 est,
1500 1637 1592 1682 aut
1621 1627 1868 1682 accidens
1895 1625 2043 1688 (nam

483 1732 680 1792 praeter
716 1723 828 1774 haec
863 1719 996 1774 nihil
1029 1733 1149 1773 esse
1189 1716 1385 1787 poteSt)
1421 1737 1434 1770 :
1467 1720 1560 1774 sed
1594 1719 1897 1773 subStantia
1938 1733 2042 1773 non

480 1821 586 1876 est,
619 1827 739 1866 cum
773 1826 876 1864 non
905 1810 976 1864 sit
1003 1808 1293 1878 quidquam
1323 1808 1464 1877 quod
1508 1808 1576 1864 ab
1611 1823 1674 1864 eo
1705 1824 1770 1864 ex
1802 1809 2044 1879 opposito

481 1904 864 1973 distinguatur.
896 1901 993 1955 Est
1024 1900 1167 1953 enim
1207 1899 1372 1954 Filius
1409 1899 1644 1968 genitus.
1682 1909 1736 1952 at
1765 1913 1867 1952 non
1908 1913 2042 1967 qua-

483 2007 640 2050 tenus
683 1993 982 2048 substantia
1017 2001 1120 2054 est,
1159 1993 1252 2045 sed
1289 2001 1551 2061 quatenus
1585 1991 1794 2059 genitus
1827 1983 1944 2044 fuit.
1984 1989 2043 2044 Si

479 2101 612 2141 vero
645 2085 914 2146 accidens,
954 2093 1047 2137 aut
1101 2092 1292 2136 natura
1344 2082 1562 2136 insitum
1603 2091 1706 2146 est,
1742 2090 1834 2135 aut
1869 2088 2046 2150 potest

481 2178 670 2231 adesse
699 2184 754 2230 et
785 2177 995 2227 abesse.
1039 2171 1167 2236 Sed,
1195 2173 1238 2226 si
1283 2181 1473 2226 natura
1509 2171 1727 2224 insitum
1763 2179 1866 2238 est,
1901 2172 2043 2228 Deus

481 2266 792 2322 necessario
821 2273 875 2318 et
901 2262 1202 2317 substantia
1232 2272 1286 2315 et
1313 2261 1562 2315 accidens
1593 2269 1697 2315 est.
1731 2259 1860 2327 Qua
1897 2261 2042 2315 enim

479 2365 605 2410 sunt
655 2352 945 2422 ejusmodi,
999 2352 1306 2406 necessario
1360 2351 1610 2406 accidunt
1659 2353 1854 2422 quibus
1907 2353 2045 2406 acci-

478 2448 632 2503 dunt.
671 2447 824 2513 Quod
875 2446 919 2500 si
975 2445 1352 2514 contingenter
1399 2443 1572 2509 adest,
1618 2444 1722 2498 erit
1777 2443 2044 2514 ingenitus

480 2540 770 2608 aliquando
797 2546 852 2591 et
879 2537 1107 2607 genitus.
1144 2536 1441 2606 lngeuitum
1471 2536 1515 2589 si
1545 2535 1728 2589 dicunt
1761 2535 1951 2601 Deum,
1979 2550 2044 2590 eo

477 2634 620 2700 quod
651 2631 863 2700 genitus
891 2645 996 2682 non
1033 2638 1134 2696 est,
1167 2645 1273 2684 non
1325 2629 1449 2697 quid
1486 2631 1556 2684 sit
1597 2630 1894 2683 substantia
1929 2630 2044 2697 ejus

477 2723 684 2785 dicunt,
711 2722 803 2774 sed
853 2721 979 2789 quid
1017 2735 1121 2774 non
1168 2722 1258 2773 sit.
1314 2719 1522 2789 Quippe
1565 2721 1868 2774 substantia
1901 2719 2043 2774 nulla

476 2829 541 2870 ex
584 2815 649 2870 iis
681 2829 798 2883 qua:
827 2830 930 2868 non
960 2822 1064 2881 est,
1094 2813 1187 2868 sed
1224 2828 1288 2866 ex
1324 2814 1392 2866 iis
1423 2828 1538 2881 quin
1567 2823 1651 2866 est
1678 2812 2039 2880 cognoscitur.

476 2909 612 2964 Nam
638 2921 690 2964 et
720 2909 866 2972 illud,
897 2906 1232 2970 immortalis,
1261 2914 1315 2959 et
1344 2905 1496 2969 illud,
1533 2905 1965 2972 incorruptibilis,
1990 2912 2044 2956 et

477 3004 630 3069 illud,
660 3002 1022 3064 immutabilis,
1056 3016 1162 3053 non
1194 2997 1552 3052 substantiam
1579 2996 1742 3060 illius,
1772 2996 1865 3052 sed
1899 2995 2042 3066 quod

478 3110 578 3148 nec
628 3092 912 3156 moriatur,
952 3105 1051 3142 nec
1104 3097 1500 3157 corrumpatur,
1537 3101 1635 3140 nec
1681 3097 2043 3141 commutetur

477 3197 536 3238 ut
569 3193 853 3246 creatum,
889 3181 1214 3251 signiﬁcant.
1249 3180 1489 3234 Doceant
1533 3179 1693 3246 igitur
1738 3178 1864 3248 quid
1902 3177 2041 3232 Deus

476 3281 567 3342 sit,
612 3293 714 3332 non
745 3276 873 3344 quid
907 3289 1010 3327 non
1045 3273 1132 3327 sit.
1170 3271 1226 3326 Si
1271 3273 1533 3341 ingenitus
1586 3286 1694 3324 non
1727 3269 2045 3325 subSIantia:

477 3383 672 3422 nomen
705 3375 810 3431 est,
841 3367 932 3421 sed
963 3365 1190 3434 ipsamet
1228 3364 1561 3418 substantia:
1595 3378 1782 3417 rursus
1813 3363 1855 3416 si
1874 3361 2045 3417 Filius

476 3446 915 3521 est'substantia,
939 3458 1098 3511 etiam
1126 3455 1295 3508 Filius
1322 3455 1594 3524 ingenitus
1623 3464 1743 3519 est;
1779 3455 1887 3508 imo
1916 3469 2044 3509 vero

475 3550 777 3606 substantia
819 3548 995 3602 omnis
1044 3549 1148 3601 erit
1199 3548 1461 3615 ingenita.
1496 3547 1550 3601 Si
1585 3547 1879 3616 ingenitum
1913 3547 2042 3601 sub-

477 3643 677 3698 stantia
710 3642 802 3695 Dei
837 3650 939 3704 est,
971 3650 1021 3692 cl
1056 3641 1300 3709 genitura
1333 3639 1631 3693 substantia
1673 3638 1794 3694 Filii
1831 3655 1844 3689 :
1887 3651 2042 3692 crea-

478 3746 596 3790 tura
646 3737 808 3804 igitur
858 3743 948 3788 aut
993 3732 1198 3786 factura
1249 3747 1352 3786 non
1402 3743 1482 3785 est
1515 3732 1682 3800 ipsius
1721 3730 2040 3786 substantia.

474 3826 646 3886 Filius
674 3829 818 3883 enim
849 3843 977 3892 una,
1013 3841 1117 3879 non
1163 3825 1344 3878 multa:
1387 3823 1724 3879 substantiae.
1758 3823 1890 3877 Cum
1921 3823 2042 3892 quis

476 3919 776 3981 hominem,
803 3926 896 3970 aut
938 3916 1194 3984 lapidem,
1225 3925 1316 3967 aut
1350 3915 1548 3984 lignum
1594 3914 1744 3978 dicit,
1781 3916 2042 3967 substan-

479 4012 606 4066 tiam
639 4010 929 4080 quamdam
981 4009 1182 4062 indicat
1217 4027 1229 4061 :
1263 4015 1316 4060 at
1364 4022 1486 4060 cum
1546 4007 1844 4075 genituram
1886 4006 2040 4071 dicit,

474 4118 584 4158 non
625 4101 982 4156 substantiam
1022 4099 1338 4168 simpliciter
1386 4097 1686 4168 significat;
1719 4097 1915 4166 alioqui
1946 4112 2041 4168 ge-

474 4195 658 4248 nitura
683 4193 859 4246 omnis
883 4201 1026 4246 esset
1056 4206 1159 4244 una
1189 4192 1508 4244 substantia.
1538 4189 1690 4256 Quod
1718 4190 1762 4243 si
1793 4189 2040 4258 genitura

475 4287 834 4342 substantiam
871 4286 1178 4355 quampiam
1216 4299 1318 4337 non
1355 4283 1642 4354 signiﬁcat,
1690 4297 1863 4351 neque
1899 4284 2043 4351 inge-

475 4380 612 4433 nitus
646 4377 910 4447 profecto.
946 4377 1083 4431 Deus
1113 4375 1158 4428 si
1193 4374 1461 4443 ingenitus
1493 4383 1598 4437 est,
1629 4389 1694 4428 eo
1722 4374 1860 4443 quod
1895 4373 2041 4443 geni-

2153 639 2228 691 μα
2255 621 2359 692 τῆς
2395 623 2583 686 οὐσίας
2613 623 2901 694 ἠγνόησεν,
2929 623 2961 693 ἢ
2990 624 3083 676 καὶ
3108 624 3167 677 τὸ
3197 625 3368 695 ὄνομα
3407 623 3584 688 εἰδὼς
3626 626 3766 686 τοὺς

2149 715 2439 779 ἀκούοντας
2487 716 2756 785 ἠπάτησε.
2790 717 2994 788 Κύριος
3029 718 3137 787 γάρ
3160 735 3320 787 φησιν
3339 735 3351 746 ·
3379 715 3764 784 Παντοκρά-

2149 823 2260 873 τωρ
2301 805 2484 875 ὄνομά
2509 824 2626 875 μου
2649 806 2782 876 (70).
2805 809 2915 860 Καὶ
2941 807 3090 878 παρὰ
3126 809 3366 870 Μωσέως
3399 807 3760 876 ἐρωτηθεὶς,

2147 896 2198 947 τί
2236 896 2406 966 ὄνομα
2437 897 2606 968 αὐτῷ,
2630 898 2793 968 φησιν
2814 914 2827 927 ο
2876 896 3023 966 Ἐγώ
3049 900 3164 965 ειμι
3196 901 3227 950 ὁ
3249 897 3333 948 ῶν
3351 914 3364 927 ·
3396 899 3493 950 καὶ
3527 896 3719 949 πάλιν
3743 913 3758 926 ο

2159 989 2220 1040 ’0
2242 989 2385 1054 Θεὸς
2408 989 2670 1058 Ἀϐραὰμ,
2693 989 2791 1042 καὶ
2813 993 2845 1042 ό
2863 991 3007 1054 Θεὸς
3029 988 3139 1059 (7|)
3163 989 3389 1052 Ἰσαὰκ,
3409 989 3510 1040 καὶ
3536 991 3576 1040 o'
3601 988 3760 1053 Θεὸς

2159 1079 2380 1134 Ἰακώϐ·
2417 1082 2593 1134 τοῦτό
2611 1100 2713 1150 μοι
2740 1082 2926 1149 ὄνομα
2947 1081 3186 1134 αἰώνιον
3205 1098 3218 1110 ·
3249 1082 3344 1133 καὶ
3371 1081 3550 1133 Δαϐῐδ
3571 1099 3589 1110 ·
3631 1082 3758 1134 Κύ-

2137 1189 2269 1238 ριος
2287 1171 2472 1240 ὄνομά
2490 1190 2586 1226 σοι
2614 1173 2747 1243 (72).
2779 1173 3127 1242 Ἆτέννητον
3141 1173 3197 1225 δὲ
3219 1173 3388 1242 δνομα
3409 1172 3547 1226 οὔτε
3577 1173 3758 1236 αὐτὰ

2147 1262 2350 1333 ἑαυτῷ,
2404 1263 2527 1316 οὔτε
2579 1282 2662 1327 τις
2702 1264 2809 1316 τῶν
2867 1266 3035 1334 ἁγίων
3080 1265 3316 1336 εἴρηκεν.
3362 1266 3430 1317 Εἰ
3488 1265 3558 1317 δὲ
3621 1265 3753 1317 οὔτε

2145 1352 2446 1422 ἠπάτησεν,
2499 1353 2622 1406 οὔτε
2661 1355 2928 1425 ἠγνόησεν
2984 1354 3196 1424 (ἀσεϐὲς
3229 1355 3337 1426 γάρ
3393 1372 3450 1407 τι
3517 1356 3754 1408 τούτων

2145 1445 2380 1513 εἰπεῖν),
2423 1444 2484 1496 τὸ
2507 1445 2838 1514 ἁγέννητος
2882 1446 2982 1498 οὐκ
3011 1445 3181 1516 ὄνομα
3215 1447 3397 1500 αὐτοῦ.
3437 1447 3537 1520 ἁΤὸ
3564 1449 3756 1517 ἀγέν-

2144 1536 2374 1606 νητοςῆ
2405 1536 2561 1589 οὐσία
2595 1537 2762 1602 ἐστὶν,
2787 1538 2820 1608 ἢ
2842 1537 3187 1610 συμϐεϐηκὸς
3204 1539 3377 1611 (παρὰ
3404 1539 3599 1592 ταῦτα
3635 1541 3752 1608 (73)

2145 1627 2252 1699 γὰρ
2277 1627 2426 1681 οὐδὲν
2460 1627 2526 1681 ἂν
2559 1629 2665 1699 εἴη)
2687 1647 2702 1660 ’
2749 1628 2860 1682 ἀλλ’
2915 1629 3072 1684 οὐσία
3121 1631 3218 1701 μὲν
3271 1631 3372 1684 οὐκ
3404 1631 3589 1694 ἐστιν,
3619 1631 3750 1684 οὗτε

2145 1721 2252 1790 γὰρ
2299 1719 2362 1773 τὸ
2409 1720 2967 1791 ἁντεδιαστελλὸμενον
3013 1722 3186 1792 αὐτῷ·
3226 1723 3492 1792 γεννητὸς
3545 1725 3668 1794 γὰρ
3721 1726 3752 1776 6

2147 1812 2292 1874 Υἱὸς,
2326 1813 2385 1864 οὐ
2444 1810 2578 1864 καθὸ
2617 1810 2794 1875 οὐσία,
2839 1810 2973 1864 ἀλλὰ
3014 1811 3147 1865 καθὸ
3196 1811 3464 1881 ἐγεννήθη
3491 1828 3507 1840 ·
3567 1816 3622 1865 εἰ
3689 1813 3748 1866 δὲ

2148 1902 2523 1974 συμϐεϐηκὸς,
2570 1903 2603 1972 ἦ
2649 1902 3032 1972 συμπέφυκεν,
3076 1902 3107 1972 ἢ
3154 1903 3429 1973 ἐνδέχεται
3461 1903 3745 1975 ὑπάρχειν

2145 1997 2240 2049 καὶ
2270 1995 2344 2067 μὴ
2395 1995 2674 2066 ὑπάρχειν.
2726 1993 2863 2046 Ἀλλ’
2893 1995 2941 2046 εἰ
2976 1994 3073 2064 μὲν
3105 1995 3488 2064 συμπέφυκεν,
3517 1997 3738 2065 ἀνάγκη

2142 2086 2221 2157 τῷ
2250 2086 2368 2157 Θεῷ
2415 2087 2508 2140 κα)¹
2543 2086 2730 2139 οὐσίαν
2766 2085 2876 2155 (74)
2924 2085 3018 2138 καὶ
3053 2084 3396 2156 συμϐεϐηκὸς
3429 2081 3603 2139 εἶναι.
3656 2087 3742 2151 Ἐξ

2144 2179 2388 2249 ἀνάγκης
2421 2177 2528 2248 γάρ
2566 2177 2634 2230 τὰ
2671 2176 2894 2230 τοιαῦτα
2931 2175 3215 2247 συμϐαίνει
3241 2173 3322 2239 οἷς
3352 2177 3736 2249 συμϐέϐηκεν.

2143 2273 2207 2326 Εἰ
2243 2272 2298 2324 δὲ
2338 2271 2700 2341 ἐνδεχομένως
2733 2269 2880 2340 (75),
2928 2269 3078 2321 ἔσται
3112 2270 3206 2321 καὶ
3249 2269 3564 2339 ἀγέννητὸς
3611 2287 3737 2325 ποτε

2144 2363 2238 2417 καὶ
2269 2363 2541 2433 γεννητὸς.
2581 2363 2642 2414 Εἰ
2667 2361 2958 2431 ἀγέννητον
2996 2361 3210 2430 λέγουσι
3244 2361 3332 2413 τὸν
3359 2361 3522 2425 Θεὸν,
3550 2363 3634 2414 ὅτι
3664 2364 3734 2433 μὴ

2143 2451 2423 2522 ἐγεννήθη,
2457 2451 2516 2504 οὐ
2551 2451 2602 2503 τί
2631 2453 2776 2503 ἐστιν
2811 2452 2843 2521 ή
2889 2449 3042 2502 οὐσία
3073 2449 3258 2513 αὐτοῦ,
3283 2450 3572 2518 λέγουσιν,
3604 2455 3731 2506 ἀλλὰ

2141 2545 2196 2597 τί
2228 2545 2325 2596 οὐκ
2357 2544 2523 2598 ἔστιν.
2571 2542 2809 2612 Οὐδεμία
2841 2542 2896 2595 δὲ
2923 2542 3078 2595 οὐσία
3107 2541 3166 2606 ἐξ
3197 2536 3270 2595 ὧν
3300 2543 3400 2594 οὐκ
3432 2544 3556 2596 ἐστι
3593 2563 3732 2612 γνω-

2145 2636 2372 2709 ρίζεται,
2408 2637 2520 2690 ἀλλ’
2552 2636 2610 2702 ἐξ
2639 2628 2712 2689 ὧν
2745 2636 2880 2688 ἐστι.
2916 2637 3024 2689 Καὶ
3053 2636 3110 2688 τὸ
3137 2635 3438 2701 ἀθάνατος
3473 2638 3609 2707 γὰρ,
3645 2638 3732 2689 καὶ

2143 2730 2200 2781 τὸ
2229 2728 2525 2798 ἄφθαρτος
2549 2728 2641 2781 καὶ
2667 2729 2729 2781 τὸ
2756 2728 3063 2796 ἄτρεπτος,
3099 2729 3160 2781 οὐ
3193 2728 3289 2798 τὴν
3318 2729 3517 2780 οὐσίαν
3543 2728 3728 2788 αὐτοῦ,

2141 2819 2254 2874 ἀλλ’
2288 2821 2368 2872 ὅτι
2397 2819 2471 2890 μὴ
2509 2819 2858 2890 ἀποθνήσκει,
2895 2820 3032 2889 μήτε
3078 2819 3378 2888 φθείρεται,
3438 2820 3583 2887 μήτε
3617 2818 3730 2888 τρέ-

2143 2930 2301 2966 πεται
2330 2913 2405 2975 ὼς
2437 2911 2507 2964 τὰ
2533 2911 2827 2982 κτίσματα,
2855 2911 3021 2981 δηλοῖ.
3058 2910 3477 2964 Διδασκέτωσαν
3507 2907 3605 2963 οὗν
3630 2912 3680 2963 τί
3705 2911 3729 2961 6

2140 3005 2271 3068 Θεός
2311 3007 2478 3070 ἐστιν,
2527 3005 2586 3056 οὐ
2615 3003 2665 3056 τί
2714 3004 2815 3056 οὐκ
2862 3002 3025 3055 ἐστιν.
3077 3003 3139 3054 Εἰ
3171 3001 3232 3054 τὸ
3263 3002 3608 3068 dfert-an
3635 3003 3730 3054 οὐκ

2141 3094 2310 3166 ὄνομα
2339 3095 2546 3158 οὐσίας,
2588 3094 2700 3147 ἀλλ’
2741 3093 3025 3146 αὐτοουσία
3080 3092 3215 3161 (76),
3267 3093 3430 3146 οὐσία
3464 3094 3522 3144 δὲ
3568 3096 3664 3146 καὶ
3704 3095 3730 3145 ὁ

2144 3180 2290 3245 Υἱός·
2322 3182 2611 3250 ἀγέννητος
2644 3180 2736 3232 καὶ
2763 3181 2791 3230 6
2820 3177 2965 3240 Υἱὸς,
2996 3177 3088 3229 καὶ
3125 3179 3270 3229 πᾶσα
3296 3177 3354 3229 δὲ
3383 3177 3546 3228 οὐσία
3573 3178 3731 3243 ἀγέν-

2143 3289 2320 3342 νητος.
2365 3273 2427 3324 Εἰ
2456 3271 2516 3324 τὸ
2549 3270 2839 3339 ἀγέννητον
2871 3268 3026 3322 οὐσία
3061 3267 3150 3320 τοῦ
3182 3267 3339 3332 Θεοῦ,
3375 3269 3475 3320 καὶ
3506 3270 3566 3319 τὸ
3607 3268 3732 3335 γέν-

2143 3381 2288 3434 νημα
2325 3361 2481 3416 οὐσία
2511 3361 2603 3415 τοῦ
2637 3360 2765 3414 Υἱοῦ
2788 3377 2801 3390 °
2843 3361 2904 3414 τὸ
2945 3361 3148 3430 κτίσμα
3181 3355 3272 3412 οὖν
3319 3359 3352 3428 ἢ
3386 3360 3610 3429 ποίημα
3635 3359 3734 3410 οὐκ

2142 3455 2300 3508 οὐσία
2347 3452 2530 3506 αὐτοῦ.
2584 3454 2698 3506 Μία
2724 3453 2827 3524 γὰρ
2869 3453 2961 3504 καὶ
2989 3452 3048 3504 οὐ
3084 3451 3273 3504 πολλαὶ
3305 3451 3490 3502 οὐσίαι
3519 3455 3546 3503 6
3583 3452 3730 3513 Υἱός.

2148 3543 2464 3612 Ἀνθρωπόν
2489 3561 2573 3606 τις
2600 3543 2766 3596 εἰπὼν
2786 3585 2800 3607 ,
2833 3543 2864 3614 ἦ
2900 3543 3073 3605 λίθον,
3109 3543 3140 3612 ἦ
3177 3542 3350 3606 ξύλον,
3387 3543 3583 3594 οὐσίαν
3613 3542 3735 3596 τινὰ

2141 3637 2317 3706 δηλοῖ·
2352 3637 2597 3707 γέννημα
2639 3636 2695 3689 δὲ
2735 3635 2923 3701 εἰπὼν,
2951 3637 3049 3689 οὐκ
3089 3637 3276 3690 οὐσίαν
3313 3637 3504 3700 ἁπλῶς
3537 3637 3695 3706 δηλοῖ
3720 3657 3732 3667 ·

2143 3731 2264 3782 ἐπεὶ
2289 3731 2395 3782 πᾶν
2429 3728 2672 3798 γέννημα
2701 3727 2856 3780 οὐσία
2893 3727 3008 3797 μία.
3048 3729 3110 3780 Εἰ
3139 3727 3193 3778 δὲ
3227 3728 3326 3778 οὐκ
3359 3727 3556 3790 οὐσίας
3589 3728 3734 3792 sub;

2143 3821 2205 3873 τὸ
2238 3821 2479 3890 γέννημα
2521 3819 2880 3889 σημαντικὸν,
2912 3818 3032 3870 οὐδὲ
3061 3818 3124 3870 τὸ
3170 3816 3512 3886 ἁγέννητος
3537 3820 3733 3890 δηλον-

2141 3914 2243 3967 ότι.
2301 3913 2362 3965 Ei
2407 3911 2698 3982 ἀγέννητὸς
2743 3911 2887 3963 ἐστιν
2933 3912 2960 3962 6
3003 3910 3153 3972 Θεὸς,
3187 3909 3269 3962 ὅτι
3304 3909 3379 3980 μὴ
3413 3913 3692 3982 ἐγεννήθη
3717 3928 3730 3940 ·

2141 4004 2281 4057 οὕτω
2304 4003 2395 4056 κα).
2422 4002 2715 4072 ἄφθαρτος,
2753 4002 2833 4054 ὅτι
2862 3999 2934 4072 μὴ
2964 3999 3260 4070 φθείρεται.
3297 4000 3512 4072 Ὥσπερ
3535 3998 3636 4055 οὖν
3671 4003 3731 4054 τὸ

2141 4095 2443 4163 ἄφθαρτον
2473 4093 2533 4145 τὸ
2571 4091 2920 4163 ἀτελεύτητον
2956 4090 3120 4143 αὐτοῦ
3149 4091 3326 4160 δηλοῖ,
3356 4090 3503 4144 οὕτω
3534 4095 3638 4146 καὶ
3675 4097 3734 4147 τὸ

2141 4186 2474 4255 ἀγέννητον
2497 4185 2558 4236 τὸ
2599 4185 2850 4255 ἄναρχον.
2911 4183 2972 4235 El
3026 4181 3082 4235 δὲ
3127 4183 3419 4251 ἀγέννητος
3470 4185 3598 4254 μὲν,
3633 4187 3737 4240 οὐκ

2141 4274 2413 4346 ἄφθαρτος
2437 4273 2515 4339 δὲ,
2542 4272 2690 4326 ἔσται
2720 4273 2816 4341 μὲν
2840 4273 3087 4342 ἄναρχος,
3120 4272 3218 4324 οὐκ
3240 4272 3604 4344 ἀτελεύτητπ
3635 4277 3693 4328 δέ
3719 4295 3732 4306 ·

2142 4370 2278 4438 ὅπερ
2309 4367 2523 4421 ἄτοπον.
2544 4365 2656 4417 Οὐκ
2686 4363 2841 4417 οὐσία
2873 4359 2964 4416 οὖν
2995 4363 3055 4415 τὸ
3082 4363 3426 4431 ἀγέννητος,
3461 4365 3604 4418 alii
3641 4369 3735 4437 δή-

476 4477 562 4522 tus
610 4485 714 4522 non
755 4476 884 4522 est:
919 4467 996 4520 sic
1041 4476 1095 4518 et
1141 4463 1589 4531 incorruptibilis,
1621 4479 1687 4517 eo
1739 4464 1880 4532 quod
1935 4477 2037 4515 non

2150 4459 2305 4519 λωσις
2347 4455 2437 4508 τοῦ
2483 4453 2558 4525 μὴ
2604 4453 2979 4524 γεγεννῆσθαι.
3034 4453 3096 4504 EE
3154 4451 3311 4520 φύσει
3358 4453 3667 4524 ἀγέννητὸς
3707 4458 3734 4508 ὁ

474 4559 861 4628 corrumpitur.
915 4555 1372 4622 Quemadmodum
1433 4555 1596 4624 igitur
1647 4551 2040 4620 incorruptibile

473 4666 596 4704 eum
629 4653 746 4704 sine
773 4649 877 4701 ﬁne
916 4649 1152 4701 futurum
1183 4647 1452 4716 signiﬁcat
1489 4665 1505 4696 :
1546 4649 1619 4700 ita
1652 4653 1701 4698 et
1730 4644 2038 4713 ingenitum,

474 4743 724 4811 principii
761 4743 924 4812 285
969 4751 1245 4811 expertem
1293 4754 1432 4795 esse.
1489 4739 1545 4793 Si
1593 4753 1720 4792 vero
1769 4737 2037 4807 ingenitus

546 4862 589 4892 ⁸⁷
617 4861 792 4916 Exod.
823 4875 915 4926 xv,
949 4859 1002 4914 3.

542 5001 656 5071 (70)
682 5000 860 5055 Codex
889 5001 1042 5056 Coll).
1069 5001 1459 5071 παντοκράτωρ
1493 4995 1690 5071 ῥνομά
1706 5012 1816 5065 μοι,
1852 4993 2041 5071 Omni-

471 5063 650 5141 potens
685 5087 869 5124 nomen
894 5072 1038 5125 mihi.
1076 5073 1227 5139 Apud
1255 5063 1395 5123 LXX
1428 5063 1628 5141 Κύριος
1666 5063 1836 5134 ὄνομα
1867 5063 2035 5132 αὐτῷ,

472 5138 734 5194 Dominus
776 5157 960 5194 nomen
1012 5138 1136 5194 illi.
1168 5141 1416 5210 Vulgata,
1467 5138 1808 5206 Omnipotens
1851 5149 2038 5187 nomen

471 5227 608 5266 eius.

494 5228 657 5350 θ’ξῆ
685 5281 983 5337 Articulum
1016 5289 1142 5335 ante
1178 5293 1360 5334 vocem
1387 5279 1518 5350 Θεός
1542 5286 1622 5330 ter
1642 5273 1942 5350 addidimus
1970 5287 2038 5350 ex

473 5342 890 5422 libris'antiquis
917 5368 930 5404 :
967 5351 1121 5422 quod
1148 5351 1287 5405 idem
1329 5349 1513 5405 eadem
1543 5345 1869 5401 auctoritate
1902 5342 2035 5396 feci-

474 5436 593 5473 mus
623 5433 748 5476 ante
766 5419 946 5477 v'ocem
976 5419 1155 5474 Δαϐίδ.
1681 5465 1686 5470 .

547 5489 654 5560 (72)
691 5493 830 5547 Editi
854 5502 909 5546 et
942 5492 1091 5561 Regii
1123 5499 1353 5561 quatuor
1382 5487 1583 5558 Κύριος
1610 5485 1903 5561 6103669}.
1923 5481 2034 5535 Da-

474 5552 646 5629 minus
665 5578 848 5615 nomen
888 5562 1003 5615 tibi.
1024 5552 1155 5614 Ἆιίῗ
1169 5562 1274 5614 duo
1303 5560 1451 5629 Regii
1474 5552 1793 5629 'cuin__Colb.
1827 5552 2030 5629 Κύρεῗς

470 5627 641 5702 ρνομα
668 5631 834 5702 αὐτῷ,
870 5631 1135 5702 Dominu_s_
1169 5621 1530 5702 nomeniipsl'.
1568 5626 1665 5702 Hic
1706 5625 1846 5702 apud

471 5692 646 5768 δνομά
670 5717 751 5751 σοι
787 5692 1026 5768 Κύριος,
1082 5698 1287 5754 Nomen
1335 5699 1430 5752 tibi
1471 5692 1755 5768 Dominus.
1786 5692 2028 5768 Aquilus,

476 5764 835 5841 Symmachus
863 5764 916 5825 et
952 5769 1274 5838 Theodotio,
1296 5768 1503 5823 Nomen
1524 5766 1639 5825 tibi.
1668 5764 1904 5820 Domine.

2146 4549 2354 4620 Πατὴρ,
2384 4548 2539 4616 φύσει
2577 4545 2833 4616 γεννητὸς
2865 4545 2958 4596 καὶ
2985 4547 3012 4596 6
3035 4543 3180 4606 Υἱός.
3221 4544 3284 4595 Εἰ
3316 4543 3371 4595 δὲ
3408 4543 3572 4610 φύσει
3606 4548 3735 4613 γέν-

2145 4658 2312 4711 νημα,
2349 4639 2530 4692 οὐκέτι
2559 4635 2780 4706 κτίσμα.
2817 4636 3004 4696 Ὀντος
3031 4629 3123 4686 οὖν
3149 4633 3240 4686 τοῦ
3268 4633 3420 4701 φύσει
3447 4636 3732 4706 γεννήμα-

2140 4750 2230 4795 τος
2263 4732 2398 4802 (77),
2430 4731 2644 4799 ἀνάγκη
2675 4727 2768 4781 καὶ
2792 4727 2879 4780 τὸν
2912 4728 3250 4796 γεννήσαντα
3276 4720 3444 4778 εἶναι·
3474 4727 3735 4798 γέννημα

1089 4859 1133 4890 ⁸⁸
1155 4859 1326 4914 Exod.
1362 4873 1444 4916 ιιι,
1475 4856 1563 4908 14.
1639 4855 1686 4888 ⁶⁹
1720 4853 1847 4907 ibid.
1878 4851 1968 4905 15.
2040 4849 2090 4882 ⁷ο
2113 4848 2250 4903 Psal.
2285 4862 2494 4912 Lxxxu,
2531 4844 2616 4899 i9.

2223 4987 2332 5058 ('73)
2364 4985 2506 5041 Editi
2533 4993 2589 5039 et
2613 4997 2750 5038 mss.
2772 4981 3013 5038 nonnulli
3052 4982 3180 5050 παρ’
3222 4978 3380 5032 αὐτά.
3427 4978 3536 5032 Alii
3565 4982 3728 5051 παρὰ

2145 5075 2335 5112 ταυτα.

2218 5128 2329 5198 (74)
2359 5123 2501 5198 Editi
2529 5132 2582 5178 et
2607 5122 2812 5193 aliquot
2840 5136 2974 5178 mss.
3010 5121 3105 5175 καὶ
3131 5119 3306 5174 οὐσία.
3335 5119 3462 5189 Reg.
3491 5129 3726 5188 quartus

2145 5197 2238 5251 καὶ
2259 5197 2466 5260 οὐσίαν,
2501 5202 2662 5248 recte.

2215 5268 2328 5340 (75)
2354 5259 2530 5340 lllud_,
2556 5262 2955 5340 ενδεχομένως,
2986 5261 3216 5340 positum
3249 5260 3339 5314 hic
3369 5259 3585 5340 videtur
3619 5260 3726 5314 hac

2143 5331 2410 5392 sententia
2443 5353 2457 5386 :
2487 5331 2781 5388 Taliter'ut
2813 5336 2983 5400 possit
3010 5333 3204 5385 adesse
3230 5341 3322 5400 aut
3358 5331 3572 5400 abesse.

2205 5408 2321 5478 (76)
2355 5405 2532 5478 Editio
2557 5404 2719 5478 Basil.
2752 5398 3069 5478 etquatuur
3095 5398 3728 5478 inss._Regii_&D._“:x§3;b

2131 5469 2527 5532 obsia'duabus
2555 5474 2800 5531 vocibus.
2835 5472 2926 5525 sed
2957 5473 3129 5540 ipsum
3165 5470 3488 5540 substantia.
3543 5469 3727 5522 Edilio

2133 5549 2476 5617 Stephaniana,
2497 5551 2552 5598 ut
2583 5553 2735 5617 notat
2757 5539 3091 5617 Ducmus,_et
3115 5541 3284 5617 codex
3309 5539 3465 5594 Colb.
3496 5540 3727 5592 αὐτοου-

2133 5610 2560 5681 σία’ροηῙιιιιριθ,
2588 5615 2676 5666 sed
2708 5614 2928 5676 ipsamet
2949 5610 3268 5664 substantia.

2201 5687 2309 5757 (77)
2348 5677 2488 5750 Editi
2530 5677 2620 5738 τὸν
2660 5683 2818 5753 φύσει
2876 5682 3231 5751 γεννήσαντα.
3290 5677 3404 5735 Vox
3456 5679 3624 5748 φύσει
3673 5679 3727 5733 in

2130 5775 2260 5816 mss.
2305 5759 2476 5815 deest.

3651 323 3768 378 684
3879 102 3907 404 1

3891 425 3907 714 l
