3956 6216
270 345 377 404 685

1365 350 1740 410 ADVERSUS
1781 347 2149 408 EUNOMIUM
2188 348 2316 404 LIB.
2359 347 2450 406 IV.

3410 346 3518 406 686

271 468 382 537 γὰρ
410 464 574 534 χωρὶς
606 465 962 534 γεννήσαντος
1015 467 1114 520 οὐκ
1143 466 1208 520 ἂν
1253 467 1362 538 εἴη.
1403 469 1724 538 Λεγέτωσαν
1755 465 1846 523 οὖν

1972 469 2166 537 [uideni
2215 477 2320 532 est,
2351 481 2457 521 non
2509 473 2687 522 autem
2737 466 3162 538 incorruptibilis
3196 484 3210 521 :
3249 467 3518 536 principii,

269 556 363 610 τὸν
386 558 740 626 γεννήσαντα,
772 557 819 608 εἰ
844 558 872 608 6
898 557 1088 628 Πατὴρ
1109 559 1209 610 οὐκ
1234 559 1542 630 ἐγέννησεν.
1576 563 1640 614 Ei
1666 564 1694 615 6
1718 561 1848 626 Θεὸς

271 649 558 718 ἀγέννητος
587 648 762 717 οὐσίᾳ,
797 649 892 702 καὶ
917 650 946 700 6
978 649 1105 713 Υἱὸς
1133 650 1243 720 (78)
1277 653 1529 722 γεννητὸς
1554 653 1730 724 οὐσίᾳ,
1759 655 1852 706 καὶ

271 741 301 791 6
331 739 682 810 Παράκλητος
706 739 911 810 κτίσμα
939 740 1118 812 οὐσίᾳ,
1149 743 1228 806 τὸ,
1260 743 1449 815 Πατὴρ
1481 744 1576 797 καὶ
1602 744 1727 808 Υἱὸς
1757 745 1850 797 καὶ

273 829 426 896 ᾶγιον
460 829 683 899 Πνεῦμα
703 869 717 892 ,
745 830 983 900 ὀνόματα
1015 831 1171 902 μόνον
1203 835 1370 904 χωρὶς
1397 834 1613 889 οὐσιῶν.
1644 836 1848 888 Βαπτι-

273 919 512 983 ςέτωσαν
533 916 624 973 οὖν
645 923 722 984 εἰς
741 921 1052 991 ἀγέννητον,
1092 921 1184 975 κα)⁹
1206 923 1480 994 γεννητὸν,
1508 926 1604 978 καὶ·
1624 925 1856 996 κτίσμα..

273 1011 355 1063 Τἀ
381 1011 490 1082 γὰρ
517 1012 814 1083 πράγματα
843 1012 948 1066 τῶν
974 1014 1250 1084 ὀνομάτων
1281 1016 1600 1086 ἰσχυρότερα
1618 1057 1632 1080 ,
1659 1017 1752 1070 καὶ
1781 1016 1849 1070 τά

273 1100 403 1152 ὄντα
441 1100 550 1154 τῶν
590 1101 900 1172 λεγομένων
940 1104 1075 1174 πρὸς
1116 1105 1393 1175 ἐνέργειαν
1435 1105 1846 1178 ὠφελιμώτερα.

277 1194 340 1245 Εἰ
370 1195 664 1265 ἀγέννητος
690 1235 703 1258 ,
735 1196 916 1264 φασιν,
951 1198 980 1248 6
1014 1197 1231 1267 Πατὴρ,
1267 1198 1522 1269 γεννητὸς
1552 1198 1608 1252 δὲ
1642 1201 1670 1252 6
1702 1199 1847 1262 Υἱὸς,

275 1286 338 1338 οὐ
376 1286 476 1355 τῆς
507 1287 679 1356 αὐτῆς
709 1289 916 1352 οὐσίας.
959 1290 1276 1358 Ἀγέννητος
1315 1289 1422 1361 γὰρ
1459 1292 1552 1344 καὶ
1596 1293 1852 1360 γεννητὸς

277 1377 377 1428 οὐκ
401 1376 464 1430 ἂν
492 1377 576 1447 εἴη
611 1381 738 1448 μιᾶς
757 1381 956 1442 οὐσίας.
1010 1381 1148 1433 Ἀλλ’
1170 1383 1269 1434 οὐκ
1293 1382 1479 1445 οὐσίας
1500 1383 1661 1453 ἡμεῖς
1681 1381 1852 1436 ταῦτα

279 1464 527 1535 λέγομεν,
563 1467 797 1536 ὀνόματα
843 1469 898 1522 δὲ
943 1468 1202 1538 δηλοῦντα
1248 1470 1347 1542 τὴν
1400 1471 1628 1524 ἑκάστου
1673 1473 1851 1526 αὐτῶν

280 1553 531 1625 ὓπαρξιν.
575 1556 737 1610 Οὐδὲν
783 1558 838 1612 δὲ
871 1559 1067 1612 κωλύει
1115 1559 1385 1632 διαφόρων
1418 1560 1693 1632 ὀνομάτων
1725 1563 1852 1634 μίαν

280 1647 466 1699 οὐσίαν
494 1644 650 1712 εἶναι,
679 1651 754 1712 ὼς
783 1649 879 1702 καὶ
906 1649 967 1703 τὸ
988 1650 1224 1704 ἐναντίον
1245 1651 1514 1723 διαφόρων
1538 1654 1736 1708 οὐσιῶν
1755 1657 1854 1727 τῆς

281 1734 512 1801 κτίσεως
535 1736 593 1790 ἓν
621 1737 810 1809 ὄνομαι

1951 575 2057 612 non
2088 559 2209 614 linis
2236 557 2342 613 erit
2366 572 2590 626 expers;
2623 559 2766 625 quod
2814 559 3107 613 absurdum
3143 567 3245 612 est.
3291 557 3522 612 Proinde

1952 649 2218 718 ingenitus
2255 647 2557 702 substantia
2590 662 2697 701 non
2729 658 2808 702 est
2838 666 2850 701 :
2883 647 2975 702 sed
3007 647 3240 716 genitum
3273 662 3377 701 non
3405 659 3524 699 esse

1951 739 2236 810 signiﬁcat.
2295 737 2352 793 Si
2402 750 2598 792 natura
2660 739 2932 806 ingenitus
2978 749 3062 793 est
3110 738 3304 802 Pater,
3354 736 3524 790 Filius

1955 844 2168 900 quoque
2198 841 2391 885 natura
2423 840 2507 886 est
2530 832 2746 900 genitus
2785 874 2796 885 .
2841 833 2934 886 sed
2965 831 3007 885 si
3039 831 3285 900 genitura
3317 835 3401 883 est
3429 843 3526 880 na-

1958 933 2102 986 tura,
2128 937 2466 992 nequaquam
2497 932 2582 978 est
2605 933 2874 980 creatura.
2914 925 3100 992 Itaque
3131 937 3251 974 cum
3276 919 3523 990 genitura

1957 1017 2028 1070 sit
2060 1026 2277 1082 natura,
2311 1032 2530 1072 necesse
2559 1028 2644 1072 est
2674 1028 2730 1073 et
2763 1019 3058 1089 genitorem
3093 1031 3244 1080 esse;
3279 1014 3525 1084 quando-

1957 1109 2173 1177 quidem
2225 1109 2472 1178 genitura
2528 1109 2647 1164 sine
2701 1108 2945 1179 genitore
2999 1123 3118 1162 esse
3167 1122 3270 1160 non
3326 1112 3522 1174 potest.

1959 1195 2149 1251 Dicant
2201 1198 2368 1267 igitur
2419 1199 2740 1268 genitorem,
2780 1199 2826 1253 si
2873 1196 3036 1252 Pater
3081 1213 3185 1250 non
3229 1193 3432 1266 genuit.
3466 1191 3524 1246 Si

1960 1290 2100 1344 Deus
2132 1291 2404 1360 ingenitus
2428 1302 2510 1346 est
2535 1291 2860 1355 substantia,
2885 1300 2940 1344 et
2976 1288 3142 1342 Filius
3165 1288 3376 1357 genitus
3405 1283 3526 1338 sub-

1957 1385 2176 1446 stantia,
2221 1393 2276 1438 et
2324 1383 2656 1438 Paracletus.
2689 1391 2938 1438 creatura
2985 1377 3525 1442 substantia,rPater,

1957 1482 2011 1527 et
2039 1473 2224 1540 Filius,
2247 1484 2300 1528 ει
2326 1474 2796 1545 Spiritussanctus
2818 1475 3033 1530 nomina
3061 1472 3230 1528 solum
3258 1478 3385 1524 sunt
3409 1468 3528 1524 sine

1960 1564 2295 1620 substantiis.
2325 1566 2606 1636 Baptizent
2635 1581 2763 1636 ergo
2786 1567 2840 1620 in
2870 1566 3125 1635 ingenito,
3156 1576 3208 1618 et
3243 1562 3440 1632 genito,
3474 1569 3544 1616 et.

1961 1657 2368 1713 creatura..Res
2407 1659 2550 1712 enim
2590 1659 2897 1713 nominibus
2923 1665 3050 1712 sunt
3073 1656 3310 1728 potiores
3339 1671 3351 1706 :
3382 1666 3437 1708 et
3461 1668 3528 1707 ea

1881 1740 1927 1798 Β
1957 1761 2078 1816 quae
2113 1757 2350 1813 exstant,
2388 1757 2513 1804 sunt
2563 1749 2628 1802 ad
2669 1748 3036 1818 operationem
3091 1747 3328 1810 utiliora,
3365 1758 3528 1812 qnam

282 1842 404 1895 qua:
442 1829 810 1884 nominantur.
857 1828 913 1884 Si
945 1829 1128 1895 Pater,
1158 1831 1429 1900 inquiunt,
1475 1834 1768 1904 ingenitus,
1796 1838 2006 1906 genitus
2043 1854 2172 1895 vero
2204 1839 2397 1905 Filius,
2427 1855 2531 1896 non
2561 1850 2690 1896 sunt
2719 1840 2956 1909 ejusdem
3009 1837 3346 1894 substantiis.
3393 1835 3529 1888 Nam

283 1918 554 1987 ingenitus
607 1930 661 1976 et
715 1925 926 1992 genitus
974 1923 1130 1978 unius
1187 1925 1505 1979 substantiae
1557 1941 1678 1981 esse
1731 1944 1836 1981 non
1877 1937 2120 1996 possunt.
2191 1932 2262 1985 At
2301 1947 2400 1987 nos
2476 1933 2591 1988 haec
2630 1947 2735 1987 non
2787 1931 3137 1995 substantias,
3171 1929 3264 1984 sed
3309 1928 3528 1982 nomina

283 2011 530 2073 dicimus,
599 2011 794 2080 quibus
847 2013 1150 2068 nominibus
1196 2014 1510 2068 exsistentia
1560 2016 1984 2088 uniuscujusque
2039 2034 2228 2074 earum
2293 2019 2650 2090 signiﬁcatur.
2725 2019 2897 2076 Unam
2966 2031 3146 2074 autem
3194 2021 3528 2074 diversorum

285 2103 560 2156 nominum
607 2104 959 2157 substantiam
1006 2119 1129 2158 esse
1174 2106 1424 2174 prohibet
1497 2107 1679 2171 nihil,

1756 2110 2211 2178 quemadmodum
2260 2114 2422 2168 etiam
2447 2153 2464 2180 ,
2503 2114 2621 2169 vice
2667 2128 2822 2169 versa
2847 2155 2864 2182 ,
2901 2114 3036 2168 nihil
3086 2122 3230 2168 vetat
3283 2113 3529 2168 diversa-

284 2209 403 2248 rum
459 2194 884 2250 substantiarum
939 2212 1103 2251 unum
1157 2213 1352 2252 nomen
1410 2213 1541 2254 esse
1585 2201 1638 2254 in
1699 2205 1984 2261 creaturis.

349 2315 404 2368 5.
442 2313 504 2365 Ei
529 2312 812 2383 ὁμοούσιος
830 2353 844 2376 ,
878 2315 1059 2382 φασιν,
1088 2315 1115 2367 6
1143 2314 1271 2378 Υἱὸς
1297 2313 1373 2385 τῷ
1398 2316 1573 2386 Πατρὶ
1621 2319 1648 2370 6
1677 2318 1866 2388 Πατὴρ

281 2404 342 2460 δὲ
369 2405 661 2475 ἀγέννητος
682 2445 696 2468 ,
730 2406 758 2457 ὁ
785 2406 840 2458 δὲ
870 2406 995 2470 Tib;
1021 2407 1300 2475 γεννητός·
1333 2409 1365 2476 ή
1405 2407 1542 2477 αὐτὴ
1575 2407 1683 2478 ἄρα
1708 2409 1865 2464 οὐσία

285 2499 576 2568 ἀγέννητος
625 2500 1005 2570 καὶ”γεννητή.
1048 2498 1187 2551 Ἀλλ’
1216 2499 1276 2551 οὐ
1335 2499 1500 2569 μέρος
1547 2501 1725 2569 φαμὲν
1773 2501 1863 2554 τὸν

285 2590 415 2644 Υίδν
444 2590 536 2642 τοῦ
568 2591 778 2662 Πατρρς
799 2631 812 2652 ,
842 2591 916 2654 ὡς
959 2590 1341 2661 διαιρουμένην
1367 2591 1464 2662 τὴν
1491 2591 1675 2644 οὐσίαν
1701 2591 1862 2660 ἀγέν-

285 2697 447 2752 νητον
499 2682 591 2734 καὶ
628 2681 882 2751 γεννητὸν
927 2676 1063 2735 εἶναι
1087 2721 1102 2746 ,
1141 2682 1256 2734 ἀλλ’
1285 2682 1405 2734 ὅλον
1450 2682 1572 2735 ὅλου
1605 2683 1862 2752 γεννητὸν

286 2772 350 2838 ἐξ
383 2775 702 2844 ἀγεννήτου,
733 2773 912 2825 τέλεια
951 2773 1044 2826 δύο
1064 2814 1078 2837 ,
1121 2775 1210 2826 καὶ
1257 2774 1317 2826 οὐ
1367 2774 1460 2826 δύο
1491 2775 1629 2845 μέρη
1660 2775 1718 2840 ἐξ
1744 2776 1860 2839 ἑνός

286 2882 453 2928 τινος.
479 2865 541 2916 Εἰ
562 2866 619 2918 ὲν
645 2863 722 2934 τῷ
737 2864 959 2934 ὀνόματι
983 2863 1076 2916 τοῦ
1094 2864 1304 2934 Πατρὸς
1325 2863 1577 2934 ἐλήλυθεν
1601 2867 1628 2916 6
1651 2865 1862 2937 Σωτὴρ,

289 2960 366 3021 ὡς
399 2959 557 3022 αὐτός
591 2975 772 3028 φησιν,
815 2956 961 3026 Ἐγὼ
986 2956 1255 3022 ἐλήλυθα
1289 2957 1358 3010 ἐν
1384 2956 1462 3021 τῷ
1492 2958 1732 3026 ὀνόματι
1757 2957 1862 3011 τοῦ

290 3050 520 3116 Πατρός
563 3065 716 3117 μου·
777 3047 954 3100 πάντα
1010 3047 1110 3100 ὅσα
1156 3049 1184 3100 6
1239 3048 1428 3119 Πατὴρ
1478 3047 1694 3116 λέγεται
1727 3047 1864 3119 (79),

2035 2320 2088 2375 5.
2132 2320 2188 2375 Si
2223 2320 2720 2389 consubstantialis,
2754 2320 3026 2390 inquiunt,
3051 2318 3222 2374 Filius
3242 2317 3388 2372 Patri
3423 2327 3530 2385 est,

1966 2410 2129 2467 Pater
2158 2423 2337 2467 autem
2372 2413 2662 2482 ingenitus,
2689 2412 2862 2468 Filius
2881 2426 3009 2466 vero
3051 2411 3263 2480 genitus
3299 2432 3311 2465 :
3344 2409 3530 2464 eadem

1965 2503 2131 2574 igitur
2160 2505 2467 2559 substantia
2507 2505 2742 2574 ingenita
2786 2514 2841 2560 ει
2883 2504 3084 2572 genita.
3131 2502 3236 2558 Sed
3266 2517 3370 2555 non
3398 2501 3534 2557 dici-

1965 2609 2087 2648 mus
2115 2592 2309 2648 Filium
2341 2593 2520 2649 Patris
2543 2603 2755 2664 partem
2785 2609 2925 2659 esse,
2957 2592 3034 2648 sic
3068 2601 3125 2646 ut
3155 2591 3451 2661 ingenitum
3478 2600 3536 2646 et

1965 2685 2207 2755 genitum
2240 2686 2354 2739 sint
2386 2686 2687 2740 substantia
2717 2685 2886 2740 divisa
2917 2684 3058 2740 :.sed
3094 2692 3270 2738 totum
3290 2683 3533 2751 genitum

1965 2791 2033 2831 ex
2077 2785 2190 2831 toto
2233 2776 2495 2846 ingenito,
2525 2776 2762 2845 perlecta
2793 2776 2927 2842 duo,
2945 2790 3049 2830 non
3087 2782 3273 2839 partes
3299 2772 3436 2826 duas
3465 2785 3535 2826 ex

1966 2867 2148 2936 aliquo
2191 2882 2321 2921 uno.
2343 2865 2399 2920 Si
2429 2865 2688 2920 Servator
2726 2865 2777 2918 in
2817 2865 3037 2918 nomine
3067 2862 3244 2916 Patris
3270 2863 3438 2924 venit,
3475 2869 3536 2913 ut

1966 2958 2082 3026 ipse
2131 2959 2246 3012 ait:
2281 2957 2392 3025 Ego
2427 2958 2543 3011 veni
2581 2959 2635 3010 in
2671 2957 2876 3010 nomine
2913 2955 3086 3009 Patris
3116 2955 3216 3008 mei
3248 2955 3322 3018 ⁷¹;
3377 2954 3535 3021 quid-

1967 3049 2093 3118 quid
2120 3048 2281 3104 Pater
2316 3049 2537 3114 dicitur,
2577 3049 2631 3103 id
2674 3047 2870 3103 Filium
2909 3062 3126 3118 quoque
3161 3045 3283 3101 dici
3308 3058 3536 3100 necesse

291 3141 506 3211 ἀνάγκη
522 3140 614 3192 καὶ
624 3139 713 3191 τὸν
730 3139 855 3192 Υίὸν
876 3137 1486 3211 λέγεσθαι.Λεχθήσεται
1503 3136 1594 3193 οὖν
1609 3141 1701 3193 καὶ
1715 3139 1865 3209 ἀγέν-

1972 3147 2070 3194 est.
2104 3139 2338 3195 Proinde
2363 3140 2575 3194 dicetur
2614 3139 2778 3194 etiam
2819 3139 3110 3208 ingenitus,
3142 3137 3189 3193 si
3217 3137 3400 3192 ethoc
3428 3150 3536 3190 no-

292 3248 470 3303 νητος,
494 3234 542 3284 εί
574 3230 841 3285 καὶτοῦτο
868 3231 1036 3302 ὄνομα
1063 3231 1154 3284 τοῦ
1178 3231 1406 3303 Πατρός.
1434 3233 1495 3285 Et
1521 3233 1709 3301 6%.(80)
1731 3232 1863 3302 τιμὴ

291 3321 388 3376 τοῦ
420 3322 633 3393 Πατρός
661 3323 775 3375 ἐστι
804 3323 862 3375 τὸ
886 3322 1216 3392 ἀγέννητος
1240 3323 1427 3392 ὄνομα,
1460 3323 1659 3393 ὁμοίως
1683 3323 1739 3376 δὲ
1772 3324 1866 3376 καὶ

292 3412 385 3467 τὸν
412 3414 537 3467 Υἱὸν
566 3415 730 3484 τιμᾷν
753 3413 855 3475 δεῖ,
883 3413 1023 3465 κατά
1049 3414 1147 3484 τὴν
1179 3413 1341 3466 αὐτοῦ
1365 3414 1544 3484 φωνὴν
1561 3415 1657 3487 τὴν
1681 3415 1866 3483 λέγου-

298 3521 398 3558 σαν
418 3521 433 3537 ο
470 3505 594 3558 Ἵνα
621 3504 844 3570 πάντες
876 3504 1083 3572 τιμῶσι
1115 3505 1221 3557 τὸν
1242 3506 1397 3569 Υἱὸν,
1430 3507 1625 3572 καθὼς
1657 3506 1867 3576 τιμῶσι

295 3595 403 3647 τὸν
417 3595 672 3662 Πατέρα’
710 3595 920 3665 ἀνάγκη
957 3596 1048 3647 καὶ
1080 3594 1169 3646 τὸν
1195 3594 1320 3646 Υἱὸν
1351 3595 1640 3665 ἀγέννητον
1667 3594 1864 3663 λέγειν,

299 3685 386 3737 ἵνα
424 3685 521 3755 μία
550 3684 682 3756 τιμὴ
731 3683 951 3754 Πατρὸς,
975 3685 1066 3737 καὶ
1101 3683 1229 3736 Υἱοῦ
1269 3685 1523 3755 σώζηται.
1576 3686 1638 3737 Ei
1678 3685 1868 3754 ἐφανέ-

302 3792 476 3845 ρωσεν
505 3779 534 3829 6
571 3775 698 3838 Υἱὸς
729 3775 791 3828 τὸ
833 3776 1002 3846 ὄνομα
1035 3774 1128 3828 τοῦ
1159 3777 1370 3848 Πατρὸς
1401 3779 1511 3840 τοῖς
1542 3776 1868 3848 ἀνθρώποις,

298 3867 374 3929 ὡς
426 3866 587 3930 αὐτός
619 3885 801 3938 φησιν,
849 3866 1223 3935 Ἐφανέρωσά
1258 3885 1370 3921 σου
1408 3867 1472 3920 τὸ
1522 3868 1705 3937 ὄνομα
1747 3869 1870 3933 τοῖς

297 3957 667 4027 ἀνθρώποις,
698 3959 884 4030 κύριον
913 3961 969 4012 δὲ
1019 3959 1116 4029 τῆς
1162 3959 1346 4023 οὐσίας
1395 3961 1558 4013 αὐτοῦ
1613 3961 1779 4031 ὄνομα
1810 3963 1871 4014 τὸ

298 4051 643 4119 ἀγέννητοςο
672 4051 1033 4104 δεικνύτωσαν
1066 4050 1167 4102 ποῦ
1198 4051 1486 4121 ἀγέννητον
1509 4051 1666 4104 αὐτὸν
1695 4054 1722 4104 6
1757 4053 1870 4104 Σω-

299 4142 403 4213 τὴρ
428 4144 665 4215 εἴρηκεν.
717 4144 779 4195 Ei
815 4144 1014 4213 μείζων
1049 4143 1265 4196 πάντων
1295 4144 1439 4196 ἐστὶν
1483 4144 1510 4195 6
1539 4142 1689 4205 Θεὸς,
1721 4143 1874 4195 πότε-

307 4235 453 4305 ρονῆ
480 4236 635 4306 οὐσίᾳ
683 4235 796 4305 (8|)
828 4235 1030 4306 μείζων
1060 4237 1227 4301 ἐστὶν,
1271 4236 1302 4306 ἢ
1355 4235 1432 4306 τῷ
1462 4237 1676 4288 πάντων
1713 4235 1873 4288 αὐτὸν

303 4323 470 4375 αἴτιον
505 4319 662 4386 εἶναι,
692 4325 851 4377 αὐτὸν
879 4323 936 4378 δὲ
981 4325 1206 4397 μηδενὸς
1249 4325 1638 4394 γεγεννῆσθαι;
1680 4326 1743 4378 Ei
1777 4326 1873 4395 μὲν
1923 4331 1932 4338 ’

305 4415 414 4485 γὰρ
503 4415 680 4477 οὐσία,
711 4417 804 4468 καὶ
834 4419 980 4469 πᾶσα
1005 4420 1036 4487 ή
1065 4419 1218 4470 οὐσία
1244 4418 1440 4488 μείζων
1465 4418 1680 4470 πάντων
1707 4418 1871 4470 ἐστίν’

1970 3247 2089 3286 men
2125 3231 2302 3287 Patris
2335 3241 2435 3287 εει.
2469 3231 2622 3299 Quod
2649 3231 2694 3286 si
2723 3247 2916 3286 nomen
2945 3231 3220 3300 ingenitus
3245 3229 3419 3284 honor
3451 3235 3538 3281 est

1965 3323 2168 3390 Patris,
2196 3323 2448 3380 similiter
2476 3335 2656 3379 autem
2702 3324 2746 3377 si
2789 3323 2984 3377 Filium
3017 3335 3228 3392 quoque
3267 3321 3544 3375 honorare

1967 3424 2202 3485 oportet,
2251 3416 2548 3471 secundum
2611 3415 2777 3486 ipsius
2832 3429 3043 3480 vocem,
3087 3429 3208 3483 qua:
3255 3411 3382 3466 dicit
3421 3430 3434 3464 :
3469 3408 3539 3464 ῑί

1968 3521 2146 3560 omnes
2191 3507 2444 3559 honorent
2489 3503 2712 3570 Filium,
2743 3505 2875 3558 sicut
2923 3503 3181 3556 honorant
3207 3499 3419 3554 Patrem
3449 3502 3536 3565 ἠς

1971 3612 2192 3652 ιιεεεεεε
2237 3607 2319 3652 εει
2366 3606 2420 3650 ει
2452 3595 2652 3650 Filium
2702 3595 2998 3664 ingenitum
3054 3593 3258 3658 dicere,
3290 3602 3348 3646 ut
3398 3608 3542 3646 unus

1969 3689 2148 3745 Patris
2202 3698 2255 3743 et
2305 3687 2426 3742 Filii
2481 3687 2658 3742 honor
2712 3700 2981 3740 servemr.
3016 3684 3073 3738 Si
3124 3683 3292 3738 Filius
3339 3697 3538 3736 nomen

1972 3781 2148 3837 Patris
2192 3781 2503 3836 hominibus
2549 3779 2937 3844 manifestavit,
2974 3787 3032 3832 ut
3069 3777 3184 3847 ipse
3215 3776 3386 3831 dicit:
3424 3773 3543 3828 Ma-

1973 3873 2212 3942 nifestavi
2244 3889 2427 3926 nomen
2459 3881 2603 3924 tuum
2647 3871 2942 3923 hominibus
2972 3869 3040 3934 ⁷³,
3067 3868 3328 3938 ingenitus
3358 3877 3544 3922 autem

1971 3982 2168 4020 nomen
2207 3975 2292 4019 est
2336 3965 2652 4020 substantiae
2693 3963 2861 4033 ipsius
2912 3963 3220 4032 proprium;
3255 3961 3545 4016 ostendant

1972 4057 2061 4110 uhi
2095 4056 2346 4111 Salvator
2377 4057 2550 4125 ipsum
2587 4054 2882 4123 ingenitum
2934 4053 3254 4107 nominavit.
3303 4050 3360 4106 Si
3401 4049 3544 4105 Deus

1973 4147 2224 4201 omnibus
2250 4145 2422 4213 major
2445 4153 2553 4212 est,
2581 4144 2823 4216 majorne
2846 4155 2928 4200 est
2955 4143 3282 4208 substantia,
3313 4158 3379 4196 an
3411 4156 3548 4210 quo-

1973 4239 2117 4292 niam
2152 4238 2265 4306 ipse
2298 4253 2458 4293 causa
2497 4245 2577 4292 est
2618 4236 2880 4302 omnium,
2913 4251 3011 4290 nec
3040 4251 3068 4288 a
3096 4250 3363 4304 quoquam
3395 4233 3546 4302 geni-

1977 4338 2060 4384 tus
2093 4331 2219 4384 est?
2253 4328 2308 4384 Si
2352 4331 2495 4384 enim
2537 4339 2806 4398 quatenus
2843 4329 3171 4392 substantia,
3209 4327 3370 4381 etiam
3420 4323 3546 4378 sub-

1974 4421 2172 4475 stantia
2209 4421 2386 4475 omnis
2424 4420 2674 4474 omnibus
2720 4417 2892 4486 major
2926 4428 3009 4472 cst
3037 4436 3052 4474 :
3079 4418 3160 4471 sin
3203 4425 3380 4470 autem
3410 4429 3546 4483 qua-

305 4507 353 4558 εἰ
387 4487 506 4579 δὲίῇ
541 4507 830 4577 ἀγέννητος
851 4546 867 4569 ,
897 4509 954 4560 οὐ
983 4509 1174 4562 ταύτὸν
1203 4487 1309 4581 ἄρα
1338 4507 1491 4561 οὐσία
1525 4509 1616 4562 κα).
1641 4509 1865 4580 ἀγέννη-

1979 4520 2132 4567 tenus
2159 4512 2463 4582 ingenitus;
2502 4511 2665 4581 igitur
2694 4509 3004 4566 substantia
3028 4517 3082 4564 et
3110 4508 3378 4578 ingenitus
3405 4506 3553 4561 idem

303 4614 396 4660 τος
419 4596 550 4668 (82).
580 4599 642 4649 Ei
671 4598 734 4649 τὸ
764 4597 1092 4666 ἀγέννητον
1130 4600 1245 4653 ἔστι
1281 4619 1350 4664 τι,
1387 4601 1478 4654 καὶ
1503 4600 1563 4653 τὸ
1591 4600 1873 4664 ἀθάνατον,

302 4689 490 4744 καὶτὸ
516 4688 888 4756 ἀτελεύτητον,
934 4691 1028 4743 καὶ
1076 4691 1138 4742 τὸ
1179 4693 1386 4755 ἄνοσον,
1429 4693 1522 4744 καὶ
1568 4692 1629 4743 τὸ
1657 4693 1874 4762 ἀγήρων

307 4781 419 4852 (85)
450 4781 599 4833 ἔσται
631 4797 703 4835 τι.
751 4782 957 4835 Οὐκοῦν
988 4781 1064 4852 τῷ
1090 4783 1188 4852 μὲν
1213 4783 1506 4854 ἀγέννητος
1534 4779 1672 4835 εἶναι
1708 4783 1876 4852 ὐπερ-

378 4941 421 4972 "
452 4938 607 4994 Joan.
638 4954 692 5008 v,
729 4939 814 4993 45.
893 4941 937 4972 τ’
966 4939 1093 4996 ibid.
1127 4941 1216 4996 2‘5.
1291 4942 1337 4974 ⁷³
1366 4941 1520 4997 Joan.
1554 4956 1685 5005 xvu,
1717 4941 1771 4996 6.

379 5053 492 5126 (78)
523 5051 710 5128 Codex_
727 5069 865 5128 unus
885 5063 939 5128 ει
967 5055 1119 5128 editi,
1144 5057 1235 5110 καὶ
1258 5059 1286 5108 ὁ
1309 5055 1560 5128 Χριστός.
1583 5055 1684 5128 Adii
1714 5056 1873 5126 quin-

306 5124 413 5192 que
440 5139 594 5195 mss_.,
631 5125 723 5177 καὶ
744 5124 772 5173 ὀ
799 5124 948 5187 Υἱός.
981 5124 1278 5195 Utramque
1301 5124 1582 5182 lectionem
1602 5124 1877 5195 Reg.sex-

307 5205 394 5248 tus
423 5192 664 5263 praefert,
695 5195 917 5247 alteram
955 5196 1007 5247 in
1057 5192 1332 5263 contextu,
1381 5197 1603 5248 alteram
1637 5192 1708 5248 in'
1728 5213 1874 5250 mar-

307 5265 450 5329 gine.
487 5261 607 5316 Mox
644 5278 825 5316 vocem
865 5265 1021 5318 οὐσία
1073 5261 1332 5320 edendam
1365 5266 1674 5321 curavimus
1695 5280 1820 5321 eum
1855 5282 1871 5316 t

307 5333 633 5403 subscripto,
671 5335 813 5400 quod
849 5335 1040 5389 melius
1067 5336 1447 5403 judicavimus.

383 5402 494 5478 (79)
527 5403 616 5457 Sic
643 5419 774 5478 mss.
800 5403 990 5478 nostri:
1024 5402 1222 5478 Deerat
1246 5405 1513 5478 articulus
1543 5408 1596 5461 in
1625 5407 1878 5478 vulgatis.

309 5468 421 5522 Nec
465 5468 539 5525 ita
584 5474 750 5528 multo
786 5483 907 5544 post
947 5472 1100 5530 Colb.
1151 5487 1204 5529 et
1246 5475 1376 5546 Reg.
1413 5477 1634 5545 quintus
1662 5468 1755 5532 οὖν
1790 5478 1881 5531 καὶ

309 5538 372 5592 τὸ
399 5540 703 5595 ἀγέννητος.

313 5557 372 5592 το
399 5557 703 5611 αγεννητος.

313 5609 755 5732 abgnglodices
784 5627 889 5668 non
924 5615 1079 5682 pauci
1109 5615 1156 5666 ei
1189 5615 1262 5667 δέ.
1299 5615 1497 5672 Vocula
1525 5617 1580 5670 δέ
1626 5617 1693 5670 ab
1720 5616 1881 5671 editis

399 5693 518 5732 :rat.

387 5748 496 5817 (81)
529 5749 669 5806 Editi
692 5762 740 5807 et
780 5768 910 5810 mss.
939 5753 1088 5809 multi
1122 5754 1344 5823 πότερον
1373 5756 1465 5810 καὶ
1491 5756 1665 5819 οὐσία,
1702 5766 1875 5811 utrum

1979 4618 2085 4658 non
2114 4612 2258 4658 sunt.
2293 4603 2350 4658 Si
2387 4605 2673 4675 ingenitum
2709 4613 2794 4658 est
2829 4602 3030 4672 aliquid
3052 4641 3068 4666 ,
3116 4602 3278 4655 etiam
3325 4599 3550 4653 immor-

1981 4697 2118 4760 tale,
2180 4695 2288 4752 Iine
2339 4712 2570 4762 carens,
2618 4698 2932 4752 morborum
2979 4710 3205 4758 exsors,
3252 4693 3547 4749 senectutis

1980 4786 2247 4854 nescium,
2281 4786 2482 4857 aliquid
2525 4797 2704 4843 erunt.
2748 4787 2986 4844 Proinde
3032 4786 3288 4858 quoniam
3333 4785 3560 4855 ingenis.

1983 5054 2276 5109 substantia
2305 5069 2508 5124 quoque
2538 5053 2711 5122 major
2734 5063 2833 5116 est,
2865 5053 2942 5106 sic
2977 5060 3036 5124 ut
3060 5066 3168 5124 νον(Δ
3188 5050 3343 5103 οὐσία
3393 5049 3571 5124 sit-tu-

1982 5121 2330 5178 nominativo.
2363 5121 2542 5194 (Iudex
2572 5121 2722 5178 cnlb.
2751 5122 3028 5194 trd‘capoy_ﬁ
3051 5121 3206 5194 οὐσίᾳ
3231 5135 3352 5175 cum
3381 5138 3397 5171 ι
3419 5121 3550 5194 sub-

1984 5194 2469 5316 ;crijilto,ﬁrec_tius.
2506 5193 2581 5247 Ita
2611 5195 2753 5249 enim
2787 5189 2943 5258 illud,
2965 5191 2998 5262 ἧ
3020 5189 3203 5257 οὐσία,
3249 5189 3548 5260 responde-

2023 5274 2061 5316 ΙΙ.
2099 5281 2112 5316 Ι
2159 5282 2193 5316 Ι.
2289 5281 2387 5316 τω.

1982 5265 2061 5320 bii
2099 5264 2193 5325 illi,
2219 5264 2252 5327 ἢ
2289 5263 2387 5327 τῷ.

2053 5264 2387 5404 (έὲΐέοιῗύε.
2429 5331 2806 5404 ϐοιὺτνούσία
2852 5335 2945 5388 καὶ
3000 5332 3312 5404 ἀγέννητον.
3349 5327 3554 5383 Ibidem

1980 5402 2108 5457 editi
2143 5412 2197 5456 et
2231 5419 2359 5458 mss.
2395 5402 2634 5456 nonnulli
2667 5405 2716 5455 si
2744 5404 2804 5456 τὸ
2828 5405 3142 5473 ἀγέννητος,
3167 5403 3265 5455 Alii
3288 5411 3394 5453 tres
3417 5414 3547 5452 mss.

1976 5473 2292 5544 ἀγέννητον,
2317 5473 2528 5544 melius.
2569 5473 2644 5526 Ita
2683 5474 2829 5527 enim
2863 5472 3024 5535 illud,
3047 5472 3338 5540 ἀγέννητον
3356 5484 3550 5544 ..Αςοηδ

1977 5537 2224 5614 cordabit
2255 5558 2376 5614 cum
2416 5542 2484 5596 iis
2523 5557 2642 5610 qua:
2699 5554 3001 5614 sequuntur
3053 5537 3294 5606 vocibus,
3346 5537 3549 5592 saeva—

1975 5629 2086 5675 τον,
2117 5611 2490 5682 ἀτελεύτητον,
2526 5623 2630 5666 etc.

2047 5673 2159 5753 (85)
2197 5683 2334 5738 Editi
2365 5673 2450 5735 ’τὸ
2478 5673 2731 5752 ἀγηρον.
2781 5684 3002 5739 Veteres
3054 5683 3290 5752 quinque
3322 5679 3444 5736 libri
3490 5673 3554 5730 τὸ

1975 5753 2079 5825 ἁγή
2089 5771 2218 5825 ρων.
