3956 6216
430 305 535 363 687

1728 306 1792 364 S.
1831 304 2082 363 BASlLll
2120 304 2336 361 MAGNI

3600 292 3722 349 688

430 423 521 473 tus
551 424 659 484 est,
689 419 968 486 superabit
993 432 1225 475 omnes:
1258 427 1315 475 at
1356 419 1413 474 in
1445 418 1668 491 reliquis
1708 421 1851 478 idem
1894 422 1998 478 erit

2109 420 2207 486 ἑξει
2231 420 2466 482 πάντων,
2487 421 2598 483 τοῖς
2630 418 2687 472 δὲ
2716 416 2894 479 ἄλλοις
2911 414 3105 469 ταύτὸν
3137 411 3288 468 ἔσται
3318 410 3596 481 ἀγγέλοις
3617 409 3723 464 καὶ

396 522 559 593 _cum
612 508 822 577 angelis
882 509 1275 581 spiritibusque
1325 519 1383 567 et
1429 512 1731 568 animabus.
1779 513 2006 570 Nam'et

437 596 554 652 hac
580 597 907 653 immortalia
932 608 1080 665 sunt,
1100 608 1156 654 et
1188 598 1310 656 ﬁnis
1335 601 1597 669 expertia.
1641 600 1794 668 Quod
1822 603 1869 658 si
1899 618 2005 660 non

438 701 535 757 per
565 701 651 754 ea,
682 702 802 758 qua:
841 704 947 744 non
979 697 1080 756 est,
1112 691 1208 745 sed
1251 704 1347 760 per
1389 705 1452 746 ea
1496 708 1615 764 quae
1661 702 1764 758 est,
1795 693 2007 748 excedit

437 778 637 849 (neque
661 780 807 835 enim
840 780 1001 837 homo
1029 782 1132 836 hoc
1159 783 1501 851 praestantior
1534 793 1618 839 est
1660 787 1836 851 bruto,
1862 784 2004 853 quod

436 870 633 923 anima:
676 878 769 923 aut
801 884 995 925 sensus
1027 884 1222 940 expers
1257 886 1363 926 non
1396 871 1496 937 sit;
1528 886 1651 925 cum
1693 871 1808 925 haec
1842 871 2004 938 etiam

436 952 511 1004 sit
543 952 891 1021 irrationale;
917 953 1012 1009 sed
1039 955 1161 1018 hoc,
1182 955 1323 1023 quod
1352 953 1631 1009 rationalis
1658 955 1762 1025 est)
1789 972 1804 1009 :
1839 954 1917 1008 sic
1951 963 2007 1009 et

438 1039 579 1097 Deus
623 1057 731 1097 non
776 1043 920 1114 quod
970 1043 1246 1114 ingenitus
1295 1044 1385 1111 sit,
1425 1044 1518 1100 sed
1566 1045 1711 1115 quod
1763 1044 2003 1099 omnium

435 1148 604 1189 causa
637 1136 731 1199 sit,
767 1135 940 1204 major
971 1136 1095 1191 erit.
1131 1135 1190 1191 Si
1224 1134 1497 1206 ingenitus
1526 1152 1556 1191 a
1588 1137 1770 1206 genito
1800 1152 1868 1201 ex
1908 1137 2005 1191 ad-

435 1239 598 1281 verso
626 1226 998 1296 distinguitur,
1032 1228 1303 1298 ingenitus
1333 1237 1518 1284 autem
1544 1228 1846 1284 substantia
1871 1228 2003 1284 sim-

436 1319 559 1387 plex
588 1329 702 1385 est;
733 1321 896 1375 etiam
943 1335 1010 1379 eo
1058 1321 1203 1391 quod
1243 1320 1615 1387 immutabilis,
1639 1329 1693 1375 et
1721 1321 2004 1375 immorta-

436 1409 504 1466 lis
531 1419 587 1465 et
619 1409 804 1480 ﬁgurae
828 1424 1015 1467 exsors
1037 1419 1144 1477 est,
1177 1420 1232 1465 et
1259 1411 1328 1466 ob
1361 1410 1586 1480 reliqua,
1613 1426 1681 1466 ex
1717 1410 1947 1472 adverso
1973 1426 2004 1466 a

436 1500 621 1573 genito
652 1502 1035 1570 distinguetur.
1077 1501 1135 1556 Si
1173 1502 1317 1556 enim
1348 1500 1529 1571 aliquo
1566 1499 1781 1570 quidem
1798 1490 2003 1557 'distin~

435 1595 637 1667 guitur,
668 1594 836 1669 286
879 1594 1103 1665 reliquis
1142 1609 1272 1650 vero
1312 1608 1687 1666 nequaquam;
1730 1592 2001 1663 composi-

437 1694 559 1751 tus,
593 1700 701 1741 non
751 1686 981 1757 simplex
1036 1696 1141 1741 est.
1192 1685 1250 1740 Si
1306 1685 1353 1740 is
1398 1684 1490 1753 qui
1534 1684 1786 1753 cognovit
1836 1684 2002 1739 Deum

435 1789 560 1833 esse
604 1776 944 1847 ingenitum,
995 1777 1124 1848 quid
1178 1778 1393 1834 tandem
1445 1774 1519 1831 sit
1569 1776 1710 1831 Deus
1750 1761 2075 1831 accurateB

431 1868 711 1939 cognovit,
740 1884 955 1938 rursus,
1001 1871 1045 1924 si
1103 1868 1237 1923 nihil
1286 1866 1460 1936 majus
1508 1876 1594 1923 est
1630 1881 1791 1939 quam
1835 1866 2004 1921 Deum

434 1960 733 2017 secundum
764 1969 1012 2019 naturam
1064 1960 1237 2031 ipsius
1282 1974 1634 2031 cognoscere,
1671 1961 1779 2015 imo
1805 1960 1851 2016 si
1890 1960 2007 2016 haec

435 2061 520 2107 est
564 2052 677 2107 vita
724 2061 929 2108 aeterna
964 2072 977 2107 :
1008 2053 1099 2121 qui
1152 2066 1252 2108 nos
1304 2051 1490 2111 docuit
1541 2051 1838 2120 ingenitum
1885 2066 2006 2107 esse

433 2143 628 2209 Deum,
666 2143 715 2198 is
748 2143 923 2214 major
952 2142 1261 2197 invenietur
1302 2143 1369 2198 iis
1410 2157 1530 2211 quae
1565 2143 1709 2198 Deus
1738 2142 2008 2212 diligenti-

432 2233 537 2293 bus
564 2234 736 2303 ipsum
764 2234 1114 2305 praeparavit.
1135 2233 1270 2288 Nam
1300 2233 1416 2289 ﬁeri
1443 2248 1546 2289 non
1567 2242 1745 2301 potest
1764 2244 1822 2288 ut
1844 2236 2007 2290 homo

434 2323 728 2394 quidquam
775 2332 1070 2395 cognoscat
1105 2338 1317 2388 eorum,
1347 2339 1466 2393 quae
1495 2339 1595 2380 nec
1630 2325 1818 2380 oculus
1846 2325 2003 2391 vidit,

433 2428 538 2470 nec
572 2414 723 2469 auris
756 2414 987 2478 audivit,
1016 2428 1136 2484 qua:
1185 2427 1286 2469 nec
1320 2415 1372 2467 in
1412 2428 1503 2469 cor
1542 2414 1780 2470 hominis
1818 2430 2006 2471 ascen-

435 2505 630 2559 derunt
655 2503 727 2559 ".
758 2505 920 2575 Atqui
951 2514 1267 2576 peccatores
1305 2506 1467 2562 etiam
1515 2521 1710 2562 nomen
1740 2508 2006 2578 ingenitus

435 2597 714 2651 audivere.
769 2594 924 2663 Quod
976 2596 1142 2663 igitur
1195 2597 1371 2665 majus
1414 2606 1518 2662 est,
1552 2598 1603 2653 id
1655 2607 1748 2652 aut
1802 2612 1900 2668 per
1948 2613 2009 2654 se

435 2688 613 2758 ipsum
641 2698 735 2742 aut
765 2703 863 2758 per
887 2688 1051 2743 alium
1082 2689 1225 2743 Deus
1253 2697 1572 2758 peccatores
1602 2691 1783 2746 docuit
1818 2705 1834 2745 :
1864 2692 2008 2760 quod

434 2793 568 2833 vero
598 2781 778 2835 minus
803 2788 909 2848 est,
935 2780 1179 2851 nihilque
1202 2781 1269 2835 ad
1299 2780 1464 2834 vitam
1486 2790 1743 2836 aeternam
1774 2782 2003 2846 confert,

435 2870 490 2929 ld
523 2871 691 2939 justis
726 2871 983 2926 servavit.
1016 2871 1083 2925 Et
1115 2872 1389 2942 quomodo
1420 2872 1523 2927 hoc
1562 2874 1854 2927 absurdum
1900 2889 2004 2929 non

434 2965 555 3019 est?
580 2963 858 3035 Ingenitus
887 2978 1063 3033 neque
1093 2964 1357 3031 deﬁnitio,
1394 2978 1570 3034 neque
1598 2963 1876 3034 proprium
1913 2965 2005 3021 Dei

434 3063 539 3110 est.
572 3054 698 3110 Haac
728 3055 872 3109 enim
906 3061 1300 3110 convertuntur
1326 3067 1450 3109 cum
1493 3054 1583 3119 iis,
1615 3069 1843 3124 quorum
1880 3066 2005 3111 sunt

437 3146 681 3201 deﬁnitio
707 3155 802 3200 aut
835 3146 1133 3219 proprium.
1165 3146 1337 3202 Homo
1370 3147 1513 3201 enim
1551 3155 1636 3201 est
1673 3146 1872 3205 animal
1917 3163 2005 3202 ra-

435 3232 663 3298 tionale,
706 3233 957 3298 mortale,
995 3234 1364 3307 intelligentia:
1401 3250 1466 3291 ac
1510 3236 1752 3291 scientiae
1795 3251 2001 3307 capax;

432 3330 490 3376 et
520 3321 568 3376 si
599 3322 729 3391 quid
773 3322 974 3380 animal
1022 3324 1310 3389 rationale,
1345 3325 1593 3393 mortale,
1632 3325 2005 3397 intelligentiae

434 3427 500 3467 ac
539 3414 780 3470 scientia;
823 3431 1015 3485 capax,
1055 3418 1159 3473 hoc
1195 3417 1359 3474 homo
1405 3428 1515 3484 est;
1570 3419 1842 3488 proprium
1876 3435 2005 3476 vero

434 3507 669 3566 hominis
712 3517 801 3563 est
844 3509 1076 3575 risibile;
1112 3520 1168 3566 et
1208 3511 1253 3566 si
1289 3510 1416 3581 quid
1453 3508 1658 3566 risibile
1705 3519 1810 3579 est,
1844 3511 2007 3567 homo

435 3608 538 3653 est.
570 3597 869 3669 Ingenitum
912 3608 1091 3655 autem
1130 3601 1175 3656 si
1211 3606 1336 3673 quis
1378 3601 1639 3657 concedet
1665 3600 1771 3657 dici
1796 3602 1863 3657 de
1883 3588 2008 3657 solo

2104 511 2377 583 πνεύμασι
2410 511 2505 564 καὶ
2530 510 2749 581 ψυχαῖς.
2791 509 2901 562 Καὶ
2949 506 3058 578 γὰρ
3093 503 3264 559 ταῦτα
3308 502 3575 557 ἀθάνατα
3616 501 3723 554 καὶ

2104 602 2452 674 ἀτελεύτητα.
2480 602 2544 655 El
2571 601 2628 655 δὲ
2657 601 2732 673 μὴ
2766 601 2857 667 ἀφ’
2890 591 2965 653 ὧν
2992 596 3102 669 (84)
3129 597 3230 649 οὐκ
3254 594 3427 656 ἔστιν,
3454 592 3585 647 ἀλλ’
3613 591 3721 661 ἀφ’

2103 688 2178 747 ὧν
2216 694 2361 747 ἐστιν
2396 691 2648 762 ὑπερέχει
2689 690 2833 759 (οὐδὲ
2878 687 2988 760 γὰρ
3028 687 3310 759 ἄνθρωπος
3342 684 3558 752 ἀλόγου
3588 680 3725 751 βελρ

2104 786 2235 839 τίων
2257 785 2335 856 τῷ
2365 786 2440 855 μὴ
2469 780 2609 840 εἶναι
2637 783 2839 854 ἄψυχος
2873 783 2967 835 καὶ
2994 779 3313 849 ἀναίσθητος
3332 796 3345 809 ο
3375 777 3567 830 ταῦτα
3596 774 3721 844 γὰρ

2107 876 2202 929 καὶ
2226 876 2286 929 τὸ
2316 874 2528 943 ἄλογον,
2561 872 2695 927 ἀλλά
2715 872 2791 945 τῷ
2818 871 2929 944 (85)
2954 864 3093 923 εἶναι
3117 866 3354 939 λογικός)
3382 882 3398 896 ⁸
3431 865 3590 920 οὕτω
3615 864 3721 917 καὶ

2106 968 2135 1020 6
2164 965 2317 1031 Θεὸς,
2343 964 2404 1019 οὐ
2437 964 2515 1036 τῷ
2548 966 2870 1036 ἀγέννητος,
2902 961 3039 1016 ἀλλά
3064 960 3140 1031 τῷ
3170 960 3389 1013 πάντων
3419 957 3610 1019 αἴτιος
3634 951 3722 1008 εἷ-

2108 1075 2216 1125 ναι,
2241 1056 2392 1111 ἔσται
2426 1056 2645 1128 μείζων.
2684 1056 2748 1109 Εἰ
2785 1052 3271 1109 ἀντιδιαστέλλεται
3311 1052 3341 1103 6
3393 1048 3720 1118 ἁγέννητος

2106 1147 2185 1219 τῷ
2209 1146 2451 1217 γεννητῷ
2474 1146 2585 1217 (86)
2609 1162 2622 1175 ·
2654 1147 2683 1199 6
2706 1145 2763 1199 δὲ
2786 1144 3078 1215 ἀγέννητος
3102 1143 3258 1195 οὐσία
3286 1140 3435 1209 ἁπλῆ
3454 1156 3469 1169 ·
3502 1138 3611 1192 καὶ
3630 1138 3719 1208 τῷ

2109 1238 2221 1310 (87)
2269 1237 2535 1309 ἄτρεπτος
2577 1237 2672 1291 κα)¹
2706 1236 2971 1300 ἀθάνατος
3011 1235 3105 1288 καὶ
3131 1232 3576 1303 ἀσχημάτιστος,
3610 1230 3718 1282 καὶ

2109 1332 2274 1384 πᾶσιν
2301 1327 2835 1399 ἀντιδιασταλήσεται
2878 1327 3015 1399 πρὸς
3043 1325 3134 1379 τὸν
3173 1323 3454 1394 γεννητόν.
3490 1323 3565 1374 El
3594 1318 3719 1391 γὰρ

2106 1423 2215 1477 τινὶ
2245 1422 2344 1493 μὲν
2373 1419 2885 1484 ἀντιδιαστέλλεται,
2918 1422 3031 1483 τοῖς
3061 1418 3119 1472 δὲ
3146 1417 3348 1479 λοιποῖς
3374 1413 3463 1479 οὔ,
3499 1412 3715 1466 σύνθε-

2106 1529 2199 1575 τος
2224 1512 2316 1564 καὶ
2340 1511 2440 1580 οὐχ
2472 1508 2697 1572 ἁπλοῦς.
2727 1510 2792 1562 El.
2825 1510 2855 1561 6
2886 1508 3066 1577 γνοὺς,
3098 1507 3178 1559 ὅτι
3218 1503 3520 1575 ἀγέννητός
3552 1504 3718 1573 ἐστιν

2107 1603 2136 1655 6
2159 1601 2311 1665 Θεὸς,
2343 1601 2373 1653 6
2402 1617 2457 1652 τι
2499 1599 2630 1652 ποτέ
2672 1599 2820 1652 ἐστιν
2852 1601 2880 1651 6
2909 1596 3040 1661 Θεὸς
3081 1594 3322 1668 ἀκριϐῶς
3364 1592 3539 1662 ἔγνω,
3581 1594 3717 1664 μείο

2110 1690 2200 1756 ζον
2221 1692 2277 1744 δὲ
2306 1692 2457 1746 οὐδέν
2478 1693 2595 1743 ἐστι
2629 1689 2722 1743 τοῦ
2750 1690 2842 1744 τὸν
2865 1689 2996 1743 Θεὸν
3028 1688 3168 1742 κατὰ
3195 1686 3291 1757 τὴν
3324 1684 3500 1740 αὐτοῦ
3536 1684 3715 1753 φύσιν

2103 1784 2325 1853 γνῶναι,
2365 1783 2477 1837 ἀλλ’
2511 1783 2651 1854 αὕτη
2684 1783 2832 1838 ἐστὶν
2877 1784 2911 1854 ἠ
2958 1779 3175 1843 αἰώνιος
3216 1777 3351 1848 ζωὴ,
3399 1778 3430 1830 6
3475 1776 3714 1842 διδάξας

2102 1878 2251 1948 ἡμᾶς
2281 1876 2411 1947 (88),
2449 1877 2532 1930 ὅτι
2560 1875 2849 1945 ἀγέννητὸς
2882 1876 3027 1927 ἐστιν
3052 1874 3080 1925 6
3104 1871 3256 1936 Θεὸς,
3300 1870 3510 1942 μείζων
3541 1869 3713 1940 εὑρε-

2105 1968 2330 2038 θήσεται
2369 1961 2443 2022 ὧν
2490 1969 2519 2020 6
2552 1967 2683 2030 Θεὸς
2728 1967 2991 2038 ἡτοίμασε
3036 1967 3146 2027 τοῖς
3187 1962 3479 2033 ἀγαπῶσιν
3515 1960 3708 2015 αὐτόν.

2118 2057 2368 2110 Ἐκείνων
2401 2055 2509 2127 γὰρ
2542 2054 2694 2109 οὐδὲν
2726 2053 2948 2108 δυνατὸν
2979 2052 3259 2123 ἄνθρωπον
3283 2051 3418 2105 ὄντα
3449 2050 3673 2119 γνῶναι
3692 2067 3707 2079 ·

2102 2141 2177 2202 ὧν
2212 2135 2334 2201 οὔτε
2372 2146 2648 2217 ὀφθαλμός
2688 2163 2771 2209 τις
2802 2141 2962 2207 εἶδεν,
2994 2143 3117 2197 οὔτε
3153 2139 3249 2207 οὖς
3276 2143 3552 2213 ήκουσεν,
3581 2144 3712 2198 οὔτε

2104 2240 2198 2293 ἐπὶ
2226 2239 2451 2311 καρδίαν
2493 2238 2781 2310 ἀνθρώπου
2824 2236 3010 2308 ἀνέϐη.
3050 2235 3211 2290 Ἀλλά
3246 2235 3352 2307 μὴν
3384 2235 3486 2288 καὶ
3526 2236 3713 2306 ἁμαρ-

2103 2329 2263 2384 τω).οὶ
2288 2329 2349 2382 τὸ
2380 2328 2711 2397 ἀγέννητος
2730 2327 2900 2396 ὄνομα
2928 2327 3061 2396 ἧκου
3072 2342 3190 2380 σαν.
3210 2325 3283 2377 Τὸ
3319 2326 3514 2395 μεῖξον
3544 2321 3645 2379 οὖν
3675 2325 3710 2396 ἢ

2104 2423 2171 2477 δι’
2201 2421 2392 2476 ἑαυτοῦ
2423 2421 2455 2492 ἢ
2500 2421 2567 2474 δι’
2595 2420 2785 2492 ἑτέρου
2812 2422 2839 2472 6
2862 2420 2994 2482 Θεὸς
3023 2418 3150 2483 τοὺς
3171 2418 3546 2489 ἁμαρτωλοὺς
3568 2419 3713 2471 616i-

2105 2513 2222 2581 ξας,
2252 2513 2312 2567 τὸ
2354 2508 2515 2583 ἦττον
2546 2513 2641 2565 καὶ
2673 2512 2839 2582 μηδὲν
2874 2512 2953 2574 εἰς
2984 2507 3127 2581 ζωὴν
3156 2508 3372 2563 αἰώνιον
3406 2511 3711 2564 συντελῶν

2104 2608 2215 2668 τοῖς
2240 2604 2469 2665 δικαίοις
2500 2601 2750 2670 ἐφύλαξε.
2777 2604 2887 2656 Καὶ⁸
2903 2601 3021 2665 πῶς
3043 2602 3143 2654 οὐκ
3164 2602 3361 2656 ἄτοπον
3386 2618 3404 2666 ;
3430 2600 3502 2654 Τὸ
3524 2602 3711 2671 ἀγέν-

2104 2716 2287 2766 νητος
2303 2696 2427 2750 οὔτε
2451 2698 2574 2769 ὅρος
2603 2697 2720 2749 ἐστὶ
2741 2694 2898 2759 Θεοῦ,
2924 2693 3051 2747 οὔτε
3077 2693 3228 2748 ἴδιον.
3256 2693 3449 2748 Ταῦτα
3472 2694 3595 2765 γὰρ
3620 2695 3713 2747 ἀνι

2103 2790 2380 2860 τιστρέφει
2412 2788 2641 2852 ἐκείνοις
2669 2779 2743 2840 ὧν
2763 2787 2888 2859 ὄρος
2927 2787 2960 2857 ἢ
2995 2785 3124 2840 ἴδιον
3145 2787 3537 2857 τυγχάνουσιν.
3576 2788 3709 2839 Ἀν-

2106 2879 2321 2952 θρωπος
2348 2879 2454 2951 γὰρ
2481 2878 2617 2943 ζῶον
2642 2878 2879 2947 λογικὸν,
2909 2877 3124 2949 θνητὸν,
3150 2877 3243 2931 νοῦ
3268 2878 3363 2931 καὶ
3384 2879 3709 2949 ἐπιστήμης

2103 2969 2381 3024 δεκτικόνο
2435 2969 2531 3023 καὶ
2564 2970 2619 3022 ετ
2657 2986 2710 3022 τι
2740 2968 2877 3045 ζῶον
2919 2968 3159 3039 λογικὸν,
3211 2967 3429 3040 θνητὸν,
3466 2969 3569 3025 νοῦ
3616 2970 3710 3025 καὶ

2032 3099 2075 3161 c
2106 3062 2414 3131 ἐπιστήμης
2446 3056 2717 3124 δεκτικὸν,
2762 3058 3048 3130 ἄνθρωπος
3084 3057 3242 3115 τοῦτο
3272 3058 3421 3129 (89)·
3471 3058 3618 3113 διον
3654 3059 3710 3113 δὲ

2106 3148 2394 3222 ἀνθρώπου
2436 3148 2498 3202 τὸ
2538 3147 2859 3215 γελαστικὸν
2878 3187 2892 3212 ,
2923 3148 3017 3202 καὶ
3049 3148 3177 3201 εἴτι
3211 3148 3539 3217 γελαστικὸν
3559 3189 3576 3212 ,
3614 3149 3709 3202 ἄν·

2107 3239 2342 3312 Θρωπος.
2374 3241 2446 3293 Τὸ
2481 3240 2539 3294 δὲ
2562 3239 2887 3309 ἁγέννητος
2915 3239 3069 3303 εἴτις
3099 3240 3447 3312 συγχωρήσει
3476 3240 3578 3292 ἐπὶ
3613 3239 3713 3311 μό-
3770 3274 3779 3283 -

2109 3349 2201 3386 νου
2234 3330 2367 3385 Θεοῦ
2399 3330 2673 3400 λέγεσθαι,
2706 3331 2803 3401 οὐχ
2858 3330 2976 3403 ἅμα
3020 3331 3117 3386 καὶ
3158 3332 3213 3385 εῐ
3245 3349 3297 3385 τι
3337 3331 3497 3397 Θεὸς,
3542 3332 3711 3386 τοῦτο

2112 3424 2421 3494 ἀγέννητον.
2476 3423 2536 3478 Ὀ
2579 3417 2673 3477 οὖν
2719 3422 2868 3486 Υἱὸς,
2918 3423 3049 3488 Θεὸς
3098 3421 3197 3487 ὢν,
3247 3423 3349 3476 οὐκ
3400 3423 3711 3495 ἀγέννητὸς

2112 3515 2279 3569 ἐστιν.
2310 3512 2446 3568 Οὔτε
2476 3512 2605 3583 γοῦν
2636 3513 2761 3584 ὅρος
2796 3512 2905 3584 (90)
2931 3512 3052 3568 οὔτε
3086 3513 3214 3568 ῐδιον
3238 3513 3299 3568 τὸ
3328 3512 3706 3583 ἀγέννητος·

2112 3604 2171 3659 οὐ
2203 3603 2311 3677 γὰρ
2336 3603 2678 3675 ἀντιστρέφει
2711 3602 2844 3675 (91).
3372 3614 3379 3619 ·
3686 3604 3691 3611 “

434 3689 570 3753 Deo,
594 3707 699 3745 non
726 3691 983 3747 continuo
1024 3694 1068 3748 si
1097 3693 1227 3765 quid
1268 3694 1432 3750 etiam
1457 3695 1598 3749 Deus
1618 3704 1720 3762 est,
1752 3695 2165 3765 bocipsum.est
2211 3699 2525 3771 ingenitum.
2568 3696 2979 3766 ltaqueiFilius,
3017 3713 3329 3768 quanquam
3400 3698 3558 3752 Dcus
3598 3700 3704 3753 est.

435 3797 615 3841 tamen
662 3787 932 3862 ingenitus
980 3804 1087 3845 non
1135 3801 1236 3847 est.
1285 3789 1564 3862 Ingenilus
1615 3791 1782 3861 igitur
1826 3806 2005 3869 neque
2037 3793 2299 3861 deﬁnitio,
2366 3807 2541 3864 neque
2598 3792 2878 3863 proprium
2902 3801 2985 3848 est
3012 3793 3372 3864 Deizquippe
3409 3806 3527 3861 non
3564 3802 3706 3844 eon-

433 3883 680 3947 vertitur.

763 3972 920 4039 Quod
952 3970 1127 4027 Filius
1164 3978 1409 4033 creatura
1450 3986 1555 4025 non
1592 3978 1691 4025 est.

506 4067 560 4121 l.
603 4064 661 4120 Si
700 4064 873 4121 Filius
907 4071 1160 4120 creatura
1182 4062 1279 4117 Dei
1303 4069 1408 4126 est,
1428 4061 1607 4115 omnis
1636 4068 1817 4117 autem
1846 4075 2005 4121 crea-

435 4168 558 4212 tura
586 4156 852 4211 creatoris
896 4170 1083 4222 serva;
1120 4153 1368 4210 Christus
1400 4152 1496 4208 Dei
1538 4166 1730 4209 servus
1769 4160 1874 4217 est,
1900 4169 2009 4208 non

432 4247 625 4309 Filius.
654 4246 768 4302 Non
796 4245 960 4318 igitur
985 4245 1214 4316 sumpsit
1249 4244 1484 4300 formam
1511 4243 1680 4310 servi,
1705 4260 1828 4300 cum
1862 4254 2009 4300 esset

432 4338 731 4401 Dominus,
788 4337 883 4393 sed
933 4344 1051 4392 erat
1104 4349 1314 4401 servus.
1360 4333 1606 4390 P0testas
1659 4336 1846 4391 eadem
1898 4351 2006 4390 non

433 4430 737 4487 communis
784 4438 868 4487 est
916 4428 1141 4484 factura:
1211 4443 1335 4483 cum
1391 4428 1596 4485 factore
1636 4446 1650 4482 :
1692 4427 1828 4483 nihil
1875 4442 2005 4500 ergo

432 4538 721 4579 commune
746 4530 827 4578 est
848 4520 996 4577 Patri
1026 4536 1147 4576 cum
1179 4519 1340 4586 Filio,
1368 4536 1436 4576 ne
1466 4519 1674 4575 creatio
1694 4520 1933 4591 quidem,
1955 4519 2001 4575 si

2534 3972 2663 4027 Ὅτι
2691 3974 2763 4033 οὐ
2785 3973 3004 4040 κτίσμα
3036 3972 3069 4025 d
3106 3970 3256 4036 Υἱός.

2180 4063 2235 4118 1.
2270 4062 2333 4116 Εἰ
2380 4062 2584 4134 κτίσμα
2618 4063 2755 4117 Θεοῦ
2783 4066 2812 4117 6
2840 4062 2986 4126 Υἱὸς,
3017 4062 3124 4114 πᾶν
3153 4060 3210 4113 δὲ
3252 4061 3461 4131 κτίσμα
3510 4060 3707 4116 δοῦλον

2108 4153 2202 4208 τοῦ
2235 4155 2451 4209 κτίστου
2470 4172 2485 4187 ·
2516 4154 2700 4220 δοῦλος
2728 4155 2839 4224 (92)
2868 4156 2897 4208 6
2921 4152 3174 4225 Χριστὸς,
3209 4152 3302 4205 καὶ
3323 4141 3421 4222 οῖά
3444 4152 3580 4218 Υἱὸς
3606 4155 3706 4209 τοῦ

2108 4243 2267 4299 Θεοῦ.
2323 4246 2437 4299 Οὐκ
2479 4245 2670 4300 ἔλαϐεν
2714 4242 2807 4299 οὖν
2842 4244 3056 4316 μορφὴν
3091 4242 3311 4311 δούλου,
3345 4241 3556 4314 Κύριος
3601 4244 3703 4306 ὢν,

2109 4336 2223 4390 ἀλλ’
2249 4331 2318 4409 ἦν
2362 4337 2561 4401 δοῦλος.
2598 4336 2671 4391 Τὸ
2702 4337 2909 4408 ποίημα
2939 4334 3017 4405 τῷ
3046 4337 3243 4405 ποιητῇ
3273 4334 3371 4404 τῆς
3404 4335 3584 4404 αὐτῆς
3614 4335 3708 4388 δυ-

2108 4429 2325 4500 νάμεως
2365 4431 2425 4483 οὐ
2463 4432 2736 4484 κοινωνεῖ·
2789 4427 2939 4481 οὐδὲν
2992 4426 3100 4499 ἄρα
3145 4426 3320 4483 κοινόν
3374 4427 3526 4479 ἐστιν
3559 4427 3703 4481 Υἱοῦ

2108 4521 2201 4575 καὶ
2233 4523 2472 4594 Πατρός·
2497 4524 2619 4577 οὐδὲ
2647 4525 2681 4596 ὴ
2707 4523 2903 4586 κτίσις,
2937 4520 3095 4590 εἴπερ
3124 4519 3332 4589 ποίημα
3359 4518 3454 4570 καὶ
3484 4518 3547 4571 οὐ
3578 4520 3706 4587 γέν-

431 4617 641 4673 l'actura
684 4630 789 4671 non
831 4615 1080 4684 genitura
1106 4612 1277 4687 Filius
1312 4622 1416 4670 est.
1458 4611 1518 4669 Si
1550 4611 1719 4669 Filius
1749 4612 1997 4685 genitura

2109 4630 2250 4685 νημα
2288 4616 2317 4667 6
2363 4615 2592 4679 Υἱός.Εί
2631 4614 2874 4687 γέννημα
2898 4612 3096 4676 ὁΥιὸς,
3133 4611 3210 4675 ὼς
3238 4610 3318 4665 ’ἓν
3356 4608 3470 4663 τῶν
3497 4627 3704 4681 γεννη-

504 4733 551 4777 ⁷δ
580 4732 750 4789 ICor.
782 4749 844 4802 ιι,
874 4731 930 4788 9.

504 4886 621 4960 (84)
647 4887 786 4943 Editl
841 4888 907 4941 Et
949 4886 1008 4960 δὲ
1042 4886 1117 4958 μὴ
1151 4888 1245 4957 ἀφ’
1286 4877 1381 4943 ὧν.
1412 4885 1613 4942 Vocula
1641 4884 1717 4957 μή
1759 4885 1911 4941 deest
1948 4886 2005 4940 in

432 4959 634 5014 nostris
657 4968 860 5027 septem
887 4959 1187 5013 codicibus.

528 5027 618 5096 85)
651 5024 893 5097 Codices
907 5040 1012 5081 non
1041 5027 1194 5097 pauci
1227 5025 1364 5080 ἀλλά
1385 5024 1483 5097 τῷ.
1524 5025 1663 5097 Editi
1697 5024 1831 5080 ἀλλά
1850 5025 1929 5097 1:6.

531 5094 620 5177 ἓξ)
649 5098 795 5177 Em“
828 5095 934 5151 τῶν
960 5094 1255 5177 γενγηεῶγ·
1286 5099 1356 5177 ει
1394 5094 1526 5177 φεξς
1545 5094 1639 5177 ,τεῷ
1668 5095 1931 5177 γεννητῶν

530 5168 619 5247 δῖ)
649 5167 877 5247 veteres
901 5167 1070 5247 nostri
1100 5165 1222 5222 libri
1248 5165 1340 5221 καὶ
1365 5166 1445 5220 τό.
1483 5165 1635 5247 Εάἰιί.
1650 5165 1746 5247 καὶ
1773 5165 1891 5247 τῷ(
1914 5165 2002 5247 re-

434 5235 542 5296 cte.
574 5235 785 5294 Etenim
808 5251 919 5306 vox
950 5237 1139 5301 πᾶσιν,
1173 5252 1293 5305 qua:
1325 5251 1448 5306 mox
1487 5236 1752 5306 sequitur,
1794 5235 2008 5306 videtur

432 5310 508 5364 ita
541 5310 781 5378 exigere.
805 5305 955 5378 Reg.
974 5304 1241 5378 secundus
1256 5305 1350 5378 καὶ
1378 5305 1442 5360 τὸ
1463 5304 1729 5376 ἄτρεπτον
1752 5305 1847 5378 καὶ
1870 5304 2007 5378 ἀθᾴο

432 5396 591 5449 νατον
621 5374 716 5433 καὶ
740 5374 1167 5449 ἀσχημάτιστον.
1193 5374 1395 5433 Ibidem
1425 5374 1554 5432 mss.
1589 5376 1831 5431 nonnulli
1871 5374 2011 5446 πρὸς

430 5448 495 5503 τὸ
518 5449 795 5503 γεννητόν.

557 5466 644 5502 ενν
684 5465 795 5530 τον.
1655 5514 1668 5526 .

505 5465 620 5597 (ξε)
648 5467 800 5597 liqui
820 5515 1237 5597 6r66€ag.6pa¢.
1264 5515 1337 5570 At
1370 5530 1500 5571 mss.
1535 5513 1781 5585 plertque
1816 5528 2009 5571 omnes

432 5586 608 5660 ἡμεςε
630 5596 692 5660 ει
716 5588 789 5660 ηεξ
820 5587 1027 5660 πραπίδι
1052 5586 1338 5660 intem“.-

506 5655 625 5727 (89)
656 5657 793 5711 Editl
828 5652 1214 5727 6e'xrtx6v,_gca‘t
1241 5654 1527 5727 ἄνθρωπος
1557 5654 1733 5727 τοῦτο,
1769 5652 2006 5727 καὶτοῦ-

431 5741 495 5787 το
516 5723 823 5795 ’ἄνθρωπος
843 5742 856 5755 ο
917 5726 1065 5779 ἴδιον.
1095 5723 1318 5783 Veteres
1347 5723 1565 5795 quidam
1596 5723 1719 5782 libri
1768 5723 2006 5792 brevius,

2109 4884 2376 4950 δεκτικὸν,
2435 4883 2722 4954 ἄνθρωπος
2773 4880 2950 4935 τοῦτο·
2999 4879 3149 4933 ἴδιον.
3198 4876 3347 4948 Regii
3384 4877 3601 4946 primus
3645 4886 3702 4930 et

2110 4967 2359 5027 quartus_
2369 4955 2460 5027 uti
2478 4954 2765 5027 edidimus.

2181 5024 2295 5097 (90)
2320 5024 2463 5080 Editl
2484 5021 2621 5079 Οὔτε
2652 5020 2782 5093 γοῦν
2805 5022 2951 5109 ὄρος.
2981 5020 3052 5075 At
3086 5033 3216 5075 mss.
3249 5016 3402 5074 multi
3426 5013 3558 5068 οὔτε
3582 5032 3699 5087 γαρ

2109 5095 2299 5239 ὅρῗδλ)
2320 5164 2378 5220 In
2403 5164 2609 5220 nostris
2640 5171 2845 5239 septem
2867 5158 3146 5239 codicibus
3170 5166 3294 5239 post
3330 5155 3556 5239 verbum
3592 5171 3700 5239 av:

2111 5225 2393 5307 τιστρέφει
2417 5225 2716 5304 sequuntur
2746 5232 2857 5295 illa,
2884 5231 2932 5283 εξ
2961 5229 3095 5300 τιμὴ
3117 5225 3212 5282 τοῦ
3237 5227 3450 5311 [ξατρός
3482 5226 3605 5279 ἐστι
3630 5225 3701 5311 τὸ

2111 5307 2405 5365 ἀγέννητος
2432 5304 2625 5365 ὄνομα,
2654 5301 2859 5365 ὁμοίως
2886 5300 2945 5355 δὲ
2974 5298 3186 5355 καὶτὸν
3213 5296 3343 5352 Υιὸν
3366 5297 3535 5365 τιμᾷν
3563 5293 3655 5349 δει
3681 5310 3698 5323 °

2105 5304 2405 5378 ἀγέννητος
2432 5304 2625 5375 ὄνομα,
2654 5304 2859 5373 ὁμοίως
2886 5304 2945 5355 δὲ
2974 5304 3186 5373 καὶτὸν
3216 5304 3343 5352 Υἱὸν
3366 5304 3535 5365 τιμᾷν
3563 5304 3658 5349 δεῖ
3681 5310 3698 5323 °

2104 5390 2161 5431 et
2192 5379 2274 5433 δεῖ
2319 5387 2375 5431 et
2424 5376 2631 5443 reliqua
2678 5387 2848 5441 usque
2879 5370 2946 5424 ad
3002 5368 3227 5443 verbum
3258 5366 3553 5443 σῴζηται-ι
3596 5365 3701 5419 sed

2104 5447 2221 5503 haec
2243 5447 2425 5502 omnia
2450 5436 2709 5513 superius
2726 5436 2901 5513 n'um._
2917 5439 3078 5513 tertio
3100 5455 3129 5492 a
3158 5436 3416 5513 quolibet.
3432 5436 3535 5506 legi
3560 5449 3700 5513 pos-

2102 5525 2249 5573 sunt.
2280 5505 2598 5573 Cur'autem
2637 5527 2669 5567 a
2698 5511 2937 5567 librariis
2965 5509 3051 5565 bis
3077 5505 3283 5579 scripta
3311 5506 3444 5575 sint,
3475 5505 3705 5562 nescire

2105 5603 2192 5645 me
2227 5587 2423 5642 fateor.

2176 5657 2289 5730 (92)
2316 5656 2537 5726 Antiqui
2569 5661 2676 5710 tres
2702 5649 2829 5707 libri
2852 5647 3035 5713 δοῦλος
3059 5646 3184 5720 ἄρα.
