3956 6216
253 332 359 392 689

1343 331 1719 393 ADVERSUS
1757 331 2129 391 EUNOMlUM
2167 334 2296 390 LIB.
2339 331 2431 389 IV.

3387 327 3493 385 690

258 452 443 523 μάτων
465 491 480 517 ,
512 450 631 504 ’πᾶν⁴
650 448 708 504 δὲ
742 449 988 523 γέννημα
1021 450 1248 523 κτίσμα,
1288 452 1349 506 οὐ
1383 453 1586 524 κτίσμα
1612 455 1641 506 6
1667 453 1796 516 Υἱός
1815 470 1827 483 ·

1935 462 2040 520 εει,
2074 468 2180 509 non
2226 463 2482 521 tanquam
2535 463 2641 505 una
2683 464 2716 504 e
2754 447 3045 520 genituris;
3097 446 3272 501 omnis
3310 455 3495 501 autem

254 544 373 598 οὐδὲ
396 542 504 615 γὰρ
536 543 779 614 γέννημα
803 543 877 607 ὡς
906 546 1109 597 ἐκεῖνα.
1150 546 1212 599 Εἰ
1242 544 1496 598 ἐλάττονα
1519 547 1549 598 6
1577 544 1709 608 Θεὸς
1732 544 1827 613 δη-

259 633 535 702 μιουργεῖν
567 633 668 685 οὐκ
695 630 927 702 ἠδύνατο
954 632 1045 686 τοῦ
1075 632 1192 697 ἐνὸς
1218 633 1348 687 Υἱοῦ
1377 633 1507 707 (95),
1542 634 1628 688 διὰ
1655 634 1717 687 τὸ
1752 635 1827 705 μὴ

255 724 584 792 πεφυκέναι·
631 724 751 777 οὐδὲ
781 727 809 778 6
840 725 968 789 Υἱὸς
996 725 1104 797 ἄρα
1137 725 1248 798 (94)
1290 727 1522 800 διάφορα
1564 729 1827 799 δημιουρ-

255 817 433 886 γήσει,
464 815 597 869 ἀλλά
632 816 690 869 ἓν
732 834 806 870 τι.
842 818 905 870 Ei
937 817 1005 870 τὰ
1048 818 1252 873 ἐλάττω
1289 820 1394 873 ὑπὸ
1428 820 1706 883 ἐλάττονος
1732 820 1829 890 δη-

259 911 617 979 μιουργεῖται,
668 908 761 961 καὶ
808 908 875 961 τὰ
925 909 1145 978 μείζονα
1195 910 1253 963 δὲ
1286 911 1390 964 ὑπὸ
1424 912 1695 980 μείζονος·
1740 909 1831 967 διὰ

256 1000 464 1052 πολλῶν
492 999 597 1069 ἄρα
620 1002 653 1071 ἡ
680 1002 874 1062 κτίσις,
910 1002 1030 1053 ἐπεὶ
1060 1002 1120 1055 οὐ
1159 1004 1307 1055 πᾶσα
1338 1004 1447 1073 ἴση.
1480 1005 1542 1056 Εἰ
1568 1003 1830 1076 δημιουρ-

257 1090 408 1157 γικὸς
435 1092 462 1142 6
489 1089 621 1152 Θεὸς
666 1090 845 1158 φύσει,
895 1093 992 1161 οὐχ
1042 1093 1158 1155 ἑνὸς
1207 1093 1379 1156 ἔσται,
1414 1093 1549 1147 ἀλλά
1600 1093 1827 1148 πολλῶν.

259 1182 327 1233 Ἢ
362 1182 469 1251 γὰρ
503 1181 752 1251 ἀσθενείᾳ
792 1181 919 1234 ἄλλο
963 1183 1024 1234 οὐ
1070 1182 1407 1254 δημιουργεῖ.
1455 1185 1487 1254 ἢ
1533 1183 1710 1255 φθόνῳ
1737 1184 1832 1239 καὶ

260 1270 543 1343 βασκανίᾳ.
576 1272 637 1323 Εἰ
662 1271 748 1323 διὰ
777 1270 905 1324 Υίοῦ
929 1272 1138 1342 Πατρὸς
1156 1273 1382 1344 δύναμις
1412 1273 1828 1344 ἐδημιούργησε,

259 1364 445 1434 Πατὴρ
477 1364 570 1416 καὶ
615 1364 712 1433 οὐχ
739 1364 865 1427 Υἱὸς
911 1366 939 1418 6
979 1364 1326 1436 δημιουργὸς,
1377 1364 1565 1437 ὥσπερ
1606 1365 1726 1418 οὐδὲ
1769 1365 1832 1418 τὸ

259 1454 537 1525 ἐργαλεῖον
563 1457 591 1507 6
622 1455 884 1525 τεχνίτης.
920 1457 1033 1509 Οὐκ
1057 1458 1166 1528 ἄρα
1201 1452 1293 1509 οὖν
1316 1457 1689 1529 ταπεινότερον
1719 1455 1830 1527 (95)

257 1545 456 1616 ἢκατὰ
485 1546 575 1599 τὸν
595 1546 812 1617 Πατέρα
844 1547 905 1599 τὸ
940 1546 1290 1619 δημιουργεῖν
1333 1549 1401 1602 τὰ
1440 1550 1545 1602 ὑπὸ
1578 1549 1671 1603 τοῦ
1705 1550 1830 1603 Υίοῦ

258 1636 550 1705 γενόμενα.
609 1637 672 1689 Εἰ
742 1637 839 1708 τὴν
906 1636 1267 1709 δημιουργίαν
1326 1639 1428 1710 τῆς
1490 1639 1656 1711 οὔσης
1717 1640 1834 1695 κτί-

260 1744 397 1789 σεως
428 1727 738 1799 ὲπῃσχύνθη
781 1728 848 1782 δι’
885 1729 1076 1782 ἑαυτοῦ
1118 1731 1338 1801 ποιῆσαι
1362 1734 1392 1785 6
1414 1731 1566 1795 Θεὸς,
1600 1733 1694 1787 καὶ
1735 1732 1832 1804 τὴν

258 1818 563 1887 δοξολογίαν
603 1819 774 1889 αὐτῆς
805 1820 866 1872 οὐ
905 1821 1209 1891 προσίεται.
1249 1824 1313 1877 Ἀ
1355 1823 1464 1893 γὰρ
1492 1826 1712 1894 ποιῆσαι
1735 1826 1833 1878 ἐπ·-

258 1909 541 1981 ῃσχύνετο,
597 1911 865 1982 γενόμενα
906 1911 1015 1966 ῐδια
1052 1912 1372 1984 νομισθῆναι
1410 1916 1472 1968 οὐ
1502 1914 1736 1987 θελήσει.
1767 1918 1830 1969 Ei

257 2002 451 2054 ταύτὸν
482 2000 686 2066 κτίζειν
716 2004 811 2057 καὶ
846 2004 1040 2073 γεννᾷν
1067 2003 1158 2056 τὸν
1188 2004 1340 2068 Θεὸν,
1374 2005 1561 2076 ἐπειδὴ
1589 2006 1792 2069 ἁπλοῦς
1814 2023 1828 2037 ⁸

258 2093 452 2147 ταύτὸν
509 2094 604 2147 καὶ
652 2094 715 2147 τὸ
772 2094 964 2160 σώζειν
1023 2097 1183 2149 αὐτὸν
1239 2096 1331 2150 καὶ
1384 2096 1692 2161 ἀπολλύειν,
1735 2097 1831 2152 καὶ

259 2181 540 2250 ζωογονεῖν
579 2183 671 2235 καὶ
695 2182 1055 2237 ἀποκτείνειν.
1098 2185 1161 2236 Εἰ
1192 2184 1247 2236 δὲ
1271 2182 1429 2236 τοῦτο
1468 2183 1605 2253 (96),
1636 2183 1830 2238 ταύτὸν

257 2272 365 2345 ἄρα
406 2274 644 2345 σωτηρία
674 2275 765 2327 καὶ
795 2274 1056 2338 ἀπώλεια,
1088 2276 1181 2328 καὶ
1208 2273 1319 2345 ζωὴ
1356 2276 1450 2327 καὶ
1492 2274 1736 2337 Θάνατος.
1767 2274 1830 2326 El

256 2362 390 2416 Θεοῦ
437 2364 668 2437 Χριστὸς
695 2364 922 2436 δύναμις
964 2366 1055 2418 καὶ
1086 2365 1265 2432 σοφία,
1303 2364 1475 2418 ταῦτα
1507 2365 1565 2418 δὲ
1600 2365 1830 2418 ἄκτιστα

258 2453 351 2507 καὶ
387 2455 627 2507 συναῒδια
659 2455 777 2525 Θεῷ
806 2455 886 2526 (οὐ
935 2455 1043 2525 γὰρ
1077 2451 1144 2526 ἦν
1184 2472 1314 2507 ποτε
1344 2456 1544 2523 ἀσοφος
1576 2456 1670 2508 καὶ
1698 2454 1828 2507 ἁδύ·-

259 2546 448 2614 ναμος)
466 2562 479 2575 ·
522 2546 775 2608 ἀκτιστος
806 2546 900 2598 καὶ
929 2547 1194 2609 συναΐδιος
1220 2546 1455 2617 Χριστὸς
1482 2546 1600 2616 Θεῷ
1618 2564 1632 2577 ·
1673 2548 1720 2599 εἰ
1750 2546 1827 2613 δὲ,

259 2634 395 2688 καθὸ
427 2635 693 2707 ὲνέργεια,
721 2635 968 2706 δύναμις,
998 2638 1091 2689 καὶ
1128 2637 1288 2706 σοφία
1306 2636 1439 2689 Θεοῦ
1466 2636 1704 2705 λέγεται,
1737 2638 1831 2690 καὶ

259 2728 420 2798 ἡμεῖς
449 2729 675 2799 δύναμις
707 2729 800 2781 καὶ
845 2728 1001 2797 σοφία
1033 2728 1237 2799 Κυρίου
1276 2728 1567 2798 λεγοίμεθα
1596 2728 1660 2782 ἂν
1695 2729 1827 2800 (97),

258 2819 335 2882 ὡς
362 2819 524 2883 αὐτὸς
553 2820 706 2873 Θεοῦ.
762 2821 898 2873 Ἀλλ’
926 2822 1139 2875 ἄτοπον.
1182 2822 1245 2873 El
1294 2820 1367 2892 μὴ
1416 2821 1582 2884 ἀΐδιος
1628 2820 1760 2885 Θεὸς
1801 2823 1829 2874 6

260 2909 409 2972 Υίὸς,
438 2909 496 2974 ἐξ
529 2910 773 2981 ἀνάγκης
815 2909 1126 2982 πρόσφατος
1146 2925 1159 2939 ⁸
1188 2912 1235 2962 εἰ
1266 2910 1340 2981 μὴ
1376 2909 1646 2981 ἀληθινὸς,
1697 2909 1829 2980 ψευο

1929 545 2179 617 genitura
2207 553 2460 599 creatura
2493 550 2598 606 εει,
2627 556 2737 597 non
2778 549 3029 595 creatura
3059 538 3225 593 Filius
3259 547 3360 602 est,
3396 554 3494 600 ne—

1929 652 2035 706 que
2057 636 2201 691 enim
2233 636 2481 705 genitura
2509 642 2597 688 est
2625 643 2683 686 ut
2712 631 2823 686 illa.
2853 629 2909 685 Si
2939 631 3079 685 Deus
3106 631 3361 699 pauciora
3391 646 3497 684 uno

1928 730 2067 786 Filio
2101 728 2333 783 condere
2374 741 2481 781 non
2523 734 2763 795 poterat,
2797 724 2938 793 quod
2985 733 3194 778 naturae
3240 737 3352 777 suae
3390 736 3496 776 non

1929 819 2227 876 convenit:
2263 817 2430 886 igitur
2476 830 2577 871 nec
2619 815 2785 870 Filius
2846 814 3042 870 condet
3084 813 3339 878 diversa,
3401 813 3499 867 sed

1929 927 2097 968 unum
2124 909 2268 979 quid.
2299 908 2359 963 Si
2389 908 2600 963 minora
2630 923 2660 961 a
2693 907 2897 961 minore
2918 915 3192 971 creantur,
3215 912 3269 960 et
3291 903 3500 972 majora

1930 1020 1961 1060 a
1995 1002 2227 1072 majore;
2278 1017 2375 1071 per
2436 1001 2634 1056 multos
2679 1014 2807 1069 ergo
2854 1010 2982 1054 sunt
3031 1007 3328 1062 creaturae,
3374 1012 3501 1051 cum

1930 1111 2122 1152 Omnes
2160 1110 2266 1148 non
2299 1093 2409 1147 sint
2453 1092 2708 1160 mquales.
2754 1090 2897 1144 Deus
2941 1089 2988 1143 si
3025 1089 3272 1144 conditor
3296 1098 3381 1145 est
3408 1105 3503 1142 na-

1932 1196 2075 1251 tura,
2103 1201 2209 1240 non
2244 1184 2403 1238 unius
2433 1183 2557 1246 erit,
2589 1182 2683 1237 sed
2710 1182 3025 1235 multorum.
3049 1181 3181 1235 Nam
3211 1182 3354 1235 aliud
3394 1195 3505 1234 non

1931 1288 2082 1334 creat
2109 1287 2201 1331 aut
2226 1274 2616 1341 imbecillitate,
2640 1282 2733 1328 aut
2771 1274 2970 1327 invidia
3006 1282 3063 1327 et
3100 1272 3285 1327 livore.
3315 1272 3370 1325 Si
3401 1270 3505 1326 Pa—

1934 1368 2034 1421 tris
2063 1366 2302 1436 potentia
2336 1378 2432 1434 per
2461 1362 2652 1418 Filium
2690 1362 2914 1427 creavit,
2954 1358 3116 1416 Pater
3153 1371 3369 1416 creator
3397 1370 3502 1426 est,

1932 1473 2040 1512 non
2094 1456 2302 1520 Filius,
2355 1453 2807 1523 quemadmodum
2861 1467 3038 1522 neque
3085 1453 3505 1508 instrumentum

1934 1549 2127 1603 artifex
2168 1558 2270 1603 est.
2314 1547 2433 1602 Non
2476 1556 2561 1603 est.
2604 1547 2771 1617 igitur
2814 1562 2902 1601 res
2947 1547 3203 1602 humilior
3239 1563 3402 1618 quam
3445 1556 3505 1601 ut

1935 1642 2082 1696 Patri
2130 1641 2450 1705 conveniat,
2502 1653 2691 1694 creare
2734 1654 2853 1708 qua:
2896 1639 3038 1695 facta
3082 1650 3210 1694 sunt
3261 1656 3291 1693 a
3344 1640 3499 1695 Filio.

1936 1732 1992 1788 Si
2052 1741 2425 1787 creaturarum
2470 1729 2801 1787 creationem
2852 1745 2949 1799 per
3004 1746 3065 1786 se
3121 1731 3302 1786 facere
3359 1732 3504 1789 Deus

1932 1823 2183 1889 erubuit,
2241 1823 2404 1877 etiam
2474 1821 2763 1892 glnriticari
2820 1820 2888 1874 ab
2940 1820 3046 1877 illis
3099 1837 3207 1877 non
3254 1824 3501 1878 sustinet.

1932 1917 2064 1983 Qua:
2135 1915 2278 1971 enim
2355 1913 2534 1968 facere
2611 1912 3000 1978 erubescebat,
3072 1927 3136 1967 ea
3207 1913 3295 1968 ubi
3363 1913 3506 1969 facta

1933 2008 2167 2071 fuerint,
2230 2021 2326 2062 sua
2387 2004 2566 2075 putari
2622 2005 2789 2059 nolet.
2848 2003 2903 2058 Si
2958 2005 3097 2059 idem
3154 2014 3271 2068 est,
3336 2006 3504 2060 Deum

1930 2112 2121 2155 creare
2164 2105 2219 2153 et
2270 2109 2551 2167 generare,
2600 2095 2855 2164 quoniam
2906 2094 3134 2163 simplex
3181 2105 3311 2150 est:
3362 2096 3504 2150 idem

1927 2190 2091 2243 etiam
2124 2188 2249 2248 erit,
2283 2201 2503 2241 servare
2550 2196 2604 2240 et
2653 2184 2903 2255 perdere,
2936 2186 3210 2240 viviﬁcare
3249 2195 3303 2241 et
3340 2186 3506 2258 287

1929 2280 2197 2335 occidere.
2227 2278 2380 2345 Quod
2432 2279 2475 2332 si
2521 2279 2593 2330 ita
2632 2287 2736 2341 est,
2794 2277 2959 2346 igitur
2995 2275 3138 2331 salus
3171 2285 3222 2331 et
3253 2278 3504 2345 perditio,

1929 2380 1984 2427 et
2021 2372 2127 2424 vita
2157 2377 2212 2424 et
2251 2384 2397 2423 mors
2427 2369 2569 2422 idem
2597 2381 2741 2423 sunt.
2778 2367 2832 2422 Si
2865 2368 3114 2421 Christus
3158 2368 3396 2435 potentia
3433 2382 3500 2422 ac

1929 2460 2193 2528 sapientia
2244 2458 2337 2512 Dei
2372 2465 2456 2511 est
2495 2458 2563 2521 ⁷⁸,
2614 2458 2729 2511 haec
2761 2466 2943 2511 autem
2984 2457 3220 2511 iucreata
3270 2465 3397 2511 sunt
3440 2471 3506 2511 ac

1931 2561 2196 2607 coaeterna
2224 2550 2331 2604 Deo
2360 2553 2488 2618 (non
2516 2550 2657 2604 enim
2702 2549 2801 2603 fuit
2847 2534 3082 2614 unquam
3121 2549 3385 2618 insipiens
3408 2557 3503 2602 aut

1931 2642 2217 2717 impotens)
2252 2660 2266 2697 :
2300 2626 2571 2697 increatus
2595 2651 2676 2695 est
2704 2641 2971 2704 Christus,
3009 2649 3062 2695 et
3102 2654 3206 2693 una
3234 2654 3353 2694 cum
3390 2637 3503 2693 Deo

1930 2745 2166 2791 aeternus
2192 2750 2205 2786 :
2229 2734 2310 2788 sin
2357 2742 2563 2795 autem,
2597 2741 2861 2801 quatenus
2891 2740 2972 2784 est
3013 2730 3275 2800 operatio,
3303 2730 3503 2783 dicitur

1929 2825 2168 2895 potentia
2215 2833 2269 2878 et
2302 2823 2564 2892 sapientia
2615 2823 2705 2876 Dei
2736 2840 2750 2876 :
2786 2837 2884 2875 nos
2928 2836 3143 2890 quoque
3176 2819 3413 2889 potentia
3448 2828 3502 2873 et

1930 2917 2193 2988 sapientia
2232 2916 2442 2971 Domini
2494 2914 2597 2968 dici
2631 2926 2918 2983 possumus
2947 2912 3089 2966 haud
3135 2912 3290 2965 aliter
3336 2921 3501 2978 atque

260 3000 357 3071 δής
381 3016 396 3029 ·
431 3002 479 3053 εί
512 2999 586 3072 μὴ
613 2977 790 3069 φύσει,
819 2977 983 3054 θέσει.
1027 2977 1339 3055 Ἀσεϐῶν-δε
1371 2977 1827 3073 προσφάτοιςνκαὶ

1935 2977 2066 3082 ipse,
2112 3010 2226 3064 Dei.
2271 3007 2377 3063 Sed
2423 3007 2526 3061 hoc
2575 2977 2868 3060 absurdum
2923 3012 3023 3058 est.
3066 3002 3124 3057 Si
3165 3001 3332 3056 Filius
3360 3002 3500 3055 Deus

260 3087 475 3157 ψευδέσι
504 3090 597 3141 καὶ
625 3089 697 3160 μὴ
718 3089 874 3157 φύσει
902 3089 1200 3161 λατρεύειν.
1228 3091 1349 3143 Οὐκ
1374 3088 1543 3165 ἔσται
1563 3088 1674 3159 γάρ
1705 3103 1824 3156 σοι,

263 3180 412 3251 φησι,
445 3181 589 3247 Θεὸς
610 3183 953 3249 πρόσφατος
972 3199 985 3212 ο
1014 3182 1107 3234 καὶ
1141 3184 1170 3235 6
1197 3179 1456 3243 Παῦλοξδ
1475 3173 1668 3236 “Am
1696 3184 1829 3237 τότε

256 3271 402 3341 μὴν,
441 3274 551 3325 οὐκ
589 3272 811 3338 εἰδότες
848 3272 1014 3337 Θεὸν,
1057 3274 1458 3327 ἐδουλεύσατε
1497 3276 1621 3340 τοῖς
1648 3276 1829 3343 φύσει

262 3362 371 3427 (98)
418 3362 504 3431 μὴ
535 3359 673 3417 οὖσι
710 3363 883 3429 θεοῖς.
916 3365 987 3417 Ἦ
1022 3364 1238 3428 ἀσεϐεῖς
1278 3363 1385 3435 (99)
1429 3366 1479 3418 oi
1524 3363 1664 3417 οὕτω
1692 3367 1826 3437 Χρι-

264 3452 372 3523 στῷ
409 3452 760 3524 λατρεύοντες
784 3473 798 3487 ο
844 3454 876 3526 ἥ
921 3455 1077 3525 φύσει
1110 3463 1204 3510 καὶ
1248 3455 1497 3527 ἀληθινὸς
1535 3456 1686 3520 Θεὸς,
1736 3459 1829 3512 καὶ

261 3545 524 3608 εὐσεϐεῖς.
547 3546 609 3598 Ei
635 3547 663 3599 6
704 3546 780 3617 (l)
814 3546 943 3610 Υἱὸς
995 3547 1293 3619 ἐνέργημα,
1328 3549 1421 3601 καὶ
1472 3549 1533 3601 οὐ
1561 3548 1826 3619 γέννημα,

259 3633 381 3687 οὔτε
410 3636 438 3687 6
466 3636 921 3707 ὲνεργήσας,οὒτε
951 3638 1057 3709 μὴν
1082 3639 1142 3692 τὸ
1173 3638 1460 3708 ὲνεργηθὲν
1494 3638 1655 3700 αὐτός
1683 3640 1829 3694 ἐστιν

262 3726 470 3798 (ἕτερον
499 3728 608 3799 γὰρ
643 3724 715 3798 ἦν
752 3730 785 3801 ἡ
827 3729 1076 3800 ἐνέργεια
1110 3729 1262 3801 παρὰ
1305 3728 1519 3801 ταῦτα),
1556 3729 1692 3782 ἀλλά
1736 3731 1830 3783 καὶ

259 3819 661 3882 ἀνυπόστατος·
704 3818 927 3890 οὐδεμία
985 3819 1093 3892 γάρ
1137 3819 1388 3890 ἐνέργεια
1448 3820 1825 3882 ἐνυπόστατος.

256 3910 321 3962 Ei
353 3909 411 3963 δὲ
443 3908 504 3963 τὸ
530 3908 841 3983 ὲνεργηθὲν,
869 3910 1050 3982 τρίτος
1092 3912 1157 3964 ἐκ
1181 3909 1413 3981 Πατρὸς,
1435 3910 1537 3963 ’καὶ
1568 3910 1668 3963 οὐκ
1695 3911 1832 3979 ἀμε-

259 4003 517 4068 σίτευτος.
571 4005 632 4057 Ὀ
678 4006 977 4076 ἐνεργήσας
1025 4005 1136 4077 γὰρ
1162 4006 1396 4076 πρῶτος,
1449 4001 1568 4059 εἶτα
1610 4007 1643 4076 ἡ
1682 4006 1830 4075 ἐνέρ-

258 4111 400 4162 γεια,
431 4096 527 4149 καὶ
571 4093 717 4159 οὕτω,
736 4094 796 4149 τὸ
827 4094 1140 4165 ἐνεργηθέν.
1171 4095 1233 4148 Ei
1279 4094 1568 4165 μονογενὴς
1608 4095 1637 4145 6
1679 4094 1827 4164 Υἱὸς,

257 4189 344 4242 διὰ
374 4190 435 4243 τὸ
459 4190 616 4260 μόνος
648 4192 712 4243 ἐκ
753 4190 913 4261 μόνον
946 4187 1300 4258 γεγεννῆσθαι
1326 4188 1401 4258 (2)
1427 4205 1442 4219 ·
1487 4189 1831 4259 μονόκτιστος

1927 3113 2162 3159 aeternus
2186 3116 2292 3156 non
2332 3109 2430 3158 est,
2464 3096 2570 3151 erit
2603 3095 2914 3151 necessario
2940 3108 3134 3149 recens
3156 3108 3167 3143 :
3190 3093 3236 3147 si
3269 3108 3371 3147 non
3403 3106 3499 3147 ve-

1928 3210 2040 3259 rus,
2070 3191 2336 3248 falsuszsi
2361 3205 2465 3244 non
2501 3198 2713 3252 natura,
2746 3187 3049 3257 adoptione.
3095 3186 3381 3254 lmpiorum
3410 3200 3497 3239 au-

1930 3296 2036 3341 tem
2074 3295 2158 3340 est
2197 3291 2441 3339 recentes
2472 3290 2525 3336 et
2568 3279 2733 3335 falsos
2775 3294 2873 3333 nec
2909 3291 3097 3332 natura
3137 3278 3265 3332 deos
3296 3277 3494 3331 colere.

1930 3377 2054 3430 Non
2096 3377 2230 3429 enim
2257 3375 2355 3428 erit
2380 3374 2496 3440 tibi,
2522 3374 2717 3442 inquit,
2764 3371 2897 3425 Deus
2950 3370 3214 3427 recens".
3259 3368 3323 3423 Et
3354 3368 3497 3423 Pau-

1929 3469 2013 3523 lus
2046 3484 2058 3521 :
2089 3466 2192 3522 Sed
2236 3476 2358 3520 tunc
2397 3465 2606 3531 quidem
2649 3464 2948 3531 ignorantes
2996 3462 3180 3525 Deum,
3214 3462 3497 3515 servivistis

1928 3561 2016 3622 iis,
2040 3559 2126 3627 qui
2165 3566 2355 3610 natura
2402 3572 2508 3609 non
2536 3565 2655 3609 sunt
2697 3554 2853 3607 dii".
2895 3553 3002 3606 Aut
3041 3553 3187 3620 impii
3236 3562 3362 3606 sunt
3404 3552 3499 3623 qui

1928 3649 2200 3705 Christum
2229 3647 2307 3702 sic
2335 3646 2518 3701 colunt
2552 3661 2565 3697 :
2592 3653 2684 3699 aut
2717 3654 2906 3698 natura
2939 3652 2994 3697 et
3036 3658 3193 3697 verus
3227 3642 3366 3696 Deus
3393 3650 3497 3706 est,

1929 3753 2091 3811 atque
2114 3741 2248 3795 adeo
2271 3739 2364 3810 pii.
2401 3737 2457 3794 Si
2479 3737 2651 3792 Filius
2678 3735 2922 3804 operatio
2950 3744 3055 3802 est,
3085 3749 3191 3788 non
3228 3733 3498 3805 genitura,

1930 3848 2106 3901 neque
2137 3831 2228 3901 qui
2256 3839 2512 3900 operatus
2560 3837 2665 3893 εει,
2706 3841 2884 3897 neque
2910 3840 3046 3895 opus
3073 3825 3244 3895 ipsum
3273 3826 3389 3895 ipse
3416 3834 3501 3879 est

1931 3922 2097 3993 (aliud
2142 3921 2285 3975 enim
2340 3930 2423 3975 est
2477 3919 2720 3988 operatio
2755 3927 2949 3987 praeter
2986 3915 3161 3988 haec):
3202 3915 3296 3971 sed
3333 3914 3498 3969 etiam

1931 4029 2034 4070 non
2063 4013 2338 4077 subsistit;
2375 4010 2522 4065 nulla
2556 4011 2698 4064 enim
2724 4008 2975 4064 subsistit
2999 4006 3262 4077 Operatio.
3283 4004 3339 4060 Si
3371 4021 3500 4060 vero

1930 4120 2063 4173 opus
2097 4105 2271 4174 ipsum
2299 4112 2403 4167 est,
2426 4100 2616 4156 tertius
2646 4115 2675 4155 a
2704 4099 2883 4162 Patre,
2899 4115 3006 4154 non
3037 4098 3377 4153 immediatus
3391 4106 3494 4152 est.

1930 4195 2031 4263 Qui
2059 4197 2200 4252 enim
2231 4202 2487 4264 operatus
2513 4202 2624 4257 est,
2656 4193 2865 4260 primus
2909 4200 2993 4246 est
3026 4206 3040 4243 :
3071 4191 3260 4245 deinde
3306 4203 3498 4258 opera-

260 4281 589 4355 κυριώτερον
613 4281 677 4335 ἂν
706 4282 934 4351 λέγοιτο,
966 4281 1171 4351 κτίσμα
1205 4281 1302 4352 μὲν
1329 4279 1542 4350 ἀληθῶς
1577 4281 1696 4334 κατ’
1722 4281 1825 4332 Εὐ-

1935 4287 2027 4352 tio,
2059 4295 2168 4341 tum
2191 4286 2402 4341 demum
2428 4299 2584 4353 opus.
2610 4282 2666 4339 Si
2697 4282 2864 4338 Filius
2895 4281 3201 4351 unigenitus
3227 4290 3327 4345 est,
3352 4281 3496 4351 quod

260 4372 442 4442 νόμιον
470 4372 565 4438 ὢν,
602 4373 844 4444 γέννημα
884 4373 941 4425 δὲ
972 4372 1337 4445 ψευδωνύμως
1377 4372 1727 4444 καλούμενος.
1759 4375 1821 4426 Ei

258 4463 287 4515 6
319 4462 445 4525 Υἱὸς
472 4462 857 4535 δημιόύργημα
887 4460 977 4517 τοῦ
1016 4464 1227 4535 Πατρὸς
1259 4464 1433 4534 μόνος,
1465 4464 1532 4518 τά
1560 4464 1616 4518 δὲ
1645 4465 1822 4518 πάντα

257 4553 351 4607 τοῦ
378 4550 529 4622 Υίοῦ,
560 4553 749 4620 εἰπὼν,
789 4554 867 4609 Τὰ
919 4556 1029 4625 ἐμὰ
1062 4554 1255 4609 πάντα
1292 4555 1375 4610 σά
1401 4557 1552 4621 ἐστι,
1596 4556 1819 4611 δυνατὸν

258 4645 431 4698 εἰπεῖν
453 4661 467 4675 ’
502 4644 795 4714 ἐπαγαγὼν
837 4645 913 4711 δὲ,
962 4646 1069 4699 Καὶ
1109 4646 1180 4700 τὰ
1210 4646 1291 4707 σὰ
1316 4647 1447 4716 ἐμὰ,
1497 4647 1615 4700 κατ’
1659 4647 1822 4703 Εὐνό-

329 4818 411 4871 ⁷⁸Ι
439 4817 567 4873 Cor.
597 4832 637 4882 ι,
672 4816 763 4871 24.
842 4818 888 4849 ⁷⁸
918 4816 1061 4874 Psal.
1093 4833 1259 4886 Lux,
1295 4818 1385 4872 10.
1457 4819 1503 4851 ⁷⁷
1529 4817 1649 4875 Gal.
1681 4835 1756 4887 tv,
1779 4820 1835 4893 8.

329 4972 440 5043 (93)
469 4973 605 5026 Editi
651 4971 880 5044 ἠδύνατο
929 4971 1066 5043 πλὴν
1111 4971 1227 5026 τοῦ.
1269 4972 1419 5035 Illud,
1444 4973 1608 5044 πλήν,
1636 4973 1688 5026 in
1721 4988 1818 5026 uo-

255 5045 387 5103 stris
415 5052 619 5108 septem
652 5059 784 5096 mss.
813 5044 982 5095 deest.

326 5112 439 5179 (94)
475 5111 705 5167 Codices
746 5122 855 5183 tres
886 5114 917 5183 6
936 5111 1073 5183 ,Υἱὸς
1100 5110 1230 5182 ἀρα.
1265 5110 1380 5166 Vox
1412 5112 1521 5183 ἀρα
1562 5127 1733 5181 neque
1764 5111 1819 5165 in

254 5182 378 5252 aliis
406 5197 560 5245 mss.,
582 5196 757 5252 neque
772 5181 835 5252 in
859 5182 1021 5252 editis
1044 5182 1258 5252 legitur.

325 5251 435 5323 (95)
466 5251 645 5323 Editio
665 5246 834 5307 Paris.
861 5246 1129 5323 τεχνίτης.
1154 5246 1263 5304 Ἦν
1288 5250 1400 5323 ἄρα
1417 5251 1817 5323 ταπεινότερον.

254 5317 523 5393 Διἰιοέινὶ
551 5331 754 5393 septem
785 5317 1209 5393 mss.'éexvlrrjg.
1234 5317 1349 5375 Οὐκ
1370 5321 1478 5393 ἄρα
1504 5317 1597 5374 οὖν
1630 5317 1824 5375 ταπει-

256 5389 493 5513 ἶρτερον,
525 5399 580 5446 ει
608 5391 683 5445 ita
717 5388 944 5445 Ducaeus
967 5388 1290 5461 jampridem
1335 5388 1716 5447 enicndaverat
1754 5406 1820 5447 ex

307 5475 599 5513 enrmano.

307 5475 599 5515 enrtciano.

326 5532 437 5603 (96)
478 5531 615 5603 Editi
659 5530 1113 5603 ἀποκτείνεινίιζί
1159 5530 1227 5603 δε
1255 5530 1414 5585 τοῦτο
1464 5529 1822 5603 ταύτὸννᾶρα

255 5600 350 5653 καὶ
391 5600 650 5722 σωτηέία.
705 5601 887 5656 Codex
934 5600 1079 5654 Colb.
1116 5611 1169 5652 et
1197 5599 1349 5669 Regii
1383 5614 1493 5656 tres
1531 5616 1657 5655 mss.
1690 5599 1822 5654 ἀπο-

255 5668 503 5723 κτείνειν.
587 5672 602 5722 ί
643 5670 700 5723 δὲ
733 5669 892 5723 τοῦτο
917 5710 930 5723 .
964 5669 1159 5723 ταύτὸν
1192 5672 1297 5723 ἄρα
1333 5673 1594 5723 σωτηρία.
1640 5670 1778 5723 bene
1809 5693 1821 5723 :

255 5670 503 5723 κτείνειν.
541 5670 602 5722 Et
643 5670 700 5723 δὲ
733 5670 892 5723 τοῦτο
917 5710 930 5732 ,
964 5670 1159 5723 ταύτὸν
1192 5672 1297 5741 ἄρα
1333 5673 1594 5743 σωτηρία,
1640 5670 1778 5728 bene
1809 5693 1821 5729 :

255 5738 345 5795 ubi
379 5746 534 5794 notes
563 5739 718 5797 velim
751 5742 1260 5810 interpunctionem.

1928 4379 2076 4436 solus
2100 4392 2131 4431 a
2158 4376 2273 4431 solo
2312 4378 2526 4445 genitus
2561 4384 2667 4439 est,
2700 4376 3014 4430 unicreatus
3061 4375 3231 4443 magis
3279 4373 3495 4443 proprie

1924 4470 2194 4526 diceretur
2218 4484 2235 4534 ;
2270 4483 2390 4522 cum
2418 4470 2712 4523 secundum
2744 4467 3061 4522 Eunomium
3087 4480 3213 4521 vere
3242 4476 3491 4519 creatura

1926 4562 2017 4625 sit,
2057 4559 2193 4615 falso
2223 4568 2400 4613 autem
2440 4558 2659 4613 nomine
2689 4557 2937 4626 genitura
2968 4566 3206 4610 vocetur.
3234 4554 3290 4609 Si
3323 4553 3492 4608 Filius

1925 4649 2073 4705 solus
2095 4656 2345 4704 creatura
2375 4645 2556 4702 Patris
2585 4655 2688 4713 est,
2729 4646 2933 4717 reliqua
2973 4660 3103 4700 vero
3122 4645 3322 4709 omnia,
3346 4641 3489 4712 Filii,

2000 4971 2111 5042 (97)
2142 4969 2310 5042 Editi_
2337 4969 2631 5042 Asydpeea.
2668 4969 2849 5042 Codeit
2882 4982 3020 5042 unus
3048 4964 3491 5042 λεγώμεθα-Α]ὶί

1928 5039 2036 5096 duo
2069 5039 2378 5112 λεγοίμεθα.
2414 5039 2634 5109 Antiqui
2666 5040 2771 5094 duo
2798 5039 2916 5094 libri
2940 5053 3037 5108 pro
3061 5039 3265 5109 Κυρίου
3295 5039 3493 5092 habent

1928 5111 2187 5183 Χριστοῦ.

2000 5182 2111 5250 (98)
2143 5180 2321 5250 Codex
2350 5178 2502 5250 Colb.
2534 5177 2894 5250 ὲΑατρεύσατε
2925 5179 3039 5239 τοῖς
3069 5175 3248 5246 φύσει.
3290 5176 3490 5233 Ibidem

1929 5245 2057 5307 editi
2091 5251 2123 5321 ἢ
2150 5249 2365 5321 ἀσεϐεῖς
2395 5245 2487 5302 οὖν
2515 5250 2585 5321 οἱ.

2001 5310 2123 5395 (99)⁵
2147 5310 2372 5395 veteres
2404 5322 2511 5395 duo
2561 5315 2684 5395 libri
2720 5317 2791 5369 Ἦ
2823 5310 2915 5371 οὖν
2951 5316 3186 5381 ἀσεϐεῖς.
3218 5316 3366 5371 Libri
3397 5330 3491 5371 ve-

1929 5388 2183 5447 tustiores
2206 5390 2277 5443 Ἦ
2298 5388 2515 5451 ἀσεϐεῖς
2541 5388 2613 5441 οἱ.

1998 5461 2071 5532 (l)
2105 5461 2235 5529 Reg.
2266 5460 2463 5532 tertius
2485 5456 2736 5532 ἀληθινὸς
2755 5456 2912 5532 ’Θεὸς
2938 5456 3057 5532 ’καὶ
3075 5454 3308 5532 ἀψευδὴς
3344 5456 3393 5532 εί
3419 5456 3490 5510 οἱ.

1927 5525 2063 5601 Reg.
2097 5525 2556 5601 secundusAcptiaet
2578 5525 2698 5580 ’καὶ
2740 5525 2994 5601 ἀληθινὸς
3024 5525 3173 5601 Θεὸς,
3203 5526 3316 5601 καὶ-
3339 5525 3494 5580 εὐσε-

1928 5596 2060 5664 ϐῶν,
2113 5609 2160 5653 ει
2204 5601 2301 5653 hoc
2343 5598 2549 5665 piorum
2589 5607 2686 5651 est.
2736 5597 2877 5653 Editi
2910 5613 3031 5653 cum
3060 5596 3194 5668 Reg.
3226 5596 3417 5667 quinto
3437 5606 3491 5653 et

1928 5687 2049 5729 cum
2079 5667 2232 5724 Colb.
2262 5669 2337 5723 uti
2369 5669 2421 5721 in
2458 5678 2735 5722 contextu.

2004 5740 2079 5811 (2)
2105 5737 2235 5811 Reg.
2268 5737 2459 5796 tertius
2482 5736 2829 5810 γεγενῆσθαι.
