3956 6216
440 281 541 343 691
1756 293 1812 349 s.
1860 291 2099 352 BASILII
2135 296 2360 354 MAGNI‘
3616 294 3735 348 ονε

435 415 560 456 cum
606 403 741 458 dixit
770 421 784 457 :
814 404 935 460 Hea
981 410 1155 461 omnia
1199 418 1288 462 tua
1343 420 1463 464 sunt
1501 413 1568 478 ⁷⁸,
1604 413 1757 468 licuit
1786 415 2010 471 dicere:

2132 437 2239 473 ιιον
2261 418 2443 472 οὐκέτι
2479 416 2676 479 καλῶς.
2708 416 2876 479 Αὐτὸς
2905 416 3017 487 γὰρ
3047 415 3239 470 ἑαυτοῦ
3266 410 3413 468 εἶναι
3441 413 3562 467 οὐκ
3593 412 3737 484 ἡδί-

438 496 531 549 sed
559 510 679 549 cum
707 500 911 552 addidit
937 519 949 554 :
980 501 1045 552 Et
1081 508 1172 553 tua
1218 518 1332 555 mea
1355 504 1421 566 7’,
1458 520 1566 559 non
1607 507 1838 576 amplius
1865 518 2011 563 recte

2132 525 2259 562 ιατο.
2294 506 2543 561 Φαίνεται
2569 501 2683 569 οὖν,
2718 505 2797 557 ὅτι
2827 506 2955 576 περὶ
2996 506 3092 575 τῆς
3119 506 3445 576 ὁμοιότητος
3487 503 3594 556 καὶ
3628 502 3735 574 τῆς

437 589 734 642 secundum
762 589 1108 648 Eunomium.
1145 592 1279 648 Nam
1317 597 1429 666 ipse
1457 597 1538 650 sui
1563 597 1730 665 ipsius
1760 611 1880 653 esse
1903 612 2007 651 non

2132 597 2258 649 ιατὰ
2305 597 2481 649 πάντα
2524 593 2941 665 ἀπαραλλάκτου
2984 596 3077 647 καὶ
3116 593 3306 665 ὁμοίας
3363 593 3582 658 οὐσίας
3630 594 3735 646 αὕ-

440 679 876 750 potcrat.ltaque
900 685 1189 741 manifeste
1213 690 1543 756 comperitur
1579 691 1643 743 de
1666 690 1902 758 ipsorum
1933 689 2010 743 si-

2132 688 2242 752 τῶν,
2270 688 2331 741 οὐ
2362 687 2487 758 περὶ
2520 687 2833 756 κτισμάτων
2859 685 3173 756 διαλεχθείς.

439 768 760 836 militudine,
791 774 963 845 deque
1001 777 1300 833 substantia
1346 779 1399 832 in
1435 780 1690 835 omnibus
1711 779 2009 849 quamlibet
2040 777 2398 833 diﬂ‘erentiam
2430 778 2750 831 excludente
2824 792 2889 830 ac
2930 777 3111 844 simili,
3150 793 3255 832 non
3319 779 3394 833 de
3433 776 3739 831 creaturis

438 862 650 921 locutus
678 868 863 925 fuisse.
2739 862 2747 870 ⁸

510 965 564 1018 2.
596 967 652 1021 Si
689 968 828 1021 Deus
858 968 1109 1023 similiter
1131 980 1279 1025 creat
1302 980 1356 1026 et
1397 983 1639 1041 generat,
1673 972 1921 1028 Christus
1951 971 2017 1026 si-

446 1054 648 1109 militer
684 1065 740 1111 et
776 1070 990 1111 creator
1028 1068 1209 1114 noster
1243 1071 1299 1115 et
1331 1061 1487 1116 Pater
1514 1074 1634 1117 est:
1659 1071 1743 1117 est
1777 1077 2011 1132 namque

443 1145 607 1211 Deus,
651 1162 749 1200 nec
790 1163 929 1216 opus
953 1159 1036 1204 est
1067 1149 1166 1218 ipsi
1196 1166 1258 1204 ea
1295 1168 1412 1221 qua
1456 1168 1550 1221 per
1604 1152 1862 1220 Spiritum
1892 1169 2018 1207 san-

444 1243 589 1287 ctum
621 1238 679 1289 tit
708 1237 1031 1307 adoptione;
1089 1244 1539 1310 quemadmodum
1584 1260 1685 1299 nec
1711 1260 1845 1313 opus
1892 1245 2014 1312 fuit,

446 1335 505 1378 ut
532 1338 627 1393 per
654 1325 818 1379 alium
844 1330 1151 1397 quempiam
1174 1341 1437 1385 creatura;
1457 1332 1626 1399 ipsius
1649 1331 1774 1386 facti
1801 1334 1973 1386 simus
1998 1347 2009 1382 :

444 1415 744 1483 prtesertim
780 1432 901 1471 eum
942 1427 1208 1472 creatum
1249 1422 1428 1474 multae.
1461 1437 1529 1475 ne
1563 1423 1631 1475 ita
1674 1421 1888 1491 quidem
1923 1436 2017 1474 na-

448 1514 569 1558 tura
597 1517 924 1575 comparatae
951 1510 1059 1563 sint
1093 1519 1154 1563 ut
1187 1511 1433 1579 spiritum
1473 1512 1740 1579 accipiant
1771 1512 2017 1580 adoptio-

448 1596 552 1661 nis,
588 1597 748 1650 veluti
780 1597 937 1652 bruta
976 1607 1030 1652 et
1056 1599 1371 1653 iuauimata.
1399 1600 1453 1653 Si
1502 1617 1600 1654 nos
1630 1601 1722 1667 qui
1755 1611 2017 1655 creaturae

447 1702 657 1753 sumus,
678 1704 772 1757 per
794 1690 1027 1756 Spiritus
1047 1693 1220 1745 sancti
1251 1692 1588 1760 adoptionem
1612 1693 1873 1746 ellicimur
1903 1694 2016 1758 lilii,
2052 1675 2093 1731 Β

447 1778 627 1833 dicant
652 1781 695 1834 si
720 1779 889 1835 Filius
924 1783 1084 1836 etiam
1114 1794 1363 1836 creatura
1391 1794 1496 1850 est,
1520 1800 1614 1854 per
1639 1799 1798 1854 quem
1829 1785 1882 1838 in
1915 1785 2018 1838 Pa-

449 1871 549 1924 tris
595 1871 935 1940 adoptionem
985 1876 1345 1943 pervenerit?
1393 1877 1448 1930 Si
1481 1890 1814 1946 quzecunque
1861 1877 2023 1932 habet

448 1960 631 2023 Pater.
659 1962 776 2017 Filii
805 1978 1019 2033 quoque
1042 1977 1186 2029 sunt,
1207 1982 1307 2021 nec
1338 1968 1631 2036 quidquam
1661 1968 1819 2024 habet
1842 1968 2018 2034 Pater,

450 2063 646 2120 praeter
677 2067 740 2106 ea
770 2068 888 2122 qua:
915 2069 1010 2123 per
1035 2054 1231 2110 Filium
1260 2056 1396 2110 facta
1424 2066 1570 2120 sunt,
1602 2057 1702 2110 nisi
1728 2058 2019 2111 secundum

449 2157 563 2206 eos,
587 2144 756 2210 ipsum
782 2144 953 2198 solum
976 2163 989 2209 ;
1016 2146 1179 2199 etiam
1206 2149 1322 2215 ipse
1349 2148 1583 2216 seipsum
1612 2149 1810 2202 habere
1837 2149 2016 2203 debet:

451 2235 592 2303 quod
622 2235 734 2289 ﬁeri
765 2251 868 2289 non
913 2247 1111 2305 potest.
1139 2238 1194 2293 Si
1228 2238 1405 2309 imago
1435 2240 1657 2294 οιιιιιίιιο
1689 2240 1883 2294 similis
1913 2252 2015 2304 est,

450 2335 613 2396 prout
644 2327 821 2395 imago
855 2339 937 2382 est
962 2330 1160 2385 Filius:
1187 2341 1431 2383 creatura
1456 2340 1633 2383 autem
1668 2331 1801 2384 nihil
1829 2332 2021 2386 similis

451 2418 705 2481 creatori,
750 2421 857 2475 imo
908 2422 960 2475 in
1019 2421 1273 2479 onmibus
1333 2421 1643 2488 dissimilis;
1686 2421 1852 2475 Filius
1899 2438 2020 2477 cum

453 2509 628 2579 imago
660 2513 731 2564 sit
764 2511 960 2579 Patris,
987 2496 1237 2569 creatura
1288 2513 1404 2583 ejus
1448 2529 1566 2568 esse
1599 2531 1705 2568 non
1739 2524 1933 2584 potest.
1965 2515 2024 2570 Si

452 2601 870 2670 incorporeum,
922 2621 1043 2659 cum
1093 2617 1350 2676 generat,
1406 2607 1716 2660 necessario
1765 2615 2022 2675 tanquam

452 2707 770 2763 corporeum
798 2706 1040 2764 generat,
1066 2699 1228 2751 etiam
1268 2713 1387 2751 cum
1419 2698 1585 2763 videt,
1623 2698 1789 2768 288
1822 2699 2024 2753 videbit

457 2794 713 2855 tanquam
737 2802 968 2857 corpus;
999 2799 1052 2843 et
1075 2805 1194 2844 cum
1222 2788 1590 2856 audit,audiet
1623 2804 1875 2858 tanquam
1906 2806 2026 2845 cor-

456 2891 581 2945 pus,
610 2892 930 2948 omnemque
973 2880 1338 2948 Operationeiu
1374 2889 1626 2950 tanquatn
1662 2898 1857 2950 corpus
1903 2898 2025 2952 ope-

457 2968 666 3021 rabitur
696 2987 710 3023 :
741 2970 784 3024 si
820 2986 945 3025 vero
987 2970 1100 3025 haec
1147 2985 1205 3026 se
1233 2970 1389 3025 aliter
1417 2971 1636 3035 habent,
1662 2975 1824 3026 etiam
1866 2989 2025 3042 geue-
2052 3008 2094 3066 ο

458 3073 589 3113 rans
613 3059 770 3114 aliter
794 3060 1033 3129 profecto
1060 3062 1359 3132 generabit.
1381 3062 1534 3128 Quod
1557 3065 1679 3132 quis
1707 3080 1811 3120 non
1840 3067 2019 3131 habet,

459 3149 510 3204 id
541 3150 661 3205 aliis
699 3151 880 3220 largiri
920 3167 1024 3205 non
1055 3164 1229 3220 potest
1263 3171 1278 3208 :
1307 3157 1352 3209 si
1387 3156 1551 3226 igitur
1582 3155 1747 3210 Filius
1775 3168 2024 3211 creatura

457 3247 514 3295 et
546 3254 733 3294 servus
753 3250 855 3305 est,
888 3241 1023 3296 alios
1048 3240 1248 3297 liberos
1290 3242 1468 3298 facere
1498 3258 1603 3297 non
1637 3252 1831 3313 potest.
1869 3243 2021 3310 Quod

460 3339 650 3383 natura
683 3331 915 3386 medium
959 3340 1043 3386 est
1088 3331 1232 3388 inter
1277 3335 1477 3403 aliqua,
1507 3344 1748 3390 extrema
1790 3345 2021 3405 utraque

459 3423 720 3492 contingit
758 3425 1021 3493 :proinde
1062 3426 1107 3480 si
1152 3427 1243 3480 Dei
1280 3441 1344 3480 ac
1375 3428 1542 3481 nostri
1575 3428 1839 3482 mediator
1866 3427 2025 3482 Cltri-

462 3522 579 3569 stus
630 3523 714 3569 est
765 3525 986 3583 natura,
1022 3532 1127 3571 non
1183 3519 1476 3572 secundum
1529 3517 2023 3587 dispensationem,

466 3605 608 3659 Daris
636 3615 688 3659 et
714 3617 963 3661 creatura
1015 3619 1201 3661 natura
1249 3607 1529 3676 conjuncta
1566 3618 1708 3662 sunt.
1759 3609 1813 3663 Si
1861 3609 2027 3665 Filius

464 3695 609 3750 Patri
637 3698 827 3752 similis
844 3709 947 3762 est,
976 3716 1079 3753 non
1112 3708 1289 3752 tamen
1315 3701 1607 3755 secundum
1635 3701 2025 3763 substantiam,

464 3789 732 3855 reliquum
787 3799 870 3845 est
920 3800 977 3845 ut
1016 3792 1096 3844 vel
1152 3792 1352 3857 forma,
1385 3792 1469 3846 vel
1524 3794 1887 3860 operatione:
1936 3794 2028 3847 sed

466 3878 636 3934 forma
671 3897 772 3935 non
799 3892 1005 3951 potest;
1037 3884 1239 3937 nullum
1265 3885 1407 3938 enim
1443 3885 1814 3952 incorporeum
1848 3884 1897 3937 in
1923 3884 2032 3937 for-

468 3987 554 4024 ma
591 3980 710 4037 est;
744 3972 825 4026 sin
854 3986 1030 4028 autem
1056 3975 1384 4042 operatione,
1414 3984 1469 4028 et
1509 3975 1621 4042 ipse
1643 3974 1774 4027 nihil
1799 3974 2029 4028 alienum

467 4074 718 4129 operatus
742 4074 902 4129 esset,
925 4065 1017 4119 sed
1040 4064 1242 4133 aliquid
1270 4065 1373 4118 tale
1397 4064 1554 4133 quale
1581 4065 1693 4131 ipse
1726 4074 1830 4126 cst,
1868 4064 2034 4133 siqui-

2189 965 2243 1017 ‘2.
2281 965 2343 1016 El
2387 963 2517 1026 Θεὸς
2548 962 2748 1032 ὁμοίως
2774 963 2945 1026 κτίζει
2994 963 3085 1016 καὶ
3129 963 3310 1032 γεννᾷ,
3358 961 3593 1030 ὁμοίως
3638 957 3731 1012 καὶ

2118 1057 2343 1126 κτίστης
2363 1054 2518 1126 ἡμῶν
2552 1056 2645 1108 καὶ
2668 1056 2855 1126 Πατήρ
2875 1057 3021 1107 ἐστιν
3054 1058 3081 1108 6
3105 1054 3339 1124 Χριστός
3360 1070 3376 1083 ο
3402 1054 3558 1115 Θεὸς
3592 1053 3725 1121 γὰρ.

2117 1148 2210 1201 καὶ
2244 1147 2305 1199 οὐ
2334 1146 2490 1215 χρεία
2522 1145 2598 1215 (5)
2646 1146 2743 1215 τῆς
2768 1145 2855 1198 διὰ
2898 1144 2990 1197 τοῦ
3042 1145 3195 1213 ἁγίου
3224 1144 3576 1215 Πνεύματος
3610 1146 3727 1195 υἱο-

2117 1238 2336 1299 θεσίας·
2378 1235 2564 1306 ὥσπερ
2592 1236 2712 1289 οὐδὲ
2750 1236 2845 1289 τοῦ
2885 1236 2950 1288 δι’
2985 1235 3143 1289 ἄλλου
3188 1236 3333 1299 τινος
3370 1234 3729 1305 γεγενῆσθαι

2116 1330 2265 1399 ἡμᾶς
2284 1326 2446 1379 αὑτοῦ
2476 1328 2747 1397 κτίσματα
2767 1345 2779 1357 ’
2816 1327 2990 1380 καίτοι
3027 1343 3085 1393 γε
3112 1326 3282 1379 πολλὰ
3311 1327 3426 1379 τῶν
3475 1324 3731 1395 κτισμά-

2118 1436 2225 1472 των
2257 1418 2375 1471 οὐδὲ
2420 1418 2481 1470 τὸ
2512 1417 2612 1487 τῆς
2660 1418 2929 1480 υἱοθεσίας
2967 1417 3178 1489 πνεῦμα
3218 1417 3383 1487 φύσιν
3408 1417 3537 1488 ἔχει
3574 1416 3733 1487 δέχε-

2120 1510 2263 1573 σθαι,
2287 1511 2363 1573 ὡς
2391 1510 2455 1562 τὰ
2481 1510 2649 1578 ἄλογα
2677 1509 2767 1563 καὶ
2787 1509 2854 1562 τὰ
2885 1509 3082 1579 ἄψυχα.
3121 1511 3182 1562 Ei
3209 1512 3394 1581 ἡμεῖς,
3429 1510 3730 1578 κτίσματι

2118 1600 2287 1663 ὄντες,
2321 1599 2411 1652 διὰ
2466 1600 2563 1670 τῆς
2592 1600 2685 1653 τοῦ
2720 1599 2871 1668 ἁγίου
2919 1599 3231 1670 Πνεύματος
3275 1601 3570 1664 υἱοθεσίας
3616 1601 3728 1654 υἱοὶ

2120 1689 2399 1762 γινόμεθα,
2431 1690 2763 1758 λεγέτωσαν,
2793 1694 2842 1744 εί
2878 1693 2969 1745 καὶ
2996 1695 3024 1745 6
3054 1692 3182 1755 Υἱὸς
3206 1693 3416 1763 κτίσμα
3449 1694 3603 1755 ἐστὶ,
3634 1694 3727 1746 διὰ

2119 1782 2265 1846 τίνος
2305 1783 2385 1845 είς
2420 1781 2688 1835 υἱοθεσίαν
2735 1782 2828 1836 τοῦ
2873 1784 3089 1854 Πατρὸς
3128 1784 3384 1852 ἐγένετο;
3422 1785 3491 1837 Εἰ
3535 1786 3727 1838 πάντα

2120 1873 2221 1927 ὅσα
2253 1872 2365 1942 ἔχει
2397 1872 2426 1924 ὁ
2462 1873 2669 1943 Πατὴρ,
2710 1873 2803 1926 καὶ
2831 1874 2924 1927 τοῦ
2957 1874 3091 1928 Υίοῧ
3138 1876 3306 1942 ἐστιν,
3335 1876 3500 1929 οὐδὲν
3539 1876 3602 1930 δὲ
3643 1878 3721 1947 (4)

2121 1963 2234 2035 ἔχει
2267 1965 2296 2016 6
2320 1963 2508 2034 Πατὴρ
2545 1964 2714 2035 χωρὶς
2742 1963 2849 2016 τῶν
2878 1964 2964 2018 διὰ
2994 1963 3089 2018 τοῦ
3115 1964 3244 2018 Υἱοῦ
3278 1967 3631 2036 γενομένων,
3672 1969 3721 2019 εἰ

2125 2057 2221 2128 μὴ,
2273 2057 2392 2109 κατ’
2446 2057 2661 2120 αὐτοὺς,
2714 2058 2877 2110 αὑτὸν
2922 2058 3117 2129 μόνον·
3170 2059 3264 2111 καὶ
3306 2059 3474 2121 αὐτὸς
3521 2059 3719 2112 ἐπήν

2097 2150 2268 2220 -ἒχειν
2313 2149 2548 2218 ὀφείλει·
2584 2150 3037 2220 ὅπεράδύνατον.
3084 2151 3145 2204 El
3182 2153 3215 2221 ἡ
3271 2150 3441 2205 εἰκὼν
3490 2153 3720 2214 πάντως

2120 2241 2303 2311 ὁμοία,
2336 2239 2617 2293 καθοτιοΰν
2653 2239 2729 2311 (5)
2755 2243 2782 2294 6
2814 2241 2926 2304 υἱός
2954 2243 3101 2294 ἐστιν
3134 2241 3296 2295 εἰκών
3318 2260 3332 2272 ο
3364 2245 3400 2313 ἡ
3439 2243 3505 2296 δὲ
3539 2244 3719 2306 κτίσις

2121 2334 2241 2385 κατ’
2260 2331 2411 2385 οὐδὲν
2442 2332 2600 2401 ὁμοία
2629 2331 2704 2403 τῷ
2732 2333 2997 2395 κτίσαντι,
3029 2332 3163 2385 ἀλλὰ
3195 2332 3337 2386 κατὰ
3386 2334 3579 2387 πάντα
3623 2335 3716 2386 ἀν-

2122 2424 2339 2495 όμοιοςο
2381 2424 2542 2477 εἰκὼν
2563 2423 2637 2477 ὢν
2661 2424 2752 2477 τοῦ
2776 2425 2987 2496 Πατρὺς
3013 2427 3041 2478 ὁ
3063 2424 3209 2488 Υἱὸς,
3250 2424 3348 2476 οὐκ
3373 2423 3445 2477 ἂν
3470 2424 3567 2495 εἴη
3604 2424 3719 2477 κτί-

2125 2531 2209 2578 σις
2234 2514 2419 2570 αὑτοῦ,
2451 2515 2513 2567 Εἰ
2529 2515 2589 2567 τὸ
2610 2515 2916 2585 ἀσώματον,
2941 2515 3162 2585 γεννῶν,
3196 2516 3416 2589 ἀνάγκῃ
3445 2517 3531 2580 ὡς
3556 2517 3719 2585 σῶμα

2122 2603 2286 2672 γεννᾷ
2305 2619 2318 2633 ’
2352 2601 2449 2655 καὶ
2477 2602 2691 2673 βλέπον,
2720 2605 2796 2668 ὡς
2818 2604 2977 2675 σῶμα
3011 2605 3192 2675 βλέψει
3219 2605 3329 2677 (6)·
3358 2607 3462 2659 καὶ
3488 2606 3718 2671 ἀκοῦον,

2122 2693 2198 2756 ὡς
2232 2693 2392 2763 σῶμα
2422 2692 2645 2746 ἀκούσει
2667 2710 2681 2724 ο
2718 2696 2811 2747 καὶ
2859 2696 3038 2748 πᾶσαν
3075 2696 3353 2766 ἐνέργειαν
3408 2695 3491 2759 ὡς
3558 2696 3719 2766 σῶμα

2123 2785 2439 2857 ἐνεργήσει·
2482 2787 2530 2837 εἰ
2562 2785 2619 2838 δὲ
2662 2784 2836 2838 ταῦτα
2870 2786 3089 2857 ἑτέρως,
3134 2787 3227 2839 καὶ
3260 2786 3471 2853 γεννῶν
3506 2786 3717 2857 ἑτέρως

2122 2877 2364 2947 δηλονότι
2415 2878 2685 2948 γεννήσει.
2748 2879 2811 2931 Ὃ
2842 2878 3002 2941 αὐτός
3036 2896 3118 2940 τις
3166 2878 3264 2929 οὐκ
3308 2876 3447 2946 ἔχει,
3500 2878 3719 2948 ἑτέροις

2127 2969 2445 3040 χαρίζεσθαι
2478 2970 2536 3022 οὐ
2581 2969 2835 3023 δύναται·
2864 2972 2912 3022 εί
2957 2965 3050 3023 οὖν
3089 2969 3292 3038 κτίσμα
3329 2968 3430 3021 καὶ
3471 2968 3670 3031 δοῦλος
3692 2972 3721 3020 ὁ

2129 3061 2274 3126 Υἱὸς,
2318 3059 2629 3132 ἐλευθέρους
2661 3060 2853 3124 ἄλλους
2878 3063 3050 3113 ποιεῖν
3081 3060 3142 3112 οὐ
3165 3059 3384 3112 δύναται
3441 3061 3520 3112 Τὸ
3557 3060 3722 3127 φύσει

2133 3150 2294 3222 μέσον
2325 3149 2484 3203 τινῶν
2518 3150 2791 3223 ἑκατέρων
2822 3148 2930 3202 τῶν
2954 3148 3138 3221 ἄκρων
3165 3148 3475 3216 ἐφάπτεται
3501 3165 3517 3176 ·
3546 3150 3600 3200 εἰ
3628 3144 3723 3203 οὖν

2131 3241 2287 3311 φύσει
2327 3242 2550 3313 μεσίτης
2595 3241 2828 3313 Χριστὸς
2871 3238 3003 3294 Θεοῦ
3036 3241 3132 3293 καί⁵
3159 3238 3336 3309 ἡμῶν,
3373 3238 3475 3290 καὶ
3499 3238 3570 3290 οὐ
3599 3240 3724 3292 κατ’

2130 3336 2463 3407 οἰκονομίαν,
2509 3336 2667 3405 φύσει
2699 3336 2777 3407 (7)
2820 3336 3087 3405 συνῆπται
3120 3334 3251 3397 Θεὸς
3278 3334 3373 3386 καὶ
3412 3334 3626 3398 κτίσις-
3662 3336 3729 3387 Εἰ

2131 3428 2316 3498 ὅμοιός
2360 3429 2506 3481 ἐστιν
2574 3428 2752 3491 ὀΥίὸς
2782 3426 2859 3499 τῷ
2885 3427 3080 3497 Πατρὶ,
3129 3425 3189 3478 οὐ
3229 3427 3349 3478 κατ’
3407 3425 3613 3478 οὐσίαν
3648 3426 3727 3488 δὲ,

2132 3517 2377 3572 λείπεται
2424 3520 2456 3590 ἢ
2508 3519 2646 3572 κατὰ
2685 3519 2917 3590 μορφὴν,
2956 3517 2989 3589 ἢ
3043 3519 3162 3570 κατ’
3201 3517 3486 3588 ἐνέργειαν
3512 3533 3526 3546 ·
3586 3517 3730 3571 ἀλλὰ

2136 3613 2317 3681 μορφῇ
2356 3609 2430 3679 (8)
2482 3610 2580 3680 μὲν
2628 3610 2885 3664 ἀδύνατον
2942 3608 3113 3677 (οὐδὲν
3166 3608 3274 3679 γὰρ
3329 3606 3639 3677 ἀσώματον
3674 3610 3731 3660 ἐν

2134 3704 2335 3773 μορφῇ)
2362 3721 2376 3733 ·
2407 3704 2455 3754 εἰ
2490 3703 2545 3754 δὲ
2569 3704 2690 3755 κατ’
2724 3701 3028 3772 ἐνέργειαν,
3059 3700 3159 3752 οὐκ
3192 3699 3257 3754 ἂν
3289 3699 3387 3752 κιιῖ⁵
3426 3699 3604 3764 αὐτὸς
3639 3700 3733 3753 ἁλι

2130 3791 2272 3844 λοῖὀν
2298 3809 2370 3853 τι,
2424 3792 2557 3845 ἀλλὰ
2587 3790 2823 3844 τοιοῦτον
2851 3785 2960 3843 οἷον
3017 3789 3178 3851 αὑτός
3209 3791 3357 3841 ἐστιν
3409 3790 3733 3859 ἐνήργησεν

2133 3884 2220 3947 ἂν,
2261 3884 2419 3955 εἴπερ
2449 3885 2658 3954 ποίημα
2687 3882 2780 3936 τοῦ
2811 3882 3039 3952 Πατρὸς,
3079 3882 3173 3934 καὶ
3200 3881 3260 3933 οὐ
3292 3881 3574 3951 γέννημα.
3605 3883 3735 3935 Ἀ).-

2133 3975 2240 4039 λως
2272 3975 2328 4028 δὲ
2354 3977 2448 4029 καὶ
2475 3976 2814 4047 προείρηται,
2843 3974 2934 4027 καὶ
2962 3973 3098 4027 κατὰ
3120 3972 3397 4045 ἐνέργειαν
3427 3973 3653 4042 ὅμοιον,
3679 3975 3736 4041 ἐξ

2136 4067 2384 4137 ἀνάγκης
2414 4068 2507 4120 καὶ
2543 4066 2661 4119 κατ’
2687 4066 2873 4118 οὐσίαν
2902 4065 3085 4134 ὅμοιον
3115 4059 3274 4116 εἶναι.

469 4160 589 4211 dem
645 4158 850 4214 factura
907 4170 990 4214 est
1039 4160 1252 4225 Patris,
1290 4176 1393 4215 non
1440 4159 1707 4230 genitura.
1760 4160 2029 4230 Prmterea
2068 4165 2229 4219 etiam
2268 4174 2391 4219 ante
2425 4165 2623 4218 dictum
2652 4173 2755 4228 est,
2803 4161 2945 4232 quod
2978 4161 3291 4229 operatione
3357 4159 3547 4214 simile
3620 4170 3712 4215 est

470 4253 521 4304 id
570 4268 782 4323 quoque
816 4257 1107 4308 secundum
1135 4255 1492 4309 substantiam
1520 4257 1826 4308 necessario
1854 4256 2134 4311 consimile
2159 4272 2300 4311 esse.

541 4344 595 4398 5.
617 4343 672 4397 Si
695 4345 786 4399 Dei
813 4361 973 4414 opera
997 4347 1048 4400 in
1079 4347 1179 4400 {ide
1204 4363 1307 4401 non
1330 4349 1382 4401 in
1412 4348 1870 4403 demonstratione
1890 4359 2026 4416 sunt,

2211 4352 2265 4405 5.
2291 4352 2353 4404 Ei
2381 4349 2447 4403 τὰ
2477 4348 2611 4420 ἔργα
2640 4348 2732 4403 τοῦ
2757 4348 2889 4401 Θεοῦ
2922 4350 2978 4401 ὲν
3011 4348 3212 4409 πίστει,
3247 4345 3338 4398 καὶ
3354 4345 3465 4403 ,οὐκ
3498 4347 3559 4398 ἐν
3596 4348 3738 4401 ἀπο-

475 4437 773 4490 secumlum
802 4438 1051 4492 Davidem
1088 4440 1178 4509 qui
1205 4441 1339 4492 dixit
1368 4457 1381 4491 :
1417 4438 1483 4491 Et
1515 4440 1690 4492 omnia
1738 4456 1894 4507 opera
1921 4441 2036 4509 ejus

474 4529 528 4582 in
562 4528 666 4596 ﬁde
694 4529 740 4560 ⁸ο
770 4547 784 4582 :
818 4539 1019 4598 quanto
1047 4533 1216 4600 magis
1236 4530 1357 4585 Filii
1391 4541 1516 4586 ante
1558 4532 1749 4585 sarcula
1782 4549 1844 4585 ex
1882 4533 2038 4587 Patre

474 4623 750 4689 generatio
777 4623 826 4675 in
861 4622 983 4687 llde,
1008 4639 1112 4676 non
1149 4625 1201 4675 in
1237 4623 1698 4677 demonstratione
1727 4635 1812 4676 est
1842 4622 1942 4677 ?Si
1973 4638 2038 4678 ex

472 4712 644 4771 nihilo
677 4714 818 4770 Deus
850 4713 1043 4769 Filium
1074 4714 1219 4783 fecit,
1240 4726 1292 4768 et
1315 4715 1482 4769 Filius
1513 4730 1574 4768 ex
1623 4715 1789 4769 nihilo
1807 4726 2034 4781 cuncta;

552 4955 596 4996 ⁷⁸
628 4954 787 5009 Joan.
819 4971 950 5021 xvii,
980 4955 1070 5011 l0.
1180 4957 1225 4988 ⁷⁸
1258 4956 1385 5010 ibid.
1461 4956 1506 4988 ⁸ο
1538 4955 1680 5038 Psal.
1719 4972 1888 5021 xxx",
1920 4955 1971 5011 4.

544 5155 622 5229 (5)
657 5154 863 5229 Κιιὶ-οὺ
886 5153 1074 5222 χρεία,
1107 5160 1203 5206 etc.
1238 5151 1415 5215 Verte,
1462 5168 1551 5205 nec
1596 5168 1723 5221 opus
1764 5160 1837 5204 est
1892 5148 2036 5203 nobis

473 5222 563 5293 ea,
585 5236 693 5279 etc.
733 5222 945 5277 ΜΑιιΑΝ.
1494 5284 1499 5291 ι

565 5294 622 5366 4)
651 5294 905 5366 Vpculam
928 5294 985 5347 δέ
1008 5308 1073 5347 ex
1100 5294 1375 5366 veteribus
1391 5293 1553 5366 libris
1583 5291 1907 5366 addidimus.

545 5360 622 5433 (5)
660 5365 757 5419 Hic
812 5364 866 5417 in
928 5365 1164 5418 editione
1231 5363 1521 5417 Parisiensi
1589 5361 1787 5433 legitur
1849 5360 2038 5414 καθότι

474 5431 736 5489 οὖνίδθᾱ
795 5436 1017 5489 Ηυοωυε
1060 5433 1212 5503 Regii
1268 5432 1351 5487 sui
1409 5433 1531 5486 libri
1579 5431 1762 5503 ﬁdem;
1801 5443 2036 5503 secutus,

478 5514 624 5558 recte
648 5505 904 5570 iudicavit
925 5501 1202 5573 legendum
1221 5518 1340 5558 esse
1353 5501 1656 5556 καθοτιοῦν.
1692 5501 2037 5573 Ibidemlteg.

477 5575 669 5629 tertius
697 5573 878 5628 εἰκών.
910 5570 1061 5626 liii—6i:
1085 5572 1262 5636 κτίσις
1283 5575 1403 5626 κατ’
1430 5572 1581 5625 οὐδὲν
1606 5571 1806 5642 ὁμοίως
1830 5570 1907 5642 τῷ
1933 5570 2042 5624 κτί-

477 5657 651 5706 σαντι,
686 5642 820 5696 ἀλλὰ
855 5644 996 5696 κατὰ
1028 5642 1202 5697 πάντα
1231 5643 1495 5711 ἀνομοίως
1523 5642 1702 5695 εἰκών.

549 5712 626 5782 (6)
658 5713 796 5767 Editi
841 5722 896 5768 et
935 5728 1069 5772 mss.
1107 5710 1348 5770 nonnulli
1393 5713 1597 5783 βλέπει.
1642 5710 1745 5768 Alii
1770 5723 1880 5769 tres
1909 5725 2037 5768 mss.

2141 4442 2323 4506 δείξει,
2358 4442 2499 4496 κατὰ
2527 4441 2615 4494 τὸν
2643 4440 2807 4493 Δαϐὶδ
2833 4440 2924 4494 τὸν
2972 4439 3225 4492 εἰπόντα·
3258 4437 3366 4491 Καὶ
3401 4437 3619 4491 πάντα
3664 4440 3741 4493 τὰ

2142 4534 2286 4601 ἔργα
2326 4533 2513 4588 αὑτοῦ
2555 4533 2626 4586 ἐν
2662 4534 2861 4586 πίστει
2885 4549 2897 4560 ·
2944 4532 3094 4601 πόσῳ
3132 4529 3328 4601 μᾶλλον
3370 4530 3404 4600 ἡ
3441 4528 3541 4582 τοῦ
3592 4531 3735 4583 Tia-3

2141 4624 2247 4693 πρὸ
2300 4623 2511 4675 αἰώνων
2547 4624 2611 4674 ἐκ
2644 4621 2856 4692 Πατρὸς
2894 4620 3146 4689 γέννησις
3187 4622 3243 4671 ὲν
3265 4619 3465 4674 πίστει.
3506 4620 3608 4672 καὶ
3632 4622 3735 4673 οὐκ

2134 4716 2192 4768 ἐν
2214 4711 2484 4779 ἀποδείξει
2506 4730 2522 4781 ;
2552 4714 2617 4766 Εἰ
2646 4711 2705 4777 ἐξ
2726 4713 2827 4766 οὐκ
2857 4710 3025 4766 ὄντων
3051 4712 3080 4764 6
3106 4709 3240 4774 Θεὸς
3264 4709 3353 4763 τὸν
3370 4708 3502 4763 Υἱὸν
3534 4711 3737 4783 ἐποίη-

2146 5146 2355 5217 βλέψει.
2399 5143 2510 5199 Nec
2545 5143 2620 5196 ita
2655 5139 2827 5196 multo
2880 5148 3006 5209 post
3044 5154 3176 5195 mss.
3225 5139 3327 5194 duo
3356 5139 3606 5209 δηλονότι
3637 5140 3735 5195 καὶ

2142 5233 2414 5279 γεννησει.

2216 5217 2463 5358 ἷζῖιῗιῖἶιί
2492 5282 2637 5358 ἁλλὰᾉ
2655 5282 2833 5352 φύσει.
2864 5283 2980 5338 Vox
3008 5278 3145 5358 ἀλλά
3187 5279 3240 5332 in
3269 5280 3475 5358 nostris
3513 5287 3733 5358 septem

2146 5348 2284 5410 mss.
2319 5359 2503 5422 deest;
2535 5365 2591 5409 et
2626 5348 2698 5407 ita
2727 5367 2946 5424 quoque
2971 5351 3174 5424 srepius
3199 5365 3299 5403 vos
3332 5349 3421 5402 sed
3453 5350 3598 5424 apud
3626 5348 3737 5403 La-

2146 5429 2292 5481 tinos
2320 5419 2594 5494 eleganter
2633 5419 2923 5494 omittitur.
2961 5420 3021 5475 Si
3065 5429 3292 5485 natura,
3323 5433 3429 5472 non
3451 5419 3735 5487 dispensa-

2146 5498 2281 5551 tione
2307 5491 2563 5549 medialor
2585 5502 2658 5546 est
2682 5491 2942 5546 Christus.

2219 5566 2295 5636 (8)
2321 5565 2538 5633 Antiqui
2563 5575 2683 5638 tres
2713 5562 2835 5638 libri
2860 5558 3261 5638 ᾁλλὰμορφήν.
3287 5556 3585 5638 Aliquanto
3607 5569 3736 5638 post

2147 5626 2287 5722 mss."
2305 5644 2415 5693 tres
2444 5626 2683 5718 τοιοῦτον
2707 5626 2838 5696 οἶος.
2864 5632 2966 5688 Alii
2988 5626 3237 5687 duo’tus's.
3259 5636 3314 5683 et
3336 5626 3471 5683 editi
3490 5626 3737 5683 τοιοῦτον

2147 5723 2278 5761 οιον.
