3956 6216
284 353 400 406 ’695

1385 355 1761 417 ADVERSUS
1804 357 2174 415 EUNOMIL'M
2209 355 2336 410 LIB.
2381 352 2470 410 1V.

3427 351 3531 404 694

297 483 380 533 σε,
407 466 501 518 και
529 467 563 518 δι
597 467 731 530 Υιδς-
762 468 817 520 δὲ
855 467 912 533 ἐξ
955 469 1054 522 ούκ
1099 471 1264 524 ὄντων
1299 447 1366 524 τὰ
1411 473 1620 525 πάντα·
1666 473 1855 544 ὴαὺτι

1969 473 2155 527 eadem
2182 469 2422 539 potentia
2457 476 2511 521 et
2537 464 2780 534 operatio
2805 474 2885 520 est
2913 479 3120 529 eorum,
3151 464 3246 532 qui
3271 478 3334 518 ex
3361 465 3533 519 nihilo

292 556 518 627 δύναμις
551 559 641 610 καὶ
673 558 920 630 ἐνέργεια
953 561 1062 614 τῶν
1095 561 1154 624 ἐξ
1188 562 1286 614 οὐκ
1326 563 1492 615 ὄντων
1526 564 1553 615 δ
1587 563 1861 633 βούλονται

293 647 640 717 δημιουργεῖν
695 649 1026 720 δυναμένων,
1057 652 1287 722 οὐδαμοῦ
1322 653 1422 723 τῆς
1465 655 1724 726 διαφορᾶς
1753 655 1862 707 τῶν

292 738 804 810 δημιουργουμένων
835 744 1228 814 σκοπουμένης.
1291 744 1441 796 Ἐπεὶ
1479 746 1570 797 κα).
1617 745 1716 814 τῆς
1745 745 1862 796 κτί-

294 843 430 890 σεως
460 829 522 880 ὲν·
545 828 757 892 πολλοῖς
798 828 940 882 κατὰ
969 830 1135 883 πολλὰ
1171 831 1425 901 διαφόρου
1465 832 1858 902 τυγχανούσης,

290 919 352 970 ού
387 919 698 989 διάφοροιοὶ
743 921 1084 993 δημιουργοὶ,
1127 923 1242 974 ἀλλ’
1263 920 1343 985 εἷς
1365 924 1393 974 ὁ
1416 923 1561 989 Υἱὸς,
1605 924 1669 976 δι’
1699 917 1760 976 οῦ
1793 923 1862 976 τὰ

292 1009 470 1063 πάντα
497 1010 734 1078 ἐγένετο.
769 1013 834 1065 Εἰ
855 1013 962 1065 τῶν
986 1013 1043 1076 ἐξ
1069 1015 1166 1067 οὐκ
1192 1015 1356 1067 ὄντων
1387 1015 1598 1086 πρῶτον
1626 1016 1699 1085 (9)
1724 1015 1859 1069 Θεοῦ

292 1101 502 1173 ποίημα
539 1106 566 1156 ό
597 1105 847 1174 Χριστὸς,
899 1108 990 1159 καὶ
1031 1106 1172 1160 οῦτω
1215 1108 1559 1172 πιστεύοντες
1587 1108 1736 1179 αὐτῷ
1766 1109 1860 1162 λα-

290 1193 573 1262 τρεύουσιν
632 1195 926 1265 Ἀρειανοί·
987 1195 1107 1248 Ἰὼϐ
1160 1197 1214 1250 δὲ
1253 1199 1466 1270 πρῶτον
1515 1199 1721 1270 ποίημα
1749 1199 1858 1268 (10)

291 1283 422 1336 Θεοῦ
456 1283 546 1336 τὸν
574 1284 814 1338 διάϐολον
845 1287 990 1354 λέγει
1022 1287 1191 1340 εἰπών
1222 1305 1232 1312 ·
1269 1290 1448 1343 Τοῦτό
1468 1289 1599 1342 ἐστι
1629 1289 1862 1358 πρῶτον

243 1385 259 1450 "-
290 1374 445 1443 ἁρχὴ
475 1375 826 1445 πλάσματος
857 1381 1076 1446 Κυρίου
1100 1395 1112 1409 ο
1159 1378 1476 1433 λανθάνουσι
1514 1380 1590 1450 τῷ
1633 1380 1861 1450 διαϐόλῳ

290 1468 656 1539 λατρεύοντες,
687 1473 782 1525 καὶ
814 1474 934 1543 οὐχὶ
973 1473 1049 1544 τῷ
1096 1475 1210 1545 Υἰῷ
1243 1476 1342 1529 τοῦ
1374 1477 1504 1530 Θεοῦ
1541 1478 1672 1548 (11-).
1715 1479 1781 1530 Εἰ
1805 1479 1862 1530 δὲ

290 1560 385 1612 τοῦ
425 1560 553 1614 Υἰοῦ
589 1563 698 1632 (12)
733 1565 795 1616 τὸ
848 1566 1059 1636 πρῶτον
1107 1569 1266 1620 αὑτὸν
1313 1570 1590 1640 εἰρηκέναι
1647 1571 1860 1641 ποίημα

289 1648 552 1717 λέξουσιν,
579 1652 758 1705 οὐκέτι
792 1654 1000 1725 ποίημα
1029 1656 1089 1708 τὸ
1123 1656 1349 1727 Πνεῦμα
1387 1658 1506 1710 κατ’
1539 1660 1736 1723 αὐτοὺς
1765 1660 1859 1712 τοῦ

289 1739 517 1810 Κυρίου,
549 1742 582 1812 ἦ
622 1742 715 1795 καὶ
752 1745 888 1813 μετὰ
913 1745 1001 1798 τὸν
1036 1747 1276 1800 διάϐολον
1308 1749 1592 1819 γενόμενον
1638 1751 1862 1822 εὑρεθή-

1962 562 2220 632 quidquid
2242 560 2427 614 volunt
2449 573 2635 612 creare
2652 566 2898 624 possunt,
2921 571 3040 609 cum
3067 571 3326 622 nusquam
3351 569 3531 609 rerum

1963 662 2272 708 creatarum
2309 650 2678 719 conSpiciatur
2717 646 3040 704 differentia.
3077 647 3183 701 Etsi
3217 649 3359 701 enim
3385 661 3535 700 crea-

1963 757 2081 800 tura
2107 745 2158 798 in
2191 744 2372 797 multis
2405 742 2686 810 multiplici
2727 742 2935 794 ratione
2969 740 3177 792 diversa
3201 748 3301 800 est,
3324 753 3425 790 non
3447 746 3532 789 ta-

1962 852 2087 892 men
2110 837 2305 890 diversi
2342 844 2469 889 sunt
2499 832 2738 900 opiliccs,
2760 833 2853 885 sed
2889 847 3026 884 unus
3061 831 3356 897 Filius,per
3372 844 3530 897 quem

1963 930 2142 983 omnia
2169 928 2307 980 facta
2331 936 2477 980 sunt.
2509 923 2564 978 Si
2595 925 2645 976 in
2670 923 2735 976 iis
2773 937 2892 991 quae
2920 937 2986 975 ex
3013 921 3180 974 nihilo
3212 919 3354 972 facta
3383 928 3528 980 sunt,

1961 1020 2135 1088 prima
2195 1018 2286 1071 Dei
2315 1017 2519 1071 factura
2567 1014 2819 1070 Chrisms
2877 1022 2980 1073 est,
3030 1021 3083 1065 et
3125 1012 3203 1065 sic
3246 1011 3531 1064 credentes

1961 1110 2150 1165 Ariani
2170 1110 2340 1177 ipsum
2371 1107 2572 1170 colunt,
2593 1116 2648 1160 et
2669 1104 2769 1158 Job
2789 1103 3065 1156 diabolum
3087 1102 3314 1171 primam
3334 1101 3426 1152 Dei
3453 1101 3533 1152 l‘a-

1962 1215 2170 1256 cturam
2206 1200 2359 1263 dixit,
2382 1200 2472 1253 ubi
2499 1200 2570 1250 ait
2598 1216 2610 1250 :
2639 1196 2751 1250 Hoc
2767 1197 2994 1264 primum
3013 1203 3088 1247 est
3117 1194 3262 1262 origo
3296 1193 3531 1260 ﬁgmenti

1962 1293 2174 1346 Domini
2195 1293 2262 1356 ⁸¹,
2298 1291 2598 1344 nescientes
2630 1288 2812 1342 colunt
2853 1286 3145 1348 diabolum,
3177 1299 3280 1336 non
3322 1283 3413 1336 Dei
3444 1283 3534 1335 Fi-

1961 1381 2110 1435 liutn.
2134 1382 2191 1435 Si
2218 1396 2346 1434 vero
2372 1379 2564 1433 dicturi
2595 1387 2718 1432 sunt
2747 1393 2866 1431 eum
2887 1377 2951 1429 de
2979 1376 3150 1444 prima
3173 1370 3292 1426 Filii
3324 1371 3533 1425 factura

1961 1475 2198 1528 locutum
2235 1473 2420 1535 fuisse,
2446 1487 2551 1526 non
2597 1469 2826 1539 amplius
2855 1469 3150 1522 secundum
3186 1467 3331 1533 ipsos
3361 1463 3534 1532 Spiri-

1963 1576 2049 1620 tus
2067 1577 2147 1619 est
2169 1566 2377 1619 Domini
2415 1565 2646 1628 factura,
2680 1563 2876 1630 quippe
2907 1570 3026 1630 post
3050 1558 3319 1612 diabolum
3355 1556 3532 1608 factus

1961 1659 2282 1711 invenietur.
2319 1655 2376 1710 Si
2412 1655 2542 1710 lides
2585 1655 2638 1707 in
2670 1652 2862 1706 Filium
2895 1662 3100 1716 nostra,
3127 1665 3261 1716 opus
3297 1657 3381 1702 est
3439 1646 3530 1698 Dei

1963 1748 2103 1819 (Hoc
2141 1749 2298 1813 enim,
2329 1747 2522 1816 inquit,
2549 1763 2677 1814 οριιε
2702 1756 2775 1798 est
2814 1745 2937 1810 Dei,
2972 1755 3027 1798 ut
3055 1743 3281 1797 credatis
3320 1743 3377 1793 in
3413 1755 3532 1792 eum

293 1848 460 1887 σεται.
494 1835 555 1887 El
589 1836 620 1904 ἡ
649 1835 828 1899 πίστις
854 1837 1010 1907 ήμῶν
1058 1842 1090 1910 ἡ
1127 1842 1205 1902 εἰς
1247 1840 1339 1892 τὸν
1367 1817 1492 1893 Υἱδν
1542 1817 1715 1912 ἔργον-
1741 1817 1855 1894 ἐστὶ

1967 1817 2114 1911 quem
2155 1842 2244 1894 ille
2268 1841 2410 1893 misit
2437 1839 2530 1909 θ’),
2575 1840 2687 1907 ipse
2723 1837 2818 1890 Dei
2853 1851 2988 1904 opus
3036 1850 3156 1889 esse
3200 1849 3302 1887 non
3337 1839 3530 1901 potest.

289 1923 380 1974 τοῦ
407 1924 540 1978 Θεοῦ
581 1926 786 1994 (Τοῦτο
839 1928 968 1997 γὰρ,
1023 1931 1206 2000 φησὶν,
1252 1931 1383 1984 ἐστὶ
1410 1931 1476 1984 τὸ
1527 1932 1704 2000 ἔργα
1741 1932 1851 1986 τοῦ

1959 1933 2097 1987 Nam
2119 1934 2247 1987 lides
2281 1933 2332 1987 in
2369 1933 2565 2001 ipsum,
2598 1939 2653 1984 et
2691 1930 2825 1998 ipse,
2864 1945 2968 1983 non
2998 1928 3168 1982 idem.

293 2014 458 2078 Θεοῦ,
487 2017 586 2071 ἵνα
616 2019 932 2084 πιστεύητε
965 2018 1074 2088 (15)
1113 2023 1200 2086 εὶς
1260 2020 1332 2072 ὃν
1392 2020 1747 2076 ἀπέστειλεν
1807 2021 2076 2092 ἐκεῖνος),
2141 2021 2302 2085 αὐτὸς
2341 2020 2500 2092 ἔργον
2549 2019 2610 2072 οὐ
2649 2016 2869 2072 δύναται
2907 2013 3040 2070 εἶναι
3078 2015 3232 2068 Θεοῦ.
3281 2015 3356 2070 Οὐ
3398 2015 3531 2068 ταὺ-

286 2109 378 2161 τὺν
403 2109 566 2180 γὰρὴ
601 2112 678 2172 εἰς
704 2111 863 2163 αὐτὸν
891 2110 1072 2174 πίστις
1100 2114 1190 2164 καὶ
1215 2113 1394 2176 αὐτός.

288 2203 394 2267 Εἰς
429 2201 495 2252 τὸ
525 2200 658 2272 (14),
691 2203 906 2272 (Ὅταν
930 2201 997 2254 δὲ
1034 2203 1305 2272 ὑποταγῇ
1351 2202 1510 2268 αὐτῷ
1533 2205 1604 2259 τὰ
1634 2203 1851 2269 πάντα,

467 2271 596 2322 τότε
626 2270 723 2323 καὶ
749 2271 929 2336 αὐτὸς
958 2275 990 2325 ό
1016 2273 1143 2338 Υἱός
1167 2270 1628 2343 ὑποταγήσεται.
1655 2294 1674 2328 ι

357 2362 419 2414 Εἰ
465 2361 657 2424 θεῖκῶς
690 2363 718 2413 ὁ
759 2362 885 2426 Υἱὸς
921 2362 998 2431 τῷ
1031 2365 1205 2434 Πατρὶ
1249 2365 1628 2430 ὑποτάσσεται,
1669 2366 1725 2432 ἐξ
1759 2367 1856 2437 ἀρ-

287 2453 387 2523 χῆς
421 2453 486 2506 ἂν
511 2454 844 2507 ὑποτέτακτο
891 2454 1026 2524 (15),
1075 2455 1132 2521 ἐξ
1183 2451 1244 2510 οὗ
1279 2457 1374 2510 καὶ
1407 2458 1539 2520 Θεὸς
1559 2454 1646 2528 ἦν.
1708 2459 1770 2511 Εἰ
1800 2459 1857 2511 δὲ

288 2545 385 2613 οὐχ
435 2545 784 2609 ὑποτέτακτο,
842 2547 954 2600 ἀλλ’
1011 2548 1234 2618 ὕστερον
1293 2551 1718 2620 ὑποταγήσεται,
1761 2552 1856 2604 ἀν-

290 2631 593 2704 Θρωπίνως,
627 2634 700 2697 ὼς
732 2635 870 2705 ὑπὲρ
913 2635 1087 2706 ἡμῶν,
1117 2637 1211 2690 καὶ
1239 2637 1299 2689 οὐ
1330 2637 1524 2701 θεῖκῶς
1561 2637 1700 2707 ὑπὲρ
1731 2639 1857 2690 ἐαυ-

290 2741 383 2776 του
394 2764 407 2776 .

290 2816 396 2880 Εἰς
426 2814 512 2880 τό,
547 2833 567 2866 ι
595 2815 699 2869 Διὰ
736 2816 909 2870 τοῦτο
954 2818 1273 2886 ἐχαρίσατο
1304 2821 1462 2886 αὐτῷ
1492 2824 1524 2875 ό
1553 2821 1697 2887 Θεὸς
1725 2820 1856 2876 ὄνο-

666 2903 752 2954 μα
780 2887 844 2939 τὸ
877 2890 1027 2954 ὑπὲρ
1061 2889 1182 2941 πᾶν
1207 2891 1412 2957 ὄνομα.
1447 2910 1465 2938 ι

358 2977 421 3029 El
450 2977 586 3047 μετὰ
618 2976 713 3048 τὴν
751 2977 1179 3051 ὲνανθρώπησιν,
1230 2980 1321 3033 διὰ
1351 2981 1449 3051 τὴν
1475 2981 1742 3051 ὑπακοὴν,
1791 2984 1854 3037 τὸ

289 3067 428 3137 ὑπὲρ
463 3068 568 3119 πᾶν
615 3067 784 3136 ὄνομα
835 3067 913 3136 τῷ
948 3070 1057 3138 (16)
1107 3069 1219 3140 Υἱῴ
1270 3070 1388 3140 Θεῷ
1436 3071 1548 3124 ὄντι
1585 3075 1614 3126 ὁ
1664 3075 1853 3146 Πατὴρ

291 3158 596 3228 ἐχαρίσατο,
659 3161 752 3212 καὶ
805 3162 950 3212 πᾶσα
997 3161 1214 3228 γλῶσσα
1253 3162 1694 3235 ἐξωμολογήσατο
1742 3167 1854 3238 (17)

290 3247 493 3318 Κύριον
514 3265 526 3276 ·
584 3247 687 3319 πρὸ
729 3248 828 3318 τῆς
858 3249 1320 3320 ὲνανθρωπήσεως
1365 3252 1489 3306 οὔτε
1519 3255 1579 3307 τὸ
1601 3256 1769 3326 ὄνομα
1793 3257 1854 3310 τὸ

290 3336 430 3405 ὑπὲρ
467 3338 573 3390 πᾶν
600 3337 770 3408 ὄνομα
804 3335 969 3409 εἶχεν,
1005 3339 1126 3392 οὔτε
1173 3341 1323 3412 παρὰ
1352 3343 1566 3396 πάντων
1599 3345 1696 3416 τὴν
1725 3348 1854 3416 ὁμο-

1957 2201 2024 2256 In
2052 2199 2207 2266 illud,
2237 2217 2256 2250 ι
2279 2198 2415 2251 Cum
2439 2207 2610 2266 autem
2634 2196 2867 2265 subjecta
2895 2195 3085 2266 fuerint
3101 2196 3160 2266 (ei
3191 2195 3364 2247 omnia
3406 2204 3528 2248 tunc

2304 2276 2353 2321 et
2392 2270 2500 2336 ipse
2536 2265 2708 2319 Filius
2749 2265 3134 2333 subjicictur”.
3163 2283 3182 2311 ι

2027 2359 2083 2414 Si
2107 2359 2398 2415 secundum
2427 2357 2681 2411 deitatem
2709 2355 2882 2409 Filius
2915 2354 3062 2408 Patri
3089 2354 3392 2422 subjicitur,
3423 2357 3526 2410 ini-

1958 2455 2034 2508 tio
2056 2454 2241 2522 utique
2270 2449 2546 2517 subjectus
2569 2458 2734 2512 esset,
2771 2462 2838 2501 ex
2877 2462 2982 2515 quo
3013 2457 3068 2501 et
3105 2448 3243 2500 Dens
3271 2447 3521 2502 erat.Sin

1956 2553 2138 2596 autem
2188 2557 2294 2596 non
2351 2539 2628 2609 subjectus
2668 2547 2808 2603 erat,
2854 2538 2947 2590 sed
2983 2537 3263 2606 subjicitur
3290 2548 3473 2604 postea
3507 2556 3522 2602 ;

1956 2636 2252 2691 secundum
2290 2631 2676 2685 humanitatem
2736 2640 2987 2697 tanquam
3041 2643 3138 2697 pro
3191 2630 3364 2694 nobis,
3419 2646 3523 2683 non

1955 2730 2246 2781 secundum
2274 2723 2527 2778 deitatem
2566 2737 2663 2788 pro
2690 2722 2982 2788 semetipso
3004 2719 3342 2788 subjicictur.

1956 2819 2120 2892 289
2158 2817 2227 2872 In
2276 2816 2433 2879 illud,
2470 2833 2510 2892 t_
2547 2812 2831 2881 Propterea
2889 2812 3112 2881 largitus
3155 2811 3340 2892 estnilli
3388 2811 3524 2866 Deus

2130 2905 2339 2950 nomen,
2372 2887 2510 2956 quod
2539 2895 2610 2937 est
2649 2900 2801 2950 super
2832 2899 2983 2934 omne
3012 2898 3196 2934 nomen
3227 2882 3290 2933 ⁸⁸⁵.
3323 2899 3346 2932 ι

2027 2980 2081 3034 Si
2113 2989 2234 3046 post
2267 2975 2723 3038 incarnationem,
2749 2981 2966 3042 propter
2998 2957 3380 3035 obedientiam,
3418 2969 3522 3024 Pa-

1956 3082 2040 3126 ter
2069 3071 2227 3136 Filio,
2257 3070 2347 3140 qui
2408 3071 2546 3122 Deus
2579 3075 2719 3130 erat,
2766 3079 2960 3119 nomen
3012 3065 3206 3134 quovis
3246 3064 3350 3117 alio
3381 3080 3518 3133 pra:-

1954 3163 2183 3218 stautius
2217 3161 2478 3226 contulit,
2512 3159 2794 3226 omnisque
2832 3156 3008 3224 lingua
3043 3157 3284 3212 confessa
3313 3169 3394 3211 est
3424 3157 3526 3210 Do-

1953 3257 2198 3320 minam;
2249 3265 2373 3308 ante
2423 3253 2846 3307 incarnationem
2899 3266 3073 3320 neque
3126 3265 3322 3304 nomen
3378 3251 3520 3316 quod

1954 3363 2114 3416 super
2141 3361 2302 3401 omne
2330 3360 2522 3398 nomen
2551 3353 2635 3398 est
2651 3343 2717 3408 ⁸⁸,
2736 3343 2986 3406 habebat,
3009 3356 3182 3410 neque
3206 3356 3390 3395 omnes
3419 3341 3525 3394 Do-

289 3428 474 3496 λογίαν
502 3430 592 3482 τοῦ
627 3426 765 3485 εἶναι
795 3432 1016 3503 Κύριος.
1074 3433 1287 3498 Μείζων
1313 3430 1404 3488 οὖν
1450 3436 1664 3504 ἐγένετο
1713 3439 1851 3508 μετὰ

1967 3439 2155 3492 miuum
2187 3452 2306 3490 eum
2337 3450 2459 3489 esse
2501 3433 2918 3489 conﬁtebantur.
2958 3431 3126 3499 Major
3161 3430 3322 3499 igitur
3353 3429 3526 3484 factus

288 3520 385 3592 τὴν
439 3521 843 3592 ὲνανθρώπησιν
900 3525 994 3577 τοῦ
1056 3525 1162 3595 πρὸ
1211 3527 1310 3596 τῆς
1369 3528 1848 3602 ἐνανθρωπήσεως,

287 3611 424 3674 ὅπερ
468 3612 683 3665 ἄτοπον.
711 3612 932 3666 Τοιοῦτο
977 3613 1035 3667 δέ
1085 3616 1201 3668 ἐστι
1254 3617 1346 3669 καὶ
1391 3618 1488 3671 τόο
1531 3619 1730 3687 Ἐδόθη
1752 3639 1854 3688 μοι

285 3700 454 3756 πᾶσα
489 3702 739 3766 ἐξουσιά
786 3705 854 3757 ἐν
887 3706 1161 3772 οὐρανοῖς
1209 3709 1306 3760 καὶ
1337 3708 1432 3761 ἐπὶ
1475 3707 1603 3777 γῆς.
1634 3711 1727 3772 Εἰς
1757 3713 1854 3781 τὴν

285 3793 692 3866 ὲνανθρώπησιν
720 3791 832 3862 οὖν,
864 3798 958 3850 καὶ
991 3798 1090 3850 οὐκ
1143 3800 1222 3861 εἰς
1249 3799 1348 3871 τὴν
1393 3801 1621 3873 θεότητα
1680 3802 1854 3858 ταῦτα

284 3886 424 3935 νοεῖν
459 3883 558 3938 δεῖ.

419 3975 523 4037 Εἰς
553 3974 639 4040 τὸ,
679 3993 698 4025 ι
725 3975 923 4042 Πατήρ
957 3994 1075 4044 μου
1096 3977 1306 4046 μείζων
1328 3997 1447 4047 μου
1483 3981 1672 4038 ἐστίν.
1702 4004 1720 4034 ι

351 4065 424 4116 Τὸ
455 4066 638 4136 μεῖζον
682 4065 712 4135 ἥ
745 4065 981 4135 μεγέθει,
1009 4066 1041 4136 ἢ
1073 4068 1266 4138 χρόνῳ,
1310 4070 1342 4140 ἢ
1385 4069 1671 4140 ἀξιώματι,
1700 4073 1732 4141 ἢ
1764 4073 1854 4124 δυ-

281 4157 527 4226 νάμει,ἢ
574 4156 649 4219 ὠς
702 4155 873 4209 αἴτιον
930 4157 1110 4226 μεῖζον
1155 4157 1392 4226 λέγεται.
1443 4161 1600 4214 Ἀλλὰ
1637 4163 1854 4233 μεγέθει

287 4246 384 4314 μὲν
407 4247 435 4298 ὀ
473 4248 662 4320 Πατὴρ
683 4249 776 4301 τοῦ
811 4249 941 4302 Υἱοῦ
973 4252 1072 4302 οὐκ
1096 4251 1160 4304 ἂν
1197 4251 1410 4324 λεχθείη
1446 4255 1644 4324 μείζων
1665 4274 1677 4285 ·
1713 4255 1856 4308 ἀσώ-

287 4354 453 4407 ματος
485 4341 612 4410 γάρ.
653 4340 789 4392 Ἀλλ’
819 4342 939 4393 οὐδὲ
974 4343 1148 4413 χρόνῳ
1167 4359 1180 4373 ·
1211 4346 1240 4397 ὁ
1268 4345 1376 4415 γὰρ
1405 4345 1532 4410 Υἱὸς
1559 4347 1734 4401 αὐτῶν
1757 4348 1852 4419 δη-

287 4430 564 4499 μιουργός.
597 4430 732 4482 Ἀλλ’
757 4431 877 4482 οὐδὲ
907 4431 1176 4502 ἀξιώματι
1201 4453 1214 4464 ·
1245 4436 1305 4487 ού
1334 4436 1442 4507 γὰρ
1470 4439 1683 4507 ἐγένετο
1702 4439 1729 4491 ὃ
1755 4440 1854 4492 οὐκ

281 4517 351 4591 ἦν
381 4539 509 4575 ποτε
540 4522 674 4594 (18).
699 4523 833 4577 Οὔτε
877 4524 982 4593 μὴν
1007 4524 1262 4596 δυνάμει·
1308 4530 1510 4582 Πάντα
1544 4531 1651 4600 γὰρ
1677 4531 1794 4584 ὅσα
1822 4535 1855 4585 ὁ

353 4635 398 4667 ⁸¹
431 4634 529 4689 Job
554 4634 749 4691 “.14.
847 4634 891 4666 ⁸³
918 4633 1070 4688 Joan.
1111 4653 1183 4702 vr,
1221 4639 1312 4696 Q9.
1387 4641 1474 4694 ε⁵³⁸1
1509 4642 1632 4698 Cor.
1666 4659 1754 4701 xv.
1783 4642 1873 4698 28.

283 4707 326 4738 ⁸⁷
363 4704 516 4759 Joan.
546 4720 655 4766 xw,
692 4704 782 4758 28.

1960 3541 2043 3583 est
2072 3540 2190 3598 post
2212 3528 2660 3591 incarnationem,
2691 3540 2849 3594 quam
2879 3533 2998 3577 erat
3033 3531 3158 3575 ante
3198 3520 3525 3574 incarnatio-

1953 3636 2072 3673 nem
2111 3639 2123 3673 :
2150 3619 2290 3687 quod
2321 3617 2609 3671 absurdum
2652 3627 2750 3668 est.
2784 3613 2913 3666 Tale
2943 3622 3025 3666 est
3052 3621 3106 3666 et
3134 3613 3254 3674 hoc,
3289 3609 3424 3663 Data
3449 3620 3524 3664 εει

1951 3709 2078 3760 mihi
2105 3710 2270 3760 omnis
2305 3716 2528 3773 potestas
2557 3705 2610 3757 in
2649 3703 2788 3756 cwlis
2820 3711 2868 3755 et
2909 3703 2962 3754 in
2997 3712 3136 3754 terra
3165 3700 3230 3752 ⁸⁸.
3265 3702 3390 3755 Ilaec
3426 3701 3523 3769 igi-

1951 3809 2040 3853 tur
2075 3799 2138 3852 de
2170 3799 2523 3860 humanitate,
2557 3784 2664 3849 non
2717 3796 2782 3848 de
2836 3793 3116 3848 divinitate
3172 3802 3385 3861 oportet
3428 3793 3512 3845 in-

1951 3892 2137 3960 lelligi.

2090 3981 2156 4034 In
2194 3980 2345 4044 illud,
2381 3997 2400 4030 ι
2442 3977 2602 4031 Pater
2637 3994 2780 4031 meus
2811 3976 2984 4046 major
3022 3993 3101 4029 me
3139 3985 3215 4029 est
3242 3977 3309 4032 ⁸⁷.
3358 3995 3376 4027 ι

2021 4071 2192 4142 Majus
2223 4081 2316 4124 aut
2359 4070 2760 4140 magnitudine,
2793 4077 2885 4120 ant
2919 4077 3177 4134 tempore,
3226 4076 3316 4119 aut
3351 4066 3524 4134 digni-

1952 4175 2083 4230 tale,
2101 4176 2192 4218 aut
2218 4165 2479 4234 potentia,
2506 4172 2596 4215 aut
2627 4173 2877 4229 tanquam
2903 4174 3086 4224 causa,
3112 4159 3284 4228 majus
3303 4159 3519 4211 dicitur.

1951 4256 2018 4309 At
2051 4254 2417 4323 magnitudine
2448 4254 2659 4322 quidem
2697 4251 2856 4304 Pater
2895 4249 3032 4303 Filio
3073 4251 3245 4317 major
3278 4250 3382 4302 dici
3415 4265 3521 4302 non

1950 4346 2373 4416 potest;quippe
2402 4355 2486 4399 est
2511 4346 2876 4412 incorporeus.
2900 4341 3003 4396 Sed
3039 4357 3211 4396 neoue
3240 4352 3478 4408 tempore
3506 4357 3520 4405 ;

1953 4438 2216 4506 siquidem
2244 4436 2410 4489 Filius
2451 4436 2696 4488 conditor
2744 4445 2824 4488 est
2855 4444 3172 4501 temporum.
3210 4431 3392 4498 Neque
3437 4430 3521 4483 di-

1951 4532 2188 4600 gnitate;
2221 4545 2324 4582 non
2371 4529 2514 4582 enim
2550 4527 2726 4580 factus
2767 4534 2850 4579 est
2900 4526 3040 4593 quod
3096 4523 3381 4591 aliquando
3416 4535 3519 4573 non

1963 4642 2010 4672 ⁸⁵
2036 4640 2269 4710 Philipp.
2295 4656 2355 4706 n,
2385 4642 2436 4694 9.
2514 4639 2560 4670 ⁸⁸
2591 4639 2720 4693 ibid.
2762 4638 2850 4692 1|.
2927 4637 2974 4667 ⁸⁸
3005 4633 3192 4690 Matth.
3240 4650 3436 4697 xxvttt,
3464 4634 3524 4687 18

353 4796 430 4863 (9)
459 4795 592 4864 Reg.
646 4787 838 4864 tertius
885 4794 943 4860 ἐξ
993 4795 1236 4864 ἀνάγκης
1269 4797 1361 4848 καὶ
1409 4796 1468 4848 οὐ
1497 4797 1614 4847 κατ’
1647 4796 1852 4848 οὐσίαν.

1967 4797 2038 4857 εἰς
2075 4793 2156 4857 τό,
2196 4793 2249 4847 in
2282 4811 2353 4864 ea;
2379 4811 2496 4861 qua!
2531 4795 2850 4862 objiciuntur
2887 4797 2948 4849 de
2973 4794 3118 4848 Filio
3140 4835 3154 4859 ,
3182 4795 3286 4846 sive
3312 4808 3376 4845 ea:
3413 4793 3523 4848 Νο-

282 4867 358 4920 lta
393 4867 443 4918 in
481 4863 619 4918 lnmc
644 4863 816 4916 locum
855 4867 1072 4930 scripsit
1101 4863 1458 4919 Combelisius
1485 4905 1498 4917 .
1530 4865 1688 4932 Urget
1729 4885 1852 4930 pas-

281 4939 380 4990 sim
412 4933 672 4986 Maximus
699 4935 833 4986 hanc
861 4934 1048 4986 Basilii
1093 4941 1154 4985 de
1185 4936 1480 4987 substantia
1513 4946 1556 4985 et
1588 4939 1851 4998 operatio-

287 5022 370 5068 ne,
401 5005 538 5072 quod
575 5008 878 5056 conveniant
903 5014 950 5056 et
980 5017 1337 5071 equuentur,
1361 5005 1766 5073 pt'Oposittottem
1803 5015 1850 5057 et

279 5075 608 5128 sententiam.

352 5143 464 5214 (10)
495 5141 634 5194 Editi
668 5141 883 5214 πρῶτον
921 5140 1132 5212 ποίημα
1165 5144 1418 5214 Χριστός.
1460 5143 1680 5214 Antiqui
1737 5152 1846 5198 tres

279 5213 400 5267 libri
433 5213 527 5271 ita,
553 5221 612 5264 ut
637 5213 922 5266 edidimus.

349 5281 463 5352 (11)
489 5279 911 5346 Monerejuvat,
954 5283 1132 5338 Ducaei
1167 5282 1218 5336 in
1255 5283 1398 5337 hunc
1446 5283 1621 5337 locum
1661 5292 1842 5337 notam

281 5353 493 5416 dignam
526 5364 644 5402 esse
677 5364 796 5413 qua:
846 5352 1073 5419 legatur.

351 5420 461 5486 (1‘2)
486 5419 631 5490 Editi
659 5420 720 5471 Εἰ
747 5419 801 5472 δὲ
832 5423 958 5490 περὶ
991 5423 1085 5474 τοῦ
1108 5421 1260 5475 Υἱοῦ.
1293 5422 1445 5476 Coll).
1476 5423 1706 5475 secunda
1737 5438 1848 5474 ma-

283 5490 449 5563 t}t_t__Et
476 5489 532 5542 δὲ
567 5489 641 5560 μὴ
675 5492 803 5560 περὶ
840 5489 1152 5563 *τοῦίν]’ἱοῦ.
1203 5493 1283 5545 vel
1342 5494 1427 5563 Et"
1453 5493 1527 5562 μὴ
1562 5492 1708 5563 περί,
1739 5503 1844 5547 etc.

281 5558 383 5609 Alii
418 5558 644 5626 quatuor
679 5558 806 5613 mss.
839 5559 990 5622 Regii
1019 5565 1066 5614 ei
1093 5563 1148 5614 δὲ
1177 5563 1270 5614 τοῦ
1301 5562 1452 5615 Υἱοῦ.

483 5627 610 5700 [ξος.
641 5638 865 5696 quartus
894 5631 979 5682 ἵνα
1013 5633 1359 5700 πιστεύσητε.

351 5636 441 5687 (15
483 5636 610 5696 “eg.
641 5638 865 5696 quartus
894 5636 979 5682 ἵνα
1013 5636 1359 5700 πιστεύσητε.

351 5636 629 5770 (11)1_ie_g.
672 5700 869 5770 tertius
911 5711 966 5752 et
1016 5700 1167 5754 Colb.
1222 5704 1302 5764 ei;
1337 5702 1404 5753 τὰ
1454 5701 1847 5770 ἀντιλεγόμενα

351 5719 463 5767 (ιιι)
499 5719 626 5758 ιὶθιζ.
679 5719 869 5752 tertius
911 5719 966 5752 Cl.
1016 5719 1167 5754 uoto.
1222 5719 1302 5764 εις
1337 5719 1404 5753 τα
1454 5719 1702 5770 αντιλεγο
1749 5719 1844 5753 ενα

242 5765 414 5838 ,περὶ
442 5765 531 5819 τοῦ
569 5766 701 5822 Υἱοῦ
728 5768 836 5823 τῶν
864 5771 918 5824 ἐν
947 5773 1010 5842 τῇ
1041 5772 1214 5842 Καινῇ
1247 5772 1338 5827 καὶ
1369 5771 1577 5843 Παλαιᾷ
1603 5719 1844 5844 Διαὲήκῃ

1958 4883 2044 4927 vo,
2082 4866 2186 4918 sive
2215 4881 2279 4917 ea:
2317 4862 2486 4917 Veteri
2519 4865 2862 4918 Testamento.

2025 4934 2138 5005 (15)
2168 4934 2348 4987 Codex
2382 4936 2534 4988 Coll).
2563 4935 2895 4988 ύπετέτακτο
2925 4973 2939 4988 .
2975 4971 2989 4985 .
3023 4975 3036 4987 .
3072 4974 3086 4988 .
3128 4931 3225 5001 οὐχ
3260 4931 3523 4986 ύπετέτα-

1956 5021 2074 5066 κτο,
2108 5007 2276 5068 magis
2303 5019 2366 5056 ex
2401 5007 2682 5072 prarccptis
2707 5006 3204 5073 grammaticorum.

2021 5074 2134 5144 (16)
2163 5075 2302 5130 Editi
2339 5071 2618 5144 ὑπακοὴν,
2653 5071 2727 5126 et;
2743 5075 2912 5144 ὄνομα
2944 5075 3001 5127 τὸ
3035 5073 3171 5143 ὑπὲρ
3219 5072 3326 5123 πᾶν
3355 5071 3522 5142 ὄνομα

1949 5144 2047 5213 τῷ.
2085 5144 2154 5196 At
2180 5145 2348 5198 nostri
2375 5157 2578 5210 septem
2608 5161 2733 5197 mss.
2767 5157 2824 5197 ut
2856 5145 2908 5196 iu
2939 5155 3212 5197 contextu.

2019 5215 2129 5279 (17)
2167 5215 2297 5279 Reg.
2343 5224 2569 5282 quartus
2602 5215 2822 5281 γλῶσσα
2855 5214 3327 5284 ἐξομολογήσεται.
3370 5211 3520 5267 Haud

1944 5284 2104 5355 longe
2129 5284 2266 5355 idem
2290 5289 2455 5355 codex
2491 5287 2546 5336 ἐν
2569 5283 2801 5355 οὐρανῷ.

2024 5353 2136 5421 (18)
2169 5353 2283 5418 Illa,
2317 5354 2378 5406 οὑ
2412 5355 2543 5424 γάρ,
2572 5353 2699 5418 etin,
2755 5353 2975 5420 intelligi
3014 5354 3091 5407 sic
3142 5368 3302 5422 posse
3343 5363 3515 5421 pulo:

1951 5422 2094 5476 Nihil
2128 5424 2176 5476 ei
2209 5425 2437 5476 accessit
2467 5422 2722 5490 letnporis
2749 5440 3025 5492 processu,
3059 5426 3149 5476 scd
3192 5435 3354 5476 totam
3379 5425 3519 5476 divi-

1952 5509 2072 5546 nam
2100 5501 2343 5546 naturam
2375 5494 2443 5546 ab
2474 5496 2627 5546 initio
2656 5494 2884 5562 accepit.
2914 5524 2985 5534 —
3011 5495 3273 5546 Probatur
3307 5492 3518 5547 Patrem

1955 5577 2052 5615 nec
2098 5563 2496 5628 magnitudine,
2542 5579 2640 5615 nec
2686 5573 2924 5630 tempore
2955 5564 3209 5627 majorem
3241 5563 3375 5615 Filio
3413 5564 3518 5630 dici

1953 5647 2130 5700 posse,
2154 5631 2269 5685 ἀλλ’
2300 5632 2419 5684 οὐδὲ
2450 5631 2737 5702 ἀξιώματι·
2756 5629 2829 5704 ού
2874 5636 2982 5704 γὰρ
3028 5633 3240 5700 ἐγένετο
3271 5632 3298 5684 ὃ
3329 5634 3425 5684 ούκ
3451 5629 3518 5703 ἦν

1953 5718 2106 5766 ποτε,
2139 5704 2227 5754 sed
2247 5719 2409 5770 neque
2441 5705 2596 5757 etiam
2619 5703 2913 5771 dignitate;
2947 5703 3047 5754 non
3075 5704 3213 5756 enim
3241 5704 3410 5770 [actus
3443 5713 3516 5754 εει

1951 5774 2089 5842 quod
2119 5773 2400 5843 aliquando
2433 5789 2531 5828 non
2570 5784 2698 5829 erat.
2733 5772 3036 5846 chcndum
3082 5775 3288 5830 videtur
3312 5773 3371 5826 οὐ
3407 5771 3516 5842 γὰρ
