3956 6216
256 352 358 408 697

1355 337 1724 395 Αονειιευε
1762 318 2131 391 Ennomon
2172 332 2302 387 LIB.
2345 329 2434 386 1v.

3393 325 3498 381 698

255 464 474 534 αγνοεῖ·
516 462 696 536 μεῖζον
741 463 859 515 κατ’
906 461 1101 524 αὐτοὺς
1152 459 1212 512 τὸ
1259 459 1412 527 ἅγιον
1465 455 1687 524 Πνεῦμα
1736 450 1829 506 τοῦ

1951 450 2101 505 Filius
2135 463 2262 502 vero
2302 454 2511 517 Ignorat
2540 462 2555 511 ;
2588 444 2764 514 major
2793 453 2876 498 est
2902 442 3137 511 Spiritus
3168 451 3391 497 sanctus
3416 441 3503 496 Fi-

256 556 408 620 Υίοῦ,
432 556 567 626 ὅπερ
594 553 713 607 οὐδὲ
742 553 854 606 ἴσον
888 547 1026 606 εἷναι
1056 550 1298 604 θέλουσιν
1325 547 1459 621 (27).

255 735 362 799 Εὶς
393 732 459 786 τὸ
493 751 511 784 ι
540 729 751 799 Πάτερ,
783 730 837 782 εὶ
873 726 1152 807 δυνατόν,
1187 723 1525 795 παρελθέτω
1558 721 1624 799 τὸ
1649 721 1828 791 ποτήέ

828 815 967 866 ριον
989 814 1237 850 τουτου»

332 894 394 947 El
416 892 630 963 ἀληθῶς
661 893 690 945 6
722 890 851 954 Υἱὸς
880 889 1051 955 ἔλεγε,
1078 886 1267 955 Πάτερ
1301 887 1435 955 (28),
1464 889 1516 941 sl
1546 886 1829 951 δυνατόν,

256 983 597 1053 παρελθέτω
620 983 686 1036 τὸ
730 979 1018 1050 ποτήριον
1063 979 1262 1045 τοῦτο,
1303 979 1364 1032 οὐ
1403 979 1604 1033 δειλίαν
1637 978 1829 1031 ἑαυτοῦ

261 1079 354 1132 κα)¹
405 1077 688 1130 ἀσθένειαν
725 1074 1017 1145 κατηγόρει
1063 1072 1241 1143 μόνον,
1288 1071 1423 1126 ἀλλὰ
1460 1069 1596 1125 εἷναί
1642 1089 1695 1124 τι
1739 1070 1833 1124 καὶ

261 1170 519 1224 ἀδύνατον
556 1167 633 1238 τῷ
675 1166 847 1239 Πατρ).
890 1164 1137 1236 ἐνόμιζεν
1176 1163 1308 1235 (29).
1345 1163 1418 1216 Τὸ
1462 1163 1590 1235 γὰρ,
1620 1165 1689 1217 El
1730 1163 1835 1216 δυ-

259 1262 463 1324 νατὸν,
504 1258 933 1331 ἀμφιϐάλλοντος
964 1254 1051 1328 ἦν,
1081 1257 1175 1309 καὶ
1205 1257 1266 1309 οὐ
1315 1255 1682 1326 πεπεισμένου
1720 1254 1833 1325 ('50)

260 1351 517 1406 δύνασθαι
563 1350 654 1405 τὸν
684 1349 899 1420 Πατέρα
951 1348 1120 1402 σῶσαι
1167 1346 1349 1401 αὐτόν.
1399 1346 1523 1410 Πῶς
1567 1347 1625 1399 δὲ
1671 1347 1765 1400 καὶ
1804 1349 1836 1401 6

264 1445 475 1514 νεκροῖς
512 1442 571 1495 τὸ
617 1443 714 1512 ζῇν
756 1439 1116 1511 χαριζόμενος
1156 1439 1220 1492 οὐ
1252 1437 1430 1509 πολλῷ
1490 1438 1688 1508 μᾶλλον
1725 1441 1836 1501 τοῖς

263 1532 401 1597 ζῶσι
460 1532 522 1585 τὸ
585 1530 685 1604 ζῇν
751 1531 1035 1600 φυλάττειν
1095 1527 1356 1599 ἠδύνατο;
1414 1528 1513 1582 Διὰ
1571 1529 1623 1581 τί
1675 1523 1767 1580 οὖν
1809 1527 1837 1579 ὁ

262 1625 508 1696 Λάζαρον
537 1625 629 1678 καὶ
659 1623 883 1685 πολλοὺς
911 1621 1136 1692 νεκροὺς
1178 1621 1488 1690 ἀναστήσας
1532 1621 1629 1691 οὐχ
1662 1618 1838 1689 ἐαυτῷ

265 1716 495 1787 παρέχει
526 1715 636 1787 (51)
669 1715 731 1766 τὸ
766 1714 885 1785 ζῇν,
913 1711 1049 1765 ἀλλὰ
1083 1711 1233 1782 παρὰ
1267 1710 1361 1762 τοῦ
1392 1710 1604 1780 IIem-pb;
1628 1709 1746 1780 ⁴ᾔτει
1778 1709 1837 1762 τὸ

1931 540 2005 593 lio
2034 539 2329 593 secundum
2358 538 2522 607 ipsos,
2554 552 2714 608 quem
2744 551 2812 589 ne
2841 535 3099 604 aequalem
3137 534 3350 604 quidem
3383 548 3504 589 esse

1932 632 2141 687 volunt.

1930 722 1999 777 In
2023 722 2180 786 illud,
2214 738 2234 773 ι
2266 702 2449 785 Pater,
2473 721 2518 774 si
2542 720 2656 787 ﬁeri
2680 727 2867 788 potest,
2908 726 3143 772 transeat
3167 715 3310 770 calix
3335 720 3450 768 iste.
3479 733 3499 767 ι

2005 814 2062 868 Si
2119 827 2246 867 vere
2289 811 2461 866 Filius
2491 810 2748 863 dicebat:
2794 809 2999 873 Pater,
3049 810 3093 862 si
3153 807 3268 873 fieri
3303 814 3503 872 potest,

1933 915 2163 959 transeat
2201 904 2345 959 calix
2379 905 2477 957 iste
2510 904 2580 966 ³⁸,
2620 916 2725 957 non
2763 902 2937 955 solum
2973 915 3128 954 suam
3159 900 3332 969 ipsius
3360 898 3508 951 timi-

1935 997 2159 1051 ditatem
2221 996 2758 1061 imbeciliitatcmque
2820 992 3230 1047 conlitebatur:
3311 1000 3506 1043 verum

1934 1089 2098 1143 etiam
2148 1087 2354 1156 aliquid
2406 1089 2571 1141 etiam
2608 1101 2751 1147 esse,
2779 1085 2923 1154 quod
2956 1099 2986 1136 a
3020 1082 3184 1136 Patre
3224 1080 3343 1136 lieri
3397 1093 3507 1133 non

1936 1187 2140 1248 posset,
2173 1178 2542 1233 existimabat.
2575 1176 2709 1229 Nam
2745 1175 2896 1242 illud,
2927 1172 2986 1229 Si
3037 1173 3152 1242 ﬁeri
3179 1178 3365 1241 potest,
3408 1169 3509 1222 du-

1939 1270 2170 1327 bitantis
2204 1280 2343 1334 erat,
2375 1284 2438 1323 ac
2469 1270 2620 1338 ejus,
2655 1269 2745 1321 cui
2782 1279 3099 1336 persuasum
3130 1279 3237 1318 non
3286 1268 3408 1316 erat
3448 1273 3509 1314 se

1937 1374 1966 1413 a
2008 1357 2170 1411 Patre
2192 1358 2397 1413 servari
2432 1372 2612 1427 posse.
2638 1357 2919 1423 Quomodo
2953 1364 3134 1408 autem
3177 1352 3267 1422 qui
3292 1361 3341 1407 et
3365 1364 3512 1404 mor-

1940 1451 2046 1505 tuis
2095 1451 2259 1503 vitam
2296 1449 2545 1519 largitur,
2604 1465 2706 1502 non
2767 1446 2938 1500 multo
2989 1445 3162 1513 magis
3202 1441 3510 1496 viventibus

1937 1541 2099 1594 vitam
2141 1554 2363 1594 servare
2418 1540 2628 1609 possit?
2657 1537 2767 1594 Cur
2813 1539 2978 1608 igitur
3021 1537 3114 1606 qui
3156 1536 3425 1591 Lazarum
3455 1541 3511 1589 et.

1940 1631 2140 1685 multos
2172 1640 2414 1691 mortuos
2439 1631 2743 1698 suscitavit,
2783 1646 2890 1685 non
2916 1629 3021 1685 sibi
3069 1630 3184 1699 ipse
3211 1628 3378 1681 vitam
3409 1626 3511 1680 im-

1940 1723 2125 1792 pertit,
2182 1724 2275 1777 sed
2306 1737 2335 1776 a
2367 1722 2525 1777 Patre
2571 1724 2737 1776 vitam
2785 1724 3021 1792 petebat,
3054 1736 3177 1776 cum
3212 1720 3408 1775 timens
3429 1717 3511 1771 di-

264 1808 384 1879 ζῇν,
434 1806 598 1877 φοσού
609 1824 766 1877 μενος
796 1803 995 1857 εἰπών·
1035 1802 1246 1869 Πάτερ,
1286 1805 1339 1854 εὶ
1372 1801 1655 1864 δυνατὸν,
1691 1816 1840 1868 παρ-

1951 1813 2054 1866 sit:
2089 1810 2270 1880 Pater,
2321 1813 2368 1867 si
2396 1813 2513 1881 ﬁeri
2551 1823 2755 1883 potest,
2798 1823 3033 1869 transeat
3083 1813 3224 1868 calix
3262 1812 3397 1867 iste?
3450 1807 3511 1864 Si

263 1898 482 1953 ελθέτω
514 1899 580 1952 τὸ
619 1897 907 1966 ποτήριον
942 1894 1147 1958 τοῦτο;
1177 1894 1287 1947 Καὶ
1343 1894 1391 1945 εἰ
1434 1892 1582 1945 ἄκων
1626 1891 1684 1944 δὲ
1730 1894 1842 1944 ἀπ-

266 1991 549 2061 έθνησκεν,
583 1990 771 2044 οὐκέτι
804 1986 1150 2049 ταπεινώσας
1178 1984 1389 2049 ἑαυτὸν,
1418 1977 1658 2054 ὑπήκοος
1680 1983 1839 2054 μέχρι

266 2084 493 2138 Θανάτου
527 2084 740 2152 ἐγένετο
778 2080 855 2150 τῷ
887 2078 1083 2150 Πατρὶ,
1106 2076 1225 2130 οὐδὲ
1255 2076 1482 2130 δέδωκεν
1515 2076 1727 2139 ἑαυτὸν,
1765 2074 1841 2138 ὥς

265 2192 428 2245 φησιν
461 2177 489 2227 ὁ
541 2171 886 2234 Ἀπόστολος·
936 2168 1045 2223 Τοῦ
1094 2166 1308 2233 δόντος
1351 2167 1570 2221 ἑαυτὸν
1614 2167 1841 2234 λύτρον

263 2266 415 2336 ὑπὲρ
462 2265 580 2319 τῶν
614 2264 912 2335 ἁμαρτιῶν
942 2263 1140 2333 ἡμῶν
1175 2265 1223 2317 εἰ
1270 2264 1328 2316 δὲ
1366 2261 1528 2326 ἑκὼν,
1555 2260 1637 2326 τίς
1683 2257 1840 2330 χρεία

264 2357 379 2421 τοῦ,
423 2359 633 2426 Πάτερ,
678 2360 729 2411 εὶ
767 2356 1046 2424 δυνατὸν,
1081 2352 1416 2425 παρελθέτω
1460 2353 1526 2406 τὸ
1556 2350 1842 2419 ποτήριον

264 2451 473 2513 mitto;
514 2452 635 2504 Ἐπὶ
665 2450 773 2503 τῶν
802 2447 895 2504 οὖν
927 2454 1005 2515 είς
1052 2451 1213 2504 αὐτὸν
1257 2446 1589 2519 ἁμαρτάνειν
1622 2444 1841 2516 μελλόν·

266 2561 396 2605 των,
446 2542 535 2595 ἵνα
579 2541 653 2612 μὴ
686 2543 1019 2613 ἁμάρτωσι,
1056 2541 1148 2596 καὶ
1187 2541 1287 2595 οὐκ
1338 2540 1424 2592 ἐπ’
1469 2534 1634 2590 αὐτοῦ
1686 2534 1843 2589 τοῦτο

267 2634 511 2686 δεκτέον·
560 2633 699 2704 ὑπὲρ
736 2627 818 2686 ’ὧν
879 2633 974 2687 καὶ
1028 2631 1359 2703 σταυρωθεὶς
1407 2628 1557 2697 ἔλεγε
1580 2646 1593 2659 ·
1629 2627 1840 2694 Πάτερ,

270 2724 419 2793 ἄφες
455 2724 677 2788 αὐτοῖς,
714 2724 804 2778 ὅτι
834 2727 945 2778 οὐκ
977 2724 1084 2796 (52)
1118 2724 1317 2777 οἴδασι
1352 2723 1409 2776 τι
1441 2719 1737 2775 ποιοῦσιν.
1767 2719 1842 2772 Οὐ

269 2816 351 2868 δεῖ
374 2813 466 2869 οὖν
494 2816 562 2869 τὰ
596 2816 716 2869 κατ’
751 2817 1060 2887 οἰκονομίαν
1091 2817 1165 2878 ὡς
1213 2813 1399 2877 ἁπλῶς
1445 2813 1708 2884 εἰρημένα
1755 2813 1844 2864 ὲκ-

270 2905 544 2974 δέχεσθαι.

480 2997 585 3059 Εἰς
612 2995 698 3060 τὸ,
736 3013 752 3045 ι
782 2994 955 3061 Κάγὼ
988 2992 1059 3054 ζῶ
1089 2993 1185 3048 διὰ
1211 2991 1318 3046 τὸν
1340 2992 1589 3059 Πατέρα.
1616 3009 1635 3042 ι

342 3086 402 3136 Εἰ
422 3084 511 3137 διὰ
537 3086 627 3138 τὸν
658 3086 875 3158 Πατέρα
899 3088 926 3138 6
963 3085 1086 3148 Υίὺς
1110 3084 1197 3156 ζῇ,
1222 3084 1289 3137 δι’
1321 3084 1526 3154 ἓτερον,
1553 3082 1649 3136 καὶ
1680 3084 1741 3135 οὐ
1776 3082 1842 3136 δι’

273 3162 460 3231 ἑαυτὸν
485 3178 570 3249 ζῇ.
616 3178 672 3231 Ὁ
698 3179 753 3231 δὲ
781 3178 844 3231 δι’
875 3178 1059 3248 ἕτερον
1087 3176 1193 3242 ζῶν
1226 3175 1471 3246 αὐτοζωὴ
1510 3171 1648 3228 εἶναι
1668 3177 1728 3228 οὐ
1753 3176 1844 3229 δύ-

272 3286 449 3325 ναται.
475 3271 607 3325 Οὐδὲ
628 3271 735 3341 γὰρ
759 3274 787 3324 6
811 3271 951 3325 κατὰ
970 3272 1127 3342 χάριν
1150 3270 1300 3339 ἅγιος
1321 3270 1628 3336 αὐτοάγιος.
1662 3267 1846 3337 Ἐψεύ-

276 3379 406 3416 σατο
425 3359 516 3417 οὖν
547 3366 574 3417 6
607 3364 733 3426 Υἱὸς
752 3362 919 3417 εἰπών
937 3380 951 3394 ’
990 3362 1136 3433 Ἐγώ
1157 3365 1273 3433 ειμι
1296 3365 1333 3431 ἡ
1365 3361 1472 3429 ζωή
1489 3380 1502 3392 ·
1539 3363 1632 3416 καὶ
1651 3362 1810 3414 πάλιν
1829 3376 1841 3389 ·

277 3455 439 3507 Οὕτω
467 3453 566 3507 καὶ
595 3458 626 3509 ό
658 3457 702 3507 Υ
700 3456 787 3521 ὶός
824 3455 928 3519 οὓς
959 3458 1117 3509 θέλει
1140 3453 1420 3515 ζωοποιεῖ.
1449 3456 1545 3517 Εἰς
1573 3454 1670 3524 τὴν
1696 3456 1847 3506 ἐναν-

276 3543 555 3616 θρώπησιν
581 3541 694 3612 οὖν,
730 3547 823 3601 καὶ
862 3548 962 3600 οὐκ
988 3549 1066 3611 εἰς
1096 3548 1192 3619 τὴν
1220 3547 1447 3619 θεότητα
1477 3547 1538 3601 τὸ
1558 3549 1845 3619 εἰρημένον

275 3640 414 3691 νοεῖν
445 3638 544 3692 δεῖ.

268 3813 374 3879 Εἰς
402 3814 488 3879 τὸ,
533 3830 554 3867 ι
591 3814 744 3868 Οὐδὲ
783 3818 816 3869 ό
850 3816 979 3882 Υἱὸς
1011 3816 1111 3885 ἀφ’
1138 3814 1354 3871 ἑαυτοῦ
1382 3835 1436 3871 τι
1474 3818 1630 3871 ποιεῖ
1655 3819 1791 3891 (33).
1820 3838 1839 3871 ι

342 3905 407 3957 El
435 3904 497 3957 τὸ
521 3904 862 3970 αὐτεξούσιον
887 3905 979 3960 τοῦ
1007 3905 1323 3979 ὐπεξουσίου
1353 3906 1576 3976 βέλτιον,
1608 3911 1635 3961 6
1663 3909 1720 3961 δὲ
1749 3908 1844 3961 ἄν·

275 3994 489 4067 θρωπος
516 3995 882 4062 αὐτεξούσιος,
912 4000 939 4050 ὁ
961 3998 1017 4051 δὲ
1042 3998 1166 4062 Υἱὸς
1188 3998 1282 4051 τοῦ
1316 3999 1453 4052 Θεοῦ
1508 3999 1841 4064 ὐπεξούσιος,

273 4088 305 4139 6
330 4087 612 4159 ἄνθρωπος
636 4088 729 4143 τοῦ
755 4089 883 4143 Υίοῦ
911 4089 1160 4159 βελτίωνο
1192 4091 1326 4161 ὅπερ
1349 4091 1565 4144 ἄτοπον.
1606 4093 1714 4144 Καὶ
1745 4092 1794 4143 εἰ
1816 4092 1846 4144 6

279 4179 591 4246 ὑπεξούσιος
627 4182 683 4235 δὲ
728 4183 1104 4247 αὐτεξουσίους
1138 4187 1310 4236 ποιεῖν
1339 4185 1397 4236 οὐ
1427 4184 1644 4238 δύναται
1670 4184 1718 4254 (ὃ
1738 4183 1844 4257 γὰρ

280 4267 439 4329 αὐτὸς
470 4268 569 4321 οὐκ
597 4269 729 4338 ἔχει,
755 4270 932 4335 ἄλλοις
953 4274 1016 4324 ἐκ
1038 4272 1408 4342 προαιρέσεως
1439 4273 1634 4327 διδόναι
1662 4275 1721 4327 οὐ
1752 4275 1842 4329 δύ-

282 4359 475 4428 ναται),
501 4362 529 4412 6
556 4361 764 4432 Σωτὴρ,
793 4362 1168 4428 αὐτεξουσίους
1197 4366 1430 4436 ποιήσας
1460 4367 1628 4436 ἡμᾶς,
1652 4367 1751 4420 οὐκ
1778 4368 1844 4421 ἂν

284 4450 595 4517 ὐπεξυύσιος
621 4454 706 4525 εἴη
734 4453 860 4509 τινί.

861 4722 967 4787 Εἰς
997 4722 1064 4777 τὸ
1082 4724 1248 4778 αὑτό.

352 4810 415 4863 El
442 4810 609 4882 μηδὲν
639 4814 667 4865 6
702 4812 891 4885 Σωτὴρ
921 4815 1012 4882 ἀφ’
1032 4814 1225 4869 ἑαυτοῦ
1256 4818 1423 4871 ποιεῖν
1458 4819 1699 4889 ἠδύνατο.
1728 4821 1844 4875 ἀλλ’

284 4901 663 4966 ἐπιτάσσοντος
705 4903 799 4957 τοῦ
832 4907 1064 4977 Πατρὸς,
1099 4907 1218 4961 οὐδὲ
1247 4909 1466 4977 ἀγαθὸς,
1497 4912 1614 4965 οὐδὲ
1642 4914 1810 4976 κακός
1830 4948 1847 4966 .

282 4989 506 5055 Οὐδενὸς
528 4991 636 5063 γὰρ
657 4993 765 5046 τῶν
785 4996 1090 5065 γενομένων
1111 4997 1300 5060 αἴτιος.
1325 4998 1434 5050 Καὶ
1466 4998 1582 5062 πῶς
1607 5001 1705 5052 οὐκ
1727 4999 1850 5053 ἄτο-

283 5096 384 5135 πον
404 5082 719 5155 ἀνθρώπους
743 5085 839 5155 μὲν
859 5087 953 5140 καὶ
974 5086 1189 5156 ἀγαθῶν
1211 5089 1303 5141 καί
1325 5089 1510 5143 κακῶν
1532 5084 1671 5143 εἷναι
1693 5107 1850 5160 ποιη-

1942 1903 2143 1957 invitus
2175 1904 2339 1958 etiam
2363 1905 2717 1969 moriebatur,
2750 1907 2978 1975 nonjam
3004 1906 3508 1972 semethumilians,

1945 1994 2207 2049 obediens
2235 1994 2412 2050 iactus
2437 2005 2520 2050 est
2560 1994 2706 2050 Patri
2747 2011 2919 2066 usque
2945 1998 3012 2051 ad
3055 2006 3286 2051 mortem
3320 1995 3391 2058 ’°,
3415 2010 3511 2047 ne-

1938 2099 2045 2152 que
2076 2098 2135 2138 se
2165 2084 2278 2153 ipse
2312 2085 2554 2149 tradidit,
2588 2092 2646 2138 ut
2680 2086 2757 2141 ait
2786 2087 3114 2155 Apostolus:
3144 2086 3249 2152 Qui
3274 2102 3326 2140 se
3359 2086 3502 2139 dedit

1936 2175 2163 2242 pretium
2200 2175 2569 2242 redemptionis
2594 2191 2686 2240 pro
2713 2178 2942 2245 peccatis
2972 2178 3162 2231 nostris
3184 2178 3228 2209 ⁸⁷
3256 2197 3271 2231 :
3305 2177 3388 2231 sin
3418 2191 3512 2228 au-

1941 2276 2047 2320 tem
2082 2266 2286 2331 volens,
2328 2267 2455 2337 quid
2518 2282 2653 2337 opus
2699 2269 2875 2324 verbis
2919 2269 3067 2324 illis:
3106 2268 3288 2333 Pater,
3325 2269 3371 2322 si
3394 2268 3511 2336 ﬁeri

1941 2366 2134 2425 potest,
2171 2369 2404 2412 transeat
2443 2359 2587 2415 calta:
2623 2361 2757 2416 iste?
2785 2360 2899 2416 lloc
2927 2362 3093 2431 igitur
3125 2361 3193 2415 de
3220 2362 3289 2415 iis
3318 2361 3408 2429 qui
3456 2360 3512 2414 in

1941 2446 2116 2517 ipsum
2147 2449 2692 2517 peceaturierant,ut
2724 2466 2792 2508 ne
2818 2460 3130 2521 peccarent,
3163 2468 3272 2507 non
3308 2452 3377 2506 de
3397 2452 3514 2520 ipso

1942 2538 2318 2607 accipiendum
2352 2549 2436 2594 est
2464 2556 2479 2594 :
2533 2557 2634 2611 pro
2659 2543 2856 2612 quibus
2901 2544 3066 2598 etiam
3096 2542 3393 2597 crucilixus
3431 2543 3514 2593 (il-

1943 2630 2099 2683 cebat
2126 2646 2141 2684 :
2180 2630 2362 2694 Pater,
2394 2633 2598 2686 dimitte
2630 2634 2777 2701 ipsis,
2809 2637 2934 2703 quia
2960 2650 3062 2687 non
3088 2635 3256 2688 sciunt
3279 2634 3405 2702 quid
3427 2634 3514 2698 fa-

1943 2720 2087 2774 ciunt
2120 2722 2187 2778 ’3.
2221 2721 2350 2786 Qua:
2381 2722 2546 2792 igitur
2582 2725 2724 2777 dicta
2756 2734 2879 2777 sunt
2909 2726 3202 2779 secundum
3233 2725 3515 2793 tlispensa-
3620 2726 3631 2735 '

1947 2814 2168 2878 tionem,
2189 2826 2251 2866 ea
2281 2815 2436 2882 quasi
2467 2816 2787 2885 simpliciter
2807 2818 2947 2871 dicta
2968 2816 3173 2882 essent,
3199 2817 3514 2887 accipienda

1945 2920 2048 2961 non
2073 2915 2221 2962 sunt.

2088 2998 2155 3054 In
2186 3000 2340 3063 illud,
2370 3020 2391 3053 ‹
2427 2998 2496 3052 Et
2536 3017 2628 3070 ego
2663 3003 2777 3056 vivo
2813 3013 3025 3072 propter
3053 3002 3268 3057 Patrem
3303 3003 3403 3058 ³³.»

2018 3089 2075 3145 Si
2098 3100 2316 3162 propter
2338 3092 2551 3146 Patrem
2574 3092 2740 3146 Filius
2766 3094 2918 3159 vivit,
2949 3102 3166 3164 propter
3186 3095 3372 3158 alium,
3411 3109 3515 3148 non

1948 3193 2164 3254 prepter
2186 3188 2419 3248 seipsum
2455 3186 2606 3239 vivit.
2647 3185 2753 3239 Sed
2790 3187 2882 3254 'qni
2922 3197 3139 3255 propter
3160 3188 3323 3241 alium
3358 3187 3512 3253 vivit,

1948 3276 2061 3345 ipse
2096 3291 2191 3343 per
2221 3291 2281 3329 se
2311 3278 2417 3329 vita
2447 3290 2569 3329 esse
2610 3291 2713 3329 non
2744 3288 2942 3346 potest.
2978 3278 3085 3331 Nec
3111 3280 3253 3331 enim
3297 3281 3386 3345 qui
3423 3293 3518 3346 per

1946 3366 2173 3432 gratiam
2224 3376 2447 3418 sanctus
2496 3375 2599 3432 est,
2638 3383 2732 3435 per
2775 3383 2834 3421 se
2866 3379 3090 3421 sanctus
3121 3379 3224 3421 est.
3264 3367 3519 3424 Mentitus

1947 3454 2111 3525 igitur
2145 3465 2226 3506 est
2273 3454 2441 3508 Filius
2479 3465 2613 3518 lllltl,
2662 3471 2783 3509 cum
2824 3458 3001 3509 dixit:
3053 3455 3164 3525 Ego
3199 3474 3313 3511 sum
3340 3462 3442 3509 vita
3472 3459 3513 3520 ";

1944 3557 1999 3599 et
2029 3562 2213 3599 rursus
2240 3564 2253 3599 :
2297 3544 2389 3599 Sic
2410 3557 2456 3599 et
2501 3544 2674 3603 Filius
2693 3565 2820 3617 quos
2851 3548 2956 3601 uult
2985 3550 3209 3617 viriﬁcat
3245 3550 3285 3602 ‘.
3313 3548 3390 3603 De
3419 3550 3517 3604 ltu-

1948 3639 2206 3693 manitate
2250 3640 2435 3709 igitur,
2484 3654 2588 3693 non
2630 3643 2696 3694 de
2741 3642 2945 3694 deitate
2975 3642 3177 3695 dictum
3213 3642 3519 3713 intelligere

1945 3739 2179 3798 oportet.

2016 3819 2082 3874 In
2116 3821 2266 3884 illud,
2292 3841 2310 3872 ι
2346 3820 2526 3891 Neque
2545 3819 2769 3876 Filiusa
2804 3839 2857 3876 se
2884 3823 3015 3893 facit
3047 3810 3330 3893 quidquam
3360 3826 3436 3880 ³.ι

2019 3913 2075 3966 Si
2106 3916 2248 3983 quod
2281 3925 2365 3968 est
2397 3916 2478 3969 sui
2529 3916 2764 3981 arbitrii,
2796 3916 2993 3970 melius
3040 3926 3125 3972 est
3163 3933 3321 3987 quam
3371 3920 3520 3986 quod

1946 4011 2030 4057 est.
2083 4004 2181 4055 sub
2232 4004 2460 4057 arbitrio
2492 4003 2673 4057 alieno
2705 4021 2718 4058 :
2778 4004 2939 4059 homo
2966 4014 3142 4058 autem
3177 4006 3263 4059 sui
3299 4008 3515 4062 arbitrii

1946 4104 2049 4156 est,
2081 4091 2256 4147 Filius
2286 4108 2417 4147 vero
2462 4093 2554 4147 Dei
2585 4094 2687 4148 sub
2726 4094 2903 4148 alieno
2935 4095 3185 4160 arbitrio,
3214 4098 3406 4151 melior
3431 4106 3516 4153 est

1948 4185 2109 4239 homo
2132 4185 2297 4239 Filio:
2322 4187 2463 4254 quod
2493 4187 2789 4241 absurdum
2821 4197 2920 4241 est.
2951 4188 3195 4258 Insuper,
3221 4191 3263 4242 si
3282 4188 3326 4244 is
3346 4190 3505 4261 291

1946 4278 2035 4345 qui
2071 4279 2173 4332 sub
2222 4278 2402 4333 alieno
2434 4279 2663 4334 arbitrio
2688 4287 2791 4344 est,
2834 4277 3048 4336 eﬁicere
3077 4296 3183 4336 non
3224 4291 3403 4351 potest
3456 4290 3515 4336 ut

1945 4369 2038 4423 alii
2075 4371 2183 4422 sint
2216 4371 2298 4424 sui
2327 4372 2538 4425 arbitrii
2567 4372 2714 4443 (nam
2738 4373 2883 4441 quod
2913 4374 3025 4442 ipse
3050 4389 3157 4427 non
3180 4376 3360 4438 habet,
3391 4374 3515 4429 aliis

1874 4471 1922 4528 ι)
1949 4472 2137 4527 suapte
2166 4459 2444 4513 voluntate
2473 4463 2725 4515 cotilerre
2758 4478 2864 4515 non
2899 4462 3119 4533 putest),
3155 4464 3405 4519 Salvator
3423 4467 3540 4534 ιιιιί,

1950 4552 2113 4605 θίῖἰοὶι
2136 4563 2193 4604 ιιι
2226 4568 2325 4608 nos
2363 4552 2519 4608 liberi
2546 4554 2761 4608 arbitrii
2797 4555 3365 4626 simus,pnequaquam
3394 4572 3519 4613 esse

1950 4650 2124 4709 putest
2153 4643 2251 4697 sub
2285 4643 2442 4699 ullius
2463 4645 2709 4702 arbitrio.

2603 4734 2673 4790 In
2705 4736 2864 4791 idem.

2025 4821 2080 4878 Si
2106 4824 2240 4879 nihil
2274 4823 2528 4881 Salvator
2556 4841 2587 4880 a
2615 4828 2793 4897 seipso
2811 4828 2992 4882 facere
3012 4835 3247 4899 poterat,
3280 4829 3377 4885 sed
3412 4830 3518 4883 im-

1950 4925 2175 4986 peraute
2206 4916 2386 4981 Patre,
2426 4933 2527 4972 nec
2564 4920 2739 4974 bonus
2765 4927 2871 4985 est,
2909 4934 3010 4974 nec
3056 4919 3250 4975 malus.
3308 4918 3525 4975 Nullius

1949 5009 2092 5060 enim
2122 5023 2307 5061 eorum
2342 5024 2463 5078 quae
2492 5008 2810 5075 lacta'sunt,
2839 5025 2999 5065 causa
3028 5019 3133 5065 est.
3156 5009 3225 5065 Et
3250 5014 3524 5081 quomodo

1950 5097 2239 5152 absurdum
2282 5116 2387 5153 non
2430 5099 2619 5166 fuerit,
2656 5102 2907 5157 homines
2944 5102 3162 5171 quidem
3208 5111 3263 5157 et
3292 5108 3429 5158 bona
3463 5114 3523 5159 et

351 5213 876 5304 ("-llatthkszxvréth
901 5289 912 5304 I
943 5221 1235 5304 'beilipp.
1261 5237 1322 5288 ιι,
1346 5223 1398 5278 8.
1439 5224 1448 5232 ”
1474 5220 1708 5277 "'Galat.
1740 5240 1779 5290 ι,
1814 5227 1840 5280 4

1951 5229 1990 5263 ⁹⁸
2025 5231 2154 5289 Luc.
2192 5250 2351 5300 xxiii,
2391 5236 2483 5291 54.
2557 5240 2602 5270 ⁹⁹
2634 5238 2787 5293 Joan.
2815 5254 2892 5303 v1,
2916 5237 3006 5293 58.
3084 5239 3103 5270 *
3135 5237 3292 5294 Joan.
3329 5237 3523 5304 x1359

282 5285 478 5342 ‘Joan.
514 5303 567 5353 v,
592 5285 680 5341 2t.
758 5288 779 5320 ³
805 5289 936 5345 ibid.
966 5290 1053 5348 l9.

374 5421 458 5476 ΞΤ
484 5422 664 5480 Codex
697 5422 851 5482 Colb.
878 5422 1015 5482 εῖναι
1050 5428 1349 5500 βούλονται.

378 5446 465 5565 Ξὸ)
499 5491 638 5550 Editi
675 5495 879 5564 ἔλεγεν,
903 5499 984 5553 ὅτι
1009 5499 1219 5565 Πατήρ.
1250 5501 1349 5555 Dee

378 5491 465 5565 28)
499 5491 638 5571 Editi
675 5495 883 5571 ἔλεγεν,
903 5499 984 5571 ότι
1009 5491 1219 5571 Πατήρ.
1250 5501 1409 5556 Deest
1440 5516 1541 5556 vox
1568 5502 1649 5555 ὅτι
1690 5500 1742 5556 in
1774 5502 1842 5556 li-

285 5559 707 5645 bri;s_v'eteribus.
732 5559 887 5645 Haud
920 5569 1076 5639 longe
1112 5559 1238 5645 niss.
1269 5572 1372 5626 duo
1404 5572 1719 5645 κατηγόρει.
1739 5574 1843 5627 Alii

287 5632 658 5712 (Ιυξέὲῐηέηξε.
681 5648 735 5712 et
754 5634 883 5712 editi
913 5632 1228 5712 κατῆγορεῖ,
1258 5652 1511 5696 accentus
1532 5632 1737 5698 "varius.
1828 5652 1831 5655 '

2017 5439 2128 5510 (50)
2162 5441 2288 5507 Reg.
2313 5452 2535 5512 quartus
2554 5444 2647 5497 καὶ
2673 5444 2733 5496 οὐ
2759 5440 3201 5504 πεπιστευκότος.

2040 5511 2130 5575 51)
2157 5511 2375 5582 Antiqui
2408 5513 2515 5567 duo
2547 5515 2689 5578 libri,
2716 5512 2892 5582 ἑαυτῷ
2931 5514 3183 5582 παρεῖχε.

2042 5582 2137 5649 52)·
2162 5582 2388 5638 Codices
2411 5584 2674 5649 nonnulli,
2700 5584 2904 5645 αὐτοῖς,
2929 5583 2990 5635 οὐ
3024 5583 3152 5650 γάρ.

2019 5648 2292 5727 (55ilteg.
2333 5663 2577 5727 quartus,
2606 5648 2683 5727 οὐ
2712 5653 2932 5727 δύναται
3212 5659 3385 5710 ποιεῖν
3428 5648 3529 5727 ἀφ’

329 5701 471 5824 .529)
501 5703 639 5762 Edi'ti
682 5707 916 5779 ἐνόμισε.
953 5701 1175 5767 Vetérés
1216 5701 1448 5782 quatuor
1487 5712 1612 5770 libri
1658 5714 1840 5785 ἐνόμι-

1951 5701 2142 5776 tabat:
2160 5701 2367 5780 Βῦἓένῗ
2381 5701 2796 5799 ιλῖιῦῗὶὺὲὲνῖ
2811 5701 2946 5787 re.
2974 5701 3073 5794 ἇφῖ
3094 5701 3484 5783 ’ἐᾶυὲὸΐτὶὸιὶιῖ
