3956 6216
244 301 345 360 701

1329 300 1694 357 ADVERSUS
1734 297 2099 355 EUNOMIUM
2141 296 2268 353 LIB.
2307 297 2397 353 IV.

3380 294 3485 352 703

241 421 549 485 δάσκαλος
590 420 831 489 ἀγαθός.
873 422 964 485 Ὦς
1013 421 1148 493 πρὸς
1201 424 1530 493 πειράζοντα
1578 418 1670 475 οὖν
1702 423 1811 475 ἀπ-

1932 416 2129 472 Nullus
2172 419 2338 472 bona:
2362 433 2381 472 :
2412 416 2506 472 sed
2541 426 2827 487 postquam
2863 417 3025 489 292
3058 416 3327 483 audierat,
3364 433 3483 472 ma-

243 512 512 581 εκρίνατο,
538 510 611 573 ῶς
642 528 773 582 φησι
806 511 867 563 τὸ
898 512 1245 581 Εὐαγγὲλιον,
1290 514 1323 583 ἢ
1354 514 1429 577 ὡς
1452 514 1816 581 ἀγνοήσαντα,

240 598 322 655 ὅτι
343 602 474 665 Θεὸς
502 602 704 670 ἀγαθός
726 604 863 669 ἐστι,
898 605 991 657 καὶ
1009 605 1106 673 οὐχ
1134 603 1320 667 ἁπλῶς
1343 604 1659 668 διδάσκαλος
1684 606 1820 673 ἀγα-

246 693 335 756 θός
366 693 502 763 (ιε).

525 786 630 849 El;-
663 783 747 849 τὸ,
785 803 805 837 ι
840 784 1053 854 Πάτερ,
1086 785 1354 849 δόξασόν
1377 804 1471 856 με.
1512 806 1534 838 ι

340 876 404 927 Εἰ
454 875 773 945 δοξασθῆναι
822 876 973 947 παρά
1025 877 1117 930 τοῦ
1161 879 1372 949 Πατρὸς
1400 878 1566 931 αἰτῶν
1606 880 1634 930 6
1667 877 1815 942 Υἱὸς,

246 965 442 1028 θεῖκῶς
482 968 575 1019 καὶ
598 968 697 1021 οὐκ
724 968 1078 1038 ἀνθρωπίνως
1112 970 1260 1041 ⁴ᾔτει·
1313 971 1341 1023 6
1370 971 1469 1023 οὐκ
1501 966 1648 1041 εἶχεν
1678 971 1816 1041 ᾔτει.

243 1058 354 1111 Καὶ
390 1057 646 1126 ψεύδεται
690 1061 719 1112 6
755 1060 1138 1132 εὐαγγελιστὴς
1167 1063 1369 1116 εἰπών·
1421 1062 1818 1132 Ἐθεασάμεθα

242 1148 357 1215 τὴν
389 1150 577 1217 δόξην
600 1150 787 1205 αὐτοῦ
808 1169 821 1182 ·
867 1153 961 1206 καὶ
991 1154 1019 1205 6
1059 1154 1408 1219 Ἀπόστολοςο
1445 1158 1565 1207 Οὐκ
1599 1153 1676 1208 ἂν
1712 1154 1819 1207 τὸν

243 1241 462 1307 Κύριον
501 1239 611 1307 τῆς
642 1240 825 1308 δόξης
848 1243 1267 1311 ἐσταύρωσαν·
1298 1246 1393 1297 καὶ
1422 1247 1450 1297 6
1476 1244 1638 1297 Δαϐίδ
1656 1261 1669 1275 ο
1707 1245 1817 1298 Καὶ

242 1330 648 1384 εἰσελεύσεται
681 1332 1024 1397 όβασιλεὺς
1050 1332 1159 1401 τῆς
1179 1333 1376 1402 δόξης.
1403 1336 1475 1388 Οὐ
1501 1336 1814 1407 προσθήκην

243 1417 334 1474 οὖν
363 1421 517 1493 δόξης
544 1423 706 1489 αἰτεῖ,
737 1423 872 1477 ἀλλά
906 1426 1005 1496 τῆς
1037 1427 1344 1497 οἰκονομίας
1380 1429 1477 1499 τὴν
1514 1429 1817 1499 φανέρωσιν

245 1512 511 1579 γενέσθαι.

836 1609 942 1673 Εἰς
961 1609 1027 1661 τὸ
1053 1611 1219 1663 αὐτό.

312 1693 373 1745 Εἰ
407 1693 503 1765 τὴν
536 1694 690 1760 δόξαν
718 1697 785 1766 ἣν
808 1695 923 1766 εἶχε
951 1698 1057 1768 πρὸ
1085 1698 1179 1751 τοῦ
1212 1700 1302 1751 τὸν
1336 1698 1538 1770 κόσμον
1565 1699 1813 1769 γενέσθαι

1918 511 2078 580 giuer
2117 511 2306 563 bonus.
2336 509 2634 578 Respondit
2675 514 2834 579 igitur
2870 514 3013 566 velut
3044 512 3112 567 ad
3161 520 3483 575 tentantem,

1922 610 1981 654 ut
2010 601 2359 670 Evangelium
2380 602 2543 665 dicit;
2576 613 2667 656 aut
2690 604 2839 658 velut
2863 606 2929 656 ad
2958 601 3486 674 ignorantem,quod

1924 689 2064 744 Deus
2091 691 2265 744 bonus
2288 690 2378 756 sit,
2410 699 2464 744 et
2492 707 2597 745 non
2634 694 2953 762 simpliciter
2998 695 3257 763 magister
3286 695 3481 748 bonus.

2199 780 2266 835 In
2296 780 2453 844 illud,
2491 799 2510 832 ι
2558 780 2741 846 Pater,
2770 785 3010 853 glori/ica
3036 803 3113 838 me
3145 784 3220 834 “.
3262 803 3281 836 ›

1992 869 2047 924 Si
2080 887 2201 925 cum
2234 872 2530 942 gloriﬁcari
2556 888 2585 924 a
2624 873 2786 928 Patre
2807 876 2975 929 Filius
3006 876 3345 945 postularet,
3393 891 3483 930 se-

1918 962 2154 1015 cundum
2182 962 2458 1029 deitatem,
2492 977 2598 1017 non
2632 966 2924 1018 secundum
2962 966 3352 1019 humanitatem
3384 980 3483 1034 po-

1918 1050 2195 1108 stulabat:
2229 1053 2372 1121 quod
2425 1069 2528 1108 non
2583 1053 2834 1115 habebat,
2882 1056 3118 1122 petebat.
3155 1056 3218 1110 Et
3245 1071 3484 1127 evange-

1916 1140 2042 1194 lista
2075 1143 2355 1208 mentitur,
2400 1158 2522 1194 cum
2545 1142 2683 1196 dixit
2711 1161 2724 1197 :
2758 1142 2993 1198 Vidimus
3018 1145 3236 1216 gloriam
3260 1148 3377 1216 ejus
3400 1149 3480 1213 ";

1919 1240 1974 1283 et
2003 1232 2293 1298 Apostolus
2325 1249 2339 1286 :
2391 1232 2515 1286 Non
2542 1235 2719 1302 utique
2771 1233 3055 1288 Dominum
3099 1238 3281 1306 gloriae
3307 1241 3478 1293 cruci-

1913 1320 2154 1388 ﬁxissent
2200 1323 2277 1387 ¹⁶;
2320 1333 2374 1377 ει
2417 1322 2633 1378 David:
2684 1323 2752 1377 Et
2803 1326 3036 1379 introibit
3068 1344 3158 1381 rea:
3196 1329 3383 1397 gloria:
3418 1331 3482 1386 ⁸⁷.

1919 1406 2033 1463 Non
2073 1411 2233 1480 igitur
2264 1413 2631 1468 accessionem
2661 1414 2792 1482 petit
2818 1415 3021 1485 gloriae,
3053 1417 3148 1471 sed
3171 1428 3227 1471 ιιι
3266 1419 3485 1488 dispen-

1919 1504 2143 1557 sationis
2170 1505 2260 1557 liat
2291 1504 2680 1559 manifestatio.

2580 1595 2647 1649 In
2668 1598 2824 1652 idem.

1995 1684 2051 1740 Si
2090 1701 2250 1755 quam
2283 1688 2516 1743 habebat
2545 1690 2770 1760 gloriam
2808 1699 3097 1761 antequam
3126 1695 3361 1751 mundus
3390 1696 3485 1753 ﬁco

244 1786 458 1857 ἀληθῶς
509 1788 659 1859 παρά
711 1788 804 1842 τοῦ
864 1766 1076 1861 Πατρὸς
1120 1791 1260 1861 ᾔτει,
1317 1766 1604 1845 ἀποϐαλὼν
1649 1794 1811 1863 αὐτὴν

1925 1787 2025 1841 ret,
2052 1791 2169 1832 eant
2199 1795 2326 1833 vere
2353 1795 2383 1833 a
2416 1780 2576 1834 Patre
2601 1783 2846 1849 petebat;
2876 1783 3019 1838 hanc
3041 1787 3297 1840 amissam
3327 1799 3478 1856 pete-

245 1880 382 1948 ῇτει.
415 1882 491 1933 Οὐ
524 1882 634 1951 γὰρ
666 1880 732 1935 ἀν
758 1880 787 1933 ὃ
812 1875 924 1950 εἶχε
955 1880 1138 1935 λαϐεῖν
1170 1882 1443 1953 ἐπεζήτει.
1474 1883 1537 1935 Εἰ
1560 1882 1617 1936 δὲ
1637 1883 1812 1946 τοῦτο,

244 1973 305 2024 οὑ
336 1972 435 2043 τὴν
473 1972 630 2037 δόξαν
659 1971 1023 2041 ἀποϐεϐλήκει
1054 1974 1232 2044 μόνον,
1268 1974 1405 2029 ἀλλά
1436 1975 1530 2029 καὶ
1570 1975 1666 2046 τὴν
1697 1975 1814 2030 θεό-

245 2081 401 2135 τητα.
469 2061 793 2133 Ἀχώριστος
857 2064 965 2136 γὰρ
1025 2066 1057 2133 ή
1100 2063 1225 2128 δόξα
1263 2064 1363 2134 τῆς
1413 2064 1681 2134 θεότητος.
1713 2065 1818 2117 Ψι-

244 2155 335 2219 λὸς
399 2150 492 2209 οὖν
543 2154 683 2209 κατά
739 2156 1001 2209 Φωτεινὸν
1056 2155 1167 2224 (45)
1227 2151 1296 2225 ἦν
1341 2154 1621 2226 ἄνθρωπος
1684 2156 1810 2226 ἄρα.

243 2246 493 2300 Φαίνεται
545 2241 638 2299 οὖν
664 2298 667 2305 ,
692 2245 762 2300 τά
818 2244 1040 2298 τοιαῦτα
1081 2244 1202 2298 κατ’
1235 2245 1542 2316 οἰκονομίαν
1587 2245 1686 2315 τῆς
1723 2245 1816 2298 ἀν-

247 2335 612 2408 θρωπότητος,
680 2335 742 2388 οὐ
811 2334 932 2388 κατ’
999 2332 1230 2404 ἔλλειψιν
1286 2334 1384 2406 τῆς
1439 2334 1689 2406 θεότητος
1741 2335 1817 2387 εἰ-

240 2425 450 2499 ρηκὼς.

386 2518 489 2583 Εἰς
515 2516 602 2578 τὸ,
637 2533 656 2567 ι
697 2517 1072 2585 Πρωτότοκος
1106 2514 1309 2583 πάσης
1338 2516 1606 2581 κτίσεως.
1647 2533 1666 2568 ι

316 2608 378 2660 El
406 2607 511 2680 πρὸ
529 2607 629 2678 τῆς
652 2609 876 2671 missio;
905 2608 934 2660 6
958 2607 1083 2669 Υἱὸς
1110 2608 1170 2658 οὐ
1202 2606 1446 2675 γέννημά
1474 2610 1639 2669 ἐστιν,
1683 2605 1817 2660 ἀλλὰ

248 2700 485 2771 κτίσμα·
522 2699 919 2770 πρωτόκτιστος
953 2696 1019 2750 ἀν
1055 2696 1290 2765 ἐλέγετο,
1329 2696 1423 2748 καὶ
1449 2696 1510 2748 οὐ
1542 2696 1814 2765 πρωτότο-

248 2809 362 2855 κος.
410 2792 495 2855 Εἰ,
548 2789 735 2861 ἐπειδὴ
786 2789 1128 2860 πρωτότοκος
1176 2787 1277 2857 τῆς
1320 2787 1543 2851 κτίσεως
1581 2786 1813 2858 εἴρηται,

250 2880 648 2953 πρωτόκτιστός
686 2882 825 2943 ἐστι,
861 2878 955 2932 καὶ
988 2879 1328 2947 πρωτότοκος
1375 2876 1661 2947 εἰρημένος
1708 2874 1816 2928 τῶν

250 2972 478 3045 νεκρῶν,
527 2971 957 3044 προτελευτῆσας
993 2968 1059 3022 ἂν
1092 2968 1176 3038 εἴη
1214 2967 1321 3020 τῶν
1371 2966 1597 3037 νεκρῶν.
1649 2966 1712 3019 Εἰ
1759 2966 1817 3020 δὲ

250 3067 584 3139 πρωτότοκος
618 3062 824 3135 νεκρῶν
856 3063 968 3133 (44)
1000 3061 1231 3133 εἴρηται,
1263 3059 1352 3113 διά
1388 3060 1450 3113 τὸ
1475 3058 1645 3123 αἴτιος
1675 3057 1813 3114 εἶναι

248 3160 345 3228 τῆς
391 3159 456 3212 ὲκ
484 3156 689 3227 νεκρῶν
736 3154 1083 3217 ἀναστάσεως
1107 3170 1120 3183 ο
1158 3151 1299 3206 οὕτω
1337 3154 1433 3206 καὶ
1475 3153 1815 3223 πρωτότοκος

248 3248 495 3312 κτίσεως,
532 3248 617 3302 διὰ
645 3248 705 3301 τὺ
728 3246 898 3310 αἴτιος
926 3242 1063 3299 εἶναι
1102 3244 1195 3299 τοῦ
1238 3242 1295 3309 ἐξ
1324 3245 1423 3298 οὐκ
1442 3243 1613 3298 ὄντων
1645 3245 1725 3308 εἰς
1755 3244 1817 3298 τὸ

244 3335 394 3393 εἶναι
437 3341 776 3410 παραγαγεῖν
812 3337 911 3408 τὴν
942 3336 1137 3389 κτίσιν.
1177 3336 1239 3388 Εἰ
1267 3335 1327 3388 τὸ
1365 3337 1702 3406 πρωτότοκος
1739 3335 1817 3387 εἰ-

246 3426 446 3499 ρῆσθαι
467 3428 566 3499 τῆς
585 3427 832 3490 κτίσεως,
859 3426 1072 3494 πρῶτον
1092 3425 1251 3478 αὐτὸν
1266 3424 1589 3494 γεγενῆσθαι
1607 3425 1817 3478 δείκνυ-

248 3537 332 3572 σιν
382 3522 411 3573 6
447 3519 763 3581 Ἀπόστολος
791 3516 963 3572 εἰπὼν
993 3556 1008 3580 ,
1048 3516 1253 3570 Πάντα
1284 3517 1357 3570 δι’
1384 3517 1569 3571 αὐτοῦ
1595 3517 1693 3571 καὶ
1728 3519 1816 3583 εἰς

243 3609 429 3663 αὐτὸν
459 3609 745 3673 ἔκτισται,
771 3608 998 3678 ὤφειλεν
1024 3611 1220 3671 εἰπεῖν,
1254 3610 1364 3661 Καὶ
1396 3609 1555 3673 αὐτὸς
1579 3610 1813 3678 ἐγένετο

246 3700 353 3770 πρὸ
371 3700 603 3753 πάντων.
630 3698 811 3752 Εἰπὼν
836 3699 914 3762 δὲ,
940 3698 1046 3752 Καὶ
1064 3700 1243 3764 αὑτός
1261 3700 1393 3753 ἐστι
1419 3701 1531 3768 πρὸ
1551 3700 1810 3767 πάντων,

244 3788 410 3851 ἔδειξε
454 3788 544 3841 τὸν
585 3788 683 3858 μὲν
730 3788 817 3841 ἀεὶ
862 3787 1011 3851 ὄντα,
1059 3788 1155 3859 τὴν
1193 3790 1251 3843 δὲ
1286 3790 1460 3844 κτίσιν
1495 3790 1810 3863 γενομένην.

244 3880 318 3932 T6
342 3879 471 3950 γὰρ,
505 3880 693 3943 Ἔστι,
727 3878 825 3948 τίς),
865 3880 960 3932 Ἐν
980 3878 1136 3949 ἀρχῇ
1160 3876 1241 3950 ἦν
1279 3884 1311 3934 ό
1339 3882 1549 3949 Λόγος,
1579 3882 1811 3954 συνᾴδει.

244 3972 307 4024 Ei
341 3970 701 4043 πρωτότοκος,
748 3972 930 4040 φασὶν,
983 3973 1012 4023 6
1062 3970 1207 4036 Υἱὸς,
1256 3971 1436 4024 οὐκέτι
1488 3973 1812 4044 μονογενήςο

244 4062 358 4114 ἀλλ’
397 4061 598 4130 ὀφείλει
646 4062 739 4115 καὶ
780 4061 937 4125 ἄλλος
979 4057 1136 4125 εἶναι,
1183 4056 1243 4115 οὗ
1279 4061 1618 4132 πρωτότοκος
1662 4062 1815 4133 λέγη-

245 4169 333 4205 ται
368 4153 498 4222 (45).
548 4155 825 4222 Καίτοιγε,
852 4148 897 4207 ὦ
931 4153 1081 4222 σοφὲ,
1108 4154 1203 4207 καὶ
1229 4154 1294 4205 ὲκ
1317 4153 1531 4225 Μαρίας
1561 4153 1661 4223 τῆς
1682 4170 1815 4224 παρ-

248 4242 400 4296 θένου
433 4245 589 4315 μόνος
616 4246 894 4317 γεννηθεὶς
914 4286 929 4311 ,
966 4246 1308 4318 πρωτότοκος
1358 4246 1527 4316 αὐτῆς
1574 4244 1808 4317 εἴρηται.

248 4338 401 4401 Ἕως
442 4332 513 4391 οὗ
563 4335 669 4408 γὰρ
708 4339 893 4402 ἔτεκε,
936 4339 1097 4409 φησι,
1142 4337 1248 4390 τὸν
1292 4337 1425 4390 υἱὸν
1479 4336 1669 4405 αὐτῆς
1700 4337 1807 4390 τόν

1920 1869 2031 1923 bat.
2059 1870 2241 1937 Neque
2280 1872 2425 1925 enim
2455 1873 2597 1942 quod
2628 1872 2880 1939 habebat,
2914 1876 2966 1928 id
3009 1878 3259 1946 accipere
3287 1889 3474 1947 postu-

1916 1955 2083 2012 labat.
2115 1958 2170 2013 Si
2202 1974 2330 2014 vero
2365 1975 2452 2015 res
2488 1961 2561 2014 ita
2592 1976 2651 2015 se
2678 1962 2858 2026 habet,
2902 1978 3006 2017 non
3034 1965 3261 2034 gloriam
3300 1970 3484 2025 amisit

1915 2048 2107 2115 solum,
2162 2051 2257 2105 sed
2287 2052 2545 2106 deitatem
2585 2054 2769 2107 etiam.
2816 2053 2951 2108 Nam
2984 2057 3155 2125 gloria
3203 2072 3233 2111 a
3277 2060 3483 2117 deitate

1914 2142 2155 2209 separari
2204 2158 2308 2197 non
2339 2153 2542 2213 potest.
2589 2144 2777 2200 Nudus
2805 2160 2934 2211 ergo
2958 2153 3257 2205 secundum
3293 2151 3483 2208 Photi-

1915 2245 2042 2286 num
2077 2233 2239 2288 homo
2262 2245 2403 2290 erat.
2438 2234 2675 2291 Proinde
2720 2251 2845 2292 eum
2883 2238 3007 2293 talia
3056 2241 3351 2297 secundum
3384 2245 3486 2299 hu-

1915 2328 2192 2383 manitatis
2237 2329 2723 2398 dispensationem,
2779 2347 2887 2388 non
2930 2336 3230 2391 secundum
3265 2338 3483 2396 deitatis

1915 2418 2183 2474 defectum
2224 2420 2426 2478 dixisse
2447 2433 2683 2478 constat.

1985 2507 2054 2563 In
2086 2510 2256 2577 illud,
2284 2529 2304 2563 ι
2351 2511 2742 2582 Primogenitus
2783 2516 2957 2569 omnis
3001 2527 3257 2572 creature
3290 2518 3353 2572 ⁸⁸.
3384 2538 3405 2571 ι

1984 2599 2152 2655 Filius
2192 2602 2235 2655 si
2265 2610 2392 2656 ante
2420 2614 2720 2658 creaturam
2742 2607 2987 2675 genitura
3025 2624 3128 2662 non
3160 2620 3327 2676 esset,
3387 2612 3482 2667 sed

1915 2703 2201 2758 creatura;
2234 2695 2633 2765 primocreatus
2662 2698 2847 2764 utique
2886 2698 3190 2764 diceretur,
3234 2719 3339 2756 non
3371 2704 3483 2772 pri-

1915 2787 2240 2857 mogeuitus.
2274 2788 2329 2843 Si
2359 2800 2644 2860 propterea
2667 2792 2808 2859 quod
2838 2793 3228 2862 priunogeuitus
3256 2806 3478 2850 creatu-

1917 2887 1991 2931 ηε
2017 2879 2193 2933 dictus
2225 2892 2335 2940 εει.
2361 2879 2757 2948 primocreatus
2790 2889 2895 2944 est,
2915 2881 3085 2935 etiam
3112 2898 3176 2937 eo
3198 2885 3340 2952 quod
3368 2887 3483 2954 pri-

1917 2969 2230 3039 mogenitus
2258 2977 2592 3025 mortuorum
2635 2970 2813 3024 dictus
2846 2981 2929 3026 est
2958 2972 3004 3003 ³⁹
3028 3011 3043 3038 ,
3090 2974 3296 3043 primus
3319 2990 3385 3030 ex
3416 2977 3483 3032 iis

1919 3061 2007 3128 qui
2047 3062 2240 3115 mortui
2268 3070 2415 3126 sunt,
2452 3071 2697 3116 mortuus
2728 3061 2910 3117 fuerit.
2943 3062 3000 3117 Si
3042 3079 3170 3119 vero
3200 3067 3478 3137 primoge—

1921 3153 2064 3205 nitus
2107 3162 2437 3206 mortuorum
2483 3167 2545 3205 ex
2574 3166 2639 3206 eo
2676 3152 2853 3207 dictus
2892 3163 2995 3215 est.
3022 3156 3162 3221 quod
3203 3171 3368 3212 causa
3398 3168 3484 3213 est

1919 3241 2329 3296 resurrectionis
2351 3256 2381 3296 e
2416 3243 2642 3295 mortuis
2668 3259 2682 3295 :
2716 3244 2785 3295 ita
2815 3258 2869 3297 et
2900 3245 3289 3315 primogenitus
3315 3262 3480 3303 crea-

1920 3342 2072 3396 turae,
2097 3348 2162 3386 ex
2183 3348 2247 3386 eo
2269 3335 2409 3400 quod
2435 3348 2598 3387 causa
2619 3342 2700 3387 est
2715 3344 3035 3389 utcreatura
3058 3354 3089 3391 e
3108 3339 3273 3392 nihilo
3294 3341 3360 3393 ad
3373 3357 3484 3394 esse

1916 3428 2172 3491 producta
2193 3425 2280 3477 sit.
2306 3423 2364 3476 Si
2393 3439 2512 3476 cum
2531 3426 2761 3491 primum
2788 3425 2985 3480 factum
3009 3442 3126 3482 esse
3153 3430 3281 3483 hinc
3298 3441 3483 3485 osten-

1916 3514 2077 3573 ditur.
2102 3515 2242 3582 quod
2274 3514 2669 3582 primogenitus
2688 3530 2951 3571 creatura:
2979 3519 3157 3573 dictus
3186 3529 3292 3586 est,
3337 3522 3483 3591 Apo-

1914 3606 2085 3659 stolus
2114 3606 2204 3675 qui
2233 3606 2365 3658 dixit
2391 3623 2404 3658 :
2441 3604 2632 3659 Omnia
2647 3623 2737 3675 per
2753 3608 2922 3675 ipsum
2953 3618 2999 3662 et
3023 3611 3077 3662 in
3108 3611 3276 3679 ipsum
3304 3624 3481 3668 creata

1913 3708 2030 3749 sunt
2048 3696 2113 3761 ”,
2145 3694 2329 3748 debuit
2353 3696 2537 3750 dicere
2565 3714 2579 3749 :
2603 3696 2669 3750 Et
2692 3697 2806 3766 ipse
2826 3698 2999 3766 [actus
3027 3710 3100 3753 εει
3123 3710 3249 3758 ante
3270 3704 3476 3759 omnia.

1911 3786 1984 3839 At
2006 3801 2127 3839 cum
2157 3786 2355 3838 dixerit
2391 3800 2405 3838 :
2434 3784 2501 3838 Et
2537 3788 2647 3856 ipse
2669 3798 2747 3842 est
2781 3800 2902 3843 ante
2947 3794 3124 3845 omnia
3158 3836 3172 3858 ,
3242 3797 3482 3852 ostendit

1913 3891 2035 3931 eum
2082 3876 2296 3942 quidem
2337 3888 2550 3944 semper
2600 3890 2743 3941 esse,
2784 3889 3091 3934 creaturam
3119 3897 3247 3935 vero
3279 3885 3479 3939 laetam

1912 3965 2099 4020 fuisse.
2161 3963 2290 4017 Nam
2357 3964 2525 4029 illud,
2571 3977 2667 4031 est,
2730 3984 2850 4020 rum
2908 3969 3029 4036 hor,
3111 3971 3176 4025 In
3222 3976 3479 4044 principio

1912 4068 2019 4111 erat
2058 4054 2278 4109 Verbum
2300 4054 2366 4118 “,
2396 4058 2683 4112 consentit.
2721 4059 2779 4113 Si
2813 4059 3002 4121 Filius,
3037 4062 3320 4130 inquiunt,
3354 4070 3470 4135 pri—

1914 4148 2221 4216 umgeuitus
2251 4155 2355 4213 est,
2392 4161 2495 4200 non
2537 4147 2763 4217 amplius
2795 4160 2877 4203 est
2914 4152 3245 4222 unigenitus,
3286 4158 3380 4212 sed
3421 4168 3480 4214 et

1914 4239 2051 4293 alius
2082 4253 2201 4292 esse
2230 4238 2412 4301 debet,
2450 4240 2536 4292 cui
2568 4252 2913 4310 comparatus
2954 4247 3347 4317 primogenitus
3393 4252 3478 4306 di-

1913 4340 2087 4385 catur.
2116 4330 2300 4398 Atqui,
2333 4345 2367 4384 o
2396 4331 2630 4399 sapiens,
2655 4334 2817 4387 etiam
2843 4350 2909 4388 ex
2945 4335 3110 4390 Maria
3148 4340 3355 4404 virgine
3386 4356 3479 4396 so-

246 4428 637 4499 πρωτότοκον.
676 4428 836 4480 Ὥστε
875 4428 973 4481 οὐκ
1016 4427 1227 4498 ἀνάγκη
1252 4427 1481 4496 ἀδελφοῦ
1512 4427 1624 4497 (46)
1652 4444 1800 4497 πρω-

1925 4439 1997 4475 .us
2026 4431 2201 4488 natus,
2231 4424 2624 4492 primogenitus
2649 4424 2765 4491 ejus
2791 4426 2969 4480 dictus
2996 4437 3097 4482 est.
3132 4430 3304 4484 Donec
3331 4434 3473 4486 enim

243 4518 459 4569 τότοκον
491 4515 763 4584 λέγεσθαι.
816 4517 1046 4589 Λεχθείη
1089 4518 1134 4570 δ’
1170 4518 1256 4581 ἂν,
1282 4519 1360 4571 ὅτι
1392 4518 1486 4571 καὶ
1508 4521 1535 4571 6
1565 4519 1669 4591 πρὸ
1697 4520 1807 4590 (47)

1925 4518 2205 4582 ιρρετὶεεει,
2272 4515 2464 4583 inquit,
2523 4516 2694 4581 ﬁlium
2746 4532 2898 4569 suum
2952 4522 3362 4590 primogenitum
3403 4525 3471 4576 ".

246 4610 423 4680 πάσης
470 4610 772 4679 γεννήσεως
820 4609 1162 4680 πρωτότοκος
1215 4608 1467 4677 ἐλέγετο·
1509 4609 1587 4663 ἔτι
1624 4609 1682 4663 δὲ
1714 4612 1806 4665 καὶ

1925 4609 2088 4674 Quare
2121 4620 2224 4658 non
2257 4613 2341 4657 est
2368 4618 2588 4659 necesse
2621 4606 2806 4661 fratris
2854 4623 3104 4668 resnectu
3138 4613 3471 4683 primogeni-

314 4838 358 4869 ”
392 4835 543 4890 Joan.
572 4852 703 4899 xvu,
735 4837 789 4892 ὅ.

240 4908 287 4937 ’δ’
320 4908 526 4963 Coloss.
551 4922 590 4974 ι,
623 4906 709 4962 16.
784 4906 827 4939 ’⁸
858 4907 1007 4963 Joan.
1037 4923 1076 4972 ι,
1106 4909 1159 4965 l.
1230 4910 1276 4940 “
1315 4908 1504 4963 Matth.
1534 4925 1574 4975 ι,
1603 4910 1694 4963 25.

305 5082 430 5158 (42)
452 5083 588 5139 Editi
619 5086 713 5158 mi.
737 5101 836 5157 ουχ
868 5085 1052 5158 ἀπλῶς
1087 5087 1259 5150 οὐδεὶς
1298 5086 1611 5152 διδάσκαλος
1662 5089 1799 5158 ἀγα-

235 5153 346 5220 θός.
389 5153 889 5223 Ττερειιιιιιίιιε,”εἱ
930 5171 1037 5210 non
1065 5168 1230 5220 recte,
1265 5166 1321 5210 at
1354 5158 1582 5212 ﬁdeliter
1616 5153 1796 5212 tanien

236 5226 623 5294 interpretatus
649 5232 751 5284 est,
780 5240 901 5278 cum
942 5226 1017 5279 ita
1044 5227 1261 5293 scripsit
1289 5248 1302 5281 :
1347 5227 1412 5279 Et
1456 5244 1559 5281 non
1587 5228 1794 5294 simpli-

236 5297 365 5347 citer
394 5293 569 5347 nullus
600 5295 844 5414 magster
874 5296 1057 5348 bonus.
1098 5295 1167 5348 At
1210 5297 1376 5349 nostri
1420 5306 1625 5362 septem
1660 5293 1789 5352 mss.
1842 5344 1848 5353 .

236 5364 328 5414 καὶ
354 5364 448 5414 οὖν
482 5362 668 5414 ἁπλῶς
723 5363 1001 5414 ιδάσκαλος
1026 5364 1250 5414 ἀγαθός-
1293 5366 1402 5414 ἰΙΙο.
1436 5365 1631 5414 οὐδείς.
1655 5381 1793 5414 nme-

235 5364 328 5415 καὶ
354 5364 449 5433 οὐχ
482 5362 668 5425 ἁπλῶς
689 5362 1001 5428 διδάσκαλος
1026 5364 1251 5433 ἀγαθός,
1293 5366 1402 5429 illo,
1436 5365 1631 5430 οὐδείς,
1655 5381 1793 5433 pra:-

238 5435 506 5505 termisso,
552 5442 715 5487 recte.
762 5433 872 5505 Hoc
904 5445 987 5505 est
1028 5453 1042 5488 :
1082 5435 1161 5489 Me
1198 5436 1412 5503 quidem
1456 5437 1592 5490 dicis
1620 5439 1790 5505 magi-

233 5508 402 5553 strum
431 5502 624 5555 bonum
651 5517 664 5553 :
692 5504 786 5557 sed
811 5506 908 5557 hoc
930 5504 1150 5570 dixisse,
1174 5502 1310 5559 satis
1333 5520 1436 5559 non
1459 5515 1559 5560 est.
1575 5502 1786 5559 Etenim

231 5584 342 5695 33η
366 5583 483 5623 sum
514 5572 683 5625 solum
710 5574 964 5642 magister
994 5577 1183 5639 bonus,
1210 5575 1303 5629 sed
1330 5589 1448 5629 sum
1469 5576 1630 5629 etiam
1651 5576 1789 5631 Deus

308 5653 424 5691 nus.

867 4838 911 4916 ξ’
937 4836 1162 4916 Joan._t.
1317 4840 1461 4916 __‘°l_
1485 4839 1708 4916 Cor._t_t.
1743 4843 1795 4896 8.

1944 4840 2084 4896 Psal.
2122 4855 2278 4906 xxut,
2323 4840 2374 4893 7.
2454 4841 2497 4872 ¹⁸
2543 4840 2750 4897 Celoss.
2802 4859 2842 4911 ι,
2880 4844 2966 4898 iii.
3046 4847 3089 4878 ¹⁹
3121 4847 3283 4916 Apoc.
3335 4861 3376 4912 ι,
3415 4848 3468 4901 ε».

1899 5086 2138 5158 Dionysii
2168 5086 2393 5153 Petavii,
2433 5088 2587 5143 initio
2627 5088 2930 5144 Rationarii
2963 5099 3272 5158 temporum.

1968 5157 2080 5229 (44)
2113 5158 2831 5239 Reg.tertius.1t9wtégoxoq
2868 5162 2932 5213 ὲκ
2964 5159 3195 5231 νεκρῶν.
3225 5159 3331 5214 Alii
3362 5159 3469 5217 duo

1894 5227 2525 5300 mssastgwqtitoxogntbv
2538 5227 2775 5300 νεκρῶν.

1965 5296 2078 5367 (45)
2102 5295 2336 5368 Codices
2364 5296 2604 5368 plerique
2626 5295 2817 5355 omnes
2844 5299 3081 5368 λέγεται.
3123 5300 3325 5356 Ibidem
3359 5296 3462 5351 ali-

1892 5359 2024 5435 quot
2055 5359 2181 5420 mss.
2214 5359 2449 5434 ὧσοιροί.

1962 5435 2291 5511 (46)(5οιΙ-ει.
2325 5438 2566 5511 Comhel‘.
2620 5440 2722 5511 οὐκ
2749 5440 2993 5511 ἀνάγκης
3036 5438 3287 5508 ἀδελφοῦ.
3329 5434 3465 5511 Be‘g.

1894 5506 2409 5581 889llll_t_ll_l_s__dVdYXn
2450 5508 2715 5577 ἀδελφῶν.
2758 5506 3024 5565 ΑΙίἶηιὲε.
3066 5506 3277 5581 ἀνάγκη
3310 5506 3467 5563 ἀδελ-

1893 5574 2321 5647 φοῦᾈΕιίιιΙῂἰιιιυε
2345 5574 2526 5631 vocem
2549 5574 2723 5647 ἀνάγκ

2797 5596 2917 5633 cum
2949 5598 2965 5633 ι
2996 5583 3321 5649 ειιιιεειιμιο.

1966 5645 2080 5721 (47)
2111 5644 2250 5721 Editi
2292 5646 2374 5698 ὅτι
2424 5648 2518 5701 καὶ
2558 5644 2687 5720 πρό.
2719 5644 2939 5705 Veteres
2968 5644 3354 5721 quinque'libri
3380 5651 3467 5705 ὅτι

308 5709 419 5779 (t5)
467 5709 541 5765 De
577 5710 804 5769 Photino
836 5713 1085 5770 haretico
1122 5712 1220 5777 legi
1253 5724 1435 5785 potest
1474 5715 1785 5772 dissertatio
1889 5709 1984 5768 και
2010 5717 2038 5767 ὀ
2062 5709 2188 5784 πρό,
2210 5714 2377 5772 recte.
