3956 6216
482 314 587 373 705

1827 310 1886 365 S.
1928 308 2171 365 BASlLll
2209 307 2425 363 MAGNI

3664 301 3765 358 τοι

481 440 595 484 tum
626 429 830 483 vocari.
867 426 980 482 Dici
1017 427 1182 480 etiam
1209 426 1405 496 possit,
1440 427 1583 496 quod
1612 434 1668 480 et
1689 426 1812 496 quis
1838 426 1927 496 qui
1959 441 2050 496 ge-

2162 425 2286 498 πρὸς
2301 426 2426 489 τοὺς
2452 422 2541 477 διὰ
2565 423 2836 484 υἱοθεσίας
2857 425 2951 478 τοῦ
2975 426 3133 495 ἁγίου
3162 423 3505 495 Πνεύματος
3531 424 3606 476 ὲκ
3631 421 3767 476 Θεοῦ

478 521 813 576 nerationem
836 536 1050 575 omnem
1078 521 1373 586 antecedit,
1398 520 1799 591 primogenitus
1838 521 2050 574 dicere-

478 621 566 666 tur
594 630 608 666 :
636 612 763 681 quin
801 622 857 667 et
882 619 1130 680 respectu
1170 624 1356 665 eorum
1379 650 1395 676 ,
1431 611 1523 679 qui
1569 626 1666 680 per
1702 610 2048 679 adoptionem

478 703 713 773 Spiritus
743 702 920 757 sancti
965 717 1032 756 ex
1072 702 1181 756 Deo
1211 703 1324 756 nati
1373 710 1540 765 sunt,
1598 712 1657 755 ut
1702 702 1898 757 Paulus
1927 702 2046 756 ait:

481 792 739 857 Quoniam
762 807 888 861 quos
914 791 1194 861 praesciuit,
1239 807 1326 845 eos
1362 799 1412 844 et
1445 792 1725 859 prmﬁnivit
1754 791 2049 859 conformes

478 882 725 952 imaginis
758 880 889 935 Filii
916 883 1020 948 sui,
1056 894 1110 936 ut
1141 884 1253 952 ipse
1279 885 1349 936 sit
1385 885 1759 953 primogenitus
1794 885 1849 937 in
1875 884 2052 937 multis

481 973 736 1043 fratribus
764 972 832 1025 ’³.

630 1062 791 1133 293
818 1062 884 1117 In
920 1062 1076 1126 illud,
1114 1076 1132 1114 t
1172 1062 1428 1117 Dominus
1457 1066 1649 1119 creavit
1671 1081 1752 1118 me
1791 1065 1839 1097 ’⁸

552 1147 608 1202 Si
642 1149 731 1217 qui
774 1149 828 1200 in
872 1163 1035 1202 carne
1066 1158 1186 1211 est,
1231 1149 1398 1203 dicit:
1448 1148 1561 1218 Ego
1606 1167 1723 1202 sum
1765 1151 1846 1203 via
1873 1153 1954 1216 ’5;
2000 1159 2055 1205 et

481 1240 623 1294 idem
656 1256 671 1293 :
703 1237 873 1293 Nemo
905 1241 1040 1292 venit
1088 1239 1157 1291 ad
1190 1237 1409 1294 Patrem
1448 1243 1550 1294 nisi
1580 1258 1672 1308 per
1703 1258 1783 1295 me
1813 1243 1899 1309 ";
1943 1244 2055 1312 ipse

482 1330 647 1383 etiam
673 1339 755 1383 est
780 1329 870 1397 qui
895 1331 1031 1383 dixit
1056 1346 1069 1381 :
1098 1330 1353 1385 Dominus
1378 1333 1571 1385 creavit
1605 1349 1684 1385 me
1710 1333 1918 1386 initium
1949 1334 2056 1386 via-

481 1436 600 1472 rum
627 1435 845 1473 suarum
870 1421 936 1474 ’⁷.
963 1419 1102 1485 Quin
1131 1431 1187 1474 et
1215 1422 1281 1475 de
1308 1423 1560 1492 genitura
1586 1423 1784 1475 dicitur
1806 1433 2054 1477 creatura

481 1521 536 1565 et
570 1511 798 1576 factura,
817 1523 871 1566 ut
895 1512 1022 1566 illud
1047 1530 1060 1564 :
1082 1512 1264 1567 Creavi
1290 1514 1552 1567 hominem
1581 1530 1672 1581 per
1696 1513 1864 1568 Deum
1892 1515 1968 1581 '3;
2001 1523 2056 1570 et

483 1601 707 1655 iterum:
742 1601 888 1657 Fecit
918 1602 1058 1670 filios
1086 1614 1133 1656 et
1160 1603 1301 1670 ﬁlias
1323 1605 1410 1669 '9;
1443 1615 1498 1659 et
1535 1606 1735 1660 David:
1763 1606 1867 1660 Cor
1902 1625 2053 1662 mun-

482 1692 607 1745 dum
642 1707 762 1744 crea
797 1692 849 1744 in
888 1707 989 1753 me,
1034 1691 1170 1744 Deus
1196 1690 1275 1756 ³ο,
1307 1708 1412 1746 non
1445 1702 1636 1763 petens
1670 1693 1811 1747 aliud
1833 1734 1850 1759 ,
1886 1695 1978 1748 sed
2003 1694 2056 1748 id

2150 518 2544 588 γεννωμένους,
2597 517 2673 580 ὡς
2719 520 2747 571 6
2791 517 3004 582 Παῦλός
3045 518 3157 590 (48)
3209 533 3414 588 φησιν’
3466 517 3619 569 Ὀτι
3662 516 3770 582 οἰκ·

2151 609 2438 679 προέγνω,
2467 609 2565 662 καὶ
2610 607 2904 676 προῴρισε
2932 610 3324 679 συμμόρφους
3363 608 3491 678 τῆς
3520 608 3768 672 εἰκόνος

2150 701 2257 755 τοῦ
2292 699 2430 755 Υὶοῦ
2475 699 2681 764 αὑτοῦ,
2712 704 2799 766 εὶς
2842 702 2910 754 τὸ
2947 696 3100 755 εἶναι
3136 699 3327 755 αὐτὸν
3361 700 3770 769 πρωτότοκον

2150 795 2221 848 ἐν
2245 792 2500 859 πολλοῖς
2526 791 2832 861 ἀδελφοῖς.

2459 1060 2564 1123 Είς
2596 1057 2682 1123 τὸ,
2720 1076 2738 1108 ι
2773 1059 2990 1126 Κύριος
3013 1057 3214 1112 ἐκτισέ
3245 1075 3345 1128 με.
3388 1077 3410 1111 ι

2233 1142 2297 1200 Ei
2343 1149 2373 1200 6
2402 1149 2460 1199 ὲν
2504 1148 2666 1219 σαρκί
2700 1164 2897 1219 φησιν,
2947 1147 3085 1217 Ἐγώ
3118 1151 3238 1217 sim
3283 1150 3323 1216 ἠ
3374 1148 3576 1214 ὁδός·
3614 1150 3717 1202 καὶ
3742 1149 3770 1201 6

2157 1239 2348 1301 αὐτός’
2384 1238 2594 1305 Οὐδεὶς
2625 1239 2857 1308 ἔρχεται
2883 1241 3029 1307 πρὸς
3062 1239 3168 1293 τὸν
3199 1239 3439 1308 Πατέρα
3478 1242 3543 1294 εί
3571 1240 3668 1310 μὴ
3698 1241 3769 1295 δι’

2154 1332 2300 1400 ἐμοῦ
2322 1347 2337 1362 ³
2366 1331 2526 1395 αὐτὸς
2562 1334 2679 1384 ἐστι
2717 1332 2810 1385 καὶ
2838 1334 2867 1385 6
2911 1330 3112 1385 εἰπών·
3146 1333 3370 1399 Κύριος
3424 1331 3661 1386 ἔκτισέ
3697 1350 3773 1402 με

2154 1420 2352 1490 ἀρχὴν
2381 1421 2536 1474 ὁδῶν
2575 1422 2783 1476 αὐτοῦ.
2848 1421 3078 1490 Λέγεται
3120 1422 3179 1476 δὲ
3209 1423 3302 1476 καὶ
3326 1423 3429 1476 ἐπὶ
3479 1425 3777 1494 γεννήμαο

2153 1528 2244 1575 τος
2296 1512 2503 1581 κτίσμα
2547 1514 2641 1565 καὶ
2683 1512 2915 1584 ποίημα,
2948 1513 3023 1577 ὡς
3063 1512 3158 1580 τὸ,
3205 1513 3608 1584 Ἐκτισὰμην
3661 1515 3775 1585 με)

2156 1601 2469 1670 ἄνθρωπον
2501 1603 2597 1659 διὰ
2644 1604 2750 1657 τοῦ
2798 1605 2947 1659 Θεοῦ
2967 1622 2980 1635 ’
3023 1606 3115 1658 καὶ
3154 1605 3315 1658 πάλιν
3339 1622 3356 1636 ο
3423 1608 3775 1675 Ἐποίησε)-

2156 1694 2326 1759 υἱοὺς
2363 1695 2461 1747 καὶ
2505 1696 2862 1765 θυγατέραςο
2901 1696 2997 1750 καὶ
3028 1698 3056 1749 ὁ
3080 1696 3242 1749 Δαϐίδ
3260 1715 3276 1728 θ
3304 1697 3607 1766 Καρδίαν
3631 1704 3773 1752 καθ-

482 1781 738 1837 videlicet
764 1782 906 1852 quod
941 1792 1059 1836 erat
1093 1784 1369 1851 postulans
1402 1786 1675 1839 mundari.
1715 1785 1923 1841 Dicitur
1952 1800 2052 1840 au-

2162 1786 2306 1854 αρὰν
2337 1787 2551 1839 κτίσον
2595 1788 2666 1840 ἐν
2697 1788 2861 1856 ἐμοὶ,
2892 1791 2926 1842 ό
2969 1787 3129 1853 Θεὸς,
3177 1788 3279 1841 οὐκ
3323 1788 3518 1859 ἄλλην
3576 1789 3770 1852 αἰτῶν,

487 1884 590 1927 tem
622 1885 676 1928 et
706 1888 842 1927 nova
873 1884 1146 1934 creatura,
1185 1890 1289 1930 non
1329 1876 1472 1944 quod
1499 1876 1604 1928 alia
1630 1886 1878 1931 creatura
1909 1876 2052 1932 facta

483 1964 576 2027 sit,
607 1962 700 2017 sed
722 1964 866 2033 quod
896 1964 948 2017 hi
979 1965 1069 2031 qui
1107 1965 1504 2030 illuminantur,
1537 1967 1601 2019 ad
1630 1966 1851 2021 meliora
1887 1981 2054 2036 Opera

485 2065 879 2123 praeparentur.
934 2055 992 2111 Si
1043 2056 1241 2110 Filium
1295 2055 1456 2110 Pater
1501 2056 1707 2111 creavit
1744 2057 1810 2111 ad
1856 2072 2049 2126 opera,

488 2161 593 2201 non
648 2156 866 2217 propter
921 2148 1119 2216 ipsum,
1178 2149 1273 2203 sed
1326 2156 1546 2218 propter
1597 2162 1761 2218 opera
1816 2150 2044 2205 creavit.

484 2236 640 2305 Quod
673 2249 855 2292 autem
887 2248 1107 2308 propter
1136 2239 1304 2303 aliud,
1359 2253 1464 2293 non
1497 2248 1712 2308 propter
1744 2254 1803 2294 se
1851 2240 1929 2303 lit.
1963 2250 2055 2294 aut

483 2344 610 2399 pars
634 2338 720 2384 est
743 2328 884 2381 illius
906 2328 1061 2398 cujus
1088 2343 1252 2384 causa
1282 2328 1483 2384 factum
1510 2339 1616 2395 est,
1638 2340 1728 2385 aut
1750 2346 1815 2386 eo
1851 2332 2051 2387 minus.

486 2420 608 2473 Erit
650 2419 816 2489 igitur
846 2418 1097 2475 Salvator
1135 2430 1232 2474 aut
1267 2436 1394 2491 pars
1423 2432 1711 2489 creaturae,
1741 2433 1834 2478 aut
1878 2426 2056 2481 minor

485 2520 650 2580 quam
695 2522 969 2566 creatura.
1015 2511 1192 2578 Quare
1232 2529 1455 2569 necesse
1488 2525 1572 2569 est
1612 2517 1678 2571 de
1718 2517 2055 2573 humanitate

484 2605 603 2674 ejus
630 2604 952 2674 intelligere.
993 2604 1169 2659 Possit
1198 2606 1364 2660 etiam
1394 2607 1516 2675 quis
1548 2607 1745 2674 dicere,
1800 2608 2053 2663 Salomo—

488 2712 609 2750 nem
639 2697 754 2751 haec
780 2697 846 2751 de
877 2696 966 2751 illa
999 2698 1264 2766 sapientia
1301 2699 1525 2765 dixisse,
1564 2696 1717 2767 cuius
1746 2709 1799 2754 et
1825 2702 2054 2770 Aposto-

488 2787 571 2841 lus
602 2785 867 2853 meminit,
898 2786 990 2839 ubi
1025 2786 1158 2841 dixit
1185 2803 1199 2839 :
1234 2784 1375 2840 Nam
1405 2795 1686 2857 postquam
1712 2788 1769 2842 in
1796 2790 2053 2859 sapientia

486 2875 584 2931 Dei
617 2891 720 2930 non
763 2877 1003 2946 cognovit
1043 2879 1268 2932 mundus
1308 2894 1401 2947 per
1441 2881 1753 2946 sapientiam
1789 2880 1953 2934 Deum
1980 2882 2049 2936 υ.

486 2965 752 3022 Praeterea
790 2982 965 3036 neque
989 2967 1253 3036 propheta
1277 2976 1361 3022 est
1386 2969 1478 3037 qui
1503 2969 1675 3036 dixit,
1706 2970 1801 3023 sed
1825 2969 2056 3025 Prover-

488 3060 697 3115 bisrum
750 3059 1001 3131 scriptor.
1044 3058 1336 3114 Proverbia
1387 3074 1572 3115 autem
1619 3062 1881 3130 imagines
1929 3070 2055 3116 sunt

488 3150 739 3212 aliorum,
771 3165 878 3204 non
907 3165 967 3204 ea
999 3150 1112 3218 ipsa
1150 3154 1270 3220 quae
1310 3149 1582 3205 dicuntur.
1624 3151 1682 3206 Si
1707 3153 1847 3207 Deus
1881 3152 2055 3208 Filius

490 3250 610 3294 erat
637 3240 729 3309 qui
754 3240 997 3295 dicebat:
1029 3239 1284 3295 Dominus
1317 3243 1507 3295 creavit
1533 3260 1632 3307 me,
1665 3245 1845 3313 potius
1873 3247 2057 3314 utique

488 3331 748 3394 dixisset,
804 3330 963 3386 Pater
1003 3332 1213 3386 creavit
1254 3346 1359 3386 me.
1388 3332 1663 3401 Nusquam
1699 3335 1844 3387 enim
1882 3336 2056 3403 ipsum

488 3419 777 3475 Dominum
803 3436 959 3476 suum
986 3424 1237 3488 vocabat,
1268 3422 1362 3478 sed
1390 3438 1606 3493 semper
1633 3422 1872 3478 Patrem.
1895 3426 2054 3480 Acci-

487 3513 740 3582 piendum
772 3512 935 3582 igitur
955 3522 1039 3567 est
1063 3513 1212 3579 illud,
1235 3515 1435 3584 genuit,
1464 3515 1531 3569 de
1565 3514 1676 3571 Deo
1704 3517 1844 3572 Filio
1874 3535 1887 3568 :
1926 3518 2057 3574 illud

488 3616 643 3667 vero,
690 3604 915 3667 creavit,
964 3602 1032 3657 de
1062 3618 1164 3671 eo,
1197 3604 1289 3673 qui
1332 3603 1562 3660 formam
1612 3609 1848 3677 suscepit
1888 3610 2054 3667 servi.

490 3695 756 3749 Caeterum
790 3695 844 3749 in
880 3695 966 3751 his
1011 3697 1263 3751 omnibus
1291 3711 1396 3751 non
1432 3698 1566 3755 duos
1593 3699 1858 3766 dicimus,
1891 3700 2056 3755 Deum

490 3798 759 3850 seorsum,
794 3794 848 3840 et
887 3784 1162 3840 hominem
1195 3800 1438 3842 seorsum
1475 3788 1648 3858 (unus
1680 3791 1823 3844 enim
1863 3789 2054 3859 erat),

491 3877 585 3931 sed
639 3877 962 3945 cogitatione
1012 3884 1260 3930 naturam
1305 3877 1567 3947 cujusque
1618 3880 2051 3935 consideramus.

491 3967 678 4036 Neque
711 3966 854 4020 enim
881 3967 1074 4023 Petrus
1107 3969 1241 4023 duos
1269 3967 1557 4034 intellexit,
1591 3970 1681 4025 ubi
1707 3971 1844 4025 dixit
1873 3988 1887 4024 :
1923 3971 2058 4026 Cum

491 4060 652 4128 igitur
680 4057 918 4112 Christus
952 4075 1137 4126 passus
1178 4059 1245 4113 sit
1274 4076 1368 4127 pro
1405 4060 1553 4114 nobis
1589 4076 1746 4114 carne
1773 4060 1839 4115 ⁸⁸.
1880 4062 1938 4115 Si
1970 4061 2059 4116 Fi-

494 4152 619 4214 lius,
647 4149 921 4218 inquiunt,
954 4151 1203 4218 genitura
1234 4161 1336 4219 est,
1372 4166 1477 4206 non
1507 4152 1719 4206 factura
1741 4195 1755 4219 ,
1786 4156 2058 4222 quomodo

493 4242 623 4295 dicit
648 4242 927 4310 Scriptura
953 4258 967 4294 :
995 4240 1145 4294 Certo
1172 4244 1334 4311 igitur
1354 4245 1485 4303 sciat
1506 4252 1615 4297 tota
1642 4243 1830 4298 domus
1861 4243 2054 4312 Israel,

491 4333 629 4400 quod
654 4348 770 4384 eum
795 4341 842 4385 et
861 4329 1141 4384 Dominum
1167 4341 1217 4386 et
1249 4330 1513 4386 Christum
1536 4334 1657 4402 fecit
1680 4332 1819 4387 Deus
1849 4334 1932 4388 ”?
1962 4333 2059 4390 Est

2153 1876 2287 1930 ἀλλὰ
2314 1878 2412 1947 τὴν
2444 1874 2608 1930 οὖσαν
2639 1878 2971 1949 καθαρθῆναι
2991 1878 3251 1950 δηλονότι.
3287 1879 3548 1951 Εἴρηται
3586 1880 3649 1933 δὲ
3684 1882 3773 1933 καὶ

2154 1966 2314 2036 καινὴ
2342 1967 2538 2031 κτίσις,
2570 1968 2667 2037 οὐχ
2690 1968 2766 2031 ὡς
2796 1965 2964 2037 ἄλλης
2992 1967 3221 2030 κτίσεως
3242 1968 3601 2038 γενομένης,
3638 1968 3770 2019 ἀλλὰ

2152 2055 2259 2111 τῶν
2313 2056 2693 2127 φωτιζομένων
2728 2057 2820 2109 ἐπὶ
2866 2055 3132 2126 βελτίοσιν
3163 2055 3346 2125 ἔργοις
3394 2072 3767 2109 κατασκευα-

2154 2147 2414 2217 ζομένων.
2444 2149 2505 2201 Εἰ
2556 2149 2636 2211 εἰς
2665 2148 2803 2218 ἔργα
2826 2148 2918 2201 τὸν
2952 2146 3081 2199 Υίὸν
3105 2150 3133 2201 6
3172 2146 3370 2218 Πατὴρ
3408 2147 3682 2211 ἔκτισεν,
3710 2149 3766 2199 οὐ

2153 2238 2221 2291 δι’
2250 2237 2433 2303 αὐτὸν,
2461 2239 2596 2292 ἀλλὰ
2626 2239 2715 2292 διὰ
2745 2239 2814 2292 τὰ
2847 2239 2986 2311 ἔργα
3014 2240 3174 2293 αὑτὸν
3206 2238 3454 2311 ἔκτισεν.
3500 2240 3587 2292 Τὸ
3618 2241 3677 2292 δὲ
3704 2239 3765 2291 δι’

2153 2329 2341 2400 ἓτερον
2363 2330 2458 2383 καὶ
2485 2331 2545 2383 οὐ
2579 2331 2645 2384 δι’
2676 2329 2806 2384 αὐτὸ
2830 2331 2941 2400 (50)
2970 2331 3276 2401 γινόμενον,
3312 2330 3347 2401 ἢ
3393 2330 3584 2400 μέρος
3625 2331 3763 2384 ὲκεί-

2155 2438 2244 2474 νου
2272 2422 2338 2473 δι’
2371 2421 2399 2473 ὃ
2430 2421 2665 2489 ἐγένετο,
2695 2422 2727 2492 ἢ
2759 2418 2920 2493 ἦττον
2949 2422 3127 2475 αὐτοῦ.
3164 2422 3361 2474 Ἔσται
3388 2418 3493 2474 οὖν
3528 2422 3567 2492 ἢ
3605 2423 3764 2495 μέρος

2153 2513 2183 2563 6
2216 2510 2404 2583 Σωτὴρ
2432 2514 2532 2582 τῆς
2565 2504 2817 2575 κτίσεως,
2854 2511 2886 2583 ἢ
2917 2513 3093 2582 ἥττων
3117 2512 3214 2581 τῆς
3244 2511 3521 2574 κτίσεως.
3568 2513 3761 2580 Ἄγαγ-

2156 2619 2226 2673 κη
2261 2602 2373 2675 (51)
2402 2599 2495 2656 οὖν
2530 2606 2610 2665 εἰς
2641 2603 2737 2675 τὴν
2765 2604 3160 2673 ἀνθρωπότητα
3186 2602 3351 2656 αὑτοῦ
3386 2605 3567 2656 νοεῖν.
3609 2604 3762 2656 Bima.

2154 2696 2197 2748 δ’
2225 2695 2289 2748 ἄν
2309 2714 2391 2758 τις
2422 2697 2516 2750 καὶ
2547 2699 2638 2750 τὸν
2668 2694 2986 2767 Σολομῶντα
3018 2697 3145 2765 περὶ
3167 2696 3265 2766 τῆς
3300 2697 3512 2764 σοφίας
3542 2697 3760 2765 ἐκείνης

2155 2787 2432 2858 εἰρηκέναι
2465 2787 2635 2841 ταῦτα
2677 2785 2811 2857 (52),
2862 2782 2931 2858 ἧς
2962 2787 3057 2839 καὶ
3095 2788 3124 2838 6
3163 2786 3498 2851 Ἀπόστολος
3547 2787 3760 2858 μέμνη-

2154 2895 2242 2931 ται
2268 2877 2472 2931 εὶπών·
2539 2877 2777 2946 Ἐπειδὴ
2824 2878 2938 2961 γὰρ
2973 2878 3044 2931 ἐν
3089 2875 3166 2947 τῇ
3203 2880 3393 2947 σοφίᾳ
3436 2879 3559 2933 τοῦ
3614 2880 3759 2933 Θεοιῦ

2154 2969 2265 3020 οὐκ
2287 2966 2440 3035 ἔγνω
2462 2970 2496 3021 ό
2519 2968 2746 3036 κόσμος
2771 2965 2867 3020 διὰ
2890 2965 3000 3034 τῆς
3028 2966 3248 3035 σοφίας
3270 2968 3380 3020 τὸν
3409 2968 3598 3021 Θεόν.
3640 2968 3758 3020 Ἀλ-

2155 3057 2262 3122 λως
2297 3076 2357 3111 τε
2391 3061 2486 3113 καὶ
2528 3059 2649 3112 οὐδὲ
2681 3060 2967 3130 προφήτης
2992 3061 3022 3112 ὁ
3044 3059 3232 3125 εἰπὼν,
3434 3061 3757 3132 Παροιμια-

2161 3152 2310 3222 στής.
2336 3152 2401 3202 Αἱ
2432 3150 2489 3203 δὲ
2519 3151 2807 3221 παροιμίαι
2851 3146 3057 3213 εἰκόνες
3086 3151 3314 3222 ἐτέρων,
3351 3152 3459 3203 οὐκ
3505 3152 3660 3206 αὐτὰ
3691 3155 3758 3206 τὰ

2157 3241 2445 3313 λεγόμενα.
2474 3244 2536 3296 Ei
2560 3245 2588 3295 6
2611 3243 2742 3306 Θεὸς
2762 3242 2889 3306 Υἱὸς
2911 3237 2982 3312 ἦν
3011 3244 3041 3295 6
3065 3242 3258 3311 λέγων,
3286 3244 3512 3310 Κύριος
3544 3244 3759 3300 ἕκτισέ

2152 3350 2248 3402 με,
2282 3335 2478 3404 μᾶλλον
2508 3334 2574 3387 ἂν
2619 3329 2790 3399 εἶπεν,
2824 3334 2854 3385 6
2884 3334 3073 3403 Πατὴρ
3125 3333 3307 3387 ἐκτισέ
3347 3352 3441 3404 με.
3486 3337 3755 3407 Οὐδαμιοῦ

2156 3425 2264 3498 γὰρ
2295 3426 2455 3479 αὑτὸν
2479 3425 2682 3495 Κύριον
2741 3423 2967 3490 ἑαυτοῦ,
3015 3424 3100 3477 ἀεὶ
3151 3424 3209 3477 δὲ
3260 3426 3488 3497 Πατέρα
3541 3428 3757 3481 ἐκάλει.

2156 3517 2402 3589 Ληπτέον
2434 3514 2527 3570 οὖν
2550 3517 2611 3569 τὸ
2645 3516 2765 3587 μὲν,
2790 3514 3141 3585 ἐγέννησεν,
3172 3518 3264 3569 ἐπὶ
3292 3516 3386 3569 τοῦ
3414 3517 3562 3570 Θεοῦ
3600 3520 3756 3583 Υξοῧ,

2156 3609 2218 3662 τὸ
2248 3609 2326 3672 δὲ,
2355 3609 2615 3671 ἔκτισεν,
2651 3610 2743 3661 ἐπὶ
2783 3605 2878 3660 τοῦ
2911 3607 3009 3678 τὴν
3047 3607 3260 3679 μορφὴν
3297 3608 3397 3661 τοῦ
3428 3608 3632 3663 δούλου
3662 3610 3759 3664 λα-

2159 3698 2362 3763 ϐόντος.
2382 3701 2469 3753 Ἐν
2498 3702 2631 3752 πᾶσι
2655 3700 2712 3752 δὲ
2735 3699 2944 3762 τούτοις
2967 3699 3028 3752 οὐ
3050 3698 3143 3750 δύο
3164 3698 3417 3769 λέγομεν,
3448 3698 3596 3755 Θεὸν
3625 3701 3755 3771 ἰδίᾳ,

2158 3791 2253 3843 καὶ
2285 3790 2567 3862 ἄνθρωπον
2599 3789 2705 3860 ἰδίᾳ
2736 3784 2839 3860 (εἷς
2868 3788 2978 3859 γὰρ
3007 3784 3121 3857 ἦν),
3152 3788 3288 3842 ἀλλὰ
3329 3790 3456 3842 κατ’
3499 3790 3757 3845 ἐπίνοιαν

2156 3882 2255 3951 τὴν
2300 3882 2529 3936 ἑκάστου
2578 3880 2740 3949 φύσιν
2774 3880 3134 3950 λογιζόμενοι.
3188 3879 3324 3932 Οὐδὲ
3372 3882 3487 3953 γὰρ
3538 3883 3755 3954 Πέτρος

2156 3973 2248 4026 δύο
2291 3975 2509 4044 ἐνόησεν
2537 3972 2704 4026 εἰπών
2727 3990 2741 4004 ·
2783 3968 3039 4040 Χριστοῦ
3081 3968 3195 4027 οὖν
3236 3975 3546 4040 παθόντος
3596 3978 3754 4045 ὑπὲρ

2157 4064 2326 4134 ἡμῶν
2348 4067 2547 4133 σαρκί.
2600 4065 2663 4118 Εἰ
2710 4064 2975 4135 γέννημα,
3025 4063 3212 4132 φασιν,
3239 4063 3423 4127 ὁΥἱός
3471 4066 3625 4129 ἐστι,
3661 4068 3755 4121 καὶ

2157 4157 2217 4209 οὐ
2249 4157 2480 4227 ποίημα,
2516 4156 2631 4219 πῶς
2654 4157 2687 4227 ἡ
2712 4156 2901 4227 Γραφὴ
2942 4156 3087 4223 λέγει
3108 4171 3121 4186 ·
3164 4154 3486 4224 Ἀσφαλῶς
3515 4155 3645 4213 οὖν
3664 4179 3753 4230 τι-

2157 4247 2434 4301 νωσκέτω
2466 4245 2584 4313 πᾶς
2621 4244 2784 4314 οἶκος
2817 4246 3053 4315 Ἰσραὴλ
3076 4285 3090 4307 ,
3118 4246 3208 4301 ὅτι
3253 4245 3351 4300 καὶ
3381 4249 3620 4317 Κύριον
3647 4253 3755 4304 αἰ·-

2157 4338 2266 4391 τὸν
2323 4338 2423 4392 καὶ
2460 4338 2719 4406 Χριστὸν
2767 4342 2800 4392 ό
2844 4338 2989 4403 Θεὸς
3031 4338 3282 4405 ἐποίησε
3301 4353 3323 4402 ;
3375 4338 3612 4408 Ῥητέον
3659 4338 3755 4396 ὠν

493 4420 674 4491 itaque
699 4421 864 4474 etiam
906 4421 995 4476 hic
1023 4421 1330 4489 dicendum,
1371 4423 1424 4478 id
1457 4424 1525 4478 de
1551 4437 1616 4476 eo
1662 4423 1751 4490 qui
1784 4438 1851 4478 cx
1890 4423 2052 4480 Maria

2162 4430 2254 4483 καὶ
2277 4429 2511 4485 ἐνταῦθα
2534 4429 2772 4501 περὶτοῦ
2801 4431 2863 4483 ὲκ
2886 4429 3106 4501 Μαρίας
3138 4430 3198 4482 τὸ
3228 4430 3370 4483 κατὰ
3402 4430 3521 4501 (55)
3559 4435 3753 4505 σάρκα

494 4521 577 4566 est
613 4510 907 4567 secundum
940 4525 1157 4566 carnem
1192 4512 1391 4568 dictum
1438 4511 1643 4568 luisse:
1676 4514 1818 4569 sicut
1858 4523 1915 4568 et
1957 4531 2056 4569 an-

562 4692 610 4724 ”
650 4691 807 4747 Rom.
832 4707 948 4759 vni,
967 4693 1058 4747 29.
1160 4692 1207 4726 “
1232 4693 1391 4748 Prov.
1420 4710 1539 4749 vni.
1569 4695 1658 4748 9.2.

1759 4696 1803 4727 "
1832 4695 1985 4750 Jonn.
2035 4714 2142 4761 xw,
2178 4700 2229 4753 6.

2160 4522 2408 4593 εἰρῆσθαι
2427 4541 2440 4553 ·
2474 4523 2548 4587 ὡς
2583 4522 2714 4591 γοῦν
2746 4524 2839 4577 καὶ
2870 4525 2899 4577 ὁ
2930 4523 3161 4592 ἄγγελος
3189 4526 3218 4576 6
3247 4522 3753 4595 εὐαγγελιζόμενος

2336 4699 2381 4731 ’⁵
2420 4697 2557 4753 ibid.
2647 4698 2690 4730 "
2730 4698 3060 4768 Prov.‘vm,
3105 4696 3196 4751 22.
3271 4695 3319 4728 ⁸⁸
3359 4695 3498 4752 Gen.
3560 4713 3649 4768 ιν,
3695 4702 3744 4755 Ι.

492 4762 537 4796 ²⁹
575 4761 708 4817 Gen.
758 4777 808 4815 ν.
858 4762 915 4816 4.
988 4761 1034 4796 ³⁰
1067 4761 1212 4819 Psal.
1258 4779 1308 4820 L.
1361 4764 1449 4818 η.
1524 4765 1568 4796 ³³
1609 4764 1844 4833 lCor.t,
1875 4767 1962 4820 21.
2039 4768 2052 4799 ³

2170 4770 2318 4826 Petr.
2348 4784 2423 4832 Iv,
2453 4770 2505 4827 1,
2547 4768 2593 4801 ³³
2629 4769 2751 4822 Act.
2780 4783 2843 4831 Il,
2865 4766 2956 4823 56.

563 4852 673 4924 (68)
705 4851 884 4924 Codex
904 4852 1054 4909 Colb.
1080 4856 1155 4919 ὡς
1182 4859 1210 4910 6
1244 4857 1587 4920 Ἀπόστολος.

2157 4880 2275 4921 nes.
2321 4879 2428 4919 non
2486 4862 2588 4932 legi
2624 4862 2676 4915 id
2727 4860 2918 4916 Bililiis
2969 4858 3225 4932 ἐποίησεν
3260 4859 3409 4922 υἱοὺς
3438 4859 3750 4932 καὶᾲθυγασ

566 4922 676 4994 (49)
705 4922 835 5007 lleg.
857 4926 1047 5005 tertius
1076 4928 1413 5007 tus-3.66pm,
1443 4931 1669 5007 possedi.
1698 4931 1801 4984 Sed
1821 4929 2052 5007 dubitari

2162 4934 2492 5007 sépag,_[ecit
2538 4922 2684 5007 ‘iilios
2705 4932 2946 5007 etjilias,
2984 4922 3417 5007 sed,_'67équasv
3453 4930 3623 5007 Bisi»;
3649 4922 3743 5007 καὶ

493 5008 602 5048 non
650 5005 846 5060 peiest,
882 4996 1012 5062 quin
1043 5010 1109 5049 ex
1159 4996 1357 5051 Βὼιὶιε
1380 4999 1557 5066 inepte
1592 5001 1666 5053 ita
1710 5001 2057 5055 emendatum

2136 4997 2479 5075 θυγατέρας,
2529 4997 2701 5072 genuit
2744 4997 2884 5071 ﬁlios
2940 5010 2989 5054 et
3041 4999 3202 5068 ﬁlias.
3258 4997 3402 5070 Lege
3452 4997 3747 5057 meatio-

492 5067 581 5128 sit,
627 5078 748 5116 cum
794 5077 895 5117 vox
923 5068 1127 5132 possedi
1182 5068 1248 5120 ad
1278 5069 1421 5121 hunc
1454 5068 1629 5123 locum
1660 5071 2057 5124 accommodari
2126 5067 2300 5131 .nein.

494 5133 643 5208 nullo
676 5132 830 5185 modo
848 5136 1036 5208 possit.
1071 5137 1250 5208 Codex
1275 5136 1425 5192 Colb.
1453 5149 1508 5192 et
1537 5140 1627 5191 alii
1664 5150 1897 5208 quatuor
1922 5154 2056 5193 mss.

2226 5142 2336 5213 (50)
2390 5142 2571 5213 Codex
2606 5139 2781 5213 *Colb.
2843 5140 2923 5213 06_
2948 5139 3013 5193 δι’
3061 5136 3272 5213 ἑαυτό.-
3306 5136 3440 5207 Reg.
3502 5148 3742 5213 quartus

494 5202 646 5273 Regii
695 5210 749 5254 et
794 5205 919 5279 editi
975 5204 1298 5278 ὲκτισάμην,
1356 5209 1557 5272 creavi;
1594 5218 1648 5261 et
1683 5202 1767 5262 ita
1817 5208 1917 5279 hic,
1952 5208 2052 5279 legi

2162 5202 2557 5267 )ὐ’δι”ὲαυτοῦ.
2606 5210 2748 5266 Edi'ti
2790 5218 2848 5266 et
2890 5209 3023 5276 Reg.
3074 5209 3345 5263 secundus
3382 5202 3445 5261 ﬁt
3500 5202 3557 5262 in
3605 5223 3745 5262 cun:

493 5282 763 5346 oportere.
801 5274 970 5346 series
1016 5274 1277 5346 orationis
1332 5291 1517 5346 aperte
1553 5279 1791 5332 ostendit
1829 5295 1841 5331 :
1877 5274 2048 5345 siqui-

493 5345 614 5396 dem
654 5342 874 5417 verbutn
901 5343 1202 5416 ἐκτισὰμην
1250 5346 1316 5400 ad
1344 5342 1530 5401 vocem
1573 5349 1902 5417 superiorem
1931 5342 2047 5400 κτί-

2153 5295 2326 5340 textu.

2221 5354 2329 5424 (5|)
2354 5352 2495 5424 Reg.
2523 5361 2751 5423 quartus
2795 5359 2849 5405 et
2879 5348 3033 5406 Colb.
3064 5347 3098 5418 ἢ
3126 5340 3291 5419 ἦττον
3314 5346 3507 5418 αὐτῆς.
3535 5346 3741 5415 ’Δνάγο

494 5426 606 5494 sua
632 5410 968 5494 referendum
992 5410 1113 5494 esse
1144 5410 1297 5494 nemo
1313 5417 1606 5494 non_videt_.
1635 5410 1804 5494 Aliter
1832 5417 2046 5494 quidem
2150 5410 2244 5494 κηζ

496 5481 546 5534 id
599 5481 717 5553 aliis
745 5484 1140 5551 exemplaribus
1168 5489 1400 5553 scriptus
1428 5488 1698 5541 invenitur
1746 5481 2045 5551 hic-locus,

2200 5485 2337 5576 152)
2367 5492 2734 5576 A-ntiqui_duo
2755 5490 2889 5576 libri
2923 5485 3205 5561 εἰρηκέναι
3225 5486 3424 5541 ταῦτα.
3458 5487 3581 5544 Vox
3607 5486 3741 5540 ταῦ-

496 5558 554 5634 ut
585 5551 763 5628 ridere
790 5555 965 5634 est_in_
990 5552 1242 5625 llexaptis
1265 5551 1293 5609 ί
1315 5557 1406 5610 sed
1434 5558 1485 5610 in
1502 5572 1581 5634 _eo
1614 5557 1958 5634 consentiunt
1994 5557 2050 5634 h_i
2155 5551 2244 5617 τιῖ
2246 5551 2792 5634 ἱη’νυ18ιιιῖειιθοινει.

494 5617 651 5696 liliri,_
683 5623 830 5696 quod
884 5623 1079 5680 habent
1119 5617 1305 5681 omnes
1360 5643 1466 5681 non
1498 5627 1818 5696 ὲκτισάμην,
1858 5627 2047 5696 creari,

496 5689 589 5766 sed
635 5688 971 5766 ἐκτησάμην,
1006 5696 1233 5759 possedi.
1262 5696 1560 5750 Notandum
1595 5688 1872 5766 praue-rea,
1902 5695 1968 5766 in
1986 5688 2052 5751 eo

494 5755 614 5813 loco
676 5771 763 5826 qui
824 5755 1014 5815 s'ta'tiui'
1063 5766 1332 5834 profertur
1378 5781 1408 5822 e
1461 5755 1645 5836 quinio
1703 5755 1880 5839 capite
1931 5763 2040 5821 Gee

2232 5635 2342 5705 (55)
2369 5628 2512 5705 Editi
2540 5631 2751 5705 Μαρίας
2774 5631 2865 5688 τὸν
2881 5646 3042 5686 κατα.
3065 5630 3135 5687 At
3148 5628 3323 5687 nostri
3340 5637 3557 5700 septem
3578 5643 3737 5691 mss,

2159 5703 2378 5770 Μαρίας
2405 5704 2467 5759 τὸ
2502 5703 2662 5758 κατὰ.
