  <div class='ocr_page' id='page_1' title='image "/cluster/home/n/w/nwhite01/storage/ocr_20150623/29/mdp.39015012934371/762.png"; bbox 0 0 3956 6216; ppageno 0'>
   <div class='ocr_carea' id='block_1_1' title="bbox 203 347 318 402">
    <p class='ocr_par' dir='ltr' id='par_1_1' title="bbox 203 347 318 402">
     <span class='ocr_line' id='line_1_1' title="bbox 203 347 318 402; baseline -0.009 -2"><span class='ocrx_word' id='word_1_1' title='bbox 203 347 318 402; x_wconf 73' lang='grc'><strong><em>705</em></strong></span> 
     </span>
    </p>
   </div>
   <div class='ocr_carea' id='block_1_2' title="bbox 1308 326 2378 396">
    <p class='ocr_par' dir='ltr' id='par_1_2' title="bbox 1308 326 2378 396">
     <span class='ocr_line' id='line_1_2' title="bbox 1308 326 2378 396; baseline -0.005 -2"><span class='ocrx_word' id='word_1_2' title='bbox 1308 335 1674 396; x_wconf 77' lang='lat' dir='ltr'><strong><em>ADV&#39;ERSUS</em></strong></span> <span class='ocrx_word' id='word_1_3' title='bbox 1715 329 2081 394; x_wconf 76' lang='lat' dir='ltr'><strong><em>EUNOMIUM</em></strong></span> <span class='ocrx_word' id='word_1_4' title='bbox 2119 327 2246 388; x_wconf 85' lang='lat' dir='ltr'><strong><em>LIB.</em></strong></span> <span class='ocrx_word' id='word_1_5' title='bbox 2288 326 2378 389; x_wconf 71' lang='grc' dir='ltr'><strong><em>ιν.</em></strong></span> 
     </span>
    </p>
   </div>
   <div class='ocr_carea' id='block_1_3' title="bbox 3353 322 3460 386">
    <p class='ocr_par' dir='ltr' id='par_1_3' title="bbox 3353 322 3460 386">
     <span class='ocr_line' id='line_1_3' title="bbox 3353 322 3460 386; baseline 0.009 -1"><span class='ocrx_word' id='word_1_6' title='bbox 3353 322 3460 386; x_wconf 74' lang='lat'><strong><em>768</em></strong></span> 
     </span>
    </p>
   </div>
   <div class='ocr_carea' id='block_1_4' title="bbox 201 444 1795 534">
    <p class='ocr_par' dir='ltr' id='par_1_4' title="bbox 201 457 1786 534">
     <span class='ocr_line' id='line_1_4' title="bbox 201 457 1786 534; baseline -0.004 -17"><span class='ocrx_word' id='word_1_7' title='bbox 201 466 337 527; x_wconf 71' lang='grc' dir='ltr'>τοὺς</span> <span class='ocrx_word' id='word_1_8' title='bbox 365 459 627 534; x_wconf 75' lang='grc' dir='ltr'><strong><em>ποιμένας</em></strong></span> <span class='ocrx_word' id='word_1_9' title='bbox 651 457 800 529; x_wconf 81' lang='grc' dir='ltr'>λέγει</span> <span class='ocrx_word' id='word_1_10' title='bbox 821 461 925 524; x_wconf 81' lang='grc' dir='ltr'><strong><em>ὅτι,</em></strong></span> <span class='ocrx_word' id='word_1_11' title='bbox 955 458 1192 528; x_wconf 82' lang='grc' dir='ltr'><strong><em>Ἐτέχθη</em></strong></span> <span class='ocrx_word' id='word_1_12' title='bbox 1217 459 1358 528; x_wconf 83' lang='grc' dir='ltr'><strong><em>ὑμῖν</em></strong></span> <span class='ocrx_word' id='word_1_13' title='bbox 1386 459 1653 528; x_wconf 79' lang='grc' dir='ltr'><strong><em>σήμερον</em></strong></span> <span class='ocrx_word' id='word_1_14' title='bbox 1667 459 1786 510; x_wconf 88' lang='grc' dir='ltr'><strong><em>Σω-</em></strong></span> 
     </span>
    </p>
   </div>
   <div class='ocr_carea' id='block_1_5' title="bbox 1904 444 3454 534">
    <p class='ocr_par' dir='ltr' id='par_1_5' title="bbox 1904 444 3454 523">
     <span class='ocr_line' id='line_1_5' title="bbox 1904 444 3454 523; baseline -0.001 -16"><span class='ocrx_word' id='word_1_15' title='bbox 1904 454 2040 523; x_wconf 70' lang='lat' dir='ltr'><strong><em>gelus</em></strong></span> <span class='ocrx_word' id='word_1_16' title='bbox 2056 455 2144 523; x_wconf 87' lang='lat' dir='ltr'><strong><em>qui</em></strong></span> <span class='ocrx_word' id='word_1_17' title='bbox 2170 454 2415 508; x_wconf 91' lang='lat' dir='ltr'><strong><em>nuntium</em></strong></span> <span class='ocrx_word' id='word_1_18' title='bbox 2436 454 2635 507; x_wconf 89' lang='lat' dir='ltr'><strong><em>bonum</em></strong></span> <span class='ocrx_word' id='word_1_19' title='bbox 2653 447 2960 519; x_wconf 73' lang='lat' dir='ltr'><strong><em>pastoribus</em></strong></span> <span class='ocrx_word' id='word_1_20' title='bbox 2982 444 3265 514; x_wconf 74' lang='lat' dir='ltr'><strong><em>aﬂcrebat,</em></strong></span> <span class='ocrx_word' id='word_1_21' title='bbox 3287 448 3454 505; x_wconf 89' lang='lat' dir='ltr'><strong><em>dicit:</em></strong></span> 
     </span>
    </p>
   </div>
   <div class='ocr_carea' id='block_1_6' title="bbox 202 551 1785 623">
    <p class='ocr_par' dir='ltr' id='par_1_6' title="bbox 202 551 1785 623">
     <span class='ocr_line' id='line_1_6' title="bbox 202 551 1785 623; baseline -0.004 -14"><span class='ocrx_word' id='word_1_22' title='bbox 202 557 344 623; x_wconf 70' lang='lat' dir='ltr'><strong><em>tim,</em></strong></span> <span class='ocrx_word' id='word_1_23' title='bbox 376 554 443 620; x_wconf 82' lang='grc' dir='ltr'><strong><em>ὃς</em></strong></span> <span class='ocrx_word' id='word_1_24' title='bbox 474 554 604 606; x_wconf 86' lang='grc' dir='ltr'><strong><em>ἐστι</em></strong></span> <span class='ocrx_word' id='word_1_25' title='bbox 639 552 891 622; x_wconf 81' lang='grc' dir='ltr'><em>Χριστὸς</em></span> <span class='ocrx_word' id='word_1_26' title='bbox 936 553 1168 620; x_wconf 81' lang='grc' dir='ltr'><strong><em>Κύριος.</em></strong></span> <span class='ocrx_word' id='word_1_27' title='bbox 1206 551 1279 603; x_wconf 89' lang='grc' dir='ltr'><em>Τὸ</em></span> <span class='ocrx_word' id='word_1_28' title='bbox 1300 552 1448 623; x_wconf 74' lang='grc' dir='ltr'><strong><em>.γὰρ,</em></strong></span> <span class='ocrx_word' id='word_1_29' title='bbox 1494 551 1785 618; x_wconf 74' lang='grc' dir='ltr'><em>Σήμερον,</em></span> 
     </span>
    </p>
   </div>
   <div class='ocr_carea' id='block_1_7' title="bbox 202 643 1788 716">
    <p class='ocr_par' dir='ltr' id='par_1_7' title="bbox 202 643 1788 716">
     <span class='ocr_line' id='line_1_7' title="bbox 202 643 1788 716; baseline -0.004 -16"><span class='ocrx_word' id='word_1_30' title='bbox 202 649 313 700; x_wconf 77' lang='grc' dir='ltr'><strong><em>οὐκ</em></strong></span> <span class='ocrx_word' id='word_1_31' title='bbox 335 646 401 699; x_wconf 79' lang='grc' dir='ltr'>ἂν</span> <span class='ocrx_word' id='word_1_32' title='bbox 443 646 571 716; x_wconf 72' lang='grc' dir='ltr'>περὶ</span> <span class='ocrx_word' id='word_1_33' title='bbox 597 645 692 698; x_wconf 83' lang='grc' dir='ltr'><em>τοῦ</em></span> <span class='ocrx_word' id='word_1_34' title='bbox 735 646 842 714; x_wconf 88' lang='grc' dir='ltr'>πρὸ</span> <span class='ocrx_word' id='word_1_35' title='bbox 872 644 1082 698; x_wconf 78' lang='grc' dir='ltr'><strong><em>αἰώνων</em></strong></span> <span class='ocrx_word' id='word_1_36' title='bbox 1109 643 1412 714; x_wconf 82' lang='grc' dir='ltr'><strong><em>νομισθείη.</em></strong></span> <span class='ocrx_word' id='word_1_37' title='bbox 1445 643 1788 713; x_wconf 79' lang='grc' dir='ltr'><strong><em>Σαφέστερον</em></strong></span> 
     </span>
    </p>
   </div>
   <div class='ocr_carea' id='block_1_8' title="bbox 201 735 1786 808">
    <p class='ocr_par' dir='ltr' id='par_1_8' title="bbox 201 735 1786 808">
     <span class='ocr_line' id='line_1_8' title="bbox 201 735 1786 808; baseline -0.004 -15"><span class='ocrx_word' id='word_1_38' title='bbox 201 740 264 794; x_wconf 85' lang='grc' dir='ltr'><strong><em>δὲ</em></strong></span> <span class='ocrx_word' id='word_1_39' title='bbox 299 739 361 791; x_wconf 85' lang='grc' dir='ltr'><em>τὸ</em></span> <span class='ocrx_word' id='word_1_40' title='bbox 388 737 516 808; x_wconf 81' lang='grc' dir='ltr'>ἑξῆς</span> <span class='ocrx_word' id='word_1_41' title='bbox 543 737 804 801; x_wconf 86' lang='grc' dir='ltr'><strong><em>δείκνυσι,</em></strong></span> <span class='ocrx_word' id='word_1_42' title='bbox 835 735 1085 805; x_wconf 84' lang='grc' dir='ltr'><strong><em>λέγοντος</em></strong></span> <span class='ocrx_word' id='word_1_43' title='bbox 1115 735 1228 805; x_wconf 70' lang='grc'>(54)</span> <span class='ocrx_word' id='word_1_44' title='bbox 1249 751 1261 764; x_wconf 85' lang='grc'>⁶</span> <span class='ocrx_word' id='word_1_45' title='bbox 1301 735 1520 789; x_wconf 86' lang='grc' dir='ltr'><em>Τοῦτον</em></span> <span class='ocrx_word' id='word_1_46' title='bbox 1544 735 1651 788; x_wconf 84' lang='grc' dir='ltr'><strong><em>τὸν</em></strong></span> <span class='ocrx_word' id='word_1_47' title='bbox 1679 735 1786 800; x_wconf 72' lang='lat' dir='ltr'><strong><em>‘In-</em></strong></span> 
     </span>
    </p>
   </div>
   <div class='ocr_carea' id='block_1_9' title="bbox 201 824 1788 900">
    <p class='ocr_par' dir='ltr' id='par_1_9' title="bbox 201 824 1788 900">
     <span class='ocr_line' id='line_1_9' title="bbox 201 824 1788 900; baseline -0.006 -15"><span class='ocrx_word' id='word_1_48' title='bbox 201 831 365 886; x_wconf 87' lang='grc' dir='ltr'><em>σοῦν</em></span> <span class='ocrx_word' id='word_1_49' title='bbox 393 830 467 884; x_wconf 81' lang='grc' dir='ltr'><strong><em>ὃν</em></strong></span> <span class='ocrx_word' id='word_1_50' title='bbox 505 829 674 900; x_wconf 84' lang='grc' dir='ltr'><strong><em>ὑμεῖς</em></strong></span> <span class='ocrx_word' id='word_1_51' title='bbox 718 827 1269 898; x_wconf 57' lang='grc' dir='ltr'><strong><em>ἐσταυρώσατε-Εἰ</em></strong></span> <span class='ocrx_word' id='word_1_52' title='bbox 1324 827 1412 880; x_wconf 80' lang='grc' dir='ltr'><strong><em>ὅτε</em></strong></span> <span class='ocrx_word' id='word_1_53' title='bbox 1463 824 1728 895; x_wconf 79' lang='grc' dir='ltr'>ἐγεννήθη</span> <span class='ocrx_word' id='word_1_54' title='bbox 1759 825 1788 876; x_wconf 90' lang='lat'><strong><em>6</em></strong></span> 
     </span>
    </p>
   </div>
   <div class='ocr_carea' id='block_1_10' title="bbox 203 915 1786 990">
    <p class='ocr_par' dir='ltr' id='par_1_10' title="bbox 203 915 1786 990">
     <span class='ocr_line' id='line_1_10' title="bbox 203 915 1786 990; baseline -0.005 -14"><span class='ocrx_word' id='word_1_55' title='bbox 203 925 360 986; x_wconf 78' lang='grc' dir='ltr'><em>Υἱὸς,</em></span> <span class='ocrx_word' id='word_1_56' title='bbox 403 923 529 976; x_wconf 83' lang='grc' dir='ltr'>τότε</span> <span class='ocrx_word' id='word_1_57' title='bbox 577 921 736 990; x_wconf 71' lang='grc' dir='ltr'><em>σοφία</em></span> <span class='ocrx_word' id='word_1_58' title='bbox 766 921 1017 989; x_wconf 78' lang='grc' dir='ltr'><strong><em>ἐγένετο,</em></strong></span> <span class='ocrx_word' id='word_1_59' title='bbox 1049 920 1241 990; x_wconf 74' lang='grc' dir='ltr'>ψευδὲς</span> <span class='ocrx_word' id='word_1_60' title='bbox 1279 919 1390 990; x_wconf 91' lang='grc'>(55)</span> <span class='ocrx_word' id='word_1_61' title='bbox 1418 919 1498 982; x_wconf 84' lang='grc' dir='ltr'><em>τὸ,</em></span> <span class='ocrx_word' id='word_1_62' title='bbox 1534 915 1786 987; x_wconf 82' lang='grc' dir='ltr'><em>Χριστὸς</em></span> 
     </span>
    </p>
   </div>
   <div class='ocr_carea' id='block_1_11' title="bbox 205 1005 1786 1082">
    <p class='ocr_par' dir='ltr' id='par_1_11' title="bbox 205 1005 1786 1082">
     <span class='ocr_line' id='line_1_11' title="bbox 205 1005 1786 1082; baseline -0.006 -15"><span class='ocrx_word' id='word_1_63' title='bbox 205 1013 359 1068; x_wconf 84' lang='grc' dir='ltr'><strong><em>Θεοῦ</em></strong></span> <span class='ocrx_word' id='word_1_64' title='bbox 380 1012 631 1082; x_wconf 85' lang='grc' dir='ltr'><strong><em>δύναμις</em></strong></span> <span class='ocrx_word' id='word_1_65' title='bbox 658 1012 756 1064; x_wconf 78' lang='grc' dir='ltr'><strong><em>καὶ</em></strong></span> <span class='ocrx_word' id='word_1_66' title='bbox 808 1010 955 1063; x_wconf 88' lang='grc' dir='ltr'><strong><em>Θεοῦ</em></strong></span> <span class='ocrx_word' id='word_1_67' title='bbox 1005 1010 1211 1077; x_wconf 60' lang='grc' dir='ltr'><em>σοφία.</em></span> <span class='ocrx_word' id='word_1_68' title='bbox 1253 1009 1318 1060; x_wconf 83' lang='grc' dir='ltr'><strong>Ἦ</strong></span> <span class='ocrx_word' id='word_1_69' title='bbox 1351 1008 1458 1079; x_wconf 78' lang='grc' dir='ltr'><strong><em>γὰρ</em></strong></span> <span class='ocrx_word' id='word_1_70' title='bbox 1486 1005 1652 1060; x_wconf 75' lang='grc' dir='ltr'><em>αὑτοῦ</em></span> <span class='ocrx_word' id='word_1_71' title='bbox 1695 1022 1786 1058; x_wconf 88' lang='grc' dir='ltr'><em>σο-</em></span> 
     </span>
    </p>
   </div>
   <div class='ocr_carea' id='block_1_12' title="bbox 204 1095 1787 1175">
    <p class='ocr_par' dir='ltr' id='par_1_12' title="bbox 204 1095 1787 1175">
     <span class='ocr_line' id='line_1_12' title="bbox 204 1095 1787 1175; baseline -0.005 -18"><span class='ocrx_word' id='word_1_72' title='bbox 204 1107 308 1175; x_wconf 79' lang='grc' dir='ltr'><strong><em>φία</em></strong></span> <span class='ocrx_word' id='word_1_73' title='bbox 331 1105 440 1175; x_wconf 88' lang='grc'>(56)</span> <span class='ocrx_word' id='word_1_74' title='bbox 468 1106 568 1158; x_wconf 78' lang='grc' dir='ltr'><strong><em>οὐκ</em></strong></span> <span class='ocrx_word' id='word_1_75' title='bbox 595 1103 832 1173; x_wconf 77' lang='grc' dir='ltr'><strong><em>ἐγένετο,</em></strong></span> <span class='ocrx_word' id='word_1_76' title='bbox 867 1103 982 1156; x_wconf 79' lang='grc' dir='ltr'><strong><em>ἀλλ’</em></strong></span> <span class='ocrx_word' id='word_1_77' title='bbox 1012 1097 1081 1173; x_wconf 75' lang='grc' dir='ltr'><strong><em>ἦν</em></strong></span> <span class='ocrx_word' id='word_1_78' title='bbox 1109 1102 1215 1154; x_wconf 79' lang='grc' dir='ltr'><strong><em>ἀεί,</em></strong></span> <span class='ocrx_word' id='word_1_79' title='bbox 1249 1101 1357 1154; x_wconf 72' lang='grc' dir='ltr'><strong><em>Καὶ</em></strong></span> <span class='ocrx_word' id='word_1_80' title='bbox 1389 1099 1547 1153; x_wconf 80' lang='grc' dir='ltr'><em>τοῦτο</em></span> <span class='ocrx_word' id='word_1_81' title='bbox 1575 1095 1670 1152; x_wconf 75' lang='grc' dir='ltr'><strong><em>οὖν</em></strong></span> <span class='ocrx_word' id='word_1_82' title='bbox 1711 1097 1787 1161; x_wconf 82' lang='grc' dir='ltr'><strong><em>ὼς</em></strong></span> 
     </span>
    </p>
   </div>
   <div class='ocr_carea' id='block_1_13' title="bbox 114 1191 1786 1267">
    <p class='ocr_par' dir='ltr' id='par_1_13' title="bbox 114 1191 1786 1267">
     <span class='ocr_line' id='line_1_13' title="bbox 114 1191 1786 1267; baseline -0.004 -16"><span class='ocrx_word' id='word_1_83' title='bbox 114 1213 118 1216; x_wconf 80' lang='grc'><em>’</em></span> <span class='ocrx_word' id='word_1_84' title='bbox 203 1201 302 1251; x_wconf 68' lang='grc' dir='ltr'>ἐπὶ</span> <span class='ocrx_word' id='word_1_85' title='bbox 327 1199 418 1250; x_wconf 72' lang='grc' dir='ltr'><em>τοῦ</em></span> <span class='ocrx_word' id='word_1_86' title='bbox 453 1196 663 1267; x_wconf 76' lang='grc' dir='ltr'><strong><em>[ἰατρὸς</em></strong></span> <span class='ocrx_word' id='word_1_87' title='bbox 700 1195 987 1265; x_wconf 81' lang='grc' dir='ltr'><strong><em>λεγόμενον</em></strong></span> <span class='ocrx_word' id='word_1_88' title='bbox 1036 1194 1186 1264; x_wconf 72' lang='grc' dir='ltr'>παρὰ</span> <span class='ocrx_word' id='word_1_89' title='bbox 1213 1191 1409 1244; x_wconf 76' lang='grc' dir='ltr'><strong><em>Δαϐίδ·</em></strong></span> <span class='ocrx_word' id='word_1_90' title='bbox 1458 1191 1654 1245; x_wconf 83' lang='grc' dir='ltr'><em>Γενοῦ</em></span> <span class='ocrx_word' id='word_1_91' title='bbox 1682 1207 1786 1260; x_wconf 79' lang='grc' dir='ltr'><strong><em>μοι</em></strong></span> 
     </span>
    </p>
   </div>
   <div class='ocr_carea' id='block_1_14' title="bbox 202 1282 1788 1355">
    <p class='ocr_par' dir='ltr' id='par_1_14' title="bbox 202 1282 1788 1355">
     <span class='ocr_line' id='line_1_14' title="bbox 202 1282 1788 1355; baseline -0.004 -12"><span class='ocrx_word' id='word_1_92' title='bbox 202 1294 295 1355; x_wconf 83' lang='grc' dir='ltr'><em>εἰς</em></span> <span class='ocrx_word' id='word_1_93' title='bbox 335 1289 481 1342; x_wconf 83' lang='grc' dir='ltr'><strong><em>Θεὸν</em></strong></span> <span class='ocrx_word' id='word_1_94' title='bbox 525 1286 1024 1355; x_wconf 80' lang='grc' dir='ltr'><strong><em>ὑπερασπιστήν⁶</em></strong></span> <span class='ocrx_word' id='word_1_95' title='bbox 1071 1285 1188 1347; x_wconf 76' lang='grc' dir='ltr'><em>καὶ,</em></span> <span class='ocrx_word' id='word_1_96' title='bbox 1256 1282 1500 1352; x_wconf 74' lang='grc' dir='ltr'><strong><em>Ἐγένου</em></strong></span> <span class='ocrx_word' id='word_1_97' title='bbox 1547 1301 1650 1352; x_wconf 83' lang='grc' dir='ltr'><strong><em>μοι.</em></strong></span> <span class='ocrx_word' id='word_1_98' title='bbox 1699 1286 1788 1350; x_wconf 76' lang='grc' dir='ltr'><em>εἰς</em></span> 
     </span>
    </p>
   </div>
   <div class='ocr_carea' id='block_1_15' title="bbox 204 1375 1790 1448">
    <p class='ocr_par' dir='ltr' id='par_1_15' title="bbox 204 1375 1790 1448">
     <span class='ocr_line' id='line_1_15' title="bbox 204 1375 1790 1448; baseline -0.003 -14"><span class='ocrx_word' id='word_1_99' title='bbox 204 1383 508 1448; x_wconf 76' lang='grc' dir='ltr'><strong><em>σωτηρίαν</em></strong></span> <span class='ocrx_word' id='word_1_100' title='bbox 526 1398 539 1410; x_wconf 90' lang='grc'>·</span> <span class='ocrx_word' id='word_1_101' title='bbox 569 1382 662 1433; x_wconf 67' lang='lat' dir='ltr'><strong><em>atati.</em></strong></span> <span class='ocrx_word' id='word_1_102' title='bbox 687 1382 714 1432; x_wconf 99' lang='lat'><strong><em>6</em></strong></span> <span class='ocrx_word' id='word_1_103' title='bbox 739 1379 979 1442; x_wconf 76' lang='grc' dir='ltr'><em>Παῦλος·</em></span> <span class='ocrx_word' id='word_1_104' title='bbox 1011 1377 1280 1430; x_wconf 84' lang='grc' dir='ltr'><strong><em>Γινέσθω</em></strong></span> <span class='ocrx_word' id='word_1_105' title='bbox 1305 1375 1372 1429; x_wconf 83' lang='grc' dir='ltr'><em>δὲ</em></span> <span class='ocrx_word' id='word_1_106' title='bbox 1404 1380 1436 1430; x_wconf 86' lang='grc' dir='ltr'><em>ὁ</em></span> <span class='ocrx_word' id='word_1_107' title='bbox 1467 1375 1611 1441; x_wconf 87' lang='grc' dir='ltr'><strong><em>Θεὸς</em></strong></span> <span class='ocrx_word' id='word_1_108' title='bbox 1642 1378 1790 1444; x_wconf 80' lang='grc' dir='ltr'><strong><em>ἁλη-</em></strong></span> 
     </span>
    </p>
   </div>
   <div class='ocr_carea' id='block_1_16' title="bbox 206 1467 1785 1540">
    <p class='ocr_par' dir='ltr' id='par_1_16' title="bbox 206 1467 1785 1540">
     <span class='ocr_line' id='line_1_16' title="bbox 206 1467 1785 1540; baseline -0.004 -13"><span class='ocrx_word' id='word_1_109' title='bbox 206 1474 342 1540; x_wconf 71' lang='grc' dir='ltr'><em>θὶις,</em></span> <span class='ocrx_word' id='word_1_110' title='bbox 367 1471 484 1537; x_wconf 83' lang='grc' dir='ltr'><strong><em>πᾶς</em></strong></span> <span class='ocrx_word' id='word_1_111' title='bbox 504 1472 571 1525; x_wconf 82' lang='grc' dir='ltr'><strong><em>δὲ</em></strong></span> <span class='ocrx_word' id='word_1_112' title='bbox 587 1471 894 1539; x_wconf 78' lang='grc' dir='ltr'>ἄνθρωπος</span> <span class='ocrx_word' id='word_1_113' title='bbox 916 1471 1213 1538; x_wconf 68' lang='grc' dir='ltr'><em>ψεύστης·</em></span> <span class='ocrx_word' id='word_1_114' title='bbox 1238 1467 1380 1521; x_wconf 74' lang='grc' dir='ltr'><strong><em>οὕτω</em></strong></span> <span class='ocrx_word' id='word_1_115' title='bbox 1408 1470 1502 1521; x_wconf 73' lang='grc' dir='ltr'><strong><em>καὶ</em></strong></span> <span class='ocrx_word' id='word_1_116' title='bbox 1530 1471 1557 1522; x_wconf 90' lang='lat'><strong><em>6</em></strong></span> <span class='ocrx_word' id='word_1_117' title='bbox 1582 1469 1785 1540; x_wconf 79' lang='grc' dir='ltr'>Κύριος</span> 
     </span>
    </p>
   </div>
   <div class='ocr_carea' id='block_1_17' title="bbox 219 1560 1787 1634">
    <p class='ocr_par' dir='ltr' id='par_1_17' title="bbox 219 1560 1787 1634">
     <span class='ocr_line' id='line_1_17' title="bbox 219 1560 1787 1634; baseline -0.003 -15"><span class='ocrx_word' id='word_1_118' title='bbox 219 1564 508 1634; x_wconf 74' lang='grc' dir='ltr'><strong><em>Ἔγενήθη</em></strong></span> <span class='ocrx_word' id='word_1_119' title='bbox 559 1564 668 1634; x_wconf 80' lang='grc'>(57)</span> <span class='ocrx_word' id='word_1_120' title='bbox 710 1563 854 1632; x_wconf 75' lang='grc' dir='ltr'><strong><em>ἡμῖν</em></strong></span> <span class='ocrx_word' id='word_1_121' title='bbox 881 1562 997 1616; x_wconf 74' lang='grc' dir='ltr'><strong><em>ἀπὸ</em></strong></span> <span class='ocrx_word' id='word_1_122' title='bbox 1045 1561 1192 1614; x_wconf 86' lang='grc' dir='ltr'><strong><em>Θεοῦ</em></strong></span> <span class='ocrx_word' id='word_1_123' title='bbox 1244 1561 1450 1629; x_wconf 64' lang='grc' dir='ltr'><em>σοφία,</em></span> <span class='ocrx_word' id='word_1_124' title='bbox 1477 1560 1575 1614; x_wconf 80' lang='grc' dir='ltr'><strong><em>καὶ</em></strong></span> <span class='ocrx_word' id='word_1_125' title='bbox 1621 1562 1787 1631; x_wconf 74' lang='grc' dir='ltr'><em>ἁγια-</em></span> 
     </span>
    </p>
   </div>
   <div class='ocr_carea' id='block_1_18' title="bbox 207 1652 1788 1726">
    <p class='ocr_par' dir='ltr' id='par_1_18' title="bbox 207 1652 1788 1726">
     <span class='ocr_line' id='line_1_18' title="bbox 207 1652 1788 1726; baseline -0.006 -14"><span class='ocrx_word' id='word_1_126' title='bbox 207 1658 387 1726; x_wconf 82' lang='grc' dir='ltr'><em>σμὸς,</em></span> <span class='ocrx_word' id='word_1_127' title='bbox 420 1658 515 1710; x_wconf 78' lang='grc' dir='ltr'><em>καὶ</em></span> <span class='ocrx_word' id='word_1_128' title='bbox 545 1657 976 1726; x_wconf 78' lang='grc' dir='ltr'><strong><em>ἀπολύτρωσις.</em></strong></span> <span class='ocrx_word' id='word_1_129' title='bbox 999 1656 1062 1708; x_wconf 80' lang='grc' dir='ltr'><strong>Εἰ</strong></span> <span class='ocrx_word' id='word_1_130' title='bbox 1091 1652 1184 1708; x_wconf 78' lang='grc' dir='ltr'><strong><em>οὖν</em></strong></span> <span class='ocrx_word' id='word_1_131' title='bbox 1210 1657 1238 1708; x_wconf 91' lang='lat'><strong><em>6</em></strong></span> <span class='ocrx_word' id='word_1_132' title='bbox 1273 1653 1462 1724; x_wconf 82' lang='grc' dir='ltr'><strong><em>Πατὴρ</em></strong></span> <span class='ocrx_word' id='word_1_133' title='bbox 1499 1652 1788 1722; x_wconf 84' lang='grc' dir='ltr'>γενόμενος</span> 
     </span>
    </p>
   </div>
   <div class='ocr_carea' id='block_1_19' title="bbox 211 1742 1787 1818">
    <p class='ocr_par' dir='ltr' id='par_1_19' title="bbox 211 1742 1787 1818">
     <span class='ocr_line' id='line_1_19' title="bbox 211 1742 1787 1818; baseline -0.003 -20"><span class='ocrx_word' id='word_1_134' title='bbox 211 1747 624 1818; x_wconf 75' lang='grc' dir='ltr'><strong><em>ὑπερασπιστὴς</em></strong></span> <span class='ocrx_word' id='word_1_135' title='bbox 669 1746 761 1798; x_wconf 72' lang='grc' dir='ltr'><strong><em>καὶ</em></strong></span> <span class='ocrx_word' id='word_1_136' title='bbox 805 1744 1028 1816; x_wconf 82' lang='grc' dir='ltr'>ἀληθὴς,</span> <span class='ocrx_word' id='word_1_137' title='bbox 1076 1744 1137 1798; x_wconf 79' lang='grc' dir='ltr'><strong><em>οὐ</em></strong></span> <span class='ocrx_word' id='word_1_138' title='bbox 1189 1743 1400 1814; x_wconf 83' lang='grc' dir='ltr'>ποίημα</span> <span class='ocrx_word' id='word_1_139' title='bbox 1424 1758 1438 1772; x_wconf 84' lang='lat'><strong><em>°</em></strong></span> <span class='ocrx_word' id='word_1_140' title='bbox 1469 1743 1565 1795; x_wconf 77' lang='grc' dir='ltr'><strong><em>καὶ</em></strong></span> <span class='ocrx_word' id='word_1_141' title='bbox 1601 1744 1629 1796; x_wconf 92' lang='lat'><strong><em>6</em></strong></span> <span class='ocrx_word' id='word_1_142' title='bbox 1661 1742 1787 1803; x_wconf 80' lang='grc' dir='ltr'>Υἱὸς</span> 
     </span>
    </p>
   </div>
   <div class='ocr_carea' id='block_1_20' title="bbox 1891 537 3459 611">
    <p class='ocr_par' dir='ltr' id='par_1_20' title="bbox 1891 537 3459 611">
     <span class='ocr_line' id='line_1_20' title="bbox 1891 537 3459 611; baseline -0.004 -12"><span class='ocrx_word' id='word_1_143' title='bbox 1891 544 2065 599; x_wconf 87' lang='lat' dir='ltr'><strong><em>Natus</em></strong></span> <span class='ocrx_word' id='word_1_144' title='bbox 2094 555 2168 598; x_wconf 87' lang='lat' dir='ltr'><strong><em>est</em></strong></span> <span class='ocrx_word' id='word_1_145' title='bbox 2193 545 2332 598; x_wconf 77' lang='lat' dir='ltr'><strong><em>vobis</em></strong></span> <span class='ocrx_word' id='word_1_146' title='bbox 2371 544 2524 597; x_wconf 86' lang='lat' dir='ltr'><strong><em>hodie</em></strong></span> <span class='ocrx_word' id='word_1_147' title='bbox 2551 540 2819 607; x_wconf 78' lang='lat' dir='ltr'><strong><em>Saluator,</em></strong></span> <span class='ocrx_word' id='word_1_148' title='bbox 2845 543 2933 611; x_wconf 87' lang='lat' dir='ltr'><strong><em>qui</em></strong></span> <span class='ocrx_word' id='word_1_149' title='bbox 2960 552 3035 596; x_wconf 88' lang='lat' dir='ltr'><strong><em>est</em></strong></span> <span class='ocrx_word' id='word_1_150' title='bbox 3075 539 3318 593; x_wconf 89' lang='lat' dir='ltr'><strong><em>Christus</em></strong></span> <span class='ocrx_word' id='word_1_151' title='bbox 3347 537 3459 594; x_wconf 81' lang='lat' dir='ltr'><strong><em>Do-</em></strong></span> 
     </span>
    </p>
   </div>
   <div class='ocr_carea' id='block_1_21' title="bbox 1887 633 3457 704">
    <p class='ocr_par' dir='ltr' id='par_1_21' title="bbox 1887 633 3457 704">
     <span class='ocr_line' id='line_1_21' title="bbox 1887 633 3457 704; baseline 0.001 -15"><span class='ocrx_word' id='word_1_152' title='bbox 1887 637 2058 690; x_wconf 87' lang='lat' dir='ltr'><strong><em>minus</em></strong></span> <span class='ocrx_word' id='word_1_153' title='bbox 2087 637 2154 691; x_wconf 74' lang='grc'><strong><em>³⁸.</em></strong></span> <span class='ocrx_word' id='word_1_154' title='bbox 2188 637 2321 690; x_wconf 82' lang='lat' dir='ltr'><strong><em>Nam</em></strong></span> <span class='ocrx_word' id='word_1_155' title='bbox 2361 653 2463 691; x_wconf 80' lang='lat' dir='ltr'><strong><em>vox</em></strong></span> <span class='ocrx_word' id='word_1_156' title='bbox 2487 678 2503 703; x_wconf 91' lang='lat'><strong><em>,</em></strong></span> <span class='ocrx_word' id='word_1_157' title='bbox 2552 635 2748 698; x_wconf 80' lang='lat' dir='ltr'><strong><em>Hodie,</em></strong></span> <span class='ocrx_word' id='word_1_158' title='bbox 2785 637 2853 692; x_wconf 91' lang='lat' dir='ltr'><strong><em>de</em></strong></span> <span class='ocrx_word' id='word_1_159' title='bbox 2877 649 2943 690; x_wconf 92' lang='lat' dir='ltr'><strong><em>eo</em></strong></span> <span class='ocrx_word' id='word_1_160' title='bbox 2980 633 3074 704; x_wconf 88' lang='lat' dir='ltr'><strong><em>qui</em></strong></span> <span class='ocrx_word' id='word_1_161' title='bbox 3101 642 3228 688; x_wconf 86' lang='lat' dir='ltr'><strong><em>ante</em></strong></span> <span class='ocrx_word' id='word_1_162' title='bbox 3259 633 3457 690; x_wconf 64' lang='lat' dir='ltr'><strong><em>saecula</em></strong></span> 
     </span>
    </p>
   </div>
   <div class='ocr_carea' id='block_1_22' title="bbox 1887 726 3452 800">
    <p class='ocr_par' dir='ltr' id='par_1_22' title="bbox 1887 726 3452 800">
     <span class='ocr_line' id='line_1_22' title="bbox 1887 726 3452 800; baseline -0.003 -16"><span class='ocrx_word' id='word_1_163' title='bbox 1887 739 1991 793; x_wconf 85' lang='lat' dir='ltr'><strong><em>est,</em></strong></span> <span class='ocrx_word' id='word_1_164' title='bbox 2023 744 2363 800; x_wconf 71' lang='lat' dir='ltr'><strong><em>nequaquam</em></strong></span> <span class='ocrx_word' id='word_1_165' title='bbox 2415 730 2585 799; x_wconf 85' lang='lat' dir='ltr'><strong>accipi</strong></span> <span class='ocrx_word' id='word_1_166' title='bbox 2631 736 2828 798; x_wconf 92' lang='lat' dir='ltr'><strong><em>potest.</em></strong></span> <span class='ocrx_word' id='word_1_167' title='bbox 2856 728 3056 783; x_wconf 79' lang='lat' dir='ltr'><strong><em>Verum</em></strong></span> <span class='ocrx_word' id='word_1_168' title='bbox 3091 727 3145 782; x_wconf 91' lang='lat' dir='ltr'><strong><em>id</em></strong></span> <span class='ocrx_word' id='word_1_169' title='bbox 3187 726 3329 795; x_wconf 91' lang='lat' dir='ltr'><strong><em>quod</em></strong></span> <span class='ocrx_word' id='word_1_170' title='bbox 3363 742 3452 781; x_wconf 83' lang='lat' dir='ltr'><strong><em>se-</em></strong></span> 
     </span>
    </p>
   </div>
   <div class='ocr_carea' id='block_1_23' title="bbox 1887 816 3458 892">
    <p class='ocr_par' dir='ltr' id='par_1_23' title="bbox 1887 816 3458 892">
     <span class='ocr_line' id='line_1_23' title="bbox 1887 816 3458 892; baseline 0 -20"><span class='ocrx_word' id='word_1_171' title='bbox 1887 822 2094 892; x_wconf 85' lang='lat' dir='ltr'><strong>quitur,</strong></span> <span class='ocrx_word' id='word_1_172' title='bbox 2126 823 2328 876; x_wconf 87' lang='lat' dir='ltr'><strong><em>clarius</em></strong></span> <span class='ocrx_word' id='word_1_173' title='bbox 2367 822 2505 876; x_wconf 89' lang='lat' dir='ltr'><strong><em>idem</em></strong></span> <span class='ocrx_word' id='word_1_174' title='bbox 2545 821 2806 886; x_wconf 86' lang='lat' dir='ltr'><strong><em>ostendit,</em></strong></span> <span class='ocrx_word' id='word_1_175' title='bbox 2835 820 2923 874; x_wconf 90' lang='lat' dir='ltr'><strong><em>ubi</em></strong></span> <span class='ocrx_word' id='word_1_176' title='bbox 2959 819 3089 874; x_wconf 85' lang='lat' dir='ltr'><strong>dicit</strong></span> <span class='ocrx_word' id='word_1_177' title='bbox 3119 835 3132 870; x_wconf 87' lang='lat'><strong>:</strong></span> <span class='ocrx_word' id='word_1_178' title='bbox 3172 817 3326 871; x_wconf 86' lang='lat' dir='ltr'><strong><em>Hunc</em></strong></span> <span class='ocrx_word' id='word_1_179' title='bbox 3359 816 3458 872; x_wconf 81' lang='lat' dir='ltr'><strong><em>Je-</em></strong></span> 
     </span>
    </p>
   </div>
   <div class='ocr_carea' id='block_1_24' title="bbox 1887 911 3460 984">
    <p class='ocr_par' dir='ltr' id='par_1_24' title="bbox 1887 911 3460 984">
     <span class='ocr_line' id='line_1_24' title="bbox 1887 911 3460 984; baseline -0.001 -18"><span class='ocrx_word' id='word_1_180' title='bbox 1887 929 2003 966; x_wconf 91' lang='lat' dir='ltr'><strong><em>sum</em></strong></span> <span class='ocrx_word' id='word_1_181' title='bbox 2040 931 2188 984; x_wconf 88' lang='lat' dir='ltr'><strong><em>quem</em></strong></span> <span class='ocrx_word' id='word_1_182' title='bbox 2235 931 2325 969; x_wconf 80' lang='lat' dir='ltr'><strong><em>vos</em></strong></span> <span class='ocrx_word' id='word_1_183' title='bbox 2362 914 2701 982; x_wconf 79' lang='lat' dir='ltr'><strong><em>cruci/ixistis</em></strong></span> <span class='ocrx_word' id='word_1_184' title='bbox 2735 913 2801 966; x_wconf 87' lang='grc'><strong><em>³⁸.</em></strong></span> <span class='ocrx_word' id='word_1_185' title='bbox 2848 911 2904 968; x_wconf 91' lang='lat' dir='ltr'><strong><em>Si</em></strong></span> <span class='ocrx_word' id='word_1_186' title='bbox 2939 912 3061 967; x_wconf 87' lang='lat' dir='ltr'><strong><em>cuin</em></strong></span> <span class='ocrx_word' id='word_1_187' title='bbox 3107 913 3321 982; x_wconf 80' lang='lat' dir='ltr'><strong><em>genitus</em></strong></span> <span class='ocrx_word' id='word_1_188' title='bbox 3375 919 3460 966; x_wconf 82' lang='lat' dir='ltr'><strong><em>est</em></strong></span> 
     </span>
    </p>
   </div>
   <div class='ocr_carea' id='block_1_25' title="bbox 1887 999 3460 1074">
    <p class='ocr_par' dir='ltr' id='par_1_25' title="bbox 1887 999 3460 1074">
     <span class='ocr_line' id='line_1_25' title="bbox 1887 999 3460 1074; baseline 0.002 -18"><span class='ocrx_word' id='word_1_189' title='bbox 1887 999 2074 1069; x_wconf 82' lang='lat' dir='ltr'><strong><em>Filius,</em></strong></span> <span class='ocrx_word' id='word_1_190' title='bbox 2111 1015 2236 1060; x_wconf 84' lang='lat' dir='ltr'><strong><em>tunc</em></strong></span> <span class='ocrx_word' id='word_1_191' title='bbox 2261 1007 2524 1072; x_wconf 82' lang='lat' dir='ltr'><strong><em>sapientia</em></strong></span> <span class='ocrx_word' id='word_1_192' title='bbox 2559 1006 2701 1074; x_wconf 67' lang='lat' dir='ltr'><strong><em>facta</em></strong></span> <span class='ocrx_word' id='word_1_193' title='bbox 2739 1014 2858 1068; x_wconf 83' lang='lat' dir='ltr'><strong><em>cst;</em></strong></span> <span class='ocrx_word' id='word_1_194' title='bbox 2889 1005 3081 1058; x_wconf 82' lang='lat' dir='ltr'><strong><em>falsum</em></strong></span> <span class='ocrx_word' id='word_1_195' title='bbox 3116 1005 3266 1070; x_wconf 90' lang='lat' dir='ltr'><strong><em>illud,</em></strong></span> <span class='ocrx_word' id='word_1_196' title='bbox 3311 1002 3460 1059; x_wconf 80' lang='lat' dir='ltr'><strong><em>Chri-</em></strong></span> 
     </span>
    </p>
   </div>
   <div class='ocr_carea' id='block_1_26' title="bbox 1887 1094 3462 1166">
    <p class='ocr_par' dir='ltr' id='par_1_26' title="bbox 1887 1094 3462 1166">
     <span class='ocr_line' id='line_1_26' title="bbox 1887 1094 3462 1166; baseline 0.003 -19"><span class='ocrx_word' id='word_1_197' title='bbox 1887 1105 2002 1148; x_wconf 89' lang='lat' dir='ltr'><strong><em>stus</em></strong></span> <span class='ocrx_word' id='word_1_198' title='bbox 2039 1095 2138 1150; x_wconf 85' lang='lat' dir='ltr'><strong><em>Dei</em></strong></span> <span class='ocrx_word' id='word_1_199' title='bbox 2168 1101 2401 1166; x_wconf 88' lang='lat' dir='ltr'><strong><em>potentia</em></strong></span> <span class='ocrx_word' id='word_1_200' title='bbox 2430 1109 2477 1152; x_wconf 89' lang='lat' dir='ltr'><strong><em>et</em></strong></span> <span class='ocrx_word' id='word_1_201' title='bbox 2507 1099 2605 1153; x_wconf 95' lang='lat' dir='ltr'><strong><em>Dei</em></strong></span> <span class='ocrx_word' id='word_1_202' title='bbox 2631 1094 2891 1166; x_wconf 85' lang='lat' dir='ltr'><strong><em>sapientia</em></strong></span> <span class='ocrx_word' id='word_1_203' title='bbox 2916 1097 2981 1151; x_wconf 76' lang='lat'><strong><em>&#39;°.</em></strong></span> <span class='ocrx_word' id='word_1_204' title='bbox 3013 1097 3145 1151; x_wconf 85' lang='lat' dir='ltr'><strong><em>Nam</em></strong></span> <span class='ocrx_word' id='word_1_205' title='bbox 3189 1097 3334 1152; x_wconf 90' lang='lat' dir='ltr'><strong><em>illius</em></strong></span> <span class='ocrx_word' id='word_1_206' title='bbox 3373 1112 3462 1151; x_wconf 86' lang='lat' dir='ltr'><strong><em>sa-</em></strong></span> 
     </span>
    </p>
   </div>
   <div class='ocr_carea' id='block_1_27' title="bbox 1885 1187 3462 1257">
    <p class='ocr_par' dir='ltr' id='par_1_27' title="bbox 1885 1187 3462 1257">
     <span class='ocr_line' id='line_1_27' title="bbox 1885 1187 3462 1257; baseline 0.003 -19"><span class='ocrx_word' id='word_1_207' title='bbox 1885 1187 2084 1255; x_wconf 90' lang='lat' dir='ltr'><strong><em>pientia</em></strong></span> <span class='ocrx_word' id='word_1_208' title='bbox 2117 1187 2258 1244; x_wconf 80' lang='lat' dir='ltr'><strong><em>facta</em></strong></span> <span class='ocrx_word' id='word_1_209' title='bbox 2285 1205 2391 1244; x_wconf 91' lang='lat' dir='ltr'><strong><em>non</em></strong></span> <span class='ocrx_word' id='word_1_210' title='bbox 2425 1200 2528 1255; x_wconf 84' lang='lat' dir='ltr'><strong><em>est,</em></strong></span> <span class='ocrx_word' id='word_1_211' title='bbox 2573 1191 2666 1245; x_wconf 88' lang='lat' dir='ltr'><strong><em>sed</em></strong></span> <span class='ocrx_word' id='word_1_212' title='bbox 2701 1204 2917 1257; x_wconf 88' lang='lat' dir='ltr'><strong><em>semper</em></strong></span> <span class='ocrx_word' id='word_1_213' title='bbox 2950 1201 3088 1243; x_wconf 83' lang='lat' dir='ltr'><strong><em>erat.</em></strong></span> <span class='ocrx_word' id='word_1_214' title='bbox 3125 1191 3201 1242; x_wconf 89' lang='lat' dir='ltr'><strong><em>Ac</em></strong></span> <span class='ocrx_word' id='word_1_215' title='bbox 3235 1189 3462 1256; x_wconf 82' lang='lat' dir='ltr'><strong><em>proinde</em></strong></span> 
     </span>
    </p>
   </div>
   <div class='ocr_carea' id='block_1_28' title="bbox 1886 1274 3460 1334">
    <p class='ocr_par' dir='ltr' id='par_1_28' title="bbox 1886 1274 3460 1334">
     <span class='ocr_line' id='line_1_28' title="bbox 1886 1274 3460 1334; baseline 0 -6"><span class='ocrx_word' id='word_1_216' title='bbox 1886 1274 2026 1332; x_wconf 81' lang='lat' dir='ltr'><strong>sicut</strong></span> <span class='ocrx_word' id='word_1_217' title='bbox 2051 1277 2119 1334; x_wconf 87' lang='lat' dir='ltr'><strong><em>de</em></strong></span> <span class='ocrx_word' id='word_1_218' title='bbox 2143 1279 2304 1334; x_wconf 87' lang='lat' dir='ltr'><strong><em>Patre</em></strong></span> <span class='ocrx_word' id='word_1_219' title='bbox 2332 1296 2359 1333; x_wconf 91' lang='lat' dir='ltr'><strong><em>a</em></strong></span> <span class='ocrx_word' id='word_1_220' title='bbox 2395 1278 2600 1333; x_wconf 86' lang='lat' dir='ltr'><strong><em>Davide</em></strong></span> <span class='ocrx_word' id='word_1_221' title='bbox 2630 1280 2834 1334; x_wconf 89' lang='lat' dir='ltr'><strong><em>dictum</em></strong></span> <span class='ocrx_word' id='word_1_222' title='bbox 2865 1289 2946 1332; x_wconf 78' lang='lat' dir='ltr'><strong><em>est</em></strong></span> <span class='ocrx_word' id='word_1_223' title='bbox 2979 1277 3105 1330; x_wconf 92' lang='lat' dir='ltr'><strong><em>illud</em></strong></span> <span class='ocrx_word' id='word_1_224' title='bbox 3135 1295 3147 1330; x_wconf 91' lang='lat'><strong>:</strong></span> <span class='ocrx_word' id='word_1_225' title='bbox 3180 1275 3306 1328; x_wconf 80' lang='lat' dir='ltr'><strong><em>Esto</em></strong></span> <span class='ocrx_word' id='word_1_226' title='bbox 3332 1276 3460 1328; x_wconf 81' lang='lat' dir='ltr'><strong><em>mihi</em></strong></span> 
     </span>
    </p>
   </div>
   <div class='ocr_carea' id='block_1_29' title="bbox 1886 1367 3464 1441">
    <p class='ocr_par' dir='ltr' id='par_1_29' title="bbox 1886 1367 3464 1441">
     <span class='ocr_line' id='line_1_29' title="bbox 1886 1367 3464 1441; baseline -0.002 -17"><span class='ocrx_word' id='word_1_227' title='bbox 1886 1372 1940 1424; x_wconf 89' lang='lat' dir='ltr'><strong><em>in</em></strong></span> <span class='ocrx_word' id='word_1_228' title='bbox 1979 1369 2142 1441; x_wconf 61' lang='grc'>294</span> <span class='ocrx_word' id='word_1_229' title='bbox 2169 1371 2332 1424; x_wconf 89' lang='lat' dir='ltr'><strong><em>Deum</em></strong></span> <span class='ocrx_word' id='word_1_230' title='bbox 2363 1381 2701 1439; x_wconf 75' lang='lat' dir='ltr'><strong><em>protectorem</em></strong></span> <span class='ocrx_word' id='word_1_231' title='bbox 2725 1371 2802 1437; x_wconf 72' lang='lat'><strong><em>’7;</em></strong></span> <span class='ocrx_word' id='word_1_232' title='bbox 2830 1381 2904 1436; x_wconf 84' lang='lat' dir='ltr'><strong><em>et,</em></strong></span> <span class='ocrx_word' id='word_1_233' title='bbox 2941 1367 3139 1421; x_wconf 86' lang='lat' dir='ltr'><strong><em>Factus</em></strong></span> <span class='ocrx_word' id='word_1_234' title='bbox 3168 1385 3220 1420; x_wconf 91' lang='lat' dir='ltr'><strong><em>es</em></strong></span> <span class='ocrx_word' id='word_1_235' title='bbox 3247 1367 3375 1420; x_wconf 88' lang='lat' dir='ltr'><strong><em>mihi</em></strong></span> <span class='ocrx_word' id='word_1_236' title='bbox 3408 1370 3464 1421; x_wconf 81' lang='lat' dir='ltr'><strong><em>in</em></strong></span> 
     </span>
    </p>
   </div>
   <div class='ocr_carea' id='block_1_30' title="bbox 1887 1459 3460 1528">
    <p class='ocr_par' dir='ltr' id='par_1_30' title="bbox 1887 1459 3460 1528">
     <span class='ocr_line' id='line_1_30' title="bbox 1887 1459 3460 1528; baseline -0.002 -13"><span class='ocrx_word' id='word_1_237' title='bbox 1887 1461 2109 1515; x_wconf 80' lang='lat' dir='ltr'><strong><em>salutem</em></strong></span> <span class='ocrx_word' id='word_1_238' title='bbox 2153 1462 2236 1528; x_wconf 65' lang='lat'><strong><em>&#39;3;</em></strong></span> <span class='ocrx_word' id='word_1_239' title='bbox 2287 1472 2343 1516; x_wconf 86' lang='lat' dir='ltr'><strong><em>et</em></strong></span> <span class='ocrx_word' id='word_1_240' title='bbox 2395 1461 2638 1516; x_wconf 86' lang='lat' dir='ltr'><strong><em>Paulus:</em></strong></span> <span class='ocrx_word' id='word_1_241' title='bbox 2693 1459 2816 1514; x_wconf 84' lang='lat' dir='ltr'><strong><em>Fiat</em></strong></span> <span class='ocrx_word' id='word_1_242' title='bbox 2868 1471 3041 1513; x_wconf 90' lang='lat' dir='ltr'><strong><em>autem</em></strong></span> <span class='ocrx_word' id='word_1_243' title='bbox 3088 1459 3225 1512; x_wconf 89' lang='lat' dir='ltr'><strong><em>Deus</em></strong></span> <span class='ocrx_word' id='word_1_244' title='bbox 3267 1475 3460 1524; x_wconf 76' lang='lat' dir='ltr'><strong><em>verax,</em></strong></span> 
     </span>
    </p>
   </div>
   <div class='ocr_carea' id='block_1_31' title="bbox 1887 1546 3462 1616">
    <p class='ocr_par' dir='ltr' id='par_1_31' title="bbox 1887 1546 3462 1616">
     <span class='ocr_line' id='line_1_31' title="bbox 1887 1546 3462 1616; baseline -0.003 -10"><span class='ocrx_word' id='word_1_245' title='bbox 1887 1555 2054 1606; x_wconf 89' lang='lat' dir='ltr'><strong><em>omnis</em></strong></span> <span class='ocrx_word' id='word_1_246' title='bbox 2075 1569 2193 1606; x_wconf 88' lang='lat' dir='ltr'><strong><em>vero</em></strong></span> <span class='ocrx_word' id='word_1_247' title='bbox 2217 1552 2368 1606; x_wconf 90' lang='lat' dir='ltr'><strong><em>homo</em></strong></span> <span class='ocrx_word' id='word_1_248' title='bbox 2397 1552 2685 1606; x_wconf 75' lang='lat' dir='ltr'><strong><em>mendax&quot;</em></strong></span> <span class='ocrx_word' id='word_1_249' title='bbox 2712 1570 2725 1616; x_wconf 91' lang='lat'><strong>;</strong></span> <span class='ocrx_word' id='word_1_250' title='bbox 2757 1551 2836 1607; x_wconf 92' lang='lat' dir='ltr'><strong><em>sic</em></strong></span> <span class='ocrx_word' id='word_1_251' title='bbox 2867 1551 3028 1605; x_wconf 88' lang='lat' dir='ltr'><strong><em>etiam</em></strong></span> <span class='ocrx_word' id='word_1_252' title='bbox 3058 1549 3317 1603; x_wconf 83' lang='lat' dir='ltr'><strong><em>Dominus</em></strong></span> <span class='ocrx_word' id='word_1_253' title='bbox 3344 1546 3462 1602; x_wconf 83' lang='lat' dir='ltr'><strong><em>Fa-</em></strong></span> 
     </span>
    </p>
   </div>
   <div class='ocr_carea' id='block_1_32' title="bbox 1889 1641 3463 1709">
    <p class='ocr_par' dir='ltr' id='par_1_32' title="bbox 1889 1641 3463 1709">
     <span class='ocr_line' id='line_1_32' title="bbox 1889 1641 3463 1709; baseline -0.005 -10"><span class='ocrx_word' id='word_1_254' title='bbox 1889 1656 2001 1700; x_wconf 86' lang='lat' dir='ltr'><strong><em>ctus</em></strong></span> <span class='ocrx_word' id='word_1_255' title='bbox 2039 1657 2113 1700; x_wconf 84' lang='lat' dir='ltr'><strong><em>est</em></strong></span> <span class='ocrx_word' id='word_1_256' title='bbox 2155 1647 2303 1700; x_wconf 83' lang='lat' dir='ltr'><strong><em>nobis</em></strong></span> <span class='ocrx_word' id='word_1_257' title='bbox 2331 1663 2364 1698; x_wconf 82' lang='grc' dir='ltr'><strong><em>ιι</em></strong></span> <span class='ocrx_word' id='word_1_258' title='bbox 2406 1645 2516 1698; x_wconf 90' lang='lat' dir='ltr'><strong><em>Deo</em></strong></span> <span class='ocrx_word' id='word_1_259' title='bbox 2555 1645 2852 1708; x_wconf 81' lang='lat' dir='ltr'><strong><em>sapientia,</em></strong></span> <span class='ocrx_word' id='word_1_260' title='bbox 2904 1651 2952 1696; x_wconf 85' lang='lat' dir='ltr'><strong><em>et</em></strong></span> <span class='ocrx_word' id='word_1_261' title='bbox 2993 1641 3343 1709; x_wconf 75' lang='lat' dir='ltr'><strong><em>sanctiﬁcatio</em></strong></span> <span class='ocrx_word' id='word_1_262' title='bbox 3369 1679 3384 1704; x_wconf 91' lang='lat'>,</span> <span class='ocrx_word' id='word_1_263' title='bbox 3414 1649 3463 1692; x_wconf 87' lang='lat' dir='ltr'><strong><em>et</em></strong></span> 
     </span>
    </p>
   </div>
   <div class='ocr_carea' id='block_1_33' title="bbox 1889 1734 3464 1806">
    <p class='ocr_par' dir='ltr' id='par_1_33' title="bbox 1889 1734 3464 1806">
     <span class='ocr_line' id='line_1_33' title="bbox 1889 1734 3464 1806; baseline -0.004 -14"><span class='ocrx_word' id='word_1_264' title='bbox 1889 1740 2173 1804; x_wconf 82' lang='lat' dir='ltr'><strong><em>redemptio</em></strong></span> <span class='ocrx_word' id='word_1_265' title='bbox 2202 1739 2270 1792; x_wconf 68' lang='grc' dir='ltr'><strong><em>⁸ο.</em></strong></span> <span class='ocrx_word' id='word_1_266' title='bbox 2315 1737 2372 1792; x_wconf 83' lang='lat' dir='ltr'><strong><em>Si</em></strong></span> <span class='ocrx_word' id='word_1_267' title='bbox 2419 1737 2584 1806; x_wconf 80' lang='lat' dir='ltr'><strong>igitur</strong></span> <span class='ocrx_word' id='word_1_268' title='bbox 2627 1737 2790 1790; x_wconf 86' lang='lat' dir='ltr'><strong><em>Pater</em></strong></span> <span class='ocrx_word' id='word_1_269' title='bbox 2827 1751 2946 1790; x_wconf 90' lang='lat' dir='ltr'><strong><em>cum</em></strong></span> <span class='ocrx_word' id='word_1_270' title='bbox 2991 1734 3048 1786; x_wconf 86' lang='lat' dir='ltr'><strong><em>lit</em></strong></span> <span class='ocrx_word' id='word_1_271' title='bbox 3088 1743 3364 1802; x_wconf 85' lang='lat' dir='ltr'><strong><em>protector</em></strong></span> <span class='ocrx_word' id='word_1_272' title='bbox 3409 1739 3464 1785; x_wconf 90' lang='lat' dir='ltr'><strong><em>et</em></strong></span> 
     </span>
    </p>
   </div>
   <div class='ocr_carea' id='block_1_34' title="bbox 210 1824 1795 1907">
    <p class='ocr_par' dir='ltr' id='par_1_34' title="bbox 210 1831 1789 1907">
     <span class='ocr_line' id='line_1_34' title="bbox 210 1831 1789 1907; baseline -0.004 -17"><span class='ocrx_word' id='word_1_273' title='bbox 210 1838 504 1907; x_wconf 75' lang='grc' dir='ltr'>γενόμενος</span> <span class='ocrx_word' id='word_1_274' title='bbox 538 1837 696 1906; x_wconf 70' lang='grc' dir='ltr'><em>σοφία</em></span> <span class='ocrx_word' id='word_1_275' title='bbox 713 1837 804 1888; x_wconf 69' lang='grc' dir='ltr'><strong><em>καὶ</em></strong></span> <span class='ocrx_word' id='word_1_276' title='bbox 827 1837 1116 1905; x_wconf 78' lang='grc' dir='ltr'><strong><em>ἁγιασμὸς,</em></strong></span> <span class='ocrx_word' id='word_1_277' title='bbox 1143 1835 1202 1888; x_wconf 84' lang='grc' dir='ltr'><em>οὑ</em></span> <span class='ocrx_word' id='word_1_278' title='bbox 1241 1834 1470 1904; x_wconf 84' lang='grc' dir='ltr'><strong><em>ποίημα.</em></strong></span> <span class='ocrx_word' id='word_1_279' title='bbox 1497 1833 1559 1885; x_wconf 80' lang='lat' dir='ltr'><strong><em>Ei</em></strong></span> <span class='ocrx_word' id='word_1_280' title='bbox 1592 1831 1789 1904; x_wconf 78' lang='grc' dir='ltr'>ἀληθὲς</span> 
     </span>
    </p>
   </div>
   <div class='ocr_carea' id='block_1_35' title="bbox 1904 1824 3464 1907">
    <p class='ocr_par' dir='ltr' id='par_1_35' title="bbox 1904 1824 3464 1896">
     <span class='ocr_line' id='line_1_35' title="bbox 1904 1824 3464 1896; baseline -0.004 -14"><span class='ocrx_word' id='word_1_281' title='bbox 1904 1846 2078 1892; x_wconf 78' lang='lat' dir='ltr'><strong><em>verax,</em></strong></span> <span class='ocrx_word' id='word_1_282' title='bbox 2113 1845 2217 1884; x_wconf 93' lang='lat' dir='ltr'><strong><em>non</em></strong></span> <span class='ocrx_word' id='word_1_283' title='bbox 2269 1839 2350 1884; x_wconf 89' lang='lat' dir='ltr'><strong><em>est</em></strong></span> <span class='ocrx_word' id='word_1_284' title='bbox 2396 1829 2642 1883; x_wconf 79' lang='lat' dir='ltr'><strong><em>factura:</em></strong></span> <span class='ocrx_word' id='word_1_285' title='bbox 2688 1842 2865 1896; x_wconf 86' lang='lat' dir='ltr'><strong><em>neque</em></strong></span> <span class='ocrx_word' id='word_1_286' title='bbox 2913 1824 3080 1879; x_wconf 88' lang='lat' dir='ltr'><strong><em>Filius</em></strong></span> <span class='ocrx_word' id='word_1_287' title='bbox 3111 1839 3234 1878; x_wconf 91' lang='lat' dir='ltr'><strong><em>cum</em></strong></span> <span class='ocrx_word' id='word_1_288' title='bbox 3289 1824 3346 1878; x_wconf 88' lang='lat' dir='ltr'><strong><em>lit</em></strong></span> <span class='ocrx_word' id='word_1_289' title='bbox 3377 1839 3464 1877; x_wconf 83' lang='lat' dir='ltr'><strong><em>sa-</em></strong></span> 
     </span>
    </p>
   </div>
   <div class='ocr_carea' id='block_1_36' title="bbox 210 1919 1791 1998">
    <p class='ocr_par' dir='ltr' id='par_1_36' title="bbox 210 1919 1791 1998">
     <span class='ocr_line' id='line_1_36' title="bbox 210 1919 1791 1998; baseline -0.003 -18"><span class='ocrx_word' id='word_1_290' title='bbox 210 1928 295 1988; x_wconf 89' lang='lat'><strong><em>16,</em></strong></span> <span class='ocrx_word' id='word_1_291' title='bbox 329 1923 423 1991; x_wconf 72' lang='grc' dir='ltr'><strong><em>Εἷς</em></strong></span> <span class='ocrx_word' id='word_1_292' title='bbox 455 1927 586 1990; x_wconf 82' lang='grc' dir='ltr'><em>Θεὸς</em></span> <span class='ocrx_word' id='word_1_293' title='bbox 605 1930 633 1980; x_wconf 93' lang='lat'><strong><em>6</em></strong></span> <span class='ocrx_word' id='word_1_294' title='bbox 664 1928 853 1998; x_wconf 83' lang='grc' dir='ltr'><strong><em>Πατήρ</em></strong></span> <span class='ocrx_word' id='word_1_295' title='bbox 880 1945 894 1957; x_wconf 87' lang='grc'><strong>·</strong></span> <span class='ocrx_word' id='word_1_296' title='bbox 935 1925 1133 1997; x_wconf 85' lang='grc' dir='ltr'>ἀληθὲς</span> <span class='ocrx_word' id='word_1_297' title='bbox 1163 1922 1405 1995; x_wconf 82' lang='grc' dir='ltr'><strong><em>δηλονότι</em></strong></span> <span class='ocrx_word' id='word_1_298' title='bbox 1440 1925 1535 1978; x_wconf 77' lang='grc' dir='ltr'><strong><em>καὶ</em></strong></span> <span class='ocrx_word' id='word_1_299' title='bbox 1565 1921 1628 1976; x_wconf 87' lang='grc' dir='ltr'><em>τὸ</em></span> <span class='ocrx_word' id='word_1_300' title='bbox 1648 1964 1662 1986; x_wconf 93' lang='grc'><strong><em>,</em></strong></span> <span class='ocrx_word' id='word_1_301' title='bbox 1697 1919 1791 1987; x_wconf 78' lang='grc' dir='ltr'><strong><em>Εἷς</em></strong></span> 
     </span>
    </p>
   </div>
   <div class='ocr_carea' id='block_1_37' title="bbox 212 2012 1792 2092">
    <p class='ocr_par' dir='ltr' id='par_1_37' title="bbox 212 2012 1792 2092">
     <span class='ocr_line' id='line_1_37' title="bbox 212 2012 1792 2092; baseline -0.004 -17"><span class='ocrx_word' id='word_1_302' title='bbox 212 2023 419 2092; x_wconf 78' lang='grc' dir='ltr'><strong><em>Κύριος</em></strong></span> <span class='ocrx_word' id='word_1_303' title='bbox 464 2021 670 2091; x_wconf 73' lang='grc' dir='ltr'><em>Ἰησοῦς</em></span> <span class='ocrx_word' id='word_1_304' title='bbox 707 2020 938 2090; x_wconf 79' lang='grc' dir='ltr'>Χριστὸς</span> <span class='ocrx_word' id='word_1_305' title='bbox 978 2020 1006 2070; x_wconf 91' lang='lat'><strong><em>6</em></strong></span> <span class='ocrx_word' id='word_1_306' title='bbox 1034 2019 1247 2088; x_wconf 86' lang='grc' dir='ltr'><strong><em>Σωτήρ.</em></strong></span> <span class='ocrx_word' id='word_1_307' title='bbox 1290 2015 1428 2069; x_wconf 76' lang='grc' dir='ltr'><strong><em>Οῠτε</em></strong></span> <span class='ocrx_word' id='word_1_308' title='bbox 1461 2012 1554 2070; x_wconf 80' lang='grc' dir='ltr'><strong><em>οὖν</em></strong></span> <span class='ocrx_word' id='word_1_309' title='bbox 1597 2015 1727 2079; x_wconf 84' lang='grc' dir='ltr'><em>Θεὸς</em></span> <span class='ocrx_word' id='word_1_310' title='bbox 1764 2017 1792 2069; x_wconf 97' lang='lat'><strong><em>6</em></strong></span> 
     </span>
    </p>
   </div>
   <div class='ocr_carea' id='block_1_38' title="bbox 212 2105 1791 2184">
    <p class='ocr_par' dir='ltr' id='par_1_38' title="bbox 212 2105 1791 2184">
     <span class='ocr_line' id='line_1_38' title="bbox 212 2105 1791 2184; baseline -0.006 -16"><span class='ocrx_word' id='word_1_311' title='bbox 212 2111 406 2184; x_wconf 72' lang='grc' dir='ltr'>ῖωτὴρ</span> <span class='ocrx_word' id='word_1_312' title='bbox 435 2111 552 2166; x_wconf 71' lang='grc' dir='ltr'><strong><em>κατ’</em></strong></span> <span class='ocrx_word' id='word_1_313' title='bbox 593 2113 806 2173; x_wconf 81' lang='grc' dir='ltr'><em>αὐτοὺς,</em></span> <span class='ocrx_word' id='word_1_314' title='bbox 839 2109 960 2162; x_wconf 73' lang='grc' dir='ltr'>οὔτε</span> <span class='ocrx_word' id='word_1_315' title='bbox 994 2109 1021 2161; x_wconf 92' lang='lat'><strong><em>6</em></strong></span> <span class='ocrx_word' id='word_1_316' title='bbox 1052 2109 1242 2178; x_wconf 78' lang='grc' dir='ltr'>Πατὴρ</span> <span class='ocrx_word' id='word_1_317' title='bbox 1275 2107 1497 2177; x_wconf 85' lang='grc' dir='ltr'><strong><em>Κύριος.</em></strong></span> <span class='ocrx_word' id='word_1_318' title='bbox 1535 2107 1645 2159; x_wconf 79' lang='grc' dir='ltr'><strong><em>Καὶ</em></strong></span> <span class='ocrx_word' id='word_1_319' title='bbox 1685 2105 1791 2176; x_wconf 81' lang='grc' dir='ltr'><strong><em>μά-</em></strong></span> 
     </span>
    </p>
   </div>
   <div class='ocr_carea' id='block_1_39' title="bbox 211 2197 1790 2278">
    <p class='ocr_par' dir='ltr' id='par_1_39' title="bbox 211 2197 1790 2278">
     <span class='ocr_line' id='line_1_39' title="bbox 211 2197 1790 2278; baseline -0.006 -19"><span class='ocrx_word' id='word_1_320' title='bbox 211 2223 314 2278; x_wconf 69' lang='grc' dir='ltr'>την</span> <span class='ocrx_word' id='word_1_321' title='bbox 345 2206 406 2257; x_wconf 87' lang='grc' dir='ltr'><em>τὸ</em></span> <span class='ocrx_word' id='word_1_322' title='bbox 425 2247 438 2268; x_wconf 93' lang='grc'><strong><em>,</em></strong></span> <span class='ocrx_word' id='word_1_323' title='bbox 465 2201 646 2257; x_wconf 73' lang='grc' dir='ltr'><em>Εἶπεν</em></span> <span class='ocrx_word' id='word_1_324' title='bbox 672 2206 704 2255; x_wconf 85' lang='grc' dir='ltr'><strong><em>ό</em></strong></span> <span class='ocrx_word' id='word_1_325' title='bbox 743 2203 957 2268; x_wconf 77' lang='grc' dir='ltr'><strong><em>Κύριος</em></strong></span> <span class='ocrx_word' id='word_1_326' title='bbox 986 2199 1064 2265; x_wconf 84' lang='grc' dir='ltr'><strong><em>τῷ</em></strong></span> <span class='ocrx_word' id='word_1_327' title='bbox 1099 2199 1294 2266; x_wconf 78' lang='grc' dir='ltr'><strong><em>Κυρίῳ</em></strong></span> <span class='ocrx_word' id='word_1_328' title='bbox 1316 2215 1456 2266; x_wconf 86' lang='grc' dir='ltr'><strong><em>μου.</em></strong></span> <span class='ocrx_word' id='word_1_329' title='bbox 1489 2197 1698 2259; x_wconf 83' lang='grc' dir='ltr'><strong><em>Ψευδὲς</em></strong></span> <span class='ocrx_word' id='word_1_330' title='bbox 1733 2197 1790 2250; x_wconf 79' lang='grc' dir='ltr'>δὲ</span> 
     </span>
    </p>
   </div>
   <div class='ocr_carea' id='block_1_40' title="bbox 214 2289 1790 2361">
    <p class='ocr_par' dir='ltr' id='par_1_40' title="bbox 214 2289 1790 2361">
     <span class='ocr_line' id='line_1_40' title="bbox 214 2289 1790 2361; baseline -0.004 -11"><span class='ocrx_word' id='word_1_331' title='bbox 214 2299 308 2350; x_wconf 72' lang='grc' dir='ltr'><strong><em>καὶ</em></strong></span> <span class='ocrx_word' id='word_1_332' title='bbox 333 2297 411 2358; x_wconf 87' lang='grc' dir='ltr'><em>τὸ,</em></span> <span class='ocrx_word' id='word_1_333' title='bbox 436 2297 536 2348; x_wconf 79' lang='grc' dir='ltr'><strong><em>Διὰ</em></strong></span> <span class='ocrx_word' id='word_1_334' title='bbox 573 2295 745 2347; x_wconf 89' lang='grc' dir='ltr'><em>τοῦτο</em></span> <span class='ocrx_word' id='word_1_335' title='bbox 791 2292 994 2361; x_wconf 76' lang='grc' dir='ltr'><strong><em>ἐχρισέ</em></strong></span> <span class='ocrx_word' id='word_1_336' title='bbox 1022 2306 1096 2346; x_wconf 87' lang='grc' dir='ltr'><strong><em>σε</em></strong></span> <span class='ocrx_word' id='word_1_337' title='bbox 1127 2294 1160 2344; x_wconf 81' lang='grc' dir='ltr'><em>ό</em></span> <span class='ocrx_word' id='word_1_338' title='bbox 1195 2289 1358 2356; x_wconf 82' lang='grc' dir='ltr'><em>Θεὸς,</em></span> <span class='ocrx_word' id='word_1_339' title='bbox 1391 2293 1424 2344; x_wconf 82' lang='grc' dir='ltr'><em>ὀ</em></span> <span class='ocrx_word' id='word_1_340' title='bbox 1468 2291 1611 2356; x_wconf 89' lang='grc' dir='ltr'><em>Θεός</em></span> <span class='ocrx_word' id='word_1_341' title='bbox 1639 2307 1754 2344; x_wconf 89' lang='grc' dir='ltr'><em>σου</em></span> <span class='ocrx_word' id='word_1_342' title='bbox 1776 2306 1790 2320; x_wconf 73' lang='grc' dir='ltr'><em>ο</em></span> 
     </span>
    </p>
   </div>
   <div class='ocr_carea' id='block_1_41' title="bbox 213 2380 1790 2454">
    <p class='ocr_par' dir='ltr' id='par_1_41' title="bbox 213 2380 1790 2454">
     <span class='ocr_line' id='line_1_41' title="bbox 213 2380 1790 2454; baseline -0.005 -12"><span class='ocrx_word' id='word_1_343' title='bbox 213 2390 310 2442; x_wconf 70' lang='grc' dir='ltr'><strong><em>καὶ</em></strong></span> <span class='ocrx_word' id='word_1_344' title='bbox 358 2389 439 2450; x_wconf 84' lang='grc' dir='ltr'><em>τὸ,</em></span> <span class='ocrx_word' id='word_1_345' title='bbox 491 2388 728 2454; x_wconf 74' lang='grc' dir='ltr'><em>Ἕϐρεξε</em></span> <span class='ocrx_word' id='word_1_346' title='bbox 770 2388 982 2453; x_wconf 83' lang='grc' dir='ltr'><strong><em>Κύριος</em></strong></span> <span class='ocrx_word' id='word_1_347' title='bbox 1029 2384 1188 2452; x_wconf 78' lang='grc' dir='ltr'>παρὰ</span> <span class='ocrx_word' id='word_1_348' title='bbox 1244 2384 1495 2449; x_wconf 83' lang='grc' dir='ltr'><strong><em>Κυρίου’</em></strong></span> <span class='ocrx_word' id='word_1_349' title='bbox 1561 2383 1658 2435; x_wconf 68' lang='grc' dir='ltr'><strong><em>καὶ</em></strong></span> <span class='ocrx_word' id='word_1_350' title='bbox 1709 2380 1790 2446; x_wconf 91' lang='lat'><strong><em>16,</em></strong></span> 
     </span>
    </p>
   </div>
   <div class='ocr_carea' id='block_1_42' title="bbox 227 2473 1794 2545">
    <p class='ocr_par' dir='ltr' id='par_1_42' title="bbox 227 2473 1794 2545">
     <span class='ocr_line' id='line_1_42' title="bbox 227 2473 1794 2545; baseline -0.006 -11"><span class='ocrx_word' id='word_1_351' title='bbox 227 2481 550 2545; x_wconf 76' lang='grc' dir='ltr'><strong><em>Ἐποίησεν</em></strong></span> <span class='ocrx_word' id='word_1_352' title='bbox 597 2482 629 2532; x_wconf 83' lang='grc' dir='ltr'><strong><em>ό</em></strong></span> <span class='ocrx_word' id='word_1_353' title='bbox 676 2477 820 2542; x_wconf 87' lang='grc' dir='ltr'><em>Θεὸς</em></span> <span class='ocrx_word' id='word_1_354' title='bbox 869 2477 996 2529; x_wconf 85' lang='grc' dir='ltr'><em>κατ’</em></span> <span class='ocrx_word' id='word_1_355' title='bbox 1048 2476 1254 2528; x_wconf 77' lang='grc' dir='ltr'><strong><em>εὶιιόνα</em></strong></span> <span class='ocrx_word' id='word_1_356' title='bbox 1304 2473 1484 2526; x_wconf 87' lang='grc' dir='ltr'><em>Θεοῦ·</em></span> <span class='ocrx_word' id='word_1_357' title='bbox 1532 2475 1645 2537; x_wconf 80' lang='grc' dir='ltr'><em>καὶ,</em></span> <span class='ocrx_word' id='word_1_358' title='bbox 1699 2475 1794 2537; x_wconf 85' lang='grc' dir='ltr'><strong><em>Τίς</em></strong></span> 
     </span>
    </p>
   </div>
   <div class='ocr_carea' id='block_1_43' title="bbox 217 2564 1794 2636">
    <p class='ocr_par' dir='ltr' id='par_1_43' title="bbox 217 2564 1794 2636">
     <span class='ocr_line' id='line_1_43' title="bbox 217 2564 1794 2636; baseline -0.003 -12"><span class='ocrx_word' id='word_1_359' title='bbox 217 2569 362 2634; x_wconf 83' lang='grc' dir='ltr'><em>Θεὸς</em></span> <span class='ocrx_word' id='word_1_360' title='bbox 405 2567 593 2636; x_wconf 72' lang='grc' dir='ltr'>παρὲξ</span> <span class='ocrx_word' id='word_1_361' title='bbox 626 2568 731 2620; x_wconf 81' lang='grc' dir='ltr'><strong><em>τοῦ</em></strong></span> <span class='ocrx_word' id='word_1_362' title='bbox 759 2566 978 2633; x_wconf 80' lang='grc' dir='ltr'><strong><em>Κυρίου</em></strong></span> <span class='ocrx_word' id='word_1_363' title='bbox 997 2582 1015 2629; x_wconf 88' lang='grc'><strong><em>;</em></strong></span> <span class='ocrx_word' id='word_1_364' title='bbox 1045 2567 1156 2630; x_wconf 73' lang='grc' dir='ltr'><em>καὶ,</em></span> <span class='ocrx_word' id='word_1_365' title='bbox 1198 2565 1291 2630; x_wconf 83' lang='grc' dir='ltr'><strong><em>Τίς</em></strong></span> <span class='ocrx_word' id='word_1_366' title='bbox 1326 2565 1470 2631; x_wconf 84' lang='grc' dir='ltr'><em>Θεὸς</em></span> <span class='ocrx_word' id='word_1_367' title='bbox 1491 2564 1656 2633; x_wconf 75' lang='grc' dir='ltr'><strong><em>πλὴν</em></strong></span> <span class='ocrx_word' id='word_1_368' title='bbox 1689 2565 1794 2619; x_wconf 84' lang='grc' dir='ltr'><strong><em>τοῦ</em></strong></span> 
     </span>
    </p>
   </div>
   <div class='ocr_carea' id='block_1_44' title="bbox 219 2656 1792 2728">
    <p class='ocr_par' dir='ltr' id='par_1_44' title="bbox 219 2656 1792 2728">
     <span class='ocr_line' id='line_1_44' title="bbox 219 2656 1792 2728; baseline -0.003 -14"><span class='ocrx_word' id='word_1_369' title='bbox 219 2659 369 2714; x_wconf 84' lang='grc' dir='ltr'><em>Θεοῦ</em></span> <span class='ocrx_word' id='word_1_370' title='bbox 399 2658 598 2728; x_wconf 62' lang='lat' dir='ltr'><strong><em>mulir;</em></strong></span> <span class='ocrx_word' id='word_1_371' title='bbox 630 2659 724 2712; x_wconf 71' lang='grc' dir='ltr'><strong><em>καὶ</em></strong></span> <span class='ocrx_word' id='word_1_372' title='bbox 748 2659 776 2711; x_wconf 90' lang='lat'><strong><em>6</em></strong></span> <span class='ocrx_word' id='word_1_373' title='bbox 819 2657 1070 2728; x_wconf 85' lang='grc' dir='ltr'><strong><em>Ἰωάννης</em></strong></span> <span class='ocrx_word' id='word_1_374' title='bbox 1091 2659 1192 2715; x_wconf 81' lang='grc' dir='ltr'><strong><em>ὅτι.</em></strong></span> <span class='ocrx_word' id='word_1_375' title='bbox 1226 2656 1369 2721; x_wconf 79' lang='grc' dir='ltr'><em>Θεὸς</em></span> <span class='ocrx_word' id='word_1_376' title='bbox 1415 2657 1495 2725; x_wconf 77' lang='grc' dir='ltr'><strong><em>ἦν</em></strong></span> <span class='ocrx_word' id='word_1_377' title='bbox 1530 2660 1562 2711; x_wconf 85' lang='grc' dir='ltr'><em>ὁ</em></span> <span class='ocrx_word' id='word_1_378' title='bbox 1584 2658 1792 2726; x_wconf 71' lang='grc' dir='ltr'><em>Λόγος,</em></span> 
     </span>
    </p>
   </div>
   <div class='ocr_carea' id='block_1_45' title="bbox 219 2746 1796 2820">
    <p class='ocr_par' dir='ltr' id='par_1_45' title="bbox 219 2746 1796 2820">
     <span class='ocr_line' id='line_1_45' title="bbox 219 2746 1796 2820; baseline -0.001 -17"><span class='ocrx_word' id='word_1_379' title='bbox 219 2750 317 2805; x_wconf 70' lang='grc' dir='ltr'><strong><em>καὶ</em></strong></span> <span class='ocrx_word' id='word_1_380' title='bbox 352 2753 384 2803; x_wconf 84' lang='grc' dir='ltr'><em>ό</em></span> <span class='ocrx_word' id='word_1_381' title='bbox 413 2750 601 2818; x_wconf 74' lang='grc' dir='ltr'><em>Λόγος</em></span> <span class='ocrx_word' id='word_1_382' title='bbox 628 2746 708 2819; x_wconf 79' lang='grc' dir='ltr'><strong><em>ἦν</em></strong></span> <span class='ocrx_word' id='word_1_383' title='bbox 731 2749 880 2816; x_wconf 80' lang='grc' dir='ltr'><em>πρὸς</em></span> <span class='ocrx_word' id='word_1_384' title='bbox 922 2748 1029 2802; x_wconf 77' lang='grc' dir='ltr'><em>τὸν</em></span> <span class='ocrx_word' id='word_1_385' title='bbox 1077 2750 1249 2802; x_wconf 71' lang='grc' dir='ltr'><em>Θεόιυ</em></span> <span class='ocrx_word' id='word_1_386' title='bbox 1283 2750 1376 2801; x_wconf 77' lang='grc' dir='ltr'><strong><em>καὶ</em></strong></span> <span class='ocrx_word' id='word_1_387' title='bbox 1416 2751 1444 2802; x_wconf 92' lang='lat'><strong><em>6</em></strong></span> <span class='ocrx_word' id='word_1_388' title='bbox 1481 2747 1681 2820; x_wconf 80' lang='grc' dir='ltr'><em>Θωμᾶς</em></span> <span class='ocrx_word' id='word_1_389' title='bbox 1705 2748 1796 2802; x_wconf 75' lang='grc' dir='ltr'><strong><em>ἐπὶ</em></strong></span> 
     </span>
    </p>
   </div>
   <div class='ocr_carea' id='block_1_46' title="bbox 219 2840 1798 2912">
    <p class='ocr_par' dir='ltr' id='par_1_46' title="bbox 219 2840 1798 2912">
     <span class='ocr_line' id='line_1_46' title="bbox 219 2840 1798 2912; baseline 0 -18"><span class='ocrx_word' id='word_1_390' title='bbox 219 2842 313 2894; x_wconf 76' lang='grc' dir='ltr'><em>τοῦ</em></span> <span class='ocrx_word' id='word_1_391' title='bbox 351 2841 478 2895; x_wconf 87' lang='grc' dir='ltr'>Υἱοῦ</span> <span class='ocrx_word' id='word_1_392' title='bbox 508 2858 522 2871; x_wconf 76' lang='grc' dir='ltr'><em>ο</em></span> <span class='ocrx_word' id='word_1_393' title='bbox 569 2841 633 2894; x_wconf 89' lang='lat'><strong><em>&#39;0</em></strong></span> <span class='ocrx_word' id='word_1_394' title='bbox 671 2842 883 2908; x_wconf 81' lang='grc' dir='ltr'><strong><em>Κύριός</em></strong></span> <span class='ocrx_word' id='word_1_395' title='bbox 908 2858 1056 2910; x_wconf 84' lang='grc' dir='ltr'><em>μου,</em></span> <span class='ocrx_word' id='word_1_396' title='bbox 1092 2840 1189 2893; x_wconf 80' lang='grc' dir='ltr'><em>καὶ</em></span> <span class='ocrx_word' id='word_1_397' title='bbox 1234 2843 1265 2894; x_wconf 83' lang='grc' dir='ltr'><em>ό</em></span> <span class='ocrx_word' id='word_1_398' title='bbox 1305 2841 1448 2905; x_wconf 86' lang='grc' dir='ltr'><em>Θεός</em></span> <span class='ocrx_word' id='word_1_399' title='bbox 1481 2859 1620 2909; x_wconf 80' lang='grc' dir='ltr'><strong><em>μου.</em></strong></span> <span class='ocrx_word' id='word_1_400' title='bbox 1654 2841 1798 2912; x_wconf 87' lang='grc' dir='ltr'>Πρὸς</span> 
     </span>
    </p>
   </div>
   <div class='ocr_carea' id='block_1_47' title="bbox 219 2927 1795 3001">
    <p class='ocr_par' dir='ltr' id='par_1_47' title="bbox 219 2927 1795 3001">
     <span class='ocr_line' id='line_1_47' title="bbox 219 2927 1795 3001; baseline 0 -17"><span class='ocrx_word' id='word_1_401' title='bbox 219 2931 287 2984; x_wconf 68' lang='grc' dir='ltr'><strong>τὰ</strong></span> <span class='ocrx_word' id='word_1_402' title='bbox 322 2932 595 3001; x_wconf 82' lang='grc' dir='ltr'><strong><em>κτίσματα</em></strong></span> <span class='ocrx_word' id='word_1_403' title='bbox 625 2927 717 2984; x_wconf 79' lang='grc' dir='ltr'><strong><em>οὖν</em></strong></span> <span class='ocrx_word' id='word_1_404' title='bbox 747 2931 840 2984; x_wconf 75' lang='grc' dir='ltr'><strong><em>καὶ</em></strong></span> <span class='ocrx_word' id='word_1_405' title='bbox 875 2933 1001 2993; x_wconf 80' lang='grc' dir='ltr'><strong><em>τοὺς</em></strong></span> <span class='ocrx_word' id='word_1_406' title='bbox 1031 2931 1239 3000; x_wconf 63' lang='grc' dir='ltr'>ψευδῶς</span> <span class='ocrx_word' id='word_1_407' title='bbox 1271 2929 1426 2994; x_wconf 75' lang='grc' dir='ltr'>θεοὺς</span> <span class='ocrx_word' id='word_1_408' title='bbox 1473 2931 1566 2984; x_wconf 85' lang='grc' dir='ltr'><strong><em>καί</em></strong></span> <span class='ocrx_word' id='word_1_409' title='bbox 1599 2931 1660 2984; x_wconf 82' lang='grc' dir='ltr'><strong><em>οὐ</em></strong></span> <span class='ocrx_word' id='word_1_410' title='bbox 1696 2949 1795 2984; x_wconf 86' lang='grc' dir='ltr'><strong><em>κυ-</em></strong></span> 
     </span>
    </p>
   </div>
   <div class='ocr_carea' id='block_1_48' title="bbox 225 3022 1798 3094">
    <p class='ocr_par' dir='ltr' id='par_1_48' title="bbox 225 3022 1798 3094">
     <span class='ocr_line' id='line_1_48' title="bbox 225 3022 1798 3094; baseline 0.003 -20"><span class='ocrx_word' id='word_1_411' title='bbox 225 3023 355 3093; x_wconf 79' lang='grc' dir='ltr'><strong><em>ρίως.-</em></strong></span> <span class='ocrx_word' id='word_1_412' title='bbox 382 3024 705 3094; x_wconf 78' lang='grc' dir='ltr'>εἰρημένους</span> <span class='ocrx_word' id='word_1_413' title='bbox 727 3027 864 3076; x_wconf 83' lang='grc' dir='ltr'>νοεῖν</span> <span class='ocrx_word' id='word_1_414' title='bbox 888 3024 986 3086; x_wconf 81' lang='grc' dir='ltr'><strong><em>τὰς</em></strong></span> <span class='ocrx_word' id='word_1_415' title='bbox 1013 3022 1415 3086; x_wconf 81' lang='grc' dir='ltr'><strong><em>ἀντιδιαστολὰς</em></strong></span> <span class='ocrx_word' id='word_1_416' title='bbox 1445 3024 1556 3088; x_wconf 79' lang='grc' dir='ltr'>δεῖ,</span> <span class='ocrx_word' id='word_1_417' title='bbox 1589 3025 1687 3078; x_wconf 76' lang='grc' dir='ltr'><strong><em>οὐκ</em></strong></span> <span class='ocrx_word' id='word_1_418' title='bbox 1717 3026 1798 3088; x_wconf 75' lang='grc' dir='ltr'>εἰς</span> 
     </span>
    </p>
   </div>
   <div class='ocr_carea' id='block_1_49' title="bbox 221 3115 984 3185">
    <p class='ocr_par' dir='ltr' id='par_1_49' title="bbox 221 3115 984 3185">
     <span class='ocr_line' id='line_1_49' title="bbox 221 3115 984 3185; baseline 0 -19"><span class='ocrx_word' id='word_1_419' title='bbox 221 3115 313 3168; x_wconf 79' lang='grc' dir='ltr'><strong><em>τὸν</em></strong></span> <span class='ocrx_word' id='word_1_420' title='bbox 339 3115 554 3185; x_wconf 81' lang='grc' dir='ltr'><strong><em>Πατέρα</em></strong></span> <span class='ocrx_word' id='word_1_421' title='bbox 587 3116 678 3168; x_wconf 79' lang='grc' dir='ltr'><strong><em>καὶ</em></strong></span> <span class='ocrx_word' id='word_1_422' title='bbox 706 3116 796 3168; x_wconf 90' lang='grc' dir='ltr'><strong><em>τὸν</em></strong></span> <span class='ocrx_word' id='word_1_423' title='bbox 837 3116 984 3168; x_wconf 82' lang='grc' dir='ltr'><strong><em>Υἱόν.</em></strong></span> 
     </span>
    </p>
   </div>
   <div class='ocr_carea' id='block_1_50' title="bbox 223 3291 1798 3417">
    <p class='ocr_par' dir='ltr' id='par_1_50' title="bbox 223 3291 1798 3417">
     <span class='ocr_line' id='line_1_50' title="bbox 223 3291 1798 3417; baseline 0.003 -72"><span class='ocrx_word' id='word_1_424' title='bbox 223 3292 328 3356; x_wconf 77' lang='grc' dir='ltr'><strong><em>Εἰς</em></strong></span> <span class='ocrx_word' id='word_1_425' title='bbox 357 3293 442 3353; x_wconf 88' lang='grc' dir='ltr'><strong><em>τὸ,</em></strong></span> <span class='ocrx_word' id='word_1_426' title='bbox 469 3311 487 3342; x_wconf 81' lang='lat' dir='ltr'><strong><em>t</em></strong></span> <span class='ocrx_word' id='word_1_427' title='bbox 522 3294 653 3346; x_wconf 75' lang='lat' dir='ltr'><strong><em>&quot;Ira</em></strong></span> <span class='ocrx_word' id='word_1_428' title='bbox 697 3291 1041 3417; x_wconf 48' lang='lat' dir='ltr'><strong><em>ﬁrmareewcdri</em></strong></span> <span class='ocrx_word' id='word_1_429' title='bbox 1063 3308 1135 3347; x_wconf 87' lang='grc' dir='ltr'><strong><em>σε</em></strong></span> <span class='ocrx_word' id='word_1_430' title='bbox 1161 3295 1268 3348; x_wconf 84' lang='grc' dir='ltr'><em>τὸν</em></span> <span class='ocrx_word' id='word_1_431' title='bbox 1288 3296 1482 3364; x_wconf 83' lang='grc' dir='ltr'><em>μόνον</em></span> <span class='ocrx_word' id='word_1_432' title='bbox 1505 3294 1798 3364; x_wconf 78' lang='grc' dir='ltr'><strong><em>ἀληθινὸν</em></strong></span> 
     </span>
     <span class='ocr_line' id='line_1_51' title="bbox 937 3380 1110 3416; baseline 0 0"><span class='ocrx_word' id='word_1_433' title='bbox 937 3380 966 3416; x_wconf 90' lang='grc' dir='ltr'><strong><em>ε</em></strong></span> <span class='ocrx_word' id='word_1_434' title='bbox 1045 3403 1057 3416; x_wconf 92' lang='grc'><strong><em>.</em></strong></span> <span class='ocrx_word' id='word_1_435' title='bbox 1093 3384 1110 3416; x_wconf 81' lang='grc' dir='ltr'><strong><em>ι</em></strong></span> 
     </span>
    </p>
   </div>
   <div class='ocr_carea' id='block_1_51' title="bbox 937 3380 1110 3416">
    <p class='ocr_par' dir='ltr' id='par_1_51' title="bbox 937 3380 1110 3416">
     <span class='ocr_line' id='line_1_52' title="bbox 937 3380 1110 3416; baseline 0 0"><span class='ocrx_word' id='word_1_436' title='bbox 937 3380 1057 3416; x_wconf 88' lang='grc' dir='ltr'><em>εον.</em></span> <span class='ocrx_word' id='word_1_437' title='bbox 1093 3384 1110 3416; x_wconf 77' lang='grc' dir='ltr'><strong><em>ι</em></strong></span> 
     </span>
    </p>
   </div>
   <div class='ocr_carea' id='block_1_52' title="bbox 307 3451 1800 3528">
    <p class='ocr_par' dir='ltr' id='par_1_52' title="bbox 307 3451 1800 3528">
     <span class='ocr_line' id='line_1_53' title="bbox 307 3451 1800 3528; baseline 0.005 -24"><span class='ocrx_word' id='word_1_438' title='bbox 307 3453 367 3504; x_wconf 89' lang='lat'><strong><em>&#39;0</em></strong></span> <span class='ocrx_word' id='word_1_439' title='bbox 393 3451 644 3524; x_wconf 79' lang='grc' dir='ltr'><strong><em>ἀληθινὸς</em></strong></span> <span class='ocrx_word' id='word_1_440' title='bbox 693 3455 830 3526; x_wconf 83' lang='grc' dir='ltr'>πρὸς</span> <span class='ocrx_word' id='word_1_441' title='bbox 887 3456 1014 3517; x_wconf 78' lang='grc' dir='ltr'><strong><em>τοὺς</em></strong></span> <span class='ocrx_word' id='word_1_442' title='bbox 1053 3455 1261 3524; x_wconf 75' lang='grc' dir='ltr'>ψευδῶς</span> <span class='ocrx_word' id='word_1_443' title='bbox 1299 3457 1800 3528; x_wconf 71' lang='grc' dir='ltr'><strong><em>ἀντιδιαστελλόμε·</em></strong></span> 
     </span>
    </p>
   </div>
   <div class='ocr_carea' id='block_1_53' title="bbox 229 3541 1797 3618">
    <p class='ocr_par' dir='ltr' id='par_1_53' title="bbox 229 3541 1797 3618">
     <span class='ocr_line' id='line_1_54' title="bbox 229 3541 1797 3618; baseline 0.005 -25"><span class='ocrx_word' id='word_1_444' title='bbox 229 3558 316 3604; x_wconf 88' lang='grc' dir='ltr'><strong><em>νος</em></strong></span> <span class='ocrx_word' id='word_1_445' title='bbox 365 3541 612 3612; x_wconf 83' lang='grc' dir='ltr'><strong><em>λέγεται·</em></strong></span> <span class='ocrx_word' id='word_1_446' title='bbox 672 3546 704 3596; x_wconf 91' lang='lat'><strong><em>6</em></strong></span> <span class='ocrx_word' id='word_1_447' title='bbox 753 3545 807 3597; x_wconf 86' lang='grc' dir='ltr'><strong><em>δὲ</em></strong></span> <span class='ocrx_word' id='word_1_448' title='bbox 852 3542 1184 3617; x_wconf 78' lang='grc' dir='ltr'><strong><em>ἀσύγκριτος</em></strong></span> <span class='ocrx_word' id='word_1_449' title='bbox 1231 3547 1366 3618; x_wconf 85' lang='grc' dir='ltr'>πρὸς</span> <span class='ocrx_word' id='word_1_450' title='bbox 1431 3549 1608 3602; x_wconf 83' lang='grc' dir='ltr'>πάντα</span> <span class='ocrx_word' id='word_1_451' title='bbox 1654 3547 1797 3601; x_wconf 80' lang='grc' dir='ltr'><strong><em>κατὰ</em></strong></span> 
     </span>
    </p>
   </div>
   <div class='ocr_carea' id='block_1_54' title="bbox 229 3632 1796 3708">
    <p class='ocr_par' dir='ltr' id='par_1_54' title="bbox 229 3632 1796 3708">
     <span class='ocr_line' id='line_1_55' title="bbox 229 3632 1796 3708; baseline 0.003 -22"><span class='ocrx_word' id='word_1_452' title='bbox 229 3632 406 3688; x_wconf 81' lang='grc' dir='ltr'>πάντα</span> <span class='ocrx_word' id='word_1_453' title='bbox 448 3635 747 3704; x_wconf 83' lang='grc' dir='ltr'><strong><em>ὑπερέχων.</em></strong></span> <span class='ocrx_word' id='word_1_454' title='bbox 801 3634 983 3688; x_wconf 77' lang='grc' dir='ltr'>Εἰπὼν</span> <span class='ocrx_word' id='word_1_455' title='bbox 1019 3632 1111 3688; x_wconf 81' lang='grc' dir='ltr'><strong><em>οὖν</em></strong></span> <span class='ocrx_word' id='word_1_456' title='bbox 1145 3639 1174 3690; x_wconf 92' lang='lat'><strong><em>6</em></strong></span> <span class='ocrx_word' id='word_1_457' title='bbox 1213 3635 1478 3708; x_wconf 83' lang='grc' dir='ltr'><strong><em>Ἱερεμίας</em></strong></span> <span class='ocrx_word' id='word_1_458' title='bbox 1526 3639 1655 3708; x_wconf 77' lang='grc' dir='ltr'>περὶ</span> <span class='ocrx_word' id='word_1_459' title='bbox 1700 3637 1796 3691; x_wconf 78' lang='grc' dir='ltr'><em>τοῦ</em></span> 
     </span>
    </p>
   </div>
   <div class='ocr_carea' id='block_1_55' title="bbox 230 3721 1801 3799">
    <p class='ocr_par' dir='ltr' id='par_1_55' title="bbox 230 3721 1801 3799">
     <span class='ocr_line' id='line_1_56' title="bbox 230 3721 1801 3799; baseline 0.003 -21"><span class='ocrx_word' id='word_1_460' title='bbox 230 3725 382 3789; x_wconf 75' lang='grc' dir='ltr'><strong><em>Υἱοῦ,</em></strong></span> <span class='ocrx_word' id='word_1_461' title='bbox 425 3721 612 3791; x_wconf 87' lang='grc' dir='ltr'><em>Οὗτος</em></span> <span class='ocrx_word' id='word_1_462' title='bbox 643 3729 676 3779; x_wconf 86' lang='grc' dir='ltr'><em>ό</em></span> <span class='ocrx_word' id='word_1_463' title='bbox 705 3727 850 3791; x_wconf 86' lang='grc' dir='ltr'><em>Θεὸς</em></span> <span class='ocrx_word' id='word_1_464' title='bbox 876 3726 1046 3796; x_wconf 72' lang='grc' dir='ltr'><strong><em>ἡμῶν</em></strong></span> <span class='ocrx_word' id='word_1_465' title='bbox 1075 3727 1208 3799; x_wconf 86' lang='grc'>(58).</span> <span class='ocrx_word' id='word_1_466' title='bbox 1251 3731 1322 3783; x_wconf 81' lang='grc' dir='ltr'><em>οὐ</em></span> <span class='ocrx_word' id='word_1_467' title='bbox 1371 3729 1801 3798; x_wconf 76' lang='grc' dir='ltr'><em>λογισθήσεται</em></span> 
     </span>
    </p>
   </div>
   <div class='ocr_carea' id='block_1_56' title="bbox 206 3816 1804 3892">
    <p class='ocr_par' dir='ltr' id='par_1_56' title="bbox 206 3816 1804 3892">
     <span class='ocr_line' id='line_1_57' title="bbox 206 3816 1804 3892; baseline 0.004 -26"><span class='ocrx_word' id='word_1_468' title='bbox 206 3816 428 3884; x_wconf 79' lang='grc' dir='ltr'><strong><em>,ἕτερος</em></strong></span> <span class='ocrx_word' id='word_1_469' title='bbox 473 3817 624 3884; x_wconf 85' lang='grc' dir='ltr'>πρὸς</span> <span class='ocrx_word' id='word_1_470' title='bbox 652 3817 874 3881; x_wconf 81' lang='grc' dir='ltr'><em>αὐτὸν,</em></span> <span class='ocrx_word' id='word_1_471' title='bbox 922 3818 1139 3889; x_wconf 72' lang='grc' dir='ltr'><strong><em>μείζονα</em></strong></span> <span class='ocrx_word' id='word_1_472' title='bbox 1171 3821 1265 3873; x_wconf 79' lang='grc' dir='ltr'><strong><em>καὶ</em></strong></span> <span class='ocrx_word' id='word_1_473' title='bbox 1319 3820 1410 3873; x_wconf 78' lang='grc' dir='ltr'><em>τοῦ</em></span> <span class='ocrx_word' id='word_1_474' title='bbox 1466 3821 1679 3892; x_wconf 83' lang='grc' dir='ltr'><em>Πατρὸς</em></span> <span class='ocrx_word' id='word_1_475' title='bbox 1727 3816 1804 3873; x_wconf 78' lang='grc' dir='ltr'><strong><em>εῖ-</em></strong></span> 
     </span>
    </p>
   </div>
   <div class='ocr_carea' id='block_1_57' title="bbox 231 3908 1800 3981">
    <p class='ocr_par' dir='ltr' id='par_1_57' title="bbox 231 3908 1800 3981">
     <span class='ocr_line' id='line_1_58' title="bbox 231 3908 1800 3981; baseline 0.004 -22"><span class='ocrx_word' id='word_1_476' title='bbox 231 3924 329 3960; x_wconf 84' lang='grc' dir='ltr'><strong><em>πεν</em></strong></span> <span class='ocrx_word' id='word_1_477' title='bbox 377 3908 525 3978; x_wconf 84' lang='grc'>(59);</span> <span class='ocrx_word' id='word_1_478' title='bbox 562 3908 680 3961; x_wconf 87' lang='grc' dir='ltr'><strong><em>Ὅτι</em></strong></span> <span class='ocrx_word' id='word_1_479' title='bbox 721 3908 777 3961; x_wconf 80' lang='grc' dir='ltr'><strong><em>δὲ</em></strong></span> <span class='ocrx_word' id='word_1_480' title='bbox 821 3909 1072 3979; x_wconf 82' lang='grc' dir='ltr'>ἀληθινὸς</span> <span class='ocrx_word' id='word_1_481' title='bbox 1103 3910 1234 3973; x_wconf 80' lang='grc' dir='ltr'><em>Θεὸς</em></span> <span class='ocrx_word' id='word_1_482' title='bbox 1285 3910 1380 3964; x_wconf 75' lang='grc' dir='ltr'><strong><em>καὶ</em></strong></span> <span class='ocrx_word' id='word_1_483' title='bbox 1432 3912 1462 3964; x_wconf 90' lang='lat'><strong><em>6</em></strong></span> <span class='ocrx_word' id='word_1_484' title='bbox 1499 3911 1626 3974; x_wconf 79' lang='grc' dir='ltr'><strong><em>Υἱὸς</em></strong></span> <span class='ocrx_word' id='word_1_485' title='bbox 1666 3912 1800 3981; x_wconf 90' lang='grc'>(60),</span> 
     </span>
    </p>
   </div>
   <div class='ocr_carea' id='block_1_58' title="bbox 229 4000 1802 4074">
    <p class='ocr_par' dir='ltr' id='par_1_58' title="bbox 229 4000 1802 4074">
     <span class='ocr_line' id='line_1_59' title="bbox 229 4000 1802 4074; baseline 0 -18"><span class='ocrx_word' id='word_1_486' title='bbox 229 4003 388 4066; x_wconf 79' lang='grc' dir='ltr'><em>αὐτὸς</em></span> <span class='ocrx_word' id='word_1_487' title='bbox 425 4003 452 4055; x_wconf 93' lang='lat'><strong><em>6</em></strong></span> <span class='ocrx_word' id='word_1_488' title='bbox 486 4000 738 4072; x_wconf 76' lang='grc' dir='ltr'><strong><em>Ἰωάννης</em></strong></span> <span class='ocrx_word' id='word_1_489' title='bbox 767 4003 824 4053; x_wconf 82' lang='grc' dir='ltr'>ἐν</span> <span class='ocrx_word' id='word_1_490' title='bbox 854 4005 919 4072; x_wconf 82' lang='grc' dir='ltr'><strong><em>τῇ</em></strong></span> <span class='ocrx_word' id='word_1_491' title='bbox 962 4003 1248 4074; x_wconf 80' lang='grc' dir='ltr'><strong><em>Ἐπιστολῇ</em></strong></span> <span class='ocrx_word' id='word_1_492' title='bbox 1291 4020 1452 4072; x_wconf 78' lang='grc' dir='ltr'>φησιν</span> <span class='ocrx_word' id='word_1_493' title='bbox 1479 4019 1492 4032; x_wconf 85' lang='lat'>&#39;</span> <span class='ocrx_word' id='word_1_494' title='bbox 1545 4005 1678 4058; x_wconf 84' lang='grc' dir='ltr'><strong><em>Ἵνα</em></strong></span> <span class='ocrx_word' id='word_1_495' title='bbox 1716 4022 1802 4073; x_wconf 75' lang='grc' dir='ltr'><strong><em>γι-</em></strong></span> 
     </span>
    </p>
   </div>
   <div class='ocr_carea' id='block_1_59' title="bbox 1893 1915 3462 1989">
    <p class='ocr_par' dir='ltr' id='par_1_59' title="bbox 1893 1915 3462 1989">
     <span class='ocr_line' id='line_1_60' title="bbox 1893 1915 3462 1989; baseline -0.001 -17"><span class='ocrx_word' id='word_1_496' title='bbox 1893 1921 2093 1989; x_wconf 83' lang='lat' dir='ltr'><strong><em>picntia</em></strong></span> <span class='ocrx_word' id='word_1_497' title='bbox 2115 1933 2171 1975; x_wconf 91' lang='lat' dir='ltr'><strong><em>et</em></strong></span> <span class='ocrx_word' id='word_1_498' title='bbox 2191 1920 2568 1982; x_wconf 74' lang='lat' dir='ltr'><strong><em>suncliiiCatio,</em></strong></span> <span class='ocrx_word' id='word_1_499' title='bbox 2600 1919 2810 1973; x_wconf 83' lang='lat' dir='ltr'><strong><em>factura</em></strong></span> <span class='ocrx_word' id='word_1_500' title='bbox 2831 1928 2932 1972; x_wconf 90' lang='lat' dir='ltr'><strong><em>est.</em></strong></span> <span class='ocrx_word' id='word_1_501' title='bbox 2955 1915 3067 1971; x_wconf 89' lang='lat' dir='ltr'><strong><em>Hoc</em></strong></span> <span class='ocrx_word' id='word_1_502' title='bbox 3084 1917 3127 1971; x_wconf 97' lang='lat' dir='ltr'><strong><em>si</em></strong></span> <span class='ocrx_word' id='word_1_503' title='bbox 3148 1931 3330 1971; x_wconf 90' lang='lat' dir='ltr'><strong><em>verum</em></strong></span> <span class='ocrx_word' id='word_1_504' title='bbox 3355 1924 3462 1978; x_wconf 80' lang='lat' dir='ltr'><strong><em>est,</em></strong></span> 
     </span>
    </p>
   </div>
   <div class='ocr_carea' id='block_1_60' title="bbox 1895 2007 3465 2079">
    <p class='ocr_par' dir='ltr' id='par_1_60' title="bbox 1895 2007 3465 2079">
     <span class='ocr_line' id='line_1_61' title="bbox 1895 2007 3465 2079; baseline -0.001 -14"><span class='ocrx_word' id='word_1_505' title='bbox 1895 2011 2048 2065; x_wconf 90' lang='lat' dir='ltr'><strong><em>Unus</em></strong></span> <span class='ocrx_word' id='word_1_506' title='bbox 2077 2011 2215 2065; x_wconf 86' lang='lat' dir='ltr'><strong><em>Deus</em></strong></span> <span class='ocrx_word' id='word_1_507' title='bbox 2243 2010 2402 2063; x_wconf 74' lang='lat' dir='ltr'><strong><em>Pater</em></strong></span> <span class='ocrx_word' id='word_1_508' title='bbox 2428 2029 2442 2063; x_wconf 89' lang='lat'><strong>:</strong></span> <span class='ocrx_word' id='word_1_509' title='bbox 2471 2012 2711 2079; x_wconf 82' lang='lat' dir='ltr'><strong><em>profecto</em></strong></span> <span class='ocrx_word' id='word_1_510' title='bbox 2743 2025 2927 2064; x_wconf 92' lang='lat' dir='ltr'><strong><em>verum</em></strong></span> <span class='ocrx_word' id='word_1_511' title='bbox 2963 2018 3047 2064; x_wconf 90' lang='lat' dir='ltr'><strong><em>est</em></strong></span> <span class='ocrx_word' id='word_1_512' title='bbox 3080 2017 3134 2063; x_wconf 87' lang='lat' dir='ltr'><strong><em>et</em></strong></span> <span class='ocrx_word' id='word_1_513' title='bbox 3163 2009 3284 2074; x_wconf 87' lang='lat' dir='ltr'><strong><em>hoc,</em></strong></span> <span class='ocrx_word' id='word_1_514' title='bbox 3311 2007 3465 2064; x_wconf 79' lang='lat' dir='ltr'><strong><em>Unus</em></strong></span> 
     </span>
    </p>
   </div>
   <div class='ocr_carea' id='block_1_61' title="bbox 1893 2100 3463 2171">
    <p class='ocr_par' dir='ltr' id='par_1_61' title="bbox 1893 2100 3463 2171">
     <span class='ocr_line' id='line_1_62' title="bbox 1893 2100 3463 2171; baseline -0.001 -15"><span class='ocrx_word' id='word_1_515' title='bbox 1893 2103 2157 2157; x_wconf 86' lang='lat' dir='ltr'><strong><em>Dominus</em></strong></span> <span class='ocrx_word' id='word_1_516' title='bbox 2180 2101 2336 2156; x_wconf 87' lang='lat' dir='ltr'><strong><em>Jesus</em></strong></span> <span class='ocrx_word' id='word_1_517' title='bbox 2358 2101 2608 2157; x_wconf 85' lang='lat' dir='ltr'><strong><em>Christus</em></strong></span> <span class='ocrx_word' id='word_1_518' title='bbox 2649 2103 2916 2157; x_wconf 81' lang='lat' dir='ltr'><strong><em>Salvator.</em></strong></span> <span class='ocrx_word' id='word_1_519' title='bbox 2942 2103 3124 2171; x_wconf 87' lang='lat' dir='ltr'><strong><em>Neque</em></strong></span> <span class='ocrx_word' id='word_1_520' title='bbox 3153 2102 3315 2166; x_wconf 71' lang='lat' dir='ltr'><strong><em>igitur</em></strong></span> <span class='ocrx_word' id='word_1_521' title='bbox 3340 2100 3463 2155; x_wconf 83' lang='lat' dir='ltr'><strong><em>Sal-</em></strong></span> 
     </span>
    </p>
   </div>
   <div class='ocr_carea' id='block_1_62' title="bbox 1893 2194 3466 2264">
    <p class='ocr_par' dir='ltr' id='par_1_62' title="bbox 1893 2194 3466 2264">
     <span class='ocr_line' id='line_1_63' title="bbox 1893 2194 3466 2264; baseline 0.002 -19"><span class='ocrx_word' id='word_1_522' title='bbox 1893 2204 2048 2248; x_wconf 84' lang='lat' dir='ltr'><strong><em>valor</em></strong></span> <span class='ocrx_word' id='word_1_523' title='bbox 2067 2195 2360 2248; x_wconf 77' lang='lat' dir='ltr'><strong><em>secundum</em></strong></span> <span class='ocrx_word' id='word_1_524' title='bbox 2389 2196 2532 2264; x_wconf 83' lang='lat' dir='ltr'><strong><em>ipsos</em></strong></span> <span class='ocrx_word' id='word_1_525' title='bbox 2557 2196 2697 2249; x_wconf 81' lang='lat' dir='ltr'><strong><em>Deus</em></strong></span> <span class='ocrx_word' id='word_1_526' title='bbox 2711 2205 2812 2260; x_wconf 83' lang='lat' dir='ltr'><strong><em>est,</em></strong></span> <span class='ocrx_word' id='word_1_527' title='bbox 2834 2209 3007 2263; x_wconf 90' lang='lat' dir='ltr'><strong><em>neque</em></strong></span> <span class='ocrx_word' id='word_1_528' title='bbox 3030 2195 3187 2248; x_wconf 82' lang='lat' dir='ltr'><strong><em>Pater</em></strong></span> <span class='ocrx_word' id='word_1_529' title='bbox 3207 2194 3466 2248; x_wconf 79' lang='lat' dir='ltr'><strong><em>Dominus</em></strong></span> 
     </span>
    </p>
   </div>
   <div class='ocr_carea' id='block_1_63' title="bbox 1893 2283 3462 2352">
    <p class='ocr_par' dir='ltr' id='par_1_63' title="bbox 1893 2283 3462 2352">
     <span class='ocr_line' id='line_1_64' title="bbox 1893 2283 3462 2352; baseline 0.001 -12"><span class='ocrx_word' id='word_1_530' title='bbox 1893 2297 1997 2340; x_wconf 90' lang='lat' dir='ltr'><strong><em>est.</em></strong></span> <span class='ocrx_word' id='word_1_531' title='bbox 2032 2285 2090 2340; x_wconf 86' lang='lat' dir='ltr'><strong><em>Et</em></strong></span> <span class='ocrx_word' id='word_1_532' title='bbox 2125 2285 2326 2340; x_wconf 83' lang='lat' dir='ltr'><strong><em>irustra</em></strong></span> <span class='ocrx_word' id='word_1_533' title='bbox 2359 2288 2507 2352; x_wconf 90' lang='lat' dir='ltr'><strong><em>illud,</em></strong></span> <span class='ocrx_word' id='word_1_534' title='bbox 2537 2287 2680 2340; x_wconf 72' lang='lat' dir='ltr'><strong><em>Dixit</em></strong></span> <span class='ocrx_word' id='word_1_535' title='bbox 2707 2287 2962 2341; x_wconf 80' lang='lat' dir='ltr'><strong><em>Dominus</em></strong></span> <span class='ocrx_word' id='word_1_536' title='bbox 2996 2287 3219 2340; x_wconf 89' lang='lat' dir='ltr'><strong><em>Domino</em></strong></span> <span class='ocrx_word' id='word_1_537' title='bbox 3253 2303 3366 2340; x_wconf 88' lang='lat' dir='ltr'><strong><em>meo</em></strong></span> <span class='ocrx_word' id='word_1_538' title='bbox 3394 2283 3462 2341; x_wconf 75' lang='lat'><strong><em>“.</em></strong></span> 
     </span>
    </p>
   </div>
   <div class='ocr_carea' id='block_1_64' title="bbox 1895 2378 3464 2449">
    <p class='ocr_par' dir='ltr' id='par_1_64' title="bbox 1895 2378 3464 2449">
     <span class='ocr_line' id='line_1_65' title="bbox 1895 2378 3464 2449; baseline 0 -17"><span class='ocrx_word' id='word_1_539' title='bbox 1895 2378 2110 2432; x_wconf 78' lang='lat' dir='ltr'><strong><em>Falsum</em></strong></span> <span class='ocrx_word' id='word_1_540' title='bbox 2142 2389 2318 2432; x_wconf 88' lang='lat' dir='ltr'><strong><em>autem</em></strong></span> <span class='ocrx_word' id='word_1_541' title='bbox 2353 2390 2405 2432; x_wconf 91' lang='lat' dir='ltr'><strong><em>et</em></strong></span> <span class='ocrx_word' id='word_1_542' title='bbox 2445 2381 2572 2432; x_wconf 94' lang='lat' dir='ltr'><strong><em>illud</em></strong></span> <span class='ocrx_word' id='word_1_543' title='bbox 2615 2397 2627 2434; x_wconf 89' lang='lat'><strong>:</strong></span> <span class='ocrx_word' id='word_1_544' title='bbox 2668 2379 2955 2449; x_wconf 83' lang='lat' dir='ltr'><strong><em>Propterea</em></strong></span> <span class='ocrx_word' id='word_1_545' title='bbox 2999 2381 3148 2432; x_wconf 75' lang='lat' dir='ltr'><strong><em>unxit</em></strong></span> <span class='ocrx_word' id='word_1_546' title='bbox 3193 2391 3240 2433; x_wconf 92' lang='lat' dir='ltr'><strong><em>te</em></strong></span> <span class='ocrx_word' id='word_1_547' title='bbox 3282 2379 3464 2442; x_wconf 87' lang='lat' dir='ltr'><strong><em>Deus,</em></strong></span> 
     </span>
    </p>
   </div>
   <div class='ocr_carea' id='block_1_65' title="bbox 1898 2469 3468 2540">
    <p class='ocr_par' dir='ltr' id='par_1_65' title="bbox 1898 2469 3468 2540">
     <span class='ocr_line' id='line_1_66' title="bbox 1898 2469 3468 2540; baseline 0.003 -18"><span class='ocrx_word' id='word_1_548' title='bbox 1898 2469 2035 2524; x_wconf 88' lang='lat' dir='ltr'><strong><em>Deus</em></strong></span> <span class='ocrx_word' id='word_1_549' title='bbox 2067 2481 2187 2526; x_wconf 86' lang='lat' dir='ltr'><strong><em>tuus</em></strong></span> <span class='ocrx_word' id='word_1_550' title='bbox 2227 2473 2308 2540; x_wconf 81' lang='grc'><strong><em>⁴⁵¹;</em></strong></span> <span class='ocrx_word' id='word_1_551' title='bbox 2342 2473 2472 2527; x_wconf 87' lang='lat' dir='ltr'><strong><em>illttd</em></strong></span> <span class='ocrx_word' id='word_1_552' title='bbox 2533 2474 2717 2528; x_wconf 85' lang='lat' dir='ltr'><strong><em>itidem</em></strong></span> <span class='ocrx_word' id='word_1_553' title='bbox 2759 2493 2773 2528; x_wconf 89' lang='lat'><strong>:</strong></span> <span class='ocrx_word' id='word_1_554' title='bbox 2807 2472 2953 2527; x_wconf 85' lang='lat' dir='ltr'><strong><em>Pluit</em></strong></span> <span class='ocrx_word' id='word_1_555' title='bbox 2990 2474 3240 2526; x_wconf 81' lang='lat' dir='ltr'><strong><em>Dominus</em></strong></span> <span class='ocrx_word' id='word_1_556' title='bbox 3273 2491 3304 2526; x_wconf 89' lang='lat' dir='ltr'><strong><em>a</em></strong></span> <span class='ocrx_word' id='word_1_557' title='bbox 3361 2473 3468 2526; x_wconf 78' lang='grc'><strong><em>00-</em></strong></span> 
     </span>
    </p>
   </div>
   <div class='ocr_carea' id='block_1_66' title="bbox 1895 2561 3469 2628">
    <p class='ocr_par' dir='ltr' id='par_1_66' title="bbox 1895 2561 3469 2628">
     <span class='ocr_line' id='line_1_67' title="bbox 1895 2561 3469 2628; baseline 0.002 -15"><span class='ocrx_word' id='word_1_558' title='bbox 1895 2561 2038 2615; x_wconf 85' lang='lat' dir='ltr'><strong><em>mino</em></strong></span> <span class='ocrx_word' id='word_1_559' title='bbox 2076 2562 2156 2628; x_wconf 67' lang='grc' dir='ltr'><strong><em>ης</em></strong></span> <span class='ocrx_word' id='word_1_560' title='bbox 2215 2573 2268 2616; x_wconf 87' lang='lat' dir='ltr'><strong><em>et</em></strong></span> <span class='ocrx_word' id='word_1_561' title='bbox 2321 2565 2450 2617; x_wconf 89' lang='lat' dir='ltr'><strong><em>illud</em></strong></span> <span class='ocrx_word' id='word_1_562' title='bbox 2503 2583 2517 2618; x_wconf 92' lang='lat'><strong>:</strong></span> <span class='ocrx_word' id='word_1_563' title='bbox 2580 2563 2732 2619; x_wconf 83' lang='lat' dir='ltr'><strong><em>Fecit</em></strong></span> <span class='ocrx_word' id='word_1_564' title='bbox 2795 2565 2934 2620; x_wconf 84' lang='lat' dir='ltr'><strong><em>Deus</em></strong></span> <span class='ocrx_word' id='word_1_565' title='bbox 2998 2566 3285 2618; x_wconf 86' lang='lat' dir='ltr'><strong><em>secundum</em></strong></span> <span class='ocrx_word' id='word_1_566' title='bbox 3332 2566 3469 2617; x_wconf 62' lang='lat' dir='ltr'><strong><em>intaa</em></strong></span> 
     </span>
    </p>
   </div>
   <div class='ocr_carea' id='block_1_67' title="bbox 1896 2653 3470 2725">
    <p class='ocr_par' dir='ltr' id='par_1_67' title="bbox 1896 2653 3470 2725">
     <span class='ocr_line' id='line_1_68' title="bbox 1896 2653 3470 2725; baseline 0.003 -20"><span class='ocrx_word' id='word_1_567' title='bbox 1896 2653 2068 2722; x_wconf 84' lang='lat' dir='ltr'><strong><em>ginem</em></strong></span> <span class='ocrx_word' id='word_1_568' title='bbox 2107 2653 2303 2721; x_wconf 69' lang='lat' dir='ltr'><strong><em>Dei“;</em></strong></span> <span class='ocrx_word' id='word_1_569' title='bbox 2341 2663 2436 2710; x_wconf 86' lang='lat' dir='ltr'><strong><em>et:</em></strong></span> <span class='ocrx_word' id='word_1_570' title='bbox 2474 2655 2602 2721; x_wconf 84' lang='lat' dir='ltr'><strong><em>Quis</em></strong></span> <span class='ocrx_word' id='word_1_571' title='bbox 2647 2653 2787 2710; x_wconf 86' lang='lat' dir='ltr'><strong><em>Deus</em></strong></span> <span class='ocrx_word' id='word_1_572' title='bbox 2835 2668 3025 2725; x_wconf 67' lang='lat' dir='ltr'><strong><em>prater</em></strong></span> <span class='ocrx_word' id='word_1_573' title='bbox 3069 2655 3349 2710; x_wconf 87' lang='lat' dir='ltr'><strong><em>Dominum</em></strong></span> <span class='ocrx_word' id='word_1_574' title='bbox 3378 2653 3470 2710; x_wconf 71' lang='lat'><strong><em>“7</em></strong></span> 
     </span>
    </p>
   </div>
   <div class='ocr_carea' id='block_1_68' title="bbox 1897 2745 3464 2817">
    <p class='ocr_par' dir='ltr' id='par_1_68' title="bbox 1897 2745 3464 2817">
     <span class='ocr_line' id='line_1_69' title="bbox 1897 2745 3464 2817; baseline 0.002 -16"><span class='ocrx_word' id='word_1_575' title='bbox 1897 2755 1952 2801; x_wconf 84' lang='lat' dir='ltr'><strong><em>et</em></strong></span> <span class='ocrx_word' id='word_1_576' title='bbox 1980 2769 1992 2802; x_wconf 85' lang='lat'><strong>:</strong></span> <span class='ocrx_word' id='word_1_577' title='bbox 2021 2745 2150 2812; x_wconf 83' lang='lat' dir='ltr'><strong><em>Quis</em></strong></span> <span class='ocrx_word' id='word_1_578' title='bbox 2178 2749 2315 2802; x_wconf 87' lang='lat' dir='ltr'><strong><em>Deus</em></strong></span> <span class='ocrx_word' id='word_1_579' title='bbox 2337 2759 2528 2817; x_wconf 79' lang='lat' dir='ltr'><strong><em>prteter</em></strong></span> <span class='ocrx_word' id='word_1_580' title='bbox 2562 2750 2726 2804; x_wconf 89' lang='lat' dir='ltr'><strong><em>Deum</em></strong></span> <span class='ocrx_word' id='word_1_581' title='bbox 2751 2763 2986 2804; x_wconf 87' lang='lat' dir='ltr'><strong><em>nostrum</em></strong></span> <span class='ocrx_word' id='word_1_582' title='bbox 3011 2751 3094 2804; x_wconf 72' lang='lat' dir='ltr'><strong><em>M&quot;3</em></strong></span> <span class='ocrx_word' id='word_1_583' title='bbox 3115 2762 3167 2804; x_wconf 87' lang='lat' dir='ltr'><strong><em>et</em></strong></span> <span class='ocrx_word' id='word_1_584' title='bbox 3191 2750 3464 2804; x_wconf 80' lang='lat' dir='ltr'><strong><em>Joannes:</em></strong></span> 
     </span>
    </p>
   </div>
   <div class='ocr_carea' id='block_1_69' title="bbox 1900 2837 3472 2910">
    <p class='ocr_par' dir='ltr' id='par_1_69' title="bbox 1900 2837 3472 2910">
     <span class='ocr_line' id='line_1_70' title="bbox 1900 2837 3472 2910; baseline 0.004 -19"><span class='ocrx_word' id='word_1_585' title='bbox 1900 2837 2040 2892; x_wconf 87' lang='lat' dir='ltr'><strong><em>Deus</em></strong></span> <span class='ocrx_word' id='word_1_586' title='bbox 2069 2851 2180 2892; x_wconf 89' lang='lat' dir='ltr'><strong><em>erat</em></strong></span> <span class='ocrx_word' id='word_1_587' title='bbox 2224 2838 2465 2906; x_wconf 83' lang='lat' dir='ltr'><strong><em>Verbum,</em></strong></span> <span class='ocrx_word' id='word_1_588' title='bbox 2493 2853 2539 2894; x_wconf 91' lang='lat' dir='ltr'><strong><em>et</em></strong></span> <span class='ocrx_word' id='word_1_589' title='bbox 2583 2840 2799 2894; x_wconf 83' lang='lat' dir='ltr'><strong><em>Verbum</em></strong></span> <span class='ocrx_word' id='word_1_590' title='bbox 2824 2853 2932 2896; x_wconf 85' lang='lat' dir='ltr'><strong><em>erat</em></strong></span> <span class='ocrx_word' id='word_1_591' title='bbox 2955 2845 3091 2910; x_wconf 83' lang='lat' dir='ltr'><strong><em>apud</em></strong></span> <span class='ocrx_word' id='word_1_592' title='bbox 3121 2842 3286 2896; x_wconf 86' lang='lat' dir='ltr'><strong><em>Deum</em></strong></span> <span class='ocrx_word' id='word_1_593' title='bbox 3310 2841 3387 2908; x_wconf 68' lang='lat'><strong><em>‘7;</em></strong></span> <span class='ocrx_word' id='word_1_594' title='bbox 3417 2851 3472 2898; x_wconf 81' lang='lat' dir='ltr'><strong><em>et</em></strong></span> 
     </span>
    </p>
   </div>
   <div class='ocr_carea' id='block_1_70' title="bbox 1901 2929 3466 2999">
    <p class='ocr_par' dir='ltr' id='par_1_70' title="bbox 1901 2929 3466 2999">
     <span class='ocr_line' id='line_1_71' title="bbox 1901 2929 3466 2999; baseline 0.003 -16"><span class='ocrx_word' id='word_1_595' title='bbox 1901 2929 2138 2984; x_wconf 82' lang='lat' dir='ltr'><strong><em>Thomas</em></strong></span> <span class='ocrx_word' id='word_1_596' title='bbox 2179 2931 2245 2985; x_wconf 92' lang='lat' dir='ltr'><strong><em>de</em></strong></span> <span class='ocrx_word' id='word_1_597' title='bbox 2286 2931 2455 2986; x_wconf 87' lang='lat' dir='ltr'><strong><em>Filio:</em></strong></span> <span class='ocrx_word' id='word_1_598' title='bbox 2497 2931 2748 2986; x_wconf 89' lang='lat' dir='ltr'><strong><em>Dominus</em></strong></span> <span class='ocrx_word' id='word_1_599' title='bbox 2782 2951 2946 2999; x_wconf 84' lang='lat' dir='ltr'><strong><em>meus,</em></strong></span> <span class='ocrx_word' id='word_1_600' title='bbox 2977 2943 3025 2987; x_wconf 89' lang='lat' dir='ltr'><strong><em>et</em></strong></span> <span class='ocrx_word' id='word_1_601' title='bbox 3061 2933 3202 2987; x_wconf 87' lang='lat' dir='ltr'><strong><em>Deus</em></strong></span> <span class='ocrx_word' id='word_1_602' title='bbox 3236 2951 3379 2988; x_wconf 87' lang='lat' dir='ltr'><strong><em>meus</em></strong></span> <span class='ocrx_word' id='word_1_603' title='bbox 3400 2935 3466 2989; x_wconf 74' lang='grc'><strong><em>⁸⁸.</em></strong></span> 
     </span>
    </p>
   </div>
   <div class='ocr_carea' id='block_1_71' title="bbox 1903 3019 3466 3092">
    <p class='ocr_par' dir='ltr' id='par_1_71' title="bbox 1903 3019 3466 3092">
     <span class='ocr_line' id='line_1_72' title="bbox 1903 3019 3466 3092; baseline 0.004 -18"><span class='ocrx_word' id='word_1_604' title='bbox 1903 3019 2254 3077; x_wconf 85' lang='lat' dir='ltr'><strong><em>Diversitates</em></strong></span> <span class='ocrx_word' id='word_1_605' title='bbox 2283 3023 2443 3091; x_wconf 84' lang='lat' dir='ltr'><strong>igitur</strong></span> <span class='ocrx_word' id='word_1_606' title='bbox 2468 3025 2534 3076; x_wconf 87' lang='lat' dir='ltr'><strong><em>ad</em></strong></span> <span class='ocrx_word' id='word_1_607' title='bbox 2567 3035 2852 3078; x_wconf 87' lang='lat' dir='ltr'><strong><em>creaturas</em></strong></span> <span class='ocrx_word' id='word_1_608' title='bbox 2882 3034 2937 3077; x_wconf 90' lang='lat' dir='ltr'><strong><em>et</em></strong></span> <span class='ocrx_word' id='word_1_609' title='bbox 2968 3024 3036 3078; x_wconf 87' lang='lat' dir='ltr'><strong><em>ad</em></strong></span> <span class='ocrx_word' id='word_1_610' title='bbox 3068 3039 3161 3079; x_wconf 88' lang='lat' dir='ltr'><strong><em>eos</em></strong></span> <span class='ocrx_word' id='word_1_611' title='bbox 3192 3025 3281 3092; x_wconf 86' lang='lat' dir='ltr'><strong><em>qui</em></strong></span> <span class='ocrx_word' id='word_1_612' title='bbox 3306 3024 3466 3090; x_wconf 78' lang='lat' dir='ltr'><strong><em>falso,</em></strong></span> 
     </span>
    </p>
   </div>
   <div class='ocr_carea' id='block_1_72' title="bbox 1902 3115 3470 3185">
    <p class='ocr_par' dir='ltr' id='par_1_72' title="bbox 1902 3115 3470 3185">
     <span class='ocr_line' id='line_1_73' title="bbox 1902 3115 3470 3185; baseline 0.004 -19"><span class='ocrx_word' id='word_1_613' title='bbox 1902 3127 2008 3167; x_wconf 90' lang='lat' dir='ltr'><strong><em>non</em></strong></span> <span class='ocrx_word' id='word_1_614' title='bbox 2057 3116 2270 3185; x_wconf 88' lang='lat' dir='ltr'><strong><em>pr0prie</em></strong></span> <span class='ocrx_word' id='word_1_615' title='bbox 2312 3115 2385 3169; x_wconf 90' lang='lat' dir='ltr'><strong><em>dii</em></strong></span> <span class='ocrx_word' id='word_1_616' title='bbox 2426 3116 2703 3183; x_wconf 90' lang='lat' dir='ltr'><strong><em>dicuntur,</em></strong></span> <span class='ocrx_word' id='word_1_617' title='bbox 2735 3125 2948 3185; x_wconf 86' lang='lat' dir='ltr'><strong><em>oportet</em></strong></span> <span class='ocrx_word' id='word_1_618' title='bbox 2988 3116 3205 3182; x_wconf 80' lang='lat' dir='ltr'><strong><em>referri,</em></strong></span> <span class='ocrx_word' id='word_1_619' title='bbox 3253 3133 3357 3171; x_wconf 91' lang='lat' dir='ltr'><strong><em>non</em></strong></span> <span class='ocrx_word' id='word_1_620' title='bbox 3402 3118 3470 3172; x_wconf 84' lang='lat' dir='ltr'><strong><em>ad</em></strong></span> 
     </span>
    </p>
   </div>
   <div class='ocr_carea' id='block_1_73' title="bbox 1826 3179 2448 3264">
    <p class='ocr_par' dir='ltr' id='par_1_73' title="bbox 1826 3179 2448 3264">
     <span class='ocr_line' id='line_1_74' title="bbox 1826 3179 2448 3264; baseline 0.01 -6"><span class='ocrx_word' id='word_1_621' title='bbox 1826 3179 1867 3237; x_wconf 65' lang='grc' dir='ltr'><strong>ϐ</strong></span> <span class='ocrx_word' id='word_1_622' title='bbox 1902 3179 2114 3261; x_wconf 79' lang='lat' dir='ltr'><strong><em>Patrem</em></strong></span> <span class='ocrx_word' id='word_1_623' title='bbox 2147 3179 2202 3262; x_wconf 75' lang='lat' dir='ltr'><strong><em>et</em></strong></span> <span class='ocrx_word' id='word_1_624' title='bbox 2234 3205 2448 3264; x_wconf 81' lang='lat' dir='ltr'><strong><em>Filium.</em></strong></span> 
     </span>
    </p>
   </div>
   <div class='ocr_carea' id='block_1_74' title="bbox 1901 3318 3466 3390">
    <p class='ocr_par' dir='ltr' id='par_1_74' title="bbox 1901 3318 3466 3390">
     <span class='ocr_line' id='line_1_75' title="bbox 1901 3318 3466 3390; baseline 0.004 -17"><span class='ocrx_word' id='word_1_625' title='bbox 1901 3318 1970 3374; x_wconf 84' lang='lat' dir='ltr'><strong><em>In</em></strong></span> <span class='ocrx_word' id='word_1_626' title='bbox 1993 3321 2146 3385; x_wconf 84' lang='lat' dir='ltr'><strong><em>illud,</em></strong></span> <span class='ocrx_word' id='word_1_627' title='bbox 2193 3339 2210 3371; x_wconf 84' lang='lat' dir='ltr'><strong><em>t</em></strong></span> <span class='ocrx_word' id='word_1_628' title='bbox 2242 3319 2305 3374; x_wconf 91' lang='lat' dir='ltr'><strong><em>Ut</em></strong></span> <span class='ocrx_word' id='word_1_629' title='bbox 2335 3329 2650 3390; x_wconf 85' lang='lat' dir='ltr'><strong><em>cognoscant</em></strong></span> <span class='ocrx_word' id='word_1_630' title='bbox 2677 3329 2724 3376; x_wconf 92' lang='lat' dir='ltr'><strong><em>te</em></strong></span> <span class='ocrx_word' id='word_1_631' title='bbox 2750 3321 2919 3376; x_wconf 84' lang='lat' dir='ltr'><strong><em>solum</em></strong></span> <span class='ocrx_word' id='word_1_632' title='bbox 2946 3339 3122 3377; x_wconf 83' lang='lat' dir='ltr'><strong><em>verum</em></strong></span> <span class='ocrx_word' id='word_1_633' title='bbox 3151 3322 3318 3378; x_wconf 83' lang='lat' dir='ltr'><strong><em>Deum</em></strong></span> <span class='ocrx_word' id='word_1_634' title='bbox 3341 3323 3410 3377; x_wconf 76' lang='lat'><strong><em>&quot;.</em></strong></span> <span class='ocrx_word' id='word_1_635' title='bbox 3445 3342 3466 3380; x_wconf 79' lang='grc' dir='ltr'><strong><em>ι</em></strong></span> 
     </span>
    </p>
   </div>
   <div class='ocr_carea' id='block_1_75' title="bbox 1976 3453 3470 3524">
    <p class='ocr_par' dir='ltr' id='par_1_75' title="bbox 1976 3453 3470 3524">
     <span class='ocr_line' id='line_1_76' title="bbox 1976 3453 3470 3524; baseline 0.005 -18"><span class='ocrx_word' id='word_1_636' title='bbox 1976 3453 2182 3508; x_wconf 78' lang='lat' dir='ltr'><strong><em>Dicitur</em></strong></span> <span class='ocrx_word' id='word_1_637' title='bbox 2225 3467 2419 3518; x_wconf 84' lang='lat' dir='ltr'><strong><em>verus,</em></strong></span> <span class='ocrx_word' id='word_1_638' title='bbox 2459 3454 2601 3522; x_wconf 88' lang='lat' dir='ltr'><strong><em>quod</em></strong></span> <span class='ocrx_word' id='word_1_639' title='bbox 2655 3455 2724 3508; x_wconf 89' lang='lat' dir='ltr'><strong><em>ab</em></strong></span> <span class='ocrx_word' id='word_1_640' title='bbox 2755 3455 2820 3509; x_wconf 93' lang='lat' dir='ltr'><strong><em>iis</em></strong></span> <span class='ocrx_word' id='word_1_641' title='bbox 2865 3455 2954 3524; x_wconf 91' lang='lat' dir='ltr'><strong><em>qui</em></strong></span> <span class='ocrx_word' id='word_1_642' title='bbox 3009 3455 3145 3511; x_wconf 81' lang='lat' dir='ltr'><strong><em>falso</em></strong></span> <span class='ocrx_word' id='word_1_643' title='bbox 3199 3457 3470 3524; x_wconf 86' lang='lat' dir='ltr'><strong><em>dicuntur,</em></strong></span> 
     </span>
    </p>
   </div>
   <div class='ocr_carea' id='block_1_76' title="bbox 1903 3545 3470 3616">
    <p class='ocr_par' dir='ltr' id='par_1_76' title="bbox 1903 3545 3470 3616">
     <span class='ocr_line' id='line_1_77' title="bbox 1903 3545 3470 3616; baseline 0.004 -18"><span class='ocrx_word' id='word_1_644' title='bbox 1903 3545 2288 3614; x_wconf 80' lang='lat' dir='ltr'><strong><em>distinguitur;</em></strong></span> <span class='ocrx_word' id='word_1_645' title='bbox 2315 3547 2759 3613; x_wconf 87' lang='lat' dir='ltr'><strong><em>incomparabilis</em></strong></span> <span class='ocrx_word' id='word_1_646' title='bbox 2783 3562 2933 3611; x_wconf 91' lang='lat' dir='ltr'><strong><em>vero,</em></strong></span> <span class='ocrx_word' id='word_1_647' title='bbox 2957 3551 3098 3616; x_wconf 89' lang='lat' dir='ltr'><strong><em>quod</em></strong></span> <span class='ocrx_word' id='word_1_648' title='bbox 3125 3549 3264 3604; x_wconf 91' lang='lat' dir='ltr'><strong><em>inter</em></strong></span> <span class='ocrx_word' id='word_1_649' title='bbox 3287 3553 3470 3605; x_wconf 82' lang='lat' dir='ltr'><strong><em>omnia</em></strong></span> 
     </span>
    </p>
   </div>
   <div class='ocr_carea' id='block_1_77' title="bbox 1903 3636 3474 3698">
    <p class='ocr_par' dir='ltr' id='par_1_77' title="bbox 1903 3636 3474 3698">
     <span class='ocr_line' id='line_1_78' title="bbox 1903 3636 3474 3698; baseline 0.004 -8"><span class='ocrx_word' id='word_1_650' title='bbox 1903 3637 1956 3690; x_wconf 92' lang='lat' dir='ltr'><strong><em>in</em></strong></span> <span class='ocrx_word' id='word_1_651' title='bbox 1987 3636 2238 3690; x_wconf 89' lang='lat' dir='ltr'><strong><em>omnibus</em></strong></span> <span class='ocrx_word' id='word_1_652' title='bbox 2263 3637 2497 3691; x_wconf 82' lang='lat' dir='ltr'><strong><em>excellit.</em></strong></span> <span class='ocrx_word' id='word_1_653' title='bbox 2530 3637 2762 3692; x_wconf 83' lang='lat' dir='ltr'><strong><em>Proinde</em></strong></span> <span class='ocrx_word' id='word_1_654' title='bbox 2791 3654 2910 3693; x_wconf 91' lang='lat' dir='ltr'><strong><em>cum</em></strong></span> <span class='ocrx_word' id='word_1_655' title='bbox 2942 3639 3208 3696; x_wconf 84' lang='lat' dir='ltr'><strong><em>Jeretnias</em></strong></span> <span class='ocrx_word' id='word_1_656' title='bbox 3240 3643 3308 3698; x_wconf 87' lang='lat' dir='ltr'><strong><em>de</em></strong></span> <span class='ocrx_word' id='word_1_657' title='bbox 3334 3640 3474 3698; x_wconf 88' lang='lat' dir='ltr'><strong><em>Filio</em></strong></span> 
     </span>
    </p>
   </div>
   <div class='ocr_carea' id='block_1_78' title="bbox 1904 3725 3473 3794">
    <p class='ocr_par' dir='ltr' id='par_1_78' title="bbox 1904 3725 3473 3794">
     <span class='ocr_line' id='line_1_79' title="bbox 1904 3725 3473 3794; baseline 0.003 -12"><span class='ocrx_word' id='word_1_658' title='bbox 1904 3728 2037 3782; x_wconf 81' lang='lat' dir='ltr'><strong><em>dixit</em></strong></span> <span class='ocrx_word' id='word_1_659' title='bbox 2061 3746 2075 3780; x_wconf 90' lang='lat'><strong>:</strong></span> <span class='ocrx_word' id='word_1_660' title='bbox 2103 3725 2204 3780; x_wconf 82' lang='lat' dir='ltr'><strong><em>Hic</em></strong></span> <span class='ocrx_word' id='word_1_661' title='bbox 2232 3739 2306 3782; x_wconf 86' lang='lat' dir='ltr'><strong><em>est</em></strong></span> <span class='ocrx_word' id='word_1_662' title='bbox 2336 3727 2474 3781; x_wconf 90' lang='lat' dir='ltr'><strong><em>Deus</em></strong></span> <span class='ocrx_word' id='word_1_663' title='bbox 2503 3738 2698 3794; x_wconf 88' lang='lat' dir='ltr'><strong><em>noster,</em></strong></span> <span class='ocrx_word' id='word_1_664' title='bbox 2730 3746 2832 3782; x_wconf 87' lang='lat' dir='ltr'><strong><em>non</em></strong></span> <span class='ocrx_word' id='word_1_665' title='bbox 2856 3732 3204 3785; x_wconf 76' lang='lat' dir='ltr'><strong><em>testimabitur</em></strong></span> <span class='ocrx_word' id='word_1_666' title='bbox 3234 3733 3373 3787; x_wconf 92' lang='lat' dir='ltr'><strong><em>alius</em></strong></span> <span class='ocrx_word' id='word_1_667' title='bbox 3403 3735 3473 3787; x_wconf 83' lang='lat' dir='ltr'><strong><em>ad</em></strong></span> 
     </span>
    </p>
   </div>
   <div class='ocr_carea' id='block_1_79' title="bbox 1902 3818 3472 3888">
    <p class='ocr_par' dir='ltr' id='par_1_79' title="bbox 1902 3818 3472 3888">
     <span class='ocr_line' id='line_1_80' title="bbox 1902 3818 3472 3888; baseline 0.003 -17"><span class='ocrx_word' id='word_1_668' title='bbox 1902 3834 2021 3872; x_wconf 90' lang='lat' dir='ltr'><strong><em>eum</em></strong></span> <span class='ocrx_word' id='word_1_669' title='bbox 2045 3818 2120 3880; x_wconf 81' lang='lat'><strong><em>”,</em></strong></span> <span class='ocrx_word' id='word_1_670' title='bbox 2165 3833 2290 3871; x_wconf 90' lang='lat' dir='ltr'><strong><em>num</em></strong></span> <span class='ocrx_word' id='word_1_671' title='bbox 2322 3828 2378 3872; x_wconf 87' lang='lat' dir='ltr'><strong><em>et</em></strong></span> <span class='ocrx_word' id='word_1_672' title='bbox 2408 3818 2569 3872; x_wconf 83' lang='lat' dir='ltr'><strong><em>Patre</em></strong></span> <span class='ocrx_word' id='word_1_673' title='bbox 2602 3819 2863 3888; x_wconf 82' lang='lat' dir='ltr'><strong><em>majorem</em></strong></span> <span class='ocrx_word' id='word_1_674' title='bbox 2895 3821 3073 3874; x_wconf 76' lang='lat' dir='ltr'><strong><em>dixit?</em></strong></span> <span class='ocrx_word' id='word_1_675' title='bbox 3106 3821 3258 3887; x_wconf 84' lang='lat' dir='ltr'><strong><em>Quod</em></strong></span> <span class='ocrx_word' id='word_1_676' title='bbox 3291 3833 3472 3878; x_wconf 80' lang='lat' dir='ltr'><strong><em>autem</em></strong></span> 
     </span>
    </p>
   </div>
   <div class='ocr_carea' id='block_1_80' title="bbox 1905 3907 3472 3985">
    <p class='ocr_par' dir='ltr' id='par_1_80' title="bbox 1905 3907 3472 3985">
     <span class='ocr_line' id='line_1_81' title="bbox 1905 3907 3472 3985; baseline 0.004 -22"><span class='ocrx_word' id='word_1_677' title='bbox 1905 3909 2066 3963; x_wconf 87' lang='lat' dir='ltr'><strong><em>etiam</em></strong></span> <span class='ocrx_word' id='word_1_678' title='bbox 2095 3907 2264 3962; x_wconf 82' lang='lat' dir='ltr'><strong><em>Filius</em></strong></span> <span class='ocrx_word' id='word_1_679' title='bbox 2289 3910 2360 3964; x_wconf 79' lang='lat' dir='ltr'><strong><em>sit</em></strong></span> <span class='ocrx_word' id='word_1_680' title='bbox 2383 3925 2541 3965; x_wconf 84' lang='lat' dir='ltr'><strong><em>verus</em></strong></span> <span class='ocrx_word' id='word_1_681' title='bbox 2568 3913 2726 3976; x_wconf 83' lang='lat' dir='ltr'><strong><em>Dens,</em></strong></span> <span class='ocrx_word' id='word_1_682' title='bbox 2755 3914 2869 3981; x_wconf 89' lang='lat' dir='ltr'><strong><em>ipse</em></strong></span> <span class='ocrx_word' id='word_1_683' title='bbox 2894 3913 3127 3968; x_wconf 82' lang='lat' dir='ltr'><strong><em>Joannes</em></strong></span> <span class='ocrx_word' id='word_1_684' title='bbox 3150 3917 3202 3969; x_wconf 92' lang='lat' dir='ltr'><strong><em>in</em></strong></span> <span class='ocrx_word' id='word_1_685' title='bbox 3232 3913 3472 3985; x_wconf 66' lang='lat' dir='ltr'><strong><em>Epistolet</em></strong></span> 
     </span>
    </p>
   </div>
   <div class='ocr_carea' id='block_1_81' title="bbox 1907 4002 3474 4074">
    <p class='ocr_par' dir='ltr' id='par_1_81' title="bbox 1907 4002 3474 4074">
     <span class='ocr_line' id='line_1_82' title="bbox 1907 4002 3474 4074; baseline 0.005 -18"><span class='ocrx_word' id='word_1_686' title='bbox 1907 4003 2034 4056; x_wconf 78' lang='lat' dir='ltr'><strong><em>dit-it</em></strong></span> <span class='ocrx_word' id='word_1_687' title='bbox 2070 4021 2082 4055; x_wconf 91' lang='lat'>:</span> <span class='ocrx_word' id='word_1_688' title='bbox 2114 4002 2185 4057; x_wconf 90' lang='lat' dir='ltr'><strong><em>Ut</em></strong></span> <span class='ocrx_word' id='word_1_689' title='bbox 2218 4021 2591 4072; x_wconf 87' lang='lat' dir='ltr'><strong><em>cognoscamus</em></strong></span> <span class='ocrx_word' id='word_1_690' title='bbox 2620 4006 2788 4060; x_wconf 89' lang='lat' dir='ltr'><strong><em>solum</em></strong></span> <span class='ocrx_word' id='word_1_691' title='bbox 2814 4012 2988 4061; x_wconf 71' lang='lat' dir='ltr'><strong><em>rerum</em></strong></span> <span class='ocrx_word' id='word_1_692' title='bbox 3016 4008 3202 4074; x_wconf 86' lang='lat' dir='ltr'><strong><em>Deum,</em></strong></span> <span class='ocrx_word' id='word_1_693' title='bbox 3235 4021 3284 4064; x_wconf 90' lang='lat' dir='ltr'><strong><em>et</em></strong></span> <span class='ocrx_word' id='word_1_694' title='bbox 3309 4011 3474 4064; x_wconf 88' lang='lat' dir='ltr'><strong><em>simus</em></strong></span> 
     </span>
    </p>
   </div>
   <div class='ocr_carea' id='block_1_82' title="bbox 229 4093 1795 4170">
    <p class='ocr_par' dir='ltr' id='par_1_82' title="bbox 229 4094 1795 4165">
     <span class='ocr_line' id='line_1_83' title="bbox 229 4094 1795 4165; baseline 0.002 -18"><span class='ocrx_word' id='word_1_695' title='bbox 229 4094 548 4164; x_wconf 82' lang='grc' dir='ltr'><em>νώσκωμεν</em></span> <span class='ocrx_word' id='word_1_696' title='bbox 567 4094 675 4149; x_wconf 79' lang='grc' dir='ltr'><em>τὸν</em></span> <span class='ocrx_word' id='word_1_697' title='bbox 691 4097 884 4164; x_wconf 82' lang='grc' dir='ltr'><em>μόνον</em></span> <span class='ocrx_word' id='word_1_698' title='bbox 920 4095 1213 4163; x_wconf 82' lang='grc' dir='ltr'><strong><em>ἀληθινὸν</em></strong></span> <span class='ocrx_word' id='word_1_699' title='bbox 1244 4097 1391 4149; x_wconf 87' lang='grc' dir='ltr'><em>Θεόν</em></span> <span class='ocrx_word' id='word_1_700' title='bbox 1413 4113 1427 4127; x_wconf 90' lang='grc'><strong>·</strong></span> <span class='ocrx_word' id='word_1_701' title='bbox 1472 4097 1573 4151; x_wconf 83' lang='grc' dir='ltr'><em>καί</em></span> <span class='ocrx_word' id='word_1_702' title='bbox 1615 4097 1795 4165; x_wconf 76' lang='grc' dir='ltr'><em>ἐσμεν</em></span> 
     </span>
    </p>
   </div>
   <div class='ocr_carea' id='block_1_83' title="bbox 1904 4093 3474 4170">
    <p class='ocr_par' dir='ltr' id='par_1_83' title="bbox 1907 4093 3474 4170">
     <span class='ocr_line' id='line_1_84' title="bbox 1907 4093 3474 4170; baseline 0.004 -22"><span class='ocrx_word' id='word_1_703' title='bbox 1907 4096 1962 4149; x_wconf 90' lang='lat' dir='ltr'><strong><em>in</em></strong></span> <span class='ocrx_word' id='word_1_704' title='bbox 1997 4114 2111 4152; x_wconf 82' lang='lat' dir='ltr'><strong><em>vero</em></strong></span> <span class='ocrx_word' id='word_1_705' title='bbox 2143 4093 2286 4151; x_wconf 85' lang='lat' dir='ltr'><strong><em>Filio</em></strong></span> <span class='ocrx_word' id='word_1_706' title='bbox 2311 4099 2424 4167; x_wconf 83' lang='lat' dir='ltr'><strong><em>ejus</em></strong></span> <span class='ocrx_word' id='word_1_707' title='bbox 2457 4096 2585 4152; x_wconf 81' lang='lat' dir='ltr'><strong><em>Jesu</em></strong></span> <span class='ocrx_word' id='word_1_708' title='bbox 2619 4097 2848 4154; x_wconf 81' lang='lat' dir='ltr'><strong><em>Christo.</em></strong></span> <span class='ocrx_word' id='word_1_709' title='bbox 2883 4099 2984 4154; x_wconf 77' lang='lat' dir='ltr'><strong><em>llic</em></strong></span> <span class='ocrx_word' id='word_1_710' title='bbox 3017 4113 3091 4155; x_wconf 91' lang='lat' dir='ltr'><strong><em>est</em></strong></span> <span class='ocrx_word' id='word_1_711' title='bbox 3132 4118 3277 4157; x_wconf 79' lang='lat' dir='ltr'><strong><em>verus</em></strong></span> <span class='ocrx_word' id='word_1_712' title='bbox 3313 4102 3474 4170; x_wconf 86' lang='lat' dir='ltr'><strong><em>Deus,</em></strong></span> 
     </span>
    </p>
   </div>
   <div class='ocr_carea' id='block_1_84' title="bbox 300 4228 1253 4294">
    <p class='ocr_par' dir='ltr' id='par_1_84' title="bbox 300 4228 1253 4294">
     <span class='ocr_line' id='line_1_85' title="bbox 300 4228 1253 4294; baseline 0.004 -14"><span class='ocrx_word' id='word_1_713' title='bbox 300 4228 344 4258; x_wconf 68' lang='lat'><strong>”</strong></span> <span class='ocrx_word' id='word_1_714' title='bbox 378 4228 505 4282; x_wconf 82' lang='lat' dir='ltr'><strong><em>Luc.</em></strong></span> <span class='ocrx_word' id='word_1_715' title='bbox 550 4245 608 4289; x_wconf 93' lang='grc' dir='ltr'>ιι,</span> <span class='ocrx_word' id='word_1_716' title='bbox 645 4230 730 4282; x_wconf 90' lang='grc'><strong><em>11.</em></strong></span> <span class='ocrx_word' id='word_1_717' title='bbox 833 4229 878 4260; x_wconf 82' lang='grc'>³³</span> <span class='ocrx_word' id='word_1_718' title='bbox 917 4229 1033 4282; x_wconf 90' lang='lat' dir='ltr'><strong><em>Act.</em></strong></span> <span class='ocrx_word' id='word_1_719' title='bbox 1073 4247 1136 4294; x_wconf 90' lang='grc' dir='ltr'>ιι,</span> <span class='ocrx_word' id='word_1_720' title='bbox 1163 4230 1253 4284; x_wconf 77' lang='grc'>56.</span> 
     </span>
    </p>
   </div>
   <div class='ocr_carea' id='block_1_85' title="bbox 231 4299 922 4362">
    <p class='ocr_par' dir='ltr' id='par_1_85' title="bbox 231 4299 922 4362">
     <span class='ocr_line' id='line_1_86' title="bbox 231 4299 922 4362; baseline 0.003 -11"><span class='ocrx_word' id='word_1_721' title='bbox 231 4313 311 4355; x_wconf 83' lang='grc' dir='ltr'>ιιι.</span> <span class='ocrx_word' id='word_1_722' title='bbox 336 4301 386 4350; x_wconf 80' lang='grc'><strong><em>4.</em></strong></span> <span class='ocrx_word' id='word_1_723' title='bbox 483 4299 528 4329; x_wconf 57' lang='grc' dir='ltr'><strong><em>ιο</em></strong></span> <span class='ocrx_word' id='word_1_724' title='bbox 571 4299 584 4348; x_wconf 93' lang='lat' dir='ltr'><strong><em>l</em></strong></span> <span class='ocrx_word' id='word_1_725' title='bbox 615 4300 739 4354; x_wconf 83' lang='lat' dir='ltr'><strong><em>Cor.</em></strong></span> <span class='ocrx_word' id='word_1_726' title='bbox 768 4315 804 4362; x_wconf 92' lang='grc' dir='ltr'><em>ι,</em></span> <span class='ocrx_word' id='word_1_727' title='bbox 835 4301 922 4353; x_wconf 81' lang='grc'><strong><em>50.</em></strong></span> 
     </span>
    </p>
   </div>
   <div class='ocr_carea' id='block_1_86' title="bbox 1355 4230 1846 4291">
    <p class='ocr_par' dir='ltr' id='par_1_86' title="bbox 1355 4230 1846 4291">
     <span class='ocr_line' id='line_1_87' title="bbox 1355 4230 1846 4291; baseline -0.004 -5"><span class='ocrx_word' id='word_1_728' title='bbox 1355 4231 1402 4262; x_wconf 82' lang='grc'>⁸⁸</span> <span class='ocrx_word' id='word_1_729' title='bbox 1443 4232 1457 4285; x_wconf 95' lang='grc' dir='ltr'><strong>Ι</strong></span> <span class='ocrx_word' id='word_1_730' title='bbox 1498 4232 1622 4286; x_wconf 89' lang='lat' dir='ltr'><strong><em>Cor.</em></strong></span> <span class='ocrx_word' id='word_1_731' title='bbox 1676 4247 1714 4291; x_wconf 89' lang='grc'><em>1,</em></span> <span class='ocrx_word' id='word_1_732' title='bbox 1755 4230 1846 4284; x_wconf 67' lang='grc'><strong><em>24.</em></strong></span> 
     </span>
    </p>
   </div>
   <div class='ocr_carea' id='block_1_87' title="bbox 1026 4301 1795 4372">
    <p class='ocr_par' dir='ltr' id='par_1_87' title="bbox 1026 4301 1785 4372">
     <span class='ocr_line' id='line_1_88' title="bbox 1026 4301 1785 4372; baseline 0.003 -20"><span class='ocrx_word' id='word_1_733' title='bbox 1026 4301 1070 4331; x_wconf 69' lang='grc' dir='ltr'>δι</span> <span class='ocrx_word' id='word_1_734' title='bbox 1113 4303 1254 4354; x_wconf 80' lang='lat' dir='ltr'><strong><em>Psal.</em></strong></span> <span class='ocrx_word' id='word_1_735' title='bbox 1287 4304 1483 4372; x_wconf 62' lang='lat' dir='ltr'><strong><em>ctx,l.</em></strong></span> <span class='ocrx_word' id='word_1_736' title='bbox 1561 4304 1606 4333; x_wconf 75' lang='lat'><strong>“</strong></span> <span class='ocrx_word' id='word_1_737' title='bbox 1650 4301 1785 4355; x_wconf 80' lang='lat' dir='ltr'><strong><em>PSnI.</em></strong></span> 
     </span>
    </p>
   </div>
   <div class='ocr_carea' id='block_1_88' title="bbox 1904 4301 3477 4372">
    <p class='ocr_par' dir='ltr' id='par_1_88' title="bbox 1904 4301 3477 4372">
     <span class='ocr_line' id='line_1_89' title="bbox 1904 4301 3477 4372; baseline 0.006 -19"><span class='ocrx_word' id='word_1_738' title='bbox 1904 4315 1972 4372; x_wconf 70' lang='lat' dir='ltr'><strong><em>tv.</em></strong></span> <span class='ocrx_word' id='word_1_739' title='bbox 2004 4302 2058 4355; x_wconf 90' lang='lat'><strong><em>8.</em></strong></span> <span class='ocrx_word' id='word_1_740' title='bbox 2133 4301 2178 4333; x_wconf 72' lang='lat'><strong>&quot;</strong></span> <span class='ocrx_word' id='word_1_741' title='bbox 2217 4304 2349 4356; x_wconf 78' lang='lat' dir='ltr'><strong><em>Gen.</em></strong></span> <span class='ocrx_word' id='word_1_742' title='bbox 2383 4319 2472 4359; x_wconf 70' lang='lat' dir='ltr'><strong><em>xu</em></strong></span> <span class='ocrx_word' id='word_1_743' title='bbox 2498 4345 2512 4366; x_wconf 92' lang='lat'>,</span> <span class='ocrx_word' id='word_1_744' title='bbox 2550 4305 2642 4358; x_wconf 63' lang='lat'><strong><em>‘25.</em></strong></span> <span class='ocrx_word' id='word_1_745' title='bbox 2666 4345 2678 4357; x_wconf 84' lang='grc'><strong><em>.</em></strong></span> <span class='ocrx_word' id='word_1_746' title='bbox 2717 4305 2764 4336; x_wconf 60' lang='grc' dir='ltr'><strong><em>ιδ</em></strong></span> <span class='ocrx_word' id='word_1_747' title='bbox 2801 4307 2934 4360; x_wconf 84' lang='lat' dir='ltr'><strong><em>Gen.</em></strong></span> <span class='ocrx_word' id='word_1_748' title='bbox 2980 4301 3042 4372; x_wconf 86' lang='grc' dir='ltr'><em>ι,</em></span> <span class='ocrx_word' id='word_1_749' title='bbox 3079 4308 3170 4362; x_wconf 78' lang='lat'><strong><em>27.</em></strong></span> <span class='ocrx_word' id='word_1_750' title='bbox 3245 4308 3292 4340; x_wconf 77' lang='lat'><strong>“</strong></span> <span class='ocrx_word' id='word_1_751' title='bbox 3330 4309 3477 4370; x_wconf 74' lang='lat' dir='ltr'><strong><em>Psal.</em></strong></span> 
     </span>
    </p>
   </div>
   <div class='ocr_carea' id='block_1_89' title="bbox 1946 4230 3474 4302">
    <p class='ocr_par' dir='ltr' id='par_1_89' title="bbox 1946 4230 3474 4302">
     <span class='ocr_line' id='line_1_90' title="bbox 1946 4230 3474 4302; baseline 0.008 -19"><span class='ocrx_word' id='word_1_752' title='bbox 1946 4230 1990 4261; x_wconf 84' lang='grc'><strong><em>³⁷</em></strong></span> <span class='ocrx_word' id='word_1_753' title='bbox 2030 4230 2172 4284; x_wconf 85' lang='lat' dir='ltr'><strong><em>Psal.</em></strong></span> <span class='ocrx_word' id='word_1_754' title='bbox 2221 4249 2360 4295; x_wconf 77' lang='lat' dir='ltr'><strong>xxx,</strong></span> <span class='ocrx_word' id='word_1_755' title='bbox 2402 4234 2454 4287; x_wconf 78' lang='lat'><strong><em>3.</em></strong></span> <span class='ocrx_word' id='word_1_756' title='bbox 2549 4234 2594 4266; x_wconf 75' lang='grc'><strong><em>³³</em></strong></span> <span class='ocrx_word' id='word_1_757' title='bbox 2632 4234 2774 4288; x_wconf 60' lang='grc' dir='ltr'>Ρμιιι.</span> <span class='ocrx_word' id='word_1_758' title='bbox 2811 4253 2991 4302; x_wconf 80' lang='lat' dir='ltr'><strong><em>cxvn,</em></strong></span> <span class='ocrx_word' id='word_1_759' title='bbox 3039 4237 3130 4291; x_wconf 73' lang='grc'><strong>21.</strong></span> <span class='ocrx_word' id='word_1_760' title='bbox 3232 4238 3275 4271; x_wconf 77' lang='grc'>⁸⁸</span> <span class='ocrx_word' id='word_1_761' title='bbox 3314 4237 3474 4297; x_wconf 77' lang='lat' dir='ltr'><strong><em>Rom.</em></strong></span> 
     </span>
    </p>
   </div>
   <div class='ocr_carea' id='block_1_90' title="bbox 234 4367 1795 4439">
    <p class='ocr_par' dir='ltr' id='par_1_90' title="bbox 234 4367 1793 4435">
     <span class='ocr_line' id='line_1_91' title="bbox 234 4367 1793 4435; baseline 0.002 -14"><span class='ocrx_word' id='word_1_762' title='bbox 234 4383 363 4430; x_wconf 75' lang='lat' dir='ltr'><strong><em>xvn,</em></strong></span> <span class='ocrx_word' id='word_1_763' title='bbox 397 4367 484 4422; x_wconf 75' lang='lat'><strong><em>‘62.</em></strong></span> <span class='ocrx_word' id='word_1_764' title='bbox 561 4369 606 4400; x_wconf 75' lang='lat'><strong>“</strong></span> <span class='ocrx_word' id='word_1_765' title='bbox 647 4370 778 4426; x_wconf 88' lang='lat' dir='ltr'><strong><em>ibid.</em></strong></span> <span class='ocrx_word' id='word_1_766' title='bbox 852 4370 897 4400; x_wconf 71' lang='lat'><strong>‘7</strong></span> <span class='ocrx_word' id='word_1_767' title='bbox 928 4369 1084 4426; x_wconf 81' lang='lat' dir='ltr'><strong><em>Joan.</em></strong></span> <span class='ocrx_word' id='word_1_768' title='bbox 1117 4387 1160 4435; x_wconf 90' lang='grc' dir='ltr'><em>ι,</em></span> <span class='ocrx_word' id='word_1_769' title='bbox 1191 4374 1244 4427; x_wconf 86' lang='grc'><strong><em>1.</em></strong></span> <span class='ocrx_word' id='word_1_770' title='bbox 1319 4371 1365 4403; x_wconf 74' lang='grc'><strong><em>⁸⁸</em></strong></span> <span class='ocrx_word' id='word_1_771' title='bbox 1388 4370 1546 4426; x_wconf 80' lang='lat' dir='ltr'><strong><em>Joan.</em></strong></span> <span class='ocrx_word' id='word_1_772' title='bbox 1577 4387 1674 4435; x_wconf 78' lang='lat' dir='ltr'><strong><em>xx,</em></strong></span> <span class='ocrx_word' id='word_1_773' title='bbox 1705 4372 1793 4425; x_wconf 79' lang='lat'><strong><em>‘28.</em></strong></span> 
     </span>
    </p>
   </div>
   <div class='ocr_carea' id='block_1_91' title="bbox 1904 4367 2979 4439">
    <p class='ocr_par' dir='ltr' id='par_1_91' title="bbox 1904 4371 2979 4439">
     <span class='ocr_line' id='line_1_92' title="bbox 1904 4371 2979 4439; baseline 0.005 -13"><span class='ocrx_word' id='word_1_774' title='bbox 1904 4374 1915 4402; x_wconf 86' lang='lat'><strong><em>&#39;</em></strong></span> <span class='ocrx_word' id='word_1_775' title='bbox 1953 4371 2110 4427; x_wconf 84' lang='lat' dir='ltr'><strong><em>Joan.</em></strong></span> <span class='ocrx_word' id='word_1_776' title='bbox 2151 4389 2285 4438; x_wconf 85' lang='lat' dir='ltr'><strong><em>xvtt,</em></strong></span> <span class='ocrx_word' id='word_1_777' title='bbox 2315 4373 2368 4428; x_wconf 80' lang='grc'><strong>5.</strong></span> <span class='ocrx_word' id='word_1_778' title='bbox 2443 4373 2490 4406; x_wconf 85' lang='grc'>⁸⁰</span> <span class='ocrx_word' id='word_1_779' title='bbox 2515 4374 2748 4430; x_wconf 85' lang='lat' dir='ltr'><strong><em>Baruch.</em></strong></span> <span class='ocrx_word' id='word_1_780' title='bbox 2782 4392 2866 4439; x_wconf 89' lang='grc' dir='ltr'>ιιι,</span> <span class='ocrx_word' id='word_1_781' title='bbox 2890 4376 2979 4431; x_wconf 78' lang='grc'>56.</span> 
     </span>
    </p>
   </div>
   <div class='ocr_carea' id='block_1_92' title="bbox 302 4485 1795 4560">
    <p class='ocr_par' dir='ltr' id='par_1_92' title="bbox 302 4485 1791 4560">
     <span class='ocr_line' id='line_1_93' title="bbox 302 4485 1791 4560; baseline 0.005 -24"><span class='ocrx_word' id='word_1_782' title='bbox 302 4485 428 4560; x_wconf 62' lang='grc' dir='ltr'><strong><em>(54)Δ</em></strong></span> <span class='ocrx_word' id='word_1_783' title='bbox 459 4485 594 4538; x_wconf 83' lang='lat' dir='ltr'><strong><em>Editi</em></strong></span> <span class='ocrx_word' id='word_1_784' title='bbox 627 4495 682 4539; x_wconf 90' lang='lat' dir='ltr'><strong><em>et</em></strong></span> <span class='ocrx_word' id='word_1_785' title='bbox 713 4501 856 4560; x_wconf 25' lang='lat' dir='ltr'><strong><em>Amss.</em></strong></span> <span class='ocrx_word' id='word_1_786' title='bbox 884 4487 1127 4560; x_wconf 80' lang='lat' dir='ltr'><strong><em>nonnulli</em></strong></span> <span class='ocrx_word' id='word_1_787' title='bbox 1151 4488 1397 4560; x_wconf 74' lang='grc' dir='ltr'><strong><em>δείκνυσι</em></strong></span> <span class='ocrx_word' id='word_1_788' title='bbox 1419 4488 1613 4558; x_wconf 81' lang='grc' dir='ltr'><strong><em>λέγων.</em></strong></span> <span class='ocrx_word' id='word_1_789' title='bbox 1635 4489 1791 4560; x_wconf 81' lang='lat' dir='ltr'><strong><em>Regii</em></strong></span> 
     </span>
    </p>
   </div>
   <div class='ocr_carea' id='block_1_93' title="bbox 1904 4485 3474 4560">
    <p class='ocr_par' dir='ltr' id='par_1_93' title="bbox 1904 4487 3474 4560">
     <span class='ocr_line' id='line_1_94' title="bbox 1904 4487 3474 4560; baseline 0.004 -19"><span class='ocrx_word' id='word_1_790' title='bbox 1904 4487 1953 4541; x_wconf 91' lang='lat' dir='ltr'><strong>bi</strong></span> <span class='ocrx_word' id='word_1_791' title='bbox 1985 4488 2272 4560; x_wconf 82' lang='grc' dir='ltr'><strong><em>γεννᾶσθαι</em></strong></span> <span class='ocrx_word' id='word_1_792' title='bbox 2306 4489 2484 4560; x_wconf 84' lang='lat' dir='ltr'><strong><em>inepte</em></strong></span> <span class='ocrx_word' id='word_1_793' title='bbox 2515 4500 2732 4544; x_wconf 82' lang='lat' dir='ltr'><strong><em>secutus</em></strong></span> <span class='ocrx_word' id='word_1_794' title='bbox 2771 4491 2860 4545; x_wconf 91' lang='lat' dir='ltr'><strong><em>sit.</em></strong></span> <span class='ocrx_word' id='word_1_795' title='bbox 2901 4491 3004 4544; x_wconf 84' lang='lat' dir='ltr'><strong><em>Alii</em></strong></span> <span class='ocrx_word' id='word_1_796' title='bbox 3049 4501 3158 4546; x_wconf 88' lang='lat' dir='ltr'><strong><em>tres</em></strong></span> <span class='ocrx_word' id='word_1_797' title='bbox 3194 4507 3321 4546; x_wconf 79' lang='lat' dir='ltr'><strong><em>mss.</em></strong></span> <span class='ocrx_word' id='word_1_798' title='bbox 3358 4492 3474 4548; x_wconf 70' lang='lat' dir='ltr'><strong><em>K6-</em></strong></span> 
     </span>
    </p>
   </div>
   <div class='ocr_carea' id='block_1_94' title="bbox 230 4555 1371 4624">
    <p class='ocr_par' dir='ltr' id='par_1_94' title="bbox 230 4555 1371 4624">
     <span class='ocr_line' id='line_1_95' title="bbox 230 4555 1371 4624; baseline 0.004 -16"><span class='ocrx_word' id='word_1_799' title='bbox 230 4555 496 4612; x_wconf 84' lang='lat' dir='ltr'><strong><em>secundns</em></strong></span> <span class='ocrx_word' id='word_1_800' title='bbox 524 4566 572 4608; x_wconf 84' lang='lat' dir='ltr'><strong><em>et</em></strong></span> <span class='ocrx_word' id='word_1_801' title='bbox 605 4557 794 4611; x_wconf 92' lang='lat' dir='ltr'><strong><em>tertius</em></strong></span> <span class='ocrx_word' id='word_1_802' title='bbox 815 4556 1070 4621; x_wconf 84' lang='grc' dir='ltr'><strong><em>δείκνυσι,</em></strong></span> <span class='ocrx_word' id='word_1_803' title='bbox 1103 4557 1371 4624; x_wconf 78' lang='grc' dir='ltr'><strong><em>λέγοντος.</em></strong></span> 
     </span>
    </p>
   </div>
   <div class='ocr_carea' id='block_1_95' title="bbox 303 4625 1800 4701">
    <p class='ocr_par' dir='ltr' id='par_1_95' title="bbox 303 4625 1800 4701">
     <span class='ocr_line' id='line_1_96' title="bbox 303 4625 1800 4701; baseline 0.001 -21"><span class='ocrx_word' id='word_1_804' title='bbox 303 4626 410 4701; x_wconf 74' lang='grc'>(55)</span> <span class='ocrx_word' id='word_1_805' title='bbox 446 4625 609 4701; x_wconf 65' lang='lat' dir='ltr'><strong><em>ldeiti</em></strong></span> <span class='ocrx_word' id='word_1_806' title='bbox 635 4635 690 4680; x_wconf 87' lang='lat' dir='ltr'><strong><em>et</em></strong></span> <span class='ocrx_word' id='word_1_807' title='bbox 712 4627 939 4701; x_wconf 74' lang='lat' dir='ltr'><strong><em>“aliquot</em></strong></span> <span class='ocrx_word' id='word_1_808' title='bbox 992 4644 1117 4681; x_wconf 88' lang='lat' dir='ltr'><strong><em>mss.</em></strong></span> <span class='ocrx_word' id='word_1_809' title='bbox 1149 4629 1211 4680; x_wconf 81' lang='lat' dir='ltr'><strong><em>Ei</em></strong></span> <span class='ocrx_word' id='word_1_810' title='bbox 1249 4629 1338 4682; x_wconf 81' lang='grc' dir='ltr'><strong><em>ὅτε</em></strong></span> <span class='ocrx_word' id='word_1_811' title='bbox 1380 4630 1642 4701; x_wconf 76' lang='grc' dir='ltr'><strong><em>ἐγεννήθη</em></strong></span> <span class='ocrx_word' id='word_1_812' title='bbox 1678 4629 1800 4682; x_wconf 80' lang='grc' dir='ltr'><strong><em>τότε</em></strong></span> 
     </span>
    </p>
   </div>
   <div class='ocr_carea' id='block_1_96' title="bbox 231 4694 1804 4764">
    <p class='ocr_par' dir='ltr' id='par_1_96' title="bbox 231 4694 1804 4764">
     <span class='ocr_line' id='line_1_97' title="bbox 231 4694 1804 4764; baseline 0.003 -14"><span class='ocrx_word' id='word_1_813' title='bbox 231 4696 409 4764; x_wconf 81' lang='grc' dir='ltr'><em>σοφία,</em></span> <span class='ocrx_word' id='word_1_814' title='bbox 449 4694 664 4763; x_wconf 77' lang='grc' dir='ltr'>ψευδές,</span> <span class='ocrx_word' id='word_1_815' title='bbox 714 4694 834 4749; x_wconf 13' lang='lat' dir='ltr'><strong><em>non,</em></strong></span> <span class='ocrx_word' id='word_1_816' title='bbox 861 4698 1086 4764; x_wconf 78' lang='lat' dir='ltr'><strong><em>integre.</em></strong></span> <span class='ocrx_word' id='word_1_817' title='bbox 1136 4701 1203 4750; x_wconf 86' lang='lat' dir='ltr'><strong><em>At</em></strong></span> <span class='ocrx_word' id='word_1_818' title='bbox 1258 4694 1492 4753; x_wconf 49' lang='lat' dir='ltr'><strong><em>recte&#39;et</em></strong></span> <span class='ocrx_word' id='word_1_819' title='bbox 1519 4694 1804 4754; x_wconf 75' lang='lat' dir='ltr'><strong><em>einettdate</em></strong></span> 
     </span>
    </p>
   </div>
   <div class='ocr_carea' id='block_1_97' title="bbox 237 4766 1799 4835">
    <p class='ocr_par' dir='ltr' id='par_1_97' title="bbox 237 4766 1799 4835">
     <span class='ocr_line' id='line_1_98' title="bbox 237 4766 1799 4835; baseline 0.003 -16"><span class='ocrx_word' id='word_1_820' title='bbox 237 4767 431 4834; x_wconf 65' lang='lat' dir='ltr'><strong><em>it&#39;glllil&#39;</em></strong></span> <span class='ocrx_word' id='word_1_821' title='bbox 480 4771 534 4819; x_wconf 78' lang='lat' dir='ltr'><strong><em>in</em></strong></span> <span class='ocrx_word' id='word_1_822' title='bbox 615 4766 852 4835; x_wconf 86' lang='lat' dir='ltr'><strong><em>antiquis</em></strong></span> <span class='ocrx_word' id='word_1_823' title='bbox 915 4766 1086 4821; x_wconf 85' lang='lat' dir='ltr'><strong><em>tribus</em></strong></span> <span class='ocrx_word' id='word_1_824' title='bbox 1153 4769 1305 4822; x_wconf 86' lang='lat' dir='ltr'><strong><em>libris</em></strong></span> <span class='ocrx_word' id='word_1_825' title='bbox 1385 4771 1458 4823; x_wconf 87' lang='lat' dir='ltr'><strong><em>ita</em></strong></span> <span class='ocrx_word' id='word_1_826' title='bbox 1524 4780 1582 4823; x_wconf 91' lang='lat' dir='ltr'><strong><em>ut</em></strong></span> <span class='ocrx_word' id='word_1_827' title='bbox 1629 4771 1799 4824; x_wconf 86' lang='lat' dir='ltr'><strong><em>edidi-</em></strong></span> 
     </span>
    </p>
   </div>
   <div class='ocr_carea' id='block_1_98' title="bbox 235 4852 370 4889">
    <p class='ocr_par' dir='ltr' id='par_1_98' title="bbox 235 4852 370 4889">
     <span class='ocr_line' id='line_1_99' title="bbox 235 4852 370 4889; baseline 0 -1"><span class='ocrx_word' id='word_1_828' title='bbox 235 4852 370 4889; x_wconf 81' lang='lat' dir='ltr'><strong><em>ntus.</em></strong></span> 
     </span>
    </p>
   </div>
   <div class='ocr_carea' id='block_1_99' title="bbox 299 4904 1800 4978">
    <p class='ocr_par' dir='ltr' id='par_1_99' title="bbox 299 4904 1800 4978">
     <span class='ocr_line' id='line_1_100' title="bbox 299 4904 1800 4978; baseline 0.002 -19"><span class='ocrx_word' id='word_1_829' title='bbox 299 4905 409 4975; x_wconf 85' lang='lat'><strong><em>(56)</em></strong></span> <span class='ocrx_word' id='word_1_830' title='bbox 435 4904 570 4959; x_wconf 87' lang='lat' dir='ltr'><strong>Editi</strong></span> <span class='ocrx_word' id='word_1_831' title='bbox 589 4915 641 4959; x_wconf 90' lang='lat' dir='ltr'><strong><em>et</em></strong></span> <span class='ocrx_word' id='word_1_832' title='bbox 665 4905 804 4978; x_wconf 72' lang='lat' dir='ltr'><strong><em>Reg.</em></strong></span> <span class='ocrx_word' id='word_1_833' title='bbox 828 4906 1096 4978; x_wconf 82' lang='lat' dir='ltr'><strong><em>secundus</em></strong></span> <span class='ocrx_word' id='word_1_834' title='bbox 1122 4906 1185 4958; x_wconf 85' lang='grc' dir='ltr'><strong><em>Ἦ</em></strong></span> <span class='ocrx_word' id='word_1_835' title='bbox 1204 4908 1310 4978; x_wconf 73' lang='grc' dir='ltr'><strong><em>γὰρ</em></strong></span> <span class='ocrx_word' id='word_1_836' title='bbox 1329 4907 1653 4976; x_wconf 73' lang='grc' dir='ltr'><em>αὑτοσοφια,</em></span> <span class='ocrx_word' id='word_1_837' title='bbox 1677 4925 1800 4962; x_wconf 89' lang='lat' dir='ltr'><strong><em>nam</em></strong></span> 
     </span>
    </p>
   </div>
   <div class='ocr_carea' id='block_1_100' title="bbox 234 4975 1800 5047">
    <p class='ocr_par' dir='ltr' id='par_1_100' title="bbox 234 4975 1800 5047">
     <span class='ocr_line' id='line_1_101' title="bbox 234 4975 1800 5047; baseline 0.003 -21"><span class='ocrx_word' id='word_1_838' title='bbox 234 4975 342 5043; x_wconf 87' lang='lat' dir='ltr'><strong><em>ipsa</em></strong></span> <span class='ocrx_word' id='word_1_839' title='bbox 369 4991 461 5041; x_wconf 84' lang='lat' dir='ltr'><strong><em>per</em></strong></span> <span class='ocrx_word' id='word_1_840' title='bbox 495 4993 548 5028; x_wconf 90' lang='lat' dir='ltr'><strong><em>se</em></strong></span> <span class='ocrx_word' id='word_1_841' title='bbox 588 4976 846 5047; x_wconf 66' lang='lat' dir='ltr'><strong><em>sapientia</em></strong></span> <span class='ocrx_word' id='word_1_842' title='bbox 866 4975 1007 5047; x_wconf 73' lang='lat' dir='ltr'><strong><em>facta</em></strong></span> <span class='ocrx_word' id='word_1_843' title='bbox 1063 4993 1163 5047; x_wconf 88' lang='lat' dir='ltr'><strong><em>non</em></strong></span> <span class='ocrx_word' id='word_1_844' title='bbox 1199 4975 1293 5031; x_wconf 74' lang='lat' dir='ltr'><strong><em>est.</em></strong></span> <span class='ocrx_word' id='word_1_845' title='bbox 1344 4978 1495 5047; x_wconf 84' lang='lat' dir='ltr'><strong><em>Regii</em></strong></span> <span class='ocrx_word' id='word_1_846' title='bbox 1531 4975 1722 5032; x_wconf 77' lang='lat' dir='ltr'><strong><em>tertius</em></strong></span> <span class='ocrx_word' id='word_1_847' title='bbox 1746 4990 1800 5031; x_wconf 87' lang='lat' dir='ltr'><strong><em>et</em></strong></span> 
     </span>
    </p>
   </div>
   <div class='ocr_carea' id='block_1_101' title="bbox 233 5045 1798 5116">
    <p class='ocr_par' dir='ltr' id='par_1_101' title="bbox 233 5045 1798 5116">
     <span class='ocr_line' id='line_1_102' title="bbox 233 5045 1798 5116; baseline 0.004 -21"><span class='ocrx_word' id='word_1_848' title='bbox 233 5048 446 5114; x_wconf 79' lang='lat' dir='ltr'><strong><em>quintus</em></strong></span> <span class='ocrx_word' id='word_1_849' title='bbox 465 5063 581 5098; x_wconf 79' lang='lat' dir='ltr'><strong><em>cum</em></strong></span> <span class='ocrx_word' id='word_1_850' title='bbox 605 5047 756 5099; x_wconf 77' lang='lat' dir='ltr'><strong><em>Colb.</em></strong></span> <span class='ocrx_word' id='word_1_851' title='bbox 785 5045 848 5097; x_wconf 84' lang='lat' dir='ltr'><strong><em>&#39;H</em></strong></span> <span class='ocrx_word' id='word_1_852' title='bbox 871 5045 976 5116; x_wconf 75' lang='grc' dir='ltr'>γὰρ</span> <span class='ocrx_word' id='word_1_853' title='bbox 995 5046 1158 5116; x_wconf 64' lang='grc' dir='ltr'><em>αὐτοῦ</em></span> <span class='ocrx_word' id='word_1_854' title='bbox 1190 5049 1370 5115; x_wconf 74' lang='grc' dir='ltr'><em>σοφία,</em></span> <span class='ocrx_word' id='word_1_855' title='bbox 1398 5045 1562 5108; x_wconf 61' lang='lat' dir='ltr'><strong><em>iusius</em></strong></span> <span class='ocrx_word' id='word_1_856' title='bbox 1585 5050 1798 5116; x_wconf 87' lang='lat' dir='ltr'><strong><em>sapien-</em></strong></span> 
     </span>
    </p>
   </div>
   <div class='ocr_carea' id='block_1_102' title="bbox 234 5114 1796 5187">
    <p class='ocr_par' dir='ltr' id='par_1_102' title="bbox 234 5114 1796 5187">
     <span class='ocr_line' id='line_1_103' title="bbox 234 5114 1796 5187; baseline 0.004 -21"><span class='ocrx_word' id='word_1_857' title='bbox 234 5117 324 5187; x_wconf 83' lang='lat' dir='ltr'><strong><em>t_ia.</em></strong></span> <span class='ocrx_word' id='word_1_858' title='bbox 341 5116 469 5184; x_wconf 76' lang='lat' dir='ltr'><strong><em>Reg.</em></strong></span> <span class='ocrx_word' id='word_1_859' title='bbox 487 5129 728 5186; x_wconf 86' lang='lat' dir='ltr'><strong><em>quartus,</em></strong></span> <span class='ocrx_word' id='word_1_860' title='bbox 748 5116 808 5168; x_wconf 82' lang='lat' dir='ltr'><strong><em>&#39;H</em></strong></span> <span class='ocrx_word' id='word_1_861' title='bbox 821 5115 929 5185; x_wconf 81' lang='grc' dir='ltr'>γὰρ</span> <span class='ocrx_word' id='word_1_862' title='bbox 943 5114 1036 5168; x_wconf 65' lang='grc' dir='ltr'><em>τοῦ</em></span> <span class='ocrx_word' id='word_1_863' title='bbox 1050 5115 1183 5168; x_wconf 82' lang='grc' dir='ltr'><em>Θεοῦ</em></span> <span class='ocrx_word' id='word_1_864' title='bbox 1202 5114 1383 5187; x_wconf 69' lang='grc' dir='ltr'><em>σοφία,</em></span> <span class='ocrx_word' id='word_1_865' title='bbox 1408 5118 1499 5169; x_wconf 87' lang='lat' dir='ltr'><strong><em>Dei</em></strong></span> <span class='ocrx_word' id='word_1_866' title='bbox 1518 5114 1796 5187; x_wconf 84' lang='lat' dir='ltr'><strong><em>sapientia.</em></strong></span> 
     </span>
    </p>
   </div>
   <div class='ocr_carea' id='block_1_103' title="bbox 235 5185 1795 5256">
    <p class='ocr_par' dir='ltr' id='par_1_103' title="bbox 235 5185 1795 5256">
     <span class='ocr_line' id='line_1_104' title="bbox 235 5185 1795 5256; baseline 0.003 -19"><span class='ocrx_word' id='word_1_867' title='bbox 235 5185 358 5255; x_wconf 67' lang='lat' dir='ltr'><strong><em>Reg.</em></strong></span> <span class='ocrx_word' id='word_1_868' title='bbox 389 5185 573 5238; x_wconf 67' lang='lat' dir='ltr'><strong><em>~extns</em></strong></span> <span class='ocrx_word' id='word_1_869' title='bbox 597 5188 754 5238; x_wconf 78' lang='lat' dir='ltr'><strong><em>habet</em></strong></span> <span class='ocrx_word' id='word_1_870' title='bbox 779 5189 828 5237; x_wconf 87' lang='lat' dir='ltr'><strong><em>itt</em></strong></span> <span class='ocrx_word' id='word_1_871' title='bbox 869 5197 1120 5256; x_wconf 69' lang='lat' dir='ltr'><strong><em>contextu</em></strong></span> <span class='ocrx_word' id='word_1_872' title='bbox 1167 5188 1230 5240; x_wconf 80' lang='grc' dir='ltr'><strong>Ἠ</strong></span> <span class='ocrx_word' id='word_1_873' title='bbox 1263 5185 1370 5256; x_wconf 65' lang='grc' dir='ltr'>γὰρ</span> <span class='ocrx_word' id='word_1_874' title='bbox 1398 5186 1560 5241; x_wconf 76' lang='grc' dir='ltr'><em>αὑτοῦ</em></span> <span class='ocrx_word' id='word_1_875' title='bbox 1591 5189 1753 5256; x_wconf 73' lang='grc' dir='ltr'><em>σοφία.</em></span> <span class='ocrx_word' id='word_1_876' title='bbox 1782 5206 1795 5218; x_wconf 73' lang='grc'><strong>⁸</strong></span> 
     </span>
    </p>
   </div>
   <div class='ocr_carea' id='block_1_104' title="bbox 236 5255 1800 5324">
    <p class='ocr_par' dir='ltr' id='par_1_104' title="bbox 236 5255 1800 5324">
     <span class='ocr_line' id='line_1_105' title="bbox 236 5255 1800 5324; baseline 0.002 -16"><span class='ocrx_word' id='word_1_877' title='bbox 236 5264 322 5308; x_wconf 81' lang='lat' dir='ltr'><strong><em>sed</em></strong></span> <span class='ocrx_word' id='word_1_878' title='bbox 348 5257 505 5308; x_wconf 86' lang='lat' dir='ltr'><strong><em>habet</em></strong></span> <span class='ocrx_word' id='word_1_879' title='bbox 532 5257 582 5308; x_wconf 91' lang='lat' dir='ltr'><strong><em>in</em></strong></span> <span class='ocrx_word' id='word_1_880' title='bbox 618 5256 856 5324; x_wconf 77' lang='lat' dir='ltr'><strong><em>margine</em></strong></span> <span class='ocrx_word' id='word_1_881' title='bbox 877 5255 971 5308; x_wconf 79' lang='grc' dir='ltr'><em>τοῦ</em></span> <span class='ocrx_word' id='word_1_882' title='bbox 999 5255 1152 5310; x_wconf 80' lang='grc' dir='ltr'><em>Θεοῦ.</em></span> <span class='ocrx_word' id='word_1_883' title='bbox 1190 5255 1433 5324; x_wconf 81' lang='lat' dir='ltr'><strong><em>Denique</em></strong></span> <span class='ocrx_word' id='word_1_884' title='bbox 1460 5259 1620 5311; x_wconf 86' lang='lat' dir='ltr'><strong><em>lectio</em></strong></span> <span class='ocrx_word' id='word_1_885' title='bbox 1647 5255 1800 5311; x_wconf 86' lang='lat' dir='ltr'><strong><em>utra-</em></strong></span> 
     </span>
    </p>
   </div>
   <div class='ocr_carea' id='block_1_105' title="bbox 234 5324 1796 5398">
    <p class='ocr_par' dir='ltr' id='par_1_105' title="bbox 234 5324 1796 5398">
     <span class='ocr_line' id='line_1_106' title="bbox 234 5324 1796 5398; baseline 0.004 -24"><span class='ocrx_word' id='word_1_886' title='bbox 234 5327 407 5398; x_wconf 69' lang='lat' dir='ltr'><strong><em>que_in</em></strong></span> <span class='ocrx_word' id='word_1_887' title='bbox 433 5324 603 5398; x_wconf 63' lang='lat' dir='ltr'><strong><em>Regio</em></strong></span> <span class='ocrx_word' id='word_1_888' title='bbox 621 5330 803 5398; x_wconf 79' lang='lat' dir='ltr'><strong><em>primo</em></strong></span> <span class='ocrx_word' id='word_1_889' title='bbox 839 5325 997 5398; x_wconf 76' lang='lat' dir='ltr'><strong><em>simul</em></strong></span> <span class='ocrx_word' id='word_1_890' title='bbox 1023 5329 1240 5393; x_wconf 88' lang='lat' dir='ltr'><strong><em>ponitur</em></strong></span> <span class='ocrx_word' id='word_1_891' title='bbox 1283 5327 1348 5380; x_wconf 86' lang='lat' dir='ltr'><strong><em>&#39;H</em></strong></span> <span class='ocrx_word' id='word_1_892' title='bbox 1370 5328 1478 5398; x_wconf 84' lang='grc' dir='ltr'><strong><em>γὰρ</em></strong></span> <span class='ocrx_word' id='word_1_893' title='bbox 1509 5327 1674 5380; x_wconf 81' lang='grc' dir='ltr'><em>αὐτοῦ</em></span> <span class='ocrx_word' id='word_1_894' title='bbox 1702 5327 1796 5381; x_wconf 82' lang='grc' dir='ltr'><em>τοῦ</em></span> 
     </span>
    </p>
   </div>
   <div class='ocr_carea' id='block_1_106' title="bbox 234 5392 1798 5468">
    <p class='ocr_par' dir='ltr' id='par_1_106' title="bbox 234 5392 1798 5468">
     <span class='ocr_line' id='line_1_107' title="bbox 234 5392 1798 5468; baseline 0.006 -24"><span class='ocrx_word' id='word_1_895' title='bbox 234 5392 359 5446; x_wconf 83' lang='grc' dir='ltr'><em>Θεοῦ</em></span> <span class='ocrx_word' id='word_1_896' title='bbox 387 5397 564 5466; x_wconf 70' lang='grc' dir='ltr'><em>σοφία.</em></span> <span class='ocrx_word' id='word_1_897' title='bbox 590 5396 702 5452; x_wconf 88' lang='lat' dir='ltr'><strong><em>Hoc</em></strong></span> <span class='ocrx_word' id='word_1_898' title='bbox 732 5413 799 5450; x_wconf 86' lang='lat' dir='ltr'><strong><em>an</em></strong></span> <span class='ocrx_word' id='word_1_899' title='bbox 825 5395 914 5451; x_wconf 90' lang='lat' dir='ltr'><strong><em>illo</em></strong></span> <span class='ocrx_word' id='word_1_900' title='bbox 941 5392 1101 5450; x_wconf 85' lang='lat' dir='ltr'><strong><em>modo</em></strong></span> <span class='ocrx_word' id='word_1_901' title='bbox 1133 5398 1302 5468; x_wconf 73' lang='lat' dir='ltr'><strong><em>legas,</em></strong></span> <span class='ocrx_word' id='word_1_902' title='bbox 1331 5392 1555 5452; x_wconf 80' lang='lat' dir='ltr'><strong><em>mulium</em></strong></span> <span class='ocrx_word' id='word_1_903' title='bbox 1593 5398 1798 5454; x_wconf 81' lang='lat' dir='ltr'><strong><em>referre</em></strong></span> 
     </span>
    </p>
   </div>
   <div class='ocr_carea' id='block_1_107' title="bbox 233 5469 542 5522">
    <p class='ocr_par' dir='ltr' id='par_1_107' title="bbox 233 5469 542 5522">
     <span class='ocr_line' id='line_1_108' title="bbox 233 5469 542 5522; baseline 0.019 -6"><span class='ocrx_word' id='word_1_904' title='bbox 233 5478 334 5517; x_wconf 86' lang='lat' dir='ltr'><strong><em>non</em></strong></span> <span class='ocrx_word' id='word_1_905' title='bbox 373 5469 542 5522; x_wconf 82' lang='lat' dir='ltr'><strong><em>vitleo.</em></strong></span> 
     </span>
    </p>
   </div>
   <div class='ocr_carea' id='block_1_108' title="bbox 305 5535 1801 5610">
    <p class='ocr_par' dir='ltr' id='par_1_108' title="bbox 305 5535 1801 5610">
     <span class='ocr_line' id='line_1_109' title="bbox 305 5535 1801 5610; baseline 0.003 -23"><span class='ocrx_word' id='word_1_906' title='bbox 305 5535 412 5610; x_wconf 77' lang='grc'>(57)</span> <span class='ocrx_word' id='word_1_907' title='bbox 445 5537 649 5610; x_wconf 78' lang='lat' dir='ltr'><strong><em>Editiet</em></strong></span> <span class='ocrx_word' id='word_1_908' title='bbox 669 5538 872 5606; x_wconf 87' lang='lat' dir='ltr'><strong><em>aliquot</em></strong></span> <span class='ocrx_word' id='word_1_909' title='bbox 892 5554 1020 5594; x_wconf 91' lang='lat' dir='ltr'><strong><em>mss.</em></strong></span> <span class='ocrx_word' id='word_1_910' title='bbox 1039 5539 1240 5610; x_wconf 77' lang='grc' dir='ltr'><strong><em>Κύριος</em></strong></span> <span class='ocrx_word' id='word_1_911' title='bbox 1256 5537 1539 5610; x_wconf 72' lang='grc' dir='ltr'>ἐγεννήθηο</span> <span class='ocrx_word' id='word_1_912' title='bbox 1561 5538 1705 5607; x_wconf 89' lang='lat' dir='ltr'><strong><em>quod</em></strong></span> <span class='ocrx_word' id='word_1_913' title='bbox 1728 5538 1801 5592; x_wconf 88' lang='lat' dir='ltr'><strong>ita</strong></span> 
     </span>
    </p>
   </div>
   <div class='ocr_carea' id='block_1_109' title="bbox 237 5602 1795 5677">
    <p class='ocr_par' dir='ltr' id='par_1_109' title="bbox 237 5602 1795 5677">
     <span class='ocr_line' id='line_1_110' title="bbox 237 5602 1795 5677; baseline 0.005 -25"><span class='ocrx_word' id='word_1_914' title='bbox 237 5602 419 5677; x_wconf 51' lang='lat' dir='ltr'><strong><em>Latine</em></strong></span> <span class='ocrx_word' id='word_1_915' title='bbox 443 5609 722 5677; x_wconf 79' lang='lat' dir='ltr'><strong><em>redditum</em></strong></span> <span class='ocrx_word' id='word_1_916' title='bbox 761 5602 1103 5676; x_wconf 50' lang='lat' dir='ltr'><strong><em>&#39;oportuerat,</em></strong></span> <span class='ocrx_word' id='word_1_917' title='bbox 1131 5602 1142 5610; x_wconf 79' lang='grc'><em>’</em></span> <span class='ocrx_word' id='word_1_918' title='bbox 1165 5602 1444 5664; x_wconf 68' lang='grc' dir='ltr'><strong><em>υοηιῖιιιιε’</em></strong></span> <span class='ocrx_word' id='word_1_919' title='bbox 1463 5602 1667 5677; x_wconf 69' lang='lat' dir='ltr'><strong><em>genitus</em></strong></span> <span class='ocrx_word' id='word_1_920' title='bbox 1698 5618 1795 5660; x_wconf 88' lang='lat' dir='ltr'><strong><em>est.</em></strong></span> 
     </span>
    </p>
   </div>
   <div class='ocr_carea' id='block_1_110' title="bbox 240 5672 1866 5747">
    <p class='ocr_par' dir='ltr' id='par_1_110' title="bbox 240 5672 1866 5747">
     <span class='ocr_line' id='line_1_111' title="bbox 240 5672 1866 5747; baseline 0.001 -22"><span class='ocrx_word' id='word_1_921' title='bbox 240 5672 414 5747; x_wconf 54' lang='lat' dir='ltr'><strong><em>Vertit</em></strong></span> <span class='ocrx_word' id='word_1_922' title='bbox 440 5676 720 5747; x_wconf 79' lang='lat' dir='ltr'><strong><em>interpres,</em></strong></span> <span class='ocrx_word' id='word_1_923' title='bbox 753 5672 1005 5734; x_wconf 83' lang='lat' dir='ltr'><strong><em>Dominus</em></strong></span> <span class='ocrx_word' id='word_1_924' title='bbox 1050 5691 1206 5733; x_wconf 86' lang='lat' dir='ltr'><strong><em>natus</em></strong></span> <span class='ocrx_word' id='word_1_925' title='bbox 1241 5689 1338 5740; x_wconf 89' lang='lat' dir='ltr'><strong><em>est,</em></strong></span> <span class='ocrx_word' id='word_1_926' title='bbox 1370 5672 1482 5732; x_wconf 75' lang='lat' dir='ltr'><strong><em>sive</em></strong></span> <span class='ocrx_word' id='word_1_927' title='bbox 1521 5695 1616 5747; x_wconf 90' lang='lat' dir='ltr'><strong><em>pro</em></strong></span> <span class='ocrx_word' id='word_1_928' title='bbox 1641 5680 1798 5746; x_wconf 82' lang='grc' dir='ltr'>ὲγεν-</span> <span class='ocrx_word' id='word_1_929' title='bbox 1829 5673 1866 5736; x_wconf 72' lang='grc' dir='ltr'><strong><em>,ἶ</em></strong></span> 
     </span>
    </p>
   </div>
   <div class='ocr_carea' id='block_1_111' title="bbox 237 5742 1800 5820">
    <p class='ocr_par' dir='ltr' id='par_1_111' title="bbox 237 5742 1800 5820">
     <span class='ocr_line' id='line_1_112' title="bbox 237 5742 1800 5820; baseline 0.003 -23"><span class='ocrx_word' id='word_1_930' title='bbox 237 5742 365 5813; x_wconf 61' lang='grc' dir='ltr'><strong><em>γήθτη</em></strong></span> <span class='ocrx_word' id='word_1_931' title='bbox 403 5742 591 5813; x_wconf 77' lang='lat' dir='ltr'><strong><em>legerit</em></strong></span> <span class='ocrx_word' id='word_1_932' title='bbox 615 5748 865 5820; x_wconf 75' lang='grc' dir='ltr'>ἐγενήθη,</span> <span class='ocrx_word' id='word_1_933' title='bbox 895 5751 1008 5804; x_wconf 89' lang='lat' dir='ltr'><strong><em>sive</em></strong></span> <span class='ocrx_word' id='word_1_934' title='bbox 1033 5750 1311 5818; x_wconf 74' lang='lat' dir='ltr'><strong><em>Vulgatam</em></strong></span> <span class='ocrx_word' id='word_1_935' title='bbox 1344 5742 1533 5804; x_wconf 73' lang='lat' dir='ltr'><strong><em>contra</em></strong></span> <span class='ocrx_word' id='word_1_936' title='bbox 1548 5749 1656 5802; x_wconf 88' lang='lat' dir='ltr'><strong><em>vim</em></strong></span> <span class='ocrx_word' id='word_1_937' title='bbox 1682 5742 1800 5803; x_wconf 59' lang='lat' dir='ltr'><strong><em>vere</em></strong></span> 
     </span>
    </p>
   </div>
   <div class='ocr_carea' id='block_1_112' title="bbox 631 5841 1349 5903">
    <p class='ocr_par' dir='ltr' id='par_1_112' title="bbox 631 5841 1349 5903">
     <span class='ocr_line' id='line_1_113' title="bbox 631 5841 1349 5903; baseline 0.004 -4"><span class='ocrx_word' id='word_1_938' title='bbox 631 5841 900 5903; x_wconf 71' lang='grc' dir='ltr'><strong><em>ΡΑτιιοι..</em></strong></span> <span class='ocrx_word' id='word_1_939' title='bbox 950 5844 1069 5903; x_wconf 87' lang='lat' dir='ltr'><strong><em>Gn.</em></strong></span> <span class='ocrx_word' id='word_1_940' title='bbox 1111 5842 1349 5902; x_wconf 53' lang='lat' dir='ltr'><strong><em>XXIX.</em></strong></span> 
     </span>
    </p>
   </div>
   <div class='ocr_carea' id='block_1_113' title="bbox 1943 4558 3474 4631">
    <p class='ocr_par' dir='ltr' id='par_1_113' title="bbox 1943 4558 3474 4631">
     <span class='ocr_line' id='line_1_114' title="bbox 1943 4558 3474 4631; baseline 0.006 -21"><span class='ocrx_word' id='word_1_941' title='bbox 1943 4575 2020 4621; x_wconf 79' lang='lat' dir='ltr'><strong><em>to;</em></strong></span> <span class='ocrx_word' id='word_1_942' title='bbox 2051 4559 2304 4630; x_wconf 78' lang='grc' dir='ltr'>ἐγενήθη,</span> <span class='ocrx_word' id='word_1_943' title='bbox 2343 4558 2517 4626; x_wconf 83' lang='lat' dir='ltr'><strong><em>factus</em></strong></span> <span class='ocrx_word' id='word_1_944' title='bbox 2570 4571 2678 4624; x_wconf 83' lang='lat' dir='ltr'><strong><em>est;</em></strong></span> <span class='ocrx_word' id='word_1_945' title='bbox 2731 4577 2832 4616; x_wconf 88' lang='lat' dir='ltr'><strong><em>nec</em></strong></span> <span class='ocrx_word' id='word_1_946' title='bbox 2873 4563 3030 4614; x_wconf 85' lang='lat' dir='ltr'><strong><em>aliter</em></strong></span> <span class='ocrx_word' id='word_1_947' title='bbox 3056 4563 3196 4631; x_wconf 88' lang='lat' dir='ltr'><strong><em>apud</em></strong></span> <span class='ocrx_word' id='word_1_948' title='bbox 3249 4562 3474 4619; x_wconf 86' lang='lat' dir='ltr'><strong><em>Paulum</em></strong></span> 
     </span>
    </p>
   </div>
   <div class='ocr_carea' id='block_1_114' title="bbox 1923 4640 3478 4770">
    <p class='ocr_par' dir='ltr' id='par_1_114' title="bbox 1923 4640 3478 4770">
     <span class='ocr_line' id='line_1_115' title="bbox 1923 4640 3478 4770; baseline 0.003 -18"><span class='ocrx_word' id='word_1_949' title='bbox 1923 4640 2250 4768; x_wconf 49' lang='grc' dir='ltr'>θῆίέὲἶίιιυίι</span> <span class='ocrx_word' id='word_1_950' title='bbox 2269 4697 2582 4768; x_wconf 75' lang='lat' dir='ltr'><strong><em>Scriptum,</em></strong></span> <span class='ocrx_word' id='word_1_951' title='bbox 2609 4695 2777 4764; x_wconf 76' lang='grc' dir='ltr'><strong><em>Οὗτος</em></strong></span> <span class='ocrx_word' id='word_1_952' title='bbox 2804 4701 2832 4754; x_wconf 89' lang='lat'><strong><em>6</em></strong></span> <span class='ocrx_word' id='word_1_953' title='bbox 2855 4700 2987 4763; x_wconf 83' lang='grc' dir='ltr'><em>Θεὸς</em></span> <span class='ocrx_word' id='word_1_954' title='bbox 3010 4699 3186 4770; x_wconf 74' lang='grc' dir='ltr'>ἡμῶν,</span> <span class='ocrx_word' id='word_1_955' title='bbox 3219 4697 3319 4754; x_wconf 83' lang='lat' dir='ltr'><strong><em>Hic</em></strong></span> <span class='ocrx_word' id='word_1_956' title='bbox 3337 4701 3478 4756; x_wconf 87' lang='lat' dir='ltr'><strong><em>Deus</em></strong></span> 
     </span>
    </p>
   </div>
   <div class='ocr_carea' id='block_1_115' title="bbox 1906 4769 3476 4853">
    <p class='ocr_par' dir='ltr' id='par_1_115' title="bbox 1906 4769 3476 4853">
     <span class='ocr_line' id='line_1_116' title="bbox 1906 4769 3476 4853; baseline 0.003 -31"><span class='ocrx_word' id='word_1_957' title='bbox 1906 4780 2131 4853; x_wconf 55' lang='lat' dir='ltr'><strong><em>noster,“</em></strong></span> <span class='ocrx_word' id='word_1_958' title='bbox 2159 4777 2302 4853; x_wconf 73' lang='lat' dir='ltr'><strong><em>ctc._,</em></strong></span> <span class='ocrx_word' id='word_1_959' title='bbox 2349 4787 2456 4824; x_wconf 90' lang='lat' dir='ltr'><strong><em>non</em></strong></span> <span class='ocrx_word' id='word_1_960' title='bbox 2508 4772 2774 4853; x_wconf 61' lang='lat' dir='ltr'><strong><em>reperitur</em></strong></span> <span class='ocrx_word' id='word_1_961' title='bbox 2819 4774 2958 4853; x_wconf 63' lang='lat' dir='ltr'><strong><em>apud</em></strong></span> <span class='ocrx_word' id='word_1_962' title='bbox 3005 4769 3333 4850; x_wconf 76' lang='lat' dir='ltr'><strong><em>Jeremiam,</em></strong></span> <span class='ocrx_word' id='word_1_963' title='bbox 3381 4775 3476 4826; x_wconf 88' lang='lat' dir='ltr'><strong><em>sed</em></strong></span> 
     </span>
    </p>
   </div>
   <div class='ocr_carea' id='block_1_116' title="bbox 1905 4839 3475 4978">
    <p class='ocr_par' dir='ltr' id='par_1_116' title="bbox 1905 4839 3475 4978">
     <span class='ocr_line' id='line_1_117' title="bbox 1905 4839 3474 4909; baseline 0.003 -18"><span class='ocrx_word' id='word_1_964' title='bbox 1905 4840 2044 4905; x_wconf 84' lang='lat' dir='ltr'><strong><em>apud</em></strong></span> <span class='ocrx_word' id='word_1_965' title='bbox 2096 4839 2301 4892; x_wconf 79' lang='lat' dir='ltr'><strong><em>Barut-h</em></strong></span> <span class='ocrx_word' id='word_1_966' title='bbox 2352 4855 2470 4909; x_wconf 84' lang='lat' dir='ltr'><strong><em>cap.</em></strong></span> <span class='ocrx_word' id='word_1_967' title='bbox 2503 4857 2585 4900; x_wconf 85' lang='grc' dir='ltr'>ιιι.</span> <span class='ocrx_word' id='word_1_968' title='bbox 2621 4856 2670 4892; x_wconf 88' lang='lat' dir='ltr'><strong><em>v.</em></strong></span> <span class='ocrx_word' id='word_1_969' title='bbox 2707 4839 2798 4894; x_wconf 74' lang='lat'><strong><em>36.</em></strong></span> <span class='ocrx_word' id='word_1_970' title='bbox 2840 4840 2948 4894; x_wconf 87' lang='lat' dir='ltr'><strong><em>Nec</em></strong></span> <span class='ocrx_word' id='word_1_971' title='bbox 2977 4842 3230 4907; x_wconf 81' lang='lat' dir='ltr'><strong><em>cuiquam</em></strong></span> <span class='ocrx_word' id='word_1_972' title='bbox 3279 4845 3474 4895; x_wconf 87' lang='lat' dir='ltr'><strong><em>mirum</em></strong></span> 
     </span>
     <span class='ocr_line' id='line_1_118' title="bbox 1910 4907 3475 4978; baseline 0.003 -18"><span class='ocrx_word' id='word_1_973' title='bbox 1910 4908 2076 4961; x_wconf 87' lang='lat' dir='ltr'><strong><em>videri</em></strong></span> <span class='ocrx_word' id='word_1_974' title='bbox 2110 4909 2292 4971; x_wconf 80' lang='lat' dir='ltr'><strong><em>debet,</em></strong></span> <span class='ocrx_word' id='word_1_975' title='bbox 2317 4909 2511 4964; x_wconf 87' lang='lat' dir='ltr'><strong><em>librum</em></strong></span> <span class='ocrx_word' id='word_1_976' title='bbox 2533 4910 2744 4964; x_wconf 87' lang='lat' dir='ltr'><strong><em>Baruch</em></strong></span> <span class='ocrx_word' id='word_1_977' title='bbox 2774 4912 2988 4963; x_wconf 84' lang='lat' dir='ltr'><strong><em>nomine</em></strong></span> <span class='ocrx_word' id='word_1_978' title='bbox 3020 4907 3265 4964; x_wconf 64' lang='lat' dir='ltr'><strong><em>Jet&#39;entiaa</em></strong></span> <span class='ocrx_word' id='word_1_979' title='bbox 3294 4911 3475 4978; x_wconf 88' lang='lat' dir='ltr'><strong><em>citari,</em></strong></span> 
     </span>
    </p>
   </div>
   <div class='ocr_carea' id='block_1_117' title="bbox 1906 4979 3477 5048">
    <p class='ocr_par' dir='ltr' id='par_1_117' title="bbox 1906 4979 3477 5048">
     <span class='ocr_line' id='line_1_119' title="bbox 1906 4979 3477 5048; baseline 0.003 -18"><span class='ocrx_word' id='word_1_980' title='bbox 1906 4992 2034 5048; x_wconf 71' lang='lat' dir='ltr'><strong><em>cunt</em></strong></span> <span class='ocrx_word' id='word_1_981' title='bbox 2071 4979 2220 5030; x_wconf 87' lang='lat' dir='ltr'><strong><em>tnttlti</em></strong></span> <span class='ocrx_word' id='word_1_982' title='bbox 2255 4996 2318 5032; x_wconf 71' lang='lat' dir='ltr'><strong><em>ex</em></strong></span> <span class='ocrx_word' id='word_1_983' title='bbox 2354 4981 2591 5048; x_wconf 80' lang='lat' dir='ltr'><strong><em>antiquis</em></strong></span> <span class='ocrx_word' id='word_1_984' title='bbox 2641 4983 2867 5033; x_wconf 88' lang='lat' dir='ltr'><strong><em>alterum</em></strong></span> <span class='ocrx_word' id='word_1_985' title='bbox 2905 4981 3102 5032; x_wconf 89' lang='lat' dir='ltr'><strong><em>librum</em></strong></span> <span class='ocrx_word' id='word_1_986' title='bbox 3134 4996 3256 5032; x_wconf 88' lang='lat' dir='ltr'><strong><em>cum</em></strong></span> <span class='ocrx_word' id='word_1_987' title='bbox 3301 4981 3477 5034; x_wconf 89' lang='lat' dir='ltr'><strong><em>altero</em></strong></span> 
     </span>
    </p>
   </div>
   <div class='ocr_carea' id='block_1_118' title="bbox 1907 5047 3479 5116">
    <p class='ocr_par' dir='ltr' id='par_1_118' title="bbox 1907 5047 3479 5116">
     <span class='ocr_line' id='line_1_120' title="bbox 1907 5047 3479 5116; baseline 0.003 -18"><span class='ocrx_word' id='word_1_988' title='bbox 1907 5047 2237 5101; x_wconf 80' lang='lat' dir='ltr'><strong><em>confundere</em></strong></span> <span class='ocrx_word' id='word_1_989' title='bbox 2286 5051 2428 5103; x_wconf 79' lang='lat' dir='ltr'><strong><em>soliti</em></strong></span> <span class='ocrx_word' id='word_1_990' title='bbox 2457 5047 2590 5112; x_wconf 87' lang='lat' dir='ltr'><strong><em>sint,</em></strong></span> <span class='ocrx_word' id='word_1_991' title='bbox 2622 5061 2679 5102; x_wconf 91' lang='lat' dir='ltr'><strong><em>ut</em></strong></span> <span class='ocrx_word' id='word_1_992' title='bbox 2706 5051 2890 5104; x_wconf 68' lang='lat' dir='ltr'><strong><em>videre</em></strong></span> <span class='ocrx_word' id='word_1_993' title='bbox 2930 5060 3014 5103; x_wconf 87' lang='lat' dir='ltr'><strong><em>est</em></strong></span> <span class='ocrx_word' id='word_1_994' title='bbox 3055 5048 3196 5116; x_wconf 81' lang='lat' dir='ltr'><strong><em>apud</em></strong></span> <span class='ocrx_word' id='word_1_995' title='bbox 3228 5049 3479 5103; x_wconf 75' lang='lat' dir='ltr'><strong><em>Clemen-</em></strong></span> 
     </span>
    </p>
   </div>
   <div class='ocr_carea' id='block_1_119' title="bbox 1909 5113 3590 5189">
    <p class='ocr_par' dir='ltr' id='par_1_119' title="bbox 1909 5113 3590 5189">
     <span class='ocr_line' id='line_1_121' title="bbox 1909 5113 3590 5189; baseline 0.001 -21"><span class='ocrx_word' id='word_1_996' title='bbox 1909 5127 2014 5189; x_wconf 88' lang='lat' dir='ltr'><strong><em>tem</em></strong></span> <span class='ocrx_word' id='word_1_997' title='bbox 2046 5119 2468 5172; x_wconf 83' lang='lat' dir='ltr'><strong><em>Alexandrinum</em></strong></span> <span class='ocrx_word' id='word_1_998' title='bbox 2506 5120 2597 5173; x_wconf 90' lang='lat' dir='ltr'><strong><em>Itb.</em></strong></span> <span class='ocrx_word' id='word_1_999' title='bbox 2630 5137 2643 5173; x_wconf 92' lang='grc' dir='ltr'><strong><em>ι</em></strong></span> <span class='ocrx_word' id='word_1_1000' title='bbox 2675 5118 2891 5189; x_wconf 79' lang='lat' dir='ltr'><strong><em>Ptcdag.</em></strong></span> <span class='ocrx_word' id='word_1_1001' title='bbox 2923 5134 3043 5187; x_wconf 88' lang='lat' dir='ltr'><strong><em>cap.</em></strong></span> <span class='ocrx_word' id='word_1_1002' title='bbox 3065 5113 3121 5183; x_wconf 72' lang='lat'><strong><em>9.,</em></strong></span> <span class='ocrx_word' id='word_1_1003' title='bbox 3155 5121 3295 5186; x_wconf 87' lang='lat' dir='ltr'><strong><em>apud</em></strong></span> <span class='ocrx_word' id='word_1_1004' title='bbox 3326 5133 3480 5173; x_wconf 76' lang='lat' dir='ltr'><strong><em>eum-</em></strong></span> <span class='ocrx_word' id='word_1_1005' title='bbox 3585 5113 3590 5120; x_wconf 82' lang='grc'><em>’</em></span> 
     </span>
    </p>
   </div>
   <div class='ocr_carea' id='block_1_120' title="bbox 1907 5188 3479 5258">
    <p class='ocr_par' dir='ltr' id='par_1_120' title="bbox 1907 5188 3479 5258">
     <span class='ocr_line' id='line_1_122' title="bbox 1907 5188 3479 5258; baseline 0.003 -20"><span class='ocrx_word' id='word_1_1006' title='bbox 1907 5188 2028 5258; x_wconf 80' lang='lat' dir='ltr'><strong><em>dem</em></strong></span> <span class='ocrx_word' id='word_1_1007' title='bbox 2069 5189 2160 5240; x_wconf 82' lang='lat' dir='ltr'><strong><em>lib.</em></strong></span> <span class='ocrx_word' id='word_1_1008' title='bbox 2191 5204 2246 5252; x_wconf 90' lang='lat' dir='ltr'><strong><em>ll,</em></strong></span> <span class='ocrx_word' id='word_1_1009' title='bbox 2275 5206 2396 5256; x_wconf 81' lang='lat' dir='ltr'><strong><em>cap.</em></strong></span> <span class='ocrx_word' id='word_1_1010' title='bbox 2447 5189 2502 5250; x_wconf 82' lang='grc'><em>5,</em></span> <span class='ocrx_word' id='word_1_1011' title='bbox 2551 5189 2690 5256; x_wconf 85' lang='lat' dir='ltr'><strong><em>apud</em></strong></span> <span class='ocrx_word' id='word_1_1012' title='bbox 2744 5188 3079 5258; x_wconf 74' lang='lat' dir='ltr'><strong><em>Cyprianum</em></strong></span> <span class='ocrx_word' id='word_1_1013' title='bbox 3118 5189 3190 5240; x_wconf 84' lang='lat' dir='ltr'><strong><em>De</em></strong></span> <span class='ocrx_word' id='word_1_1014' title='bbox 3226 5192 3479 5258; x_wconf 59' lang='lat' dir='ltr'><strong><em>oratione</em></strong></span> 
     </span>
    </p>
   </div>
   <div class='ocr_carea' id='block_1_121' title="bbox 1907 5256 3474 5326">
    <p class='ocr_par' dir='ltr' id='par_1_121' title="bbox 1907 5256 3474 5326">
     <span class='ocr_line' id='line_1_123' title="bbox 1907 5256 3474 5326; baseline 0.001 -16"><span class='ocrx_word' id='word_1_1015' title='bbox 1907 5256 2209 5320; x_wconf 84' lang='lat' dir='ltr'><strong><em>Dominica,</em></strong></span> <span class='ocrx_word' id='word_1_1016' title='bbox 2263 5261 2402 5326; x_wconf 87' lang='lat' dir='ltr'><strong><em>apud</em></strong></span> <span class='ocrx_word' id='word_1_1017' title='bbox 2455 5256 2959 5314; x_wconf 44' lang='lat' dir='ltr'><strong><em>Ambrosium—lib.</em></strong></span> <span class='ocrx_word' id='word_1_1018' title='bbox 3017 5274 3055 5312; x_wconf 91' lang='grc' dir='ltr'><strong><em>ιι</em></strong></span> <span class='ocrx_word' id='word_1_1019' title='bbox 3108 5258 3162 5310; x_wconf 88' lang='lat' dir='ltr'><strong><em>in</em></strong></span> <span class='ocrx_word' id='word_1_1020' title='bbox 3218 5256 3474 5313; x_wconf 66' lang='lat' dir='ltr'><strong><em>Hexaem.</em></strong></span> 
     </span>
    </p>
   </div>
   <div class='ocr_carea' id='block_1_122' title="bbox 1906 5328 2412 5396">
    <p class='ocr_par' dir='ltr' id='par_1_122' title="bbox 1906 5328 2412 5396">
     <span class='ocr_line' id='line_1_124' title="bbox 1906 5328 2412 5396; baseline 0.002 -15"><span class='ocrx_word' id='word_1_1021' title='bbox 1906 5342 2025 5396; x_wconf 88' lang='lat' dir='ltr'><strong><em>cap.</em></strong></span> <span class='ocrx_word' id='word_1_1022' title='bbox 2073 5328 2157 5385; x_wconf 74' lang='grc'><strong>14.</strong></span> <span class='ocrx_word' id='word_1_1023' title='bbox 2185 5337 2239 5381; x_wconf 84' lang='lat' dir='ltr'><strong><em>el.</em></strong></span> <span class='ocrx_word' id='word_1_1024' title='bbox 2265 5329 2412 5382; x_wconf 83' lang='lat' dir='ltr'><strong><em>alibi.</em></strong></span> 
     </span>
    </p>
   </div>
   <div class='ocr_carea' id='block_1_123' title="bbox 1982 5396 3480 5467">
    <p class='ocr_par' dir='ltr' id='par_1_123' title="bbox 1982 5396 3480 5467">
     <span class='ocr_line' id='line_1_125' title="bbox 1982 5396 3480 5467; baseline 0.001 -17"><span class='ocrx_word' id='word_1_1025' title='bbox 1982 5398 2094 5467; x_wconf 76' lang='grc'>(59)</span> <span class='ocrx_word' id='word_1_1026' title='bbox 2141 5398 2236 5451; x_wconf 88' lang='lat' dir='ltr'><strong><em>llic</em></strong></span> <span class='ocrx_word' id='word_1_1027' title='bbox 2287 5399 2728 5466; x_wconf 81' lang='lat' dir='ltr'><strong><em>interrogationis</em></strong></span> <span class='ocrx_word' id='word_1_1028' title='bbox 2776 5407 2897 5452; x_wconf 85' lang='lat' dir='ltr'><strong><em>nota</em></strong></span> <span class='ocrx_word' id='word_1_1029' title='bbox 2948 5402 3002 5450; x_wconf 91' lang='lat' dir='ltr'><strong><em>in</em></strong></span> <span class='ocrx_word' id='word_1_1030' title='bbox 3041 5396 3186 5467; x_wconf 76' lang='lat' dir='ltr'><strong><em>Reg.</em></strong></span> <span class='ocrx_word' id='word_1_1031' title='bbox 3237 5397 3480 5452; x_wconf 87' lang='lat' dir='ltr'><strong><em>secundo</em></strong></span> 
     </span>
    </p>
   </div>
   <div class='ocr_carea' id='block_1_124' title="bbox 1910 5465 3482 5536">
    <p class='ocr_par' dir='ltr' id='par_1_124' title="bbox 1910 5465 3482 5536">
     <span class='ocr_line' id='line_1_126' title="bbox 1910 5465 3482 5536; baseline 0.002 -17"><span class='ocrx_word' id='word_1_1032' title='bbox 1910 5465 2180 5520; x_wconf 77' lang='lat' dir='ltr'><strong><em>invenitur</em></strong></span> <span class='ocrx_word' id='word_1_1033' title='bbox 2215 5485 2228 5519; x_wconf 89' lang='lat'><strong>:</strong></span> <span class='ocrx_word' id='word_1_1034' title='bbox 2273 5485 2432 5536; x_wconf 84' lang='lat' dir='ltr'><strong><em>quam</em></strong></span> <span class='ocrx_word' id='word_1_1035' title='bbox 2465 5465 2823 5522; x_wconf 83' lang='lat' dir='ltr'><strong><em>adhibendam</em></strong></span> <span class='ocrx_word' id='word_1_1036' title='bbox 2866 5483 2986 5522; x_wconf 85' lang='lat' dir='ltr'><strong><em>esse</em></strong></span> <span class='ocrx_word' id='word_1_1037' title='bbox 3031 5465 3189 5521; x_wconf 79' lang='lat' dir='ltr'><strong><em>facile</em></strong></span> <span class='ocrx_word' id='word_1_1038' title='bbox 3232 5468 3482 5523; x_wconf 45' lang='lat' dir='ltr'><strong><em>credide‘</em></strong></span> 
     </span>
    </p>
   </div>
   <div class='ocr_carea' id='block_1_125' title="bbox 1908 5538 3019 5603">
    <p class='ocr_par' dir='ltr' id='par_1_125' title="bbox 1908 5538 3019 5603">
     <span class='ocr_line' id='line_1_127' title="bbox 1908 5538 3019 5603; baseline -0.001 -13"><span class='ocrx_word' id='word_1_1039' title='bbox 1908 5538 2031 5593; x_wconf 81' lang='lat' dir='ltr'><strong><em>ritu.</em></strong></span> <span class='ocrx_word' id='word_1_1040' title='bbox 2055 5553 2197 5600; x_wconf 87' lang='lat' dir='ltr'><strong><em>cum,</em></strong></span> <span class='ocrx_word' id='word_1_1041' title='bbox 2223 5553 2284 5591; x_wconf 86' lang='lat' dir='ltr'><strong><em>ea</em></strong></span> <span class='ocrx_word' id='word_1_1042' title='bbox 2311 5539 2730 5603; x_wconf 83' lang='lat' dir='ltr'><strong><em>sublata,oratio</em></strong></span> <span class='ocrx_word' id='word_1_1043' title='bbox 2749 5538 3019 5590; x_wconf 78' lang='lat' dir='ltr'><strong><em>concidat.</em></strong></span> 
     </span>
    </p>
   </div>
   <div class='ocr_carea' id='block_1_126' title="bbox 1979 5606 3485 5676">
    <p class='ocr_par' dir='ltr' id='par_1_126' title="bbox 1979 5606 3485 5676">
     <span class='ocr_line' id='line_1_128' title="bbox 1979 5606 3485 5676; baseline 0.002 -15"><span class='ocrx_word' id='word_1_1044' title='bbox 1979 5607 2090 5675; x_wconf 79' lang='lat'><strong><em>(60)</em></strong></span> <span class='ocrx_word' id='word_1_1045' title='bbox 2134 5606 2354 5661; x_wconf 83' lang='lat' dir='ltr'><strong><em>Veteres</em></strong></span> <span class='ocrx_word' id='word_1_1046' title='bbox 2378 5610 2584 5676; x_wconf 88' lang='lat' dir='ltr'><strong><em>aliquot</em></strong></span> <span class='ocrx_word' id='word_1_1047' title='bbox 2610 5608 2730 5661; x_wconf 86' lang='lat' dir='ltr'><strong><em>libri</em></strong></span> <span class='ocrx_word' id='word_1_1048' title='bbox 2760 5608 2788 5660; x_wconf 90' lang='lat'><strong><em>6</em></strong></span> <span class='ocrx_word' id='word_1_1049' title='bbox 2817 5606 2998 5670; x_wconf 80' lang='grc' dir='ltr'><strong><em>αὑτός.</em></strong></span> <span class='ocrx_word' id='word_1_1050' title='bbox 3032 5607 3192 5661; x_wconf 81' lang='lat' dir='ltr'><strong><em>Deest</em></strong></span> <span class='ocrx_word' id='word_1_1051' title='bbox 3220 5606 3485 5664; x_wconf 71' lang='lat' dir='ltr'><strong><em>articulus</em></strong></span> 
     </span>
    </p>
   </div>
   <div class='ocr_carea' id='block_1_127' title="bbox 1908 5678 3228 5748">
    <p class='ocr_par' dir='ltr' id='par_1_127' title="bbox 1908 5678 3228 5748">
     <span class='ocr_line' id='line_1_129' title="bbox 1908 5678 3228 5748; baseline 0.001 -17"><span class='ocrx_word' id='word_1_1052' title='bbox 1908 5678 1962 5732; x_wconf 93' lang='lat' dir='ltr'><strong><em>in</em></strong></span> <span class='ocrx_word' id='word_1_1053' title='bbox 1994 5679 2224 5746; x_wconf 77' lang='lat' dir='ltr'><strong><em>vulgatis</em></strong></span> <span class='ocrx_word' id='word_1_1054' title='bbox 2250 5687 2303 5732; x_wconf 89' lang='lat' dir='ltr'><strong><em>et</em></strong></span> <span class='ocrx_word' id='word_1_1055' title='bbox 2335 5679 2387 5733; x_wconf 92' lang='lat' dir='ltr'><strong><em>in</em></strong></span> <span class='ocrx_word' id='word_1_1056' title='bbox 2424 5681 2543 5734; x_wconf 77' lang='lat' dir='ltr'><strong><em>aliis</em></strong></span> <span class='ocrx_word' id='word_1_1057' title='bbox 2571 5679 2898 5748; x_wconf 87' lang='lat' dir='ltr'><strong><em>quibusdam</em></strong></span> <span class='ocrx_word' id='word_1_1058' title='bbox 2926 5678 3228 5733; x_wconf 87' lang='lat' dir='ltr'><strong><em>codicibus.</em></strong></span> 
     </span>
    </p>
   </div>
   <div class='ocr_carea' id='block_1_128' title="bbox 3096 5848 3172 5906">
    <p class='ocr_par' dir='ltr' id='par_1_128' title="bbox 3096 5848 3172 5906">
     <span class='ocr_line' id='line_1_130' title="bbox 3096 5848 3172 5906; baseline -0.013 0"><span class='ocrx_word' id='word_1_1059' title='bbox 3096 5848 3172 5906; x_wconf 72' lang='lat'><strong><em>28</em></strong></span> 
     </span>
    </p>
   </div>
  </div>
