3956 6216
525 359 627 418 7H

1868 357 1925 413 S.
1968 357 2213 414 BASlLll
2256 358 2467 416 MACNI

3693 356 3796 410 712

529 477 749 548 propria
780 483 904 527 sunt
936 471 1204 543 Spiritus,
1244 469 1376 525 nihil
1412 484 1695 526 commune
1736 469 1938 526 habent
1971 488 2091 526 cum

2201 475 2391 537 κτίσει,
2417 477 2476 542 ἐξ
2509 471 2583 529 ὧν
2619 476 2904 545 συνάγεται
2936 476 3011 549 μὴ
3039 471 3178 530 εἶναι
3207 473 3413 544 κτίσμα
3439 473 3504 524 τὸ
3538 471 3795 540 Πνεῦμα.

531 567 818 632 creaturis,
859 565 983 620 hinc
1021 563 1290 633 colligitur
1335 563 1597 630 Spiritum
1645 577 1752 616 non
1781 577 1901 617 esse
1940 579 2096 616 crea-

534 661 727 712 turam.
770 653 922 723 Quod
967 669 1087 723 quae
1125 654 1432 706 communia
1472 660 1598 706 sunt
1643 650 1790 706 Patri
1828 664 1882 707 et
1927 651 2096 718 Filio,

534 752 648 804 haec
672 747 979 803 communia
1004 755 1126 799 sunt
1151 743 1372 814 Spiritui
1404 763 1416 797 :
1442 745 1582 813 quod
1607 744 1800 814 quibus
1824 747 2100 800 characte-

536 843 684 895 ribus
708 840 1021 909 designatur
1048 838 1187 891 Deus
1227 836 1388 890 Pater
1421 846 1474 891 et
1504 835 1672 890 Filius
1703 837 1755 890 in
1798 836 2098 907 Scriptura,

469 997 474 1006 I
533 935 722 990 iisdem
755 935 1067 1002 designatur
1098 942 1153 987 et
1189 931 1420 1002 Spiritus
1447 943 1689 997 sanctus,
1731 933 1859 987 hinc
1897 933 2100 1004 colligi-

471 1011 474 1016 ’
535 1037 622 1081 tur
674 1026 934 1096 Spiritum
979 1025 1218 1092 ejusdem
1263 1025 1482 1080 deitatis
1527 1040 1682 1087 esse,
1719 1026 1872 1094 cujus
1917 1025 2095 1080 Pater.

531 1116 682 1184 Quod
710 1130 830 1184 qua)
861 1116 959 1170 soli
998 1115 1144 1170 Patri
1178 1118 1373 1170 adsunt
1401 1124 1460 1169 ut
1487 1115 1597 1170 Deo
1623 1131 1727 1168 non
1755 1126 1812 1170 ut
1846 1117 2018 1178 Patri,
2041 1126 2096 1172 et

531 1207 668 1262 Filio
702 1217 760 1260 ut
791 1206 898 1260 Deo
939 1222 1042 1261 non
1079 1215 1138 1259 ut
1180 1205 1349 1272 Filio,
1383 1221 1446 1260 ea
1484 1205 1679 1260 adsunt
1710 1207 1930 1275 Spiritui
1963 1208 2096 1272 soli,

529 1299 793 1354 creaturis
823 1313 926 1352 non
961 1299 1085 1353 item
1111 1314 1127 1365 ;
1160 1301 1292 1353 adeo
1315 1309 1372 1352 ut
1403 1300 1616 1354 nomina
1636 1309 1696 1353 et
1723 1315 1810 1354 res
1832 1316 1951 1367 qua:
1975 1317 2096 1356 cum

530 1393 801 1446 creaturis
833 1390 964 1445 nihil
990 1406 1276 1446 commune
1300 1391 1532 1455 habent,
1570 1391 1822 1446 Trinitati
1859 1393 1955 1447 soli
1989 1394 2100 1447 sint

529 1483 860 1547 communia,
897 1484 1020 1537 hinc
1044 1483 1313 1552 colligitur
1346 1483 1667 1538 Trinitatem
1703 1499 1824 1539 esse
1857 1486 2094 1539 consub-

533 1575 872 1632 stantialem.
909 1575 1176 1644 Quidquid
1204 1575 1399 1629 factum
1429 1585 1538 1639 est,
1573 1577 1706 1631 verti
1736 1591 1798 1630 ac
1831 1585 2100 1630 transum-

531 1669 633 1724 tari
683 1677 894 1738 potest,
929 1668 1222 1723 secuudum
1280 1667 1634 1736 Prophetam,
1679 1670 1769 1739 qui
1818 1673 1883 1724 ad
1934 1671 2098 1724 Deum

529 1759 698 1814 dicit:
729 1759 834 1824 Qui
860 1757 995 1826 facis
1027 1758 1224 1822 omnia,
1247 1766 1294 1810 et
1325 1768 1612 1811 commutas
1636 1759 1749 1826 ipsa
1765 1757 1834 1814 ⁷³.
1864 1757 2098 1827 Spiritus

529 1859 708 1904 autem
742 1863 841 1903 nec
865 1849 999 1902 verti
1046 1862 1145 1902 nec
1173 1848 1366 1901 mutari
1404 1858 1580 1916 potest
1610 1866 1624 1904 :
1669 1849 1904 1919 Spiritus
1937 1851 2099 1920 igitur

529 1952 780 1998 creatura
810 1957 913 1995 non
964 1949 1064 1995 est.
1098 1939 1232 1996 Cum
1277 1950 1521 1994 creatura
1566 1942 1616 1995 in
1658 1942 1762 1996 duo
1801 1942 2094 2005 dividatur,

529 2033 583 2089 in
619 2047 876 2102 corporea
925 2041 980 2087 et
1017 2033 1375 2099 incorporea,
1423 2032 1650 2086 mutatio
1695 2047 1908 2102 quoque
1955 2032 2099 2087 illius

529 2122 705 2178 divisa
739 2133 844 2178 est.
889 2121 983 2191 Ειι
999 2137 1220 2194 corpora
1259 2123 1472 2192 quidem
1506 2123 1558 2178 in
1593 2125 1889 2178 substantia
1931 2122 2099 2178 obno-

529 2217 619 2271 xia
649 2224 776 2271 sunt
811 2215 1133 2280 mutationi,
1180 2231 1302 2268 cum
1345 2217 1574 2268 mundus
1627 2215 1996 2284 corruptibilis
2041 2215 2094 2269 in

530 2306 986 2374 incorruptionem
1019 2303 1299 2373 perveniat
1327 2305 1621 2359 secundum
1656 2305 1992 2375 Scripturam
2027 2305 2094 2370 ⁷⁸,

529 2412 593 2452 ac
645 2396 890 2452 mortalia
941 2405 1125 2450 nostra
1182 2410 1406 2464 corpora
1456 2396 1826 2464 adipiscantur
1869 2397 2096 2451 immor-

529 2487 814 2555 talitatem,
849 2499 943 2541 aut
973 2501 1036 2540 ea
1065 2499 1187 2556 qum
1226 2486 1461 2540 nondum
1498 2499 1748 2555 corrupta
1775 2497 1942 2554 sunt,
1978 2503 2096 2542 cor-

529 2589 851 2647 rumpantur
875 2597 890 2645 ;
921 2577 1234 2646 incorporea
1257 2592 1386 2632 vero
1413 2588 1468 2632 et
1491 2577 1776 2633 rationalia
1799 2580 2095 2634 secundum

532 2671 901 2742 operationem
933 2680 1025 2724 aut
1047 2672 1377 2725 voluntatem
1405 2671 1696 2725 admittunt
1722 2672 2094 2739 mutationem,

528 2768 822 2820 secundum
857 2762 1007 2826 illud,
1032 2765 1249 2833 Angelis
1271 2765 1606 2832 peccantibus
1633 2782 1736 2819 non
1766 2769 1994 2836 pepercit
2026 2768 2093 2822 ⁷⁵.

529 2853 588 2910 Si
618 2855 782 2923 igitur
807 2871 872 2909 ex
907 2857 972 2909 iis
999 2871 1119 2925 quae
1150 2855 1286 2910 facta
1314 2864 1458 2922 sunt,
1487 2855 1586 2910 alia
1622 2858 1836 2926 quidem
1885 2859 1936 2912 in
1963 2860 2095 2914 sub-

529 2947 732 3000 stantia
758 2989 774 3013 ,
802 2948 906 3000 alia
934 2961 1063 3001 vero
1093 2948 1145 3000 in
1185 2955 1364 3002 mente
1392 2947 1685 3014 suscipiunt
1712 2950 2092 3018 mulationem;

528 3039 765 3109 Spiritus
789 3053 916 3093 vero
943 3046 1162 3093 sanctus
1185 3051 1357 3106 neque
1380 3039 1676 3092 secundum
1707 3040 2090 3106 substantiam,

527 3145 704 3200 neque
733 3132 1024 3185 secundum
1067 3130 1432 3197 operationem
1454 3169 1468 3192 ,
1501 3131 1850 3185 mutationem
1881 3140 1974 3184 aut
2016 3131 2095 3184 al-

528 3218 846 3272 teratiouem
891 3218 1168 3272 admittit:
1208 3234 1313 3273 non
1365 3221 1527 3290 igitur
1565 3230 1810 3274 creatura
1843 3231 1925 3276 est
1973 3220 2095 3291 Spi-

528 3309 687 3365 ritus.
744 3308 1008 3366 Creatura
1057 3311 1236 3366 omnis
1292 3326 1414 3366 cum
1466 3311 1857 3378 sanctiﬁcatur,
1906 3324 2094 3367 sancta

525 3409 612 3458 est
646 3419 662 3457 :
717 3411 936 3457 sanctus
971 3417 1098 3458 vero
1141 3401 1378 3472 Spiritus
1429 3417 1766 3473 nequaquam
1798 3413 1884 3457 est
1924 3420 1990 3459 ex
2033 3405 2098 3459 iis

527 3509 648 3566 qua
693 3495 1120 3562 sanctificantur,
1179 3495 1272 3549 sed
1311 3511 1379 3550 ex
1423 3495 1487 3550 iis
1539 3511 1658 3566 quae
1709 3497 2095 3553 sanctificant:

529 3602 640 3642 non
666 3597 1095 3655 ergoercatura.
1133 3585 1278 3640 Nihil
1311 3595 1548 3641 creatum
1578 3588 1871 3642 secundum
1909 3603 2095 3644 essen-

527 3681 654 3734 tiam
683 3689 768 3734 est
792 3689 1037 3734 sanctum
1065 3693 1080 3734 :
1116 3679 1264 3748 quod
1305 3693 1538 3747 namque
1569 3679 1804 3734 essentia
1837 3693 2092 3736 sanctum

523 3782 639 3839 est,
675 3772 835 3842 297
873 3773 926 3827 id
977 3780 1198 3827 externa
1249 3771 1676 3827 sanctiﬁcatione
1707 3787 1813 3826 non
1866 3773 2093 3842 indiget.

525 3868 763 3922 Externa
791 3878 970 3922 autem
1013 3865 1442 3922 sanctiﬁcatione
1486 3873 1607 3936 eget
1638 3864 1688 3919 id
1718 3865 1863 3934 quod
1894 3866 2094 3920 factum

523 3969 626 4025 est,
667 3974 787 4013 cum
826 3957 1027 4013 factum
1075 3956 1482 4028 fueritdignum
1525 3954 1668 4022 quod
1697 3955 2092 4011 sanctiﬁcatio-

594 4089 641 4124 ⁷³
667 4090 834 4144 Amos
865 4105 919 4152 v,
944 4088 996 4143 8.
1072 4089 1118 4120 ⁷⁸
1142 4089 1303 4143 lCor.
1347 4101 1434 4152 xv,
1464 4087 1554 4141 55.
1630 4088 1676 4118 ⁷⁵
1709 4087 1748 4141 11
1779 4087 1927 4143 Petr.
1960 4104 2020 4156 ll,
2049 4089 2102 4144 4.

519 4287 701 4333 contra
726 4275 1060 4331 Eunomium.
1090 4274 1240 4344 Regii
1269 4273 1493 4344 primus,
1514 4271 1796 4344 secundus
1816 4280 1871 4325 et
1891 4280 2090 4344 sextus

512 4349 837 4420 simpliciter
885 4341 1339 4420 Περὶᾲτοῦ-’ᾁγίου
1387 4342 1723 4420 Πνεύματος,
1752 4341 1838 4420 ,ος
1881 4341 2090 4420 Spiritu

518 4409 721 4473 sancto.
752 4418 883 4486 Reg.
922 4409 1109 4471 le'rtius
1138 4409 1317 4486 Λόγος
1345 4420 1384 4486 ε’
1411 4409 1566 4486 περὶ
1605 4411 1700 4464 τοῦ
1741 4411 1896 4486 ἁγίου

2203 568 2323 620 Ὀτι
2346 567 2414 620 τὰ
2443 568 2596 621 κοινὰ
2628 569 2706 638 τῷ
2738 570 2912 640 Πατρ).
2939 569 3035 622 καὶ
3055 566 3133 636 τῷ
3154 564 3288 636 Υίῷ,
3316 563 3487 618 ταῦτα
3524 563 3692 615 κοινὰ
3723 561 3798 630 τῷ

2201 660 2478 732 Πνεύματι
2495 679 2508 693 ο
2527 663 2608 714 ὅτι
2625 665 2680 715 ὲν
2701 657 2782 726 οἷς
2803 659 3265 733 χαρακτηρίζεται
3279 659 3409 720 Θεὸς
3425 659 3453 709 ὁ
3471 656 3678 726 Πατὴρ
3706 655 3799 706 καὶ

2200 753 2228 803 ὁ
2255 753 2379 816 Υἱὸς
2414 755 2469 806 ὲν
2507 757 2572 824 τῇ
2611 755 2822 825 Γραφῇ,
2871 756 2927 806 ἐν
2970 755 3153 815 αὐτοῖς
3195 748 3671 822 χαρακτηρίζεται
3705 748 3798 800 καὶ

2199 845 2260 898 τὸ
2282 845 2501 916 Πνεῦμα
2530 846 2639 918 (7-1)
2665 847 2726 898 τὸ
2751 846 2924 914 ἆγιον,
2962 845 3019 912 ἐξ
3051 839 3124 899 ὧν
3159 843 3452 910 συνάγεται
3484 841 3590 910 τῆς
3621 840 3791 907 αὐτῆς

2201 936 2452 1009 θεότητος
2477 939 2537 991 τὸ
2563 938 2785 1009 Πνεῦμα
2810 937 2886 1008 τῷ
2919 938 3112 1008 Πατρί.
3148 938 3270 990 Ὅτι
3293 935 3362 988 τὰ
3387 935 3535 1006 μόνῳ
3554 930 3793 1001 προσόν-

2198 1049 2266 1084 τα
2298 1031 2374 1102 τῷ
2409 1033 2582 1103 nam
2610 1033 2685 1096 ὡς
2705 1033 2842 1104 θεῷ,
2877 1034 2970 1085 καὶ
2999 1034 3096 1101 οὐκ
3121 1031 3192 1094 ὡς
3221 1031 3414 1101 Πατρὶ,
3450 1026 3649 1095 καὶτῷ
3681 1023 3793 1092 Υξῷ

2198 1123 2274 1186 ὡς
2305 1123 2444 1193 Θεῷ,
2473 1124 2566 1177 καὶ
2599 1126 2694 1194 οὐχ
2715 1124 2790 1188 ὡς
2816 1123 2931 1194 Υἱῴ
2962 1124 3096 1191 (75),
3129 1122 3301 1174 ταῦτα
3345 1121 3492 1190 μόνῳ
3522 1116 3791 1188 πρόσεστι

2199 1215 2276 1286 τῷ
2315 1216 2610 1286 Πνεῦματι,
2651 1217 2834 1270 οὐκέτι
2866 1215 2921 1268 δὲ
2959 1217 3053 1268 καὶ
3078 1217 3141 1284 τῇ
3169 1215 3363 1275 κτίσει,
3395 1211 3538 1263 ὥστε
3581 1209 3654 1261 τὰ
3682 1206 3791 1275 (ἴϐ)

2199 1304 2531 1376 ἀκοινώνητα
2564 1305 2800 1375 ὀνόματα
2855 1306 2946 1358 καὶ
2984 1304 3284 1375 πράγματα
3324 1304 3389 1371 τῇ
3430 1299 3616 1352 κτίσει
3657 1300 3792 1368 μόνῃ

2200 1394 2354 1448 κοινά
2381 1398 2444 1465 τῇ
2474 1396 2682 1466 Τριάδι,
2704 1395 2762 1462 ἐξ
2788 1391 2862 1448 ὧν
2887 1397 3177 1463 συνάγεται
3213 1393 3496 1461 ὁμοούσιος
3526 1393 3562 1460 ἡ
3595 1391 3792 1459 Τριάς.

2200 1489 2314 1541 Πᾶν
2360 1489 2496 1559 ὅπερ
2531 1489 2648 1542 ἐστὶ
2686 1487 2914 1558 γενητὸν
2941 1489 3076 1556 (77),
3111 1487 3315 1559 τροπῆς
3357 1487 3452 1537 καὶ
3481 1483 3796 1554 μεταϐολῆς

2199 1580 2314 1631 ἐστι
2341 1579 2607 1641 δεκτικὸν,
2635 1579 2776 1632 κατὰ
2811 1579 2901 1632 τὸν
2933 1578 3158 1646 λέγοντα
3186 1577 3264 1647 τῷ
3299 1576 3420 1646 Θεῴ
3448 1577 3792 1646 Προφήτην·

2211 1670 2264 1723 Ὁ
2296 1668 2482 1723 ποιῶν
2511 1671 2707 1724 πάντα
2737 1669 2871 1739 (78),
2903 1669 3000 1722 καὶ
3023 1665 3485 1737 μετασκευάζων
3511 1664 3697 1719 αὐτά.
3727 1665 3798 1718 Τὸ

2199 1761 2254 1816 δὲ
2286 1762 2508 1832 Πνεῦμα
2538 1761 2661 1814 οὔτε
2699 1762 2907 1832 τροπῆς
2938 1760 3061 1813 οὕτε
3091 1758 3434 1830 μετασκευῆς
3469 1759 3590 1810 ἐστι
3615 1758 3795 1808 δεκτι-

2201 1854 2294 1906 κόν
2317 1871 2328 1883 ·
2365 1855 2466 1906 οὐκ
2491 1853 2598 1925 ἄρα
2625 1853 2830 1924 κτίσμα
2848 1852 2906 1905 τὸ
2924 1851 3164 1921 Πνεῦμα.
3188 1851 3296 1920 Τῆς
3319 1849 3559 1910 κτίσεως
3593 1851 3678 1910 εἰς
3704 1847 3795 1900 δύο

2199 1945 2600 2018 διαιρουμένης,
2649 1948 2728 2010 είς
2790 1927 3015 2016 σώματα
3065 1945 3158 1997 καὶ
3190 1943 3482 2013 ἀσώματα,
3534 1943 3795 2013 διῄρηται

2200 2037 2294 2091 καὶ
2339 2039 2371 2108 ἡ
2405 2039 2533 2109 περί
2577 2037 2780 2108 ταύτην
2820 2038 3017 2108 τροπή.
3048 2037 3157 2088 Καὶ
3187 2035 3256 2087 τὰ
3295 2035 3394 2105 μὲν
3427 2035 3670 2104 σώματα
3697 2037 3794 2104 τὴν

2199 2132 2320 2185 κατ’
2348 2131 2535 2184 οὐσίαν
2564 2131 2872 2200 ἐπιδέχεται
2899 2128 3125 2200 τροπὴν,
3157 2128 3251 2180 τοῦ
3293 2127 3547 2198 φθαρτοῦ
3586 2128 3794 2198 κόσμου

2198 2225 2278 2286 είς
2319 2221 2627 2294 ἀφθαρσίαν
2657 2220 3083 2292 μεταπίπτοντος
3109 2217 3246 2272 κατά
3276 2219 3376 2284 τὴν
3413 2218 3674 2289 Γραφὴν,
3707 2221 3794 2270 καὶ

2197 2316 2305 2368 τῶν
2321 2315 2528 2386 θνητῶν
2550 2317 2582 2385 ἡ
2591 2313 2705 2384 μῶν
2729 2312 2995 2383 σωμάτων
3019 2310 3664 2380 ἀπαθανατιζομένων,ῆ
3695 2311 3792 2362 τῶν

2201 2406 2424 2477 μηδέπω
2450 2405 2782 2475 φθαρέντων,
2801 2403 3350 2474 φθαρησομένωνῇθ)
3371 2402 3430 2454 δέ
3448 2420 3460 2430 ·
3483 2403 3556 2454 τὰ
3578 2403 3639 2455 δὲ
3666 2402 3791 2455 ﬁeri»

2200 2517 2342 2570 ματα
2376 2500 2468 2552 καὶ
2497 2497 2691 2567 λογικὰ
2717 2497 2814 2568 τὴν
2844 2497 2963 2550 κατ’
2991 2495 3288 2564 ἐνέργειαν,
3314 2498 3436 2564 ἦτοι
3473 2499 3629 2548 κατὰ
3663 2495 3790 2563 γνὼ-

2199 2608 2306 2661 μην
2335 2591 2672 2660 ἐπιδέχονται
2724 2589 2951 2660 τροπὴν,
2987 2588 3126 2640 κατὰ
3156 2587 3242 2648 τὸ,
3283 2587 3586 2656 Ἀγγέλων
3615 2587 3790 2654 ἀμαρ-

2195 2681 2509 2749 τησάντων
2529 2683 2638 2735 οὐκ
2658 2681 2957 2749 ἐφείσατο.
2991 2680 3052 2731 Ei
3074 2679 3251 2732 τοίνυν
3273 2679 3379 2730 τῶν
3403 2680 3665 2747 γενητῶν
3688 2681 3791 2748 (λθ)

2195 2773 2264 2826 τὰ
2297 2773 2396 2842 μὲν
2453 2772 2630 2842 οὐσίᾳ,
2664 2773 2730 2824 τὰ
2753 2772 2809 2824 δὲ
2838 2770 3030 2841 γνώμῃ
3059 2771 3266 2840 τροπῆς
3293 2771 3410 2822 ἐστι
3447 2770 3707 2833 δεκτικὰ,
3737 2771 3792 2822 τὸ

2195 2865 2251 2917 δὲ
2283 2863 2502 2934 Πνεῦμα
2539 2864 2598 2916 τὸ
2627 2864 2777 2931 ἅγιον
2812 2862 2934 2915 οὒτε
2965 2863 3085 2914 κατ’
3111 2861 3298 2914 οὐσίαν
3328 2860 3456 2914 οὔτε
3491 2865 3622 2914 κατ’
3649 2863 3793 2933 ἐνέρ-

2196 2973 2348 3026 γειαν
2387 2955 2594 3029 τροπῆς
2636 2954 2668 3025 ἢ
2711 2953 3046 3016 ἀλλοιώσεώς
3081 2955 3197 3006 ἐστι
3229 2953 3514 3006 δεκτικὸν’
3551 2956 3657 3007 οὐκ
3694 2958 3794 3023 ἄρα

2196 3047 2401 3118 κτίσμα
2437 3045 2498 3099 τὸ
2531 3045 2774 3116 Πνεῦμα.
2820 3045 2936 3098 Πᾶν
2983 3044 3188 3114 κτίσμα
3225 3045 3606 3115 ἁγιαζόμενόν
3655 3049 3794 3099 ἔστιν

2199 3139 2381 3209 ἅγιονο
2411 3139 2471 3192 τὸ
2496 3139 2551 3192 δὲ
2577 3139 2802 3208 Πνεῦμα
2846 3138 2907 3191 τὸ
2951 3137 3104 3204 ἅγιον
3143 3138 3204 3189 οὑ
3240 3137 3349 3189 τῶν
3377 3137 3790 3206 ἁγιαζομένων,

2196 3232 2330 3286 ἀλλὰ
2355 3231 2463 3285 τῶν
2492 3230 2822 3300 ἁγιαζόντων
2843 3247 2856 3259 ·
2878 3230 2978 3282 οὐκ
2997 3230 3102 3300 ἄρα
3126 3228 3348 3298 κτίσμα.
3375 3229 3557 3281 Οὐδὲν
3582 3229 3795 3282 κτιστῦν

2194 3327 2314 3379 κατ’
2340 3325 2524 3378 οὐσίαν
2562 3323 2715 3391 ἅγιον
2738 3340 2750 3353 ’
2787 3322 2849 3375 τὸ
2882 3323 2988 3393 γὰρ
3021 3321 3141 3374 κατ’
3181 3321 3367 3373 οὐσίαν
3396 3321 3561 3386 ἅγιον
3608 3323 3670 3374 οὗ
3697 3322 3794 3374 δεῖ-

2193 3435 2284 3470 ται
2330 3417 2424 3470 τοῦ
2474 3415 2669 3480 ἔξωθεν
2725 3413 3019 3484 ἁγιασμοῦ.
3072 3415 3250 3465 Δείται
3299 3408 3392 3464 οὖν
3439 3411 3539 3464 τοῦ
3601 3411 3793 3478 ἔξωθεν

2196 3507 2468 3578 ἁγιασμοῦ
2519 3509 2577 3560 τὺ
2611 3507 2835 3576 γενητὸν
2881 3506 3014 3574 (8|),
3059 3505 3187 3557 ὅταν
3241 3503 3392 3569 ἄξιον
3431 3504 3672 3572 γένηται
3704 3503 3790 3554 τοῦ

2195 3599 2602 3654 ἐπισπάσασθαι
2646 3598 2946 3668 ἁγιασμόν·
2992 3597 3052 3649 οὐ
3100 3597 3268 3652 δεῖται
3303 3595 3358 3647 δὲ
3407 3595 3695 3663 ἁγιασμοῦ
3739 3592 3794 3646 τι

2193 3691 2440 3762 Πνεῦμα,
2469 3693 2548 3744 ’ότι
2572 3692 2724 3760 ἅγιον
2750 3689 2869 3744 κατ’
2904 3689 3089 3741 οὐσίαν
3113 3705 3126 3718 ·
3156 3688 3254 3739 οὐκ
3277 3687 3386 3757 ἄρα
3419 3686 3657 3756 κτίσμα.
3683 3689 3789 3740 Πᾶν

2195 3782 2400 3852 κτίσμα
2434 3780 2620 3834 δοῦλόν
2653 3783 2769 3833 ἐστι
2798 3779 2890 3832 τοῦ
2921 3775 3287 3848 Δημιουργοῦ.
3325 3776 3476 3828 κατὰ
3513 3777 3612 3828 τὸν
3655 3777 3792 3828 οὕτω

2194 3871 2417 3940 λέγοντα
2469 3872 2546 3942 τῷ
2571 3871 2689 3940 Θεῷ
2729 3871 3055 3942 Προφήτηνο
3113 3867 3189 3921 Τὰ
3235 3868 3574 3935 σύμπαν-τα
3608 3867 3790 3920 δοῦλα

2194 3960 2278 4014 σά
2297 3961 2430 4031 (82)
2455 3962 2517 4015 τὸ
2557 3961 2613 4016 δὲ
2646 3959 2832 4014 δοῦλον
2854 3958 3163 4013 ἐλευθερίαν
3188 3958 3283 4011 καὶ
3311 3957 3598 4011 υἱοθεσίαν
3624 3959 3790 4027 ἑτέρῳ

2271 4269 2387 4342 (78)
2415 4269 2617 4342 Verba
2650 4279 2778 4326 sunt
2807 4278 3084 4342 propneta:
3113 4269 3313 4342 Amos,
3355 4271 3438 4325 uti
3482 4271 3674 4340 legere
3718 4285 3795 4328 est

2197 4339 2336 4412 apud
2370 4339 2533 4395 LXX:
2568 4341 2673 4412 nisi
2703 4343 2848 4410 quod
2885 4339 3162 4412 νοχίαύτά
3196 4340 3306 4394 illic
3336 4356 3444 4394 non
3492 4346 3791 4412 reperitur.

2201 4409 2495 4473 Vertimus,
2523 4411 2614 4480 qui
2648 4409 2805 4480 fatis,
2843 4420 2950 4464 etc.
2994 4411 3200 4463 Idcirco
3254 4421 3439 4462 autem
3490 4409 3575 4464 ita
3619 4415 3788 4466 inter-

516 4504 724 4611 ματος,
762 4481 914 4540 ιίίὶει·
943 4487 1154 4556 quintus
1185 4481 1246 4538 de
1280 4485 1479 4553 Spiritu
1514 4481 1708 4536 sancto
1754 4497 1772 4534 :
1806 4484 1897 4534 sed
1932 4481 2086 4542 illud,
2123 4504 2168 4559 Β
2197 4481 2392 4548 pretati
2420 4496 2626 4542 sumus,
2663 4483 2806 4548 quod
2840 4481 2998 4549 paulo
3023 4490 3140 4546 post
3165 4481 3364 4559 _si_milis
3399 4481 3667 4549 loquendi
3710 4500 3793 4536 ra-

552 4557 672 4611 όγος
704 4565 765 4611 ε’.
797 4573 955 4609 manu
996 4556 1300 4609 recentiore
1346 4554 1586 4606 additum
1621 4562 1724 4604 est.
1755 4551 2084 4611 Reaiiquar-
2197 4551 2273 4603 tio
2305 4562 2564 4611 Sequatur
2595 4567 2608 4602 :
2648 4551 2700 4602 in
2741 4567 2846 4611 qua
2916 4551 3232 4602 nominatim
3269 4553 3511 4602 secunda
3564 4569 3793 4611 persona

552 4551 681 4626 όγοςί
704 4551 765 4622 ε’,
797 4551 966 4609 manu
996 4556 1300 4626 recentiore
1322 4551 1586 4626 additum
1621 4551 2084 4626 estaRegiiq‘uar-

521 4620 608 4683 tus
628 4620 680 4680 et
706 4620 922 4695 quintus
946 4625 1288 4678 continenter
1304 4625 1420 4678 sine
1447 4622 1621 4686 titulo,
1649 4620 1786 4695 προς
1813 4620 1904 4672 τὸν
1925 4620 2078 4673 Υἰόν.

523 4700 644 4750 ’Ότι
676 4693 742 4750 τά
771 4696 944 4756 κοινά,
963 4705 1016 4749 et
1037 4711 1156 4762 qua:
1179 4707 1480 4761 sequuntur
1510 4709 1523 4744 :
1559 4693 1852 4762 notandum
1884 4700 2081 4762 tamen,

521 4768 620 4837 legi
651 4769 701 4819 in
731 4767 970 4837 margine
1001 4758 1142 4837 hunc
1169 4758 1386 4837 titulum
1411 4776 1421 4809 :
1451 4763 1586 4837 Περὶ
1616 4760 1709 4837 τοῦ
1739 4758 2088 4837 άγίουιΠνεύ-

521 4829 709 4908 μᾶτος,
761 4829 1069 4908 υεᾙρίτὶιιι
1112 4829 1603 4908 sanct_o._Eum_dem
1651 4831 1860 4908 titulum
1904 4829 1958 4883 in
1989 4845 2085 4908 co_-

519 4900 640 4962 llem
675 4908 788 4960 loco
813 4900 974 4960 habet
995 4919 1207 4974 quoque
1235 4900 1417 4956 Codex
1444 4900 1812 4974 Colliertinus,
1839 4914 1944 4974 non
1971 4900 2087 4974 qui-

519 4979 640 5030 dem
669 4977 841 5043 pritua
882 4969 1039 5027 manu
1066 5015 1082 5038 ,
1120 4969 1233 5043 sed
1253 4975 1482 5043 secunda
1516 4973 1798 5043 d_untaxa_t.
1843 4969 1895 5021 lu
1926 4970 2086 5022 editis

520 5037 712 5114 legitur
741 5054 862 5115 post
890 5037 1124 5115 titulum,
1153 5041 1251 5115 xui
1273 5041 1354 5093 ὅτι
1382 5041 1443 5115 οξ)
1470 5037 1694 5109 κτίσμα.
1729 5037 1863 5115 Reg.
1885 5052 2084 5115 secun-

518 5108 619 5169 rltis
651 5108 819 5169 ὂτιόὑ
846 5113 1071 5183 κτίσμα,
1103 5113 1288 5165 vocula
1333 5110 1427 5183 καί
1450 5108 1853 5183 praetermissa.
1901 5108 2084 5163 Codex

519 5186 669 5242 Colb.
701 5201 858 5238 manu
889 5179 1191 5236 recentiore
1215 5183 1296 5234 ὅτι
1324 5181 1422 5232 οὐκ
1448 5179 1559 5231 ἔστι
1591 5179 1815 5248 κτίσμα.

615 5257 703 5324 74)
741 5253 1091 5327 éntiqttiduo
1127 5251 1368 5327 libi-imi.
1399 5249 1459 5302 τὸ
1483 5248 1740 5327 Πνεῦμα.
1787 5316 1798 5327 ¹
1982 5325 1990 5327 _
2033 5315 2044 5327 _

615 5316 703 5396 75)
743 5316 1113 5396 Totuinillud,
1164 5322 1263 5375 καὶ
1304 5322 1416 5388 οὐχ
1463 5320 1543 5386 ὡς
1595 5316 1723 5384 Υεῷ,
1786 5316 1839 5370 in
1873 5316 2078 5372 nostris

519 5393 723 5466 septem
746 5410 888 5468 lites.
927 5393 1099 5446 deest.
1455 5460 1466 5468 _
1588 5459 1600 5468 Ι

587 5456 702 5536 (76)
736 5463 883 5536 κί’]άὶιί
909 5471 964 5517 et
994 5477 1126 5516 mss.
1165 5460 1406 5516 nonnulli
1438 5460 1514 5522 ὡς
1543 5459 1628 5512 τά.
1663 5456 1768 5511 Alii
1805 5464 1914 5510 tres
1947 5469 2082 5511 mss.

515 5534 656 5590 ὥστε
683 5534 772 5589 τά.
1973 5576 1976 5578 ν

583 5607 695 5673 (77)
738 5602 893 5673 Editi
930 5611 986 5658 et
1040 5617 1170 5656 mss.
1215 5616 1318 5673 non
1346 5596 1844 5673 γραυσί-γεννητόν.
1895 5595 2077 5650 Codex

515 5669 948 5742 Ου’ίῠζγενητόν,
979 5674 1214 5726 -rectius.
1247 5669 1616 5742 Ibidemﬂediti
1671 5679 1725 5720 et
1771 5684 1902 5720 mss.
1947 5682 2080 5742 riun-

519 5745 646 5797 nulli
681 5735 1364 5812 μεταϐολῆςὲπιδεκτικόν.
1395 5739 1501 5796 Alii
1537 5742 1639 5793 duo
1676 5752 1804 5792 mss.
1842 5735 2078 5805 μεταϐο-

515 5812 614 5880 λῆς
643 5811 757 5867 ἐστι
783 5811 1046 5866 δεκτικόν.

2197 4551 2273 4603 tio
2305 4562 2608 4619 sequatur:
2648 4551 2700 4602 in
2741 4567 2846 4618 qua
2916 4551 3232 4602 nominatim
3269 4553 3511 4619 secunda
3564 4569 3796 4617 persona

2188 4618 2515 4686 exprimitur
2563 4639 2577 4674 ;
2619 4620 2700 4673 Τὰ
2738 4619 3030 4689 σύμπαντα
3067 4619 3224 4671 δοῦλα
3249 4618 3338 4679 σά,
3392 4619 3601 4674 Omnia
3652 4640 3800 4674 mu

2190 4699 2282 4741 tua
2301 4700 2440 4744 sunt.
2483 4690 2576 4743 Sic
2604 4692 2748 4742 enim
2777 4705 2956 4743 sermo
3005 4689 3198 4742 melius
3233 4690 3519 4742 cohaerere
3556 4693 3796 4753 videtur,

2184 4759 2232 4811 si
2267 4759 2318 4811 in
2357 4769 2592 4827 utroque
2619 4759 2739 4813 loco
2767 4770 2982 4812 utamur
3016 4759 3248 4813 secunda
3276 4772 3544 4825 persona.
3579 4760 3688 4825 Qui
3719 4764 3799 4825 {a-

2185 4829 2281 4889 cis,
2303 4838 2376 4881 et.
2405 4827 2601 4881 Omnia
2625 4845 2773 4882 serva
2799 4843 2888 4880 tua
2913 4836 3053 4880 sunt.
3091 4828 3290 4880 lhidem
3322 4827 3476 4896 Regii
3515 4830 3629 4884 duo

2187 4897 2261 4949 Τὸ
2288 4897 2345 4950 δὲ
2369 4897 2616 4969 Πνεῦμα.
2664 4897 2863 4952 Vocula
2899 4897 2956 4949 δέ
2994 4900 3045 4950 in
3071 4897 3232 4951 editis
3272 4897 3447 4950 deest.

2262 4989 2377 5060 (79)
2423 4990 2562 5044 Editi
2591 4988 3139 5060 διαφθαρησομένων.
3191 4987 3340 5042 Libri
3391 4998 3624 5046 veteres
3671 4992 3802 5058 φθα-

2187 5059 2537 5130 ρησομένων.
2697 5059 2701 5060 ί
2799 5059 2824 5110 “.

2261 5152 2373 5223 (80)
2415 5153 2641 5223 Codices
2677 5168 2780 5223 non
2815 5151 2972 5222 pauci
3005 5161 3058 5207 et
3086 5150 3217 5206 editi
3247 5150 3355 5204 τῶν
3386 5153 3706 5222 γεννητῶν.
3737 5155 3796 5206 At

2189 5222 2341 5278 Colb.
2357 5222 2476 5276 τῶν
2509 5222 2780 5292 γενητῶν.

2258 5315 2370 5384 (8|)
2411 5314 2554 5368 Editi
2588 5325 2642 5368 et
2672 5311 3080 5386 mssnnonnulli
3109 5309 3386 5386 ἁγιασμοῦ
3417 5312 3479 5365 τὸ
3505 5315 3798 5386 γεννητέν.

2186 5381 2291 5437 Alii
2321 5381 2427 5468 duo
2469 5400 2598 5439 mss.
2636 5382 2886 5468 γενητόν.
2930 5381 3026 5435 Vix
3056 5385 3222 5436 semel
3256 5385 3443 5436 videas
3475 5381 3610 5438 cum
3645 5381 3797 5437 vim

2185 5454 2442 5525 γεννητός
2471 5463 2524 5509 et
2575 5454 2801 5524 γενητός
2861 5462 3182 5525 occurrunt,
3237 5461 3346 5525 tres
3401 5466 3499 5525 aut
3565 5468 3796 5525 quatuor

2187 5521 2356 5578 libros
2393 5532 2606 5578 veteres
2659 5521 2851 5578 secum
2900 5524 3232 5576 c0nsentire.
3275 5521 3499 5575 Etenim
3536 5521 3602 5579 si'
3629 5528 3690 5579 in
3727 5529 3796 5575 alo

2191 5605 2315 5677 πει-ο⁹
2337 5593 2594 5648 scribitur
2633 5592 2893 5662 γεννητός
2916 5631 2931 5657 ,
2968 5594 3134 5646 scribi
3189 5591 3330 5646 solet
3386 5593 3443 5645 in
3505 5597 3690 5652 altero
3719 5611 3794 5661 τεο

2186 5679 2368 5726 νητος.

2187 5683 2376 5856 ξη
2419 5733 2560 5816 Editi
2585 5744 2639 5790 et
2666 5733 2803 5805 Reg.
2839 5732 3031 5788 tertius
3056 5727 3220 5786 δοῦὶῐά
3247 5748 3376 5788 σου.
3409 5733 3523 5789 Alii
3546 5750 3644 5792 sex
3669 5749 3790 5791 mss.

2219 5821 2277 5856 ου
2314 5821 2348 5856 α
2383 5819 2470 5856 σα.

2219 5804 2348 5858 οῦλα
2383 5805 2470 5858 σά.
