3956 6216
222 313 328 371 ’ῖίὸ

1341 320 1718 379 ADVERSUS
1759 323 2124 383 EL'NOMIUM
2162 327 2289 385 LIB.
2331 331 2398 387 ν.

3371 345 3474 403 7M

218 433 434 506 ὀρέγειν
463 431 572 501 (85)
615 433 676 486 οὑ
705 432 948 494 δύναται,
976 426 1044 503 ἧς
1077 433 1208 487 αὐτὸ
1255 435 1356 490 οὐκ
1383 437 1540 508 ἔτυχε
1568 441 1685 493 κατ’
1717 441 1806 493 οὑ-

1914 459 2034 498 nem
2073 457 2433 516 assequatur;
2463 449 2700 522 Spiritus
2730 470 2882 522 vero,
2910 457 3055 526 quod
3083 461 3317 516 essentia
3347 479 3476 520 san-

223 524 344 577 σίαν
367 540 380 554 ⁸
416 521 476 575 τὸ
501 522 556 574 δὲ
588 523 812 593 Πνεῦμα
839 521 1149 592 ἐλευθερίαν
1173 525 1356 595 ὀρέγει
1392 526 1484 580 καὶ
1511 526 1802 581 υἱοθεσίαν·

221 617 281 669 τὸ
305 614 412 686 γὰρ
439 615 663 684 Πνεῦμα
683 613 873 686 κράζει
898 615 956 666 έν
982 618 1099 681 ταῖς
1125 617 1374 686 καρδίαις
1407 618 1563 688 ἡμῶν
1597 637 1610 649 ·
1643 619 1806 675 Ἁϐὅᾶ

223 711 256 760 ὁ
283 706 512 775 Πατήρ·
541 706 699 760 ὥστε
729 707 926 760 οὐκέτι
957 703 1016 762 εἷ
1047 707 1268 773 δοῦλος
1298 708 1434 778 (84),
1463 710 1624 762 ἀλλὰ
1652 711 1800 775 υἱός·

221 798 321 852 οὐκ
352 798 459 868 ἄρα
493 797 718 868 κτίσμα.
745 797 910 851 Οὐδὲν
945 797 1154 868 κτίσμα
1190 798 1451 869 μεθεκτόν
1483 801 1598 852 ἐστι
1628 802 1691 871 τῇ
1717 800 1805 852 λο-

222 891 350 958 γικῇ
382 889 550 959 ψυχῇ,
597 889 670 952 ὡς
712 889 1070 953 ἐνοικίζεσθαι
1099 889 1236 960 αὑτῇ
1266 889 1379 959 (85)
1411 890 1702 954 οὑσιωδῶς.
1732 891 1804 945 Τὸ

220 980 278 1032 δὲ
309 981 530 1052 Πνεῦμα
554 981 613 1034 τὸ
637 981 788 1049 ἅγιον
818 981 1140 1044 ἐνοικίζεται
1174 984 1230 1034 έν
1252 983 1386 1053 αὐτῇ
1423 983 1566 1036 κατὰ
1596 983 1687 1037 τὸν
1714 982 1800 1036 λέ-

223 1089 418 1141 γοντα·
477 1072 636 1138 Ναὸς
687 1073 834 1127 Θεοῦ
891 1074 1097 1141 ἐσμεν,
1137 1073 1234 1126 καὶ
1297 1075 1362 1127 τὸ
1399 1075 1639 1144 Πνεῦμα
1696 1075 1804 1128 τοῦ

225 1164 372 1216 Θεοῦ
406 1165 554 1217 οἰκεῖ
589 1164 660 1216 ἐν
689 1163 852 1232 ἡμῖν.
901 1164 1014 1216 Οὐκ
1042 1163 1150 1232 ἄρα
1181 1164 1408 1234 κτίσμα.
1450 1165 1564 1217 Πᾶν
1591 1163 1805 1232 λογικὸν

223 1256 430 1324 κτίσμα
485 1255 685 1326 ἀρετῆς
735 1255 828 1308 καὶ
879 1255 1079 1318 κακίας
1125 1255 1240 1308 ἐστὶ
1289 1254 1555 1309 δεκτικόν.
1617 1255 1691 1307 Τὸ
1747 1255 1805 1308 δὲ

224 1347 448 1418 Πνεῦμα
501 1347 711 1410 οὐδενός
767 1349 881 1400 ἐστι
935 1347 1140 1400 τούτων
1197 1347 1462 1401 δεκτικόν.
1528 1348 1640 1401 Οὐκ
1697 1349 1804 1404 ἄρα

224 1439 430 1508 κτίσμα
497 1438 558 1491 τὺ
618 1439 860 1509 Πνεῦμα.
907 1440 1017 1492 Καὶ
1060 1439 1160 1491 ὅσα
1213 1439 1340 1508 μίαν
1401 1438 1512 1510 (86)
1574 1439 1669 1492 καὶ
1703 1439 1801 1511 τὴν

225 1531 395 1600 αὐτὴν
443 1531 724 1602 ὲνέργειαν
779 1531 1018 1584 δείκνυσι
1061 1531 1161 1600 τῆς
1198 1531 1360 1599 ἁγίας
1393 1531 1485 1584 καὶ
1531 1531 1801 1602 μακαρίας

225 1618 472 1688 Τριάδος.

1911 544 2031 590 ειιιε
2061 547 2168 602 εει,
2199 540 2634 597 sanctiﬁcatione
2663 560 2768 600 non
2799 557 2922 618 eget
2949 566 2964 603 :
2997 566 3103 605 non
3139 551 3301 622 igitur
3321 568 3476 610 crea-

1913 632 2034 679 tura
2063 635 2170 682 est.
2195 627 2385 686 Omnis
2409 641 2657 688 creatura
2677 636 2950 694 Creatoris
2971 655 3125 697 serva
3153 653 3256 710 est,
3285 659 3476 701 secun-

1911 717 2038 772 dum
2085 717 2409 790 Prophetam
2440 725 2532 794 qui
2571 727 2649 783 sic
2699 727 2866 784 Deum
2919 731 3246 804 alloquitur:
3285 735 3478 792 Omnia

1910 811 2142 865 serviunt
2177 814 2272 868 tibi
2295 815 2342 848 "
2374 831 2389 869 :
2421 817 2564 886 quod
2592 830 2770 876 autem
2799 837 3011 878 servum
3047 835 3148 892 est,
3177 827 3228 883 id
3259 829 3478 884 liberta-

1906 907 2010 952 tem
2053 909 2107 954 et
2148 903 2496 973 adoptionem
2541 923 2704 976 quam
2759 912 3048 981 ipsummet
3089 919 3320 973 essentia
3365 935 3473 976 non

1904 991 2126 1058 habuit,
2177 995 2337 1052 alteri
2389 1010 2648 1068 praestare
2704 1019 2811 1058 non
2856 1016 3062 1076 potest;
3120 1018 3177 1064 at
3239 1010 3476 1080 Spiritus

1902 1081 2206 1139 libertatem
2258 1087 2495 1158 impertit
2535 1100 2591 1146 et
2617 1092 2988 1162 adeptionem:
3022 1098 3218 1154 clamat
3246 1118 3503 1172 namque-

1903 1171 1956 1225 in
1995 1175 2193 1229 nostris
2231 1177 2487 1235 cordibus
2537 1179 2808 1250 Spiritus:
2845 1185 3016 1252 Abba,
3069 1187 3266 1255 Pater;
3314 1171 3477 1263 quare

1895 1263 2015 1331 jam
2048 1282 2148 1318 non
2181 1283 2235 1320 es
2264 1285 2468 1338 serrus,
2496 1275 2586 1326 sed
2614 1273 2758 1341 ﬁlius
2784 1276 2866 1341 ’7;
2907 1292 3011 1331 non
3044 1288 3127 1333 est
3163 1296 3292 1352 ergo
3320 1297 3473 1337 crea-

1903 1361 2046 1408 tura.
2069 1353 2222 1410 anla
2251 1369 2499 1416 creatura
2524 1361 2594 1416 ita
2623 1366 3091 1424 communicabilis
3120 1380 3203 1425 est
3227 1372 3475 1428 rationali

1899 1444 2122 1510 animae,
2153 1457 2209 1501 ut
2255 1449 2309 1502 in
2348 1451 2465 1519 ipsa
2511 1455 2875 1511 essentialiter
2913 1458 3220 1515 inhabitet:
3253 1474 3476 1519 sanctus

1897 1548 2026 1589 vero
2053 1535 2290 1606 Spiritus
2335 1541 2386 1596 in
2430 1557 2492 1598 ea
2543 1545 2836 1615 inhabitat,
2882 1551 3182 1606 secundum
3226 1568 3346 1608 eum
3381 1559 3474 1622 qui

1895 1625 2028 1679 dicit
2061 1647 2076 1682 :
2113 1627 2383 1697 Templum
2419 1633 2516 1688 Dei
2544 1651 2758 1704 sumus,
2803 1650 2849 1693 et
2881 1638 3110 1709 Spiritus
3143 1643 3241 1696 Dei
3277 1645 3474 1698 habitat

225 1710 294 1791 in.
319 1711 466 1762 nobis
493 1709 579 1763 ⁷⁸ι
615 1725 719 1763 non
754 1719 988 1780 estergo
1011 1719 1282 1764 creatura.
1311 1708 1492 1766 Virtus
1553 1725 1616 1766 ac
1671 1712 1862 1769 vitium
1905 1717 1958 1771 in
1999 1733 2212 1776 omnem
2255 1735 2560 1781 creaturam
2609 1730 2927 1786 rationalem
2969 1744 3195 1803 possunt
3225 1735 3421 1791 cadere
3456 1754 3472 1791 :

227 1780 358 1854 nihil
397 1810 575 1854 autem
605 1801 795 1854 borum
829 1811 1010 1869 potest
1047 1803 1100 1855 in
1144 1801 1402 1869 Spiritum
1473 1803 1670 1858 callere
1700 1825 1716 1858 :
1749 1821 1855 1859 nun
1895 1819 1979 1864 est
2013 1811 2151 1880 ergo
2197 1815 2432 1884 Spiritus
2467 1831 2738 1876 creatura.
2768 1822 2836 1877 Et
2859 1780 3195 1896 quacunque
3233 1842 3396 1882 unam
3421 1836 3476 1882 et

229 1897 478 1952 eamdem
513 1912 633 1952 esse
653 1898 1019 1965 operationem
1051 1907 1250 1952 saneta:
1281 1912 1342 1949 ac
1375 1899 1546 1953 beata
1595 1898 1875 1956 Trinitatis
1910 1909 2219 1976 ostendunt,
2254 1913 2392 1966 idem
2424 1917 2675 1984 probant.

569 1991 699 2044 "Ott.
726 1991 1088 2061 δημιουργὸν
1106 1991 1172 2044 τὸ
1191 1992 1455 2061 Πνεῦμα.

301 2087 364 2136 Οἱ
395 2084 634 2150 οὐρανοὶ
665 2082 1007 2152 διηγοῦνται
1036 2083 1224 2148 δόξαν
1251 2084 1420 2146 Θεοῦ,
1467 2083 1718 2152 ποίησιν
1737 2084 1805 2138 δὲ

224 2167 442 2238 χειρῶν
492 2169 677 2222 αὑτοῦ
729 2169 1083 2237 ἀναγγέλλει
1130 2170 1196 2223 τὸ
1231 2171 1532 2242 στερέωμα
1554 2189 1568 2203 ·
1617 2175 1712 2226 καὶ
1751 2177 1808 2227 ἐν

225 2261 396 2331 ἑτέρῳ
415 2260 542 2313 ’Καὶ
567 2261 709 2328 ἔργα
736 2259 852 2313 τῶν
889 2259 1100 2330 χειρῶν
1138 2262 1251 2315 σού
1277 2265 1436 2316 εἰσιν
1464 2267 1518 2317 οἱ
1542 2266 1803 2334 οὐρανοί.

223 2355 334 2405 Καὶ
383 2343 526 2415 τίνες
555 2352 619 2406 ἂν
651 2347 761 2405 εἷεν
791 2353 923 2406 Θεοῦ
960 2354 1254 2422 ἀσωμάτου
1291 2355 1572 2426 ἀσώματοι
1606 2359 1804 2428 χεῖρες,

222 2447 281 2497 ai
310 2445 370 2498 τὸ
401 2445 684 2514 στερέωμα
723 2445 816 2498 καὶ
853 2447 980 2509 τοὺς
1015 2447 1277 2517 οὐρανοὺς
1309 2447 1804 2519 δημιουργήσασαι,

224 2536 390 2598 αὐτὸς
421 2539 448 2589 ὁ
474 2537 763 2607 Προφήτης
806 2535 1097 2605 έρμηνεύει
1134 2537 1326 2604 λέγων·
1373 2536 1457 2602 Τῷ
1487 2539 1646 2607 λόγῳ
1695 2543 1810 2592 Κυ-

214 2630 358 2697 ρίου
388 2632 440 2682 οἱ
475 2629 718 2696 οὐρανοί
758 2628 1230 2696 ἐστερεώθησαν,
1263 2631 1360 2682 καὶ
1392 2629 1471 2696 τῷ
1513 2632 1810 2700 Πνεύματι

224 2719 333 2773 τοῦ
350 2721 642 2788 στόματος
671 2721 855 2774 αὐτοῦ
876 2720 1042 2773 πᾶσα
1065 2721 1102 2788 ἡ
1130 2720 1380 2790 δύναμις
1400 2720 1618 2775 αὐτῶν.
1669 2722 1808 2775 Ἀλλ’

225 2812 414 2882 ὥσπερ
455 2815 513 2865 οῦ
563 2813 893 2883 προφορικὸς
933 2813 1087 2881 λόγος
1125 2815 1182 2866 ὲν
1229 2814 1304 2884 τῷ
1333 2814 1471 2884 Θεῷ,
1507 2814 1643 2868 ἀλλὰ
1700 2815 1808 2880 ζῶν

224 2903 324 2956 καὶ
358 2903 700 2973 ὑφεστηκὼς,
736 2905 828 2956 καὶ
859 2903 967 2956 τῶν
994 2904 1128 2958 ὅλων
1160 2903 1484 2975 δραστήριος
1503 2922 1516 2936 ο
1548 2904 1720 2969 οὕτως
1751 2907 1808 2958 έν

222 2994 305 3065 τῷ
335 2994 453 3065 Θεῷ
474 2995 533 3048 οὐ
561 2993 784 3064 πνεῦμα
807 2995 1175 3066 διαχεόμενον,
1210 2996 1268 3048 οὐ
1299 2995 1647 3066 διαλυόμενος
1675 2996 1804 3068 ἀὴρ,

224 3087 364 3141 ἀλλὰ
394 3087 623 3158 δύναμις
661 3087 978 3158 ἁγιαστικὴ,
1015 3085 1274 3150 ὲνούσιος,
1314 3087 1673 3158 ένύπαρκτος,
1721 3089 1808 3140 ὲν-

224 3181 545 3244 υτεόστατος.
581 3184 649 3234 Αἱ
681 3179 874 3248 χεῖρές
907 3194 1022 3233 σου
1057 3180 1357 3246 ἐποίησάν
1372 3197 1468 3250 με,
1499 3181 1595 3234 καί
1622 3181 1806 3234 ἔπλα-

225 3271 350 3326 σείν
383 3288 454 3341 με
487 3273 616 3341 (87).
654 3273 763 3325 Καὶ
807 3271 925 3324 τόδε
963 3271 1034 3343 τὴ
1054 3272 1214 3342 ῥητὸν
1243 3272 1341 3341 τὴν
1377 3271 1543 3342 αὐτὴν
1579 3271 1696 3342 ἔχει
1729 3272 1805 3342 τῷ

2317 2005 2470 2072 Quod
2499 2007 2728 2078 Spiritus
2759 2022 2962 2066 creator
2988 2021 3062 2067 est

1981 2089 2109 2146 Caeli
2142 2109 2390 2150 enarrant
2433 2099 2655 2167 gloriam
2699 2101 2813 2167 Dei,
2836 2112 2884 2157 et
2920 2119 3045 2170 opus
3074 2119 3324 2158 manuum
3361 2105 3476 2173 ejus

1910 2185 2191 2236 annuntiat
2219 2185 2607 2253 ﬁrmamentum
2633 2191 2711 2257 7’;
2743 2201 2796 2246 et
2825 2192 2877 2246 in
2911 2193 3018 2248 alio
3045 2212 3059 2248 :
3096 2193 3160 2247 Et
3188 2209 3344 2264 opera
3371 2211 3478 2248 ma-

1909 2289 2070 2326 nuum
2100 2285 2310 2330 tuarum
2345 2289 2465 2331 sunt
2500 2282 2617 2334 caeli
2648 2281 2716 2338 ⁸⁸.
2764 2281 2828 2336 Et
2865 2298 2986 2353 qua:
3014 2284 3121 2339 sint
3161 2284 3253 2340 Dei
3299 2286 3476 2339 incor-

1911 2367 2058 2433 porei
2087 2367 2419 2435 incorporea:
2440 2387 2649 2437 manus,
2675 2389 2795 2442 qua:
2813 2375 3210 2429 ﬁrmamentum
3237 2386 3290 2431 et
3310 2377 3478 2431 caelus

1909 2456 2180 2523 crearint,
2215 2455 2484 2526 Propheta
2537 2461 2650 2530 ipse
2683 2463 3071 2532 interpretatur
3119 2480 3242 2518 cum
3294 2466 3473 2520 dicit:

1919 2539 2084 2596 Verbo
2111 2541 2320 2597 Domini
2345 2545 2458 2599 caeli
2487 2545 2688 2614 ﬁrmati
2709 2558 2865 2616 sunt,
2902 2560 2951 2605 et
2987 2547 3193 2619 Spiritu
3221 2552 3328 2606 oris
3362 2552 3477 2619 eius

1912 2633 2085 2686 omnis
2123 2634 2289 2688 virtus
2335 2652 2511 2690 eorum
2539 2638 2606 2690 “.
2655 2639 2724 2694 At
2756 2642 3209 2708 quemadmodum
3263 2657 3366 2698 non
3393 2652 3478 2698 est

1910 2726 2133 2778 verbum
2159 2727 2490 2795 prolatitium
2513 2732 2566 2783 in
2590 2730 2719 2794 Deo,
2744 2733 2838 2786 sed
2863 2713 3046 2787 vivens
3067 2743 3121 2788 et
3149 2734 3476 2802 subsistens,

1908 2822 1961 2869 ct
1982 2816 2121 2883 quod
2165 2821 2419 2872 universa
2454 2817 2620 2876 fecit:
2652 2822 2731 2877 sic
2765 2823 2818 2876 in
2853 2824 2958 2877 Deo
2987 2840 3093 2878 non
3135 2835 3218 2880 est
3251 2827 3479 2896 spiritus

1908 2907 1999 2975 qui
2031 2907 2378 2976 diﬂ‘nndutur,
2413 2927 2516 2964 non
2547 2927 2642 2966 aer
2668 2913 2756 2981 qui
2787 2915 3150 2969 dissolvatur:
3181 2917 3274 2972 sed
3304 2918 3476 2973 virtus

1908 3000 2256 3055 sanctiﬁcans
2281 3041 2297 3066 ,
2326 3002 2378 3056 in
2410 3017 2469 3056 se
2499 3005 2870 3060 substantialis
2890 3045 2904 3070 ,
2930 3007 2982 3061 in
3013 3021 3071 3062 se
3093 3009 3387 3076 exsistens,
3423 3011 3476 3064 in
3503 3005 3510 3012 ’

1908 3107 1966 3147 se
1988 3093 2308 3148 subsistens.
2353 3093 2545 3150 Manus
2585 3107 2690 3151 ιιια⁹
2720 3098 2951 3166 fecerunt
2980 3116 3094 3166 me,
3122 3111 3168 3154 et
3194 3101 3479 3171 plasmare-

1908 3197 2030 3237 runt
2061 3201 2142 3240 me
2172 3185 2240 3240 “.
2287 3185 2354 3241 Et
2393 3189 2493 3242 hoc
2540 3189 2740 3243 dictum
2776 3191 3186 3262 intelligentiam
3233 3197 3476 3250 eamdem

1909 3277 2107 3341 habet,
2161 3293 2321 3346 quam
2381 3281 2710 3348 praecedens.
2767 3279 2997 3350 Spiritus
3053 3284 3190 3337 enim
3235 3285 3474 3351 divinus,

227 3364 595 3435 προρῤηθέντι
641 3364 896 3417 διάνοιαν.
946 3342 1189 3432 Πνεῦμα
1223 3366 1329 3433 γὰρ
1356 3365 1538 3427 θεῖον,
1581 3363 1744 3433 φησὶν
1777 3366 1805 3417 δ

1911 3370 2082 3436 inquit
2114 3342 2214 3425 Job
2235 3412 2248 3433 ,
2277 3342 2529 3442 qui-fecit
2560 3389 2640 3426 me
2671 3373 2740 3427 ⁸³.
2776 3342 2953 3444 Atque
2997 3391 3213 3430 manum
3245 3342 3472 3434 alteram

240 3455 383 3518 Ἰὼϐ,
429 3455 495 3508 τὸ
539 3455 807 3524 ποιῆσαν
824 3473 918 3525 με.
949 3457 1058 3508 Kal.
1079 3456 1178 3525 τὴν
1202 3456 1364 3526 ἄλλην
1391 3458 1548 3526 χεῖρα
1582 3454 1809 3525 σαφηνί-

229 3548 338 3610 ζων
369 3546 618 3617 Σολομὼν
666 3563 832 3617 φησι·
873 3546 978 3601 Θεὲ
1019 3548 1288 3614 πατέρων
1335 3546 1433 3599 καί
1483 3545 1661 3613 Κύριε
1704 3544 1810 3598 τοῦ

225 3640 442 3704 ἐλέους
469 3655 605 3701 σου,
634 3642 665 3692 ὀ
685 3639 946 3706 ποιήσας
973 3639 1043 3692 τὰ
1060 3637 1254 3691 πάντα
1278 3639 1348 3691 ἐν
1365 3639 1523 3706 λόγῳ
1549 3654 1684 3700 σου,
1710 3637 1810 3690 καὶ

223 3727 305 3796 τῇ
331 3731 516 3797 σοφίᾳ
548 3747 663 3782 σου
705 3729 1164 3794 κατασκευάσας
1188 3727 1293 3782 τὸν
1314 3729 1644 3797 ἄνθρωπον.
1674 3729 1808 3800 Χρι-

231 3822 354 3884 στὸς
384 3822 441 3874 δὲ
463 3819 597 3874 Θεοῦ
619 3820 866 3891 δύναμις,
898 3822 991 3874 καὶ
1017 3819 1149 3872 Θεοῦ
1181 3820 1361 3889 σοφία,
1392 3821 1512 3890 ἥτις
1544 3820 1662 3873 ἐστὶ
1689 3822 1811 3891 χεὶρ

228 3915 592 3986 δημιουργικὴ
646 3913 787 3968 κατὰ
838 3915 930 3967 τὸν
978 3916 1077 3985 τῆς
1111 3913 1468 3984 τροπολογίας
1509 3913 1686 3983 λόγον.
1735 3914 1810 3966 Οὐ

236 4007 344 4076 μὴν
372 4006 506 4060 ἀλλὰ
538 4007 626 4060 καὶ
658 4005 974 4076 Πνεῦματος
997 4006 1230 4078 ἐργασίᾳ
1262 4005 1360 4076 τὴν
1383 4005 1512 4073 ὃλην
1544 4006 1575 4073 ἡ
1586 4004 1701 4071 μῶν
1720 4004 1813 4056 ἀν-

235 4097 386 4151 έθετο
431 4099 611 4168 φύσιν,
662 4098 754 4152 καὶ
781 4098 1211 4151 ἀνακαινωτικὸν
1255 4096 1386 4151 αὐτὸ
1428 4097 1524 4167 τῆς
1554 4096 1812 4168 δημιουρ-

235 4189 360 4256 γίας
397 4191 474 4251 εἰς
515 4189 817 4261 ἀφθαρσίαν
845 4190 1053 4258 φησὶνὸ
1081 4189 1238 4257 λόγος
1259 4205 1273 4219 ο
1326 4186 1698 4253 Ἀντανελεῐς
1745 4185 1812 4239 τὸ

236 4280 470 4347 πνεῦμα
501 4281 716 4346 αὐτῶν,
743 4281 838 4334 καὶ
865 4281 1242 4347 eratsic-ovat,
1288 4281 1384 4333 καὶ
1405 4281 1492 4343 εις
1519 4277 1626 4330 τὸν
1662 4276 1814 4346 χοῦν

235 4373 433 4428 αὐτῶν
463 4375 962 4443 ἐπιστρέφουσιν·
996 4373 1427 4439 ἐξαποστελεῖς
1460 4372 1526 4426 τὸ
1569 4369 1814 4440 Πνεῦμα

235 4484 374 4527 σου,
404 4467 501 4520 καὶ
532 4465 978 4528 κτισθήσονται,
1005 4469 1102 4521 καὶ
1131 4465 1494 4532 ἀνακαινιεῑς
1533 4465 1598 4518 τὸ
1628 4464 1814 4532 πρόσ-

235 4573 399 4611 ωπον
430 4556 541 4626 τῆς
569 4555 698 4627 γῆς.
738 4559 812 4610 Οὐ
847 4558 1018 4628 δήπου
1057 4559 1113 4612 δὲ
1141 4559 1300 4621 αὐτὸς
1324 4557 1514 4612 ἑαυτὸν
1543 4559 1654 4625 (88)
1684 4557 1814 4610 ἁπο-

1905 3477 2182 3530 exponens
2233 3461 2486 3516 Salomon
2534 3462 2650 3518 ait:
2708 3463 2846 3518 Deus
2886 3476 3095 3533 patrum
3158 3479 3206 3522 et
3253 3468 3478 3524 Domine

1908 3553 2282 3604 misericordia:
2315 3563 2456 3616 tute,
2497 3555 2587 3623 qui
2611 3554 2779 3620 fecisti
2819 3557 2995 3610 omnia
3017 3557 3070 3610 in
3094 3559 3244 3612 uerbo
3269 3570 3358 3613 tuo
3380 3601 3396 3622 ,
3427 3573 3478 3614 et

1909 3643 2170 3710 sapientia
2203 3655 2292 3695 tua
2337 3647 2678 3700 construxisti
2708 3648 2966 3700 hominem
3004 3645 3072 3702 ⁸⁸.
3104 3649 3348 3704 Christus
3379 3667 3479 3704 au-

1913 3743 2018 3789 tem
2059 3745 2144 3790 est
2167 3735 2260 3789 Dei
2285 3739 2524 3804 potentia
2557 3749 2609 3791 et
2630 3737 2720 3792 Dei
2753 3739 3014 3806 sapientia
3039 3739 3104 3804 ⁸⁵,
3135 3755 3256 3810 qua:
3281 3758 3478 3797 secun-

1909 3826 2036 3880 dum
2070 3827 2385 3896 tropologize
2424 3828 2687 3882 rationem
2721 3843 2912 3882 manus
2949 3833 3184 3884 creatrix
3219 3843 3322 3885 est.
3359 3831 3475 3886 lam

1908 3931 2037 3969 vero
2080 3925 2246 3969 totam
2294 3928 2535 3970 nostram
2594 3927 2845 3972 naturam
2899 3919 3196 3987 operationi
3245 3918 3478 3989 Spiritus

1911 4009 2121 4073 tribuit,
2156 4009 2440 4077 ipsumque
2475 4008 2754 4077 Scriptura
2787 4011 2920 4064 dicit
2949 4022 3320 4065 renovatnrem
3362 4014 3480 4082 opi-

1912 4099 2020 4152 licii
2052 4112 2171 4152 esse
2202 4099 2267 4151 ad
2316 4099 2778 4166 incorruptionem
2809 4119 2821 4155 :
2867 4101 3086 4170 Auferes
3115 4103 3354 4170 spiritum
3399 4121 3482 4157 eo-

1910 4203 2024 4241 rum
2047 4225 2062 4250 ,
2091 4197 2138 4241 et
2168 4187 2444 4254 deﬁcient,
2474 4197 2520 4241 et
2562 4189 2614 4241 in
2642 4189 2903 4257 puluerem
2945 4207 3096 4244 suum
3125 4204 3477 4260 reuertentur;

1912 4280 2112 4332 emittes
2164 4276 2415 4346 Spiritum
2451 4289 2629 4346 tuum,
2669 4290 2714 4333 et
2759 4283 3092 4344 creabantur,
3127 4293 3174 4337 et
3211 4287 3478 4340 renovabis

1913 4370 2102 4438 faciem
2133 4379 2287 4423 teme
2313 4370 2379 4424 ³⁸.
2417 4367 2529 4424 Nec
2549 4371 2692 4424 enim
2719 4371 2947 4440 ipsemet
2995 4375 3230 4442 seipsum
3259 4377 3425 4431 mittit
3464 4399 3474 4432 :

1912 4461 2004 4514 sed
2031 4461 2339 4515 missionem
2368 4472 2526 4516 vocat
2565 4462 2950 4518 demissionem
2985 4465 3053 4519 ad
3096 4481 3254 4534 opus,
3293 4481 3398 4523 non
3447 4485 3478 4524 e

1915 4553 2029 4608 loco
2070 4554 2135 4608 ad
2165 4554 2338 4608 locum
2374 4555 2679 4611 transitum.
2706 4553 2964 4619 Quoniam
3005 4556 3235 4626 Spiritus
3263 4557 3477 4614 Domini

308 4718 352 4748 ⁷⁸
383 4717 522 4770 Psal.
555 4733 742 4773 cum.
777 4717 868 4771 9|.
919 4716 1154 4770 "Galat.
1187 4717 1409 4777 Iv,6,7.
1449 4717 1496 4748 ⁷⁸
1527 4715 1542 4769 Ι
1577 4716 1702 4768 Cor.
1733 4730 1818 4773 ιιι.
1853 4713 1939 4766 lii.
1994 4709 2038 4738 ⁷⁸
2075 4705 2218 4762 Psal.
2249 4721 2407 4768 mu,
2431 4705 2487 4759 ‘2.
2529 4707 2573 4738 ⁸⁰
2595 4708 2735 4760 Psal.
2762 4725 2832 4770 cr,
2854 4708 2944 4762 26.
2979 4710 3021 4740 ‘"
3051 4709 3190 4764 Psal.
3223 4726 3397 4776 xxx",
3423 4711 3474 4766 6.

234 4787 280 4820 ⁸³
315 4787 414 4842 Job
453 4805 516 4851 ιι,
548 4788 600 4843 8.
677 4789 723 4820 ⁸³
751 4787 852 4842 Job
881 4803 1078 4850 xxxiii,
1125 4787 1177 4840 4.
1256 4786 1304 4818 ⁸⁵
1343 4788 1472 4854 Sap.
1528 4803 1618 4849 ιι,
1651 4790 1703 4849 1,
1752 4786 1808 4837 2.

212 4974 221 4982 ,
305 4920 415 4989 (85)
455 4921 593 4974 Editi
617 4920 786 4990 ἑτέρῳ
813 4919 1088 4990 παρέχειν.
1117 4920 1186 4973 At
1221 4930 1390 4974 HOSU‘I
1423 4928 1626 4989 septem
1661 4933 1792 4972 mss.

233 4991 390 5044 δοέγε
401 5007 466 5044 ιν.
557 4993 559 4995 ’
937 4991 947 5002 “

271 5009 592 5132 ρῗέῖῗίέιίἰιί
626 5059 766 5112 ὥστε
791 5060 889 5112 οὐκ
921 5059 1035 5112 ἔστι
1075 5059 1280 5122 δοῦλος.
1333 5057 1513 5132 codex
1554 5057 1706 5132 _Colb.
1750 5065 1804 5110 et

235 5129 374 5185 alter
430 5130 628 5199 Regius
686 5138 744 5184 ut
791 5131 842 5184 in
897 5141 1185 5194 contextu;
1221 5145 1321 5184 nec
1359 5130 1517 5184 aliter
1555 5129 1607 5182 in
1648 5141 1805 5182 sacro

237 5211 380 5257 textu
411 5201 624 5261 legitur.

309 5270 437 5343 (85),
464 5268 686 5343 _V_etercs_
721 5268 939 5343 quidam
987 5268 1110 5322 libri
1150 5278 1206 5322 et
1248 5268 1378 5343 editi
1439 5265 1802 5343 ἐνοικίζεσθαι

236 5338 882 5410 αὐτό.Ἀ1ίὶαὑτῷ.Βεε.
936 5349 1160 5407 quartus
1221 5339 1379 5410 αὐτῇ.
1436 5339 1561 5391 Sive
1609 5339 1804 5408 legerit

235 5412 355 5479 quis
379 5410 530 5475 αὑτό,
567 5409 682 5464 sive
713 5409 871 5479 αὐτῇ,
903 5418 1253 5479 peccaturum
1281 5425 1386 5462 non
1419 5418 1567 5479 pulo.

309 5480 418 5548 (86)
458 5479 650 5533 Totum
685 5475 962 5542 ἱΙΙιιιιζκαὶ
993 5477 1295 5548 ὄσαμίαν,
1322 5475 1454 5540 etcf,
1485 5478 1553 5532 ad
1587 5475 1800 5548 titulum

235 5547 429 5616 usque,
455 5549 752 5602 addidimus
773 5564 835 5602 es
868 5551 1071 5602 nostris
1096 5547 1300 5618 septem
1326 5549 1622 5603 codicibus.
1648 5547 1801 5612 Quod

235 5622 281 5674 si
316 5618 546 5686 cuipiam
593 5633 801 5672 merum
855 5620 1123 5688 glossema
1153 5635 1274 5674 esse
1321 5620 1596 5680 videatur,
1641 5630 1802 5670 omne

235 5689 289 5742 id
324 5703 354 5740 e
383 5697 631 5741 contextu
664 5704 824 5744 manu
854 5687 948 5745 sua
976 5689 1155 5745 delere
1209 5698 1262 5745 et
1294 5689 1346 5744 in
1379 5704 1530 5744 oram
1557 5687 1676 5740 libri
1709 5701 1803 5741 ex-

236 5769 461 5826 portare,
491 5757 704 5826 poterit.

1883 4779 1980 4831 ⁸³1
2043 4779 2168 4833 Cur.
2221 4792 2259 4836 ι.
2307 4777 2398 4839 24.
2474 4777 2521 4809 ⁸⁸
2548 4777 2692 4832 Psal.
2745 4793 2840 4832 cm
2921 4779 3011 4834 29.

1978 4914 2092 4988 (87)
2133 4913 2273 4988 Editi
2306 4923 2360 4968 et
2391 4913 2670 4988 ὀνο-Βεεῑί
2697 4916 2760 4967 Αἱ
2789 4914 2971 4985 χεῖρές
3000 4931 3092 4966 σου
3119 4913 3356 4971 ἔπλασάν
3387 4935 3476 4988 με,

1834 4967 1878 5022 Ῐ)
1907 4967 2294 5052 καῗίὲαῖιοίησάν
2318 4967 2655 5054 perdimus
2700 4967 2820 5036 tum"
2843 4967 3361 5054 plirs'mareruntﬁrne

1903 5058 2138 5126 fecerunt
2164 5051 2242 5106 me
2251 5069 2280 5126 ί
2302 5051 2356 5106 εἰ
2371 5057 2449 5126 ita
2470 5055 2666 5126 legitur
2690 5055 2828 5126 apud
2849 5051 2950 5126 Jul)
2971 5055 3292 5126 x._8.Codex
3321 5059 3474 5111 Colb.

1901 5122 1957 5178 et
1980 5125 2070 5178 alii
2095 5135 2210 5196 tres
2249 5122 2400 5196 Regii
2456 5122 2540 5176 At?
2570 5123 2750 5196 χεῖρές
2785 5141 2877 5176 σου
2911 5122 3174 5194 ἐποίησάν
3230 5143 3330 5196 με,
3383 5128 3480 5180 καὶ

1901 5194 2142 5248 έπλασάν
2176 5211 2262 5264 με,
2285 5193 2474 5266 Manus
2495 5204 2611 5266 tute
2628 5193 2860 5260 fecerunt
2893 5209 2997 5266 me.
3027 5193 3072 5248 et
3093 5193 3476 5266 plasmauernnt

1900 5282 1982 5318 me
2012 5283 2030 5318 :
2062 5265 2154 5332 qui
2180 5263 2482 5318 verborum
2515 5263 2652 5318 ordo
2679 5273 2931 5318 servatur
2960 5263 3015 5317 in
3053 5263 3260 5333 pSalmo
3281 5282 3473 5331 cxvrn,

1901 5350 1954 5389 γ.
1997 5336 2084 5388 75.

1975 5404 2086 5475 (88)
2124 5403 2264 5457 Editi
2293 5403 2424 5475 αὐτὸ
2446 5403 2624 5458 ἑαυτό.
2650 5405 2718 5457 At
2738 5404 2905 5459 nostri
2925 5415 3128 5472 septem
3156 5421 3284 5458 mss.
3312 5405 3478 5471 αὺτδς

1902 5474 2095 5546 ἑαυτόν
2127 5489 2141 5546 j
2179 5475 2266 5546 ubi
2297 5474 2660 5546 subaudienda
2702 5485 2784 5546 est
2816 5485 2909 5526 aut
2930 5489 3046 5546 _vox
3077 5475 3342 5546 Χριστός,
3387 5489 3478 5532 aut

1901 5561 2004 5597 vox
2037 5543 2191 5606 Θεός.
2228 5543 2407 5597 Codex
2438 5543 2589 5598 Colb.
2626 5545 2814 5599 habuit
2852 5544 3067 5611 quidem
3097 5543 3269 5612 prima
3313 5563 3473 5601 manu

1903 5614 2067 5677 αὐτὸς
2093 5612 2303 5686 ἑαυτῶν
2335 5629 2345 5640 ·
2377 5616 2470 5686 sed
2497 5615 2718 5686 antiqua
2747 5631 2908 5670 Inanu
2955 5619 3273 5672 emendatus
3315 5617 3478 5672 habet

1903 5702 2046 5740 nunc
2085 5684 2244 5747 αὐτὸς
2271 5683 2482 5736 ἑαυτόν.
