3956 6216
518 360 636 421 ³115
1868 358 1927 415 S.
1962 358 2093 415 ΒΑΕ)

2203 360 2206 413 l
2243 359 2461 417 MAGNI
3686 359 3795 416 ⁸116

522 478 737 548 replevit
770 474 944 528 orbem
966 484 1249 536 terrarum,
1286 472 1453 526 ethoc
1473 470 1614 541 quod
1640 472 1866 526 continet
1889 475 2064 527 omnia
2082 512 2095 537 ,

2206 475 2412 528 στέλλει
2437 493 2449 504 ·
2481 473 2781 545 ἀποστολὴν
2805 473 2862 527 δὲ
2885 472 3041 528 καλεῖ
3066 471 3162 545 τὴν
3189 472 3320 544 πρὸς
3342 471 3402 525 τὸ
3428 471 3601 545 ἔργον
3620 475 3793 531 αὐτοῦ

525 567 796 625 scientiam
843 565 992 617 habet
1033 563 1170 617 uocis
1211 562 1278 617 ⁸⁷.
1329 561 1395 616 Ει
1439 561 1661 631 angelus
1703 564 1769 617 ad
1818 562 2087 618 Mariam:

2203 564 2623 633 συγκατάϐασιν,
2652 562 2712 616 οὐ
2747 564 2844 634 τὴν
2874 565 2937 616 ὲκ
2958 562 3125 614 τόπου
3158 564 3236 625 εἰς
3259 562 3423 615 τόπον
3453 564 3791 634 μετάϐασιν.

526 660 756 730 Spiritus
827 654 1041 710 Domini
1112 655 1439 721 superveniet
1517 655 1571 708 in
1625 662 1711 720 te,
1766 654 2093 723 'quapropter

2203 655 2319 708 Ὀτι
2346 655 2588 724 Πνεῦμα
2615 655 2836 723 Κυρίου
2875 653 3231 722 πεπλήρωκε
3251 652 3366 721 τὴν
3388 656 3791 723 οἰκουμένην,

519 763 570 807 et
623 750 727 802 hoc
783 745 923 813 quod
973 755 1247 808 nascetur,
1307 757 1373 797 ea:
1430 739 1635 809 Spiritu
1682 742 1849 814 298
1910 752 2090 799 sancto

2203 746 2289 800 καὶ
2321 749 2385 801 τὸ
2408 747 2674 816 συνέχον
2696 746 2767 800 τὰ
2789 745 2986 800 πάντα
3011 745 3238 815 γνῶσιν
3266 746 3391 815 ἔχει
3417 745 3633 815 φωνῆς
3650 747 3790 818 (89).

524 850 601 893 ost
647 837 717 890 ⁸⁸.
765 835 923 903 Quod
991 848 1059 888 ex
1115 832 1296 903 aliquo
1346 842 1469 899 est,
1528 833 1580 889 id
1636 832 1704 888 ab
1758 850 1822 890 eo
1876 844 1960 890 est
2007 833 2091 890 vel

2203 838 2304 893 Kal.
2331 840 2360 891 6
2380 840 2610 907 ἄγγελος
2632 841 2698 910 τῇ
2716 837 2936 909 Μαρίᾳ·
2962 837 3203 907 Πνεῦμα
3224 840 3445 906 Κυρίου
3460 839 3795 892 ἐπελεύσε-

524 946 623 1001 per
668 927 956 985 creationis
987 925 1229 989 modum,
1272 932 1333 978 ut
1386 923 1514 978 illud
1543 941 1557 977 :
1589 922 1737 978 Unus
1768 924 1906 980 Deus
1934 923 2094 981 Pater

525 1035 591 1077 es
612 1035 714 1089 quo
749 1017 927 1071 omnia
956 1015 1034 1081 ”;
1064 1022 1158 1069 aut
1194 1028 1291 1082 per
1329 1013 1544 1069 modum
1587 1014 1968 1084 generationis,
2004 1031 2094 1072 se-

521 1111 760 1169 cundum
792 1108 922 1163 illud
956 1121 972 1161 :
1005 1106 1117 1178 Ego
1145 1122 1209 1160 ea:
1244 1103 1406 1160 Patre
1448 1105 1588 1160 exivi
1610 1106 1689 1173 ὀς
1727 1116 1781 1161 et
1814 1107 1981 1163 illud:
2012 1108 2096 1163 Ea:

523 1214 673 1257 utero
697 1210 817 1255 ante
842 1198 1119 1267 luciferum
1158 1197 1315 1265 genui
1347 1196 1498 1263 te“;
1537 1211 1640 1251 non
1694 1198 1836 1267 quod
1880 1207 2094 1253 uterum

524 1295 667 1349 Deus
687 1291 901 1353 habeat,
929 1289 1021 1344 sed
1048 1289 1190 1356 quod
1219 1286 1434 1357 genuini
1468 1295 1523 1343 et
1546 1303 1652 1343 non
1684 1288 1831 1342 nOIhi
1859 1287 1999 1343 fetus
2029 1304 2097 1345 ex

524 1395 681 1439 utero
710 1388 990 1451 parentum
1023 1378 1272 1449 generari
1312 1378 1540 1443 soleant,
1584 1388 1869 1448 propterea
1901 1379 2098 1435 habere

2190 946 2285 984 ται
2298 929 2395 983 ἐπὶ
2407 930 2597 984 σέ·διὸ
2608 930 2703 983 καὶ
2714 929 2779 983 τὸ
2792 927 3161 1000 γεννώμενον
3169 930 3237 984 ἐκ
3247 933 3298 983 Π
3300 930 3602 999 νεύματος
3611 932 3791 999 ἀτιόυ

2192 1019 2344 1073 ἐστι.
2373 1020 2445 1072 Τὸ
2476 1018 2538 1071 ἐκ
2568 1018 2767 1093 τινοςῆ
2797 1019 3199 1092 δημιουργικῶς
3226 1021 3369 1073 ἐστιν
3401 1021 3463 1087 ἐξ
3484 1020 3690 1085 αὑτοῦ,
3715 1021 3792 1083 ὡς

2196 1109 2276 1173 τὸ,
2324 1105 2430 1174 Εἷς
2465 1107 2611 1173 Θεὸς
2645 1111 2678 1161 ό
2708 1107 2911 1176 Πατὴρ
2942 1107 3011 1171 ἐξ
3043 1104 3114 1163 οὗ
3146 1110 3219 1162 τὰ
3244 1108 3477 1162 πάντα·
3512 1108 3550 1179 ἢ
3587 1126 3789 1177 γεννη-

2194 1197 2381 1261 τικῶς,
2412 1196 2552 1249 κατὰ
2578 1195 2660 1258 τὸ,
2694 1195 2834 1265 Ἐγὼ
2872 1197 2941 1249 ἐκ
2962 1196 3069 1250 τοῦ
3095 1197 3324 1266 Πατρός
3350 1197 3665 1265 ἐξῆλθον·
3699 1199 3794 1249 καὶ

2194 1288 2273 1351 τὸ,
2320 1288 2414 1341 Ἐκ
2442 1287 2698 1357 γαστρὸς
2718 1286 2831 1355 πρὸ
2870 1286 3176 1356 ἑωσφόρον
3209 1287 3514 1358 ἐγέννησά
3542 1304 3647 1343 σε.
3679 1290 3794 1359 Οὐχ

2196 1381 2279 1434 δτι
2306 1380 2548 1451 γαστέρα
2566 1380 2675 1450 ἔχει
2704 1381 2733 1432 6
2756 1380 2908 1444 Θεὸς,
2931 1381 3045 1434 ἀλλ’
3075 1382 3197 1434 ἐπεὶ
3216 1381 3285 1435 τὰ
3319 1380 3431 1452 (90)
3452 1383 3672 1453 γνήσια
3701 1384 3796 1435 καὶ

525 1490 586 1530 se
615 1475 665 1528 in
697 1471 1004 1543 generando
1033 1478 1247 1525 uterum
1274 1468 1407 1524 dixit
1440 1468 1601 1531 Deus,
1633 1470 1700 1524 ad
1724 1468 2095 1526 confusionem

2203 1470 2258 1523 οὐ
2294 1470 2422 1523 νόθα
2463 1473 2777 1539 γεννήματα
2802 1472 2867 1524 ὲκ
2893 1471 3127 1542 γαστρὸς
3150 1470 3257 1524 τῶν
3284 1471 3495 1524 τοκέων
3533 1472 3797 1542 πεφύκα-

526 1565 832 1633 impiorum,
860 1568 918 1614 ut
956 1561 1038 1616 vel
1067 1576 1163 1614 sua
1218 1560 1454 1628 ipsorum
1498 1569 1697 1613 natura
1734 1560 2095 1627 considerata,

2203 1575 2284 1611 σιν
2318 1558 2738 1627 ἁπογεννᾶσθαι,
2764 1560 3005 1632 γαστέρα
3036 1560 3179 1630 ἔχειν
3230 1561 3424 1613 ἑαυτὸν
3451 1564 3513 1614 ὲν
3543 1563 3629 1633 τῷ
3668 1580 3798 1630 γεν-

525 1657 735 1710 discant
778 1653 973 1707 Filium
1020 1651 1256 1706 fructum
1283 1665 1405 1706 esse
1457 1649 1633 1707 Patris
1677 1653 1989 1721 genuinum,
2017 1662 2095 1707 ut-

2203 1652 2295 1722 νᾷν
2327 1652 2610 1721 ὠνόμασεν
2648 1653 2677 1703 6
2714 1650 2876 1717 Θεὸς,
2914 1651 3050 1722 πρὸς
3092 1652 3356 1724 ἐντροπὴν
3385 1653 3499 1705 τῶν
3546 1653 3794 1718 ἀσεϐῶν,

525 1754 650 1816 pote
665 1761 730 1801 ex
750 1745 868 1813 ejus
888 1753 1044 1798 utero
1069 1751 1455 1814 emergentem.
1471 1743 1621 1809 Quod
1644 1743 1826 1813 itaque
1839 1759 1903 1798 ex
1922 1745 2095 1814 aliquo

2203 1745 2308 1808 ἵνα,
2336 1742 2439 1797 κᾶν
2468 1744 2566 1814 τὴν
2616 1745 2823 1797 ἑαυτῶν
2867 1744 3300 1816 κατανοήσαντες
3329 1744 3520 1812 φύσιν,
3573 1745 3799 1815 μάθωσι

527 1811 722 1900 est,.id
750 1811 844 1889 aut
890 1850 986 1905 per
1009 1811 1300 1892 creationis
1348 1835 1591 1901 modum,
1627 1846 1719 1890 aut
1739 1811 1852 1906 per
1881 1811 2095 1891 modum

2203 1837 2420 1906 γνήσιον
2458 1811 2599 1888 εἶναι
2638 1835 2849 1907 καρπὸν
2892 1834 2987 1889 τοῦ
3022 1811 3235 1906 Πατρὸς
3270 1835 3360 1887 τὸν
3396 1811 3797 1906 Υἱὸν,-ὦστ.ερ

525 1925 913 1996 generationis,
958 1934 1051 1978 aut
1094 1933 1285 1995 sponte
1315 1935 1522 1979 natura:
1568 1942 1634 1980 ex
1665 1927 1782 1995 ipso
1820 1936 1925 1995 est,
1954 1927 2101 1981 velut

525 2014 770 2083 operatio
812 2022 999 2069 nostra
1037 2029 1103 2068 ex
1155 2014 1330 2077 nobis,
1362 2022 1457 2069 aut
1502 2014 1648 2070 velut
1689 2016 1944 2083 splendor
1969 2015 2100 2072 solis

516 2121 593 2167 ω
622 2107 756 2175 ipso.
786 2106 974 2175 Itaque
1023 2106 1067 2159 si
1114 2106 1610 2175 supermundanum
1653 2106 1858 2162 Christi
1904 2122 2101 2177 cor-pus

515 2215 595 2255 ex
640 2200 844 2270 Spiritu
889 2208 1074 2254 sancto
1107 2209 1209 2263 est,
1252 2214 1358 2254 non
1401 2192 1584 2253 tamen
1635 2201 1881 2270 genitura
1934 2200 2101 2269 ipsius

525 2301 647 2343 esse
674 2296 849 2357 potest
866 2305 881 2353 ;
898 2287 1328 2356 quandoquidem
1349 2286 1503 2353 Quod
1534 2297 1715 2342 natum
1736 2299 1809 2343 est
1830 2305 1894 2343 ea:
1920 2306 2096 2357 carne,

526 2394 650 2437 caro
671 2388 743 2433 est
768 2395 787 2434 :
816 2387 863 2432 et
900 2378 1036 2448 quod
1057 2390 1235 2432 natum
1253 2389 1328 2433 est
1352 2382 1642 2448 exspiritu,
1681 2381 1903 2448 spiritus
1933 2393 2008 2435 est
2030 2382 2096 2435 “.

527 2469 711 2541 Neque
742 2485 929 2526 rursus
955 2483 1022 2524 ex
1046 2470 1165 2540 ipso
1189 2471 1333 2525 velut
1375 2472 1622 2541 operatio
1658 2473 1850 2542 ipsius,
1888 2476 2014 2543 quia
2045 2474 2098 2527 in

526 2562 757 2633 simplici
810 2571 867 2618 et
911 2562 1225 2632 incorporea
1256 2570 1447 2616 natura
1481 2564 1727 2618 eamdem
1781 2566 2100 2620 substantia:

525 2655 790 2709 rationem
822 2658 1068 2725 operatio
1110 2656 1357 2724 suscipit.
1403 2655 1750 2724 Relinquitur
1782 2674 1913 2729 ergo
1947 2668 2005 2714 ut
2031 2676 2099 2714 ex

526 2747 644 2815 ipso
671 2745 742 2801 sit
785 2755 1055 2817 tanquam,
1086 2745 1203 2814 ejus
1234 2757 1505 2802 creatura.
1553 2746 1753 2802 Verum
1805 2757 1859 2803 et
1885 2748 1974 2803 ille
2006 2749 2098 2804 Dei

525 2839 725 2906 digitus
779 2839 871 2905 qui
923 2840 1197 2909 pulverem
1241 2838 1294 2892 in
1349 2838 1586 2911 Egypto
1632 2843 2012 2896 transmutavit
2047 2843 2097 2896 in

527 2929 803 2996 animalia,
822 2932 1052 3000 primum
1071 2930 1384 2985 animalium
1409 2942 1584 2986 ortum
1603 2932 1899 2988 ostendens
1921 2934 1989 2999 ",
2005 2933 2100 2988 Pa-

518 3018 762 3074 racletus
788 3029 929 3087 erat,
957 3019 1190 3090 Spiritus
1210 3021 1301 3075 ille
1333 3022 1597 3076 veritatis.
1628 3021 1760 3076 Nam
1791 3038 1911 3077 cum
1934 3039 2100 3079 evan-

2200 1931 2264 1983 ὲκ
2296 1928 2397 1999 τῆς
2426 1928 2632 1982 ἐκείνου
2657 1927 2996 1999 τυγχάνοντα
3017 1929 3270 1998 γαστρός.
3306 1927 3378 1980 Τὸ
3412 1927 3478 1982 ἐκ
3508 1946 3669 1991 τινος
3696 1928 3796 1981 τοί-

2202 2038 2315 2082 νυν,
2367 2019 2400 2090 ἥ
2462 2020 2890 2091 δημιουργικῶς,
2933 2019 2967 2090 ἢ
3016 2019 3380 2090 γεννητικῶς,
3442 2021 3478 2091 ἢ
3538 2020 3796 2090 φυσικῶς

2199 2114 2348 2165 ἐστιν
2390 2111 2449 2178 ἐξ
2484 2112 2669 2176 αὑτοῦ,
2726 2112 2801 2175 ὡς
2843 2114 2875 2182 ἡ
2921 2111 3169 2182 ἐνέργεια
3209 2111 3363 2182 ἡμῶν
3417 2110 3479 2174 ἐξ
3527 2112 3721 2181 ἡμῶν,
3759 2108 3793 2179 ἧ

2200 2204 2275 2268 ὡς
2300 2205 2361 2257 τὸ
2405 2205 2743 2274 ἀπαύγασμα
2780 2202 2875 2256 τοῦ
2912 2203 3065 2271 ἡλίου
3100 2202 3160 2267 ἐξ
3187 2202 3371 2256 αὐτοῦ.
3408 2202 3477 2254 Εἰ
3511 2202 3707 2254 τοίνυν
3738 2202 3794 2253 τὸ

2203 2297 2568 2368 ὑπερκόσμιον
2594 2296 2705 2366 (91)
2735 2295 2894 2366 σῶμα
2915 2296 3152 2367 Χριστοῦ
3186 2297 3249 2348 ὲκ
3270 2293 3609 2364 Hirsuta-.6;
3648 2296 3791 2347 ἐστιν

2201 2388 2380 2456 ἁγίου,
2406 2388 2465 2441 οὐ
2489 2387 2711 2441 δυνατὸν
2730 2388 2787 2441 δὲ
2804 2388 3050 2458 γέννημα
3073 2386 3234 2441 αὐτοῦ
3266 2386 3575 2458 ὑπάρχειν,
3610 2387 3696 2439 ὅτι
3724 2386 3789 2439 T6

2202 2479 2639 2549 γεγεννημένον
2668 2481 2736 2533 ἐκ
2774 2478 2883 2547 τῆς
2914 2478 3140 2547 σαρκὸς
3171 2476 3327 2546 σάρξ
3363 2478 3534 2529 ἐστι·
3588 2478 3689 2530 καὶ
3728 2478 3788 2529 τὸ

2201 2569 2639 2640 γεγεννημένον
2684 2572 2753 2625 ἐκ
2795 2570 2901 2624 τοῦ
2935 2571 3273 2638 πνεύματος
3313 2569 3571 2637 πνεῦμά
3602 2570 3785 2623 ἐστιν.

2201 2663 2324 2716 Οὐδ’
2360 2659 2426 2717 αὖ
2461 2663 2621 2718 πάλιν
2662 2661 2722 2727 ἐξ
2768 2662 2935 2716 αὐτοῦ
2965 2662 3041 2724 ὡς
3070 2661 3317 2732 ἐνέργεια
3357 2660 3562 2724 αὑτοῦ,
3593 2662 3679 2713 δτι
3702 2662 3791 2712 ἐπὶ

2200 2753 2379 2824 ἁπλῆς
2417 2755 2511 2807 καὶ
2561 2753 2855 2824 ἀσωμάτου
2909 2754 3124 2823 φύσεως
3180 2753 3269 2805 τὸν
3318 2752 3487 2806 αὑτὸν
3548 2752 3658 2820 τῆς
3706 2753 3790 2803 οὐ-

2203 2845 2322 2909 σίας
2356 2846 2465 2915 (92)
2491 2845 2647 2913 λόγον
2685 2846 2993 2916 ἐπιδέχεται
3022 2847 3056 2916 ἡ
3092 2844 3358 2916 ἐνέργεια.
3395 2845 3790 2899 ’Υτιποὶεῐπεται

2199 2938 2308 3010 ἄρα
2347 2938 2406 3002 ἐξ
2450 2938 2612 2991 αὑτοῦ
2646 2932 2787 2992 εἷναι
2827 2936 2903 3001 ὡς
2949 2938 3154 3008 κτίσμα
3204 2936 3389 2990 αὑτοῦ.
3434 2937 3610 2991 Ἀλλὰ
3645 2940 3739 2991 καὶ
3762 2940 3789 2990 ὁ

2200 3030 2460 3096 δάκτυλος
2506 3031 2601 3084 τοῦ
2643 3030 2779 3084 Θεοῦ
2822 3031 2850 3083 6
2912 3028 3231 3101 μεταϐαλὼν
3273 3032 3330 3083 ὲν
3377 3031 3659 3101 Αἰγύπτῳ
3702 3030 3789 3083 τὸν

525 3110 727 3181 gelista:
757 3121 867 3168 tros
900 3125 1122 3166 narrent
1163 3111 1446 3166 Dominum
1477 3114 1544 3168 ad
1590 3113 1808 3170 Judzeos
1844 3114 2045 3171 dixisse
2082 3134 2095 3170 :

2203 3122 2328 3193 χοῦν
2374 3124 2455 3186 εἰς
2489 3120 2637 3187 ζῶα,
2689 3124 2788 3194 τὴν
2840 3123 3078 3195 ἀρχῆθεν
3124 3122 3232 3176 τῶν
3284 3122 3443 3188 ζώων
3496 3124 3788 3190 ἀναδείξας

527 3201 590 3263 Si
606 3211 779 3257 autem
799 3218 890 3272 ego
923 3202 978 3256 in
1006 3203 1207 3271 Spiritu
1240 3203 1333 3258 Dei
1362 3205 1517 3273 ejicio
1540 3207 1822 3272 darmonia,
1840 3208 2004 3277 igitur
2028 3209 2095 3262 ad

2203 3215 2434 3283 γένεσιν,
2469 3217 2498 3268 6
2526 3214 2887 3286 Παράκλητος
2924 3210 3014 3285 ἦν,
3040 3216 3101 3268 τὸ
3120 3213 3346 3286 Πνεῦμα
3366 3216 3471 3286 τῆς
3498 3217 3785 3289 ἀληθείας.

526 3308 614 3346 vos
655 3294 883 3360 pervenit
933 3310 1142 3364 regnum
1176 3293 1267 3348 Dei
1284 3294 1331 3335 ’³⁸
1356 3312 1370 3361 ;
1395 3309 1519 3350 eum
1544 3296 1717 3352 Lucas
1746 3299 1821 3352 ait
1851 3300 2051 3354 dixisse
2079 3315 2094 3352 :

2203 3306 2320 3359 Τῶν
2350 3305 2461 3377 γὰρ
2500 3305 2666 3378 τριῶν
2697 3306 3100 3374 εὐαγγελιστῶν
3126 3307 3416 3378 φησάντων
3460 3309 3608 3380 πρὸς
3657 3311 3785 3362 ’1ου-

526 3384 591 3441 Si
620 3396 793 3440 autem
815 3403 907 3457 ego
929 3388 987 3441 in
999 3388 1162 3457 digito
1191 3387 1287 3442 Dei
1309 3390 1463 3458 ejicio
1490 3390 1776 3456 dtumonia,
1800 3392 1962 3463 igitur
1987 3410 2095 3462 per-

2203 3398 2378 3461 δαίους
2406 3397 2684 3469 εἰρηκέναι
2711 3397 2801 3452 τὸν
2833 3398 3037 3470 Κύριον
3061 3415 3075 3428 ·
3139 3401 3211 3452 El
3241 3398 3310 3451 δὲ
3344 3398 3464 3469 ἐγὼ
3489 3402 3569 3454 ἐν
3606 3402 3782 3454 Πιθεύ-

524 3476 662 3531 uenit
686 3478 756 3530 ad
787 3494 874 3531 vos
898 3494 1115 3549 regnum
1143 3479 1390 3533 saeiarum
1408 3479 1474 3534 ⁸⁸.
1504 3479 1738 3538 Proinde
1766 3499 1884 3552 qua:
1930 3484 2095 3538 etiam

2203 3508 2335 3559 ματι
2369 3489 2517 3544 Θεοῦ
2556 3488 2828 3543 ἐκϐάλλω
2879 3491 2953 3545 τὰ
3001 3490 3296 3559 δαιμόνια,
3346 3492 3465 3560 ἄρα
3516 3494 3787 3563 ἔφθασε-γ

525 3584 624 3641 per
666 3568 884 3640 Moysen
917 3570 1117 3626 ﬂebant
1137 3572 1190 3625 in
1231 3571 1464 3642 Egypto
1496 3573 1671 3644 signa,
1703 3592 1821 3644 quae
1850 3577 2095 3632 videlicet

2203 3582 2289 3650 ἐφ’
2316 3580 2471 3651 ὑμᾶς
2510 3581 2859 3650 ἠβασιλεία
2904 3582 3010 3636 τοῦ
3063 3583 3209 3637 Θεοῦ
3235 3602 3248 3614 ·
3290 3584 3319 3636 6
3357 3585 3581 3648 Λουκᾶς
3629 3603 3782 3654 φησιν

526 3658 693 3729 digito
722 3658 815 3714 Dei
864 3660 1182 3726 edebantur,
1205 3670 1261 3715 et
1289 3663 1602 3717 admiranda
1655 3663 1747 3718 Dei
1796 3665 1944 3734 signa
1975 3682 2095 3721 cum

2203 3674 2476 3744 εἰρηκέναι
2509 3673 2671 3727 αὐτόν
2696 3692 2711 3705 ·
2742 3674 2809 3727 El
2845 3673 2913 3726 δὲ
2934 3674 3048 3742 é-rc‘o
3075 3674 3145 3728 ἐν
3177 3673 3459 3738 δακτύλῳ
3494 3675 3655 3729 Θεοῦ
3696 3678 3781 3729 ἐε-

528 3751 733 3819 Spiritu
758 3751 1193 3821 perﬁciebantur.
1237 3751 1406 3809 Porro
1440 3755 1529 3809 Dei
1559 3755 1758 3825 digitus
1790 3756 1841 3810 iu
1884 3757 1952 3811 iis
1979 3774 2095 3825 qua:

2203 3766 2398 3821 ϐάλλω
2420 3768 2493 3820 τὰ
2520 3765 2813 3836 δαιμόνια,
2847 3766 2961 3831 ἄρα
3003 3766 3269 3834 ἔφθασεν
3312 3766 3405 3835 ἐφ’
3428 3764 3595 3835 ὑμᾶς
3616 3769 3655 3833 ἡ
3676 3768 3781 3830 ,ϐα-

525 3858 555 3896 a
588 3842 770 3915 Moyse
798 3851 852 3898 et
877 3843 1101 3898 Domino
1135 3844 1274 3899 facta
1308 3856 1433 3900 sunt
1459 3847 1643 3914 signis,
1663 3848 1840 3903 dictus
1860 3858 1943 3904 est
1977 3849 2095 3919 Spi-

2203 3860 2399 3914 σιλεία
2437 3856 2557 3912 τῶν
2595 3857 2887 3926 οιίιρανῶν.
2920 3856 3126 3911 Οὐκοῦν
3151 3858 3245 3910 xa't
3273 3856 3343 3909 τὰ
3370 3856 3464 3908 διὰ
3502 3847 3781 3918 Μὼῦσέως

525 3935 662 3991 ritus
704 3953 717 3991 :
750 3951 856 3992 non
909 3938 1053 4008 quod
1093 3939 1164 3993 sit
1193 3940 1387 4008 exigua
1423 3941 1667 4010 quaedam
1715 3945 1953 4010 potentia
1991 3959 2095 3999 una

2203 3950 2463 4021 γενόμενα
2510 3951 2568 4003 ὲν
2613 3949 2874 4018 Αἰγύπτῳ
2921 3950 3144 4019 σημεῖα,
3176 3946 3320 4019 ειπερ
3346 3947 3608 4018 δακτύλῳ
3652 3947 3781 3999 Θεοῦ

525 4040 649 4080 cum
679 4028 788 4082 Deo
817 4028 1103 4093 exsistens,
1132 4031 1585 4097 quemadmodum
1619 4032 1671 4084 in
1699 4046 1927 4100 corpore
1957 4035 2095 4103 digi-

2203 4040 2416 4109 ἐγένετο
2440 4039 2573 4110 (95),
2603 4038 2789 4092 καὶτὰ
2826 4036 3109 4109 παράδοξα
3142 4036 3236 4089 τοῦ
3266 4035 3407 4088 Θεοῦ
3442 4040 3654 4107 σημεῖα
3681 4040 3785 4089 ἐτε-

525 4126 636 4183 tus,
667 4119 760 4191 sed
787 4119 928 4188 quod
955 4134 1020 4173 ex
1054 4120 1118 4174 iis
1143 4119 1285 4174 illius
1319 4120 1474 4175 donis
1502 4135 1623 4189 quae
1648 4135 1743 4189 per
1775 4122 2094 4178 divisionem

2203 4131 2569 4201 λεσιουργεῖτο
2608 4129 2705 4181 σὺν
2744 4127 2821 4198 τῷ
2862 4127 3163 4198 Πνεύματι.
3200 4125 3480 4188 Δάκτυλος
3529 4126 3594 4180 δὲ
3652 4126 3783 4180 Θεοῦ

527 4207 682 4273 iiunt,
715 4222 878 4261 unum
933 4208 1151 4278 aliquod
1189 4219 1271 4264 est
1316 4209 1595 4280 signorum
1641 4225 1706 4264 ac
1752 4212 2094 4267 sanationum

2203 4220 2256 4285 ἑν
2284 4218 2493 4280 τούτοις
2513 4221 2624 4281 τοῖς
2641 4217 2745 4271 ὑπὸ
2766 4218 2899 4272 Μωῦ
2908 4219 3045 4280 σέως
3073 4217 3169 4270 καὶ
3197 4218 3311 4279 τοῖς
3332 4215 3432 4269 τοῦ
3450 4217 3665 4289 Κυρίου
3695 4234 3783 4286 cq-

524 4300 746 4362 donum,
772 4309 1053 4370 propterea
1086 4318 1252 4356 unum
1286 4302 1523 4372 aliquod,
1546 4318 1653 4357 non
1690 4303 1946 4360 universa
1971 4306 2095 4375 Spi-

2203 4308 2375 4380 μείοις
2424 4308 2642 4380 εἴρηται
2674 4309 2733 4360 τὸ
2779 4306 3027 4379 Πνεῦμα,
3071 4307 3170 4377 οὐχ
3204 4307 3285 4359 ὅτι
3332 4307 3512 4378 μικρά
3556 4307 3649 4370 τίς
3675 4310 3783 4360 ἐστι

524 4392 664 4447 ritus
704 4392 869 4458 dona,
905 4394 1130 4465 digitum
1185 4403 1366 4450 vocat.
1418 4393 1560 4449 Nam
1610 4397 1732 4449 huic
1772 4398 1980 4466 quidem
2006 4415 2095 4466 per

2203 4400 2279 4472 τῷ
2324 4400 2445 4471 Θεῷ
2489 4400 2721 4454 συνοῦσα
2771 4399 3037 4470 δύναμις,
3091 4398 3342 4469 καθάπερ
3410 4397 3640 4468 σώματι
3698 4399 3789 4451 δέ.

521 4482 786 4551 Spiritum
835 4487 995 4540 datur
1038 4504 1207 4542 sermo
1249 4488 1524 4556 sapientia:
1563 4505 1582 4542 :
1621 4488 1720 4542 alii
1762 4504 1883 4542 vero
1929 4506 2095 4544 sermo

2203 4491 2414 4555 κτυλος,
2460 4491 2573 4546 ἀλλ’
2611 4492 2798 4561 ἐπειδὴ
2839 4492 2899 4545 ἓν
2936 4509 2990 4545 τι
3032 4490 3141 4543 τῶν
3187 4490 3331 4543 κατὰ
3371 4489 3650 4561 διαίρεσιν
3694 4508 3785 4560 χα-

521 4577 774 4642 εσὲεηεὲω,
795 4580 1079 4632 secundum
1102 4579 1339 4633 eumdem
1357 4576 1610 4647 Spiritum
1645 4593 1665 4631 :
1699 4578 1795 4632 alii
1815 4594 1932 4633 vero
1955 4580 2095 4633 dona

2206 4580 2487 4650 ρισμὰτων
2529 4578 2695 4633 αὐτοῦ
2733 4582 2851 4633 ἐστι
2889 4579 2952 4633 τὸ
2982 4577 3229 4650 χάρισμα
3266 4578 3375 4630 τῶν
3410 4579 3666 4649 σημείων
3696 4584 3785 4633 καὶ

600 4757 645 4829 ξ’
685 4754 813 4823 sap.
861 4773 901 4829 1‘,
940 4753 1036 4829 ’“1ἈΔ
1064 4754 1149 4829 _”
1198 4755 1333 4829 Luc.
1361 4756 1559 4829 I,_§5;
1604 4756 1790 4829 Matth.
1834 4776 1870 4823 Ι,
1899 4760 1990 4823 Ἦ-

2226 4760 2349 4816 Cor.
2381 4775 2499 4829 vni,
2526 4760 2579 4813 6.

2676 4760 2723 4794 ”
2751 4759 2906 4815 Joan.
2942 4776 3052 4827 xvi,
3084 4759 3179 4822 28,

520 4828 565 4867 θ’
592 4825 841 4892 Joan.u|,
865 4826 916 4880 6.
992 4824 1039 4867 *³
1063 4825 1231 4880 Exod.
1254 4841 1368 4891 vm,
1411 4826 1497 4880 17.
1575 4828 1621 4861 ⁹⁶
1643 4830 1831 4885 Matth.
1860 4847 1962 4896 xu,
1994 4830 2086 4885 28.

2203 4833 2205 4854 ί
2232 4830 2362 4887 Luc.
2391 4824 2469 4893 ιιι,
2502 4830 2592 4884 20.

3288 4761 3333 4793 ⁹¹
3361 4760 3511 4816 Psal.
3573 4778 3691 4829 cxx,
3728 4764 3783 4817 3.

592 4987 705 5059 (89)
745 4986 886 5060 Etli_ti
921 4984 1128 5060 φωνῆς.
1174 4987 1389 5060 Καὶ-τὸ
1433 4987 1694 5060 πνεῦμαη
1721 4989 1949 5045 Codices
1991 4991 2095 5046 duo

2203 4988 2436 5060 νώμενον
2464 4988 2619 5043 aliter
2645 4988 2977 5060 exprimere,
3010 5002 3110 5060 nec
3149 4995 3328 5060 tamen
3360 5002 3393 5040 a
3429 5001 3601 5042 sensu
3630 4990 3783 5060 Scri-

519 5055 1214 5129 Ῑῖθὶζίῖφων-ἦςη-Πνεῦμα.
1250 5058 1352 5129 Alii
1379 5055 1614 5125 quatuor
1640 5058 1824 5113 itidem
1854 5060 2009 5129 Regii
2042 5070 2095 5115 3.

2203 5055 2371 5129 pttira:
2397 5060 2652 5113 aberrare
2672 5098 2688 5123 ,
2718 5055 2764 5129 si
2792 5057 3043 5112 videlicet
3068 5058 3142 5110 ita
3174 5058 3559 5129 interpreteris
3594 5078 3610 5112 :
3639 5059 3783 5124 Qua-

518 5125 672 5189 σου).
697 5125 902 5201 φωνῆς.
924 5126 1085 5201 _K_atl6
1111 5127 1341 5195 ἄγγελος
1366 5131 1432 5199 τῇ
1453 5129 1678 5201 Μαρίᾳ,⁸
1710 5125 2095 5201 ῌνεῦμαζψιεε

2203 5125 2409 5197 propter
2426 5140 2473 5182 et
2500 5129 2595 5182 hoc
2627 5128 2765 5198 quod
2807 5136 3113 5196 conceptum
3138 5137 3212 5181 est
3252 5143 3317 5181 ea:
3349 5125 3565 5195 Spiritu
3599 5144 3782 5185 sancto

518 5201 683 5255 verba
721 5200 794 5271 ita
830 5196 1302 5271 dividemlasunt,
1363 5196 2096 5271 tti'ltaec'._l]ve6pa'Kupiou
2195 5196 2291 5271 est.

2197 5340 2223 5393 ὲ
2269 5267 2563 5392 (ξωάΕάῖῑὶ
2592 5266 2706 5321 ἀλλ’
2739 5267 2820 5326 ὅτι
2869 5264 2958 5323 τά.
2994 5263 3144 5321 Libri
3173 5265 3383 5335 antiqui
3425 5282 3627 5323 omnes

2228 5355 2296 5392 πε
2350 5356 2381 5390 τ
2426 5379 2439 5390 .

2228 5355 2319 5392 πει
2350 5355 2439 5392 τα.

2265 5409 2375 5478 (9|)
2427 5408 2870 5475 Ὑπερκόσμιον,
2897 5404 3120 5478 verbum
3146 5419 3180 5459 ο
3201 5404 3369 5461 verbo
3385 5410 3777 5476 supernantia-

2189 5473 2333 5532 ttum.
2358 5473 2654 5545 interpres.
2686 5473 3111 5543 supernaturale.

2256 5548 2369 5619 (92)
2395 5547 2733 5619 Antiquiduo
2753 5546 2867 5599 libri
2889 5554 2943 5597 et
2964 5545 3095 5619 editi
3128 5545 3467 5619 τῆςούσιας,
3500 5548 3777 5617 Αὶίἰιιιιῑιι-

2187 5616 2294 5686 que
2319 5616 2449 5672 mss.
2479 5618 2753 5687 cauom,
2815 5616 3051 5682 operatio
3076 5619 3316 5670 eamdem
3361 5618 3634 5685 rationem
3691 5619 3772 5674 lla-

2180 5690 2269 5750 ἵκει
2296 5704 2455 5756 quam
2486 5686 2801 5743 substantia.

2257 5753 2368 5829 (93)
2398 5757 2526 5827 Reg.
2561 5767 2784 5833 quartus
2814 5753 2949 5809 Θεοῦ
2978 5753 3205 5831 ἐγίνετο.

519 5284 651 5333 etc.,
709 5266 1019 5324 referantur
1072 5267 1138 5319 ad
1183 5266 1386 5322 Lucam
1433 5285 1474 5331 ι,
1533 5268 1637 5333 55;
1685 5266 1777 5322 illa
1824 5266 2098 5332 vero,'At6

517 5341 789 5406 uati,elc.,
822 5337 1129 5391 tribuantur
1178 5336 1432 5392 Matthaeo
1471 5354 1509 5405 ι,
1555 5338 1645 5392 20.
1704 5339 2098 5406 Trapezuntius

508 5412 704 5473 uertit,
735 5407 1069 5473 Quapropter
1114 5417 1161 5478 et
1205 5410 1345 5475 quod
1376 5412 1429 5461 in
1464 5427 1524 5462 ea
1566 5417 1746 5461 uatum
1785 5420 1881 5474 est,
1916 5412 2092 5478 inepte

519 5492 680 5535 utens
729 5478 1029 5546 praeterito,
1076 5476 1166 5530 ubi
1216 5478 1318 5531 sibi
1367 5478 1624 5532 utendum
1679 5478 1852 5532 fuerat
1889 5476 2088 5544 futuro,

518 5556 835 5618 quapmpter
860 5555 908 5598 et
932 5546 1076 5618 quod
1123 5558 1382 5601 nascetur.
1415 5548 1480 5602 Et
1502 5556 1651 5603 certe
1676 5548 1747 5618 ita
1773 5551 2088 5603 vertendum

519 5615 660 5678 esse,
692 5615 942 5682 cognosci
973 5627 1171 5682 potest,
1205 5618 1285 5670 vel
1314 5622 1379 5671 de
1403 5618 1544 5673 Luca
1581 5635 1618 5680 ι,
1644 5617 1735 5680 55,
1771 5618 1861 5672 ubi
1894 5618 1974 5673 sic
2016 5619 2090 5673 Ie-

521 5689 666 5756 gitur
698 5701 710 5736 :
750 5688 980 5756 Lucaque
998 5696 1043 5736 et
1074 5688 1211 5753 quod
1242 5697 1488 5741 nascetur
1512 5704 1576 5746 ea;
1608 5697 1655 5740 te
1690 5696 1931 5741 sanctum
1954 5729 1969 5753 ,
2002 5706 2089 5745 vo:-

521 5751 725 5827 ἒαρὶιιιν
745 5751 919 5819 Filius
946 5754 1063 5829 Dei.
1086 5751 1272 5821 Possis
1292 5767 1470 5827 tamen
1498 5758 1725 5824 fortasse
1746 5773 1932 5814 vocem
1957 5751 2088 5845 ’γενο
