3956 6216
306 208 415 265 ’717
1430 210 1798 266 ADVERSUS
1836 211 2199 269 EUNOMIUM
2235 214 2365 275 LIB.
2405 214 2471 270 V.
3461 214 3564 268 7l8

307 329 580 399 ἰαμάτων,
615 327 677 380 τδ
717 326 776 381 ἓν
819 344 893 391 τι,
931 328 1024 382 καὶ
1050 327 1170 398 οὐχὶ
1201 327 1268 381 τὰ
1311 328 1408 382 ὅλα
1448 328 1763 400 χαρίσματα
1790 328 1874 382 toi

1986 333 2341 399 sanationum,
2368 333 2423 384 in
2443 330 2621 386 eodem
2671 328 2874 398 Spiritu
2904 342 2924 381 :
2947 329 3041 384 alii
3079 346 3195 385 vero
3248 331 3520 399 prophetia
3544 348 3563 387 :

302 419 453 473 Πνεύ
462 436 648 490 ματος,
679 418 941 472 δάκτυλον
968 419 1120 471 καλεῖ
1141 419 1273 489 (94).
1294 412 1366 489 ᾯ
1394 421 1511 489 μὲν
1530 420 1639 489 γὰρ
1668 420 1764 473 διὰ
1780 419 1874 473 τοί

1990 421 2084 474 alii
2122 436 2239 475 vero
2264 422 2512 475 discretio
2535 421 2817 488 spirituum
2837 438 2857 476 :
2879 421 2972 475 alii
2992 437 3110 476 vero
3132 438 3323 491 genera
3356 421 3564 491 lingua-

302 511 656 579 Πνεύματος
681 509 910 563 δίδοται
929 512 1110 579 λόγος
1145 510 1385 578 σοφίας,
1414 510 1582 577 ἄλλῳ
1612 509 1680 563 δὲ
1708 513 1888 580 λόγος

303 600 605 670 γνώσεως,
660 602 811 655 κατὰ
841 602 907 654 τὸ
944 601 1091 655 αὐτὸ
1122 601 1384 671 Πνεῦμα,
1421 601 1591 665 ἄλλῳ
1632 602 1700 655 δὲ
1733 604 1889 670 χαρίο

305 709 509 762 σματα
535 690 815 761 ἰαμάτων,
829 690 990 757 ἐντῷ
1004 692 1163 757 αὐτῷ
1174 695 1475 761 Πνεύματι
1493 691 1625 761 (95).
1643 690 1810 758 ἄλλῳ
1821 691 1890 744 δὲ

304 785 661 854 προφητεία,
688 783 856 849 ἄλλῳ
891 782 959 835 δὲ
996 782 1292 851 διάκρισις
1316 781 1689 852 πνευμάτων,
1724 781 1890 848 ἄλλῳ

274 884 277 887 ’
305 876 378 929 δὲ
388 877 533 946 γένη
550 874 1041 946 γλωσσῶν,άλλ‹ι›
1054 874 1121 927 δὲ
1132 875 1413 944 ἑρμηνεία
1426 873 1742 944 γλωσσῶν.
1757 873 1890 927 Ταῦ-

304 983 381 1022 τα
414 967 483 1021 δὲ
514 967 710 1021 πάντα
748 966 980 1036 ἐνεργεῖ
1000 965 1068 1020 τὸ
1098 964 1171 1019 ἓν
1199 966 1296 1019 καὶ
1328 964 1393 1019 τὸ
1427 965 1571 1019 αὐτὸ
1612 965 1851 1033 Πνεῦμα
1870 1006 1884 1029 ,

303 1058 578 1128 διαιροῦν
603 1060 723 1127 ἰδίᾳ
745 1058 983 1122 ἑκάστῳ
1004 1056 1200 1123 καθὼς
1240 1057 1554 1121 βούλεται.
1589 1054 1748 1108 Εἴποι
1775 1054 1885 1123 (96)

305 1170 394 1216 τις
427 1152 512 1216 ἂν,
538 1153 619 1205 ὅτι
651 1149 825 1205 ταῦτα
859 1151 1036 1205 πάντα
1051 1150 1145 1202 καὶ
1160 1149 1262 1203 ὅσα
1282 1148 1418 1204 ἄλλα
1439 1146 1758 1218 χαρίσματά
1782 1147 1887 1199 εἰσι

306 1243 404 1297 τοῦ
434 1242 769 1314 Πνεύματος-,
809 1242 998 1314 ὥσπερ
1029 1260 1081 1297 τι
1114 1241 1275 1311 σῶμα
1317 1239 1482 1294 αὐτοῦ
1510 1240 1787 1308 τυγχάνει,
1828 1238 1888 1291 τὸ

305 1335 365 1387 δὲ
390 1334 509 1388 καθ’
531 1333 588 1387 ἓν
620 1334 727 1388 τῶν
753 1335 1107 1407 χαρισμάτων
1136 1333 1420 1398 δάκτυλος.
1473 1333 1585 1386 Kal.
1629 1331 1788 1384 τοῦτο
1832 1329 1887 1384 δὲ

306 1424 368 1477 τὸ
420 1426 688 1496 χρήσιμον
721 1425 820 1496 τῆς
859 1424 1057 1488 λέξεως
1116 1424 1192 1495 μὴ
1238 1423 1484 1495 παρίδοις
1518 1422 1648 1491 (97).
1689 1421 1889 1475 Πάντα

305 1516 438 1589 γὰρ,
457 1519 655 1589 φήσας,
686 1518 872 1572 ταῦτα
897 1517 1128 1587 ἐνεργεῖ
1148 1517 1215 1570 τὸ
1246 1516 1491 1585 Πνεῦμα
1519 1513 1714 1580 καθὼς
1737 1514 1886 1579 ,βού-

304 1613 476 1666 λεται
496 1628 509 1640 ·
554 1611 649 1665 καὶ
679 1610 809 1683 περὶ
838 1609 932 1663 τοῦ
960 1608 1096 1663 Θεοῦ
1132 1611 1161 1662 ὁ
1189 1608 1351 1671 αὐτὸς
1380 1608 1482 1678 ἔφη
1500 1624 1514 1637 ο
1543 1606 1651 1662 Καὶ
1676 1605 1887 1674 διαιρέ-

1988 529 2128 579 rum,
2168 514 2263 567 alii
2293 529 2411 568 vero
2459 514 2824 581 interpretatio
2859 513 3183 583 linguarum.
3224 512 3353 567 llam
3389 525 3562 569 autem

1991 602 2170 656 omnia
2208 603 2356 672 eﬂicit
2378 617 2515 656 unus
2548 601 2636 656 ille
2668 612 2715 655 et
2746 603 2884 655 idem
2913 601 3418 671 Spiritusrdiuidens
3453 604 3563 670 pri-

1994 694 2150 746 vatim
2183 693 2462 762 unicuique
2484 692 2640 746 sicuti
2656 692 2842 746 uult".
2863 692 3038 747 Possit
3066 693 3189 762 quis
3216 692 3397 748 dicere
3417 678 3561 762 quod

1993 784 2171 838 omnia
2207 784 2342 849 haec,
2372 794 2425 839 et
2453 800 2786 856 quaecunque
2820 785 2923 838 alia
2954 785 3096 841 dona
3152 784 3384 854 Spiritus
3415 795 3561 846 sunt.

1990 877 2158 933 veluti
2185 891 2385 947 corpus
2421 878 2692 947 quoddam
2712 877 2832 948 ejus
2859 877 3181 944 habeantur,
3218 875 3561 944 unumquod~

1986 982 2092 1038 que
2119 983 2248 1023 vero
2271 969 2470 1025 donum
2501 972 2722 1041 digitus.
2761 970 3025 1025 Caeterum
3057 978 3112 1023 et
3142 971 3281 1024 hanc
3307 968 3561 1045 dictionis

1989 1062 2274 1116 utilitatem
2303 1078 2372 1117 ne
2399 1063 2659 1133 negligas.
2690 1063 2824 1118 Cum
2864 1063 3012 1117 enim
3051 1062 3281 1117 dixisset
3318 1076 3334 1115 :
3369 1060 3560 1116 Omnia

1989 1156 2099 1209 htec
2120 1156 2283 1225 efﬁcit
2308 1157 2534 1224 Spiritus
2561 1157 2715 1210 sicuti
2748 1155 2890 1221 vult;
2920 1155 3083 1209 etiam
3116 1154 3180 1210 de
3207 1153 3315 1208 Deo
3338 1153 3561 1222 ipsemet

1989 1248 2123 1303 dixit
2147 1267 2162 1303 :
2185 1249 2252 1303 Et
2268 1250 2548 1304 divisiones
2589 1250 2949 1316 Operationum
2967 1247 3132 1318 299
3145 1256 3288 1307 sunt,
3311 1247 3401 1299 sed
3427 1245 3563 1298 idem

1989 1337 2406 1408 Deus,e{ﬁciens
2438 1340 2613 1393 omnia
2658 1341 2713 1393 in
2765 1340 3001 1393 omnibus
3020 1340 3087 1389 ⁸⁷.
3128 1338 3279 1404 Quod
3311 1338 3357 1394 si
3380 1336 3563 1390 omnia

1986 1424 2151 1481 eﬂicit
2187 1427 2326 1485 Deus
2355 1427 2495 1482 sicut
2524 1426 2658 1492 vult,
2678 1427 2794 1481 haec
2823 1437 3002 1481 autem
3026 1426 3207 1480 omnia
3237 1424 3562 1479 elﬁcitunus

1988 1517 2078 1572 ille
2122 1527 2176 1572 et
2223 1519 2361 1572 idem
2416 1517 2676 1590 Spiritus,
2707 1518 2954 1575 dividens
2997 1518 3247 1586 privatim
3274 1518 3562 1588 unicuique

1986 1609 2145 1665 sicuti
2180 1610 2326 1676 vult;
2376 1611 2645 1681 quomodo
2702 1611 2988 1666 diversitas
3035 1610 3351 1665 substantia:
3374 1608 3561 1670 fuerit,

304 1716 437 1768 σεις
461 1700 878 1771 ἐνεργημάτων
900 1699 1079 1764 εἰσὶν,
1107 1703 1140 1754 ό
1172 1699 1241 1752 δὲ
1257 1697 1440 1763 αὐτὸς
1466 1696 1630 1763 Θεὸς,
1667 1700 1698 1750 ό
1727 1696 1874 1763 ἐνερ-

1988 1701 2080 1755 ubi
2111 1703 2442 1772 operationis
2475 1705 2821 1774 cognoscitur
2842 1703 3097 1757 identitas
3123 1701 3147 1756 ’ἰ
3174 1702 3385 1757 Etenim
3419 1702 3464 1756 si
3488 1701 3563 1756 di-

305 1789 428 1860 τῶν
454 1789 527 1844 τὰ
555 1789 753 1844 πάντα
797 1790 907 1862 (98)
947 1791 1018 1843 ἐν
1054 1789 1227 1844 πᾶσι.
1263 1791 1328 1842 Εἰ
1367 1790 1424 1843 δὲ
1454 1789 1632 1842 πάντα
1676 1790 1874 1860 ἐνεργεῖ

1986 1806 2156 1848 versae
2189 1801 2373 1849 essent
2418 1794 2753 1862 substantiae,
2783 1794 3027 1848 diversas
3055 1803 3332 1862 oporteret
3359 1808 3480 1847 esse
3506 1803 3562 1846 et

304 1881 437 1945 Θεὸς
474 1882 656 1947 καθὼς
688 1882 962 1953 βούλεται,
996 1883 1175 1937 πάντα
1206 1883 1262 1936 δὲ
1287 1881 1463 1936 ταῦτα
1498 1883 1713 1954 ἐνεργεί
1743 1881 1804 1933 τὸ
1825 1880 1874 1933 ἓν

1986 1884 2341 1952 operationes,
2372 1887 2664 1940 secundum
2701 1884 3080 1952 impiissimum
3112 1883 3455 1939 Eunominm.
3488 1887 3558 1937 At

302 1973 491 2028 καὶτὸ
535 1975 667 2028 αὐτὸ
694 1974 942 2046 Πνεῦμα,
991 1975 1236 2047 διαιροῦν
1292 1975 1397 2046 ἰδίᾳ
1441 1973 1659 2044 ἑκάστῳ
1697 1971 1874 2036 καθὼς

1986 1988 2099 2027 cum
2122 1975 2368 2028 eamdem
2401 1976 2776 2029 auctoritatem
2801 1974 3035 2043 Spiritus
3052 1983 3216 2043 atque
3237 1982 3558 2042 potestatem

305 2062 571 2133 βούλεται,
610 2064 725 2128 πῶς
759 2064 1018 2136 ἑτερότης
1045 2065 1257 2129 οὐσίας,
1284 2065 1342 2118 ἐν
1380 2058 1416 2140 ᾖ
1443 2063 1708 2133 ταυτότης
1730 2063 1874 2132 ἐνερ-

1986 2060 2226 2117 Safvator
2257 2074 2565 2132 testaretur,
2591 2065 2759 2120 dixit:
2781 2064 3010 2133 Spiritus
3041 2064 3129 2117 ubi
3159 2063 3265 2117 vult
3295 2065 3459 2133 spirat
3489 2065 3558 2116 ⁸⁸.

300 2158 454 2226 γείας
482 2159 840 2231 γνωρίζεται;
869 2159 1348 2231 Παρηλλαγμένων
1377 2157 1487 2230 γὰρ
1543 2156 1650 2211 τῶν
1722 2158 1941 2225 οὐσιῶν,
1983 2161 2445 2235 παρηλλαγμένας
2488 2157 2627 2216 εἶναι
2666 2161 2773 2214 ἔδει
2827 2162 2922 2215 καὶ
2949 2159 3050 2224 τὰς
3101 2159 3213 2231 (99)
3244 2161 3562 2232 ἐνεργείας,

300 2253 444 2308 κατὰ
487 2254 579 2307 τὸν
637 2254 1000 2308 ἀσεϐέστατον
1040 2255 1326 2326 Εὐνόμιον.
1364 2254 1476 2325 Τὴν
1500 2253 1557 2307 δὲ
1584 2251 1755 2324 αὐτὴν
1816 2254 2103 2310 αὐθεντίαν
2159 2259 2253 2313 καὶ
2298 2257 2547 2323 ἐξουσίαν
2598 2256 2890 2328 μαρτυρῶν
2937 2254 3017 2325 τῷ
3066 2254 3343 2324 Πνεύματι
3375 2257 3405 2308 ὁ
3448 2255 3560 2308 Σω-

298 2345 404 2415 τήρ
435 2346 532 2416 (1),
571 2345 642 2400 Τὸ
666 2347 929 2416 Πνεῦμα,
948 2346 1072 2419 ἔφη,
1103 2342 1173 2402 οὗ
1198 2347 1356 2401 θέλει
1380 2345 1535 2400 πνεῖ.

634 2439 774 2507 Περὶ
796 2438 1067 2508 ἀφέσεως
1091 2437 1567 2507 άμαρτημάτων.“

372 2526 530 2580 Ἰδιον
565 2527 701 2580 Θεοῦ
729 2529 945 2598 ἀφιέναι
961 2528 1258 2599 ἁμαρτίας,
1287 2526 1451 2581 αὐτοῦ
1476 2524 1648 2581 τοῦτο
1697 2526 1882 2596 λέγον-

299 2633 409 2681 τοςο
441 2617 580 2687 Ἐγώ
607 2621 723 2689 ειμι
746 2623 788 2680 ὁ,
814 2619 1149 2688 ἐξαλείφων
1170 2620 1276 2685 τὰς
1290 2620 1580 2688 ἁμαρτίας
1592 2637 1708 2674 σου
1729 2635 1740 2647 ·
1765 2620 1879 2683 καὶ,

313 2708 447 2762 Ἐὰν
495 2705 649 2764 ὦσιν
682 2714 740 2765 αἱ
782 2713 1056 2781 ἁμαρτίαι
1107 2709 1274 2780 ὑμῶν
1299 2712 1381 2777 ὡς
1420 2711 1756 2781 φοινικοῦν,
1800 2712 1881 2776 ὡς

2357 2438 2431 2492 De
2481 2437 2783 2492 remissione
2828 2445 3157 2504 peccatorum

2050 2532 2337 2602 Proprium
2371 2532 2461 2586 Dei
2491 2540 2577 2585 est
2608 2537 2826 2599 peccata
2863 2529 3138 2599 remittere
3177 2545 3190 2580 :
3217 2516 3417 2595 quippe
3439 2513 3558 2580 Ttoc

1978 2622 2093 2692 ipse
2122 2623 2255 2677 dicit
2282 2639 2296 2676 :
2325 2621 2437 2691 Ego
2478 2636 2591 2675 sum
2622 2622 2711 2691 qui
2741 2620 2885 2673 deleo
2922 2627 3132 2686 peccata
3160 2618 3340 2684 tua”;
3371 2626 3425 2670 et
3450 2634 3465 2670 :
3495 2616 3556 2672 Si

1977 2715 2173 2785 fuerint
2201 2725 2415 2784 peccata
2452 2725 2619 2768 uestra
2648 2714 2798 2783 quasi
2829 2712 3172 2780 pltmniceum,
3211 2712 3344 2765 sicut
3388 2713 3556 2765 niuem

303 2801 474 2870 χιόνα
512 2801 818 2855 λευκανῶ·
858 2802 966 2856 ἐὰν
1013 2802 1082 2855 δὲ
1119 2797 1271 2856 ὦσιν
1310 2803 1392 2869 ὡς
1446 2804 1752 2866 κόκκινον,
1798 2803 1874 2867 ὡς

1986 2807 2265 2872 dealbabo;
2304 2815 2354 2859 et
2392 2807 2437 2859 si
2463 2805 2659 2872 fuerint
2680 2813 2735 2857 ut
2773 2802 3558 2868 coccinum,sicutlanamdeal—

303 2890 462 2959 ἔριον
473 2891 765 2947 λευκανῶ.
795 2894 1013 2965 Ἐπειδὴ
1030 2894 1087 2947 δὲ
1102 2894 1235 2958 Θεὸς
1251 2894 1387 2948 Θεοῦ
1413 2898 1546 2958 παῖς
1562 2893 1638 2964 (2)
1666 2893 1874 2965 Ἰησοῦς

1986 2894 2112 2948 babo
2136 2894 2178 2950 ί.
2205 2893 2472 2948 Caeterum
2517 2907 2641 2946 cum
2679 2893 2817 2946 Deus
2845 2891 2935 2946 Dei
2975 2907 3111 2960 puer
3143 2891 3303 2947 Jcsus
3335 2892 3553 2962 paraly-

302 2982 523 3053 ἀφίησιν
553 2984 827 3056 ἁμαρτίας
848 2984 926 3055 τῷ
957 2984 1334 3056 παραλυτικῷ,
1374 2984 1549 3052 λέγων
1569 3002 1582 3014 ·
1624 2982 1877 3047 Τέκνον,

303 3073 598 3141 ἀφέωνταί
620 3089 735 3130 σου
762 3078 821 3129 αἱ
846 3075 1141 3143 ἁμαρτίαι,
1173 3076 1258 3144 ἐφ’
1351 3074 1428 3143 (5)
1457 3074 1760 3144 δυσφημεῖν
1774 3074 1882 3127 ενο-

305 3167 489 3239 μίξετο
513 3168 663 3238 παρὰ
684 3172 797 3233 τοῖς
822 3169 896 3240 μὴ
918 3170 1113 3224 εἰδόσιν
1130 3170 1293 3224 αὐτὸν
1311 3169 1443 3223 Θεὸν
1479 3169 1774 3233 Ἰουδαίοις,
1800 3170 1881 3223 λέ-

302 3272 486 3326 γουσιν
499 3259 601 3323 ὅτι,
629 3256 1287 3330 Οεῦτοςβλασφημεῖμγ
1305 3259 1520 3323 οὐδενός
1536 3262 1682 3312 ἐστιν
1702 3262 1880 3332 ἀμαρ-

299 3346 418 3410 τίας
438 3348 657 3416 ἀφιέναι
677 3350 725 3401 εἰ
744 3348 819 3420 μὴ
848 3350 1009 3419 μόνου
1026 3349 1182 3404 Θεοῦ.
1207 3351 1267 3404 '0
1282 3349 1350 3405 δὲ
1368 3349 1595 3421 Κύριος,
1620 3351 1880 3421 ἐμφυσῶν

300 3442 408 3504 τοῖς
438 3441 617 3508 ἁγίοις
638 3443 977 3505 ἀποστόλοις,
1006 3442 1130 3513 ἐφη·
1164 3441 1385 3497 Λάϐετε
1412 3442 1656 3511 Πνεῦμα
1685 3442 1876 3513 ἅγιονο

299 3531 377 3585 ἄν
388 3549 567 3585 τινων
586 3531 777 3602 ἀφῆτε
795 3535 900 3600 τὰς
914 3534 1223 3602 ἁμαρτίας,
1244 3533 1539 3602 ἀφέωνται
1563 3531 1766 3597 αὐτοῖς
1777 3533 1874 3602 (5).

301 3625 363 3678 Εἰ
399 3624 576 3678 τοίνυν
619 3626 832 3689 οὐδενός
876 3627 1024 3679 ἐστιν
1074 3625 1292 3697 ἀφιέναι
1337 3622 1634 3695 ἁμαρτίας,
1684 3621 1875 3695 ῶσπερ

297 3714 396 3767 οὐκ
422 3714 592 3779 ἔστιν,
619 3716 668 3768 εἰ
697 3716 773 3786 μὴ
802 3716 967 3786 μόνου
987 3714 1123 3768 Θεοῦ
1146 3714 1244 3786 (6),
1276 3714 1469 3785 ἀφίησι
1490 3713 1546 3766 δὲ
1563 3709 1625 3762 τὸ
1654 3711 1878 3784 Πνεῦμα

1982 2985 2087 3038 tico
2109 2994 2330 3053 peccata
2380 2984 2644 3049 remittat,
2664 2984 2847 3038 dicens
2887 3002 2900 3037 :
2932 2981 3064 3048 Fili,
3095 2985 3434 3038 remittuntur
3465 2996 3555 3038 tua

1977 3086 2189 3144 peccata
2208 3077 2235 3108 ⁸
2258 3093 2273 3142 ;
2299 3075 2353 3129 in
2382 3089 2491 3143 quo
2516 3089 2544 3127 a
2572 3073 2771 3129 Judaeis
2791 3076 2882 3145 qui
2909 3075 3074 3129 Deum
3101 3090 3225 3131 esse
3258 3078 3551 3140 nescirent,

1977 3166 2354 3236 blasphemare
2376 3166 2667 3235 putabatur
2687 3165 2989 3221 dicentibus
3023 3180 3039 3220 :
3072 3166 3175 3220 Hic
3199 3168 3554 3236 blasphemat);

1977 3257 2176 3311 nullius
2213 3267 2297 3311 est
2333 3256 2612 3310 remittere
2640 3258 3004 3326 peccata,nisi
3037 3258 3128 3312 Dei
3156 3259 3324 3313 solius
3343 3259 3385 3311 '.
3413 3259 3551 3326 Quin

1979 3360 2036 3405 et
2064 3349 2320 3404 Dominus
2350 3347 2488 3404 ﬂans
2517 3350 2568 3403 in
2602 3360 2819 3405 sanctos
2851 3352 3144 3421 apostolos,
3171 3351 3312 3407 dixit
3351 3369 3366 3406 :
3402 3354 3555 3406 Acci-

1977 3443 2083 3511 pite
2120 3440 2376 3511 Spiritum
2426 3451 2707 3495 sanctum:
2749 3458 3178 3513 quorumcunque
3247 3446 3553 3498 remiseritis

1975 3544 2210 3604 peccata,
2249 3534 2322 3587 eis
2367 3534 2706 3586 remittuntur
2729 3533 2984 3603 ⁸.1ιε(ιιιε
3018 3536 3061 3588 si
3110 3533 3307 3589 nullius
3345 3547 3428 3588 est
3465 3549 3554 3587 re—

1978 3620 2192 3674 mittere
2224 3628 2470 3688 peccata,
2509 3620 2657 3674 sicut
2690 3635 2821 3675 sane
2851 3621 3049 3677 nullius
3080 3632 3186 3687 est,
3218 3623 3320 3678 nisi
3347 3624 3437 3678 Dei
3463 3638 3553 3677 so-

1976 3709 2104 3776 lius,
2132 3710 2361 3765 remittit
2394 3719 2575 3766 autem
2608 3710 2844 3781 Spiritus
2873 3722 3093 3770 sanctus
3126 3731 3223 3785 per
3245 3716 3546 3785 apostolos;

366 3847 604 3935 "‘lnCor.
636 3864 734 3914 xu,
762 3849 961 3935 ﬁlii.“
1014 3849 1059 3881 "’
1090 3848 1220 3904 ibid.
1255 3847 1310 3902 6.
1386 3848 1432 3881 ’⁸
1463 3847 1620 3906 Joan,
1659 3865 1742 3915 ιη,
1772 3847 1828 3903 8,

1986 3842 2082 3901 lsa.
2125 3859 2290 3910 xuu,
2322 3842 2412 3900 25.
2493 3845 2509 3875 ³
2540 3843 2644 3900 lsa.
2674 3861 2713 3912 ι,
2745 3845 2831 3935 l8.
2917 3850 2939 3878 ’
2964 3848 3128 3904 Marc.
3159 3866 3217 3917 ιι,
3246 3850 3297 3908 5.
3370 3851 3391 3882 ³
3414 3852 3546 3908 ibid.

293 3920 349 3977 7.
418 3918 615 3976 ‘Joan.
640 3936 734 3984 xx,
770 3918 857 3979 22.
893 3918 982 3973 23.

369 4053 479 4121 (94)
520 4054 682 4119 Editi,
710 4052 825 4106 ἀλλ’
860 4052 1046 4124 ἐπειδὴ
1096 4051 1156 4105 ἓν
1188 4070 1247 4124 τι
1286 4053 1395 4106 τῶν
1433 4052 1578 4106 κατά
1613 4053 1878 4124 διαίρεσιν

301 4120 672 4246 ἵρισμάτων,
710 4123 952 4194 σημείων
981 4120 1075 4176 καὶ
1123 4123 1368 4212 ἰαμάτων
1398 4124 1458 4175 τὸ
1485 4125 1542 4177 ἓν
1570 4123 1622 4175 τί
1645 4120 1760 4176 ἐστι
1783 4122 1879 4175 καὶ

301 4212 327 4246 τ
388 4209 495 4244 των
532 4193 795 4246 ἰαμάτων.
821 4192 881 4245 τὺ
903 4193 961 4245 ἒν
985 4210 1060 4246 τι.
1088 4194 1183 4246 καὶ
1209 4193 1329 4246 ουγὶ
1353 4193 1421 4246 τὰ
1445 4194 1542 4246 ὅλα
1565 4193 1879 4246 γαοίσιιατα

298 4192 495 4265 ityn»;
532 4192 797 4265 ἰαμάτων,
809 4192 881 4265 -τὺ
903 4193 961 4265 ἒν
985 4210 1060 4256 τι,
1088 4192 1193 4265 και
1209 4193 1329 4262 οὐχ).
1353 4193 1421 4246 τὰ
1445 4194 1542 4247 ὅλα
1565 4193 1880 4265 χαρίσματα

1985 4047 2237 4121 quod_in_
2257 4047 2407 4103 nullo
2443 4052 2609 4106 veteri
2642 4050 2779 4107 libro
2805 4021 3126 4119 reperiatur.

2055 4118 2168 4196 (Ἦ)
2206 4119 2339 4196 [‘08.-
2373 4132 2598 4188 quartus
2630 4123 2702 4193 μὴ
2736 4118 2983 4196 παρίδης·

2056 4190 2177 4260 (98)
2207 4190 2430 4244 Codices
2452 4206 2564 4260 non
2595 4190 2751 4260 pauci
2788 4190 2861 4247 τὰ
2887 4190 3086 4247 ιξάντα.
3128 4191 3549 4249 Desiderabatur

296 4262 391 4317 τοῦ
420 4259 735 4332 Πνεῦματος
761 4263 1020 4316 δάκτυλον
1047 4263 1204 4316 καλεῖ
1241 4279 1255 4292 ο
1275 4259 1411 4330 una:
1433 4259 1598 4317 verba
1633 4259 1689 4316 ut
1721 4259 1874 4333 intel-

1986 4259 2249 4333 articulus
2290 4259 2344 4333 i_n
2373 4259 2624 4333 vulgatis.
2654 4263 2945 4333 Aliquanto
2990 4274 3111 4331 p05t
3149 4263 3279 4318 editi
3311 4265 3428 4329 πῶς
3454 4266 3550 4318 καὶ

299 4334 559 4403 ligantur.
602 4334 981 4403 emendatione
1015 4336 1193 4399 aliqua
1218 4333 1471 4387 videntur
1503 4335 1766 4402 indigere.
1811 4332 1880 4387 ll-

297 4401 410 4466 lud,
443 4401 503 4454 τὸ
528 4401 586 4453 ἓν
617 4401 670 4455 τί
698 4402 814 4454 ἐστι
846 4403 937 4455 καὶ
969 4403 1030 4456 τὸ
1056 4404 1162 4456 τῶν
1203 4403 1466 4473 ἰαμάτων,
1493 4404 1543 4455 in
1577 4403 1755 4473 Regiis
1793 4418 1880 4458 se-

299 4473 476 4528 cundo
506 4481 559 4526 et
601 4475 760 4527 tertio
804 4473 1177 4526 desiderantur
1219 4490 1232 4525 :
1274 4475 1366 4528 sed
1412 4480 1480 4528 de
1512 4484 1708 4526 caetero
1735 4489 1857 4526 cum

296 4541 528 4609 vulgatis
577 4542 942 4596 consentiunt.
990 4544 1092 4596 Alii
1135 4553 1370 4611 quatuor
1417 4557 1548 4598 mss.
1605 4543 1756 4611 Regii
1807 4551 1862 4597 et

296 4613 443 4683 Colb.
474 4620 533 4665 ut
564 4613 616 4683 in
653 4622 910 4683 contextu
932 4650 948 4674 ,
980 4615 1081 4667 nisi
1117 4613 1259 4681 quod
1285 4628 1445 4667 voces
1479 4613 1587 4666 τῶν
1616 4612 1859 4683 σημείων

298 4685 348 4737 in
382 4682 514 4752 Reg.
538 4682 711 4750 primo
738 4696 843 4735 non
870 4681 1137 4752 leguntur.
1161 4683 1291 4748 Quae
1318 4694 1495 4736 autem
1520 4681 1709 4737 horum
1747 4698 1862 4737 ver-

293 4753 483 4808 borum
520 4754 785 4805 sententia
814 4752 906 4815 sit,
956 4753 1111 4806 docet
1161 4753 1396 4820 scriptor
1453 4753 1588 4821 ipse,
1629 4768 1750 4807 cum
1782 4754 1860 4805 ait

291 4822 473 4877 omnia
506 4821 740 4889 Spiritus
772 4822 908 4874 dona
953 4823 1113 4876 simul
1147 4835 1355 4890 sumpta
1388 4838 1484 4889 pro
1514 4837 1742 4892 corpore
1766 4822 1860 4875 ba-

293 4893 406 4946 beri
435 4907 450 4944 :
488 4892 677 4961 eadetn
711 4906 839 4946 vero
868 4892 1006 4945 dona
1034 4892 1580 4961 singulatimmmipta
1629 4893 1746 4945 loco
1780 4892 1859 4944 di-

292 4963 384 5026 giti
422 4959 694 5017 esse.Vu|t
719 4961 881 5031 igitur
910 4959 1394 5030 auctor,‘quisquis
1410 4971 1510 5027 est,
1547 4977 1653 5015 non
1677 4965 1858 5015 omnia

293 5034 525 5101 Spiritus
555 5032 693 5085 dona
717 5031 979 5101 collective
1009 5044 1219 5101 sumpta
1248 5031 1473 5098 digitum
1506 5032 1707 5095 vocari,
1735 5046 1855 5084 cum

292 5112 417 5157 tunc
443 5115 643 5170 corpus
673 5100 929 5169 appellari
984 5100 1163 5169 ponus
1192 5102 1427 5156 debeant
1460 5116 1473 5152 :
1532 5103 1624 5156 sed
1668 5103 1856 5154 eadem

290 5173 503 5242 proprie
523 5171 751 5240 digitum
775 5171 1045 5226 nominari
1074 5183 1211 5237 tum,
1243 5186 1368 5226 cum
1409 5172 1703 5239 separatim
1730 5186 1858 5225 con-

288 5244 616 5297 siderantur.

357 5311 466 5382 (95)
505 5310 661 5381 Regii
686 5318 911 5379 quartus
940 5321 996 5365 et
1031 5311 1255 5380 quintus
1296 5310 1542 5381 ἰαμάτων
1589 5307 1750 5382 ἐν-τῴ
1780 5310 1860 5363 ἐνὶ

289 5379 575 5452 πνεύματι,
594 5379 663 5434 in
692 5398 796 5434 uno
824 5382 1010 5449 spiritu
1030 5379 1130 5446 ζει
1157 5384 1234 5452 ita
1280 5379 1493 5452 mleque
1542 5381 1594 5434 in
1619 5379 1857 5452 “Vulgata

291 5449 502 5516 legitur.
555 5452 658 5505 Alii
698 5462 807 5506 tres
838 5466 967 5506 mss.
1003 5462 1058 5504 et
1102 5451 1232 5505 editi
1278 5449 1337 5504 ἔν
1381 5450 1460 5521 τῷ
1504 5449 1652 5521 αὐτῷ
1692 5449 1857 5504 πνεύ-

292 5534 440 5590 ματι,
477 5522 532 5572 in
577 5523 756 5575 eodem
787 5521 1000 5590 spiritu.
1037 5522 1244 5575 Ibidem
1278 5522 1525 5577 vomlam
1565 5521 1623 5574 δέ
1652 5521 1733 5576 bis
1773 5526 1859 5574 ad-

288 5590 518 5659 didimus
543 5605 609 5644 ex
650 5590 803 5645 libris
834 5591 1093 5659 antiquis.

356 5658 468 5721 (96)
492 5659 586 5717 Hic
604 5660 843 5717 voculam
866 5658 934 5715 δέ
960 5658 1080 5731 post
1104 5661 1326 5720 verbum
1351 5659 1511 5717 Εἴποι
1538 5660 1853 5729 delevimus,

1986 4329 2262 4404 ἑτερότης.
2285 4328 2606 4404 conjunctio
2635 4334 2736 4386 καί
2762 4328 2926 4389 ’όοεεῑ
2965 4328 3015 4386 in
3035 4334 3099 4387 iis
3136 4348 3272 4404 quos
3317 4328 3548 4389 vidimus

1989 4398 2295 4471 codicibus;
2322 4399 2392 4471 ob
2422 4398 2581 4471 idque
2611 4418 2728 4455 eam
2754 4405 3134 4471 expunximus.

2059 4469 2151 4539 99)
2190 4470 2322 4522 Cod.
2353 4468 2502 4523 Colb.
2534 4468 2617 4522 δεῖ
2644 4474 2737 4526 καὶ
2777 4468 2893 4538 τάς.
2929 4474 3030 4527 Alii
3061 4486 3188 4527 mss.
3212 4481 3268 4527 et
3312 4473 3542 4529 θά,ἔδει.

2064 4538 2116 4619 1)
2134 4538 2280 4619 'Editi
2286 4539 2606 4660 [μαρτυρῶν
2620 4544 2682 4624 ’6.
2712 4543 2780 4596 At
2808 4553 3039 4612 quatuor
3060 4558 3193 4598 mss.
3220 4543 3374 4614 Regii
3402 4562 3544 4616 μαρ-

2064 4625 2146 4660 ιων
2175 4625 2254 4660 τω
2338 4626 2566 4660 νευματι
2610 4627 2656 4660 ο.
2707 4612 2855 4660 Hand
2915 4615 3070 4660 longe
3122 4628 3253 4660 mss.
3303 4617 3541 4660 nnnnnlli

1965 4612 2146 4679 τυρῶν
2175 4612 2254 4677 τῷ
2286 4612 2566 4679 Πνεύματι
2610 4612 2656 4663 ὁ.
2705 4612 2855 4668 Haud
2914 4615 3070 4682 longe
3122 4628 3253 4668 mss.
3303 4612 3542 4668 nonnulli

1965 4679 2101 4732 ὅπου
2148 4678 2644 4759 θέλειηιὶειεειὶῑυν
2684 4683 2737 4735 in
2796 4684 2928 4759 lleg.
2984 4686 3237 4759 secundo
3275 4684 3542 4759 scholium

1960 4762 2125 4828 unum
2172 4764 2203 4803 e
2234 4750 2451 4828 regione
2496 4750 2687 4828 borum
2730 4750 3059 4828 verborum,_
3098 4750 3380 4828 IIveiip.a,_
3412 4755 3541 4826 ἔφη,

1960 4818 2105 4893 quod
2133 4834 2237 4872 non
2263 4818 2466 4886 pigebit
2464 4822 2785 4893 _as_cribere.
2839 4822 2961 4878 llaec
2993 4824 3156 4893 igitur
3196 4818 3543 4893 librarius'e'o

1961 4890 2013 4941 in
2054 4887 2191 4963 libro
2222 4897 2374 4963 notat
2406 4907 2419 4941 :
2457 4889 2635 4963 Ῑοῡτο
2664 4893 2692 4963 ό
2719 4887 3101 4963 Χρυσόστομος
3130 4892 3269 4963 napi
3284 4892 3379 4946 τοῦ
3423 4895 3544 4948 ἀνέ-

1963 4911 2013 4941 ΙΙΙ
2054 4911 2191 4942 ιιυτυ
2222 4911 2374 4941 noun.
2406 4911 2419 4941 ζ
2474 4911 2635 4942 ιουτο
2664 4911 2692 4944 ο
2719 4911 2998 4963 Λρυσοστο
3045 4911 3101 4956 ος
3130 4911 3259 4963 περι
3284 4911 3379 4946 του
3423 4911 3544 4948 ανε-

1963 4974 2064 5029 μου
2101 4957 2291 5039 εἴρηκε
2355 4957 2610 5039 λεχρέιντα
2652 4962 2792 5039 (lege
2816 4911 3076 5035 leXOév):
3117 4960 3544 5039 Ait_Chrysosto-_-

1958 5044 2080 5113 mus
2100 5029 2196 5081 hoc
2218 5029 2599 5110 dictum'fuisse
2628 5032 2711 5113 de.
2728 5029 2925 5087 uerita":
2964 5047 3126 5102 quam
3164 5029 3540 5113 Cbrysostorni

1958 5098 2394 5171 explanationem
2411 5100 2650 5171 inveniri
2681 5099 2839 5158 Joan.
2865 5118 2951 5170 ιιι,
2980 5098 3389 5171 serm.26,]am
3409 5104 3538 5160 olim

1960 5170 2166 5221 monuit
2199 5167 2571 5223 Combelisius.

2031 5236 2109 5377 (ἓ)
2137 5238 2318 5292 Codex
2348 5238 2501 5294 Colb.
2550 5240 2768 5313 Ἐπειδὴ
2799 5241 2856 5295 δὲ
2875 5245 2904 5297 ὁ
2933 5242 3068 5296 Θεοῦ
3099 5244 3247 5306 παῖς.

2054 5308 2109 5377 5)
2150 5305 2380 5364 Veteres
2400 5310 2623 5377 _a|iquot
2650 5313 2775 5367 libri
2816 5329 2940 5368 cum
2978 5313 3140 5368 editis
3173 5315 3247 5377 ἐφ

2054 5304 2623 5405 δὶ-Ῡῆειιῖιξεεπειίιμιοι
2650 5304 2775 5367 libri
2816 5329 2940 5368 cum
2978 5313 3140 5368 editis
3173 5304 3259 5384 ἐφ’
3286 5304 3385 5367 ὧν.
3429 5313 3538 5373 Alii

1964 5386 2074 5431 tres
2104 5393 2233 5433 mss.
2275 5380 2362 5449 ἐφ’
2392 5380 2458 5446 ᾧ.

2148 5448 2387 5521 Codices
2410 5451 2516 5504 duo
2538 5442 2694 5521 οὗτος
2730 5449 3025 5521 δυσφημεῖ.

2148 5517 2291 5601 {leg-1
2316 5528 2556 5601 quartus
2573 5519 2820 5601 ἀφίενται
2846 5516 3051 5601 αὐτοῖς.

1963 5590 2126 5731 μόςέ
2326 5589 2487 5661 μόνον
2518 5589 2679 5663 Θεοῦ).
2706 5590 2889 5648 Codex
2917 5592 3073 5652 Colb.
3098 5605 3152 5651 et
3177 5592 3312 5667 Reg.
3343 5596 3539 5653 tertius
