3956 6216
332 308 431 364 72!

1455 313 1828 371 ADVERSUS
1863 303 2240 371 EUNOMIUM
2279 313 2408 369 LIB.
2448 312 2516 372 V.

3489 304 3594 358 722

333 441 410 495 μα
439 419 572 493 (Π),
602 424 859 501 αὐθεντίᾳ
891 425 1106 496 φύσεως
1136 427 1416 500 χρώμενον
1437 447 1452 463 ο
1484 429 1602 494 πῶς
1651 431 1906 503 ἑτερότης

2023 447 2313 498 sermones,
2354 432 2528 501 inquit
2575 429 2864 492 Salomon,
2897 442 2925 481 a
2967 428 3075 483 Deo
3111 424 3238 481 dicti
3288 434 3416 481 sunt
3437 425 3501 490 “;
3541 435 3592 480 et

329 513 517 577 οὐσίας
540 515 597 567 ὲν
621 517 688 586 τῇ
706 515 917 586 Τριάδι,
936 512 1045 591 ὲν
1070 521 1336 591 ταυτότης
1358 523 1638 593 ἐνεργείας
1655 524 1904 593 εὑρίσκε-

329 620 452 669 ται;
484 605 545 657 Ol
566 606 688 674 ἐμοὶ
720 606 889 674 λόγοι,
924 609 1175 678 Σολομὼν
1205 628 1391 683 φησιν,
1426 615 1532 668 ὑπὸ
1556 616 1692 669 Θεοῦ
1715 616 1903 689 εἴρην-

330 709 455 747 ται·
511 693 606 747 καὶ
634 696 662 747 6
692 695 925 760 Παῦλος,
955 699 1085 776 ,ὑπὸ
1121 700 1391 771 Χριστοῦ⁸
1437 705 1599 783 ’βπεὶ
1646 706 1906 776 δοκιμὴν

332 785 460 855 γὰρ,
492 784 618 856 ἔφη,
646 784 865 854 ζητεῖτε
885 788 991 842 τοῦ
1015 791 1230 861 ἐνέμοὶ
1256 796 1597 864 λαλοῦντος
1622 800 1901 867 Χριστοῦ.

332 876 495 930 οὐδὲν
532 877 588 931 δὲ
610 873 772 951 ἦττον
817 881 911 932 καὶ
937 880 1000 933 τὸ
1031 882 1256 954 Πνεῦμα
1292 888 1351 939 ὲν
1384 887 1704 953 ἀποστόλοις
1732 890 1902 945 λαλεῖ.

344 968 638 1024 Ἔλάλουν
682 972 828 1040 γὰρ,
871 973 1056 1043 φησὶν,
1111 978 1166 1029 οἱ
1218 978 1547 1033 ἀπόστολοι
1595 981 1791 1048 καθὼς
1837 984 1904 1037 τὸ

332 1061 575 1131 Πνεῦμα
619 1061 820 1118 ἐδίδου
849 1065 1329 1137 ἀποφθέγγεσθαι
1360 1072 1585 1137 αὐτοῖς.
1626 1073 1756 1134 Καὶ.
1783 1077 1905 1129 Οὐκ

329 1154 473 1208 ἐστὲ
507 1156 671 1225 ὑμεῖς
713 1159 766 1210 οὶ
810 1160 1179 1226 λαλοῦντες,
1224 1163 1253 1215 ὀ
1300 1162 1490 1235 Σωτὴρ
1540 1163 1643 1234 ἔφη
1703 1166 1903 1231 αὐτοῖς,

331 1246 492 1300 ἀλλὰ
520 1245 589 1300 τὸ
617 1248 861 1317 Πνεῦμα
897 1248 1004 1302 τοῦ
1055 1250 1306 1319 Πατρός,
1342 1253 1449 1306 τοῦ
1475 1254 1545 1307 ἐν
1574 1254 1697 1321 τοῖς
1728 1257 1906 1322 οὐρα-

330 1337 480 1403 νοῖς,
510 1337 574 1390 τὸ
608 1338 842 1392 λαλοῦν
881 1339 951 1391 ἐν
1000 1339 1164 1408 ὑμῖν.
1196 1341 1360 1394 Λαλεί
1390 1342 1446 1394 δὲ
1478 1343 1573 1395 καὶ
1604 1345 1663 1396 ὲν
1692 1346 1904 1416 προφή-

330 1444 451 1492 ταις
473 1429 533 1481 τὸ
565 1429 812 1500 Πνεῦμα.
841 1432 935 1497 Τίς
963 1431 1074 1501 γὰρ
1102 1431 1244 1501 δῴη,
1276 1434 1519 1504 Μωῦσῆς
1553 1434 1679 1505 ἔφη,
1713 1436 1909 1490 πάντα

330 1519 438 1573 τὸν
467 1521 622 1574 λαὸν
636 1521 851 1576 τοῦτον
866 1526 1266 1592 προφητεύειν
1280 1542 1299 1589 ;
1318 1527 1503 1580 Ὅταν
1516 1527 1598 1591 δῷ
1618 1530 1829 1597 Κύριος
1842 1529 1906 1583 τὸ

331 1609 578 1677 Πνεῦμα
603 1613 791 1667 αὐτοῦ
824 1614 916 1667 ἐπ’
940 1616 1150 1673 αὐτόν.
1193 1617 1304 1670 Καὶ
1336 1619 1365 1670 ὀ
1394 1618 1515 1681 νέος
1548 1618 1604 1671 δὲ
1635 1620 1735 1689 τῆς
1762 1620 1907 1684 Νέας

230 1724 251 1743 κ
332 1700 608 1773 Διαθήκης
639 1706 924 1776 προφήτης
958 1706 1198 1774 Ἀγαὸος
1223 1708 1499 1777 ἀνέκραγε
1526 1709 1701 1779 λέγων
1720 1729 1733 1742 ·
1765 1710 1908 1767 Τάδε

2008 525 2229 586 Paulus,
2260 539 2291 577 a
2328 523 2546 577 Christo
2586 540 2600 576 :
2642 520 3109 589 Quandoquidem,
3156 517 3366 586 inquit,
3397 518 3597 582 experi-

2009 625 2239 668 mentum
2272 614 2509 682 quteritis
2536 615 2589 667 in
2615 629 2696 666 me
2728 613 2989 683 loquentis
3019 610 3293 664 Christi".
3328 609 3466 663 Nihil
3498 625 3594 662 au-

2009 716 2114 759 tem
2149 706 2328 758 minus
2363 704 2598 773 Spiritus
2636 705 2800 758 etiam
2836 704 2890 756 in
2924 700 3178 771 apostolis
3208 701 3467 771 loquitur.
3490 700 3595 752 Lo-

2011 797 2306 866 quebautur
2334 796 2492 861 enim,
2529 794 2725 862 inquit,
2765 794 2990 863 apostoli
3023 802 3177 862 prout
3221 790 3450 860 Spiritus
3475 808 3595 844 san-

2007 864 2122 945 ctus
2147 864 2305 942 dabat
2336 886 2508 958 eloqui
2531 886 2636 939 illis
2667 887 2731 938 ¹⁶.
2763 885 2847 950 Et,
2875 884 2997 938 Non
3032 885 3151 937 estis
3188 899 3275 938 vos
3305 885 3396 953 qui
3422 883 3594 953 loqui—

2007 981 2159 1046 mini,
2181 978 2433 1035 Salvator
2477 978 2605 1046 ipsis
2635 978 2790 1041 dixit,
2820 975 2911 1030 sed
2955 975 3185 1041 Spiritus
3216 975 3515 1046 Patris,qui
3536 977 3593 1028 in

2008 1071 2150 1126 ctelis
2171 1080 2271 1135 est,
2300 1069 2536 1140 loquitur
2568 1069 2621 1121 in
2650 1068 2866 1122 vobis".
2897 1065 3014 1120 Jam
3040 1082 3169 1121 vero
3197 1075 3251 1118 et
3286 1068 3337 1120 in
3364 1069 3594 1135 prophe-

2010 1166 2077 1219 tis
2105 1164 2340 1232 loquitur
2369 1162 2626 1230 Spiritus.
2655 1160 2785 1224 Quis
2809 1160 2945 1213 enim
2963 1158 3129 1224 dabit,
3155 1157 3330 1226 inquit
3359 1158 3591 1229 Moyses.

2006 1265 2063 1308 ut
2090 1256 2260 1308 omnis
2283 1254 2368 1307 hic
2400 1252 2622 1320 populus
2647 1252 2962 1305 vaticinatur
2985 1251 3010 1304 .9
3034 1250 3163 1304 Tum
3197 1267 3312 1303 cum
3342 1249 3592 1303 Dominus

2007 1342 2208 1398 dederit
2237 1344 2494 1413 Spiritum
2516 1360 2670 1396 suum
2696 1359 2854 1410 super
2883 1343 3053 1410 ipsum
3086 1342 3150 1397 ¹⁸.
3181 1342 3286 1397 Sed
3322 1350 3377 1395 et
3423 1357 3593 1395 novus

2009 1436 2138 1492 Novi
2194 1436 2525 1491 Testamenti
2582 1439 2844 1505 propheta
2881 1436 3100 1505 Agabus
3150 1435 3476 1489 exclamavit
3509 1436 3595 1487 di-

2007 1544 2137 1584 cens
2170 1541 2187 1581 :
2218 1526 2349 1582 Ha'c
2395 1529 2521 1581 dicit
2554 1526 2784 1596 Spiritus
2808 1537 3022 1581 sanctus
3046 1528 3087 1558 ¹⁹
3125 1543 3139 1591 ;
3171 1527 3223 1578 id
3250 1525 3391 1592 quod
3429 1523 3592 1580 Vete-

2009 1622 2083 1676 ris
2121 1620 2449 1676 Testameuti
2497 1623 2774 1689 propheta:
2821 1619 3067 1674 solebant
3129 1620 3365 1674 clamare
3406 1636 3421 1674 :
3464 1617 3593 1673 Ηαό

2008 1716 2132 1766 dicit
2172 1711 2429 1767 Dominus
2469 1710 2630 1765 Deus.
2666 1712 2730 1764 Et
2766 1726 2827 1765 ea
2863 1727 2983 1781 qua:
3013 1726 3041 1764 a
3084 1710 3247 1765 Patre
3273 1720 3327 1764 et
3375 1709 3513 1765 Filio
3540 1716 3594 1763 et

331 1789 493 1859 λέγει
517 1791 583 1845 τὸ
609 1794 855 1864 Πνεῦμα
880 1796 949 1849 τὸ
1000 1797 1171 1867 ἅγιον
1206 1815 1218 1828 ⁸
1270 1799 1407 1871 ὅπερ
1441 1800 1687 1872 συνήθως
1729 1804 1775 1855 ol
1813 1804 1913 1873 τῆς

2023 1804 2219 1871 Spiritu
2256 1812 2448 1857 sancto
2478 1803 2620 1856 dicta
2661 1811 2788 1856 sunt
2818 1802 3147 1855 contrahcns
3182 1798 3589 1862 Paulus,disit:

333 1881 577 1946 Παλαιᾶς
601 1884 881 1957 Διαθήκης
914 1887 1085 1941 ἐϐόων
1108 1889 1407 1960 προφῆται,
1453 1890 1601 1944 Τάδε
1620 1892 1781 1961 λέγει
1805 1894 1918 1946 K23-

332 1991 466 2041 ριος
495 1977 528 2029 ὁ
560 1977 723 2041 Θεός.
777 1978 887 2029 Καὶ
936 1977 1111 2033 ταῦτα
1144 1981 1380 2033 συνελὼν
1412 1982 1439 2034 ὀ
1465 1981 1677 2046 Παῦλος
1728 1984 1799 2036 τὰ
1853 1986 1917 2037 ὲκ

335 2064 550 2136 Πατρὸς
581 2067 678 2121 καὶ
702 2067 830 2120 Υἱοῦ
862 2069 956 2121 καὶ
984 2069 1140 2137 ἁγίου
1168 2070 1486 2141 Πνεύματος
1513 2072 1625 2140 (l2)
1660 2072 1913 2144 ρηθέντα,

334 2157 679 2230 Πιὶσα,ἔφη,
711 2159 922 2229 Γραφὴ
957 2162 1381 2229 θεόπνευστος.
1439 2164 1502 2216 Ei
1547 2164 1605 2217 δὲ
1657 2163 1808 2217 λαλεί
1858 2166 1916 2218 ὲν

335 2247 655 2310 ἀποστόλοις
700 2251 795 2303 καὶ
840 2253 898 2303 ἐν
930 2255 1240 2324 προφήταις
1272 2255 1334 2307 τὸ
1371 2254 1620 2327 Πνεῦμα,
1657 2258 1809 2310 πᾶσα
1857 2256 1914 2309 δὲ

2018 1895 2201 1951 Omnis
2224 1895 2498 1963 Scriptura
2524 1895 2779 1949 divinitus
2820 1896 3076 1964 inspirata
3118 1895 3185 1948 ’°.
3215 1893 3367 1961 Quod
3397 1897 3439 1949 si
3473 1894 3593 1965 Spi-

2013 1984 2149 2040 ritus
2200 1985 2252 2038 in
2306 1985 2565 2051 apostolis
2599 1993 2653 2038 et
2688 1984 2969 2053 praphetis
3014 1983 3268 2053 loquitur.
3305 1988 3592 2054 omnisque

2015 2074 2294 2143 Scriptura
2351 2075 2611 2127 divinitus
2662 2074 2923 2141 inspirata
2974 2083 3078 2135 est,
3134 2074 3295 2128 dicite
3354 2075 3532 2144 impiis
3575 2093 3590 2130 :

2013 2163 2291 2230 Quomodo
2321 2163 2556 2233 Spiritus
2583 2173 2805 2218 sanctus
2840 2164 2979 2217 Deus
3028 2181 3132 2219 non
3158 2175 3260 2229 est.
3292 2182 3416 2220 cum
3454 2167 3594 2222 illius

2014 2258 2281 2325 scriptura
2305 2256 2568 2310 divinitus
2604 2256 2866 2326 inspirata
2895 2256 3007 2311 sit?

334 2341 524 2415 Γραφὴ
558 2342 935 2412 θεόπνευστος,
981 2346 1174 2402 εἴπατε
1218 2353 1333 2414 τοῖς
1361 2349 1649 2406 ἀσεϐοῦσι·
1679 2351 1805 2417 Πῶς
1837 2352 1898 2405 οὐ
1938 2352 2070 2417 Θεὸς
2104 2352 2166 2406 τό
2201 2351 2431 2423 Πνεῦμα
2461 2351 2521 2406 τὸ
2548 2350 2701 2420 ἅγιον
2722 2351 3116 2422 τυγχάνει,τῆς
3132 2349 3322 2404 τούτου
3352 2368 3590 2424 συγγρα-

334 2434 442 2502 φῆς
475 2432 832 2489 θεοπνεύστου
856 2436 1054 2509 οῦσης;

340 2523 467 2576 Ὅτι
488 2524 626 2605 obes
655 2527 918 2605 ὀπτασζα
946 2530 1453 2605 οὔτεχρησμῳδιά
1484 2533 1707 2603 γίνεται
1731 2551 1917 2605 κεχω-

369 2597 665 2662 ρισμένως
684 2598 914 2666 Πατρός
937 2601 1035 2653 καὶ
1060 2597 1189 2653 Υἱοῦ
1206 2597 1303 2655 καὶ
1324 2597 1502 2670 ’ἀγ-ἰού
1516 2597 1877 2674 Πνεύματος.

421 2691 646 2753 Ἡσαΐας
674 2693 703 2745 6
744 2693 1048 2763 προφήτης,
1091 2690 1274 2748 Εἶδον
1308 2697 1468 2765 (12⁸),
1519 2696 1645 2769 ἔφη,
1699 2698 1925 2768 Κύριον

338 2780 581 2837 Σαϐαὼθ
612 2781 953 2851 καθήμενον
978 2784 1078 2837 ἐπὶ
1099 2788 1316 2853 θρόνου
1344 2788 1593 2857 ὑψηλοῦ
1620 2791 1717 2843 καὶ
1742 2791 1924 2859 ἐπηρ-

337 2871 550 2941 μένου,
595 2875 693 2928 καὶ
734 2876 1026 2945 σεραφεὶμ
1054 2877 1445 2947 εἱστήκεισαν
1478 2882 1683 2946 κύκλῳ
1712 2882 1921 2948 αὐτοῦ,

338 2962 409 3029 ἐξ
441 2965 730 3036 πτέρυγες
754 2967 835 3032 τῷ
856 2968 1100 3022 eamihi.
1128 2969 1244 3040 μετ’
1275 2970 1431 3038 ὀλίγα
1461 2971 1594 3042 φησί
1618 2989 1631 3003 ·
1659 2972 1768 3026 Καὶ
1792 2968 1924 3025 εἷπε

340 3058 558 3126 Κύριος
586 3059 735 3127 πρὸς
767 3057 845 3128 μέ
870 3076 883 3090 ο
915 3062 1181 3128 Πορεύου
1211 3062 1310 3116 καὶ
1333 3064 1507 3116 εἷπον
1525 3061 1605 3128 τῷ
1628 3063 1754 3130 λαῷ
1783 3065 1919 3117 τού-
1946 3100 1988 3156 C

341 3166 453 3215 τῳ·
499 3149 667 3219 Ἀκοῇ
694 3152 1006 3217 ἀκούσετε,
1036 3152 1137 3208 καὶ
1161 3155 1232 3208 οὐ
1256 3152 1342 3222 μὴ
1374 3153 1621 3229 συνῆτε,
1655 3155 1753 3208 καὶ
1774 3156 1919 3220 ,βλέ-

342 3259 558 3308 ποντες
578 3243 864 3312 βλέψετε,
895 3245 994 3298 καὶ
1020 3248 1093 3299 οὐ
1116 3246 1202 3315 μὴ
1237 3246 1420 3313 ἴδητε.
1459 3249 1792 3318 Ἐπαχύνθη
1815 3249 1920 3319 γὰρ

343 3329 382 3395 ἡ
411 3328 623 3398 καρδία
655 3331 761 3384 τοῦ
785 3333 938 3387 λαοῦ
969 3334 1209 3399 τούτου,
1240 3337 1334 3389 xui.
1353 3335 1424 3391 τὰ
1453 3336 1602 3408 ἑξῆς.
1629 3338 1792 3391 Ὅσον
1822 3340 1920 3410 μὲν

340 3415 434 3472 οῦν
468 3422 587 3474 κατ’
634 3422 804 3493 αὐτὴν
850 3423 952 3495 τὴν
995 3423 1145 3477 θέσιν
1188 3425 1282 3478 καὶ
1314 3425 1414 3498 τὴν
1456 3427 1775 3481 ἀκολουθίαν
1825 3428 1920 3482 τοῦ

343 3512 682 3583 προφητικοῦ
711 3515 1058 3587 γράμματος,
1097 3518 1126 3570 6
1155 3518 1249 3571 ἐπὶ
1282 3519 1498 3573 πάντων
1528 3520 1646 3573 ἐστὶ
1679 3520 1868 3593 Πατὴρ
1893 3523 1922 3575 6

342 3602 529 3671 ὀφθεὶς
554 3607 648 3659 καὶ
671 3607 1119 3678 χρησμοδοτήσας
1141 3608 1221 3678 τῷ
1245 3611 1495 3683 προφήτῃ
1514 3627 1529 3642 ο
1561 3614 1589 3665 6
1621 3612 1801 3682 μέντοι
1821 3613 1922 3682 τῆς

346 3694 572 3767 βροντῆς
602 3697 736 3761 υἱὸς,
769 3698 983 3765 ἐξαίσια
1014 3698 1407 3771 φθεγξάμενος,
1444 3703 1537 3757 καὶ
1572 3704 1669 3774 τῆς
1697 3702 1923 3774 βροντῆς

260 3850 267 3855 _
343 3785 581 3856 εἰρηκὼς
624 3788 993 3863 φοϐερώτερα,
1048 3786 1110 3846 οῦ
1156 3793 1285 3847 ἴδιον
1327 3794 1447 3864 οὐχὶ
1501 3793 1582 3858 τὸ,
1637 3796 1759 3849 vim
1818 3791 1918 3866 ἦν,

342 3875 479 3929 ἀλλὰ
513 3876 592 3940 τὸ,
623 3872 743 3932 τΗν
774 3882 808 3933 ὁ
852 3883 1064 3950 Λόγος,
1105 3882 1236 3937 Υἱὸν
1281 3882 1385 3953 ἔφη
1424 3884 1516 3938 τὸν
1558 3883 1790 3953 ὀφθέντα
1828 3885 1922 3938 καὶ

343 3970 860 4042 χρησμοδοτήσαντα
884 3974 962 4045 τῷ
996 3977 1270 4049 προφήτῃ.
1303 3977 1466 4045 Λέγει
1500 3975 1609 4048 γὰρ
1629 3977 1687 4030 ἐν
1707 3976 1786 4048 τῷ
1810 3976 1923 4048 ἰδίῳ

346 4064 772 4134 συγγράμματι·
821 4068 926 4121 Διὰ
974 4069 1153 4123 τοῦτο
1191 4072 1305 4123 οὐκ
1352 4070 1654 4137 ἠδύναντο
1687 4073 1740 4124 οἱ
1777 4070 1925 4124 Ἰου-

292 4228 303 4245 ι
346 4151 497 4207 δαῖοι
548 4158 856 4213 πιστεύειν
905 4162 995 4227 εις
1045 4162 1152 4216 τὸν
1216 4161 1485 4230 Ἰησοῦν,
1544 4162 1696 4216 διότι
1754 4159 1925 4217 εἶπεν

360 4241 597 4311 Ἡσαΐας
655 4251 787 4318 περὶ
845 4250 1045 4306 αὐτῶν
1067 4269 1081 4285 ο
1148 4255 1559 4323 Τετύφλωνται
1620 4253 1820 4308 αὐτῶν
1870 4257 1924 4308 οἱ

352 4333 663 4404 ὀφθαλμοὶ,
692 4339 791 4392 καὶ
824 4341 1167 4409 πεπώρωται
1212 4341 1413 4397 αὐτῶν
1441 4343 1552 4414 (15)
1602 4345 1641 4413 ἡ
1690 4342 1921 4413 καρδία,

2030 2533 2186 2599 Quod
2230 2548 2391 2601 neque
2438 2531 2569 2584 cisio
2614 2546 2779 2601 neque
2825 2530 3098 2601 oraculum
3126 2530 3189 2598 ﬁt
3228 2533 3513 2595 separatim
3559 2550 3590 2586 a

2329 2600 2491 2654 Patre
2515 2611 2563 2654 et
2598 2600 2738 2653 Filio
2771 2611 2817 2654 et
2858 2599 3063 2668 Spiritu
3095 2612 3297 2655 sancto.

2089 2690 2261 2746 Isaias
2293 2692 2581 2760 pr0phcta,
2621 2688 2760 2756 Vidi,
2797 2691 3010 2758 inquit,
3041 2689 3324 2744 Dominum
3357 2690 3591 2747 Sabaoth

2020 2784 2279 2838 sedentem
2320 2797 2480 2850 super
2508 2782 2756 2834 thronum
2803 2780 3064 2835 excelsum
3106 2792 3153 2833 et
3200 2784 3493 2845 eleuatum,
3545 2795 3594 2837 et

2021 2874 2282 2943 seraphim
2307 2874 2516 2927 stabant
2563 2874 2618 2925 in
2649 2874 2874 2926 circuitu
2916 2875 3029 2942 ejus
3069 2889 3087 2927 :
3120 2889 3211 2927 ses:
3246 2873 3347 2928 ala:
3386 2878 3474 2928 uni
3521 2878 3592 2931 ".

2022 2965 2088 3019 Et
2108 2974 2227 3034 post
2258 2979 2426 3033 pauca
2449 2964 2526 3017 ait
2559 2980 2572 3018 :
2620 2964 2689 3016 Et
2725 2964 2860 3017 dixit
2896 2964 3145 3018 Dominus
3173 2966 3243 3018 ad
3270 2981 3394 3019 me:
3448 2966 3592 3020 Vatis

2021 3066 2070 3111 et
2097 3058 2181 3110 dic
2208 3055 2401 3126 populo
2425 3057 2547 3109 huic
2577 3071 2597 3109 :
2633 3056 2863 3109 Auribus
2894 3057 3118 3109 audietis
3139 3096 3153 3118 ,
3186 3069 3232 3110 et
3261 3074 3362 3110 non
3393 3060 3593 3112 intelli-

2020 3149 2171 3218 getis,
2196 3158 2244 3201 et
2267 3148 2497 3200 videntes
2523 3148 2780 3211 videbitis,
2804 3155 2856 3199 et
2895 3163 3000 3200 non
3030 3149 3283 3203 videbitis.
3321 3147 3597 3204 Incrassa-

2022 3253 2130 3293 tum
2163 3250 2236 3293 est
2269 3239 2426 3310 301
2464 3239 2602 3293 enim
2638 3255 2729 3291 cor
2766 3238 2947 3307 populi
2980 3238 3138 3310 hujus
3166 3242 3211 3272 ²²
3234 3282 3249 3306 ,
3277 3254 3385 3297 etc.
3442 3242 3594 3308 Quod

2023 3334 2241 3402 quidem
2286 3334 2353 3385 ad
2387 3334 2558 3401 ipsum
2610 3339 2921 3385 contextum
2963 3338 3194 3398 attinet,
3224 3342 3277 3388 et
3303 3336 3368 3387 ad
3397 3336 3592 3388 seriem

2023 3424 2347 3493 prophetica:
2393 3423 2712 3489 scriptura;
2750 3422 2838 3488 qui
2874 3429 2956 3475 est
2981 3437 3143 3491 super
3181 3424 3362 3476 omnia
3386 3466 3399 3489 ,
3433 3422 3597 3478 Pater

2023 3528 2130 3581 est,
2158 3516 2249 3585 qui
2275 3516 2422 3569 visus
2450 3523 2550 3577 est,
2579 3513 2966 3583 oraculumque
2993 3514 3138 3568 dedit
3161 3516 3470 3584 prophetm;
3496 3520 3591 3571 sed

2025 3606 2251 3662 tonitrui
2285 3606 2426 3660 illius
2458 3606 2504 3638 “
2533 3606 2795 3674 stupenda
2844 3605 3055 3659 locutus
3101 3616 3215 3670 est,
3247 3621 3310 3660 ac
3354 3606 3595 3661 tonitruo

2025 3700 2351 3755 terribiliora
2382 3700 2537 3764 dixit,
2570 3701 2725 3770 cujus
2756 3699 2971 3770 propria
3000 3713 3104 3751 non
3144 3707 3229 3752 est
3272 3699 3441 3753 dictio
3480 3700 3591 3765 illa,

2027 3793 2149 3848 Non
2200 3802 2313 3847 erat
2339 3807 2358 3847 :
2387 3793 2481 3847 sed
2512 3793 2646 3854 hinc,
2689 3790 2821 3844 Erat
2874 3789 3201 3855 Verbum“;
3229 3790 3365 3844 dixit
3397 3789 3593 3845 Filium

2024 3905 2146 3942 eum
2173 3902 2296 3942 esse
2332 3886 2423 3955 qui
2454 3886 2600 3939 visus
2628 3893 2729 3946 est,
2760 3892 2816 3937 et
2847 3884 2937 3952 qui
2977 3882 3257 3937 oraculum
3292 3884 3438 3936 dedit
3470 3899 3597 3951 pro-

2025 3983 2220 4049 phene.
2252 3978 2390 4032 Dicit
2418 3977 2563 4030 enim
2609 3976 2661 4028 in
2693 3989 2791 4028 suo
2825 3975 2963 4027 libro
2992 3989 3007 4027 :
3048 3971 3329 4043 Propterea
3361 3989 3465 4027 non
3509 3992 3598 4040 po-

2026 4083 2196 4128 terant
2228 4070 2437 4125 credere
2459 4072 2515 4122 in
2538 4068 2721 4123 Jesum
2755 4066 2966 4132 Judwi,
3005 4067 3130 4136 quia
3162 4066 3298 4119 dixit
3328 4064 3501 4120 Isaias
3531 4066 3598 4121 de

2025 4170 2153 4235 ipsis
2176 4182 2195 4221 :
2225 4164 2493 4219 Exca'cati
2536 4174 2658 4217 sunt
2686 4160 2825 4215 oculi
2859 4176 3070 4226 eorum,
3106 4167 3154 4213 et
3184 4160 3490 4212 induratum
3521 4165 3598 4212 est

2026 4278 2117 4315 cor
2147 4252 2416 4313 eorum'ut
2443 4272 2504 4309 ne
2530 4257 2739 4308 videant
2774 4254 2939 4307 oculis
2963 4290 2979 4315 ,
3010 4262 3056 4305 et
3084 4252 3379 4320 intelligant
3417 4251 3594 4312 corde,

2026 4364 2076 4406 et
2105 4361 2495 4411 convertantur,
2519 4357 2565 4400 et
2598 4362 2776 4401 sanem
2801 4363 2907 4399 eos.
2936 4344 3066 4399 Htcc
3090 4344 3226 4397 dixit
3260 4343 3454 4403 Isaias.
3479 4360 3596 4397 cum

350 4425 510 4493 ὅπως
531 4428 618 4498 μὴ
652 4430 822 4484 ἴδωσι
867 4432 995 4499 τοῖς
1035 4435 1386 4505 ὀφθαλμοῖς,
1426 4438 1525 4491 καὶ
1567 4436 1801 4491 συνῶσι
1849 4437 1915 4507 τῇ

2029 4444 2156 4498 vidit
2187 4442 2411 4511 gloriam
2443 4439 2554 4507 ejus
2600 4440 2668 4491 ".
2700 4436 2897 4491 Paulus
2928 4452 3058 4490 vero
3093 4439 3265 4490 visum
3310 4444 3363 4490 et
3405 4436 3594 4489 vatici-

349 4519 580 4587 καρδίᾳ,
629 4522 727 4576 καὶ
777 4523 1203 4594 ἐπιστρέψωσι,
1252 4529 1351 4582 καὶ
1392 4528 1645 4597 ιάσωμαι
1684 4530 1927 4596 αὐτούς.

357 4614 546 4667 Ταῦτα
575 4612 746 4670 εἶπεν
768 4618 1026 4685 Ἡσαΐας,
1041 4618 1138 4673 ὅτε
1164 4616 1285 4674 εἶδε
1301 4620 1414 4688 τὴν
1436 4621 1625 4685 δόξαν
1648 4623 1854 4676 αὐτοῦ.
1872 4623 1930 4675 Ὀ

351 4705 408 4758 δὲ
441 4706 652 4771 Παῦλος
693 4709 786 4762 τοῦ
837 4709 1155 4781 Πνεύματος
1189 4713 1507 4783 ἀπεφήνατο
1538 4713 1635 4784 τὴν
1661 4713 1930 4768 ὀπτασίαν

350 4792 488 4851 εἷναι
535 4800 630 4853 καὶ
673 4801 772 4872 τὴν
806 4803 1175 4873 χρησμῳδίαν,
1206 4804 1379 4874 λέγων
1400 4814 1419 4838 ‘°
1451 4806 1661 4873 Καλῶς
1695 4806 1811 4876 ἔφη
1864 4805 1931 4859 τὸ

348 4890 592 4960 Πνεῦμα
614 4892 681 4946 τὸ
707 4893 878 4963 ἅγιον
908 4895 1006 4949 διὰ
1038 4897 1145 4951 τοῦ
1170 4896 1480 4967 προφήτου
1513 4900 1751 4953 Ἡσαΐου
1782 4898 1932 4967 πρὸς

348 4980 491 5048 τοὺς
512 4984 773 5054 πατέρας
795 4985 963 5056 ὑμῶν
993 4988 1129 5061 (14)·
1176 4990 1345 5060 Ἀκοῇ
1377 4992 1691 5058 ἀκούσετε,
1718 4991 1818 5045 καὶ
1858 4994 1931 5046 οὐ

428 5097 472 5129 ³⁵
504 5096 660 5149 Prov.
684 5112 835 5162 xxxv,
876 5099 924 5154 1.
1005 5101 1048 5133 ¹⁸
1079 5100 1117 5155 ll
1146 5102 1270 5159 Cor.
1298 5120 1418 5164 xm,
1450 5100 1502 5155 5.
1583 5104 1628 5136 ³⁸
1665 5107 1781 5156 Act.
1808 5120 1866 5167 ιι,
1902 5106 1915 5149 t

429 5166 469 5220 ll
493 5165 632 5220 Tim.
660 5182 740 5227 ιιι,
783 5167 866 5222 16.
960 5171 1003 5207 ’³
1033 5170 1138 5227 lsa.
1175 5189 1251 5227 rt.
1277 5176 1301 5227 l
1329 5215 1345 5227 .
1370 5174 1425 5227 2.
1506 5175 1553 5207 "
1593 5175 1725 5227 ibid.
1759 5174 1812 5227 9.
1912 5177 1915 5204 ⁵

2042 5104 2086 5135 ¹⁷
2110 5102 2295 5156 Matth.
2324 5118 2379 5167 χ,

2023 5172 2166 5227 dare.
2210 5188 2307 5227 ιιι.
2340 5174 2402 5227 17

2053 5189 2166 5227 arc.
2210 5188 2307 5237 ιιι,
2340 5188 2427 5227 ιι.

348 5169 395 5201 ’⁸
429 5166 469 5241 ll
493 5165 632 5220 Tim.
660 5182 740 5228 ιιι,
783 5167 885 5241 ιε,
922 5239 935 5241 Α
960 5171 1003 5207 ’³
1033 5170 1138 5230 lsu.
1175 5189 1251 5241 τι,
1277 5176 1301 5229 l
1329 5215 1345 5238 ,
1370 5174 1425 5228 2.
1506 5175 1553 5207 "
1593 5175 1725 5229 ibid.
1759 5174 1812 5229 9.

347 5241 395 5271 “
428 5239 552 5291 Act.
589 5252 787 5301 xxvut,
817 5238 1006 5303 25,26.

416 5350 530 5417 (lt)
574 5349 710 5428 eum
758 5351 821 5428 si
865 5352 923 5405 δὲ
964 5352 1250 5428 ἐκλέγεται
1295 5354 1463 5428 αῦτὺν
1485 5354 1692 5428 Κύριος
1730 5354 1922 5428 sese;

348 5419 748 5500 εῶνθπατέρωνὶ
760 5421 1276 5500 ειν-προεχειρίσατο,
1297 5424 1389 5476 τὸν
1409 5419 1840 5500 αὐτόν’ἀφορίζει
1860 5425 1921 5479 τὸ

349 5490 592 5557 Πνεῦμα.
618 5491 687 5542 At
712 5490 862 5558 Regii
888 5490 1132 5558 quatuor
1165 5509 1293 5546 mss.
1319 5505 1378 5547 ut
1415 5496 1465 5548 in
1498 5490 1793 5557 contexiu,
1826 5511 1920 5551 es-

352 5561 849 5639 cepto‘quod-llegz
870 5564 1096 5639 quintus
1125 5563 1278 5639 habet
1309 5565 1496 5639 τοῦτον
1519 5565 1567 5639 δξ
1600 5566 1869 5639 ἀφορίζει.

421 5626 1073 5709 {Bidnti-quidni)_libri
1110 5635 1207 5687 καὶ
1240 5633 1395 5703 ἁγίου
1429 5626 1914 5709 Πνεύμιίτόςίνοκ

352 5696 521 5766 ἁγίου
539 5698 591 5753 in
612 5696 770 5757 editis
797 5702 1154 5760 desideratur.

2029 4536 2176 4586 nium
2222 4531 2348 4583 illud
2380 4529 2618 4597 Spiritus
2655 4543 2777 4582 esse
2805 4528 3136 4591 declaravit,
3164 4527 3347 4580 dicens
3382 4544 3396 4580 :
3444 4524 3598 4579 Recte

2028 4624 2160 4677 dixit
2187 4622 2414 4688 Spiritus
2440 4630 2653 4674 sanctus
2692 4636 2783 4688 per
2811 4620 3114 4687 prop/telam
3159 4616 3353 4671 Isaiam
3390 4623 3459 4670 ad
3496 4636 3596 4685 prt-

2026 4726 2130 4768 tres
2153 4724 2346 4768 vestros
2371 4726 2390 4764 :
2415 4711 2647 4766 Auribus
2680 4711 2903 4764 audietis
2923 4749 2939 4769 .
2970 4720 3016 4763 et
3050 4727 3153 4762 non
3181 4711 3483 4779 intelligetis
3501 4750 3516 4774 ,
3547 4717 3599 4763 et

2025 4806 2256 4861 uidentes
2293 4805 2566 4869 videbitis,
2616 4814 2663 4856 et
2714 4819 2817 4855 non
2864 4803 3220 4870 perspicietis;
3248 4804 3594 4855 incrassalunt

2026 4908 2101 4952 est
2125 4899 2261 4951 enim
2296 4914 2386 4950 cor
2406 4896 2590 4966 populi
2614 4896 2770 4964 hujus
2785 4895 2853 4947 ’⁸.
2879 4894 3145 4961 Propheta
3172 4892 3377 4945 inducit
3400 4891 3595 4955 Patris,

2028 4990 2083 5044 in
2118 5005 2276 5059 quem
2304 4987 2475 5044 Judaei
2506 4987 2835 5049 credebant,
2874 4999 3201 5056 personam;
3228 4983 3554 5053 evangelista
3577 5044 3594 5071 ο

2042 5104 2086 5135 ¹⁷
2110 5102 2295 5156 Matth.
2324 5118 2379 5167 χ,
2410 5100 2500 5155 20.
2579 5100 2623 5131 "
2651 5099 2807 5154 Num.
2842 5114 2921 5158 XI.
2958 5098 3049 5151 29.
3127 5097 3170 5129 "
3203 5096 3322 5151 Act.
3358 5112 3473 5156 ιιι.
3507 5096 3592 5150 Η.

2522 5171 2570 5204 ⁸⁸
2603 5170 2759 5225 Juan.
2796 5185 2833 5231 ι,
2864 5170 2916 5223 1.
2995 5169 3041 5200 ’⁸
3071 5167 3229 5231 Joan,
3270 5183 3369 5233 ιιι,
3399 5167 3591 5222 59-41.

2094 5354 2233 5425 (12‘)
2268 5354 2405 5425 Editi
2440 5353 2566 5409 ἴδον.
2588 5354 2653 5406 At
2682 5346 3003 5425 mssteibov.
3035 5350 3152 5425 Mox
3198 5351 3329 5420 Reg.
3366 5360 3594 5422 quartus

2018 5420 2113 5496 θεῷ’
2134 5420 2232 5497 ἐνὶ,
2265 5425 2358 5480 xui.
2384 5424 2443 5490 ἓξ
2471 5425 2742 5497 πτέρυγες
2771 5422 2850 5493 τῷ
2883 5422 2982 5487 ἐνὶ,
3019 5420 3131 5497 και,
3166 5432 3270 5497 etc.

2014 5491 2201 5620 hiis;
2233 5497 2342 5551 Vox
2366 5491 2780 5549 αὐτῶνέἀὼιιι
2806 5491 2887 5547 est
2918 5507 2982 5546 ex
3020 5493 3187 5547 tribus
3219 5491 3370 5546 libris
3392 5493 3585 5546 veteri.

2054 5583 2134 5619 ιιε.

2084 5606 2195 5704 (l4)
2229 5636 2363 5692 Editi
2417 5634 2661 5706 πατέρας
2721 5631 2901 5706 ήμῶν.
2929 5633 2997 5687 At
3050 5646 3177 5687 mss.
3218 5646 3315 5687 sex
3345 5629 3592 5703 πατέρας

2011 5706 2041 5760 ὑ
2048 5706 2185 5776 μῶν.
