3956 6216
386 304 495 361 723

1737 316 1796 372 Β.
1840 314 2083 374 BASILII
2124 317 2337 375 MAGNI

3553 324 3672 378 νει

385 420 549 485 Filii;
620 421 856 486 Paulus,
908 420 1163 491 Spiritus,
1230 423 1381 479 illum
1439 424 1614 495 ipsum
1676 430 1766 497 qui
1816 431 1962 486 visus

2069 431 2151 500 μὴ
2196 431 2446 497 συνῆτε,
2498 430 2597 484 καί
2638 428 2977 494 ,βλέποντες
3002 430 3289 501 βλέψετε,
3322 434 3421 486 καί
3453 436 3535 488 οὐ
3566 436 3670 505 μὴ

394 512 591 575 fuerat,
622 529 786 566 unum
820 513 1107 568 Dominum
1138 514 1375 571 Sabaoth
1399 519 1761 573 communiter
1787 522 1962 575 nomi-

389 613 608 658 nantes.
642 604 961 660 Sermonem
990 622 1150 677 quem
1175 609 1243 662 de
1268 609 1545 678 hypostasi
1575 612 1958 677 instituerunt,

385 695 709 762 distinxere,
745 696 1060 754 indistincta
1104 708 1361 755 manente
1391 700 1444 754 in
1487 700 1567 755 eis
1596 700 1663 755 de
1708 717 1816 756 uno
1853 702 1963 758 Deo

383 789 674 842 Sententia.

2072 520 2267 587 ἴδητε·
2297 522 2605 590 ἐπαχύνθη
2635 523 2743 590 γὰρ
2772 523 2810 589 ὴ
2843 520 3055 589 καρδία
3086 523 3194 576 τοῦ
3215 524 3369 579 λαοῦ
3405 528 3664 581 τούτου.

2081 614 2144 685 ’ρ
2188 614 2475 685 προφήτης
2517 614 2630 684 (15)
2682 613 2775 666 τοῦ
2827 615 3039 687 Πατρὸς
3081 618 3380 688 εἰσηγεῖται
3432 619 3667 689 πρόσω-

2072 721 2173 758 πον
2206 705 2298 758 τοῦ
2342 704 2493 777 παρὰ
2551 705 2824 769 Ἰουδαίοις
2868 710 3326 779 πεπιστευμένου’
3388 712 3418 763 ό
3474 713 3663 778 εὐαγ-

2069 794 2320 866 γελιστὴς
2357 794 2452 848 τοῦ
2492 796 2657 849 Υἱοῡο
2700 798 2728 849 ὁ
2758 796 2971 861 Παῦλος
3012 797 3107 851 τοῦ
3150 798 3503 870 Πνεῦματος·
3552 802 3660 853 ἕνα

381 882 587 951 Κύριον
636 881 863 935 Σαϐαὼθ
915 883 1007 937 τὸν
1050 883 1285 952 ὀφθέντα
1353 885 1547 947 κοινῶς
1612 887 1992 958 ὀνομάζοντες.
2045 889 2305 960 Διῄρηται
2352 888 2461 961 (16)
2493 889 2676 953 αὐτοῖς
2708 892 2738 943 ὁ
2774 892 2902 959 περὶ
2938 891 3042 961 τῆς
3076 892 3425 957 ὑποστάσεως
3460 895 3656 964 λόγος,

384 974 695 1045 ἀδιαιρέτου
729 975 980 1045 μένοντος
1006 980 1063 1029 ὲν
1089 978 1272 1040 αὐτοῖς
1301 976 1395 1030 τοῦ
1430 979 1559 1049 περὶ
1597 982 1714 1043 ἐνὸς
1748 980 1883 1032 Θεοῦ
1923 983 2286 1052 φρονήματος.

384 1070 539 1135 Quod
560 1068 860 1141 Creatorem
886 1070 1201 1141 participant
1229 1085 1344 1141 quq:
1376 1080 1496 1141 sunt
1525 1073 1594 1122 ad
1633 1072 1914 1141 imaginem
1938 1087 1956 1125 :

771 1140 868 1192 Itoc
894 1148 1067 1190 autem
1094 1139 1152 1206 [it
1183 1153 1275 1206 per
1299 1139 1576 1206 Spiritum.

459 1231 611 1297 Quod
637 1234 681 1285 si
713 1232 828 1286 haec
871 1230 1267 1295 intelligerent,
1309 1244 1373 1283 ac
1399 1240 1547 1285 recte
1583 1233 1956 1301 perciperent,

382 1324 478 1390 qui
528 1334 717 1377 contra
768 1322 1086 1391 semetipsos
1134 1322 1273 1376 male
1316 1324 1588 1391 sapientes
1643 1334 1800 1390 sunt,
1851 1340 1956 1378 non

385 1417 573 1479 utique
619 1414 883 1482 Spiritum
933 1429 961 1467 a
997 1414 1195 1467 deitate
1238 1414 1582 1481 alienarent,
1643 1431 1709 1469 ne
1755 1432 1814 1470 se
1857 1416 1957 1484 ipsi

390 1515 704 1559 resecareut
738 1519 766 1557 a
804 1504 1021 1567 deitale,
1052 1520 1206 1568 neve,
1240 1518 1490 1574 separato
1524 1523 1555 1559 a
1586 1508 1694 1562 Deo
1733 1509 1955 1571 mundo,

2068 1072 2188 1125 "Ott
2209 1072 2443 1142 μετέχει
2469 1071 2574 1125 τοῦ
2595 1074 2955 1142 Δημιουργυῦ
2971 1075 3043 1128 τὰ
3061 1078 3188 1128 κατ’
3204 1078 3409 1132 εἰκόνα
3427 1097 3440 1108 ·
3464 1080 3659 1133 τοῦτο

2233 1092 2443 1195 ιεταιὲχει
2469 1092 2577 1152 του
2595 1092 2955 1142 αημιοιερππου
2971 1092 3043 1128 τα
3061 1092 3185 1128 κατ
3204 1092 3409 1132 amara
3427 1097 3440 1108 '
3464 1101 3467 1108 λ

2233 1141 2302 1194 δὲ
2377 1143 2435 1195 ιὰ
2472 1159 2580 1196 του
2622 1145 2968 1212 Πνεύματος
3000 1145 3111 1214 (l7)
3133 1148 3467 1216 γινόμενον.

2136 1234 2199 1285 Εἰ
2226 1233 2283 1285 δὲ
2312 1234 2484 1286 ταῦτα
2514 1233 2764 1287 συνίεσαν
2812 1235 2904 1287 καὶ
2935 1235 3112 1299 καλῶς
3141 1237 3412 1307 ὑπήκουον
3438 1241 3490 1291 οἰ
3518 1241 3657 1293 καθ’

2069 1322 2276 1376 ἑαυτῶν
2344 1323 2529 1387 κακῶς
2591 1321 2955 1394 σοφιζόμενοι,
3015 1326 3115 1378 οὐκ
3161 1324 3228 1378 ἂν
3290 1326 3349 1379 τὸ
3412 1328 3659 1398 Πνεῦμα

2065 1412 2318 1484 θεότητος
2343 1412 2679 1483 ⁴ἰγλλοτρίουν,
2729 1413 2813 1466 ἵνα
2858 1413 2935 1483 μὴ
2986 1412 3239 1483 Θεότητος
3272 1416 3503 1478 ἑαυτοὺς
3532 1417 3656 1484 (l8)

2063 1504 2402 1569 ἀποκόψωσι,
2443 1504 2538 1556 καὶ
2581 1503 2784 1574 κόσμον
2814 1504 2949 1557 Θεοῦ
2990 1504 3338 1575 διαστήσωσι,
3380 1506 3475 1559 καὶ
3510 1506 3656 1560 Θεὸν

386 1594 558 1648 Deum
606 1609 636 1647 a
687 1592 901 1662 propria
957 1602 1203 1646 creatura
1257 1594 1597 1650 dirimerent.
1649 1594 1777 1661 Quae
1812 1597 1955 1649 enim

2069 1595 2163 1666 τῆς
2199 1596 2335 1659 ἰδίας
2365 1595 2594 1659 κτίσεως
2615 1595 3013 1667 ἀποστήσωσιν.
3045 1597 3238 1651 Ἀθλια
3261 1598 3360 1668 μὲν
3386 1599 3499 1667 (19)
3532 1600 3651 1672 γὰρ

387 1686 528 1739 facta
571 1695 755 1740 essent
788 1701 815 1739 a
843 1685 971 1750 Deo,
1002 1699 1230 1755 quaque
1266 1695 1440 1739 tamen
1469 1687 1764 1741 secundum
1804 1697 1957 1742 natu-

387 1790 504 1831 ram
544 1786 787 1830 creatam
819 1775 1093 1831 Creatoris
1146 1776 1315 1844 gloria
1376 1778 1819 1841 destituerentnr,
1882 1794 1945 1833 ea

389 1868 575 1922 omnia
617 1869 721 1923 nisi
768 1869 1019 1923 deitatem
1072 1869 1478 1937 participarent,
1530 1869 1706 1923 forent
1741 1870 1955 1928 misera.

393 1959 492 2013 llic.
525 1970 706 2015 autem
751 1962 817 2014 de
850 1961 959 2016 Deo
986 1976 1169 2015 sermo
1197 1961 1453 2029 indignus
1480 1971 1595 2026 est,
1634 1962 1679 2016 si
1711 1962 1961 2016 videlicet

389 2052 607 2105 dicatur
638 2059 945 2105 creaturam
992 2052 1187 2105 nudam
1220 2060 1271 2105 et
1309 2057 1460 2119 quasi
1493 2053 1575 2106 sui
1614 2068 1838 2108 vacuam
1869 2055 1964 2107 de-

388 2144 621 2211 spicere.
667 2142 864 2197 Verum
898 2157 998 2197 nec
1028 2152 1276 2195 creatura
1305 2142 1383 2197 sic
1420 2142 1620 2196 misera
1643 2182 1658 2207 ,
1688 2158 1788 2198 nec
1821 2142 1961 2197 Deus

392 2236 472 2289 sic
513 2234 799 2290 imbecillis
850 2247 966 2301 est,
1010 2244 1067 2289 ut
1097 2244 1340 2289 sanctam
1379 2235 1851 2304 participationem
1905 2237 1959 2289 in

389 2336 673 2382 creaturas
722 2342 828 2381 non
892 2328 1247 2382 transmittat.
1295 2327 1482 2395 Itaque
1522 2326 1703 2381 statim
1753 2328 1822 2404 ad
1878 2329 1958 2382 sui

394 2419 679 2488 imaginem
716 2420 887 2473 voluit
920 2421 1193 2474 hominem
1247 2419 1446 2474 facere.
1482 2420 1734 2475 Profecto
1781 2431 1960 2475 autem

392 2512 571 2581 imago
599 2527 718 2580 quae
746 2511 993 2578 eﬂicitur,
1033 2513 1157 2566 dum
1200 2513 1269 2567 ab
1295 2512 1590 2581 exemplari
1618 2511 1960 2576 transfertur,

390 2603 805 2657 similitudinem
828 2603 881 2656 in
909 2603 1135 2657 materia
1158 2604 1378 2673 accipit,
1406 2618 1466 2657 ac
1487 2602 1824 2656 characteris
1848 2601 1964 2669 ejus

388 2693 619 2749 elIicitur
665 2696 979 2763 particeps,
1025 2696 1115 2749 ubi
1160 2710 1256 2764 per
1300 2695 1527 2750 artiﬁcis
1583 2695 1963 2764 cogitationem

389 2798 718 2853 manumque
768 2785 1029 2853 impressa
1071 2786 1252 2839 fuerit.
1298 2783 1391 2839 Sic
1436 2787 1630 2855 pictor,
1683 2786 1763 2840 sic
1814 2784 1962 2839 scul-

390 2882 515 2944 ptor
545 2893 561 2930 :
591 2877 670 2931 sic
704 2878 792 2945 qui
823 2891 1045 2932 auream
1100 2887 1192 2931 aut
1243 2893 1440 2931 aeream
1494 2886 1726 2932 statuam
1755 2877 1921 2932 elﬁcit
1942 2916 1958 2941 ,

2063 1685 2240 1739 πάντα
2284 1684 2352 1738 τὰ
2387 1685 2730 1755 πεποιημένα
2778 1686 2913 1758 πρὸς
2961 1685 3055 1738 τοῦ
3084 1686 3240 1749 Θεοῦ,
3281 1688 3504 1759 καὶτῆς
3544 1690 3647 1743 τοῦ

2059 1775 2397 1848 Δημιουργοῦ
2442 1775 2600 1846 δόξης
2642 1777 3045 1848 ἀπολειπόμενα
3081 1778 3221 1832 κατά
3261 1780 3358 1851 τὴν
3411 1783 3647 1853 κτιστὴν

2060 1867 2241 1936 φύσιν,
2272 1869 2320 1920 εἰ
2366 1865 2440 1938 μὴ
2489 1866 2703 1936 μετέχει
2733 1865 3003 1936 θεότητος.
3045 1865 3284 1931 Ἀνάξιος
3325 1868 3385 1921 δὲ
3415 1870 3445 1921 ὁ
3480 1868 3651 1936 λόγος

2061 1960 2187 2029 περί
2215 1958 2369 2023 Θεοῦ,
2401 1958 2462 2010 τὸ
2490 1957 2701 2028 γυμνὴν
2732 1957 2842 2024 (20)
2872 1958 2966 2010 καὶ
2992 1957 3179 2029 ὥσπερ
3209 1957 3411 2030 ἔρημον
3443 1960 3651 2014 ἑαυτοῦ

2062 2051 2324 2120 περιορᾷν
2370 2049 2470 2120 τὴν
2520 2048 2717 2102 κτίσιν.
2784 2046 2923 2100 Ἀλλ’
2975 2047 3098 2101 οὔτε
3154 2053 3187 2120 ἡ
3239 2051 3417 2114 κτίσις
3462 2050 3650 2114 οὕτως

2060 2142 2239 2205 ἀθλία,
2280 2140 2403 2194 οὔτε
2453 2141 2584 2204 Θεὸς
2621 2140 2793 2204 οὕτως
2833 2139 3112 2206 ἀδύνατος,
3166 2141 3305 2194 ὥστε
3338 2143 3439 2214 τὴν
3475 2143 3649 2210 ἁγίαν

2064 2233 2349 2305 μετάδοσιν
2404 2231 2479 2303 μὴ
2528 2232 2856 2303 διαπέμπειν
2899 2234 2992 2286 ἐπὶ
3037 2233 3106 2286 τὰ
3148 2236 3447 2305 ποιήματα.
3503 2237 3648 2289 Κατ’

2063 2328 2246 2381 εἰκόνα
2278 2326 2409 2395 γοῦν
2435 2326 2630 2379 ἑαυτοῦ
2660 2327 2821 2391 εὐθὺς
2849 2329 3072 2399 ποιῆσαι
3103 2328 3195 2382 τὸν
3225 2329 3513 2401 ἄνθρωπον
3553 2329 3651 2399 βε-

2062 2416 2340 2488 ϐούληται.
2389 2416 2613 2479 Πάντως
2638 2416 2695 2468 δὲ
2725 2420 2760 2486 ἡ
2790 2417 2900 2486 (21)
2927 2418 3089 2470 εἰκὼν
3128 2420 3162 2488 ἡ
3204 2418 3649 2490 δημιουργουμέ-

2062 2519 2149 2574 νη,
2200 2503 2611 2574 μεταφερομένη
2646 2504 2754 2557 ἀπὸ
2785 2504 2876 2560 τοῦ
2906 2506 3282 2577 πρωτοτύπου,
3317 2508 3417 2578 τὴν
3444 2510 3651 2578 ὁμοίω-

2066 2610 2150 2647 σιν
2179 2596 2259 2658 εἰς
2288 2594 2384 2666 τὴν
2418 2596 2549 2667 ὓλην
2579 2596 2793 2668 εἴληφε,
2823 2598 2919 2650 καὶ
2947 2598 3250 2668 μετέσχηκε
3277 2599 3388 2669 (22)
3420 2599 3518 2652 τοῦ
3550 2618 3650 2669 χα-

2066 2685 2336 2756 ρακτῆρος
2378 2685 2468 2739 διὰ
2508 2686 2604 2756 τῆς
2634 2685 2727 2739 τοῦ
2762 2688 3004 2757 τεχνίτου
3035 2688 3274 2753 διανοίας
3320 2691 3417 2743 καὶ
3458 2691 3649 2761 χειρὸς

2064 2777 2531 2847 ὲναπομαχθέντος
2557 2777 2688 2847 (25).
2732 2777 2919 2843 Οὕτως
2960 2782 2989 2832 ό
3040 2779 3348 2852 ζωγράφος,
3397 2782 3578 2846 οὕτως
3616 2785 3649 2835 ὁ

2065 2869 2404 2938 λιθογλύφος,
2437 2854 2610 2934 οὕτως
2637 2874 2665 2924 ὁ
2694 2874 2783 2924 τὸν
2808 2872 3038 2941 χρύσεον
3062 2875 3155 2927 καὶ
3180 2874 3271 2927 τὸν
3292 2875 3525 2945 χάλκεον
3548 2878 3647 2930 ἀν-

391 2976 609 3034 accepta
656 2970 904 3035 materia,
939 2970 1157 3039 respicit
1186 2970 1251 3023 ad
1278 2969 1591 3039 exemplar,
1625 2971 1855 3024 assumit
1883 2970 1961 3025 rei

2069 2962 2288 3032 δριάντα
2330 2962 2697 3034 δημιουργῶν,
2744 2963 2937 3017 ἔλαϐεν
2981 2965 3134 3035 ὕλην,
3186 2967 3403 3020 ἀπεῖδεν
3448 2969 3534 3031 εἰς
3586 2970 3650 3022 τὸ

390 3071 551 3123 quam
599 3057 906 3124 speculatus
952 3068 1036 3112 est
1083 3059 1328 3127 ﬁguram,
1383 3059 1522 3112 hanc
1569 3059 1622 3112 in
1679 3060 1960 3113 materiam

390 3147 672 3215 imprimit.
708 3147 858 3213 Quod
887 3149 931 3203 si
981 3150 1230 3203 homines
1260 3163 1367 3202 non
1409 3158 1637 3217 possunt
1666 3149 1732 3202 ad
1771 3149 1964 3203 simili-

390 3241 633 3294 tudinem
665 3240 960 3296 informare
986 3242 1267 3304 materias,
1293 3241 1392 3294 nisi
1422 3255 1610 3294 earum
1643 3241 1817 3295 ideam
1842 3256 1967 3308 par-

392 3332 652 3400 ticipent;
685 3334 955 3399 quomodo
990 3334 1053 3385 ad
1088 3332 1496 3386 similitudinem
1532 3332 1622 3385 Dei
1657 3335 1964 3387 ascenderit

389 3434 674 3488 creatura,
720 3425 821 3479 nisi
870 3426 1203 3480 characteris
1248 3427 1413 3480 divini
1478 3426 1643 3496 302
1692 3427 1964 3495 particeps

391 3516 581 3571 etfccta
636 3517 746 3570 sit?
790 3517 1013 3571 Divinus
1069 3527 1247 3572 autem
1295 3517 1581 3571 character
1633 3533 1736 3570 non
1788 3516 1963 3585 qualis

390 3609 664 3663 humanus
692 3618 810 3674 est,
845 3610 938 3663 sed
979 3609 1203 3675 vivens,
1243 3617 1298 3664 et
1331 3623 1456 3663 vere
1490 3609 1757 3663 exsistens
1786 3609 1963 3679 imago

392 3697 644 3768 imaginis
686 3698 931 3753 ell‘ectrix
955 3738 971 3763 ,
1020 3701 1174 3766 cujus
1207 3700 1332 3753 dum
1365 3699 1657 3767 participes
1709 3699 1842 3751 tinnt
1874 3713 1961 3752 res

392 3797 623 3853 cunctae,
659 3789 752 3843 Dei
786 3791 1193 3844 constituuntur
1220 3791 1502 3860 imagines.
1536 3790 1715 3860 Imago
1743 3790 1959 3859 quidem

390 3880 484 3934 Dei
510 3891 594 3935 est
617 3880 888 3949 Christus,
930 3883 1034 3948 Qui
1071 3892 1144 3935 est
1167 3922 1182 3946 ,
1216 3883 1408 3950 inquit,
1444 3882 1616 3952 imago
1652 3882 1753 3937 Dei
1786 3882 1964 3935 invisi-

324 4040 329 4044 δ
390 3973 512 4025 bilis
538 3973 620 4039 ";
667 3973 847 4041 imago
877 3988 1006 4028 vero
1054 3973 1208 4039 Filii,
1266 3973 1533 4043 Spiritus;
1574 3984 1631 4028 et
1674 3975 1765 4044 qui
1805 3976 1963 4045 hujus

388 4062 528 4117 ﬁunt
575 4064 904 4133 participes,
935 4064 1026 4117 filii
1066 4067 1371 4119 conformes
1400 4064 1731 4129 efﬁciuntur,
1770 4081 1962 4119 secun-

389 4155 514 4207 dum
549 4154 599 4207 id
629 4155 772 4223 quod
805 4157 1064 4226 scriptum
1090 4168 1172 4211 est
1198 4177 1211 4211 :
1244 4157 1413 4222 Quos,
1442 4158 1636 4220 inquit,
1662 4158 1959 4224 pra'scivit,

388 4257 435 4298 et
466 4247 861 4313 prwdestinavit
909 4248 1202 4317 conformes
1242 4249 1359 4316 ﬁeri
1398 4248 1644 4317 imaginis
1691 4245 1823 4300 Filii
1852 4250 1959 4312 sui,

388 4347 445 4389 ut
471 4338 541 4391 sit
563 4338 673 4406 ipse
702 4340 1080 4409 primogenita:
1109 4340 1165 4392 in
1187 4340 1367 4393 multis
1393 4339 1647 4408 fratribus
1682 4338 1749 4395 ⁸⁸.

459 4430 504 4463 ³⁷
535 4432 741 4487 Coloss.
772 4449 812 4496 ι.
847 4433 934 4489 15.
1011 4435 1057 4467 ³⁸
1094 4434 1248 4488 Rom.
1273 4449 1393 4497 vin,
1424 4433 1513 4489 29.

388 4595 420 4649 ὁ
460 4523 574 4647 (if)
613 4524 822 4596 angati
847 4528 967 4581 libri
1004 4528 1297 4599 προφήτης
1326 4522 1440 4581 οῦν.
1478 4527 1594 4582 Vox
1630 4521 1723 4580 οὖν
1753 4527 1805 4581 in
1834 4544 1964 4583 mss.

424 4610 518 4649 ec-s
550 4634 563 4647 .

424 4607 563 4649 ονεῑ.

461 4664 507 4739 (ﬂ
521 4665 574 4734 6)
607 4665 744 4719 Editi
798 4667 1067 4738 Διῄρηται
1097 4666 1226 4738 γάρ.
1255 4666 1413 4735 Illud,
1456 4667 1585 4739 γάρ,
1619 4669 1674 4723 in
1702 4682 1831 4723 mss.
1860 4684 1967 4721 non

390 4735 624 4802 legitur;
654 4750 829 4803 eoque
856 4735 1172 4791 delevimus.

461 4804 577 4894 (εἴ)
794 4821 943 4894 ’mius
963 4816 1017 4894 et
1040 4808 1165 4894 editi
1193 4807 1315 4860 Ὅτι
1348 4808 1561 4894 μετέχει
1576 4809 1683 4894 έτοῦ
1709 4811 1972 4894 Δημέουρ-

388 4875 488 4944 γοῦ
521 4874 590 4927 τὰ
622 4875 742 4947 κατ’
761 4876 945 4930 εἰκόνα
967 4876 1247 4947 γινόμενα,
1287 4874 1446 4931 τοῦτο
1476 4874 1535 4932 δὲ
1571 4880 1660 4932 διὰ
1685 4874 1781 4931 τοῦ
1792 4874 1970 4931 ’Πνεῦο

393 4961 584 5015 ματος.
617 4945 719 5015 Alii
745 4958 980 5013 quatuor
1006 4945 1135 5000 mss.
1160 4948 1311 5002 ὅτι...
1351 4949 1536 5003 εἰκόνα
1555 4964 1568 4978 ’
1600 4949 1759 5003 τοῦτο
1799 4947 1855 5000 δὲ
1879 4948 1968 5002 διά

388 5014 485 5068 τοῦ
532 5014 857 5087 ,Πνεῦματος
885 5016 1164 5087 γινόμενα,
1196 5020 1273 5071 sic
1306 5026 1362 5069 ut
1409 5019 1562 5078 illud.
1591 5018 1747 5072 τοῦτο
1774 5018 1851 5081 δέ,
1876 5021 1969 5071 ad-

390 5086 704 5139 verhialiter
729 5086 1020 5153 sumptum
1045 5103 1167 5142 esse
1211 5088 1476 5151 videatur,
1509 5090 1669 5142 simul
1719 5104 1814 5156 per
1842 5087 1965 5152 Spi-

391 5159 549 5209 ritum
576 5157 739 5225 [ασια.
770 5157 877 5210 Alii
903 5157 1009 5211 dtto
1039 5173 1171 5212 mss.
1206 5159 1282 5211 uti
1320 5160 1372 5210 in
1414 5168 1673 5212 contextu
1711 5158 1813 5227 legi
1872 5174 1969 5228 po-

392 5235 514 5280 test.

463 5294 573 5366 (l8)
601 5296 742 5351 Editi
773 5304 827 5351 et
853 5296 1061 5365 aliquot
1092 5313 1225 5351 mss.
1260 5296 1479 5361 αὐτούς.
1513 5297 1692 5351 Codex
1724 5296 1880 5351 Colb.
1915 5307 1970 5352 et

391 5365 481 5418 alii
518 5370 623 5419 duo
652 5367 798 5431 Regii
825 5367 1074 5431 ἑαυτούς.
1106 5367 1307 5423 Ibidem
1338 5370 1467 5422 editi
1496 5368 1873 5422 ἀποκόπτωσι.
1902 5370 1970 5422 At

392 5384 481 5418 am
518 5384 623 5419 uno
652 5384 798 5471 negti
825 5384 887 5420 εα

392 5451 524 5506 mss.
549 5436 887 5506 ἀποκόψωσι.

463 5505 963 5578 (19)Εᾴἰιίί”Αθλια
1015 5508 1149 5578 γάρ·
1211 5507 1356 5561 Libri
1396 5518 1608 5562 veteres
1646 5507 1842 5561 Ἀθλια
1870 5507 1968 5577 μὲν

393 5573 757 5697 γάρὲιὺίιίεω
784 5579 915 5632 editi
945 5573 1040 5631 καῖ
1068 5573 1161 5631 τόῦ
1196 5579 1325 5653 δημ.
1354 5578 1580 5633 Codices
1613 5589 1723 5633 tres
1748 5578 1841 5631 καὶ
1869 5573 1969 5648 τῆς

394 5659 488 5696 του
548 5660 647 5697 ην..
680 5678 687 5683 -

394 5659 488 5696 του
515 5659 579 5712 οη
589 5660 647 5712 μ.
680 5678 687 5683 -

467 5662 789 5784 (Ξῗῧιὲοᾱοι
845 5732 983 5773 unus
1016 5727 1071 5774 ct
1104 5719 1235 5776 editi
1267 5719 1391 5783 περὶ
1426 5718 1560 5773 Θεοῦ
1604 5718 1697 5773 τοῦ
1733 5720 1963 5781 γυμνήν.

2063 3052 2438 3122 πρωτότυπον,
2473 3052 2699 3106 ἀνέλαῦε
2733 3051 2827 3107 τοῦ
2859 3053 3266 3126 τεθεωρημένον
3287 3056 3399 3126 (24)
3426 3058 3521 3111 τὸν
3554 3061 3649 3111 τύ.

2063 3160 2184 3208 πον,
2217 3145 2728 3216 ὲναπεσφραγίσατο
2768 3143 2956 3198 τοῦτον
2987 3150 3052 3216 τῇ
3079 3146 3198 3219 ὕλῃ.
3224 3150 3289 3201 Εἰ
3340 3149 3400 3202 δὲ
3431 3150 3649 3221 ἀνθρὼ-

2063 3250 2187 3297 ποις
2224 3234 2322 3304 οὐχ
2372 3231 2482 3287 οἷόν
2519 3252 2580 3288 τε
2629 3236 2765 3305 πρὸς
2810 3238 3068 3307 ὁμοίωσιν
3123 3238 3511 3309 έκτυπωθῆναι
3544 3238 3649 3304 τὰς

2063 3326 2213 3391 ὕλας,
2243 3329 2291 3379 εἰ
2324 3328 2397 3398 μὴ
2422 3328 2523 3398 τῆς
2566 3328 2722 3392 ἰδέας,
2745 3330 2925 3383 αὐτῶν
2954 3330 3341 3401 μεταλάϐοιεν·
3370 3332 3492 3395 πῶς
3526 3334 3650 3403 Θεῷ

2063 3420 2197 3488 πρὸς
2220 3420 2477 3489 ὁμοίωσιν
2509 3420 2742 3490 ἀναϐαίη
2763 3421 2877 3490 (25)
2904 3421 2966 3474 τὸ
2996 3422 3220 3493 κτίσμα,
3255 3423 3331 3493 μὴ
3367 3423 3650 3493 μεταλαμ-

2063 3511 2221 3564 ϐάνον
2251 3510 2394 3564 Θείου
2425 3512 2806 3584 χαρακτῆρος;
2837 3514 2990 3578 Θεῖος
3012 3514 3070 3567 δὲ
3098 3516 3383 3587 χαρακτὴρ
3415 3517 3515 3587 οὐχ
3536 3512 3649 3578 οἷος

2062 3604 2089 3657 ὁ
2128 3602 2486 3674 ἀνθρώπινος,
2522 3605 2657 3660 ἀλλὰ
2686 3606 2793 3670 ζῶν
2815 3623 2828 3636 ο
2873 3609 2968 3661 καὶ
2993 3607 3162 3670 ὅντως
3194 3606 3269 3659 ὣν
3303 3605 3468 3660 εἰκὼν
3501 3609 3649 3660 sisto-

2063 3697 2293 3763 νοποιὸς,
2324 3693 2390 3771 ἧς
2422 3698 2597 3754 πάντα
2622 3699 2729 3769 (26)
2759 3699 2828 3752 τὰ
2876 3700 3212 3771 μετασχόντα
3263 3699 3473 3763 εἰκόνες
3513 3699 3649 3754 καθε-

2065 3789 2309 3844 ίστανται
2354 3790 2509 3848 Θεοῦ.
2537 3791 2714 3846 Εἰκὼν
2755 3793 2855 3864 μὲν
2884 3792 3020 3847 Θεοῦ
3063 3794 3317 3865 Χριστὸς,
3350 3794 3461 3859 ὀς
3485 3794 3643 3857 ἐστι,

2062 3883 2245 3953 φησὶν,
2271 3884 2447 3937 εἰκὼν
2469 3885 2575 3939 τοῦ
2605 3885 2751 3939 Θεοῦ
2774 3886 2880 3940 τοῦ
2907 3885 3163 3954 ἀοράτου
3183 3903 3196 3917 ·
3242 3886 3409 3940 εἰκὼν
3432 3885 3489 3939 δὲ
3512 3885 3644 3938 Υἰοῦ

2062 3975 2124 4027 τὸ
2151 3974 2396 4045 Πνεῦμα,
2422 3977 2517 4028 καὶ
2543 3979 2590 4029 οἰ
2619 3976 2808 4032 τούτου
2837 3978 3345 4047 μεταλαμᾶὶνοντες
3373 3978 3478 4029 υἰοὶ
3505 3977 3648 4046 σύμ-

2066 4082 2285 4137 μορφοι,
2302 4067 2442 4121 κατά
2468 4068 2529 4121 τὸ
2549 4071 2955 4142 γεγραμμένον,
2989 4072 3071 4124 ὃτι
3091 4070 3208 4137 Οὓς
3230 4070 3503 4139 προέγνω
3529 4072 3644 4139 (27)

2061 4159 2160 4212 καί
2192 4160 2482 4228 προώρισε
2508 4165 2922 4231 συμμόρφους,
2952 4164 3105 4233 φησὶ,
3134 4162 3246 4231 τῆς
3273 4165 3512 4228 εἰκόνος
3540 4163 3648 4217 τοῦ
3686 4226 3705 4247 ο

2072 4250 2207 4303 Υἱοῦ
2236 4252 2445 4315 αὑτοῦ,
2483 4255 2571 4319 εἰς
2613 4254 2679 4307 τὸ
2724 4255 2877 4309 εἶναι
2920 4257 3108 4309 αὐτὸν
3147 4256 3528 4323 πρωτότοκον
3577 4255 3649 4307 ἐν

1994 4321 2039 4376 D
2067 4342 2321 4410 πολλοῖς
2350 4342 2648 4413 ἀδελφοῖς.

2075 4526 2180 4580 Alii
2204 4528 2444 4598 quinque
2482 4541 2616 4598 mss.
2650 4542 2781 4598 περι
2812 4524 2968 4598 Θεοῦ,
2999 4524 3084 4598 τὸ,
3112 4527 3347 4597 γυμνήν.
3388 4524 3497 4598 Hoc
3530 4525 3648 4593 ipso

2074 4599 2128 4649 in
2148 4597 2270 4718 {loco
2303 4596 2434 4651 editi
2467 4597 2563 4649 καὶ
2582 4595 2792 4667 ὥσπερ.
2831 4596 3008 4651 Nostri
3039 4595 3243 4665 septem
3284 4595 3413 4649 mss.
3452 4595 3649 4665 ὥσπερ

2074 4684 2140 4718 κα
2169 4704 2183 4718 .

2072 4684 2183 4720 και.

2142 4736 2257 4805 (91)
2296 4735 2427 4806 Reg.
2460 4736 2654 4789 tertius
2691 4734 2916 4788 Πάντων
2945 4734 3003 4787 δὲ
3030 4737 3087 4806 ἡ.

2076 4827 2109 4846 ι·
2144 4803 2259 4873 (22)
2311 4805 2461 4874 Regii
2516 4808 2786 4860 secundus
2846 4816 2900 4859 et
2960 4803 3149 4877 tertius
3183 4803 3315 4875 ὕλην
3359 4806 3647 4877 εἰληφέναι

2075 4877 2425 4947 μετέσχηκε·
2474 4890 2638 4947 quam
2689 4877 3013 4947 scripturam
3032 4875 3393 4947 claranresse
3429 4875 3645 4944 etper-

2072 4944 2313 5015 Spicuam'
2346 4944 2705 5016 Combelisius
2732 4945 2984 5000 atﬁrmat.
3019 4944 3196 4998 Codex
3228 4944 3382 5016 Colb.
3409 4959 3465 5002 et
3508 4948 3647 5016 Reg.

2071 5018 2296 5085 quintus
2341 5030 2463 5068 cum
2525 5015 2687 5085 editis
2716 5026 2775 5067 ut
2833 5016 2884 5067 in
2917 5024 3197 5069 contextu.
3248 5015 3453 5072 Ibidem
3511 5015 3646 5072 mss.

2071 5086 2311 5139 nonnulli
2349 5084 2695 5154 χαρακτῆρος
2733 5085 2965 5139 ἐκείνου.

2142 5156 2256 5225 (25)
2291 5153 2654 5227 Antiquian
2695 5156 2815 5208 libri
2852 5165 2905 5209 et
2954 5153 3082 5207 editi
3133 5154 3317 5226 χειρός
3342 5157 3649 5227 ἐνα-πόμα-

2070 5223 2217 5296 γμαο
2250 5223 2853 5296 quodeitiosumJesse
2892 5223 3288 5296 et_meudosnm
3315 5230 3452 5280 satis
3479 5223 3647 5294 pater.

2069 5292 2468 5351 C'odex'Colb.
2515 5304 2572 5347 et
2634 5293 2739 5347 alii-
2772 5296 2878 5347 duo
2938 5292 3090 5364 Regii
3142 5292 3651 5367 ὲναπομαχθέντος,

2071 5376 2239 5419 recte.

2144 5434 2254 5505 (‘24)
2287 5434 2416 5503 Reg.
2452 5443 2673 5506 quartus
2700 5432 2794 5487 τοῦ
2818 5432 3361 5506 προτεθεωρημένου.

2143 5506 2257 5569 (‘25)
2284 5506 2433 5577 tcum
2461 5505 2668 5577 ἀναϐῇ.
2702 5506 2929 5577 Attnss.
2965 5515 3073 5557 tres
3102 5505 3359 5577 ἀναϐαίη.

2143 5576 2254 5648 (26)
2283 5575 2423 5648 Ειιίιί
2522 5570 3160 5648 πάνταεΝοειτίερριεηι
3192 5570 3448 5648 ιιιεε.’ἧς.

2143 5642 2253 5718 (27)
2282 5646 2412 5717 Reg.
2445 5642 2636 5701 t'crtius
2669 5642 2776 5708 Οὓς
2810 5644 3146 5716 προεννωκε.
