3956 6216
355 327 466 387 ’ΖΞῦ

1459 330 1837 389 ADVERSUS
1875 331 2254 392 EUNOMIUM
2295 332 2422 389 LIB.
2467 335 2532 391 V.

3522 336 3627 392 726

393 453 494 503 Οτι
550 448 620 502 τὸ
670 444 843 517 ἄτιον
887 444 1131 522 Πνεῦμα
1185 448 1259 502 οὺ
1318 445 1519 517 κτῆμα
1580 448 1750 513 Θεοῦ,
1806 447 1950 503 οὐδὲ

2065 449 2217 515 Quod
2276 450 2514 518 Spiritus
2553 461 2767 505 sanctus
2823 468 2926 504 non
2969 452 3036 505 sit
3074 450 3173 506 Dei
3224 452 3483 522 possessio
3534 469 3628 508 nec

1029 518 1273 588 κτίσμα.

433 609 557 672 Πῶς
582 601 677 663 οῦν
707 608 770 662 τὸ
807 609 1032 681 Πνεῦμα
1079 612 1536 683 συμμαρτυρήσει
1566 610 1645 682 τῷ
1674 610 1944 682 πνεύματί

365 718 480 765 σου,
512 700 653 755 κατὰ
676 701 766 754 τὸν
799 700 1141 766 Ἀπόστολον,
1159 701 1241 753 ὅτι
1266 701 1394 764 Υἱὸς
1416 697 1468 755 εἴ
1482 699 1576 754 τοῦ
1602 701 1758 760 Θεοῦ.
1787 701 1945 773 εἴπερ

364 793 496 847 αὐτὸ
522 793 622 863 τῆς
650 791 743 845 τοῦ
774 792 903 846 Υίοῦ
930 791 1088 862 δόξης
1117 793 1426 865 ἀλλότριον;
1467 794 1593 858 Πῶς
1623 795 1681 847 ὲν
1711 794 1793 847 σοὶ
1817 793 1945 866 βοή-

366 902 537 949 σεται,
582 883 745 938 Ἀϐϐᾱ
786 886 819 937 ό
848 883 1070 953 Πατὴρ,
1112 885 1160 937 εἰ
1193 884 1268 957 μὴ
1296 886 1579 956 μετάδοσίς
1607 887 1753 939 ἐστιν
1777 885 1946 949 ὅντως

364 975 424 1043 ἐξ
456 975 625 1041 Υίοῦ;
659 976 721 1028 οὐ
767 976 952 1046 κτῆμα
995 974 1182 1039 αὑτοῦ,
1211 977 1339 1049 παρ’
1369 976 1533 1031 αὐτοῦ
1573 977 1944 1048 πεμπόμενον,

367 1066 557 1139 ὥσπερ
598 1067 659 1121 rb
698 1066 918 1137 πνεῦμα
963 1066 1024 1120 τὸ
1061 1066 1423 1137 ἀνθρώπινον,
1471 1069 1504 1139 ἢ
1540 1070 1602 1122 τὸ
1638 1067 1856 1138 πνεῦμα
1888 1067 1948 1121 τὸ

368 1158 672 1227 ἀνεμιαῖον,
718 1156 859 1227 ἆπερ
897 1154 1121 1211 εἰώθασι
1159 1157 1339 1226 λέγειν
1364 1160 1411 1211 οἱ
1440 1158 1501 1211 τὸ
1533 1157 1757 1229 Πνεῦμα
1781 1156 1945 1229 χωρί-

369 1246 551 1312 ζοντες
589 1248 711 1301 ἀπὸ.
742 1248 1015 1321 θεότητος,
1060 1249 1198 1304 ἀλλὰ
1240 1249 1373 1303 Θεοῦ
1414 1251 1507 1305 καὶ
1550 1250 1680 1304 Υίοῦ
1726 1250 1950 1320 Πνεῦμα

369 1340 536 1395 ἀΐδιον
562 1339 695 1407 (28),
724 1342 780 1394 ὲν
825 1344 896 1412 τῇ
933 1341 1055 1413 Θείᾳ
1088 1341 1214 1415 δόξῃ
1240 1343 1530 1413 τυγχάνον,
1562 1343 1659 1396 καὶ
1685 1341 1947 1413 γνωριζό-

374 1448 552 1502 μενον.
585 1432 661 1485 Οὐ
695 1432 804 1503 γὰρ
835 1432 895 1485 τὸ
937 1432 1153 1503 πνεῦμα
1198 1433 1258 1485 τὸ
1298 1434 1389 1486 σὸν
1426 1434 1689 1505 Χριστός·
1736 1434 1856 1486 οὐδὲ
1890 1433 1949 1486 τὸ

372 1524 588 1595 πνεῦμα
615 1524 706 1580 τοῦ
734 1525 937 1595 ἀνέμου
969 1526 1174 1597 Κύριος
1195 1543 1209 1557 ·
1233 1526 1354 1579 οὐδὲ
1380 1526 1441 1579 τὸ
1474 1524 1691 1596 πνεῦμα
1720 1526 1781 1581 τὸ
1813 1526 1951 1583 ἀκά-

373 1615 567 1687 θαρτον
596 1615 803 1687 (ἐπειδὴ
848 1616 942 1670 καὶ
970 1617 1128 1670 τοῦτο
1155 1617 1462 1689 ἐτόλμησαν
1498 1620 1844 1688 παραγαγεῖν
1872 1634 1951 1670 τι-

373 1713 519 1775 νες)’
561 1706 623 1759 τὸ
652 1707 709 1760 δὲ
758 1707 983 1778 Πνεῦμα
1015 1709 1076 1761 τὸ
1125 1708 1280 1776 ἅγιον
1327 1708 1563 1780 Χριστὸς
1607 1709 1699 1762 καὶ
1746 1708 1950 1779 Κύριος

373 1796 717 1869 ὀνομάζεται,
760 1799 1009 1867 λέγοντος
1052 1800 1151 1869 μὲν
1190 1799 1283 1853 τοῦ
1328 1799 1652 1852 Ἀποστόλου
1684 1799 1953 1871 (καθάπερ

374 1888 575 1959 ἀρτίως
604 1887 997 1959 ἐμνήσθημεν),
1027 1890 1095 1940 El
1117 1887 1186 1941 δέ
1211 1906 1300 1954 τις
1327 1889 1569 1957 Πνεῦμα
1594 1889 1812 1957 Κυρίου
1841 1891 1953 1943 οὐκ

376 1982 520 2048 ἔχει,
559 1976 734 2046 οὗτος
773 1983 885 2034 οὐκ
923 1981 1094 2034 ἐστιν
1133 1980 1350 2034 αὐτοῦ’
1388 1983 1441 2034 εὶ
1480 1980 1549 2033 δὲ
1587 1980 1841 2047 Χριστὸς
1884 1981 1954 2033 ἐν

375 2072 550 2141 ὺμῖν’
598 2072 695 2144 τὴν
734 2072 827 2125 τοῦ
874 2070 1193 2141 Πνεύματος
1238 2072 1511 2141 ἐνοίκησιν
1565 2073 1954 2142 ἀποφαίνοντος

376 2163 647 2234 Χριστοῦ·
707 2163 955 2232 λέγοντος
1013 2162 1070 2215 δὲ
1132 2163 1333 2217 πάλιν
1399 2163 1451 2216 '0
1509 2163 1578 2216 δὲ
1625 2166 1840 2233 Κύριος
1884 2165 1953 2216 τὸ

376 2254 618 2325 Πνεῦμά
643 2256 840 2309 ἐστιν’
872 2252 942 2312 οὗ
970 2255 1039 2309 δὲ
1073 2256 1141 2309 τὸ
1172 2256 1413 2325 Πνεῦμα
1443 2258 1683 2325 Κυρίου,
1718 2257 1954 2312 ἐλευθε-

368 2348 496 2417 ρία.
551 2346 713 2397 Ὥστε
762 2345 824 2399 τὸ
868 2346 1075 2417 Κυρίου
1114 2344 1361 2416 Πνεῦμα,
1415 2344 1653 2418 Κύριος·
1699 2347 1801 2398 οὐκ
1847 2346 1955 2417 ἄρα

376 2438 562 2508 κτῆμα
602 2434 636 2505 ἢ
685 2436 889 2508 κτίσμα
931 2436 1159 2507 Κυρίου,
1204 2436 1321 2491 ἀλλ’
1348 2436 1534 2503 είκὼν,
1572 2435 1649 2502 ὡς
1691 2439 1953 2510 προείρη-

376 2546 466 2583 ται
496 2528 629 2599 (29).

381 2623 502 2675 Ὅτι
537 2620 715 2676 εἰκὼν
740 2620 976 2690 ἀληθὴς
1004 2620 1104 2673 καί
1146 2618 1376 2689 φυσικὴ
1422 2619 1569 2674 Θεοῦ
1598 2620 1696 2675 καὶ
1733 2621 1955 2689 Κυρίου

977 2691 1043 2745 τὸ
1092 2691 1355 2759 Πνεῦμα.

449 2782 558 2847 Καὶ
589 2781 752 2836 εἰκὼν
777 2781 1014 2854 ἀληθής·
1050 2782 1151 2834 οὐκ
1183 2780 1242 2845 ἐξ
1274 2781 1478 2845 εἰκόνος
1505 2780 1673 2846 θείας,
1708 2780 1955 2852 καθάπερ

378 2876 560 2943 ἡμεῖς.
590 2873 691 2927 Διὰ
721 2873 878 2929 τοῦτο
909 2874 1016 2944 γὰρ
1046 2872 1369 2941 ὲξεικονίζον
1414 2873 1513 2926 οὐκ
1550 2870 1952 2938 ὲξεικονίζεται,

381 2967 474 3029 καὶ
502 2966 563 3018 τὸ
595 2965 801 3037 χρίσμα
843 2966 903 3018 οὐ
931 2965 1164 3041 χρίεται.
1193 2964 1418 3033 Χρίσμα
1444 2963 1499 3017 δὲ
1524 2963 1583 3016 τὸ
1612 2962 1836 3033 Πνεῦμα
1868 2963 1953 3031 ἐφ’

380 3057 624 3130 ήμῖν,ὼς
651 3057 903 3130 Ἰωάννης
925 3056 1349 3127 λέγει(50).Καὶ
1383 3056 1435 3108 τί
1458 3051 1632 3118 εἷπον,
1675 3056 1759 3125 ἐφ’
1782 3057 1951 3125 ήμῖν;

2708 531 2974 575 creatura.

2121 613 2409 681 Quomodo
2453 610 2638 681 igitur,
2675 613 2966 666 secundum
3000 611 3351 681 Apostolum,
3392 612 3629 681 Spiritus

2049 708 2264 778 spiritui
2305 714 2399 759 tuo
2432 703 2799 758 testimonium
2829 704 3016 758 reddet
3037 707 3180 773 quod
3206 704 3374 760 Filius
3405 706 3496 760 Dei
3525 708 3626 770 sis,

2052 803 2103 856 si
2138 800 2256 870 ipse
2284 812 2320 854 a
2343 796 2514 866 gloria
2544 794 2664 850 Filii
2696 796 2908 850 alienus
2929 796 3049 851 est?
3072 796 3352 862 Quomodo
3375 797 3628 852 clamabit

2048 895 2100 947 in
2143 901 2219 957 te,
2255 886 2696 952 Abba,Pater",
2726 888 2826 942 nisi
2876 903 3007 942 vere
3056 890 3128 942 sit
3171 888 3516 957 participatio
3559 902 3629 942 ex

2051 985 2214 1050 Filio,
2246 999 2354 1039 non
2387 980 2508 1051 ejus
2546 980 2856 1051 possessio,
2896 995 3016 1050 qua:
3049 979 3118 1035 ab
3166 982 3285 1051 ipso
3325 981 3625 1046 emittatur,

2060 1077 2209 1133 velut
2236 1076 2468 1147 spiritus
2490 1074 2779 1136 humanus,
2803 1084 2894 1126 aut
2920 1072 3142 1143 spiritus
3170 1072 3339 1139 venti,
3368 1080 3428 1127 ut
3448 1072 3628 1127 dicere

2054 1169 2239 1223 solent
2272 1168 2366 1237 qui
2397 1185 2431 1222 ιι
2470 1166 2671 1220 deitate
2706 1163 2970 1234 Spiritum
2999 1174 3271 1233 separant,
3312 1164 3406 1218 sed
3444 1164 3534 1219 Dei
3566 1178 3629 1218 ac

2057 1259 2180 1314 Filii
2212 1260 2454 1333 Spiritus
2487 1258 2871 1326 sempiternus,
2902 1256 2957 1311 in
3001 1257 3180 1310 divina
3216 1254 3497 1325 majestate
3531 1244 3627 1308 es-

2053 1351 2276 1419 sistens,
2336 1366 2402 1406 ac
2452 1349 2726 1419 mgnitus.
2783 1347 2899 1402 Non
2951 1346 3093 1401 enim
3136 1347 3355 1412 spiritus
3392 1354 3514 1400 tuus
3545 1353 3630 1399 est

2049 1443 2319 1508 Christus,
2353 1457 2535 1515 neque
2564 1440 2710 1495 venti
2741 1440 2967 1510 spiritus
3001 1440 3261 1494 Dominus
3300 1448 3384 1493 est
3410 1477 3425 1503 ,
3453 1451 3629 1507 neque

2051 1537 2273 1607 Spiritus
2327 1531 2638 1589 immundus
2685 1529 2832 1599 (nam
2868 1530 2972 1584 hoc
3018 1528 3182 1583 etiam
3221 1527 3460 1582 nonnulli
3507 1528 3622 1582 ausi

2053 1639 2180 1686 sunt
2240 1629 2297 1682 in
2360 1626 2603 1681 medium
2667 1621 2933 1691 proferre)
2974 1637 2989 1674 :
3029 1629 3084 1674 at
3136 1619 3366 1689 Spiritus
3410 1628 3629 1675 sanctus

2054 1723 2305 1779 Christus
2334 1727 2390 1773 et
2438 1717 2705 1775 Dominus
2753 1713 3082 1767 nominatur.
3123 1711 3362 1780 Quippe,
3391 1718 3450 1764 ut
3473 1712 3629 1764 modo

1984 1794 2026 1849 Β
2056 1810 2492 1867 commonuimus
2515 1850 2530 1874 ,
2571 1808 2653 1860 ait
2688 1804 2978 1872 Apostolus
3017 1820 3031 1857 :
3079 1802 3138 1858 Si
3172 1802 3286 1871 quis
3315 1812 3485 1855 autem
3515 1801 3631 1868 Spi-

2054 1905 2216 1957 ritum
2247 1900 2463 1955 Domini
2497 1915 2600 1952 non
2646 1895 2801 1949 habet
2826 1934 2842 1960 ,
2870 1894 2954 1947 hic
2996 1910 3100 1948 non
3127 1905 3205 1947 est
3241 1892 3397 1962 ejus:
3424 1893 3468 1945 si
3510 1907 3629 1946 vero

2054 1990 2297 2044 Christus
2328 1989 2381 2041 in
2410 1987 2551 2042 vobis
2594 1996 2669 2040 est
2709 1984 2755 2016 ”
2787 2002 2803 2038 :
2843 1982 3039 2051 quibus
3064 1982 3246 2037 verbis
3284 1980 3518 2051 Spiritus
3548 1982 3629 2034 in-

2053 2080 2450 2136 habitationem
2491 2076 2690 2133 Christi
2726 2088 2851 2130 esse
2888 2072 3335 2127 inbahitationem
3364 2072 3627 2135 aﬂirmat;

2056 2184 2245 2225 rursus
2278 2182 2408 2223 vero
2440 2166 2603 2221 dicit:
2635 2163 2898 2225 Dominus
2930 2172 3103 2217 autem
3133 2161 3364 2230 Spiritus
3403 2172 3511 2216 est:
3542 2161 3631 2214 ubi

2053 2278 2174 2317 vero
2203 2260 2434 2328 Spiritus
2464 2258 2709 2320 Domini,
2743 2255 2820 2310 ibi
2839 2254 3052 2308 libertas
3086 2253 3151 2305 “.
3186 2252 3364 2319 Quare
3397 2252 3631 2322 Spiritus

2058 2354 2290 2417 Domini,
2313 2351 2573 2408 Dominus
2596 2360 2678 2406 est
2698 2369 2713 2405 :
2739 2365 2853 2412 non
2875 2346 3037 2415 igitur
3059 2346 3350 2414 possessio,
3368 2353 3462 2398 aut
3484 2359 3633 2398 crea-

2058 2457 2176 2501 tura
2206 2443 2443 2508 Domini,
2467 2443 2561 2497 sed
2590 2441 2790 2510 imago,
2824 2450 3076 2494 uttsuura
3100 2437 3301 2491 dictum
3333 2444 3437 2490 est.

2058 2624 2211 2691 Quod
2234 2625 2412 2694 imago
2442 2638 2564 2677 uera
2588 2634 2635 2677 et
2665 2621 2926 2742 naturalis
2954 2615 3052 2670 Dei
3078 2627 3126 2669 et
3164 2615 3375 2670 Domini
3399 2614 3632 2685 Spiritus

2821 2707 2875 2742 es
2904 2729 2920 2742 .

2821 2707 2920 2745 est.

2128 2788 2191 2842 Et
2229 2794 2315 2842 est
2350 2787 2528 2853 imago
2559 2797 2720 2845 vera,
2767 2796 2874 2835 non
2906 2795 2973 2834 ex
3015 2776 3247 2844 imagine
3283 2777 3461 2833 divina
3491 2778 3632 2833 sicut

2062 2893 2186 2934 nos.
2217 2876 2350 2931 Nam
2377 2874 2636 2944 quoniam
2667 2873 2782 2940 ipse
2812 2870 3102 2940 imaginem
3124 2868 3402 2939 exprimit,
3430 2868 3632 2924 idcirco

2063 2971 2130 3024 ab
2157 2968 2392 3039 imagine
2419 2981 2526 3022 non
2561 2963 2916 3034 exprimitur:
2941 2972 2994 3017 et
3022 2963 3275 3031 quoniam
3301 2969 3630 3032 unguentum

2056 3072 2176 3129 est,
2217 3062 2421 3117 idcirco
2453 3074 2561 3114 non
2616 3059 2855 3127 ungitur.
2909 3056 3140 3126 Spiritus
3183 3066 3361 3109 autem
3387 3095 3404 3121 ,
3453 3064 3513 3109 ut
3555 3054 3633 3108 ait

385 3152 524 3222 Ἤδη
557 3152 663 3222 γὰρ
688 3152 782 3204 καὶ
828 3153 883 3203 ὲν
916 3149 1064 3221 αὐτῷ
1096 3148 1173 3220 τῷ
1207 3147 1397 3219 Κυρίῳ
1426 3146 1564 3201 κατὰ
1610 3146 1707 3217 τὴν
1754 3147 1951 3217 σάρκα.

2065 3155 2295 3211 Joannes
2323 3153 2392 3219 ³’,
2431 3159 2762 3221 unguentum
2804 3150 2860 3203 in
2901 3149 3056 3203 nobis
3093 3154 3195 3202 est.
3229 3146 3291 3201 Et
3320 3147 3446 3214 quid
3483 3147 3630 3209 dixi,

395 3242 656 3306 Ἰησοῦν,
685 3241 837 3313 φησὶ,
861 3239 967 3293 τὸν
998 3242 1114 3295 ἀπὸ
1148 3238 1429 3310 Ναζαρὲτ,
1461 3240 1542 3305 ὡς
1573 3238 1818 3308 ἔχρισεν
1849 3239 1957 3291 αὺ-

380 3333 490 3389 τὸν
525 3336 558 3388 d
590 3334 735 3402 Θεὸς
764 3337 1060 3404 Πνεύματι
1088 3334 1236 3403 ἁγίῳ
1280 3334 1377 3387 καὶ
1411 3332 1679 3401 δυνάμει.
1718 3331 1953 3402 Χριστὸς

382 3425 493 3495 ἄρα
523 3426 609 3480 διὰ
638 3426 699 3480 τὸ
738 3427 965 3498 Πνεῦμα
996 3426 1092 3480 καὶ
1122 3425 1221 3496 τὴν
1249 3425 1427 3497 χρίσιν
1455 3424 1554 3496 τὴν
1584 3426 1640 3477 ὲν
1671 3421 1748 3494 τῷ
1780 3420 1952 3475 Πνεῦ-

386 3534 535 3588 ματι.
567 3518 641 3571 Οὐ
668 3517 732 3589 δὴ
777 3514 870 3572 οὖν
906 3517 995 3571 διὰ
1035 3515 1129 3573 τοῦ
1174 3516 1454 3588 ἀλλοτρίου
1496 3516 1596 3588 τῆς
1638 3514 1954 3586 θεότητοςὴ

382 3609 477 3661 τοῦ
504 3609 708 3681 Κυρίου
733 3610 933 3680 χρίσις,
957 3609 1051 3663 καὶ
1074 3609 1135 3662 τὸ
1156 3609 1391 3680 Χριστὸς
1422 3607 1738 3681 ὄνομανκαὶ
1777 3607 1826 3659 oi
1861 3605 1955 3659 ἀπ’

382 3699 549 3753 αὑτοῦ
588 3679 910 3770 καλούμενοι
935 3679 1268 3771 Χριστιανοί.
1296 3698 1561 3769 Οίμώξειε
1584 3679 1692 3770 γάρ
1716 3714 1800 3760 τις
1828 3696 1960 3767 ἁλη-

384 3791 514 3856 θῶς,
554 3792 603 3843 εί
650 3792 744 3845 καὶ
774 3791 835 3844 τὸ
866 3791 1035 3862 ὄνομα
1059 3791 1161 3861 τῆς
1195 3791 1469 3861 σωτηρίας
1512 3790 1670 3861 ἡμῶν
1697 3789 1806 3844 ἀπὸ
1840 3788 1960 3842 κτί-

384 3898 523 3943 σεως
544 3879 792 3951 ἄρχεται,
817 3880 912 3933 καὶ
934 3879 1042 3934 ἀπὸ
1069 3878 1300 3942 κτίσεως
1324 3879 1643 3945 κατάγεται,
1678 3876 1772 3933 καὶ
1794 3875 1842 3927 εί
1874 3872 1961 3926 διὰ

382 3976 567 4029 δούλου
622 3979 720 4046 τὴν
778 3974 1050 4029 υἱοθεσίαν
1101 3972 1315 4044 ἔχομεν.
1362 3972 1555 4035 Κτίσις
1604 3971 1704 4042 οὐχ
1745 3967 1960 4036 ἁγιάζει

384 4070 581 4133 κτίσιν,
610 4069 725 4122 ἀλλ’
776 4069 882 4121 ὑπὸ
912 4066 1006 4121 τοῦ
1035 4065 1148 4137 (51)
1177 4066 1296 4128 ἑνὸς
1321 4063 1477 4132 ἁγίου
1513 4062 1581 4119 τὰ
1609 4063 1787 4116 πάντα
1811 4060 1964 4130 ἁγιά-

387 4158 557 4225 ζεται,
584 4158 677 4212 τοῦ
701 4158 951 4227 λέγοντος
974 4157 1102 4230 περὶ
1130 4155 1323 4213 ἑαυτοῦ
1342 4173 1353 4184 ·
1395 4152 1535 4227 Ἐγὼ
1562 4152 1774 4223 ἁγιάζω
1791 4152 1965 4224 ἐμαυ-

386 4249 510 4301 τόν.
556 4248 797 4318 Ἀγιάζει
831 4249 889 4301 δὲ
920 4249 1008 4303 διὰ
1029 4247 1125 4303 τοῦ
1169 4246 1510 4316 Πνεῦματος,
1535 4245 1611 4309 ὡς
1658 4244 1961 4317 προαποδέ·

386 4341 612 4395 δεικται.
654 4341 728 4394 Τὸ
761 4341 987 4412 Πνεῦμα.
1033 4340 1142 4412 ἄρα
1186 4340 1248 4392 οὐ
1281 4339 1479 4402 κτίσις,
1511 4337 1647 4392 ἀλλὰ
1684 4338 1785 4407 τῆς
1812 4336 1965 4405 ἁγιό-

386 4449 548 4500 τητος
596 4429 691 4484 τοῦ
736 4430 872 4484 Θεοῦ
925 4431 1230 4503 χαρακτὴρ,
1288 4433 1384 4484 καὶ
1430 4431 1582 4502 πηγὴ
1632 4433 1747 4493 τοῖς
1795 4432 1962 4483 πᾶσιν

389 4487 678 4593 ἁγιασμοῦ.
727 4523 814 4576 Ἐν
842 4487 1099 4593 nam
1140 4487 1235 4576 «£36
1274 4487 1589 4593 Πνεῦματος
1631 4487 1960 4592 ὲκληθημεν,
1994 4487 2038 4539 θ

384 4617 459 4678 ὼς
504 4617 532 4669 ὁ
577 4616 895 4679 Ἀπόστολος
937 4615 1197 4672 διδάσκει.
1247 4613 1419 4666 Τοῦτο
1459 4616 1491 4683 ἡ
1502 4615 1608 4683 μᾶς
1658 4614 1961 4676 άνακαινοῖ,

388 4709 479 4760 καὶ
513 4708 672 4761 πάλιν
700 4707 916 4769 εἰκόνας
944 4705 1286 4763 ἀναδείκνυσι
1315 4704 1474 4767 Θεοῦ,
1499 4706 1594 4758 καὶ
1618 4703 1707 4758 διὰ
1731 4703 1957 4774 λουτροῦ

383 4800 800 4870 παλιγγενεσίας
848 4800 944 4853 καὶ
987 4798 1404 4863 ἀνακαινώσεως
1448 4799 1760 4870 Πνεύματος
1806 4800 1963 4867 ἁγίου

451 5026 497 5057 ¹⁹
525 5025 705 5081 Galat.
744 5040 819 5088 tv,
851 5025 902 5078 6.
980 5024 1027 5057 ³⁸
1056 5024 1214 5078 Rom.
1252 5039 1344 5079 vttt
1368 5066 1383 5091 ,
1413 5024 1469 5089 9,
1504 5023 1590 5078 10.
1669 5023 1712 5055 ³¹
1741 5023 1780 5077 ll
1817 5022 1942 5077 Cor.

2065 5060 2073 5086 ,
2105 5019 2193 5074 17.
2271 5018 2315 5050 ³¹
2343 5017 2363 5071 l
2401 5015 2558 5075 Joan.
2595 5030 2659 5079 ιι,
2682 5011 2772 5068 20.
2868 5008 2914 5041 ³³
2945 5006 3070 5062 Act.
3104 5020 3137 5059 ς
3162 5044 3179 5071 ,
3205 5003 3300 5059 58.

386 5111 521 5158 πίνη,
557 5096 647 5151 19.
723 5096 768 5128 ⁸⁵
803 5096 844 5150 ll
861 5094 1055 5150 Thess.
1083 5110 1145 5158 tt,
1190 5093 1278 5148 12.

456 5208 568 5278 (‘28)
596 5206 818 5278 Veteres
843 5204 1238 5278 quinquelibri
1270 5201 1502 5278 Πνεῦμα
1530 5200 1724 5278 ἀξδιον.
1783 5197 1968 5253 Codex

382 5270 621 5335 Colbfet
656 5277 789 5349 Reg.
822 5270 1045 5345 quintus
1080 5274 1309 5345 Πνεῦμα
1360 5270 1513 5339 ἴδιον,
1553 5270 1785 5338 Spiritus
1844 5284 1969 5337 pro-

419 5365 555 5403 ιτιιιε.

382 5370 577 5489 prmi)
602 5415 758 5489 Illud,
789 5416 931 5489 ἀλλῖ
962 5414 1268 5489 εὶκὼτρᾒὼς
1301 5412 1665 5489 προείρηται,
1700 5424 1767 5489 ex_
1795 5407 1968 5489 tribus

385 5478 515 5544 mss.
539 5488 725 5554 Regiis
747 5478 1086 5540 addidimus.
1112 5478 1324 5539 Titullts
1342 5478 1560 5554 'ltic_est
1586 5478 1914 5554 _iu__vulgat_is
1946 5495 1962 5554 _:

384 5559 521 5627 Ὀτι
549 5546 712 5611 εἰκὼν
738 5555 945 5627 ἀληθὴς
971 5559 1087 5627 καὶ,
1109 5554 1314 5625 φυσικὴ
1348 5550 1483 5627 Θεοῦ
1513 5546 1874 5627 καί-Κριστοῦ
1897 5546 1963 5627 τὸ

385 5626 628 5697 Πνεῦμα.
689 5627 755 5680 Ει
802 5616 941 5695 ρόεἷ
975 5616 1188 5697 titulum
1247 5616 1536 5697 sequitur:
1592 5616 1962 5697 Ἀλλ’-ἱκανῶς

386 5689 817 5768 προσέιρήσεταί
836 5698 930 5750 καί⁸
948 5695 1110 5750 εἰκὼν
1141 5689 1368 5765 ἀληθής.
1391 5692 1609 5748 Veteres
1633 5689 1753 5744 libri
1777 5703 1962 5745 omnes

386 5766 457 5821 ita
491 5776 547 5822 ut
584 5767 866 5822 edidimus.

384 5766 457 5821 ita
491 5776 547 5822 ut
584 5766 866 5822 edidimus.

2059 3250 2118 3303 In
2144 3248 2336 3303 nobis?
2366 3246 2484 3300 Jam
2536 3246 2681 3301 enim
2731 3252 2786 3299 et
2817 3244 2869 3298 in
2904 3243 3021 3313 ipso
3056 3240 3283 3295 Domino
3328 3239 3626 3294 secundum

2061 3355 2306 3396 carnem.
2360 3338 2540 3393 Iesum
2596 3353 2629 3389 a
2686 3334 2957 3397 Νίκων-ει,
3023 3334 3196 3403 inquit
3227 3332 3314 3395 ³³,
3373 3332 3632 3400 quomodo

2062 3431 2215 3485 unxit
2245 3444 2363 3482 eum
2408 3424 2551 3481 Deus
2596 3424 2803 3492 Spiritu
2829 3430 3013 3476 sancto
3048 3430 3096 3474 et
3145 3420 3348 3473 virtute.
3383 3417 3633 3500 Christus

2063 3524 2227 3593 igitur
2254 3530 2338 3575 est
2363 3527 2586 3589 propter
2619 3516 2881 3586 Spiritum
2928 3523 2982 3568 et
3007 3521 3228 3582 prepter
3252 3526 3372 3564 eam
3417 3525 3536 3577 quae
3577 3509 3631 3562 in

2062 3615 2270 3685 Spiritu
2302 3612 2365 3667 ﬁt
2397 3611 2728 3666 unctionem.
2772 3606 2886 3662 Non
2929 3606 3092 3675 igitur
3138 3618 3236 3673 per
3264 3601 3555 3672 quidquam
3601 3616 3629 3652 a

2062 3707 2266 3762 deitate
2316 3704 2552 3758 alienum
2615 3700 2799 3754 unctio
2849 3697 3061 3752 Domini
3114 3704 3236 3760 est,
3291 3703 3386 3748 aut
3436 3707 3631 3748 nomen

2062 3797 2333 3861 Christus,
2373 3804 2466 3848 aut
2488 3792 2580 3863 qui
2608 3793 2673 3845 ab
2711 3791 2828 3861 ipso
2857 3786 3151 3845 Christiani
3181 3795 3465 3841 vocantur.
3494 3783 3634 3838 Vere

2061 3888 2207 3944 enim
2241 3884 2630 3955 deplorandum
2674 3890 2862 3946 esset,
2914 3879 2957 3932 si
3001 3880 3167 3932 etiam
3206 3875 3396 3931 salutis
3435 3884 3634 3929 nostrae

2062 3994 2259 4035 nomen
2291 3991 2321 4030 a
2351 3984 2605 4032 creatura
2635 3983 2874 4028 sumeret
2900 3971 3198 4041 originem,
3230 3980 3286 4025 et
3316 3984 3346 4023 a
3383 3976 3631 4023 creatura

2063 4072 2444 4132 deduceretur,
2473 4075 2526 4121 et
2556 4066 2601 4120 si
2642 4080 2738 4136 per
2772 4078 2987 4140 servum
3027 4061 3369 4132 adoptionem
3403 4060 3630 4115 habere-

2063 4175 2205 4215 mus.
2250 4157 2511 4214 Creatura
2551 4165 2860 4211 creaturam
2906 4168 3011 4207 non
3054 4151 3399 4206 sanctiﬁcat:
3440 4150 3533 4203 sed
3564 4150 3632 4203 ab

2064 4266 2171 4305 uno
2199 4260 2392 4305 sancto
2423 4248 2516 4318 qui
2548 4248 2616 4303 de
2651 4247 2831 4316 seipso
2877 4244 3010 4298 dicit
3044 4262 3057 4298 :
3094 4242 3207 4312 Ego
3238 4242 3507 4310 sanctiﬁco
3550 4256 3633 4294 me

2065 4342 2236 4410 ipsum
2267 4326 2336 4404 ",
2390 4337 2802 4394 sanetilicautur
2848 4335 3055 4390 omnia.
3113 4333 3274 4404 303
3322 4331 3634 4387 Sanctiﬁcat

2070 4443 2251 4485 autem
2281 4446 2377 4500 per
2411 4429 2694 4499 Spiritum,
2724 4430 2867 4482 sicut
2896 4436 3053 4480 antea
3074 4426 3501 4480 demonstratum
3526 4430 3628 4474 est.

2074 4522 2306 4592 Spiritus
2346 4536 2477 4591 ergo
2509 4530 2758 4574 creatura
2790 4534 2895 4572 non
2928 4526 3048 4580 est,
3078 4515 3171 4570 sed
3198 4514 3496 4569 sanctitatis
3540 4510 3631 4564 Dei

2064 4615 2371 4679 character,
2404 4621 2461 4665 et
2494 4610 2940 4667 sanctiﬁcationis
2980 4608 3100 4661 lous
3128 4604 3400 4661 omnibus.
3442 4602 3631 4656 Vocati

2068 4722 2279 4769 sumus,
2324 4715 2380 4761 ut
2413 4706 2569 4759 docet
2606 4702 2895 4773 Apostolus
2927 4701 2995 4763 ³⁵,
3028 4701 3080 4754 in
3126 4698 3359 4768 Spiritus
3393 4692 3632 4751 sanctiﬁ-

2078 4798 2313 4853 catione.
2346 4795 2445 4850 llic
2470 4809 2569 4849 nos
2594 4801 2836 4857 renovat,
2870 4806 2934 4845 ac
2969 4803 3155 4845 rursus
3182 4788 3442 4857 imagines
3474 4784 3634 4840 eﬂicit

3394 5002 3439 5036 "
3473 5001 3628 5059 Joan.

2141 5197 2253 5266 (50)
2286 5192 2599 5266 Verisimile
2630 5191 2764 5245 mihi
2799 5190 2891 5266 ﬁt,
2925 5189 3196 5266 respicere
3220 5186 3630 5266 scriptoremnad.

2067 5254 2180 5321 Iate‘c
2219 5254 2448 5321 .loannis
2482 5264 2646 5316 verba
2690 5277 2756 5315 ex
2798 5254 3035 5329 Epistula
3065 5260 3256 5329 prima,
3294 5254 3358 5320 tt,
3386 5254 3457 5309 20
3486 5272 3499 5307 :
3530 5254 3632 5311 Sed

2065 5354 2154 5390 vos
2184 5339 2479 5389 unctionem
2504 5332 2706 5386 habetis
2746 5348 2777 5384 a
2808 5329 3025 5385 Sancto.

2137 5407 2249 5473 (3i)
2290 5405 2429 5458 Editi
2455 5403 2565 5456 ἀπὸ
2592 5401 2685 5473 τοῦ
2716 5416 2729 5430 ·
2770 5416 2868 5468 pro
2896 5415 3003 5473 quo
3048 5400 3099 5453 in
3135 5414 3264 5452 mss.
3298 5396 3492 5473 legitur
3528 5393 3634 5448 ὑπὸ

2064 5470 2180 5530 τοῦ.
2210 5470 2324 5539 Illa,
2363 5473 2504 5542 Ἐγὼ
2525 5470 2738 5540 ἁγιάζω
2761 5470 3017 5541 ἐμαυτόν,
3042 5485 3165 5542 quae
3190 5470 3369 5542 statim
3397 5481 3633 5533 sequun—

2070 5557 2175 5608 tur,
2219 5539 2513 5599 desunt—in
2552 5539 2750 5596 nostris
2791 5539 2999 5605 septem
3050 5539 3326 5608 Codicibtts
3362 5550 3629 5608 :qunrum

2070 5603 2186 5670 loco
2225 5616 2277 5669 iu
2308 5616 2494 5668 iisdem
2524 5613 2719 5681 legitur
2744 5603 2917 5666 ειπεῖν
2949 5609 3120 5678 ἅγιος,
3146 5608 3228 5662 vel
3254 5603 3431 5681 εἶπεν
3456 5604 3629 5681 ἅγιος,

2067 5688 2199 5739 dixit
2228 5696 2437 5737 sanctus
2464 5699 2479 5735 :
2517 5677 2634 5749 qua,
2666 5683 2900 5737 varietas
2926 5681 3064 5735 unde
3095 5688 3215 5733 orta
3250 5679 3340 5746 sit,
3370 5677 3634 5743 expendet

2069 5758 2156 5815 ιιιιὶ
2192 5758 2290 5812 hoc
2316 5754 2445 5809 tanti
2477 5751 2702 5812 putabit.
