3956 6216
401 275 506 332 729

1497 263 1868 320 ADVERSUS
1909 260 2277 317 EUNOMIUM
2317 262 2446 318 LIB.
2493 265 2560 320 ν.

3550 262 3656 316 730

401 387 497 440 καὶ
525 400 664 437 κατα
690 381 788 454 τὴν
821 379 1130 452 ἐμφύσησιν
1158 381 1238 443 είς
1269 379 1360 432 τὸν
1399 379 1682 449 ἄνθρωπον
1717 378 1985 430 ἀπεσταλ-

2095 380 2214 430 dum
2247 378 2474 432 formam
2519 396 2546 431 a
2587 377 2817 432 Domino
2847 376 3202 446 corporaliter
3233 377 3510 441 traditam,
3536 393 3658 429 rur-

404 477 560 547 μένη,
607 476 702 528 καὶ
734 474 876 528 κατὰ
918 475 1008 526 τὸν
1040 472 1365 544 σωματικῶς
1400 473 1504 524 ὑπὸ
1531 471 1624 524 τοῦ
1656 471 1858 541 Κυρίου
1905 470 1984 523 δι-

399 567 660 637 δαχθέντα
684 567 853 618 τύπον
886 565 1020 636 (39),
1045 561 1201 628 αὖθις
1228 565 1318 618 ὑπ’
1344 563 1507 617 αύτοῦ
1536 563 1600 615 δι’
1622 565 1982 633 ὲμφυσήσεως

400 658 886 729 ἀποκαθισταμένη
908 674 920 688 ·
957 656 1269 728 συντρέχειν
1301 654 1410 726 γὰρ
1453 655 1533 708 δεῖ⁹
1573 657 1636 724 τῇ
1661 653 1779 707 κατ’
1808 653 1982 724 ἀρχὴν

400 751 677 819 καινότητι
709 749 819 820 (40)
853 750 951 820 τὴν
988 747 1082 800 νῦν
1112 746 1474 800 ἁνακαίνωσιν
1514 747 1608 798 καὶ
1631 745 1728 815 τὴν
1765 746 1983 816 συνδρο-

405 845 532 915 μήν.
579 841 945 907 Ἐξετύπωσεν
997 837 1090 892 οὖν
1129 840 1450 908 ὲμφυσήσας
1477 876 1491 900 ,
1544 838 1641 906 οὐχ
1693 836 1877 906 ’ἑτερος
1909 835 1984 888 ὢν

403 933 554 1004 παρὰ
581 933 671 988 τὸν
699 929 758 996 ἐξ
783 931 958 1000 ἀρχῆς
997 932 1410 1000 ἐμφυσήσαντα,
1446 927 1558 980 ἀλλ’
1586 927 1770 989 αὐτὸς,
1821 926 1888 977 δι’
1923 920 1984 980 οὗ

401 1024 534 1088 Θεὸς
565 1024 763 1076 δέδωκε
808 1023 908 1090 τὴν
939 1020 1266 1090 ἐμφύσησιν,
1309 1020 1428 1072 τότε
1476 1021 1572 1088 μὲν
1604 1018 1740 1088 μετὰ
1784 1017 1980 1087 ψυχῆς,

402 1115 498 1169 νῦν
529 1115 586 1168 δὲ
629 1117 708 1178 είς
739 1113 933 1184 ψυχήν.
972 1111 1128 1165 Ούτω
1154 1112 1474 1183 δημιουργεῖ
1500 1111 1650 1173 Θεὸς,
1679 1110 1738 1162 ού
1786 1108 1983 1178 χειρῶν

403 1209 614 1278 κινήσει
670 1203 1016 1276 σωματικῶν,
1077 1202 1190 1256 ἀλλ’
1239 1202 1485 1273 ἐνεργείᾳ
1548 1199 1746 1264 ζῶντος
1789 1200 1980 1268 Λόγου,

404 1303 499 1354 καὶ
528 1299 842 1370 Πνεύματος
877 1296 1155 1368 μεταδόσει
1202 1294 1486 1360 ζωοποιοῦ.
1524 1295 1586 1347 Εἰ
1621 1294 1684 1364 δὴ
1731 1294 1826 1347 καὶ
1863 1295 1983 1346 κατ’

405 1392 578 1464 ἀρχὴν
611 1393 669 1444 ὲν
695 1389 972 1459 Πνεύματι
1002 1389 1068 1442 τὰ
1094 1387 1270 1442 πάντα
1301 1387 1611 1457 πεποίηται,
1640 1386 1733 1438 καὶ
1761 1388 1987 1439 ἀνακαι-

403 1481 588 1536 νοῦται
623 1481 784 1534 πάλιν
831 1483 887 1534 ὲν
919 1480 1196 1552 Πνεύματι
1222 1495 1234 1508 ⁸
1276 1480 1370 1550 μία
1417 1479 1511 1532 καὶ
1541 1480 1573 1548 ἡ
1601 1477 1737 1548 αὐτὴ
1778 1494 1987 1548 προφα-

407 1575 511 1638 νῶς
553 1574 802 1645 ἐνέργεια
835 1573 970 1625 Θεοῦ
1017 1573 1082 1625 δι’
1115 1570 1244 1625 Υίοῦ
1293 1576 1348 1625 ὲν
1378 1571 1653 1642 Πνεύματι
1695 1570 1942 1638 φαίνεται
1967 1585 1980 1599 °

405 1665 500 1718 καὶ
551 1664 831 1734 χωρισμὸν
864 1665 897 1733 ἠ
925 1663 1093 1733 Τριὰς
1151 1662 1211 1714 ού
1263 1662 1635 1732 προσδέχεται.
1669 1660 1803 1713 ἀλλὰ
1845 1659 1984 1712 κατὰ

402 1755 498 1826 τὴν
530 1755 702 1825 ἀληθῆ
729 1754 822 1806 τοῦ
853 1753 1066 1806 Παύλου
1105 1752 1469 1806 διδασκαλίαν.
1521 1751 1848 1819 Διαιρέσεις
1886 1767 1990 1820 χα-

397 1845 710 1915 ρισμάτων
728 1845 866 1908 εἰσὶ,
907 1845 973 1896 τὸ
995 1843 1063 1896 δὲ
1085 1843 1231 1896 αὐτὸ
1260 1843 1521 1911 Πνεῦμαο
1552 1843 1646 1894 καὶ
1671 1843 1990 1909 διαιρέσεις

405 1936 724 1989 διακονιῶν
761 1937 900 1998 εἰσι,
941 1933 1040 1986 καὶ
1083 1935 1114 1986 ὀ
1144 1933 1326 1996 αὐτὸς
1354 1933 1570 1998 Κύριος
1592 1947 1606 1960 ·
1653 1931 1749 1984 καὶ
1774 1930 1962 1998 διαιρέ

405 2045 537 2092 σεις
560 2026 975 2096 ἐνεργημάτων
999 2025 1178 2088 εἰσὶν,
1206 2028 1238 2078 ὀ
1266 2024 1334 2076 δὲ
1360 2024 1540 2089 αὐτὸς
1571 2023 1734 2090 Θεὸς,
1773 2028 1806 2077 ὀ
1828 2025 1990 2091 ἐνερ-

408 2118 526 2188 γῶν
548 2120 620 2173 τὰ
644 2118 839 2172 πάντα
875 2118 946 2170 ἐν
973 2115 1143 2171 πᾶσι.
1194 2116 1304 2168 Καὶ
1357 2115 1533 2169 πάντα
1582 2114 1882 2181 καταλέξας
1922 2115 1992 2167 τὰ

405 2211 524 2262 Osi-1
553 2209 924 2280 ἐνεργήματα,
979 2207 1184 2262 Πάντα
1214 2205 1283 2259 δὲ
1329 2207 1537 2271 ταῦτα,
1579 2207 1733 2277 φησι,
1767 2206 1996 2276 ἐνεργεῖ

403 2300 470 2354 τὸ
497 2300 568 2354 ἐν
593 2303 689 2354 καὶ
722 2300 789 2353 τὸ
817 2300 963 2354 αὐτὸ
989 2299 1232 2368 Πνεῦμα
1253 2338 1268 2364 ,
1300 2298 1573 2368 διαιροῦν
1611 2299 1731 2366 ὶδιᾳ
1757 2297 1992 2364 ἑκάστῳ

405 2392 600 2458 καθὼς
625 2394 936 2458 βούλεται.

405 2486 528 2539 Ὅτι
565 2484 1086 2553 συνδοξαζόμενον
1127 2483 1248 2549 Θεῷ
1290 2482 1358 2537 τὸ
1404 2483 1648 2552 Πνεῦμα
1689 2482 1993 2536 δείκνυται

559 2557 644 2625 μὴ
674 2555 746 2608 ὃν
772 2556 1016 2623 ποίημα,
1053 2555 1214 2609 ἀλλὰ
1242 2555 1352 2622 τῆς
1381 2555 1544 2619 θείας
1573 2555 1831 2622 φύσεως.

477 2647 551 2701 Ού
579 2647 642 2718 δὴ
683 2646 792 2700 τῶν
821 2647 956 2699 Θεοῦ
989 2646 1485 2718 δημιουργημὰτων
1528 2646 1825 2712 ἐξουσιάζει
1851 2643 1991 2698 ’κτί-

409 2757 513 2805 σις,
544 2740 664 2793 οὐδὲ
695 2741 824 2810 περὶ
869 2739 1043 2793 ταῦτα
1078 2743 1320 2808 ἐνεργεῖ,
1353 2740 1466 2793 ἀλλ’
1491 2741 1652 2811 ἑτέρα
1699 2738 1794 2792 τοῦ
1827 2739 1990 2810 δημι-

405 2830 626 2903 ουργοῦ,
670 2832 765 2885 καὶ
809 2832 972 2902 ἑτέρα
1022 2831 1128 2884 τῶν
1172 2832 1668 2904 δημιουργημάτων
1708 2830 1986 2902 ήπρᾶξις.

411 2923 677 2991 Ἄγγελοι
710 2922 995 2989 θεωροῦσι
1037 2920 1103 2974 τὸ
1133 2923 1456 2989 πρόσωπον
1482 2921 1586 2974 τοῦ
1615 2920 1846 2988 Πατρός
1885 2920 1988 2974 τοῦ

405 3013 475 3065 ἐν
505 3013 798 3082 οὐρανοῖς,
834 3013 976 3067 καθά
1004 3031 1165 3084 φησιν
1200 3017 1228 3067 ὁ
1255 3016 1464 3086 Σωτὴρ,
1495 3013 1772 3068 καὶτοῦτο
1811 3011 1989 3065 αὐτῶν

409 3105 442 3173 ἡ
480 3105 688 3174 μεγάλη
728 3104 854 3170 δόξα
883 3105 976 3158 καὶ
1005 3106 1362 3176 μακαριότης.
1399 3107 1575 3176 Ἔργα
1606 3104 1662 3158 δέ
1694 3106 1800 3156 είσι
1828 3101 1985 3165 Θεοῦ,

409 3195 551 3248 κατὰ
592 3196 654 3248 τό
679 3212 692 3226 ·
741 3198 794 3249 '0
825 3195 1010 3249 ποιῶν
1056 3197 1194 3262 τοὺς
1239 3197 1533 3266 ἀγγέλους
1578 3195 1764 3250 αὑτοῦ
1811 3193 1990 3247 πνεύ-

403 3304 584 3356 ματα,
619 3288 718 3341 καὶ
753 3288 895 3352 τοὺς
924 3289 1306 3357 λειτουργοὺς
1329 3287 1515 3342 αὑτοῦ
1553 3287 1742 3354 πυρὸς
1770 3286 1988 3354 φλόγα.

409 3379 541 3442 Θεὸς
582 3381 778 3443 αὐτοὺς
809 3379 940 3449 (41),
975 3381 1035 3432 οὐ
1064 3379 1129 3432 δι’
1156 3379 1334 3432 αὐτῶν
1377 3377 1666 3450 ἐργάζεται
1687 3394 1699 3407 ·
1733 3375 1870 3430 ἀλλὰ
1898 3378 1992 3428 καὶ

407 3472 604 3534 αὐτοὺς
638 3471 873 3539 ἁγιάζει,
907 3472 1000 3524 καὶ
1047 3473 1104 3524 ὲν
1130 3472 1312 3534 αὐτοῖς
1353 3473 1582 3541 ἐνεργεῖ,
1635 3470 1888 3540 καθάπερ
1932 3470 1990 3520 ὲν

408 3565 584 3631 ἁγίοις
617 3564 946 3636 ἀνθρώποις,
973 3564 1020 3617 οἳ
1056 3564 1150 3616 καὶ
1177 3563 1569 3631 ἀναγγέλλουσι
1602 3563 1670 3616 τὰ
1701 3562 1836 3615 Θεοῦ
1879 3562 1989 3632 (49.)

407 3654 657 3723 καθάπερ
686 3653 984 3724 ἄνθρωποι.
1018 3653 1217 3722 Διόπερ
1246 3653 1366 3705 οὐδὲ
1403 3652 1794 3722 συνῶξάζομεν
1823 3651 1991 3720 ἀγγέ⁶

405 3746 531 3809 λους
569 3746 686 3816 Θεῷ
712 3788 728 3812 ,
763 3747 1017 3815 καθάπερ
1045 3745 1166 3798 οὐδὲ
1207 3745 1546 3818 ἀνθρώπους.
1598 3745 1672 3798 Οὐ
1719 3743 1828 3815 γὰρ
1878 3743 1988 3812 (45)

404 3837 512 3891 ῐδια
540 3838 718 3891 αὐτῶν
749 3838 820 3892 τὰ
856 3838 922 3890 δι’
959 3839 1136 3890 αὐτῶν
1183 3839 1595 3908 εὐεργετήματα
1640 3834 1987 3906 λογιζόμεθα,

403 3929 540 3982 ἀλλὰ
565 3928 702 3982 Θεοῦ
727 3929 820 3981 τοῦ
853 3931 910 3981 ὲν
948 3930 1128 3991 αύτοῖς
1167 3927 1531 3998 ἐνεργοῦντος.
1582 3928 1654 3979 Τὸ
1685 3927 1740 3980 δὲ
1768 3925 1990 3996 Πνεῦμα

405 4020 546 4090 μετὰ
571 4019 707 4073 Θεοῦ
741 4021 835 4073 καὶ
876 4020 1006 4074 Υἱοῦ
1038 4021 1151 4090 (44)
1195 4017 1497 4086 δοξάζεται,
1527 4019 1621 4072 ἅτε
1655 4019 1720 4091 δὴ
1765 4019 1859 4071 καὶ
1889 4017 1989 4087 τῆς

407 4112 592 4180 Θεῖκῆς
635 4113 915 4181 ἐνεργείας
969 4113 1036 4164 δι’
1077 4112 1240 4166 αὑτοῦ
1288 4111 1688 4183 πληρουμένης.
1731 4112 1790 4165 Ἠ
1816 4110 1988 4180 χάρις

404 4201 512 4274 γὰρ
536 4202 641 4255 τοῦ
665 4204 884 4269 Κυρίου
909 4202 1078 4272 ἡμῶν
1104 4202 1308 4270 Ἰησοῦ
1349 4203 1626 4269 Χριστοῦ,
1675 4201 1807 4271 φησὶ
1837 4199 1985 4252 Παῦ-

407 4292 515 4355 λος,
547 4293 644 4344 καὶ
679 4295 718 4359 ἡ
756 4292 954 4361 ἀγάπη
995 4294 1098 4347 τοῦ
1129 4294 1299 4357 Θεοῦ,
1340 4295 1438 4346 καὶ
1487 4294 1524 4360 ἠ
1565 4293 1845 4345 κοινωνία
1881 4291 1986 4346 τοῦ

2084 487 2175 525 sus
2197 471 2264 524 ab
2285 487 2348 524 eo
2377 486 2472 538 per
2494 470 2906 525 iusuIIlationem
2947 471 3195 524 restituta
3218 470 3282 522 δ’.
3314 467 3656 524 Concurrere

2083 563 2227 614 enim
2264 569 2478 629 oportet
2504 577 2606 612 una
2633 576 2754 614 cum
2799 561 3027 629 pristina
3055 561 3295 616 novitate
3331 571 3652 631 praesentem

2083 652 2246 724 304
2281 655 2681 709 innovationein
2734 666 2897 724 atque
2936 671 3280 711 concursum.
3340 656 3656 712 Informavit

2085 747 2248 815 igitur
2277 758 2558 814 postquam
2592 746 2879 812 suillasset,
2913 763 3038 802 cum
3070 766 3174 803 non
3217 751 3362 803 aliud
3393 750 3464 805 sit
3489 761 3654 818 atque

2085 841 2153 902 is,
2188 843 2277 910 qui
2323 858 2351 894 a
2387 844 2653 910 principio
2689 843 3007 908 insulﬂavil,
3037 846 3130 898 sed
3181 846 3315 912 ipse,
3353 860 3449 914 per
3493 859 3654 912 quem

2085 932 2228 987 Deus
2248 934 2392 986 dedit
2423 933 2865 999 insuﬂlatiouem,
2900 947 3024 990 tunc
3049 939 3265 1004 quidem
3299 951 3421 990 cum
3453 936 3655 998 anima,

2088 1041 2230 1078 nunc
2256 1041 2385 1080 vero
2415 1028 2480 1080 ad
2515 1029 2774 1085 animam.
2793 1029 2880 1080 Sic
2903 1038 3052 1081 creat
3071 1027 3238 1091 Deus,
3271 1045 3374 1082 non
3398 1044 3656 1082 manuum

2087 1115 2446 1182 corporalium
2500 1128 2669 1179 motu,
2726 1118 2818 1171 sed
2853 1117 2958 1170 vivi
3001 1117 3158 1172 Verbi
3207 1119 3542 1186 operatione,
3590 1131 3655 1172 ac

2086 1206 2282 1260 viviﬁci
2315 1207 2549 1274 Spiritus
2583 1210 3094 1264 cOmmuuicatione.
3125 1212 3309 1278 Itaque
3332 1211 3375 1263 si
3399 1211 3560 1264 etiam
3587 1212 3658 1266 ab

2089 1297 2242 1352 initio
2269 1299 2322 1352 iu
2361 1298 2564 1367 Spiritu
2601 1299 2741 1355 facta
2767 1315 2894 1357 sunt
2933 1305 3136 1369 omnia,
3185 1313 3239 1356 et
3280 1319 3464 1357 rursus
3501 1318 3660 1356 reuo-

2087 1405 2281 1444 vantur
2307 1393 2358 1446 in
2381 1391 2583 1462 Spiritu
2620 1412 2633 1447 :
2668 1410 2772 1450 una
2800 1406 2854 1450 et
2881 1397 3068 1450 eadem
3094 1397 3250 1465 plane
3279 1397 3524 1464 Operatio
3561 1395 3657 1450 Dei
3757 1382 3761 1386 ’

2088 1495 2182 1548 per
2204 1480 2397 1534 Filium
2437 1485 2488 1535 in
2515 1484 2718 1552 Spiritu
2743 1496 3003 1553 apparet;
3047 1501 3146 1539 nec
3172 1485 3413 1539 Trinitas
3434 1501 3657 1552 separa-

2087 1571 2285 1626 tionem
2322 1575 2569 1643 suscipit,
2604 1576 2696 1628 sed
2726 1575 3021 1630 secundum
3061 1591 3242 1630 veram
3288 1575 3435 1630 Pauli
3469 1578 3667 1632 doctria

2090 1677 2236 1729 nam,
2283 1662 2574 1718 Divisiones
2624 1665 2880 1720 donorum
2926 1679 3079 1733 sunt,
3110 1669 3247 1721 idem
3274 1679 3445 1722 autem
3483 1667 3662 1737 Spiri-

2090 1765 2213 1818 tus;
2265 1765 2311 1807 et
2358 1757 2641 1809 divisiones
2670 1758 3086 1811 ministeriorum
3109 1769 3252 1823 sunt,
3283 1769 3332 1812 et
3367 1759 3504 1812 idem
3553 1759 3666 1813 Do-

2094 1846 2296 1911 minus;
2332 1854 2383 1900 et
2431 1848 2712 1902 divisiones
2762 1853 3124 1917 operationum
3177 1863 3324 1917 sunt,
3373 1854 3509 1906 idem
3542 1870 3663 1908 vero

2093 1937 2252 2002 Deus,
2276 1941 2364 2008 qui
2395 1949 2646 2008 aperatur
2673 1943 2850 1994 omnia
2868 1943 2921 1995 in
2949 1941 3190 1997 omnibus
3221 1943 3286 1996 ”.
3312 1946 3487 2014 Atque
3511 1959 3660 2014 post-

2089 2045 2318 2098 eaquam
2346 2045 2532 2086 omnes
2550 2033 2758 2086 divinas
2772 2036 3116 2102 operationes
3140 2039 3443 2092 recensuit:
3467 2037 3664 2093 Omnia

2091 2133 2265 2173 autem
2295 2122 2427 2187 haec,
2459 2123 2653 2191 inquit,
2695 2137 2946 2190 operatur
2968 2143 3103 2178 unus
3127 2138 3174 2180 et
3232 2130 3370 2181 idem
3403 2129 3659 2200 Spiritus,

2091 2212 2327 2266 dividens
2349 2215 2596 2282 privatim
2632 2217 2914 2286 unicuique
2953 2220 3114 2271 sicuti
3149 2225 3249 2272 vult
3275 2222 3340 2276 “.

2096 2473 2248 2538 Quod
2277 2472 2530 2538 Spiritus,
2549 2492 2664 2528 cum
2688 2478 3242 2545 congloriﬁreturcum
3273 2483 3400 2546 Deo,
3421 2487 3667 2541 ostenda-

2253 2556 2339 2596 tur
2361 2561 2464 2598 non
2493 2563 2603 2599 esse
2627 2558 2891 2613 creatura,
2923 2551 3013 2603 sed
3044 2553 3235 2604 divina:
3261 2566 3489 2610 naturte.

2165 2634 2280 2691 Non
2324 2638 2509 2707 utique
2548 2650 2874 2706 potestatem
2923 2641 3083 2696 habet
3143 2644 3194 2696 in
3249 2645 3339 2698 Dei
3381 2658 3664 2704 creaturas

2093 2743 2366 2795 creatura,
2407 2746 2582 2800 neque
2630 2732 2779 2786 circa
2831 2748 2923 2788 eas
2960 2746 3216 2801 Operatnr
3248 2757 3260 2791 :
3313 2739 3406 2793 sed
3443 2740 3546 2794 alia
3583 2755 3665 2796 est

2093 2822 2385 2886 Creatoris,
2417 2821 2519 2874 alia
2551 2831 2920 2876 creaturarum
2949 2825 3110 2878 actio.
3143 2825 3327 2895 Angeli
3349 2829 3518 2882 vident
3549 2828 3664 2884 Pa-

2094 2916 2187 2969 tris
2224 2918 2312 2985 qui
2342 2917 2396 2968 in
2431 2916 2568 2969 caelis
2608 2924 2683 2968 est
2735 2917 2925 2983 faciem
2951 2917 3018 2981 ⁸⁸,
3089 2923 3540 2986 quemadmodum
3589 2926 3666 2978 ait

2095 3008 2364 3075 Salvator,
2390 3018 2442 3062 et
2466 3009 2577 3062 haec
2610 3009 2847 3078 ipsorum
2878 3025 3068 3078 magna
3099 3011 3264 3078 gloria
3298 3028 3361 3066 ac
3388 3017 3664 3071 beatitudo

2095 3111 2198 3156 est.
2232 3098 2368 3153 Sunt
2395 3109 2572 3153 autem
2609 3100 2701 3153 Dei
2737 3115 2902 3168 Opera
2927 3141 2941 3160 .
2967 3101 3120 3170 juxta
3169 3103 3338 3157 illud:
3381 3106 3486 3168 Qui
3533 3106 3663 3174 facit

2093 3191 2305 3259 angelos
2340 3208 2464 3244 suos
2512 3191 2769 3258 spiritus,
2810 3202 2857 3244 et
2905 3193 3172 3246 ministros
3221 3211 3342 3248 suos
3393 3196 3666 3265 ﬂammam

2091 3285 2227 3353 ignis
2249 3283 2315 3336 “.
2357 3283 2500 3339 Deus
2529 3285 2673 3352 ipsos
2706 3285 2910 3348 condit,
2941 3301 3045 3337 non
3080 3301 3174 3354 per
3203 3288 3348 3355 ipsos
3374 3301 3663 3358 Operatur:

2092 3377 2223 3446 quin
2265 3384 2320 3430 et
2351 3391 2445 3430 eos
2480 3374 2807 3436 sanctiﬁcat,
2840 3385 2894 3428 et
2931 3374 2983 3427 in
3031 3377 3159 3442 ipsis
3200 3387 3454 3444 operatur
3477 3418 3493 3443 ,
3525 3381 3667 3434 sicut

2091 3467 2146 3522 in
2179 3468 2383 3523 sanctis
2424 3467 2755 3521 hominibus.
2783 3467 2862 3520 Illi
2893 3482 3104 3536 quoque
3136 3483 3256 3536 qua:
3287 3467 3382 3524 Dei
3409 3482 3534 3524 sunt
3565 3489 3664 3524 au-

2092 3561 2342 3615 nuntiant
2385 3561 2836 3629 quemadmodum
2884 3561 3148 3614 homines.
3181 3561 3522 3631 QuaprOpter
3563 3580 3661 3619 ne-

2091 3669 2195 3722 que
2221 3653 2440 3723 angelos
2473 3669 2575 3707 una
2601 3669 2722 3707 cum
2747 3653 2856 3708 Deo
2885 3655 3269 3720 gloriﬁcamus,
3312 3657 3450 3710 sicut
3485 3673 3662 3728 neque

2092 3746 2356 3799 homines.
2388 3744 2504 3798 Non
2546 3744 2688 3796 enim
2720 3746 2936 3814 propria
2969 3748 3204 3814 ipsorum
3255 3759 3570 3817 rcputamus
3597 3765 3661 3804 ea

2089 3854 2209 3908 qua:
2235 3839 2302 3892 ab
2355 3837 2486 3905 ipsis
2541 3837 2898 3891 conferuntur
2930 3838 3215 3902 beneﬁcia,
3252 3842 3344 3894 sed
3385 3844 3666 3907 operantis

2093 3931 2143 3982 in
2179 3929 2308 3998 ipsis
2338 3929 2455 3982 Dei.
2511 3927 2750 3997 Spiritus
2780 3944 2908 3982 vero
2941 3945 3061 3982 cum
3095 3931 3204 3982 Deo
3235 3941 3285 3984 et
3321 3929 3458 3984 Filio
3498 3931 3665 3985 amci-

2094 4032 2180 4074 tur
2201 4020 2396 4090 gloria,
2427 4021 2624 4088 quippe
2648 4020 2772 4088 quia
2803 4029 2858 4072 et
2891 4019 3071 4073 divina
3099 4022 3341 4089 Operatio
3363 4037 3460 4090 per
3482 4023 3660 4090 ipsum

2090 4115 2410 4182 completur.
2458 4110 2646 4166 Gratia
2697 4113 2840 4166 enim
2879 4113 3087 4166 Domini
3141 4115 3470 4168 nostri'Jesu
3503 4115 3665 4170 Clari-

2087 4205 2178 4266 sti,
2221 4203 2395 4272 inquit
2420 4202 2616 4256 l’aulns
2647 4200 2716 4266 ⁸⁷,
2755 4216 2800 4256 et
2836 4203 3071 4256 cltaritas
3117 4202 3240 4268 Dei,
3274 4213 3322 4256 et
3368 4207 3661 4258 communi-

2088 4297 2228 4349 cutio
2259 4295 2426 4348 sancti
2460 4293 2691 4360 Spiritus
2723 4310 2840 4347 cum
2883 4293 3123 4346 omnibus
3159 4295 3318 4347 vobis.
3361 4294 3538 4362 Atque
3569 4311 3662 4350 Sa-

405 4379 576 4448 ἀγνίου
596 4383 935 4450 Πνεύματος
953 4383 1102 4449 μετὰ
1123 4383 1362 4437 πάντων
1383 4383 1567 4452 ὑμῶν.
1595 4383 1705 4436 Καὶ
1731 4383 1789 4434 τὸ
1817 4383 1985 4451 κεφά-

2095 4386 2221 4438 Iutis
2247 4397 2446 4438 nostra:
2474 4392 2654 4452 caput,
2694 4385 3036 4452 perfectaque
3071 4385 3136 4437 de
3162 4384 3365 4442 deitate
3393 4386 3612 4439 traditio
3645 4425 3662 4449 ,

405 4471 553 4526 λαιον
579 4473 678 4543 τῆς
711 4474 982 4545 σωτηρίας
1008 4475 1184 4544 ἡμῶν,
1235 4477 1328 4528 καὶ
1355 4477 1386 4545 ἡ
1419 4475 1597 4528 τελεία
1627 4474 1755 4545 περὶ
1799 4474 1985 4545 θεότη-

2095 4478 2154 4530 ad
2184 4491 2370 4530 eorum
2395 4475 2484 4545 qui
2519 4475 2861 4544 bapuzantur
2887 4474 3396 4538 sauctilicationem,
3428 4485 3531 4540 est,
3566 4475 3664 4529 ba-

403 4582 494 4629 τος
532 4567 846 4637 παράδοσις,
884 4570 964 4630 είς
989 4567 1077 4620 τὸν
1109 4569 1214 4622 τῶν
1249 4569 1662 4639 βαπτιζομένων
1689 4566 1985 4636 ἁγιασμὸν,

2095 4570 2294 4634 ptizare
2324 4569 2375 4621 iu
2432 4582 2624 4620 nomen
2656 4565 2830 4619 Patris
2861 4575 2914 4619 et
2959 4566 3084 4620 Filii
3119 4577 3174 4620 et
3205 4565 3440 4632 Spiritus
3467 4567 3662 4622 sancti.

401 4657 464 4711 τὸ
500 4657 780 4727 βαπτίζειν
810 4661 890 4720 είς
936 4659 996 4710 τὸ
1032 4659 1200 4730 ὄνομα
1231 4661 1321 4713 τοῦ
1353 4661 1566 4730 Πατρὸς
1595 4660 1688 4712 καὶ
1722 4658 1816 4710 τοῦ
1856 4659 1985 4710 Υίοῦ

2095 4659 2235 4724 Quod
2265 4673 2390 4712 vero
2422 4657 2472 4711 in
2505 4657 2690 4710 iisdem
2724 4657 2921 4710 divinis
2966 4657 3223 4726 operibus
3258 4657 3497 4712 Trinitas
3534 4673 3665 4712 san-

403 4750 497 4803 τιαὶ
530 4749 622 4802 τοῦ
651 4751 808 4818 ἁγίου
840 4750 1173 4822 Πνεύματος.
1207 4753 1280 4806 Τὸ
1305 4753 1362 4806 δὲ
1390 4755 1482 4805 ἐπὶ
1517 4753 1624 4805 τῶν
1662 4751 1844 4806 αὐτῶν
1874 4751 1986 4804 Θεῖ-

474 4923 520 4954 ⁴²
544 4891 702 4976 Joan.
761 4939 851 4988 xx,
881 4921 970 4977 22.

402 5009 523 5061 xm,
558 4995 643 5047 15.

1071 4923 1118 4954 ⁸⁸
1146 4923 1310 4978 ICor.
1359 4940 1456 4988 xu,
1501 4924 1620 4977 4-6.

475 5203 583 5275 (59)
614 5202 763 5269 Regii
789 5213 906 5275 tres
928 5216 1062 5275 mss.
1084 5210 1137 5252 et
1165 5201 1290 5275 editi
1323 5199 1637 5275 διδαχθέντα
1658 5195 1847 5275 τύπον.
1875 5197 1977 5250 ΑΙῘί

400 5269 507 5328 duo
537 5269 656 5328 cum
692 5274 844 5329 Colb.
887 5271 1170 5341 δειχθέντα
1195 5270 1386 5336 τύπον,
1417 5271 1699 5323 secundum
1750 5269 1976 5338 formam

400 5361 434 5398 a
461 5345 566 5398 Deo
599 5355 878 5398 ostensam.

1713 4923 1759 4954 “
1799 4924 1926 4978 ibid.
1966 4923 2050 4978 II.

2083 4758 2170 4802 cla
2203 4747 2559 4818 gloriﬁcatur,
2612 4747 2832 4800 deitatis
2868 4748 3028 4800 unius
3085 4747 3459 4801 testimonium
3520 4760 3604 4804 est
3646 4767 3664 4806 :

2149 4924 2193 4954 ⁸³
2220 4921 2410 4980 Matth.
2452 4938 2604 4986 xviii,
2644 4924 2728 4978 I0.
2836 4923 2880 4954 “
2910 4924 3050 4980 I’sal.
3087 4941 3202 4990 CIII,
3253 4927 3307 4982 4.
3385 4930 3430 4960 ⁴⁷
3457 4926 3500 4982 ll
3529 4929 3655 4986 Cor.

2161 5194 2270 5265 (4‘2)
2291 5195 2428 5248 Editi
2453 5197 2519 5248 τὰ
2546 5196 2638 5249 τοῦ
2661 5197 2816 5250 Θεοῦ.
2844 5197 3071 5252 Codices
3105 5215 3198 5255 sex
3230 5202 3300 5255 τὰ
3322 5201 3480 5259 Θεοῦ.

2149 5266 2442 5344 (45)‘E;diti
2497 5266 2839 5338 ἀνθρώπους.
2875 5270 3073 5344 Διόπερ
3107 5273 3166 5324 ού
3194 5273 3323 5344 γάρ.
3360 5273 3513 5339 Illud,
3549 5272 3660 5328 διό-

2078 5352 2203 5406 περ,
2232 5337 2576 5410 -ιιείςθνιιιιιιε,
2606 5337 2858 5392 veterum
2917 5337 3162 5410 quin—que
3197 5337 3458 5397 librorum
3493 5337 3652 5398 Iidem

471 5415 580 5484 (40)
632 5415 760 5482 Reg.
798 5413 1066 5466 secundus
1103 5414 1170 5484 τῇ
1201 5409 1476 5484 ιιαταρχᾲς
1507 5409 1806 5484 καινότητι.
1866 5408 1977 5463 Nec

2095 5405 2266 5458 LCCUII.
2319 5405 2540 5484 contra,
2593 5423 2780 5484 vocem
2836 5405 3253 5484 εὐεργετῆματα
3299 5429 3367 5467 ex
3423 5425 3659 5484 quatuor

401 5481 668 5537 ita'multu
701 5481 817 5551 post
847 5486 984 5536 idem
1018 5481 1185 5536 codex
1213 5481 1345 5542 Θεὸς
1374 5481 1542 5551 ἒδῳκε
1564 5482 1686 5549 τήν.

475 5553 582 5624 (Μ)
623 5547 761 5608 Editi
790 5551 1168 5624 φλόγαοίὰλλὰ
1200 5552 1294 5603 καὶ
1319 5550 1533 5624 αὐτούς,
1568 5547 1673 5604 etc.
1717 5549 1788 5603 At
1816 5547 1969 5602 Colb.

2073 5491 2207 5528 mss.
2237 5492 2343 5546 non
2379 5477 2536 5546 longe
2563 5479 2888 5531 addidimus.

2142 5544 2650 5622 (stigmatum.
2679 5549 2816 5619 μετὰ
2842 5550 3059 5622 Πατρὸς
3081 5553 3176 5606 καὶ
3200 5553 3354 5622 Υίοῦ,
3385 5570 3503 5610 cum
3538 5550 3659 5610 Pa-

401 5613 640 5695 et‘lie'gii
711 5613 823 5680 tres
880 5613 938 5679 υἰ
1001 5623 1057 5678 in
1116 5631 1392 5687 contextu,
1448 5622 1655 5689 integre
1687 5631 1740 5674 et
1787 5635 1972 5673 cuien-
2071 5623 2150 5668 tre
2171 5613 2419 5671 et'FiIio.

397 5694 541 5746 date.
