3956 6216
366 336 466 402 731

1679 336 1738 392 S.
1779 328 2025 390 BASlLll
2062 326 2277 387 MAGNI

3513 331 3624 389 732

367 474 493 514 nam
525 467 695 530 neque
720 461 835 514 sine
864 451 1003 512 Filio
1042 452 1203 512 Pater
1241 458 1370 529 agit,
1425 471 1600 527 neque
1627 455 1794 510 Filius
1815 454 1929 509 sine

2050 451 2140 505 ιῶν
2174 450 2348 522 ἔργων
2389 448 2485 519 τὴν
2537 446 2695 517 ἀγίαν
2727 442 2933 518 Τριάδα
2974 444 3293 514 δοξάζεσθαι
3333 448 3433 519 τῆς
3487 451 3623 522 μιᾶς

371 549 596 617 Spiritu.

408 722 562 789 Quod
584 724 1018 792 quemadmodum
1065 723 1111 777 F
1116 724 1240 777 ilius
1283 726 1351 776 ad
1386 722 1603 777 Patrem
1636 740 1691 777 se
1723 723 1897 787 habet,

812 797 886 848 ita
915 795 1147 861 Spiritus
1171 796 1239 848 ad
1266 793 1493 849 Filium.

443 885 735 956 Propterea
768 897 825 940 et
855 887 950 941 Dei
979 887 1193 957 quidem
1221 888 1442 942 verbum
1471 885 1639 940 Filius
1675 895 1779 951 est,
1819 884 1937 939 Filii

372 988 555 1032 autem
615 980 841 1034 verbum
903 979 1159 1049 Spiritus.
1224 978 1456 1033 Portam
1508 979 1687 1043 enim,
1722 978 1936 1046 inquit,

372 1070 550 1122 omnia
575 1070 726 1123 verba
755 1071 964 1124 uirtutis
1002 1086 1113 1125 sua:
1147 1070 1215 1123 ³⁸.
1253 1070 1462 1125 Etcum
1492 1070 1717 1124 verbum
1755 1070 1827 1124 sit
1852 1068 1941 1123 Fi-

372 1158 451 1224 lii,
476 1162 700 1229 proinde
722 1160 817 1216 Dei
840 1173 923 1216 est
954 1181 967 1217 :
1005 1161 1278 1226 Gladium,
1321 1162 1516 1231 inquit,
1558 1162 1828 1230 Spiritus,
1852 1161 1941 1231 qui

373 1260 447 1302 est
475 1250 684 1304 verbum
725 1251 822 1306 Dei
868 1250 935 1309 ".
978 1251 1214 1306 Verbum
1266 1264 1449 1307 autem
1509 1252 1598 1305 Dei
1633 1261 1689 1306 et
1715 1257 1940 1306 verbum

371 1339 561 1395 vivens
585 1352 669 1397 est
691 1353 743 1396 et
773 1356 1027 1411 operans.
1058 1342 1201 1396 Cave
1236 1344 1381 1397 enim
1412 1342 1541 1396 mihi
1577 1342 1644 1395 ad
1678 1342 1942 1395 humanas

374 1430 643 1485 delabaris
677 1430 1061 1486 similitudines
1086 1449 1098 1484 :
1127 1432 1219 1484 sed
1246 1430 1443 1499 ubique
1475 1429 1648 1496 majus
1676 1429 1935 1497 quiddam

376 1520 442 1574 de
470 1519 582 1574 Deo
610 1522 902 1590 intelligas,
929 1523 1233 1591 exemplum
1266 1522 1415 1577 verbi
1451 1522 1517 1576 ad
1559 1522 1719 1576 unius
1750 1535 1944 1589 opera-

373 1613 537 1667 tionis
585 1614 1101 1668 demonstrationem
1160 1614 1320 1684 305
1370 1615 1662 1683 accipiens.
1715 1612 1850 1668 Nam
1890 1623 1945 1667 et

375 1719 526 1758 mens
555 1713 641 1757 tua
672 1705 854 1758 omnia
878 1719 974 1773 per
1001 1706 1229 1760 verbum
1269 1706 1597 1761 considerat.

567 1794 676 1849 Cur
708 1806 758 1850 et
790 1794 1022 1864 Spiritus
1068 1797 1213 1866 ﬁlius
1244 1795 1380 1849 Filii
1407 1813 1511 1849 non
1534 1797 1766 1851 dicatur.

445 1884 559 1940 Non
581 1888 729 1955 quod
754 1902 821 1942 ex
852 1888 962 1942 Deo
997 1903 1101 1941 non
1134 1890 1203 1942 sit
1230 1902 1326 1957 per
1357 1886 1574 1950 Filium,
1605 1888 1698 1941 sed
1729 1902 1797 1942 ne
1824 1886 1946 1941 Tri-

373 1978 514 2033 nitas
542 1987 759 2048 putetur
805 1994 926 2033 esse
973 1978 1183 2033 inﬁnita
1216 1977 1522 2040 multitudo,
1570 1979 1614 2033 si
1650 1979 1774 2048 quis
1822 1993 1943 2032 eam

373 2070 766 2139 suspicaretur,
792 2077 851 2123 ut
894 2069 955 2123 ﬁt
986 2069 1041 2123 in
1067 2068 1399 2135 hominibus,
1431 2069 1572 2123 ﬁlios
1603 2085 1666 2122 ex
1705 2069 1828 2123 liliis
1844 2069 1944 2123 ha--

373 2162 524 2217 bere.
557 2164 627 2217 At
680 2163 818 2217 dicis
845 2178 860 2215 :
920 2160 977 2215 Si
1034 2160 1129 2215 Dei
1166 2161 1382 2229 quidem
1415 2161 1592 2230 imago
1624 2170 1708 2215 est
1731 2160 1902 2216 Filius
1925 2201 1943 2228 ,

380 2251 504 2307 Filii
534 2267 667 2307 vero
707 2238 975 2321 Spiritus;
1016 2251 1141 2304 item
1178 2251 1221 2304 si
1268 2249 1437 2305 Filius
1471 2266 1653 2330 sermo
1696 2252 1788 2306 Dei
1819 2262 1943 2316 est,

375 2345 614 2411 Spiritus
635 2357 762 2396 vero
790 2353 875 2396 est
897 2343 1121 2401 verbum
1165 2340 1307 2403 Filii,
1342 2356 1441 2395 cur
1474 2340 1713 2408 Spiritus
1765 2342 1944 2398 dictus

373 2451 481 2490 non
508 2444 592 2489 est
619 2433 740 2487 Filii
771 2432 911 2487 ﬁlius
930 2432 955 2482 ?
988 2432 1122 2486 Nam
1163 2434 1265 2487 hoc
1287 2442 1604 2503 argumento
1632 2434 1946 2488 ﬁrmissimo

375 2525 444 2578 ad
475 2524 804 2593 impietatem
859 2538 990 2579 usus
1015 2538 1096 2578 es.
1142 2521 1278 2577 Nam
1318 2525 1397 2578 vel
1431 2522 1631 2577 Filium
1667 2525 1754 2579 vel
1790 2540 1948 2580 crea-

377 2627 558 2672 turam
591 2617 747 2686 iubcs
768 2619 1091 2688 intelligere.
1124 2618 1193 2673 Et
1222 2623 1478 2688 quoniam
1519 2619 1662 2675 ﬁlius
1697 2622 1946 2677 nomina-

376 2719 465 2765 tus
491 2726 600 2765 non
633 2719 734 2775 est,
767 2724 862 2765 ore
906 2709 1225 2778 blasphemo
1268 2721 1575 2766 creaturam
1611 2713 1767 2780 dicis,
1799 2728 1944 2779 enm,

374 2803 468 2874 qui
497 2811 763 2858 creaturae
791 2818 955 2857 causa
982 2812 1087 2868 est,
1121 2804 1214 2873 qui
1258 2803 1567 2858 sanctiﬁcat
1617 2814 1944 2872 creaturam,

375 2909 605 2962 eamque
663 2893 826 2947 Deum
877 2892 1062 2957 elIicit,
1113 2893 1205 2962 qui
1256 2890 1472 2947 Domini
1506 2908 1569 2947 ac
1599 2893 1692 2948 Dei
1729 2896 1947 2950 nomine

375 2985 733 3055 gloriﬁcatur,
789 2983 883 3052 qui
933 2984 1149 3037 divinas
1181 2983 1363 3051 explet
1410 2986 1777 3053 operationes.
1809 2985 1945 3040 Cum

376 3076 542 3148 igitur
575 3076 668 3130 ﬁlii
696 3075 1053 3145 appellatione
1081 3075 1177 3129 tibi
1214 3075 1465 3130 videatur
1496 3091 1617 3131 esse
1656 3078 1930 3149 indignus,

378 3146 639 3243 tanquam
671 3187 700 3225 a
736 3171 872 3225 Filio
912 3179 968 3226 et
993 3170 1153 3224 Patre
1194 3169 1442 3236 alienus;
1494 3146 1943 3243 considera'quo-
1970 3146 2013 3203 θ

378 3269 540 3321 modo
571 3278 666 3319 eos
694 3262 787 3331 qui
828 3261 1259 3325 sanctiﬁcantur,
1293 3262 1432 3317 lilios
1465 3262 1681 3318 elﬁciat.
1709 3264 1860 3330 Quod
1898 3265 1944 3320 si

379 3367 439 3413 tu
467 3372 564 3426 per
614 3355 874 3424 Spiritum
930 3353 1075 3407 ﬁlius
1106 3353 1200 3407 Dei
1248 3368 1308 3407 es
1334 3394 1348 3417 ,
1384 3355 1655 3422 quomodo
1709 3354 1947 3424 Spiritus

379 3451 591 3505 alienus
613 3463 640 3501 a
669 3447 928 3501 liliatione
957 3444 1152 3500 est?Si
1174 3457 1226 3500 tu
1252 3446 1615 3516 perSpiritum
1640 3447 1801 3510 Deus,
1821 3463 1949 3517 quo-

377 3544 538 3598 modo
583 3541 816 3611 Spiritus
845 3538 1058 3594 alienus
1102 3538 1269 3592 fuerit
1302 3555 1330 3591 a
1360 3538 1603 3592 deitate?
1635 3538 1947 3609 Interroga-

377 3635 463 3689 bis
487 3647 617 3688 sane
645 3631 882 3685 vicissim
915 3646 930 3683 :
972 3629 1080 3683 Cur
1108 3630 1270 3699 igitur
1309 3628 1402 3682 ﬁlii
1441 3644 1545 3683 non
1579 3631 1820 3698 suscepit
1849 3644 1949 3683 uo—

380 3724 542 3780 men?
565 3724 697 3777 Nam
726 3721 794 3777 iis
816 3737 934 3791 quae
964 3721 1103 3775 dicta
1134 3731 1262 3776 sunt
1307 3721 1615 3790 dedignaris
1644 3722 1944 3788 attendere,

377 3819 496 3885 ejus
532 3831 657 3870 vero
698 3816 840 3884 quod
871 3815 1071 3868 dictum
1125 3829 1229 3867 non
1278 3822 1361 3867 est
1404 3828 1624 3867 causam
1667 3814 1898 3882 inquiris
1930 3855 1945 3880 ,

364 3907 830 3979 quemadmodum
860 3904 1186 3960 Sadducaeus
1222 3919 1326 3958 non
1362 3905 1652 3958 admittens
1703 3920 1949 3960 resurre-

377 4001 635 4061 ctionem,
669 3997 762 4051 sed
794 3994 1206 4049 resurrectionis
1225 3993 1439 4048 modum
1468 3995 1685 4049 curiose
1721 3995 1946 4050 investi-

379 4106 534 4161 gans,
574 4099 629 4141 et
676 4088 820 4172 quod
854 4087 1056 4140 dictum
1084 4094 1169 4139 est
1207 4086 1277 4140 ob
1327 4085 1379 4138 id
1436 4084 1576 4154 quod
1611 4084 1813 4140 dictum
1841 4101 1946 4139 non

379 4191 463 4236 est
492 4180 805 4248 reprobatis.
839 4175 993 4242 Quod
1026 4176 1070 4229 si
1103 4176 1452 4239 tacuerimns,
1491 4185 1549 4228 ut
1600 4177 1693 4243 qui
1731 4191 1795 4228 ea
1827 4189 1946 4243 qute

381 4272 477 4326 Dei
506 4268 867 4326 suntcuriose
905 4267 1179 4336 inquirere
1221 4264 1472 4328 nolimus,
1508 4265 1672 4319 divini
1710 4264 1947 4334 Spiritus

379 4366 605 4437 gloriam
631 4363 825 4416 victam
854 4358 1161 4423 arbitraris,
1208 4364 1490 4427 pr0pterea
1543 4358 1689 4429 quod
1729 4357 1822 4412 ﬁlii
1850 4373 1947 4426 ap-

378 4456 598 4528 pellatio
629 4456 694 4507 de
743 4453 862 4522 ipso
894 4449 1133 4503 adhibita
1171 4462 1276 4501 non
1322 4455 1428 4512 est,
1475 4449 1631 4515 quasi
1664 4462 1771 4501 non
1803 4447 1946 4501 idem

380 4556 543 4618 queat
579 4561 642 4599 ex
672 4555 724 4598 te
755 4543 942 4611 quaeri.
977 4538 1114 4593 Nam
1142 4539 1187 4593 si
1215 4538 1507 4593 conﬁteare
1537 4537 1677 4593 ﬁlios
1703 4552 1800 4606 per
1826 4538 1948 4606 Spi-

382 4641 544 4693 ritum
574 4635 861 4703 adoptione
894 4630 1010 4684 ﬁeri
1061 4628 1392 4693 iunumeros,
1442 4642 1542 4682 cur
1586 4626 1827 4697 Spiritus
1879 4642 1948 4683 ne

456 4751 501 4783 ‘3
528 4730 690 4820 l‘iebr.
720 4767 759 4817 ι,
782 4750 838 4806 5.
913 4744 957 4777 ’δ’
988 4743 1184 4815 Εριιεε.
1204 4739 1373 4811 νι,17.

453 4909 561 4982 (45)
595 4909 735 4965 Editi
765 4919 818 4962 et
844 4920 956 4982 tre_s
980 4921 1134 4982 _mss_.
1159 4903 1248 4982 διά
1274 4903 1368 4982 τοῦ
1399 4901 1555 4982 Θεοῦ,
1580 4916 1699 4982 _pe_r
1743 4899 1933 4982 .Deunt.

376 4971 480 5037 Alii
513 4971 743 5052 quatuor
770 4978 1006 5052 Iussaata
1034 4974 1190 5052 τοῦτο
1210 4974 1366 5052 Θεοῦ,
1400 4974 1619 5052 proinde
1657 4971 1773 5052 Dei,
1797 4972 1937 5052 opti-

377 5069 485 5106 me.
533 5043 714 5110 'lni'ra,
751 5049 841 5103 ubi
898 5048 1091 5117 legitur
1148 5049 1203 5117 in
1242 5043 1410 5099 editis
1430 5053 1483 5098 et
1527 5044 1579 5117 in
1610 5043 1934 5117 quibusdam

2036 543 2285 611 θεότητος
2318 540 2635 611 μαρτύριον,
2676 540 2756 592 ὃτι
2788 541 2924 610 μήτε
2952 540 3119 610 χωρὶς
3145 537 3278 591 Υίοῦ
3322 541 3465 591 ποιεῖ
3502 541 3619 592 [lae

2034 638 2157 707 τὴρ,
2197 636 2333 705 μήτε
2371 634 2497 696 Υἱὸς
2525 634 2689 703 χωρὶς
2719 632 3055 703 Πνεύματος.

2040 727 2158 780 Ὅτι
2187 726 2267 793 ὡς
2310 726 2441 797 Υἱὸς
2487 723 2635 793 πρὲς
2653 716 3123 861 εζέἷέἐςξῗόνέχει,
3168 722 3321 776 οὕτω
3371 721 3621 791 Πνεῦμα

2107 888 2206 941 Διὰ
2232 885 2390 939 τοῦτο
2418 885 2510 938 καλ⁵
2533 883 2667 938 Θεοῦ
2698 884 2798 955 μὲν
2825 883 2980 952 λόγος
3011 886 3040 938 ό
3060 883 3211 947 Υἱὸς,
3239 886 3388 955 ῥῆμα
3407 885 3468 938 δὲ
3490 884 3622 938 Υίοῦ

2038 977 2098 1031 τὸ
2116 976 2361 1046 Πνεῦμα.
2388 974 2586 1044 Φέρων
2609 973 2741 1045 γὰρ,
2775 975 2927 1044 φησὶ,
2963 973 3035 1028 τὰ
3065 973 3262 1028 πάντα
3296 974 3378 1040 τῷ
3392 976 3623 1045 ῥήματι

2039 1068 2151 1137 τῆς
2185 1068 2492 1136 δυνάμεως
2534 1068 2743 1122 αὐτοῦ.
2783 1067 2894 1120 Καὶ
2923 1067 3108 1139 ἐπειδὴ
3156 1068 3308 1139 ῥῆμα
3332 1068 3490 1131 Υἰου,
3535 1069 3623 1123 διὰ

2039 1162 2195 1215 τοῦτο
2206 1161 2339 1215 Θεοῦ
2356 1162 2486 1232 (45)*
2511 1165 2629 1228 Τὴν
2632 1159 2953 1231 μάχαιραν,
2970 1163 3121 1231 φησὶ,
3134 1161 3241 1216 τοῦ
3257 1163 3625 1231 Πνεύματος,

2041 1256 2224 1309 ὅέστι
2247 1254 2413 1324 ῥῆμα
2430 1254 2600 1311 Θεοῦ.
2635 1253 2805 1321 Λόγος
2835 1252 2893 1306 δὲ
2915 1252 3050 1305 Θεοῦ
3079 1254 3175 1307 καὶ
3206 1254 3355 1325 ῥῆμα
3383 1254 3496 1318 ζῶν
3532 1254 3626 1306 καὶ

2042 1346 2283 1418 ἐνεργόν.
2314 1348 2404 1417 Μὴ
2437 1347 2545 1416 γάρ
2581 1362 2672 1417 μοι
2702 1346 2835 1416 πρὸς
2861 1343 2929 1398 τά
2964 1343 3279 1414 ἀνθρώπινα
3305 1346 3622 1418 καταπὲσης

2042 1437 2381 1509 ὁμοιώματα,
2411 1436 2546 1491 ἀλλά
2589 1435 2866 1507 πανταχοῦ
2908 1436 3016 1489 νόει
3048 1435 3108 1489 τὸ
3142 1435 3323 1507 μεῖζον
3365 1438 3463 1489 ἐπὶ
3488 1438 3620 1489 Θεαῦ

2044 1531 2179 1601 πρὸς
2205 1531 2303 1602 τὴν
2331 1531 2433 1600 τῆς
2469 1531 2596 1600 μιᾶς
2626 1527 2896 1594 ἀπόδειξιν
2927 1526 3207 1598 ἐνεργείας
3240 1525 3537 1596 λαμϐάνων
3565 1527 3622 1579 τὺ

2040 1621 2138 1675 τοῦ
2179 1621 2337 1690 λόγου
2385 1621 2758 1692 παράδειγμα⁸
2794 1619 2875 1673 ὅτι
2908 1618 3002 1671 καὶ
3026 1616 3148 1681 νοῦς
3172 1620 3201 1670 ὁ
3228 1617 3317 1681 σὸς
3342 1617 3436 1670 διὰ
3463 1618 3621 1686 λόγου

2045 1713 2221 1768 πάντα
2254 1729 2407 1784 περιε
2416 1711 2694 1784 ργάζεται.

2190 1799 2292 1852 Διὰ
2318 1801 2375 1851 τί
2407 1798 2491 1869 μὴ
2523 1797 2623 1852 καὶ
2654 1798 2720 1850 τὸ
2748 1796 2991 1865 Πνεῦμα
3011 1795 3142 1862 υἱὸς
3167 1796 3275 1851 τοῦ
3314 1798 3475 1853 Υἱοῦ.

2118 1889 2239 1942 Ὀτι
2269 1890 2331 1942 οὐ
2357 1889 2445 1941 διὰ
2473 1889 2536 1941 τὸ
2570 1889 2644 1960 μὴ
2673 1884 2812 1942 εἶναι
2841 1888 2954 1959 (46)
2978 1890 3043 1941 ὲκ
3081 1888 3215 1941 Θεοῦ
3236 1890 3302 1942 δι’
3325 1890 3482 1957 Υίοῦ,
3510 1890 3619 1945 ἀλλ’

2046 1980 2132 2033 ἵνα
2181 1981 2215 2051 ἡ
2265 1980 2436 2051 Τριὰς
2475 1979 2550 2050 μὴ
2593 1978 2819 2051 νομισθῇ
2872 1978 3073 2049 πλῆθος
3108 1979 3350 2052 ἄπειρον,
3386 1983 3539 2044 υἱοὺς
3568 1980 3625 2047 ἐξ

2046 2070 2176 2125 υἱῶν
2205 2071 2281 2134 ὡς
2308 2071 2404 2123 καὶ
2432 2071 2490 2122 ὲν
2518 2068 2823 2141 ἀνθρώποις
2844 2069 2986 2140 ἔχειν
3016 2070 3440 2126 ὑππτευθείσα.
3468 2073 3623 2127 Ἀλλὰ

2043 2165 2221 2234 λέγεις
2238 2182 2252 2196 ·
2281 2166 2344 2218 Ei
2364 2165 2498 2217 Θεοῦ
2523 2166 2620 2235 μὲν
2642 2163 2804 2217 εἰκὼν
2831 2164 3019 2228 ὁΥίὸς,
3045 2165 3177 2218 Υίοῦ
3211 2166 3267 2221 δὲ
3291 2167 3352 2220 τὸ
3374 2169 3620 2238 Πνεῦμα,

2046 2257 2137 2309 καὶ
2157 2258 2205 2308 εί
2232 2255 2366 2309 Θεοῦ
2392 2256 2490 2326 μὲν
2513 2255 2670 2323 λόγος
2695 2257 2724 2306 ό
2741 2255 2887 2317 Υἱὸς,
2905 2255 3054 2325 ῥῆμα
3074 2255 3131 2309 δὲ
3147 2256 3277 2310 Υίοῦ
3304 2258 3363 2311 τὸ
3378 2258 3619 2329 Πνεῦμα

2043 2347 2132 2401 διά
2172 2348 2226 2401 τί
2258 2348 2369 2417 (47)
2402 2348 2475 2419 μὴ
2523 2347 2636 2411 υἱὸς
2683 2346 2776 2400 τοῦ
2822 2347 2950 2401 Υἰοῦ
3000 2348 3062 2401 τὸ
3094 2348 3318 2420 Πνεῦμα
3372 2350 3621 2423 simcui;

2046 2435 2231 2506 Τούτῳ
2258 2435 2366 2505 γὰρ
2419 2436 2751 2508 ἰσχυροτάτῳ
2798 2436 2932 2507 πρὸς
2962 2438 3059 2509 τὴν
3099 2439 3352 2494 ἀσέϐειαν
3385 2443 3619 2514 ἐχρήσω.

2048 2529 2119 2580 Ἦ
2160 2527 2268 2598 γὰρ
2299 2528 2488 2599 Υἱὺνῆ
2523 2528 2726 2598 κτίσμα
2773 2530 3011 2594 κελεύεις
3056 2533 3216 2586 νοεῖν.
3262 2533 3372 2585 Καὶ
3423 2535 3509 2587 ὅτι
3554 2535 3622 2605 μῆ

2047 2617 2159 2681 υἱὸς
2176 2618 2520 2690 ὠνόμασται,
2564 2619 2652 2671 διὰ
2681 2618 2839 2674 τοῦτο
2889 2621 3094 2692 κτίσμα
3120 2617 3259 2676 εἶναι
3287 2622 3623 2696 βλασφημεῖς

2045 2709 2106 2762 τὸ
2137 2709 2234 2780 τῆς
2281 2709 2510 2773 κτίσεως
2550 2710 2741 2773 αἴτιον,
2786 2711 2847 2764 τὸ
2877 2710 2979 2781 τῆς
3030 2712 3265 2776 κτίσεως
3314 2714 3623 2781 άγιαστικδν

2047 2800 2141 2853 καὶ
2179 2799 2440 2864 θεοποιὸν,
2482 2800 2544 2852 τὸ
2588 2801 2792 2870 Κυρίου
2822 2802 2916 2853 καὶ
2943 2801 3077 2854 Θεοῦ
3113 2800 3225 2870 (48)
3272 2802 3625 2875 δοξαζόμενον

2046 2891 2289 2962 ὀνόματι,
2322 2892 2383 2944 τὸ
2411 2891 2520 2945 τῶν
2558 2890 2716 2944 θείων
2744 2891 3032 2963 ἐνεργειῶν
3071 2892 3438 2964 πληρωτικόν.
3482 2896 3623 2948 Ἐπεὶ

2047 2978 2138 3036 οῦν
2165 2982 2379 3047 ἀνάξιον
2395 2977 2532 3036 εἶναί
2558 2999 2635 3035 σοι
2662 2982 2771 3050 (49)
2802 2983 3046 3051 φαίνεται
3072 2985 3173 3054 τῆς
3199 2984 3293 3038 τοῦ
3322 2985 3443 3038 υίοῦ
3470 3003 3627 3058 προσ⁴

2052 3072 2300 3144 ηγορίας,
2332 3073 2407 3136 ὠς
2438 3072 2715 3144 ἀλλότριον
2741 3073 2869 3127 Υίοῦ
2894 3075 2985 3127 καὶ
3032 3074 3263 3145 Πατρὸς,
3292 3076 3493 3146 σκέψαι
3516 3076 3622 3141 πῶς

2047 3166 2196 3226 υἱοὺς
2224 3162 2595 3235 ἀπεργάζεται
2628 3164 2755 3227 τοὺς
2798 3164 3210 3235 ἁγιαζομένους.
3247 3166 3310 3218 Ei
3338 3166 3394 3219 δὲ
3425 3168 3490 3221 σὺ
3521 3167 3622 3235 (50)

2046 3257 2134 3310 διὰ
2164 3255 2260 3309 τοῦ
2295 3255 2615 3327 Πνεύματος
2646 3256 2758 3319 υἱὸς
2783 3255 2941 3320 Θεοῦ,
3000 3256 3118 3320 πῶς
3144 3257 3206 3310 τὸ
3229 3256 3458 3328 Πνεῦμα
3486 3258 3624 3323 ξένον

2047 3348 2326 3417 υίότητος;
2370 3348 2433 3400 Ei
2466 3348 2529 3399 σὺ
2561 3346 2649 3400 διὰ
2689 3346 2784 3399 τοῦ
2818 3347 3131 3417 Πνεύματος
3162 3347 3273 3426 (5i)
3313 3348 3471 3414 Θεὸς,
3516 3349 3623 3413 πῶς

2046 3439 2108 3492 τὸ
2139 3438 2363 3510 Πνεῦμα
2415 3438 2667 3510 θεότητος
2725 3438 3032 3510 ἀλλότριονς
3097 3440 3525 3512 Ἀντερωτὴσεις
3562 3440 3620 3510 δὴ

2049 3528 2209 3582 πάλιν
2233 3544 2246 3559 ·
2282 3528 2379 3581 Διὰ
2402 3528 2458 3580 τί
2483 3527 2540 3581 δὲ
2564 3528 2626 3580 τὸ
2654 3526 2749 3580 τοῦ
2778 3527 2894 3580 υἱοῦ
2928 3528 3002 3598 μὴ
3030 3525 3249 3598 εἴληφεν
3280 3529 3486 3597 ὃνομας
3509 3529 3624 3590 Τοῖς

2052 3621 2149 3690 μὲν
2182 3619 2289 3691 γὰρ
2327 3619 2635 3691 εἰρημένοις
2661 3619 2947 3690 προσέχειν
2975 3619 3075 3671 οὐκ
3113 3618 3303 3684 ἀξιοῖς,
3335 3617 3431 3671 τοῦ
3469 3618 3526 3671 δὲ
3554 3618 3622 3687 μή

2049 3716 2338 3787 εἰρημένου
2368 3715 2465 3786 τὴν
2494 3717 2673 3769 αἰτίαν
2705 3716 2974 3777 ἀπαιτεῖς,
3005 3713 3193 3784 ὥσπερ
3220 3716 3250 3765 ό
3278 3712 3622 3774 Σαδδουκαῖος

2047 3809 2146 3880 τὴν
2171 3807 2463 3861 ἀνάστασιν
2512 3807 2572 3860 οὐ
2619 3806 2924 3877 δεχόμενος,
2971 3804 3108 3857 ἀλλά
3139 3804 3239 3875 τῆς
3282 3804 3622 3868 ἀναστάσεως

2048 3899 2140 3951 τὸν
2177 3898 2375 3969 τρόπον
2416 3897 2933 3969 περιεργαζόμενος,
2976 3895 3073 3947 καὶ
3113 3895 3174 3946 τὸ
3228 3894 3389 3964 ῥηθὲν
3426 3894 3515 3948 διὰ
3564 3895 3618 3946 τὺ

2053 3990 2127 4061 μὴ
2165 3990 2324 4060 ῥηθὲν
2368 3989 2593 4044 ἀθετῶν.
2638 3988 2753 4042 Κᾶν
2796 3987 3181 4057 σιωπήσωμεν,
3218 3986 3279 4039 ού
3320 3985 3620 4058 βουλόμενοι

2047 4081 2116 4135 τά
2163 4081 2258 4134 τοῦ
2305 4081 2440 4135 Θεοῦ
2495 4077 2985 4152 περιεργάζεσθαι,
3039 4079 3349 4149 νενικῆσθαι
3400 4080 3502 4150 τὴν
3536 4079 3620 4132 τοῦ

2049 4172 2194 4226 θείου
2227 4171 2540 4242 Πνεύματος
2560 4170 2715 4236 δόξαν
2738 4169 3169 4240 ὑπολαμϐάνεις,
3198 4168 3287 4222 διὰ
3311 4169 3372 4222 τὸ
3404 4171 3483 4242 μὴ
3515 4171 3621 4223 κεῖσε

2052 4264 2176 4317 σθαι
2209 4263 2307 4335 τὴν
2348 4263 2440 4317 τοῦ
2491 4261 2607 4315 υἱοῦ
2651 4260 3019 4332 προσηγορίαν
3076 4260 3163 4311 ἐπ’
3212 4259 3396 4326 αὑτοῦ,
3446 4261 3624 4330 ὥσπερ

2049 4354 2169 4424 οὐχὶ
2199 4353 2392 4406 ταυτὸν
2434 4351 2730 4421 δυνάμενος
2763 4347 3132 4404 ἀπαιτεῖσθαι.
3187 4348 3252 4402 Ei
3293 4347 3402 4419 γὰρ
3442 4348 3623 4419 ὁμολο-

2052 4448 2168 4514 γεῖς
2193 4445 2341 4508 υἱοὺς
2370 4444 2457 4497 διὰ
2481 4444 2541 4496 τὸ
2564 4442 2790 4512 Πνεῦμα
2816 4440 2962 4493 θέσει
2986 4439 3232 4507 γίνεσθαι
3250 4438 3360 4509 (52)
3383 4440 3619 4512 μυρίουςι

2052 4537 2140 4591 διά
2170 4538 2222 4591 τί
2270 4539 2331 4592 τὸ
2360 4536 2584 4607 Πνεῦμα
2635 4535 2771 4607 μηδὲ
2812 4534 2959 4587 θέσει
3001 4531 3466 4603 προσαγορεύεται
3497 4531 3618 4592 υίὸς.

2053 4630 2269 4685 κάλλιον
2313 4629 2582 4702 δήπουθεν
2630 4626 2689 4681 ὃν
2727 4625 2837 4679 τῶν
2879 4622 3303 4693 υίοθετουμένων
3348 4624 3531 4696 χάριτι
3558 4617 3619 4674 δι’

2033 4892 2331 4968 ΘεοῦηΑιὶι
2356 4898 2595 4968 quinque
2636 4911 2767 4952 mss.
2801 4896 2863 4950 τὸ
2886 4896 3094 4968 κυρίου
3118 4898 3211 4968 καὶ
3243 4894 3405 4953 Θεοῦ.

2107 4964 2222 5038 (49)
2258 4962 2478 5038 Antiqui
2507 4962 2639 5038 iduo
2689 4969 2810 5022 libri
2853 4962 3071 5038 ἀνάξιον
3111 4965 3256 5022 εἷναί
3313 4984 3420 5021 σοι.
3461 4962 3611 5038 illud,

2034 5032 2280 5106 eivat,'in
2305 5032 2463 5091 editis
2491 5037 2916 5091 desiderabatur.
2952 5036 3157 5091 Ibidem
3194 5038 3324 5091 editi
3376 5036 3608 5106 φαίνεται

377 5103 509 5179 mss.
543 5103 834 5185 ὑπόδειξιν,
880 5103 1140 5185 εεῖίριυιη
1191 5114 1492 5168 invenimus
1526 5114 1577 5185 in
1605 5103 1728 5185 aliis
1765 5111 1935 5164 tribus

2050 5106 2127 5160 τοῦ
2156 5105 2308 5185 Υἱοῦ.
2348 5106 2499 5185 Libri
2529 5107 2738 5185 antiqui
2762 5117 2855 5162 aut
2886 5106 3134 5177 φαίνεται
3175 5107 3279 5178 τῆς
3329 5103 3422 5160 τοῦ
3469 5103 3606 5166 Υἱοῦ,

378 5195 653 5247 codicibus
678 5182 969 5252 ἀπόδειξιν,
994 5182 1211 5241 melius.
1242 5185 1298 5238 In
1328 5182 1569 5251 sequenti
1613 5182 1767 5252 titulo
1803 5195 1931 5252 mss.

377 5264 577 5342 habent
599 5262 693 5316 καὶ
721 5260 783 5313 τὸ
814 5250 1055 5329 [Ινεῦμα.
1083 5257 1292 5310 Aberat
1324 5250 1512 5308 vocula
1548 5250 1642 5305 καί
1669 5268 1698 5304 a
1751 5250 1936 5318 vulga-

379 5343 561 5470 us(.46)
594 5401 743 5472 Regii
770 5416 863 5454 sex
905 5413 1034 5453 mss.
1069 5396 1129 5472 ού
1175 5395 1268 5472 διά
1294 5393 1354 5472 τό
1393 5388 1581 5472 εἴναι-ε
1621 5389 1943 5472 ψιοιιηψιῖιι

376 5462 702 5526 mentiostqu
728 5471 819 5534 :it,
845 5485 950 5523 non
990 5469 1194 5522 dubito.
1230 5466 1412 5521 Codex
1440 5462 1589 5517 Colb.
1630 5473 1684 5515 et
1712 5462 1845 5514 editi
1885 5470 1945 5512 ut

376 5549 431 5597 in
461 5549 736 5593 contextu.

396 5681 408 5695 .
451 5609 562 5695 (47)
590 5606 876 5695 eumue?
906 5606 1055 5695 @372?
1074 5605 1331 5695 Πνξὲομε·
1351 5600 1808 5695 ,ξέά,.ῖίεεξξ,τ.¹ξὶἔὶο.
1830 5597 1940 5653 (⁵ο-

375 5674 479 5736 deit
512 5674 660 5734 Colb.
693 5688 748 5730 et
773 5677 860 5730 alii
895 5688 1125 5745 quatuor
1165 5678 1315 5744 Regii
1351 5677 1423 5745 ita
1458 5674 1834 5745 utéediilimus.

450 5749 561 5812 (48)
598 5748 740 5803 Editi
771 5756 827 5801 et
889 5739 1020 5811 licg.
1063 5739 1331 5803 secundus
1371 5743 1432 5797 τό
1485 5740 1562 5813 τῷ
1609 5740 1812 5811 Κυρίου
1846 5739 1941 5794 καὶ

2034 5188 2127 5231 aut
2155 5177 2409 5247 φαίνεται
2439 5176 2539 5245 τῆς
2562 5177 2717 5230 Υἱοῦ.

2112 5245 2225 5318 (50)
2261 5247 2487 5318 Codices
2509 5263 2616 5318 non
2640 5317 2645 5318 γ
2673 5246 2826 5316 pauci
2861 5247 2927 5299 Ei
2976 5246 3035 5300 δὲ
3078 5247 3167 5302 σύ.
3190 5247 3399 5318 Deerat
3428 5245 3597 5318 vocula

2040 5316 2097 5369 δέ
2124 5314 2214 5372 ’ἱιι
2242 5316 2487 5372 excusis.
2535 5314 2740 5372 Ibidem
2777 5332 2910 5372 mss.
2959 5318 3207 5372 nonnulli
3243 5317 3330 5370 διὰ
3362 5318 3424 5371 τὸ
3455 5314 3610 5369 Πνεῦ-

2043 5404 2224 5538 ἷαὼει)
2275 5456 2380 5538 Hic
2427 5471 2570 5538 ‘mss.
2618 5456 3294 5538 omnestuiéancoihEi.
3330 5459 3393 5510 σὺ
3437 5456 3519 5508 διὰ

2039 5528 2289 5615 Πνεῦμα,
2327 5527 2390 5580 ob
2420 5526 2703 5597 Spiritum.
2734 5527 2879 5581 Editi
2908 5526 3008 5579 aut
3031 5526 3124 5580 τοῦ
3155 5526 3487 5597 Πνεύματος,
3526 5536 3612 5592 per

2041 5599 2481 5739 δμῖἒὲῗῗῖὸιιξοςε
2534 5682 2642 5723 non
2692 5665 2849 5739 pauci
2892 5666 3160 5736 γίνεσθαι.
3217 5666 3366 5724 Editi
3394 5676 3445 5723 et
3483 5664 3606 5733 Reg.

2043 5734 2235 5794 tertius
2264 5736 2536 5804 γενέσθαι.
2692 5734 2710 5739 ⁷
2906 5734 2916 5736 “
3688 5734 3693 5745 '
