3956 6216
329 315 431 368 755

1420 301 1793 358 ADVERSUS
1834 298 2198 358 EUNOMIUM
2236 301 2368 356 LIB.
2414 301 2479 355 V.

3475 302 3578 358 πει

329 426 514 491 αὑτοῦ,
552 426 645 479 καὶ
680 424 767 477 διὰ
810 421 968 475 τοῦτο
1018 420 1215 491 μᾶλλον
1261 418 1360 473 οὐκ
1402 420 1614 490 ὀφεῖλον
1648 419 1902 473 ἐλαττοῦ-

2026 422 2299 491 ul0ptione
2320 419 2538 490 quidem
2569 419 2869 489 appellatur
2913 420 3078 486 illius,
3122 417 3427 490 praesertim
3455 434 3578 474 cum

332 521 453 573 σθαι
476 517 563 571 διά
594 516 692 587 τὴν
722 514 1124 586 προσηγορίαν;
1165 513 1353 584 Ἡμεῖς
1393 512 1451 565 δὲ
1495 513 1588 566 καὶ
1627 512 1757 579 περὶ
1780 510 1903 564 τού-

331 626 421 662 του
448 606 588 661 κατὰ
629 605 690 658 τὸ
720 604 941 657 δυνατὸν
974 602 1415 674 ἀποκρινούμεθα
1454 603 1591 673 πρὸς
1628 604 1775 674 ἡμᾶς
1808 604 1905 656 αὑ-

332 702 477 764 τούς.
525 700 676 752 Ἐπεὶ
701 697 837 768 πρός
864 696 929 765 γέ
957 713 1015 749 σε
1041 696 1134 749 καὶ
1164 696 1371 766 σιωπᾷν
1405 694 1645 767 ἐξήρκει,
1677 696 1776 765 τῆς
1806 697 1906 748 αὑ·-

332 794 430 862 τῆς
473 793 794 864 ἐρωτήσεως
840 787 1195 858 ἐπικειμένης
1239 787 1334 839 καὶ
1372 786 1472 842 σοί.
1521 787 1768 858 Λέγομεν
1815 782 1908 840 οὖν

336 886 471 955 (53),
507 885 587 937 ὃτι
614 884 673 936 τὸ
703 883 878 934 εἰπεῖν
904 880 1016 933 υἱὸν
1045 878 1102 945 ἐξ
1129 877 1258 930 Υἱοῦ
1290 876 1388 948 τὴν
1418 878 1621 949 Τριάδα
1662 881 1759 949 τῆς
1794 878 1910 931 θεό-

336 994 495 1048 τητος
555 977 635 1039 εἰς
690 973 931 1045 πλήθους
991 970 1228 1039 ὑποψίαν
1280 970 1552 1042 προσῆγεν
1605 968 1909 1041 ἀνθρώποις

338 1069 653 1123 ἀκούσασιν.
690 1067 943 1134 ’Έτοιμον
990 1064 1100 1133 γὰρ
1140 1058 1209 1133 ἦν
1256 1062 1567 1125 ὑπολαϐεῖν,
1614 1063 1711 1126 ὡς,
1754 1061 1910 1133 εἴπερ

342 1164 454 1225 υἱὸς
486 1160 544 1226 ἐξ
573 1158 702 1214 Υἱοῦ
732 1157 1070 1227 γεγέννηται,
1103 1154 1196 1208 καὶ
1232 1156 1297 1207 ὲκ
1324 1153 1511 1207 τούτου
1548 1154 1707 1207 πάλιν
1729 1154 1913 1224 ἔτερος

339 1254 404 1308 ἂν
433 1253 518 1322 εἴη
550 1249 961 1321 γεγεννημένος,
1002 1247 1096 1300 καὶ
1122 1246 1284 1300 πάλιν
1310 1245 1490 1309 ἄλλος,
1522 1246 1619 1298 καὶ
1658 1247 1751 1299 ἐπὶ
1776 1244 1913 1313 πλῆ-

341 1351 430 1409 θος
458 1345 602 1416 ἑξῆς.
644 1344 741 1396 Διά
769 1343 833 1413 δὴ
878 1340 1033 1393 τοῦτο
1080 1338 1142 1391 τὸ
1186 1338 1283 1409 μὲν
1336 1339 1401 1391 ἐκ
1445 1338 1577 1391 Θεοῦ
1608 1338 1668 1390 τὸ
1692 1337 1915 1407 Πνεῦμα

341 1434 480 1491 εἶναι
521 1435 733 1508 τρανῶς
773 1431 1106 1504 ἀνεκήρυξεν
1149 1430 1177 1481 ό
1216 1429 1557 1494 Ἀπόστολος,
1582 1429 1780 1498 λέγων,
1811 1430 1913 1489 ὅτι,

347 1530 420 1584 Τὸ
472 1528 714 1596 Πνεῦμα
770 1525 836 1579 τὸ
891 1525 960 1578 ἐκ
1011 1522 1115 1577 τοῦ
1160 1523 1309 1577 Θεοῦ
1362 1521 1675 1591 ἐλάϐομεν.
1717 1521 1827 1574 Καὶ
1856 1521 1917 1574 τὸ

342 1622 429 1675 διὰ
479 1619 610 1674 Υἱοῦ
663 1616 963 1689 πεφηνέναι
1023 1614 1194 1683 σαφὲς
1244 1614 1539 1684 πεποίηκεν
1583 1612 1729 1682 (5-4),
1789 1612 1915 1665 Υἱοῦ

344 1711 567 1783 Πνεῦμα
605 1710 873 1780 ὀνομάσας
900 1707 1031 1762 αὐτὸ
1057 1707 1303 1777 καθάπερ
1331 1704 1488 1766 Θεοῦ,
1519 1705 1612 1757 καὶ
1644 1702 1764 1756 νοῦν
1787 1703 1920 1772 Χρι-

2012 513 2099 576 iis,
2144 526 2283 581 quos
2342 512 2486 564 dono
2517 525 2615 578 pro
2655 510 2778 565 ﬁliis
2814 513 3053 580 adoptat,
3094 512 3437 580 prmstantiot‘
3483 510 3576 574 sit,

2014 601 2243 667 ideoque
2269 601 2449 670 p0tius
2478 616 2582 654 non
2611 601 2805 655 debeat
2834 616 2929 671 per
2960 601 3371 670 appellationem
3403 601 3581 654 immi-

2015 691 2147 746 nui?
2175 690 2285 745 Nos
2316 705 2477 759 porro
2498 692 2664 745 etiam
2702 693 2767 745 de
2792 693 2894 746 hoc
2934 694 3090 748 nobis
3131 695 3262 762 ipsis
3312 708 3411 761 pro
3440 692 3582 746 virili

2016 782 2479 851 respondebimus.
2508 779 2643 835 Nam
2671 784 2811 851 quod
2838 784 2905 837 ad
2933 794 2986 838 te
3016 786 3228 849 attinet,
3262 798 3386 838 cum
3415 783 3583 838 inter-

2018 873 2225 945 rogatio
2251 873 2440 927 eadem
2483 874 2578 927 tibi
2603 874 2768 927 etiam
2797 875 3095 940 incumbat,
3140 875 3300 929 silere
3330 877 3465 929 satis
3496 889 3587 929 es-

2016 979 2118 1019 set.
2150 965 2386 1033 Dicimus
2410 978 2562 1032 ergo,
2590 967 2736 1033 quod
2784 965 2829 1020 si
2877 967 3000 1035 quis
3031 966 3255 1021 dixisset
3291 965 3458 1020 lilium
3509 980 3580 1020 ex

2017 1055 2182 1120 Filio,
2215 1054 2537 1111 Trinitatem
2563 1056 2783 1111 deitatis
2822 1056 2875 1111 in
2916 1058 3277 1113 multitudinis
3313 1058 3586 1127 suspicio-

2020 1162 2141 1202 nem
2165 1149 2304 1217 apud
2328 1147 2574 1202 homines
2590 1148 2678 1217 qui
2707 1149 2810 1202 hoc
2828 1149 3161 1204 audivissent
3187 1189 3202 1216 ,
3251 1149 3585 1204 adduxisset.

2024 1239 2335 1308 Promptum
2365 1255 2597 1309 namque
2643 1250 2762 1295 erat
2791 1241 3080 1308 suspicari,
3109 1240 3154 1295 si
3186 1240 3330 1295 [ilius
3360 1255 3427 1295 ex
3450 1239 3588 1294 Filio

2022 1333 2233 1403 genitus
2266 1331 2478 1398 fuisset,
2517 1332 2679 1387 etiam
2710 1347 2775 1387 ex
2811 1333 2912 1387 hoc
2944 1332 3107 1386 alium
3139 1347 3331 1387 rursus
3351 1332 3591 1403 genitum

2022 1422 2209 1487 fuisse,
2239 1432 2292 1478 et
2322 1438 2511 1477 rursus
2540 1423 2728 1487 alium,
2756 1432 2809 1475 et
2837 1422 2918 1477 sic
2944 1433 3130 1491 postea
3168 1422 3316 1477 iacto
3345 1423 3417 1478 ad
3451 1423 3592 1477 mul-

2026 1517 2306 1571 titudinem
2342 1532 2649 1586 progressu.
2674 1516 2819 1570 Sane
2843 1530 2962 1570 eam
2989 1517 3060 1571 ob
3088 1530 3309 1571 causam
3333 1517 3592 1587 Spiritum

2023 1623 2088 1661 ex
2130 1607 2237 1661 Deo
2271 1622 2390 1662 esse
2419 1607 2732 1677 praedicavit
2784 1616 2970 1677 aperte
3013 1607 3322 1676 Apostolus,
3356 1609 3481 1661 dmn
3512 1607 3594 1661 di-

2024 1697 2133 1752 cit:
2167 1697 2425 1766 Spiritum
2459 1696 2548 1766 qui
2574 1713 2640 1751 ea:
2668 1695 2781 1750 Deo
2803 1707 2901 1761 est,
2940 1699 3235 1766 accepimus
3268 1698 3335 1751 '°.
3373 1698 3510 1764 Quin
3538 1708 3594 1753 et

347 1804 473 1858 στοῦ
514 1800 843 1875 προσειπὼν.
880 1800 1128 1871 καθάπερ
1156 1799 1252 1852 καὶ
1274 1796 1408 1850 Θεοῦ
1440 1795 1682 1865 Πνεῦμα,
1720 1794 1794 1857 ὼς
1828 1793 1918 1846 τοῦ

2026 1789 2166 1842 clare
2179 1790 2411 1842 ostendit
2430 1787 2695 1843 effulsisse
2710 1805 2831 1844 eum
2855 1805 2949 1858 per
2970 1791 3164 1845 Filium
3186 1808 3199 1843 :
3217 1790 3411 1860 quippe
3426 1790 3593 1862 303

345 1894 632 1969 ἀνθρώπου
669 1892 801 1963 (55).
838 1892 963 1944 Υίὺν
992 1891 1050 1944 δὲ
1089 1890 1182 1943 τοῦ
1217 1886 1348 1942 Υἱοῦ
1379 1889 1692 1960 προσειπεῖν
1721 1885 1922 1953 ἐφυλά-

348 1987 495 2052 ξατο,
534 1988 601 2039 ἵν’
631 1980 711 2049 εἷς
752 1984 850 2055 μὲν
888 1982 1075 2054 Πατὴρ
1108 1985 1137 2037 ὁ
1183 1982 1350 2046 Θεὸς,
1386 1981 1475 2034 ἀεὶ
1506 1980 1696 2050 Πατὴρ
1736 1979 1924 2049 διαμέ-

346 2091 473 2137 νων,
511 2073 603 2126 καὶ
626 2070 701 2125 ὢν
732 2072 913 2136 ἀϊδίως
960 2072 988 2125 ὅ
1022 2073 1189 2133 ἐστιν,
1219 2064 1299 2133 εἷς
1344 2070 1402 2122 δὲ
1439 2069 1587 2131 Υἱὸς,
1621 2067 1775 2138 ἀϊδίῳ
1801 2084 1924 2136 γεν-

346 2167 496 2237 νήσει
537 2163 947 2232 γεγεννημένος,
996 2164 1025 2215 ὁ
1062 2161 1312 2233 ἀνάρχως
1342 2159 1454 2231 (56)
1512 2160 1610 2213 σὺν
1645 2158 1724 2230 τῷ
1750 2159 1925 2230 Πατρὶ

346 2254 421 2307 ὢν
450 2254 576 2317 Υἱὸς
609 2253 861 2325 ἀληθινὸς
883 2253 1041 2319 Θεοῦ,
1090 2253 1179 2307 ἀεὶ
1224 2252 1299 2305 ὢν
1349 2253 1377 2306 ὅ
1406 2254 1550 2316 ἐστι,
1598 2252 1729 2316 Θεὸς
1756 2253 1926 2320 Λόγος

348 2345 441 2397 καὶ
474 2342 674 2414 Κύριος
695 2360 709 2373 ·
759 2341 816 2395 ἓν
844 2342 901 2395 δὲ
946 2343 1040 2397 καὶ
1068 2342 1129 2396 τὸ
1158 2341 1385 2413 Πνεῦμα
1414 2341 1474 2393 τὸ
1508 2342 1683 2408 ἆγιον,
1712 2340 1927 2411 ἀληθῶς

348 2438 500 2504 ἆγιον
530 2434 770 2505 Πνεῦμα,
802 2433 941 2488 κατά
988 2434 1049 2487 τὸ
1096 2433 1500 2504 γεγραμμένον,
1538 2432 1598 2485 τὸ
1646 2431 1784 2502 μετὰ
1814 2432 1926 2483 Πα-

346 2527 474 2598 τρδς
505 2527 596 2579 καὶ
623 2525 753 2578 Υἱοῦ
782 2525 1250 2596 συνδοξαζόμενον,
1281 2525 1309 2577 ὃ
1342 2524 1407 2595 δὴ
1432 2524 1525 2578 καὶ
1552 2522 1777 2593 Πνεῦμα
1810 2521 1928 2573 στό-

353 2636 521 2690 ματος
563 2618 882 2689 ὀνομάζεται
920 2617 1069 2687 παρὰ
1115 2617 1192 2687 τῷ
1244 2618 1497 2688 προφήτῃ
1527 2614 1687 2668 Δαϐίδ
1712 2632 1725 2645 ο
1761 2614 1789 2667 ὃ
1835 2614 1928 2666 καὶ

349 2710 608 2764 δάκτυλον
637 2709 769 2761 Θεοῦ
815 2705 954 2762 εἶναι
987 2708 1098 2778 (57)
1133 2706 1513 2777 διδασκόμεθα,
1544 2708 1603 2760 ὲν
1639 2705 1716 2776 τῷ
1746 2704 1926 2772 Εὐαγ-

350 2803 513 2873 γελίῳ
540 2801 633 2856 τοῦ
658 2801 862 2873 Κυρίου
886 2801 1163 2869 λέγοντος·
1190 2802 1259 2853 Εί
1286 2799 1354 2851 δὲ
1379 2799 1453 2853 ἐν
1480 2799 1756 2863 δακτύλῳ
1782 2795 1927 2850 Θεοῦ

349 2887 463 2959 ἐγὼ
490 2888 761 2942 ἐκϐάλλω
787 2887 857 2941 τὰ
878 2887 1169 2957 δαιμόνια.
1207 2887 1437 2958 Εἴρηται
1467 2886 1661 2951 ταῦτα,
1690 2886 1785 2940 καὶ
1810 2885 1927 2939 ἔστι

352 2980 550 3045 καλῶς,
601 2977 676 3042 ὥς
728 2980 843 3032 ἐστι
897 2982 1010 3042 τοῖς
1054 2979 1401 3050 ἀπεριέργως
1465 2979 1811 3032 πιστεύουσιν
1850 2980 1930 3040 εἰς

352 3069 486 3123 Θεὸν
532 3070 626 3124 καὶ
656 3071 828 3139 Λόγον
861 3071 953 3125 καὶ¹
998 3070 1257 3141 Πνεῦμα,
1304 3070 1432 3141 μίαν
1467 3067 1633 3124 οὖσαν
1675 3071 1924 3143 θεότητα,

350 3162 449 3234 τὴν
479 3162 572 3215 καὶ
610 3162 776 3233 μόνην
816 3162 1212 3232 προσκυνητήν.
1266 3162 1377 3214 Καὶ
1409 3159 1658 3231 μηδαμοῦ
1693 3161 1925 3231 παρείσ-

2025 1880 2196 1949 ipsum
2221 1889 2278 1933 ut
2311 1879 2453 1943 Filii,
2488 1881 2562 1934 ita
2604 1881 2693 1933 Dei
2735 1881 2996 1949 Spiritum
3053 1881 3387 1945 nominavit;
3441 1895 3594 1936 eum-

2024 1973 2256 2041 demque
2292 1971 2580 2041 appellavit
2610 1970 2815 2026 Christi
2854 1983 3112 2038 mentem,
3141 1972 3592 2041 quemadmodum

2024 2063 2185 2116 etiam
2221 2071 2280 2115 ut
2301 2062 2417 2126 Dei,
2446 2062 2521 2115 ita
2546 2062 2780 2116 hominis
2803 2061 3051 2130 spiritum
3083 2061 3397 2115 dixerat.At
3426 2060 3592 2115 [ilium

2024 2153 2143 2208 Filii
2168 2152 2441 2223 appellare
2468 2153 2630 2218 cavit,
2660 2162 2718 2205 ut
2742 2168 2881 2206 unus
2909 2153 2981 2206 sit
3004 2152 3220 2220 quidem
3246 2150 3406 2206 Pater
3433 2151 3595 2216 Deus,

2026 2261 2240 2316 semper
2274 2245 2437 2300 Pater
2468 2260 2814 2315 permanens,
2849 2254 2904 2300 et
2934 2246 3025 2315 qui
3051 2254 3312 2300 aeternum
3338 2254 3425 2301 est
3450 2246 3596 2315 quod

2026 2349 2109 2394 est
2143 2357 2157 2393 :
2191 2354 2331 2393 unus
2357 2354 2484 2393 vero
2518 2338 2710 2402 Filius,
2745 2346 2947 2392 interna
2984 2336 3334 2408 generatione
3372 2351 3597 2406 genera-

2029 2440 2136 2496 tus,
2180 2431 2272 2499 qui
2330 2432 2449 2484 sine
2480 2429 2746 2500 principio
2792 2445 2899 2483 una
2950 2443 3072 2483 cum
3119 2428 3281 2483 Patre
3316 2438 3400 2482 est
3426 2427 3598 2483 Filius

2028 2521 2169 2577 Deus
2203 2534 2382 2587 verus,
2413 2521 2504 2589 qui
2532 2536 2747 2589 semper
2772 2529 2855 2574 est
2884 2525 3026 2590 quod
3052 2529 3155 2583 est,
3185 2519 3324 2574 Deus
3361 2518 3592 2573 Verbum

2028 2624 2083 2669 et
2110 2613 2407 2680 Dominus;
2443 2620 2498 2667 et
2531 2628 2667 2667 unus
2700 2613 2935 2681 Spiritus
2964 2622 3207 2677 sanctus,
3228 2626 3356 2667 vere
3381 2622 3598 2667 sanctus

2031 2704 2283 2773 Spiritus,
2315 2705 2609 2760 secundum
2642 2705 2696 2759 id
2727 2707 2870 2774 quod
2901 2706 3162 2775 scriptum
3193 2712 3314 2770 est;
3355 2706 3445 2774 qui
3474 2720 3599 2759 cum

2029 2794 2192 2849 Patre
2219 2806 2274 2848 et
2305 2794 2444 2848 Filio
2481 2795 2960 2863 congloriticatur;
3005 2796 3093 2862 qui
3129 2804 3182 2849 et
3225 2794 3463 2864 Spiritus
3488 2795 3599 2850 oris

2030 2901 2061 2939 a
2104 2886 2365 2956 propheta
2419 2885 2586 2939 David
2643 2886 2955 2940 nominatur
2979 2884 3048 2949 ⁸⁸,
3087 2900 3248 2955 quem
3281 2896 3338 2940 et
3374 2884 3599 2955 digitum

2030 2977 2125 3033 Dei
2164 2991 2283 3031 esse
2328 2978 2608 3042 docemur,
2647 2992 2769 3030 cum
2823 2977 3082 3032 Dominus
3112 2977 3166 3030 in
3208 2975 3497 3047 Evangelia
3519 2978 3599 3031 di-

2032 3078 2119 3123 cat.
2147 3070 2190 3102 "
2223 3087 2238 3124 :
2299 3068 2361 3124 Si
2393 3086 2510 3123 vero
2538 3070 2592 3123 in
2634 3069 2799 3139 digito
2840 3069 2933 3123 Dei
2981 3086 3073 3140 ego
3106 3069 3262 3140 ejicio
3309 3069 3599 3125 dtemonia.

2034 3160 2157 3216 Haec
2216 3160 2358 3215 dicta
2399 3168 2547 3225 sunt,
2580 3169 2635 3215 et
2683 3168 2810 3214 sunt
2842 3172 3003 3215 recte
3039 3162 3201 3225 dicta,
3242 3161 3405 3217 sicuti
3451 3172 3600 3227 sunt,

350 3255 501 3316 δυσις
524 3254 748 3325 γένηται
776 3254 1031 3324 πλήθους,
1061 3250 1173 3305 ἀλλ’
1204 3254 1434 3307 ἕκαστον
1463 3255 1556 3306 ἐπὶ
1582 3254 1683 3323 τῆς
1697 3253 1918 3324 Τριάδος

2032 3254 2101 3309 iis
2119 3255 2232 3323 qui,
2259 3255 2377 3309 sine
2400 3256 2618 3311 curiosa
2637 3256 3072 3327 investigatione,
3089 3258 3318 3311 credunt
3345 3256 3399 3311 in
3430 3255 3599 3311 Deum

351 3345 409 3397 ἓν
434 3345 491 3397 ὃν
518 3344 960 3415 ἐπιγινώσκηται,
996 3340 1076 3407 εἷς
1105 3344 1313 3416 Πατὴρ,
1346 3340 1425 3408 εἷς
1448 3344 1594 3410 Υἱὸς,
1623 3345 1681 3397 ἓν
1700 3344 1918 3415 Πνεῦμα

2032 3356 2087 3400 et
2111 3344 2349 3402 Verbum
2366 3357 2422 3403 et
2451 3345 2736 3415 Spiritum,
2767 3363 2929 3402 unam
2957 3349 3239 3411 deitatem,
3268 3362 3389 3418 quae
3408 3358 3464 3402 ct
3489 3349 3601 3403 sola

353 3436 526 3505 ἆγιον.
2034 3439 2307 3494 adoranda
2348 3451 2457 3494 est.
2488 3438 2555 3494 Et
2601 3448 2661 3493 ut
2700 3454 2965 3509 nusquam
2999 3440 3370 3493 introducatur
3416 3440 3601 3493 multi-

354 3528 504 3592 tudo,
526 3529 617 3583 sed
642 3527 1056 3596 unumquodque
1098 3528 1149 3581 in
1177 3526 1441 3583 Trinitate
1505 3544 1667 3583 unum
1736 3542 1859 3585 esse
1920 3541 2302 3599 cognoscatur,
2373 3546 2512 3587 unus
2542 3531 2704 3586 Pater
2730 3570 2745 3595 ,
2770 3546 2911 3586 unus
2935 3530 3140 3597 Filius,
3170 3546 3310 3588 unus
3363 3533 3601 3602 Spiritus

353 3636 410 3675 su
421 3630 593 3677 nctus.

353 3715 485 3783 'Ott
520 3714 621 3767 καὶ
671 3713 817 3767 ἄνευ
875 3714 978 3767 τοῦ
1020 3711 1332 3783 καλεῖσθαι
1392 3712 1526 3767 υἱὸν
1579 3716 1643 3767 τὸ
1691 3714 1918 3783 Πνεῦμα

2032 3714 2187 3780 Quod
2208 3716 2415 3768 etiamsi
2453 3714 2691 3778 Spiritus
2723 3731 2827 3768 non
2857 3726 3068 3768 vocetur
3091 3715 3255 3782 ﬁlius,
3273 3715 3602 3782 perspicuum

427 3782 618 3851 δῆλόν·
655 3784 827 3855 ἐοςτιν
858 3783 925 3836 ἐκ
967 3784 1127 3855 Θεοῦ⁸
1157 3781 1465 3855 ὑπάρχον·
1522 3784 1620 3836 καὶ
1651 3783 1765 3855 (58)
1806 3781 1918 3855 πῶς

2101 3795 2274 3855 tamen
2302 3797 2375 3837 est
2400 3801 2516 3837 eum
2549 3800 2612 3837 ea:
2654 3785 2762 3837 Deo
2795 3800 2906 3838 esse
2931 3799 2950 3837 :
2981 3795 3029 3837 et
3070 3781 3328 3853 quomodo
3364 3781 3601 3853 exempla

423 3854 494 3907 τὰ
544 3851 882 3920 ἀνθρώπινα
938 3852 1383 3975 παραδείὲματα
1435 3851 1918 3923 προσαρμόστέον

423 3924 669 3975 θεότητι.
705 3923 803 3975 καὶ
827 3925 898 3975 οὐ
924 3929 1200 3975 καθαιοετ
1235 3940 1326 3975 ογ.

2096 3854 2326 3907 humana
2346 3855 2449 3908 sint
2480 3854 2752 3908 divinitati
2770 3851 3245 3921 accommodanda,
3266 3864 3314 3907 et
3340 3870 3441 3909 non
3471 3851 3600 3924 reji-

2096 3926 2303 3975 cienxta.

419 3924 669 3990 θεότητι,
705 3923 803 3976 καὶ
827 3925 898 3976 οὐ
924 3923 1326 3989 καθαιρετέογ.

418 4015 553 4069 Οὐδὲ
581 4014 690 4085 γὰρ
725 4013 944 4067 ἔλαττόν
986 4031 1039 4066 τι
1084 4013 1226 4077 ἕξειν
1264 4013 1375 4083 (59)
1428 4012 1694 4084 μέλλομεν
1741 4016 1822 4079 είς
1868 4015 1928 4069 τὸ

352 4106 635 4175 γινώσκειν
657 4105 718 4159 τὸ
749 4105 973 4176 Πνεῦμα
998 4105 1246 4176 ὑπάρχον
1286 4108 1351 4158 ἐκ
1378 4104 1532 4170 Θεοῦ,
1577 4105 1799 4177 Πνεῦμα
1830 4106 1924 4159 τοῦ

356 4197 617 4265 στόματος
656 4196 820 4249 αὐτοῦ
863 4195 1150 4258 ἀκούοντες
1197 4195 1348 4249 αὑτό.
1410 4195 1548 4247 Ἀλλ’
1591 4196 1773 4249 ἱκανὸν
1817 4198 1914 4249 καὶ

353 4284 508 4338 τοῦτο
539 4286 600 4338 τὸ
626 4287 795 4356 ὃνομα
825 4289 923 4357 τὴν
955 4286 1065 4357 (ϐθ)
1097 4285 1329 4357 ὓπαρξιν
1362 4286 1523 4339 αὐτοῦ
1551 4286 1787 4357 δηλῶσαι
1826 4288 1924 4359 τὴν

355 4375 419 4426 ἐκ
447 4374 603 4427 Θεοῦ.
631 4375 766 4428 Οὐδὲ
797 4376 906 4446 γάρ
933 4378 1079 4440 υἱὸς,
1126 4376 1233 4429 οὐδ’
1267 4377 1300 4446 ἡ
1333 4376 1591 4445 γέννησις
1638 4375 1769 4429 ἱδιον
1802 4377 1922 4430 θεό-

351 4480 533 4537 τητος,
567 4465 678 4518 ἀλλ’
710 4466 768 4531 ἐξ
801 4466 1145 4538 ἀνθρωπίνης
1173 4467 1488 4537 ὁμοιότητος
1527 4466 1638 4533 (61)
1667 4467 1919 4537 ἀνῆκται.

2096 3926 2303 3977 ciemta.

2094 4014 2280 4083 Neque
2318 4015 2461 4068 enim
2515 4013 2700 4069 minus
2755 4014 3033 4083 quidpiam
3078 4029 3267 4069 sumus
3320 4014 3599 4078 habituri,

2021 4108 2164 4160 unde
2193 4107 2456 4174 Spiritum
2486 4120 2881 4175 cognoscamus
2922 4121 2990 4161 ex
3028 4105 3137 4160 Deo
3163 4121 3305 4171 esse,
3336 4106 3424 4161 ubi
3464 4120 3590 4161 eum

2022 4199 2135 4253 oris
2195 4199 2336 4252 illius
2384 4197 2647 4267 Spiritum
2685 4199 3018 4255 audierimus
3034 4198 3101 4251 ⁸³.
3143 4199 3351 4252 Etenim
3385 4198 3466 4252 vel
3501 4198 3601 4251 hoc

2021 4304 2221 4344 nomen
2257 4289 2457 4344 suﬂicit
2480 4291 2545 4345 ad
2584 4291 2701 4360 ejus
2726 4292 3103 4347 exsistentiam
3128 4305 3247 4358 quae
3278 4304 3341 4343 ex
3377 4291 3483 4343 Deo
3512 4298 3597 4343 est

2020 4379 2427 4432 declarandam.
2463 4380 2647 4449 Neque
2681 4382 2825 4436 enim
2870 4382 3033 4446 lilius,
3078 4394 3257 4445 neque
3300 4378 3596 4449 generatio,

2020 4470 2307 4539 praprium
2347 4470 2571 4524 deitatis
2599 4479 2703 4537 est,
2736 4472 2829 4528 sed
2861 4472 3115 4541 quiddam
3147 4478 3230 4524 est
3258 4469 3493 4523 humana
3526 4468 3600 4523 si-

423 4577 470 4610 ¹⁰
499 4578 519 4632 l
548 4578 673 4633 Cor.
710 4593 777 4643 tt,
812 4578 897 4632 12.
976 4579 1020 4610 δι
1065 4578 1203 4632 Psal.
1248 4593 1421 4644 xxxii,
1474 4578 1526 4632 6.
1604 4579 1652 4611 ⁸⁸
1684 4578 1815 4635 Luc.
1854 4595 1906 4633 xl

2032 4620 2046 4635 .
2127 4583 2175 4614 ⁸³
2209 4582 2353 4638 Psal.
2392 4600 2567 4647 xuii,
2597 4583 2653 4639 6.

425 4717 539 4798 ($5)
568 4711 801 4798 Ρνοοῦν
843 4717 1432 4798 ,Ιθβίιιῃ-λξιηηᾳιιαιιιρι·
1456 4719 1735 4798 codicibus
1761 4720 1912 4788 γοῦν.
1951 4728 1997 4785 D

353 4786 569 4859 Iliitletii
604 4787 742 4859 pediti
806 4786 925 4859 υἱοῦ
946 4786 1033 4859 ktl-EE,
1060 4786 1231 4859 Υἱοῦ,
1258 4789 1580 4858 negligentia
1604 4786 1914 4859 operarum.

350 4858 571 4926 Antiqui
603 4857 723 4909 libri
763 4857 878 4909 υἱὸν
908 4855 968 4922 ἐξ
997 4857 1142 4910 Υἱοῦ.

423 4927 697 4999 (δυΕιΙίιί
751 4938 805 4980 et
852 4943 978 4999 mss.
1035 4928 1272 4981 nonnulli
1335 4925 1524 4996 σαφῶς
1588 4927 1914 4999 πεποίηκεν.

349 4997 454 5050 Alii
492 5007 601 5048 tres
631 5012 755 5050 mss.
787 4997 952 5064 σαφὲς
984 5014 1115 5050 πεπ.

421 5065 534 5135 (55)
559 5064 779 5120 Veteres
801 5068 1002 5133 aliquot
1033 5066 1151 5120 libri
1175 5066 1250 5129 ὡς
1275 5065 1335 5119 τὸ
1355 5064 1665 5136 ἀνθρώπου.
1690 5067 1918 5122 Dubium

350 5144 592 5197 nonest,
618 5137 745 5203 quin
782 5138 1017 5200 scriptor
1069 5138 1320 5202 respiciat
1354 5138 1418 5191 ad
1446 5137 1558 5190 inec
1598 5138 1759 5191 verba
1793 5138 1917 5203 Epi-

349 5206 502 5258 stulae
541 5207 725 5272 prima:
776 5206 843 5257 ad
882 5207 1127 5261 Corinth.
1156 5220 1215 5267 tt,
1249 5207 1304 5258 Η
1344 5224 1357 5257 :
1410 5206 1540 5269 Quis
1576 5209 1714 5259 enim
1745 5208 1919 5258 homi-

350 5290 472 5326 num
510 5276 604 5327 scit
627 5289 743 5344 qua!
773 5285 897 5327 sunt
936 5276 1189 5332 hominis.
1215 5276 1318 5327 nisi
1348 5277 1567 5335 spiritus
1598 5276 1918 5330 hominis....

350 5345 423 5412 ita
448 5355 493 5397 et
524 5360 642 5406 quae
671 5344 761 5395 Dei
790 5356 930 5407 sunt,
964 5360 1112 5397 nemo
1144 5350 1380 5412 cognovit
1412 5346 1513 5397 nisi
1539 5344 1767 5412 Spiritus
1800 5345 1916 5399 Dei.

351 5411 463 5484 Hoc
489 5414 659 5484 igitur
690 5415 837 5478 dicit,
873 5413 1101 5467 Paulum
1139 5411 1243 5467 non
1295 5416 1454 5467 aliter
1502 5411 1643 5484 loqui
1680 5417 1747 5468 de
1798 5415 1921 5482 Spi-

351 5483 455 5552 ritu
485 5482 601 5546 Dei,
638 5498 797 5552 quam
827 5486 892 5538 de
928 5485 1121 5551 spiritu
1156 5485 1413 5537 hominis.
1572 5482 1585 5484 ⁷
1833 5504 1840 5511 δ

420 5548 531 5620 (56)
595 5548 825 5621 νάιοι-οε¹
870 5548 1078 5622 aliquot
1126 5553 1244 5608 libri
1302 5553 1558 5623 ἄναρχος.
1614 5554 1723 5611 Vox
1756 5557 1830 5612 ὧν
1862 5556 1918 5613 in

352 5624 529 5675 multis
551 5640 681 5676 mss.
725 5638 829 5675 non
866 5624 1156 5677 invenitur.

351 5689 533 5816 mg?)
566 5693 715 5759 Illud,
750 5688 927 5760 εἶναι,
988 5692 1282 5749 ex.codice
1340 5692 1653 5750 Colbertino
1702 5694 1916 5753 addidi-

2116 4717 2206 4785 58)
2243 4719 2442 4773 Vocula
2466 4721 2568 4773 καί
2594 4721 2644 4772 in
2677 4736 2807 4773 mss.
2841 4720 3039 4774 nostris
3074 4736 3176 4773 non
3204 4719 3422 4786 legitur.

2116 4721 2206 4785 58)
2243 4721 2442 4773 Vocula
2466 4721 2568 4773 καί
2594 4721 2644 4772 in
2677 4736 2807 4773 mss.
2841 4721 3039 4774 nostris
3074 4736 3176 4773 non
3204 4721 3422 4786 legitur.

2092 4721 2206 4860 {59)
2238 4788 2371 4860 Reg.
2400 4793 2671 4860 secundus
2702 4790 2919 4843 ἔλαττόν
2944 4807 2997 4843 τι
3027 4790 3297 4855 διεξιέναι.
3333 4790 3463 4859 Reg.
3492 4802 3601 4845 ter-

2018 4858 2123 4912 tius
2152 4858 2372 4911 ἔλαττόν
2401 4875 2453 4910 τι
2492 4859 2716 4925 ἐξιέναι.
2754 4860 2934 4929 Neque
2955 4860 3087 4913 enim
3109 4861 3394 4929 quidquam
3420 4858 3599 4913 mino-

2017 4930 2090 4981 ris
2121 4929 2370 4999 momenti
2423 4932 2693 4981 narraturi
2739 4946 2939 4981 sumus.
2960 4930 3181 4999 ibidem
3206 4931 3335 4999 editi
3367 4929 3597 4999 ἐμέλλο-

2020 4997 2332 5118 μεν.ὲιιίι)τὶ
2380 5000 2588 5068 antiqui
2621 4999 2908 5069 μέλλομεν.
2940 4993 3181 5052 Subinde
3205 4998 3361 5053 Colb.
3397 4993 3583 5071 ὖπάρ-

2020 5085 2131 5118 νειν
2183 5083 2238 5118 κ.

2084 5085 2131 5120 ιν
2152 5083 2238 5120 εκ.

2016 5085 2384 5208 ἱξεῧὶῧῖἘᾷίιί
2429 5139 2495 5191 ὲκ
2531 5137 2688 5203 Θεοῦ,
2729 5137 2791 5191 τὸ
2822 5136 3046 5207 Πνεῦμα
3074 5134 3170 5208 τοῦ
3212 5137 3485 5208 στόματος
3501 5138 3596 5192 τοῦ

2016 5204 2151 5259 Θεοῦ
2182 5204 2490 5270 ἀκούοντες.
2508 5208 2729 5277 Ἱκανὸν
2750 5208 2858 5277 γὰρ
2884 5204 3015 5277 αὐτὸ
3042 5207 3103 5259 τὸ
3121 5206 3289 5276 ὄνομα
3313 5204 3430 5277 τήν.
3461 5207 3594 5277 Reg.

2021 5285 2247 5348 quartus
2292 5277 2356 5331 ὲκ
2397 5276 2554 5348 Θεοῦ,
2602 5275 2836 5348 Πνεῦμα
2865 5276 2959 5348 τοῦ
2996 5275 3262 5348 στόματος
3325 5275 3596 5348 τοῦΑΘεοῦ

2018 5345 2308 5418 ἀκούοντες
2360 5346 2511 5401 αὑτό.
2553 5348 2691 5401 Ἀλλ’
2730 5345 2912 5401 ἱκανὸν
2959 5348 3054 5399 καὶ
3096 5345 3267 5399 τοῦτο
3320 5347 3383 5400 τὸ
3423 5346 3597 5418 ὄνομα

2016 5418 2138 5501 τήν..
2179 5416 2322 5501 βεξὶ
2340 5419 2649 5501 ᾳιείιιιιιελιι
2674 5419 2784 5498 ~legi
2825 5419 3153 5501 in~contextu
3190 5427 3388 5498 potest.
3407 5416 3591 5501 {Eone}:

2016 5485 2167 5539 (λιιι).
2190 5487 2255 5538 ὲκ
2280 5485 2439 5552 Θεοῦ,
2470 5485 2532 5540 τὸ
2564 5485 2787 5557 Πιεῦμά
2819 5485 2913 5541 τοῦ
2938 5486 3217 5557 ’πόματος
3248 5502 3262 5515 ·
3295 5488 3347 5541 in
3373 5487 3594 5558 reliquis

2018 5570 2303 5637 vero-cuin
2335 5553 2467 5626 Reg.
2506 5559 2696 5637 quinto
2726 5561 3024 5637 consentit:
3072 5626 3094 5637 A
3235 5626 3248 5637 ί
3400 5629 3412 5637 _
3535 5624 3548 5637 ι

2087 5625 2168 5692 (6|
2181 5635 2214 5700 )_
2248 5625 2378 5695 iteg.
2419 5624 2688 5700 secundus
2739 5636 2793 5700 et
2831 5628 2960 5680 editi
2994 5626 3349 5700 ἀνθρωπίνης
3390 5624 3591 5699 ὁμοιώ-

2017 5712 2173 5758 σεως.
2194 5697 2261 5747 At
2289 5711 2417 5749 mss.
2444 5697 2596 5749 multi
2626 5696 2962 5759 ὁμοιότητος.
2993 5696 3190 5750 Ibidem
3217 5696 3343 5752 editi
3376 5696 3435 5750 et
3459 5714 3589 5752 mss.

2013 5782 2117 5821 non
2158 5766 2313 5835 pauci
2347 5760 2635 5837 'Opoiwot;
2657 5760 2712 5820 δὲ
2741 5767 2835 5821 καὶ
2866 5768 2920 5837 ή,
2950 5764 3045 5821 Est
3074 5782 3276 5839 quoque
3296 5767 3593 5823 similitudo
