3956 6216
378 277 483 333 735
1688 268 1744 323 S.
1790 266 2036 322 BASILll
2077 262 2295 322 MACNI
3549 260 3664 315 736

381 389 687 444 militudine
736 387 1054 442 adductum.
1094 384 1358 441 Similiter
1399 393 1579 439 autem
1618 394 1674 437 et
1723 384 1984 453 spiritus.

2094 381 2293 451 )polm;
2315 380 2372 433 δὲ
2401 381 2494 432 καὶ
2531 380 2564 451 ἡ
2602 375 2694 431 τοῦ
2721 375 3036 448 πνεύματος
3071 374 3396 449 πρόσρησις.
3458 377 3668 436 Ταύτῃ

378 478 683 549 appellatio.
726 477 837 533 llac
881 478 1044 547 igitur
1086 476 1140 529 in
1174 476 1357 530 divino
1391 474 1597 542 Spiritu
1625 489 1719 527 usa
1763 482 1847 528 est
1879 473 1957 526 di-

2094 473 2237 526 οίνυν
2270 472 2364 526 καὶ
2386 472 2480 524 ἐπὶ
2502 470 2596 524 τοῦ
2625 468 2770 524 θείου
2802 469 2912 541 (62)
2941 470 3258 541 Πνεύματος
3280 475 3316 542 ή
3346 472 3473 525 θεία
3501 473 3665 543 Γρα-

378 573 506 624 vina
538 569 840 638 Si2rip:ura,
867 570 1027 622 aliter
1054 583 1122 622 ex
1146 568 1257 622 Deo
1283 581 1405 621 esse
1427 567 1752 631 ostendens;
1784 581 1957 634 quan-

2094 563 2134 635 ὴ
2190 563 2473 634 κέχρηται,
2529 562 2730 633 ἑτέρως
2777 562 2840 616 τὺ
2897 563 2963 615 ἐκ
3007 562 3144 617 Θεοῦ
3191 565 3616 635 παραστήσασα
3646 578 3666 595 ⁸

382 661 696 729 doquidem,
723 670 782 713 ut
816 662 965 731 prius
995 661 1197 715 dictum
1221 669 1324 720 est,
1354 674 1458 713 non
1490 659 1781 728 oportebat
1814 659 1957 713 hunc

2094 655 2361 726 πειδήπερ
2390 655 2489 709 οὐκ
2521 656 2690 727 ἐχρῆν
2722 654 2810 708 διὰ
2839 656 2938 726 τῆς
2982 656 3152 726 αὐτῆς
3183 656 3505 725 ὁμοιώσεως
3558 657 3670 711 καὶ

385 753 550 806 etiam
598 766 694 822 per
742 752 990 807 eamdem
1050 751 1463 806 similitudinem
1512 749 1829 819 signiﬁcari.
1877 747 1959 803 Tu

2094 746 2218 799 οῦτο
2242 747 2456 817 δηλοῦν,
2484 746 2559 809 ὡς
2592 748 2910 818 προείρηται
2928 746 3059 817 (65).
3085 750 3157 803 Σὺ
3179 749 3236 801 δὲ
3254 752 3370 813 τοῖς
3392 749 3669 814 ἀπίστοις

384 859 539 910 vero,
570 844 793 911 perinde
829 852 888 899 ut
928 843 1190 907 inﬁdeles,
1219 843 1415 897 divina:
1434 851 1486 895 te
1508 842 1767 895 doctrina:
1793 856 1962 910 oppo-

2097 840 2264 909 μοίως
2310 839 2739 903 ἀντιδιατάττεις
2767 843 2832 911 τῇ
2868 839 2988 910 θεία
3017 840 3356 912 διδασκαλίᾳ,
3397 844 3669 897 σπεύδων

384 937 492 1000 nis,
530 934 792 990 festinans
822 937 888 990 ad
918 936 1326 1004 blasphemiam.
1373 935 1433 988 Et
1473 935 1727 1003 quaniam
1779 932 1959 1002 Spiri-

2094 931 2156 983 πὶ
2199 930 2297 1001 τὴν
2344 930 2711 1001 βλασφημίαν.
2764 932 2876 985 Καὶ
2920 932 3004 985 ὅτι
3063 933 3137 1004 μὴ
3191 935 3451 1004 γέννησις
3486 937 3523 1006 ἡ
3560 936 3668 988 τοῦ

388 1039 475 1083 tus
505 1043 571 1082 ex
602 1029 709 1082 Deo
739 1029 1016 1097 processio
1048 1043 1152 1081 non
1190 1036 1381 1081 vocata
1420 1035 1503 1080 est
1544 1026 1841 1094 generatio,
1881 1025 1961 1080 id-

2094 1022 2381 1093 ινεύματος
2420 1019 2647 1093 πρόοδος
2694 1023 2760 1076 ὲκ
2800 1022 2938 1076 Θεοῦ
2981 1022 3281 1096 κέκληται,
3334 1026 3428 1081 διὰ
3490 1027 3673 1082 τοῦτο

387 1121 535 1175 circo
584 1129 641 1173 et
686 1119 826 1174 hanc
875 1118 1115 1189 Spiritus
1170 1133 1234 1172 ex
1287 1117 1379 1171 Dei
1422 1133 1516 1171 ore
1556 1117 1961 1186 processionem

2094 1115 2161 1167 ιαὶ
2212 1113 2310 1184 τὴν
2350 1115 2413 1165 ὲκ
2450 1113 2716 1183 στόματος
2758 1113 2893 1167 Θεοῦ
2938 1116 3164 1187 πρόοδον
3190 1116 3285 1171 τοῦ
3327 1118 3673 1189 Πνεῦματος

391 1213 531 1266 tollis
561 1220 650 1267 :et
681 1213 805 1280 quia
838 1212 979 1265 lilins
1005 1226 1110 1264 non
1141 1214 1477 1271 nominatur,
1503 1211 1621 1263 ideo
1657 1223 1756 1262 nec
1788 1208 1962 1277 ipsum

391 1301 654 1372 Spiritum
706 1303 821 1356 oris
867 1302 960 1356 Dei
1003 1316 1125 1357 esse
1165 1303 1377 1365 credis,
1429 1301 1525 1356 sed
1581 1317 1835 1355 manuum
1870 1300 1964 1355 Dei

389 1410 561 1464 opus;
590 1410 653 1449 ac
679 1394 874 1462 spretis
898 1394 1150 1448 humanis
1178 1394 1444 1461 exemplis
1474 1393 1748 1447 subvertis
1778 1392 1962 1447 divitia

390 1501 513 1554 qua:
557 1501 623 1540 ex
668 1486 749 1540 eis
799 1485 1172 1554 intelliguntur
1205 1487 1478 1554 dogmata,
1515 1500 1639 1539 cuin
1694 1492 1968 1552 oporteret

397 1578 581 1633 divina
609 1579 774 1634 verba
804 1594 925 1632 cum
954 1580 1146 1633 timore
1167 1578 1377 1639 audire.
1403 1588 1458 1632 et
1480 1577 1741 1646 quidquid
1769 1575 1968 1630 dicitur

391 1683 516 1724 cum
543 1670 743 1738 pietate
769 1670 1036 1739 recipere,
1068 1682 1173 1722 non
1206 1669 1525 1723 stultissima
1553 1667 1798 1722 cavillari
1834 1681 1970 1721 con-

2066 1204 2307 1275 ἀναιρεῖς
2338 1202 2447 1275 (64)
2474 1221 2486 1233 ·
2517 1204 2613 1256 καὶ
2637 1204 2717 1257 ὅτι
2748 1202 2822 1275 μὴ
2852 1203 2967 1268 υἱὸς
2995 1206 3334 1277 ὀνομάζεται,
3372 1209 3467 1262 διὰ
3492 1211 3673 1264 τοῦτο

2067 1295 2186 1349 οὐδὲ
2227 1295 2452 1367 Πνεῦμα
2499 1296 2629 1350 αὐτὸ
2676 1297 2943 1366 στόματος
2971 1296 3105 1351 Θεοῦ
3138 1294 3277 1352 εἶναι
3325 1302 3671 1367 πιστεύεις,

2067 1386 2183 1440 ἀλλ’
2216 1387 2375 1458 ἔργον
2415 1388 2612 1459 χειρῶν
2656 1387 2793 1441 Θεοῦ
2816 1411 2827 1422 ·
2863 1389 2958 1441 καὶ
3004 1391 3361 1460 καταφρονῶν
3397 1392 3515 1459 (65)
3550 1394 3676 1446 τῶν

2068 1478 2425 1551 ἀνθρωπίνων
2455 1480 2915 1551 παραδειγμάτων
2936 1520 2951 1545 ,
2984 1483 3311 1553 ἀνατρέπεις
3342 1485 3415 1538 τὰ
3458 1485 3522 1550 ἐξ
3569 1489 3680 1541 αὺ-

2069 1572 2179 1625 τῶν
2214 1571 2331 1625 θεῖα
2359 1570 2626 1642 δόγματα,
2661 1572 2779 1625 δέον
2803 1572 3025 1625 ἀκούειν
3059 1574 3168 1627 τῶν
3194 1575 3357 1628 θείων
3387 1579 3678 1647 ῥημάτων

2075 1663 2171 1717 σὺν
2207 1662 2377 1733 φόϐῳ,
2410 1664 2501 1716 καὶ¹
2529 1662 2780 1733 δέχεσθαι
2824 1648 3213 1736 σὺῦέὑσεσείᾳ
3260 1668 3371 1719 πᾶν
3409 1667 3475 1720 τὸ
3501 1667 3678 1736 λεγό-

394 1771 477 1815 tra
508 1760 780 1830 pietatem.
820 1759 1056 1816 Generat
1092 1761 1233 1814 Deus
1271 1777 1376 1814 non
1430 1772 1488 1813 ut
1520 1760 1718 1825 homo;
1747 1767 1975 1829 generat

2094 1771 2256 1818 ιενον,
2287 1755 2382 1808 καὶ
2417 1755 2491 1825 μὴ
2515 1754 2804 1824 μωρότατα
2825 1755 2965 1808 κατά
2995 1756 3095 1825 τῆς
3118 1754 3227 1827 (66)
3257 1757 3558 1821 εὐσεϐείας
3584 1776 3682 1811 σο-

396 1861 575 1906 tanien
615 1860 859 1906 vere:et
898 1852 1144 1921 genimen
1196 1852 1341 1921 quod
1396 1867 1466 1906 ex
1524 1853 1640 1920 ipso
1694 1861 1800 1915 est,
1834 1852 1970 1915 edit,

397 1941 634 1997 Verbum
673 1943 943 2009 videlicet,
982 1959 1088 1997 non
1124 1945 1455 2008 humanum;
1483 1942 1600 1997 edit
1625 1953 1806 1996 autem
1838 1943 1973 1996 Ver-

397 2034 522 2088 bum
562 2050 689 2090 vere
728 2051 794 2090 ex
848 2039 1048 2106 seipso.
1090 2036 1160 2090 Et
1203 2036 1468 2106 Spiritum
1512 2051 1609 2105 per
1640 2050 1702 2090 os
1753 2035 1972 2099 emittit,

2075 1846 2345 1917 φίζεσθαι.
2392 1847 2563 1917 Γεννᾷ
2602 1846 2735 1911 Θεὸς
2770 1846 2867 1917 οὐχ
2904 1846 2981 1910 ὡς
3029 1848 3348 1918 ἄνθρωπος’
3382 1852 3564 1922 γεννᾷ
3615 1852 3679 1905 δι

2075 1939 2375 2012 ὰληθινῶςο
2417 1939 2513 1992 καὶ
2550 1940 2611 1991 τὸ
2650 1940 2895 2011 γέννημα
2935 1939 2995 2005 ea
3030 1940 3199 1994 αὑτοῦ
3239 1943 3525 2011 ἐκφαίνει,
3561 1945 3680 1997 Δό-

2075 2047 2192 2099 γον,
2235 2031 2337 2084 οὐκ
2376 2029 2746 2102 ἀνθρώπινον
2780 2033 3029 2100 ἐκφαίνει
3052 2032 3110 2086 δὲ
3148 2031 3319 2102 Λόγον
3348 2035 3587 2106 ἀληθῶς
3619 2038 3683 2102 ἐξ

397 2125 559 2196 307
602 2141 707 2180 non
755 2127 910 2196 quasi
948 2129 1181 2180 humano
1221 2140 1390 2191 more,
1418 2141 1539 2179 cum
1588 2138 1763 2195 neque
1792 2141 1854 2179 os
1884 2125 1975 2181 Dei

2094 2123 2293 2179 laurei").
2318 2125 2427 2177 Καὶ
2454 2122 2854 2195 ὲκπέμπει(67)
2879 2123 3102 2193 Πνεῦμα
3126 2123 3216 2177 διὰ
3245 2126 3546 2195 στόματος,
3575 2129 3684 2199 οὐχ

399 2233 719 2287 corporeum
777 2220 978 2273 sit:ex
1042 2219 1158 2286 ipso
1211 2228 1393 2271 autem
1446 2228 1502 2271 et
1556 2216 1814 2285 Spiritus,
1869 2233 1976 2273 non

2094 2215 2188 2270 ›’ίον
2217 2216 2592 2286 ἀνθρωπίνως,
2624 2216 2748 2268 ἐπεὶ
2805 2214 2939 2286 μηδὲ
2996 2214 3169 2284 στόμα
3219 2213 3358 2269 Θεοῦ
3414 2233 3684 2288 σωματι-

401 2312 638 2366 aliunde.
683 2309 949 2380 Operatur
992 2309 1132 2365 Deus
1181 2310 1432 2363 manibus
1498 2324 1605 2362 non
1651 2310 1974 2377 corporeis:

401 2411 662 2469 operatur
686 2411 865 2453 autem
895 2415 1000 2453 non
1028 2416 1095 2453 ex
1127 2401 1307 2467 seipso
1335 2409 1615 2453 creaturas
1646 2401 1973 2468 producens,

402 2492 498 2547 sed
545 2492 835 2546 ellicaciter
868 2492 948 2545 eis
993 2491 1130 2545 dans
1175 2491 1590 2555 exsistentiam;
1625 2495 1980 2559 quemadmo-

404 2586 530 2639 dum
562 2585 654 2654 qui
684 2583 933 2638 manibus
956 2592 1212 2652 operatur
1237 2585 1396 2636 homo
1429 2597 1532 2636 non
1555 2597 1621 2637 ex
1649 2583 1831 2652 seipso
1858 2599 1983 2652 pro-

404 2677 553 2731 ducit
605 2692 763 2746 opus.
819 2675 1105 2730 Terminos
1167 2674 1509 2743 eloquiorum
1550 2674 1859 2729 divinorum
1915 2690 1984 2730 ne

414 2778 806 2834 transmoveas,
860 2767 1121 2834 Spiritum
1208 2765 1330 2821 Filii
1384 2766 1573 2820 dicens
1633 2776 1981 2832 creaturam;

410 2872 549 2910 neve
580 2858 645 2910 de
671 2855 810 2910 Filio
838 2871 1079 2925 quaras,
1113 2872 1210 2911 cur
1238 2868 1461 2912 vocatus
1494 2872 1600 2911 non
1629 2859 1703 2911 sit
1730 2859 1982 2927 spiritus;

414 2963 591 3016 neque
628 2949 693 3002 de
738 2948 970 3017 Spiritu,
1001 2964 1098 3003 cur
1123 2964 1229 3003 non
1263 2948 1442 3016 ﬁlius;
1471 2964 1647 3019 neque
1676 2961 1985 3004 creaturam

2078 2305 2173 2360 κόν
2198 2324 2211 2337 ⁸
2244 2305 2303 2371 ἐξ
2329 2305 2492 2359 αὐτοῦ
2522 2306 2579 2359 δὲ
2619 2305 2730 2374 (68)
2750 2305 2858 2382 ,καὶ
2885 2305 2944 2358 τὸ
2987 2304 3233 2375 Πνεῦμα,
3264 2308 3361 2360 καὶ
3403 2308 3515 2378 οὐχ
3555 2310 3687 2363 ἑτέ·

2083 2399 2272 2469 ρωθεν.
2312 2398 2632 2470 Ἐργάζεται
2660 2398 2792 2461 Θεὸς
2820 2400 3005 2469 χερσὶν
3036 2400 3096 2452 οὐ
3147 2403 3501 2469 σωματικαῖς
3526 2417 3541 2430 ·
3588 2403 3688 2471 ἐρ-

2079 2491 2307 2561 γάζεται
2358 2491 2415 2544 δὲ
2456 2493 2557 2544 οὐκ
2585 2490 2645 2555 ἐξ
2677 2491 2840 2545 αὑτοῦ
2890 2491 3147 2563 προάγων
3192 2492 3263 2545 τὰ
3317 2492 3686 2564 δημιουργή-

2085 2602 2249 2656 ματα,
2285 2584 2399 2638 ἀλλ’
2434 2583 2801 2656 ὲνεργητικῶς
2820 2584 3071 2653 ὑφιστὰς,
3096 2585 3171 2648 ὡς
3199 2586 3227 2637 ό
3250 2585 3309 2639 ὲν
3334 2588 3536 2656 χερσὶν
3563 2585 3683 2657 (69)

2083 2675 2449 2747 ἐργαζόμενος
2476 2675 2762 2748 ἄνθρωπος
2801 2677 2902 2730 οὐκ
2945 2678 3005 2744 ἐξ
3047 2679 3240 2732 ἑαυτοῦ
3276 2679 3589 2751 προϐάλλει
3620 2682 3687 2736 τὸ

2083 2765 2265 2835 ἔργον.
2324 2768 2415 2838 Μὴ
2471 2766 2535 2838 δὴ
2591 2767 2869 2838 μετακίνει
2914 2768 3023 2822 τῶν
3074 2770 3236 2824 θείων
3284 2770 3495 2841 λογίων
3547 2774 3685 2837 τοὺς

2084 2859 2266 2930 ὅρους,
2289 2857 2421 2911 Υίοῦ
2443 2858 2617 2926 λέγων
2631 2858 2693 2910 τὸ
2713 2858 2939 2930 Πνεῦμα
2965 2859 3176 2931 ποίημα
3198 2861 3310 2931 (70)
3332 2878 3347 2892 ·
3377 2866 3525 2934 μήτε
3547 2866 3686 2938 περὶ

2087 2951 2218 3004 Υίοῦ
2244 2950 2425 3022 ζήτει,
2451 2949 2542 3003 διὰ
2576 2950 2629 3003 τί
2666 2951 2739 3022 μὴ
2778 2951 2998 3023 πνεῦμα
3025 2953 3290 3024 κέκληται
3312 2973 3325 2986 ·
3362 2956 3506 3027 μήτε
3546 2959 3685 3027 περὶ

410 3040 605 3095 Filium
636 3049 729 3094 aut
761 3038 1024 3110 Spiritum
1060 3039 1326 3095 maledico
1359 3055 1454 3095 ore
1483 3043 1654 3097 dicas.
1693 3041 1861 3097 Filius
1891 3042 1980 3097 Dei

2094 3040 2180 3094 τοῦ
2212 3040 2549 3112 Πνεύματος,
2595 3041 2685 3095 διὰ
2732 3042 2785 3095 τί
2840 3043 2916 3115 μὴ
2949 3043 3095 3109 uidi,"
3136 3047 3273 3116 μήτε
3319 3049 3543 3118 ποίημα
3586 3050 3684 3102 τὸν

410 3130 621 3187 fructus
644 3141 866 3187 sanctus
892 3146 958 3185 ex
988 3142 1200 3196 sancto,
1234 3141 1471 3188 aeternus
1492 3149 1571 3189 ex
1603 3141 1829 3202 mterno,
1863 3133 1987 3204 Spi-

415 3224 552 3278 ritus
584 3224 760 3278 sancti
794 3223 1023 3293 largitor
1051 3224 1118 3276 ad
1160 3224 1594 3279 constituendam
1628 3226 1987 3281 formandam-

412 3330 522 3386 qne
557 3323 883 3370 creaturam.
919 3314 1020 3381 Qui
1049 3313 1249 3368 Filium
1291 3316 1450 3382 tollit,
1478 3318 1806 3388 principium
1836 3332 1989 3373 crea—

417 3406 582 3459 tionis
608 3405 848 3459 omnium
879 3403 1118 3458 sustulit.
1165 3403 1300 3459 Nam
1343 3408 1640 3462 exsistendi
1671 3423 1835 3463 causa
1868 3423 1988 3463 om-

417 3496 577 3551 nibus
614 3507 699 3550 est
725 3497 814 3550 Dei
843 3495 1115 3562 Verbum,
1144 3513 1242 3567 per
1275 3499 1420 3567 quod
1453 3498 1593 3553 facta
1622 3510 1749 3554 sunt
1783 3499 1987 3554 omnia.

417 3589 520 3656 Qui
556 3589 815 3657 Spiritum
839 3587 1036 3655 aufert,
1063 3605 1250 3644 eorum
1280 3604 1400 3660 qua:
1435 3593 1569 3644 liunt
1600 3592 1833 3646 resecuit
1861 3606 1988 3662 per-

417 3676 728 3736 fectionem.
759 3678 895 3732 Nam
939 3696 1061 3736 uua:
1100 3683 1236 3736 iiuut
1299 3683 1598 3737 emissione
1628 3691 1792 3753 atque
1821 3682 1990 3753 parti-

421 3923 680 3997 Spirilus.
714 3924 893 3978 Codex
925 3924 1077 3980 Colb.
1122 3925 1352 3997 Ὁμοίως
1380 3924 1437 3978 δὲ
1479 3924 1572 3977 καὶ
1601 3925 1636 3994 ἡ
1664 3938 1682 3956 ο
1710 3923 1852 3993 quod
1880 3937 1992 3979 me-

422 3994 528 4048 lius
560 3997 924 4064 judicavimus
959 4006 1014 4048 et
1050 3994 1248 4050 verius.

495 4062 605 4134 (δὲ)
648 4066 789 4119 Etliti
828 4066 1007 4118 τοίνυν
1044 4067 1137 4120 ἐπὶ
1182 4066 1278 4118 τοῦ
1324 4063 1482 4118 Θεοῦ.
1519 4063 1667 4119 Libri
1698 4062 1904 4132 antiqui
1938 4071 1997 4116 ut

425 4134 478 4216 i_n
522 4145 806 4216 contextu,
843 4137 945 4190 nisi
981 4138 1125 4205 quod
1157 4137 1345 4191 vocula
1381 4136 1481 4188 καί
1523 4139 1576 4190 in
1608 4135 1823 4188 duobus
1857 4148 1994 4187 mss.

423 4204 606 4343 (milia)
646 4272 784 4347 Etliti
812 4273 892 4347 di;
914 4273 1146 4347 εἴρηται.
1168 4275 1251 4347 AAt
1279 4289 1409 4347 mss.
1439 4273 1516 4337 ὡς
1538 4275 1887 4347 Δπροείρηται.

2091 3133 2220 3188 Υίὸν
2249 3133 2282 3204 ἦ
2312 3132 2373 3185 τὺ
2402 3131 2628 3204 Πνεῦμα
2665 3133 3050 3207 δυσφημήσῃς.
3098 3137 3228 3200 Υἱὸς
3273 3137 3413 3191 Θεοῦ
3456 3142 3685 3212 καρπὸς

2092 3225 2246 3293 ἅγιος
2286 3226 2345 3293 ἐξ
2391 3225 2570 3294 ἁγίου,
2600 3225 2771 3291 ἀΐδιος
2817 3227 2876 3295 ἐξ
2922 3228 3112 3296 ἅῖδίου,
3143 3229 3470 3301 Πνεῦματος
3516 3232 3683 3301 ἁγίου

2087 3318 2351 3390 χορηγὸς,
2395 3322 2475 3382 εἱς
2517 3320 2813 3374 ὑπόστασιν
2851 3324 2947 3375 καὶ
2994 3323 3272 3394 μόρφωσιν
3315 3324 3582 3389 κτίσεως.
3624 3327 3687 3379 '0

2087 3410 2180 3461 τὸν
2204 3409 2331 3463 Υίὸν
2362 3410 2601 3479 ἀναιρῶν
2643 3411 2742 3482 τὴν
2768 3412 2943 3484 ἀρχὴν
2976 3415 3073 3485 τῆς
3096 3414 3205 3467 τῶν
3239 3413 3379 3467 ὅλων
3403 3414 3687 3488 δημιουρ-

2088 3499 2214 3567 γίας
2257 3499 2486 3555 ἀνεῖλεν.
2530 3502 2697 3571 Ἀρχὴ
2735 3501 2843 3572 γὰρ
2870 3502 2968 3573 τῆς
3006 3503 3118 3573 (7!)
3149 3505 3406 3558 ἁπάντων
3430 3507 3688 3561 ὑποστὰ-

2092 3605 2229 3651 σεως
2265 3591 2294 3641 ό
2315 3588 2410 3642 τοῦ
2433 3590 2570 3642 Θεοῦ
2604 3591 2794 3660 Λόγος,
2826 3591 2892 3645 δι’
2925 3587 2985 3647 οῦ
3012 3593 3082 3647 τὰ.
3118 3594 3298 3648 πάντα
3323 3594 3582 3663 γέγονεν.
3625 3595 3688 3648 '0

2089 3681 2153 3736 τὸ
2178 3680 2403 3753 Πνεῦμα
2431 3684 2735 3756 περιαιριῖΝ
2765 3685 2864 3758 τὴν
2894 3685 3304 3758 τελεσιουργίαν
3341 3685 3455 3738 τῶν
3489 3703 3684 3740 ποιουν

2103 3926 2317 4009 rentino
2344 3927 2561 3983 nomine
2595 3926 2804 3991 Basilii,
2832 3940 2862 3980 a
2891 3924 3092 3981 nostris
3114 3923 3271 3980 libris
3305 3924 3359 3979 in
3392 3924 3681 3996 aliquibus

2100 4000 2445 4138 ὼῖἓῗῗὶἰίίιί
2482 4066 2542 4131 ἐξ
2566 4065 2780 4138 ἑαυτοῦ,
2812 4065 2907 4118 καὶ
2933 4063 3228 4138 ἐκπέμπει.
3255 4062 3438 4120 Nostri
3469 4076 3685 4134 septem

2100 4135 2221 4192 libri
2257 4135 2463 4205 antiqui
2498 4138 2557 4203 ἐξ
2590 4137 2777 4191 αὑτοῦ.
2811 4135 3136 4205 Ἐκπέμπει.

2175 4206 2285 4278 (68)
2327 4202 2553 4278 Codices
2593 4209 2700 4278 duo
2745 4202 3068 4278 etAediti‘gg
3094 4204 3280 4278 adeo?
3312 4219 3400 4278 γε.
3427 4202 3684 4278 ᾼιμιιιεε.

2104 4272 2335 4341 quatuor
2383 4276 2441 4343 ἐξ
2474 4275 2639 4330 αὑτοῦ
2690 4293 2770 4332 τε.
2801 4275 2980 4330 Codex
3012 4274 3165 4329 Colb.
3204 4274 3264 4340 ἐξ
3289 4272 3554 4343 αὑτοῦίδὲ
3586 4278 3686 4330 καὶ

497 4346 608 4416 (64)
650 4344 788 4416 biditi
834 4342 1113 4416 κέκλὴται,
1161 4345 1251 4398 διὰ
1281 4343 1449 4416 τοῦτο
1497 4342 1619 4398 οὐδὲ
1668 4342 1729 4399 τὸ
1762 4342 1984 4416 ’Πνεῦμα

2103 4347 2186 4401 τό.
2226 4345 2381 4400 Hunc
2419 4342 2592 4401 locum
2625 4346 2895 4416 protulere
2912 4344 3084 4416 Graeci
3111 4345 3173 4416 in
3189 4345 3419 4416 concilio
3446 4342 3686 4397 Floren-

426 4406 558 4468 αὐτὸ
591 4406 856 4483 στόματος
901 4406 1035 4469 Θεοῦ
1062 4413 1201 4469 εἶναι
1235 4414 1511 4478 πιστεύεις
1536 4432 1550 4445 ·
1581 4433 1700 4483 qua:
1733 4406 1984 4485 scripturi

2110 4419 2242 4482 tino,
2267 4418 2331 4470 ad
2363 4432 2516 4469 suam
2544 4406 2868 4470 selitentiam
2892 4415 3290 4469 stabiliendum.
3315 4414 3489 4485 Legas
3518 4416 3682 4469 \elim

428 4502 550 4539 Cum
585 4487 766 4537 liiutila
800 4492 870 4538 sit
898 4498 952 4539 et
986 4501 1194 4550 titanca,
1241 4489 1493 4539 restituta
1537 4496 1620 4539 est.
1663 4500 1729 4541 ex
1758 4486 2000 4554 antiquis

432 4555 604 4608 tribus
642 4554 793 4608 libris
827 4573 841 4608 :
875 4555 1194 4623 quibuscum
1232 4567 1288 4610 et
1338 4556 1428 4608 alii
1483 4558 1588 4609 duo
1627 4557 2000 4620 consentiunt,

430 4626 530 4679 nisi
561 4626 704 4747 lquod
736 4640 838 4706 pro
868 4625 948 4677 ὅτι
985 4630 1056 4696 μή
1101 4629 1151 4679 in
1193 4629 1272 4680 eis
1312 4626 1507 4696 legitur
1543 4626 1624 4679 ὅτι
1649 4628 1698 4679 εί
1726 4628 1822 4697 μή.

500 4694 610 4747 (6ο)
650 4693 788 4747 Εύιιι
836 4695 931 4747 καὶ
977 4696 1343 4747 πεοιωοονῶν.
1395 4701 1464 4747 At
1512 4713 1642 4747 mss.
1689 4697 1784 4747 καὶ

500 4693 610 4774 (65)
650 4693 788 4749 Editi
836 4695 931 4748 καὶ
977 4693 1464 4768 ᾱ-.ε⁷ριφρονῶν.Ἀι
1512 4713 1642 4750 mss.
1689 4693 1797 4749 xei
1834 4710 2002 4748 κατα-

504 4779 640 4817 ονων
647 4803 661 4817 .

429 4781 923 4908 φρῗὲὅνίῑᾱίιίααι
949 4834 1023 4906 μὴ
1057 4837 1347 4908 μωρότητα
1371 4836 1455 4908 *τὸ
1479 4838 1594 4906 τῆς.
1630 4833 1811 4908 codex
1845 4833 1998 4889 Colb.

501 4855 611 4914 (oo)
652 4855 788 4887 nutu
823 4855 1023 4916 accipi]
1053 4855 1347 4959 μωροτητα
1395 4855 1455 4888 το
1479 4855 1594 4906 της.
1630 4855 1811 4889 υοαεχ
1845 4855 1998 4889 ιλοιυ.

431 4914 495 4979 οιΔ
522 4906 760 4979 altt_tlut_i_
795 4905 944 4979 Regii
982 4923 1050 4959 κα
1114 4909 1187 4979 μὴ
1231 4906 1521 4978 μωρότατα
1563 4906 1705 4959 κατὰ
1734 4906 1831 4979 τῆς
1860 4921 1999 4979 '_nec

432 4975 588 5029 aliter
626 4976 677 5027 in
724 4973 907 5044 Regiis
949 4973 1205 5032 tertio'e't
1232 4973 1387 5031 sex'to
1431 4980 1645 5043 legitur,
1684 4973 1797 5029 δρα
1822 4975 1997 5029 solum

432 5060 592 5099 manu
622 5050 878 5099 secunda.
919 5046 1113 5100 Statim
1162 5057 1282 5115 post
1328 5048 1477 5109 illud,
1507 5045 1567 5111 ἐξ
1597 5045 1783 5110 αὑτοῦ,
1826 5046 1997 5099 locata

422 5127 514 5180 (est
553 5115 754 5183 virgula
804 5117 855 5167 in
902 5117 1077 5170 tribus
1120 5116 1438 5171 codicibus:
1476 5132 1635 5184 quem
1693 5118 1869 5169 locum
1922 5115 1995 5167 ita

430 5186 595 5239 vertit
630 5187 917 5257 interpres,
948 5198 993 5238 et
1024 5190 1162 5255 quod
1195 5203 1259 5240 ex
1287 5204 1346 5239 eo
1380 5202 1611 5257 genitum
1650 5197 1747 5251 est,
1778 5198 1849 5237 est
1880 5200 1996 5238 uer-

433 5258 552 5308 bum
584 5270 689 5307 non
732 5254 1045 5309 humanum.
1084 5258 1190 5311 Sed
1241 5254 1459 5310 dubium
1507 5272 1611 5309 non
1648 5258 1820 5309 liabeo
1865 5257 1996 5322 quin

431 5325 587 5394 longe
619 5325 887 5378 aberrarit
915 5344 942 5376 a
973 5342 1159 5395 scopo,
1195 5337 1250 5381 et
1273 5326 1485 5396 quidvis
1516 5328 1998 5396 p0tius_expresse-

434 5396 523 5457 rit,
573 5410 733 5462 quam
774 5397 913 5462 quod
950 5394 1265 5464 expressum
1291 5394 1653 5464 'oportuerat.
1690 5394 1782 5449 Sic
1817 5404 1995 5447 autent

432 5465 596 5514 verba
629 5466 912 5531 scriptoris
944 5464 1136 5520 Latine
1188 5467 1334 5519 reddi
1384 5468 1579 5519 debere
1627 5476 1777 5534 puto,
1827 5474 1876 5516 et
1909 5480 1970 5531 ge

434 5534 606 5603 nimen
636 5534 770 5599 quod
798 5549 864 5586 ex
891 5535 1003 5602 ipso
1032 5550 1127 5593 est.
1156 5538 1285 5603 edit,
1322 5536 1527 5589 uerbum
1557 5536 1813 5597 videlicet,
1841 5535 1966 5603 idqu

433 5616 537 5654 non
563 5599 868 5656 humanum.
895 5599 1004 5658 Nec
1033 5599 1461 5670 praetereundum
1488 5605 1720 5665 silentio.
1754 5599 1997 5658 testimo-

433 5673 524 5724 nia
562 5685 626 5728 ea
674 5684 794 5737 quae
825 5672 1063 5727 citantur
1108 5691 1173 5729 ex
1206 5677 1308 5730 hoc
1345 5677 1466 5730 loco
1510 5676 1564 5730 in
1601 5674 1831 5730 concilio
1865 5673 1992 5728 Flo-

2107 4498 2307 4540 tomum
2355 4485 2472 4539 Xlll
2518 4487 2882 4541 Conciliorutn
2931 4485 3083 4553 edita
3110 4486 3276 4537 Labb.
3310 4500 3434 4553 pag.
3467 4484 3583 4539 265
3623 4496 3683 4540 et

2100 4572 2217 4625 seq.
2253 4557 2368 4610 illic
2385 4557 2622 4625 reperire
2651 4559 2755 4609 erit
2783 4569 3036 4621 responsa
3064 4551 3423 4625 Latinorum}
3442 4569 3570 4621 qua
3594 4557 3684 4610 hic

2099 4624 2410 4680 exScribere
2447 4624 2513 4678 ut
2562 4628 2802 4695 longum,
2841 4626 2911 4695 ita
2947 4624 3157 4695 inutile,
3202 4639 3323 4676 cum
3371 4636 3404 4676 ι
3435 4625 3687 4692 quolibet

2098 4712 2164 4750 eo
2197 4711 2354 4759 quem
2388 4697 2498 4748 dixi
2538 4693 2679 4749 loco“
2699 4695 2855 4749 facile
2889 4693 2988 4762 legi
3017 4694 3248 4762 possint.

2172 4765 2282 4837 (69)
2323 4766 2469 4837 Etliti
2494 4765 2568 4828 ὼς
2598 4768 2657 4818 ὲν
2694 4759 2976 4836 χερσὶν..ξ.
3005 4760 3067 4827 ἐξ
3095 4760 3283 4815 αὑτοῦ.
3312 4759 3496 4817 Codex
3525 4762 3682 4819 Colb.

2101 4848 2153 4892 et
2182 4834 2275 4888 alii
2309 4837 2412 4888 duo
2440 4834 2593 4902 Regii
2622 4839 2699 4888 liti
2736 4834 3026 4887 edidimus.

2173 4906 2281 4977 (70)
2323 4905 2462 4977 Editi
2501 4899 2677 4977 ὄρους.
2709 4905 2835 4967 Υἱός
2866 4903 3183 4977 ὲστινίυὶδς,
3216 4902 3309 4956 καὶ
3340 4899 3595 4970 Πνεῦμα,
3620 4904 3683 4956 οῦ

2099 4976 2333 5045 ποίημα,
2373 4973 2547 5028 Filqu
2570 4988 2644 5029 est
2671 4977 2838 5043 ﬁlius,
2869 4985 2914 5026 et
2940 4974 3173 5039 Spiritus
3199 4984 3276 5027 est
3303 4977 3681 5045 spiritus._l_nou

2100 5040 2364 5098 creti-iura.
2421 5046 2570 5114 Regii
2634 5040 2901 5099 secundus
2957 5048 3265 5114 etitertius
3313 5043 3519 5114 apaug._
3555 5040 3682 5104 Υἱὸς

2099 5115 2318 5186 πνεῦμα
2342 5115 2403 5167 οὐ
2450 5112 2693 5186 ποίημαή
2732 5116 2891 5186 μήτε.
2922 5112 3120 5186 Ὀρόεξ
3159 5114 3323 5186 υυιι).
3347 5123 3402 5165 et
3428 5112 3523 5164 alii
3573 5124 3681 5186 tres

2100 5182 2255 5256 licin
2288 5186 2475 5256 ὅρους·
2516 5182 2643 5239 Υἱοῦ
2687 5182 2861 5253 λέγων
2889 5182 2948 5236 τὸ
2977 5182 3202 5254 Πνεῦμα
3237 5183 3468 5256 ποίημα,
3505 5182 3680 5256 μήτε,

2101 5251 2360 5321 Spiritui};
2378 5256 2506 5309 Filii
2530 5256 2706 5309 dicens
2734 5251 3054 5315 creaturam,
3084 5251 3165 5307 vel
3192 5256 3391 5321 potius,
3422 5251 3682 5321 Spiritum

2099 5320 2276 5379 dicens
2309 5338 2605 5380 creaturam
2644 5324 2799 5386 Filii,
2842 5338 2960 5387 seu,
2994 5320 3261 5390 [acturam
3289 5337 3307 5376 :
3336 5337 3456 5389 qua:
3490 5320 3684 5390 ultima

2102 5395 2477 5463 interpretatio
2508 5412 2572 5450 eo
2605 5395 2778 5465 magis
2807 5388 3090 5465 probanda
3123 5388 3366 5465 videtur,
3394 5392 3542 5465 quod
3578 5388 3688 5444 Eu-

2099 5460 2314 5534 ii0tiiiits
2349 5466 2610 5534 Spiritum
2659 5460 2966 5534 creaturam
3012 5460 3137 5534 Filii
3188 5477 3325 5534 esse_
3356 5460 3687 5534 aﬂirmarel.

2098 5533 2298 5589 Ibidem
2337 5531 2542 5605 aliquot
2575 5550 2706 5589 mss.
2743 5548 2840 5604 pro
2877 5531 2968 5585 διὰ
2992 5532 3046 5587 τί
3075 5533 3281 5605 habent
3304 5531 3469 5605 διότι.

2173 5606 2284 5677 (71)
2325 5599 2479 5676 Regii
2512 5599 2779 5663 secundus
2806 5614 2861 5658 et
2896 5605 3089 5659 tertius
3118 5603 3313 5674 Ἀρχει
3339 5601 3457 5673 γὰρ
3487 5599 3617 5673 τῆς.
