3956 6216
255 343 357 398 757

1346 320 1723 377 ADVERSUS
1759 315 2130 376 EUNOMIUM
2171 314 2297 369 LIB.
2347 314 2409 365 V.

3401 307 3506 364 758

254 452 432 524 μένων
459 444 748 513 ἀπέκοψεν.
777 440 1065 508 Ἐκπομπῇ
1095 434 1203 506 γὰρ
1222 436 1315 488 καὶ
1342 433 1621 504 μεταδόσει
1667 432 1837 484 Πνεύ-

1949 428 2210 497 cipatione
2249 426 2486 495 Spiritus
2547 421 2698 478 nunt.
2749 420 3097 491 Nequaquam
3152 422 3202 474 in
3263 429 3507 490 tempore

256 558 422 613 ματος
449 539 519 592 τὰ
541 537 802 607 γινόμενα
822 532 1053 601 γίνεται.
1080 530 1195 583 Οὐκ
1225 531 1283 581 ὲν
1316 528 1494 599 χρόνῳ
1528 527 1743 597 πρόεισι
1772 525 1833 577 τὸ

252 633 440 704 προϊὸν
473 632 540 683 ὲκ
569 626 725 691 Θεοῦ,
759 624 861 678 κᾶν
891 626 948 676 ὲν
965 621 1141 693 χρόνῳ
1174 619 1274 684 τὰς
1299 620 1548 690 ποιήσεις
1577 615 1829 686 ἀποδιδῷ.

255 725 442 777 Ἔστιν
483 721 513 773 ὁ
558 718 728 786 Λόγος
778 716 885 779 ἀεὶ,
940 713 1035 765 καὶ
1082 712 1214 782 πρὶν
1260 708 1680 765 ὑποδείκνυσθαι
1728 706 1834 761 ὑπὸ

250 814 498 874 Μωσέως
532 809 715 875 αὑτὸν,
740 807 930 877 ὥσπερ
954 804 1283 875 λαλούμενον
1302 803 1661 874 ἀνθρωπίνως
1696 802 1747 871 (7
1753 800 1831 869 2),

252 909 334 970 είς
368 906 429 959 τὸ
476 904 573 974 τὴν
599 902 667 955 δι’
696 900 861 955 αὑτοῦ
887 898 1181 968 γινομένην
1225 898 1404 950 κτίσιν
1433 894 1833 966 ὲρμηνευθῆναι

253 992 396 1047 κατὰ
416 990 585 1045 τύπον
618 987 977 1059 ἀνθρώπινον.
1008 987 1195 1041 Ἔστιν
1224 987 1311 1040 ἀεὶ
1343 986 1406 1038 τὸ
1439 984 1665 1055 Πνεῦμα
1697 983 1830 1055 (75),

255 1086 348 1139 καὶ
372 1084 502 1155 πρὶν
544 1080 939 1154 ὲμφυσὼμενον
970 1079 1101 1132 αὐτὸ
1133 1078 1227 1135 καὶ
1252 1078 1666 1148 μεταδιδόμενον
1699 1077 1833 1129 ὐπο-

254 1176 442 1249 γράψῃ
502 1175 707 1245 Μωσῆς
785 1173 936 1242 τόπῳ
1023 1170 1321 1242 σωματικῷ
1393 1170 1491 1241 τὴν
1546 1170 1616 1222 δι’
1669 1167 1833 1223 αὑτοῦ

254 1269 583 1339 ζωοποὶησιν
615 1267 968 1339 ὑπογράφων.

258 1382 408 1446 Ὅτι,
436 1384 488 1435 εί
518 1382 603 1451 μὴ
644 1381 708 1434 τὸ
747 1380 989 1448 Πνεῦμα
1031 1380 1099 1433 ἐκ
1136 1377 1283 1432 Θεοῦ
1331 1376 1496 1446 λέγοι
1534 1394 1643 1443 τις,
1694 1375 1836 1430 οὐδὲ

876 1450 984 1503 τόν
1006 1452 1217 1519 Λόγον.

328 1543 380 1596 1.
430 1542 587 1596 ’Δλλὰ
624 1544 692 1595 τὰ
726 1542 825 1612 μὲν
858 1542 1189 1610 οἰκειότητος
1237 1540 1337 1610 τῆς
1372 1540 1507 1610 πρὸς
1534 1538 1667 1591 Θεὸν
1697 1537 1835 1607 σύμ-

255 1634 407 1699 ϐολα,
446 1635 541 1688 καὶ
573 1633 864 1702 συναφείας
901 1635 999 1703 τῆς
1044 1632 1229 1700 θεῖκῆς
1256 1630 1649 1701 ἑρμηνεύματα
1674 1646 1834 1699 περι-

256 1728 479 1788 κόπτεις
518 1726 653 1797 (74),
685 1726 775 1778 τὸν
803 1726 998 1792 Λόγον,
1023 1724 1084 1777 τὸ
1113 1723 1337 1793 Πνεῦμα
1362 1739 1375 1752 ·
1412 1722 1479 1777 τὰ
1502 1723 1560 1775 δὲ
1586 1723 1683 1792 τῆς
1706 1721 1838 1784 ἔξω·

1935 518 2178 592 procedit
2207 516 2350 586 quod
2384 529 2451 571 ex
2480 512 2591 569 Deo
2621 512 2888 582 procedit,
2918 512 3132 567 etiamsi
3170 511 3224 565 in
3259 521 3501 581 tempore

1937 621 2218 671 creaturas
2266 609 2547 679 producat.
2610 607 2707 662 Est
2759 607 2995 662 Verbum
3051 619 3284 674 semper,
3346 616 3507 661 antea

1933 706 2095 760 etiam
2144 717 2307 771 quam
2348 715 2379 753 a
2430 699 2580 753 Mose
2623 698 3027 763 ostenderetur,
3059 697 3214 767 quasi
3269 698 3508 751 humano

1936 811 2085 853 more
2118 794 2363 863 loquens,
2401 801 2460 846 ut
2504 790 2649 845 facta
2694 804 2790 860 per
2832 790 3006 860 ipsum
3034 798 3283 844 creatura
3314 802 3511 844 secun-

1934 890 2058 944 dum
2098 889 2387 942 humanam
2417 886 2647 939 formam
2683 881 3065 951 explicaretur.
3098 879 3334 950 Spiritus
3366 894 3508 938 sem-

1937 996 2033 1050 per
2066 990 2168 1044 est,
2202 989 2326 1033 ante
2356 978 2519 1033 etiam
2542 990 2703 1045 quam
2739 974 3009 1029 sutllatum
3036 987 3159 1028 eum
3194 981 3249 1028 et
3270 987 3507 1029 commu-

1936 1075 2172 1128 nicatum
2241 1072 2572 1126 describeret
2623 1068 2801 1124 Moses
2860 1067 3130 1137 corporali
3177 1067 3369 1134 figura,
3412 1072 3532 1138 per“

1936 1166 2110 1236 ipsum
2147 1164 2567 1218 vivificationem
2598 1176 2719 1221 esse
2751 1161 3063 1216 describens
3082 1160 3150 1217 ".

1938 1361 2093 1424 Quod
2122 1360 2167 1414 si
2198 1361 2314 1429 quis
2342 1358 2600 1429 Spiritum
2629 1358 2827 1482 εαξάυεο
2852 1375 2953 1412 non
2980 1358 3145 1422 dicat,
3181 1373 3243 1410 ne
3281 1354 3510 1411 Verbum

2602 1447 2688 1482 aut
2731 1446 2834 1482 em.

2602 1446 2834 1498 quidem.

2009 1523 2060 1577 1.
2100 1522 2259 1591 Atqui
2304 1536 2425 1592 quae
2466 1522 2681 1591 quidem
2741 1530 2871 1576 sunt
2920 1516 3339 1573 necessitudinis
3385 1532 3511 1572 cum

1939 1612 2047 1667 Deo
2072 1612 2248 1683 signa,
2276 1625 2331 1667 et
2357 1628 2479 1681 quae
2511 1620 2639 1666 sunt
2684 1611 2881 1665 divinae
2921 1607 3320 1677 conjunctionis
3351 1606 3512 1661 inter-

1937 1716 2293 1773 pretamenta,
2327 1705 2487 1759 Verbi
2526 1704 2735 1758 scilicet
2774 1718 2838 1758 ac
2884 1702 3121 1772 Spiritus
3148 1699 3389 1764 nomina,
3424 1715 3511 1753 re-

257 1818 349 1871 θεν
399 1818 491 1871 καί
537 1817 637 1886 τῆς
680 1816 976 1884 διεστώσης
1029 1815 1244 1884 φύσεως
1295 1813 1608 1885 δηλωτικὰ,
1662 1813 1833 1867 ταῦτα

1949 1808 2126 1860 secas;
2174 1811 2237 1851 ea
2284 1811 2411 1851 vero
2454 1795 2568 1850 sola
2624 1809 2744 1865 quae
2793 1803 3074 1849 externam
3122 1793 3506 1859 diversamque

260 1910 400 1979 μόνα
435 1908 742 1979 προσίεσαι,
787 1908 969 1977 χειρὸς
1014 1906 1295 1978 ἐνέργειαν
1352 1906 1445 1958 καὶ
1491 1904 1709 1975 ποίησιν
1741 1903 1833 1975 ἐρ-

260 2017 393 2069 γων.
441 2002 503 2054 Εί
546 2001 653 2071 γὰρ
692 2000 752 2052 τὸ
787 1999 1011 2068 Πνεῦμα
1049 1999 1122 2068 μὴ
1170 1996 1432 2070 πιστεύῃς
1470 1998 1535 2051 ὲκ
1567 1996 1835 2066 στόματος

258 2090 393 2143 Θεοῦ
426 2089 867 2160 προεληλυθέναι,
887 2088 995 2141 οὐδ’
1012 2086 1077 2140 ἂν
1094 2087 1185 2139 τὸν
1211 2087 1381 2153 Λόγον
1405 2086 1682 2147 πιστεύοις
1700 2085 1831 2155 (75).

270 2178 423 2230 Ἐπεὶ
450 2179 594 2231 καὶὸ
619 2176 808 2239 Δαὸὶδ,
844 2176 1015 2243 Λόγον
1065 2176 1159 2228 κα)¹
1200 2175 1424 2246 Πνεῦμα
1460 2174 1822 2239 συνδοξέιζων,

258 2268 337 2338 τῷ
354 2268 509 2338 Λόγῳ
539 2268 742 2339 Κυρίου
766 2268 891 2331 τοὺς
913 2268 1178 2335 οὐρανοὺς
1203 2268 1423 2337 εἴρηκεν
1450 2266 1831 2336 ὲστερεῶσθαι.

257 2362 355 2414 καὶ
402 2361 481 2431 τῷ
524 2360 804 2430 Πνεύματι
837 2359 929 2413 τοῦ
978 2360 1243 2429 στόματος
1290 2360 1454 2413 αὑτοῦ
1504 2363 1684 2413 πᾶσαν
1736 2361 1835 2431 τὴν

258 2451 489 2522 δύναμιν
541 2451 738 2505 αὐτῶν.
788 2452 901 2505 Καὶ
946 2453 974 2503 ὁ
1027 2452 1251 2517 Μωσῆς.
1306 2454 1334 2504 ὁ
1380 2452 1539 2520 Λόγῳ
1581 2452 1837 2521 γινόμενα

258 2544 329 2598 τὰ
362 2544 499 2615 ἔργα
530 2546 905 2616 παραστήσας,
963 2547 1058 2598 καὶ
1110 2545 1389 2613 Πνεύματι
1434 2543 1839 2615 ζωοποιούμενα

264 2635 504 2703 δέδειχεν
544 2636 601 2688 ὲν
640 2638 705 2705 τῇ
740 2634 837 2689 τοῦ
872 2634 993 2689 κατ’
1023 2634 1207 2687 εἰκόνα
1260 2636 1478 2706 ποιήσει
1526 2633 1834 2705 ἀνθρώπου.

262 2724 391 2787 Πῶς
433 2724 499 2779 ἂν
544 2720 636 2778 οὖν
676 2725 962 2795 χωρίζοιτο
994 2725 1063 2779 τὰ
1103 2722 1405 2794 ἀχώριστα,
1459 2726 1633 2793 Λόγος
1678 2726 1837 2790 Θεοῦ,

261 2817 357 2869 καὶ
390 2815 613 2886 Πνεῦμα
666 2818 732 2869 ὲκ
780 2816 939 2885 Θεοῦζ
968 2816 1036 2871 δι’
1061 2815 1189 2869 Υἰοῦ
1220 2815 1333 2886 (76)
1362 2833 1376 2882 ;
1421 2818 1484 2871 Ei
1517 2817 1572 2869 δὲ
1616 2817 1839 2888 Πνεῦμα

260 2908 571 2960 ἀπιστεῖται
614 2908 761 2979 (77),
818 2908 913 2961 καὶ
949 2909 1118 2977 Λόγος
1173 2910 1606 2962 ωναπιστεῖται.
1643 2910 1838 2961 ’Ἄκουε

258 2997 357 3051 ⁴ιτοῦ
412 2998 623 3051 Παύλου
658 3001 757 3070 τὴν
811 2990 1093 3071 μόρφωσιν
1130 2999 1289 3077 ἡμῶν
1319 2998 1418 3071 τὴν
1451 3001 1594 3077 κατὰ
1617 3000 1749 3053 Θεὸν
1784 3002 1840 3053 ἐν

260 3088 541 3180 Πνεύματι
594 3091 862 3145 τελεῖσθαι
916 3076 1164 3160 λέγοντος
1190 3111 1203 3123 ·
1246 3092 1436 3159 Ἡμεῖς
1458 3076 1537 3145 ’δὲ
1580 3091 1835 3159 πάντες,
1866 3121 1910 3180 C

258 3179 808 3249 ἀνακεκαλυμμένῳ
821 3180 1240 3249 προσώπῳιτὴν
1252 3180 1439 3245 δόξαν
1462 3182 1682 3250 Κυρίου
1703 3199 1839 3237 κατ-

260 3268 682 3338 οπτριζόμενοι,
726 3270 841 3338 τὴν
863 3271 1057 3339 αὐτὴν
1077 3273 1281 3326 εἰκόνα
1311 3273 1841 3342 μεταμορφούμεθα

258 3359 379 3414 ἀπὸ
408 3359 593 3429 δόξης
624 3363 712 3427 είς
736 3360 947 3427 δόξαν,
967 3361 1233 3430 καθάπερ
1262 3362 1378 3415 ἀπὸ
1404 3365 1626 3439 Κυρίου
1650 3366 1841 3419 ΙΙνεύ-

255 3470 465 3521 ματος.
512 3454 611 3506 Διὰ
660 3454 753 3507 τοῦ
806 3454 979 3523 Λόγου
1003 3456 1113 3525 ἄρα
1152 3456 1244 3509 καὶ
1286 3458 1343 3508 ὲν
1366 3456 1443 3526 τῷ
1471 3458 1750 3527 Πνεύματι
1781 3458 1841 3510 τὸ

260 3546 384 3597 κατ’
411 3546 594 3601 είκόνα
623 3545 850 3616 ποίημα.
901 3546 1061 3599 Ἀλλὰ.
1104 3550 1249 3599 ποιεῖ
1294 3547 1359 3600 τὸ
1417 3548 1660 3619 Πνεῦμα,
1711 3550 1839 3620 φῂς,

259 3634 395 3698 Θεὸς
430 3634 562 3705 (78),
590 3636 682 3689 καὶ
708 3638 851 3688 ποιεῖ
876 3637 941 3690 δι’
975 3636 1104 3690 Υίοῦ
1127 3654 1139 3667 ·
1171 3638 1265 3690 καὶ
1290 3638 1367 3701 τὸ,
1400 3639 1601 3693 Πάντα
1632 3640 1705 3693 δι’
1732 3643 1839 3694 αὺ-

261 3726 370 3780 τοῦ
404 3724 678 3795 ἐγένετο,
722 3726 1243 3798 συμπεριειληφέναι
1302 3744 1385 3780 σοι
1434 3730 1583 3782 δοκεῖ
1631 3732 1725 3782 καὶ
1780 3732 1841 3782 τὸ

263 3815 509 3887 Πνεῦμα.
543 3816 753 3871 Οὐκοῦν
786 3834 866 3869 σοι
894 3817 1021 3880 δυὰς
1056 3820 1087 3887 ἡ
1117 3818 1284 3888 Τριὰς
1319 3818 1732 3884 ἁποδέδεικται;
1778 3820 1840 3872 ΕΞ

262 3908 372 3979 γὰρ
408 3907 549 3979 μετὰ
570 3908 789 3961 πάντων
815 3908 875 3960 τὸ
906 3909 1150 3978 Πνεῦμα,
1180 3908 1296 3973 πῶς
1334 3910 1472 3980 μετὰ
1507 3912 1720 3983 Πατρὸς
1748 3913 1842 3965 καὶ

265 3999 429 4065 Υἱοῦ;
465 4001 526 4053 Εί
551 4000 610 4055 δὲ
647 4001 707 4053 οὐ
750 4000 887 4071 μετὰ
911 4000 1122 4071 Πατρὸς
1172 4002 1265 4054 κα)¹
1304 4001 1435 4054 Υἱοῦ
1474 4002 1535 4055 τὸ
1584 4002 1840 4073 Πνεῦμα,

268 4090 383 4154 πῶς
410 4090 577 4163 Τριὰς
614 4093 647 4161 ἡ
686 4091 855 4162 Τριάς
885 4090 1031 4163 (79);
1064 4092 1174 4144 Καὶ
1204 4091 1322 4154 πῶς
1349 4094 1445 4146 ἐπὶ
1471 4094 1570 4162 τῆς
1613 4094 1841 4163 Τριάδος

267 4180 328 4233 τὸ
356 4181 635 4251 βάπτισμα
658 4182 750 4235 τοῦ
787 4183 994 4253 κόσμου
1033 4184 1234 4244 παντὸς
1278 4185 1630 4251 ἁγιαστικόν;
1681 4186 1841 4239 Ἀλλὰ

273 4274 365 4325 καὶ
401 4272 477 4342 τῷ
501 4272 653 4325 ῦδατι
685 4274 1135 4345 συναριθμεῖσθαι
1168 4275 1300 4327 αὐτὸ
1334 4277 1461 4347 φῂς,
1498 4277 1572 4339 ὡς
1596 4279 1695 4346 τῆς
1729 4279 1843 4330 κτί-

273 4380 409 4426 σεως
451 4363 542 4427 ὃν,
578 4362 765 4433 ὥσπερ
798 4366 893 4417 καὶ
924 4364 985 4415 τὸ
1024 4362 1168 4435 ῦδωρ
1212 4363 1355 4417 ἐστί·
1396 4363 1576 4431 λέγειν
1610 4364 1718 4436 γὰρ
1751 4366 1842 4417 τὸν

1936 1896 2184 1940 naturam
2248 1887 2578 1955 significant,
2632 1885 2899 1951 admittis,
2950 1894 3077 1955 puta
3139 1883 3513 1953 operationem

1937 1992 2151 2042 manus,
2179 1991 2249 2029 ac
2277 1991 2501 2044 operum
2562 1977 2913 2031 creationem.
2966 1974 3099 2031 Nam
3141 1976 3186 2027 si
3247 1974 3512 2042 Spiritum

1936 2082 2040 2119 non
2083 2068 2260 2121 credis
2304 2083 2373 2120 ex
2419 2068 2510 2121 Dei
2541 2084 2636 2123 ore
2681 2069 3033 2137 processisse,
3062 2082 3237 2135 neque
3273 2065 3509 2121 Verbum

1936 2158 2146 2214 credes.
2173 2161 2380 2213 Etenim
2410 2170 2463 2213 et
2493 2159 2658 2213 David
2694 2158 2932 2214 Verbum
2971 2170 3026 2213 et
3058 2156 3323 2227 Spiritum
3353 2157 3515 2212 simul

1938 2250 2177 2306 alliciens
2207 2252 2399 2321 gloria,
2436 2250 2574 2305 dixit
2602 2249 2770 2304 cmlos
2796 2248 2972 2309 Verbo
3009 2247 3223 2303 Domini
3267 2250 3515 2304 firmatos

1939 2359 2083 2408 esse,
2117 2360 2181 2398 ac
2199 2344 2406 2413 Spiritu
2432 2342 2545 2398 oris
2575 2341 2692 2411 ejus
2718 2356 2933 2397 omnem
2961 2356 3149 2396 eorum
3164 2341 3427 2397 virtutem
3444 2341 3514 2397 ⁵⁸.

1940 2439 2007 2492 Ει
2028 2439 2223 2500 Moses,
2260 2453 2384 2493 cum
2412 2451 2579 2506 opera
2610 2436 2785 2491 Verbo
2816 2434 2961 2490 facta
2994 2432 3164 2489 fuisse
3190 2433 3514 2499 declaravit,

1940 2546 2004 2587 ea
2038 2531 2242 2601 Spiritu
2278 2546 2492 2600 quoque
2532 2529 2799 2584 vivificari
2848 2527 3118 2592 ostendit,
3173 2528 3226 2581 in
3278 2528 3516 2582 hominis

1940 2626 2235 2680 secundum
2280 2624 2572 2692 imaginem
2616 2621 2977 2677 creatione“.
3014 2620 3298 2686 Quomodo
3353 2619 3519 2691 igitur

1941 2719 2184 2786 separari
2224 2718 2435 2785 possint
2488 2732 2610 2785 quae
2665 2725 2795 2772 sunt
2838 2714 3239 2785 inseparabilia,
3277 2713 3516 2771 Verbum

1942 2810 2152 2864 scilicet
2182 2808 2303 2871 Dei,
2336 2818 2389 2863 et
2431 2806 2671 2876 Spiritus
2724 2822 2788 2863 ex
2832 2809 2938 2862 Deo
2972 2821 3067 2874 per
3104 2803 3334 2860 Filium?
3365 2801 3519 2869 Quod

1941 2902 1986 2955 si
2014 2916 2119 2955 non
2155 2902 2333 2956 credis
2363 2902 2413 2953 in
2443 2899 2731 2969 Spiritum,
2769 2914 2943 2967 neque
2983 2899 3034 2951 in
3082 2896 3277 2950 Filium
3312 2893 3515 2949 credis.

1941 2992 2081 3047 Audi
2110 2992 2334 3047 Paulum
2365 2992 2454 3059 qui
2491 3003 2734 3044 nostram
2760 2988 3141 3042 formationem
3175 3000 3295 3056 quae
3324 3000 3518 3040 secun-

1942 3084 2070 3138 dum
2100 3083 2268 3137 Deum
2308 3092 2391 3137 est
2424 3082 2477 3134 in
2508 3080 2709 3150 Spiritu
2742 3077 2924 3148 perﬁci
2956 3078 3052 3130 ait.
3081 3074 3193 3129 Nos
3215 3085 3388 3129 autem
3410 3089 3521 3127 om-

1945 3190 2032 3229 nes
2071 3183 2262 3228 retecta
2300 3173 2435 3242 facie
2475 3172 2693 3241 gloriam
2732 3170 2944 3224 Domini
2992 3170 3049 3224 in
3087 3167 3294 3238 speculo
3334 3180 3522 3235 reprc-

1943 3277 2226 3331 sentames,
2261 3268 2329 3318 ad
2378 3268 2611 3318 eamdem
2665 3264 2943 3331 imaginem
2992 3260 3438 3328 transformamur
3485 3273 3520 3310 a

1942 3361 2111 3430 gloria
2138 3360 2194 3413 in
2228 3358 2447 3428 gloriam
2479 3374 2496 3410 .'
2528 3355 2693 3425 308
2737 3366 2983 3422 tanquam
3038 3371 3071 3407 α
3124 3351 3341 3406 Domini
3388 3349 3519 3417 Spi-

1944 3453 2127 3507 ritu”.
2162 3450 2267 3506 Per
2297 3449 2531 3504 Verbum
2562 3463 2692 3517 ergo
2723 3457 2777 3501 et
2810 3448 2860 3500 in
2897 3444 3100 3515 Spiritu
3144 3452 3395 3497 creatura
3428 3454 3519 3496 se-

1943 3547 2177 3600 cundum
2234 3544 2521 3612 imaginem
2571 3550 2677 3597 est.
2715 3542 2789 3593 At
2827 3540 2976 3604 facit,
3025 3539 3225 3607 inquis,
3256 3536 3519 3605 Spiritum

1947 3639 2107 3703 Deus,
2144 3645 2196 3690 et
2220 3634 2350 3689 facit
2382 3650 2476 3702 per
2502 3632 2699 3688 Filium
2725 3650 2739 3686 :
2765 3641 2821 3685 et
2847 3630 3000 3695 illud,
3023 3631 3214 3687 Omnia
3235 3644 3327 3697 per
3352 3629 3521 3696 ipsum

1945 3730 2088 3798 facta
2123 3726 2332 3791 sunt",
2367 3726 2633 3795 Spiritum
2662 3739 2883 3793 quoque
2910 3725 3006 3779 tibi
3032 3725 3246 3779 videtur
3282 3720 3522 3792 comple-

1943 3823 2037 3877 cti.
2069 3821 2308 3875 Trinitas
2349 3820 2513 3890 igitur
2542 3817 2772 3873 dualitas
2801 3817 2892 3871 tibi
2930 3815 3189 3886 apparet?
3228 3815 3437 3869 Etenim
3472 3815 3520 3869 si

1945 3914 2178 3982 Spiritus
2214 3928 2315 3965 una
2342 3927 2462 3964 cum
2487 3912 2738 3966 omnibus
2770 3918 2875 3973 est,
2902 3907 3175 3978 quomodo
3209 3906 3519 3962 fueritcum

1943 4004 2104 4059 Patre
2131 4014 2185 4058 et
2211 4004 2388 4058 Filio?
2423 4004 2479 4057 Si
2510 4018 2641 4057 vero
2680 4017 2785 4057 non
2818 4010 2901 4057 est
2929 4016 3051 4055 cum
3083 4000 3244 4057 Patre
3274 4008 3327 4056 et
3357 3998 3517 4065 Filio,

1944 4096 2214 4166 quonodo
2257 4094 2495 4150 Trinitas
2523 4102 2606 4149 est
2629 4090 2907 4148 Trinitas?
2937 4092 3087 4156 Item,
3118 4090 3385 4160 quomodo
3424 4088 3523 4144 ba-

1945 4188 2193 4257 ptismus,
2233 4187 2326 4254 qui
2388 4186 2701 4240 universum
2747 4183 2935 4238 orbem
2981 4179 3304 4243 sanctificat,
3342 4190 3427 4235 est
3463 4180 3521 4233 in

1945 4279 2363 4334 Trinitate?Sed
2391 4289 2578 4334 etcum
2611 4292 2748 4347 aqua
2776 4275 3047 4330 numerari
3074 4288 3195 4329 eum
3220 4274 3375 4340 dicis,
3406 4283 3523 4327 tan-

1945 4388 2106 4441 quam
2157 4370 2250 4440 qni
2309 4380 2559 4423 creatura
2592 4371 2682 4435 sit,
2710 4367 3162 4438 quemadmodum
3191 4367 3351 4420 etiam
3378 4380 3523 4435 aqua

272 4456 491 4525 Κύριον.
541 4455 680 4509 Ἐὰν
716 4454 800 4523 μή
842 4473 931 4521 τις
976 4454 1357 4525 ἁναγεννηθῇ
1386 4456 1455 4520 ἐξ
1483 4456 1703 4522 ὕδατος
1743 4459 1838 4511 καί

1949 4474 2051 4516 est.
2084 4462 2309 4517 Constat
2334 4462 2478 4515 enim
2538 4460 2822 4515 Dominum
2858 4461 3041 4513 dicere
3072 4474 3084 4509 :
3118 4456 3239 4510 Nisi
3277 4458 3391 4527 quis
3438 4474 3523 4509 re-

268 4549 632 4615 Hrqtiuatoq.
660 4548 770 4602 Καὶ
793 4548 949 4601 τοῦτο
985 4547 1062 4601 ἔτι
1092 4550 1285 4620 μικρόν
1307 4547 1438 4619 (80).
1468 4550 1539 4603 Σὺ
1568 4550 1622 4603 δὲ
1645 4552 1735 4603 καὶ
1767 4550 1842 4621 τῷ

344 4688 391 4719 ⁸⁵
418 4687 552 4743 Gen.
592 4703 651 4751 Il,
674 4687 728 4742 7.
803 4689 849 4719 "
872 4688 1015 4744 Psal.
1054 4705 1225 4753 xxx",
1258 4689 1312 4743 6.
1392 4689 1437 4720 ⁸⁸
1460 4689 1593 4744 Gen.
1620 4705 1658 4753 l,
1687 4690 1776 4743 27.

1949 4689 2112 4744 ICor.
2142 4704 2224 4754 ιιι,
2261 4687 2348 4742 18.

345 4826 458 4894 (7'2)
508 4827 733 4892 ’Ὠσπερ
774 4824 1154 4893 λαλούμενον
1203 4822 1607 4889 ἀνθρωπίνως.
1664 4821 1842 4888 Verte,

271 4898 419 4965 quasi
448 4898 675 4947 Iumtano
706 4909 848 4946 more
872 4895 1293 4965 pronuntiatum.

343 4966 451 5035 (75)
490 4966 599 5029 llla,
634 4965 843 5035 'Ecmv_
864 4963 952 5015 ἀεὶ
987 4964 1049 5015 τὸ
1077 4962 1321 5035 Πνεῦμα,
1355 4970 1411 5015 ει
1445 4960 1649 5035 reliqua
1682 4962 1747 5015 ad
1778 4963 1843 5015 ti—

276 5032 442 5091 tuluni
470 5051 662 5101 usque,
696 5049 801 5087 non
833 5033 1083 5098 leguntur
1116 5035 1169 5087 in
1210 5033 1338 5097 Heg.
1374 5032 1559 5085 tertio.

346 5105 454 5178 (74)
495 5103 1098 5178 ΕιΙὶιί-περικόπιτει....⁸
1123 5102 1425 5173 προσίεται.
1468 5101 1537 5154 At
1570 5115 1702 5155 mss.
1741 5118 1843 5155 non

274 5173 420 5249 pauci
458 5173 898 5249 περικόπτεις....
938 5173 1245 5249 προσμίεσαι.

344 5246 455 5332 (75)
495 5239 636 5299 Editi
682 5244 839 5312 λόγον
898 5239 1231 5307 πιστεύσεις.
1282 5240 1499 5309 Antiqui
1556 5239 1661 5295 duo
1722 5240 1844 5295 libri

276 5334 563 5380 πιστευοις.

344 5387 462 5511 (ἰδὲ
497 5378 653 5466 Editi
671 5393 728 5437 et
758 5384 932 5465 nostri
969 5393 1176 5454 septem
1225 5396 1355 5435 mss.
1385 5381 1494 5462 καὶ.
1520 5378 1746 5461 Πνεῦμα
1781 5381 1845 5433 ὲκ

347 5474 405 5509 ου
468 5458 500 5509 ι’
525 5456 677 5511 Υίου.
696 5453 761 5507 Et
787 5451 1022 5511 Spiritus
1044 5471 1108 5507 ea:
1132 5454 1240 5506 Deo
1266 5468 1355 5511 per
1386 5450 1586 5503 hlium
1612 5467 1629 5503 :
1652 5451 1845 5511 quibus

277 5450 405 5509 Θεοῦ
433 5450 500 5511 δι’
525 5453 677 5519 Υἱοῦ,
696 5453 761 5507 Et
787 5450 1108 5522 Spiritus‘ea:
1132 5454 1240 5506 Deo
1266 5468 1355 5516 per
1386 5450 1586 5522 Filium
1612 5451 1845 5522 :_quibus

280 5526 456 5581 verbis
496 5526 778 5595 processio
818 5519 1054 5595 Spiritus
1105 5523 1277 5595 sancti
1326 5536 1391 5575 ex
1434 5519 1572 5574 Filio
1604 5519 1751 5595 clare
1792 5531 1846 5595 et

279 5605 455 5660 aperte
481 5591 804 5650 declaratur.
854 5591 1095 5648 Diximus
1132 5593 1406 5658 aliquanto
1437 5602 1582 5653 ante,
1619 5591 1688 5643 ibi
1724 5592 1846 5659 qui-

280 5665 395 5715 dem
436 5679 531 5718 sex
572 5666 785 5718 codices
832 5663 911 5717 sic
954 5665 1176 5718 habere.
1207 5663 1286 5714 δτι
1314 5662 1375 5713 οὐ
1406 5660 1493 5713 διὰ
1521 5660 1582 5711 τὸ
1611 5656 1748 5713 εἷναι
1780 5662 1843 5713 ὲκ

280 5682 395 5715 08m
436 5682 531 5715 SB!
572 5682 785 5715 COOICGS
832 5682 911 5715 SlC
954 5682 1091 5715 naue

280 5677 395 5715 item
436 5679 531 5718 sex
572 5677 785 5719 coutces
832 5679 911 5717 etc
954 5677 1176 5725 habere,
1207 5677 1286 5714 οτι
1314 5677 1375 5713 ου
1406 5677 1493 5713 οια
1521 5677 1582 5711 το
1611 5677 1748 5713 ειναι
1780 5677 1843 5713 εκ

278 5731 409 5786 Θεοῦ
435 5734 502 5786 δι’
531 5734 682 5797 Υίοῦ,
709 5751 813 5786 non
845 5736 981 5802 quod
1006 5735 1072 5786 sit
1118 5749 1181 5785 ea:
1217 5732 1324 5784 Deo
1351 5745 1443 5796 per
1475 5727 1679 5802 Filium
1708 5732 1842 5784 :sed

278 5802 471 5860 ibidem
503 5806 814 5861 monuimus
860 5801 998 5857 duas
1033 5802 1324 5872 particulas
1357 5806 1616 5872 negantes
1650 5801 1703 5855 in
1741 5802 1844 5867 im:

549 5896 821 5960 PnaOL.
855 5897 973 5958 Gtt.
1012 5895 1253 5959 XXIX.

1950 4564 2224 4625 generatus
2257 4554 2415 4623 fuerit
2454 4568 2518 4606 ea:
2548 4568 2686 4622 aqua
2715 4560 2764 4605 et
2783 4550 2987 4622 Spiritu
3006 4552 3072 4605 '9.
3113 4551 3175 4605 Et
3204 4552 3305 4604 boc
3344 4550 3522 4604 adhuc

2452 4687 2497 4719 ⁸⁸
2522 4686 2677 4743 Joan.
2712 4703 2752 4754 ι,
2781 4688 2834 4741 3.
2910 4687 2955 4718 "
2979 4686 3133 4741 Joan.
3166 4702 3247 4755 Ill,
3281 4686 3334 4739 5.

1952 4822 2154 4891 pressis
2191 4822 2346 4875 libris
2384 4832 2439 4875 et
2472 4822 2523 4876 in
2561 4824 2930 4879 vetustissimo
2979 4823 3173 4891 codice_
3210 4820 3520 4891 Colbcrtino

1953 4888 2199 4965 inveniri,
2237 4892 2336 4945 hoc
2370 4894 2546 4965 modo,
2576 4894 2656 4947 ὄτι
2683 4895 2745 4946 οὐ
2781 4894 2887 4965 διαί
2918 4895 2978 4947 τὸ
3012 4894 3084 4965 μὴ
3121 4888 3259 4965 έναι
3298 4893 3363 4945 ἐκ
3383 4890 3519 4945 Θεοῦ

1948 4963 2015 5016 δι’
2055 4960 2206 5024 Υίοῦ,
2239 4978 2339 5015 ηοη
2365 4963 2502 5027 quod
2531 4979 2634 5015 non
2672 4968 2739 5018 sit
2766 4980 2830 5017 ex
2862 4964 2965 5017 Deo
2995 4960 3087 5029 per
3116 4961 3341 5015 Filium.

2022 5032 2134 5101 (77)
2172 5033 2310 5085 Editi
2346 5030 2570 5102 Πνεῦμα
2603 5034 2932 5098 ἀπιστεῖται,
2967 5033 3132 5088 ἄκουε
3162 5049 3175 5062 ·
3202 5033 3345 5099 quod
3395 5048 3518 5087 cum

1954 5102 2204 5155 mutilum
2236 5103 2308 5155 sit
2335 5116 2400 5155 ex
2428 5112 2663 5171 quatuor
2690 5105 2970 5159 codicibus
3004 5104 3311 5159 restitutum
3344 5113 3430 5157 est
3462 5113 3519 5157 et

1951 5171 2314 5225 emendatum.

2023 5241 2136 5316 (78)
2169 5240 2516 5316 Antiquitres
2536 5242 2659 5316 libri
2688 5242 2748 5295 τὸ
2767 5242 3015 5315 Πνεῦμα,
3038 5244 3164 5316 φῂς,
3183 5242 3338 5307 Θεός.
3360 5240 3517 5307 Illud,

1954 5310 2170 5381 tpﬁ;,_in
2201 5310 2431 5379 vulgatis
2460 5312 2818 5367 desideratur.

2016 5378 2133 5455 (79)
2169 5378 2451 5455 Εάῐιὶ-πρς
2480 5382 2636 5455 perdt
2649 5383 2862 5455 Πατρὸς
2893 5383 2989 5455 καὶ
3025 5380 3169 5455 Υίοῦ
3189 5382 3248 5436 τὸ
3274 5380 3519 5455 Πνεῦμα,

1943 5448 2061 5514 πῶς
2091 5448 2259 5521 Τριὰς
2293 5452 2327 5521 ἡ
2360 5448 2549 5522 Τριάς.
2599 5448 2781 5507 (Ζοάειί
2810 5454 2962 5508 Colb.
3000 5462 3053 5508 et
3086 5453 3173 5506 alii
3211 5462 3320 5522 tres
3365 5448 3520 5519 Regii

1944 5532 2001 5573 nt
2040 5523 2093 5573 in
2130 5520 2416 5576 contextu.
2444 5522 2599 5578 Haud
2631 5523 2792 5594 longe
2824 5523 2957 5592 Reg.
2982 5532 3209 5593 quartus
3234 5520 3520 5593 βάπτισμα

1944 5590 2002 5644 τὸ
2035 5590 2263 5644 κόσμου.

1941 5607 2002 5644 το
2035 5607 2263 5644 κοσιιου.

2013 5608 2302 5737 (ἒῧῗὲἓίῖιίἰ
2344 5662 2501 5718 τοῦτό
2544 5663 2658 5717 ἐστι
2692 5665 2905 5737 μικρόν.
2941 5663 3012 5719 At
3044 5679 3177 5720 mss.
3210 5679 3322 5734 ,εει
3367 5663 3526 5717 τοῦτο

1940 5730 2029 5784 ιτι
2058 5733 2273 5802 μικρόν.

3172 5899 3251 5960 ἓῖιι
