3956 6216
486 340 597 400 ’139
1805 339 1862 396 S.
1905 339 2146 396 BASlLll
2187 339 2402 396 MAGNI
3670 335 3776 390 740

497 463 746 530 exiguum
779 468 881 514 est.
915 456 994 511 Tu
1037 471 1189 520 vero,
1221 471 1284 511 ex
1327 469 1394 510 eo
1429 456 1571 525 quod
1595 454 1831 511 Joannes
1873 458 2015 511 dicat
2043 477 2056 510 :

2173 459 2292 528 περ),
2309 458 2408 528 τῆς
2436 457 2658 527 γεέννης
2679 457 2740 510 τὸ
2757 456 2980 526 Πνεῦμα
3005 455 3067 508 τὸ
3095 454 3237 507 Θεῑον
3256 469 3552 520 συγκατατ
3562 453 3778 519 ἀττεις,

501 553 620 622 Ipse
644 568 728 606 vos
761 552 1041 619 baptizabit
1072 553 1126 604 in
1155 549 1359 618 Spiritu
1398 557 1578 602 sancto
1614 557 1661 601 et
1709 548 1825 616 igne
1845 548 1912 613 ‘°,
1943 548 2064 617 Spi-

2173 549 2254 602 διά
2286 549 2346 600 τὸ
2376 550 2556 617 λέγειν
2602 549 2691 601 τὸν
2730 547 2985 617 Ἰωάννην
3006 565 3018 576 ·
3040 545 3234 611 Αὐτὸς
3263 543 3425 614 ὑμᾶς
3462 545 3778 608 ,βαπτίσει

500 652 660 705 ritum
685 649 923 704 divinum
956 650 1118 703 etiam
1149 662 1255 700 una
1293 662 1414 700 cum
1455 647 1577 715 igne
1607 646 1868 714 gehennae
1899 646 2064 700 collo-

2173 643 2234 694 ἐν
2257 642 2548 710 Πνεύματι
2576 641 2723 711 ἁγίῳ
2749 640 2848 693 καὶ
2879 639 3023 706 πυρί
3051 638 3188 708 (81).
3223 636 3412 690 Ταῦτα
3441 638 3619 689 ποίαν
3643 637 3777 688 ἀσε-

498 756 611 796 cas.
640 740 766 795 Haec
793 755 950 809 quem
979 738 1272 806 impietatis
1306 734 1524 791 inodum
1553 752 1660 789 non
1709 746 1986 805 superant,
2018 739 2063 791 si

2173 731 2318 795 δείας
2339 731 2641 802 ὑπερϐολὴν
2672 731 2982 794 κατέλιπεν,
3009 732 3056 782 εί
3088 731 3186 800 τὴν
3216 728 3411 790 ὓδατος
3450 728 3575 796 (82)
3613 728 3777 791 ἀξίαν

498 835 620 888 ideo
649 849 800 902 aquae
818 832 1132 902 dignitatem
1159 829 1383 899 Spiritui
1411 839 1599 883 sancto
1621 829 1897 892 attribuis,
1920 829 2064 897 quod

2173 823 2243 894 τῷ
2279 823 2556 894 Πνεύματι
2581 822 2658 892 τῷ
2679 822 2818 893 ἁγίῳ
2844 821 3186 892 περιάπτεις,
3211 820 3400 888 ἐπειδὴ
3435 819 3593 871 Πνεύ
3603 835 3774 887 ματος

497 925 734 993 Spiritus
774 925 960 994 illapsu
1009 938 1149 993 aqua
1200 921 1611 976 sanctiﬁcatur?
1657 921 2062 988 Aquuandum

2173 915 2445 984 κατεφόδῳ
2470 915 2532 966 τὸ
2566 913 2708 985 ὕδωρ
2728 913 3053 981 ἀγιάζεται;
3089 913 3316 976 ’ἰσάζειν
3346 911 3464 981 γάρ
3505 927 3599 962 σοι
3629 910 3772 976 εδοξε

487 1017 639 1069 enim
671 1015 872 1069 duxisti
909 1015 1053 1084 quod
1083 997 1573 1078 sanctiﬁcalur,°ei,
1601 1013 1692 1080 qui
1733 1012 2061 1076 sanctiﬁcat,

2173 1008 2244 1078 τῷ
2273 1007 2549 1076 ἀγιόιζοντι
2577 1008 2638 1060 τὸ
2669 1007 3029 1077 ἁγιαζόμενον
3060 1005 3192 1075 (85),
3225 1006 3320 1058 καὶ
3347 1003 3480 1074 Θεῷ
3523 1004 3638 1073 μὲν
3667 1003 3775 1070 Υἱῷ

481 1107 853 1177 eamdemque
881 1122 986 1161 una
1018 1122 1138 1160 cum
1167 1106 1275 1160 Deo
1304 1103 1443 1159 Filio
1477 1105 1529 1158 in
1560 1105 1749 1158 eadem
1792 1104 2065 1171 operatio-

2173 1099 2668 1170 συναριθμούμενον
2697 1102 2777 1163 είς
2801 1101 2902 1170 τὴν
2935 1099 3103 1169 αὐτὴν
3134 1098 3425 1168 ἐνέργειαν
3470 1098 3579 1150 καὶ
3615 1098 3772 1162 δόξαν

497 1211 566 1250 ne
597 1211 660 1250 ac
691 1197 861 1266 gloria
891 1207 1235 1250 numeratum
1284 1210 1392 1250 non
1425 1193 1710 1258 formidas,
1751 1197 1841 1263 qui
1872 1209 2066 1263 opera-

2173 1192 2224 1245 οὐ
2265 1192 2528 1262 φρίττεις,
2571 1192 2680 1263 ίδίᾳ
2702 1193 2802 1263 τὴν
2835 1192 2963 1262 μίαν
2993 1191 3270 1262 ἐνέργειαν
3297 1189 3395 1242 καὶ
3435 1189 3618 1252 δόξαν
3645 1191 3772 1242 ἀνει-

496 1289 698 1341 tionem
726 1301 887 1340 unam
919 1300 983 1340 ac
1027 1284 1254 1355 gloriam
1293 1284 1550 1354 privatim
1601 1282 1845 1338 disseces
1879 1281 2064 1352 :quod

2173 1285 2381 1339 κόπτων
2409 1284 2550 1356 (84)’
2594 1287 2677 1338 ὅτι
2711 1285 2768 1337 δὲ
2801 1283 2952 1338 ὕδατι
2995 1285 3190 1354 χρῆται
3223 1282 3366 1353 πρὸς
3391 1283 3496 1335 τὸν
3523 1282 3649 1334 τῶν
3676 1299 3776 1334 σω-

496 1386 674 1433 autem
727 1378 894 1431 utitr
945 1392 1082 1445 aqua
1124 1377 1190 1430 ad
1242 1389 1533 1444 corporum
1602 1373 2061 1443 puriﬁcationem,

2173 1377 2352 1449 μάτων
2385 1377 2690 1448 καθαρμὸν,
2715 1377 2806 1430 διὰ
2831 1376 2988 1429 τοῦτο
3011 1377 3109 1446 τῆς
3133 1374 3226 1427 τοῦ
3251 1376 3452 1436 ὓδατος
3490 1376 3779 1443 ἰσοτιμίας

489 1480 778 1541 propterea
803 1469 1064 1538 Spiritum
1111 1467 1313 1537 putasti
1347 1467 1536 1521 eodem
1576 1466 1786 1521 honore
1815 1465 2061 1535 dignum,

2173 1467 2312 1530 ἄξιον
2337 1467 2569 1535 ἐλογίσω
2597 1466 2709 1538 (85)
2736 1466 2798 1518 τὸ
2822 1465 3066 1535 Πνεῦμα.
3099 1465 3208 1517 Καὶ
3222 1465 3322 1535 τὴν
3349 1466 3457 1534 μὲν
3486 1464 3775 1533 ἰατρικὴν,

493 1577 602 1630 quo
633 1575 855 1630 aquam.
889 1560 954 1613 Et
1003 1558 1323 1613 medicinam
1356 1556 1598 1626 quidem,
1649 1558 1862 1612 tametsi
1894 1567 2066 1611 mate-

2173 1556 2320 1620 ὗλαις
2350 1557 2661 1628 χρωμένην,
2689 1557 2788 1609 οὐκ
2818 1556 3020 1621 ἱσάξιον
3049 1559 3170 1618 ταῖς
3195 1555 3350 1618 ὕλαις
3380 1554 3610 1623 λέγεις,
3641 1555 3781 1608 ἀλλά

2165 1649 2519 1722 κυριευτικὴν
2566 1648 2679 1702 τῶν
2709 1647 2881 1701 ὑλῶν·
2931 1649 2993 1700 τὸ
3025 1648 3081 1700 δὲ
3110 1648 3250 1700 θεῖον
3291 1647 3579 1716 Πνεῦμα,
3629 1647 3777 1717 χρώ-

2172 1761 2329 1814 μενον
2358 1743 2510 1796 ὕδατι
2541 1742 2678 1813 πρὸς
2709 1740 2806 1812 τὴν
2832 1741 2940 1792 τῶν
2967 1740 3241 1810 ἁμαρτίας
3281 1739 3489 1809 ρύπων
3555 1740 3774 1791 ἀποκά-

2167 1837 2382 1908 θαρσιν,
2422 1835 2504 1898 είς
2533 1833 2636 1904 τὴν
2666 1833 2761 1885 τοῦ
2809 1831 3003 1895 ὕδατος
3027 1830 3240 1897 ἀδοξίαν
3265 1830 3365 1883 καὶ
3387 1831 3779 1900 ταπινότητα

2166 1925 2614 1996 καταὸέὸληιιας⁶
2652 1923 2862 1988 ὓδατος,
2896 1924 2925 1976 ὃ
2969 1923 3105 1995 πρὸς
3153 1923 3343 1993 κοινὴν
3375 1923 3599 1994 χρῆσιν
3635 1924 3778 1974 ἀνεξ-

2166 2037 2254 2073 ται
2311 2018 2406 2072 καὶ
2439 2017 2746 2070 δυσσεὸὦν·
2803 2017 3014 2079 ὓδατος,
3156 2015 3436 2086 μολυσμοὶ
3494 2018 3774 2085 σωμάτων

2165 2110 2367 2174 πάντες
2401 2109 2888 2179 ἀποκαθαίρονται.
2943 2107 3068 2159 Ἐὰν
3103 2107 3160 2159 δὲ
3191 2107 3285 2159 καὶ
3332 2106 3396 2159 τὸ
3441 2107 3552 2159 τοῦ
3605 2110 3774 2177 πυρὸς

2166 2201 2498 2272 ὲνθυμηθῇς,
2521 2196 2631 2255 οἷον
2661 2202 2910 2272 ἐννοῆσαι
2935 2200 3313 2270 τετόλμηκαςς
3349 2200 3658 2270 Θαυμάζω
3679 2202 3773 2269 τὴν

2165 2293 2455 2356 ἀπόνοιαν,
2497 2293 2546 2344 εἰ
2595 2293 2670 2364 μὴ
2711 2291 2953 2354 δέδοικας
2988 2289 3097 2362 (86)
3142 2291 3312 2352 ὅντως
3362 2290 3430 2342 τὸ
3469 2291 3614 2361 πῦρ.
3674 2289 3773 2343 Βα-

2167 2384 2346 2447 πτίζει
2368 2384 2600 2454 Χριστὸς
2630 2385 2688 2436 ὲν
2731 2382 3009 2453 Πνεῦματι
3044 2383 3172 2443 τοὺς
3205 2381 3397 2446 ἀξίους
3432 2382 3730 2451 ἁγιασμοῦ
3751 2399 3765 2413 ο

2165 2479 2291 2542 τοὺς
2319 2477 2375 2530 δὲ
2400 2475 2653 2540 ἀναξίους
2682 2476 2773 2528 ἐπὶ
2797 2475 2860 2526 τὸ
2889 2472 2997 2544 πῦρ
3024 2473 3413 2543 παραπέμπει,
3441 2474 3585 2535 τοὺς
3621 2474 3769 2526 ἀλλο-

2164 2569 2348 2638 τρίους
2382 2566 2476 2620 τοῦ
2520 2564 2727 2634 ἀγαθοῦ
2771 2563 2850 2634 τῷ
2883 2563 3039 2633 κακῷ
3072 2562 3424 2633 παραδιδούς,
3469 2564 3580 2616 Διά
3618 2563 3768 2616 τοῦτό

2170 2677 2249 2714 σοι
2269 2661 2376 2731 ἄρα
2398 2659 2459 2712 τὸ
2475 2658 2680 2726 ἀγαθὸν
2709 2657 2806 2710 καὶ
2825 2658 2885 2709 τὸ
2913 2656 3081 2709 κακὸν
3102 2655 3306 2723 ἀδελφά
3329 2655 3429 2707 καὶ
3458 2657 3489 2707 ὁ
3499 2657 3769 2724 nonet-.371

491 2747 692 2803 malum
737 2748 880 2802 inter
912 2762 971 2802 se
1001 2761 1122 2801 esse
1149 2745 1349 2810 aﬂinia,
1385 2746 1652 2814 simulque
1680 2754 1861 2799 creata
1886 2754 1941 2799 et
1975 2758 2066 2799 so-

2173 2753 2260 2806 καὶ
2285 2751 2514 2805 κοινωνὰ
2543 2750 2654 2822 (87)
2688 2750 2959 2819 φαίνεται.
2977 2747 3254 2819 Καὶὴμῶν
3289 2750 3392 2818 μὲν
3414 2750 3766 2800 ﬁnisﬁnis.

491 2840 601 2894 cia.
639 2839 706 2893 Et
725 2853 1034 2908 quanquam
1065 2853 1162 2892 nos
1183 2839 1399 2892 easdem
1426 2836 1601 2891 Patris
1633 2846 1688 2891 et
1717 2837 1840 2897 Filii
1869 2847 1924 2892 et
1947 2837 2065 2906 Spi-

2173 2863 2272 2898 των
2301 2843 2581 2916 ἐνεργείας
2608 2843 2707 2906 τὰς
2745 2841 2913 2905 αὐτὰς
2943 2842 3159 2912 Πατρδς
3184 2842 3277 2894 κα)¹
3306 2841 3446 2893 Υίοῦ
3484 2843 3586 2894 καὶ
3617 2841 3763 2908 ἁγίου

491 2933 632 2988 ritus
672 2932 847 2987 sancti
890 2933 1236 3001 operationes
1281 2941 1796 2996 commonstramus,
1847 2938 1903 2984 tu
1956 2944 2063 2983 non

2173 2936 2502 3007 Πνεύματος,
2534 2935 2632 3005 οὐχ
2659 2936 2792 3006 δρᾷς
2816 2936 2915 3005 τὴν
2946 2935 3158 2997 ἕνωσιν,
3182 2933 3291 2986 οὐδ’
3323 2935 3415 2986 ὅτε
3444 2936 3766 3005 καταμόνας

493 3026 647 3079 vides
677 3025 1144 3094 conjunctionem;
1179 3039 1277 3078 nec
1301 3039 1423 3078 cum
1460 3023 1788 3091 praedicatur
1815 3036 2063 3076 seorsum

2173 3031 2226 3082 ὲν
2276 3029 2411 3081 Θεοῦ
2465 3027 2589 3098 δόξῃ
2623 3027 2682 3080 τὸ
2713 3026 2938 3096 Πνεῦμα
2969 3025 3334 3096 κηρύσσεται,
3395 3026 3616 3087 συνίεις
3675 3027 3763 3094 τὴν

493 3117 731 3186 Spiritus
761 3118 814 3171 in
846 3115 942 3170 Dei
975 3115 1168 3185 gloria,
1201 3115 1254 3168 in
1286 3128 1350 3168 eo
1373 3113 1611 3167 divinam
1643 3113 1871 3182 gloriam
1899 3111 2064 3165 intel-

2173 3120 2354 3191 θεῖκὴν
2389 3117 2546 3183 δόξαν
2586 3120 2672 3172 ἐπ’
2704 3118 2871 3172 αὐτοῦ
2891 3159 2906 3183 ,
2951 3117 3218 3185 λεγόντων
3245 3116 3358 3168 τῶν
3393 3117 3728 3169 ἀποστόλων
3748 3156 3763 3176 ,

492 3210 646 3279 ligis;
682 3209 880 3278 quippe
922 3206 1148 3276 apostoli
1191 3205 1439 3260 dicunt“
1472 3222 1487 3259 :
1521 3203 1651 3258 Haec
1683 3205 1810 3258 dicit
1838 3203 2068 3273 Spiritus

2173 3209 2312 3264 Τάδε
2335 3207 2595 3278 λέγειιτὸ
2628 3208 2872 3276 Πνεῦμα
2910 3206 2977 3260 τὸ
3011 3207 3214 3276 ἅγιον,
3245 3206 3322 3268 ὡς
3357 3208 3408 3258 οἱ
3436 3208 3763 3277 προφῆται,

492 3307 743 3360 sanctus;
785 3295 1236 3365 quemadmodum
1285 3294 1504 3348 aiebant
1559 3295 1870 3364 prophetas,
1935 3293 2068 3348 Han:

2173 3300 2315 3354 Τάδε
2337 3301 2498 3370 λέγει
2521 3300 2753 3367 Κέφιος.
2779 3299 2888 3350 Καὶ
2904 3298 3108 3367 Κυρίου
3134 3296 3331 3364 πεῖραν
3357 3293 3647 3362 λεγόντων
3673 3296 3763 3363 τὴν

491 3391 619 3442 dicit
646 3387 924 3442 Dominus.
961 3385 1102 3451 Quin
1149 3393 1206 3439 et
1241 3385 1452 3439 Domini
1495 3385 1848 3438 tentationem
1880 3384 2068 3438 dicunt

2173 3392 2257 3446 τοῦ
2280 3392 2420 3444 Πνεύ
2429 3408 2596 3462 ματος
2628 3394 2845 3461 πεῖραν,
2869 3391 2957 3441 ὅτε
2987 3387 3121 3459 φησὶ
3141 3387 3278 3457 πρὸς
3297 3389 3431 3449 τοὺς
3460 3388 3764 3456 πειράσειν-

493 3481 735 3550 Spiritus
758 3481 1140 3544 tentalionem,
1177 3478 1271 3532 ubi
1296 3476 1548 3532 videlicet
1567 3478 1631 3529 ad
1658 3485 1930 3531 tentantes
1956 3475 2064 3530 Pe-

2173 3484 2302 3546 εαςὸ
2326 3483 2556 3554 Πέτρος·
2594 3483 2655 3535 Τί
2686 3481 2775 3534 ὅτι
2801 3477 3201 3548 συνεφωνήθη
3233 3478 3366 3548 ὑμῖν
3397 3480 3675 3550 πειρᾶσαι
3697 3479 3754 3531 τὺ

493 3586 612 3628 trus
642 3575 718 3627 ait
750 3591 762 3627 :
793 3572 901 3626 Cur
935 3572 1172 3626 convenit
1203 3571 1342 3622 inter
1371 3585 1461 3623 vos
1509 3578 1564 3621 ut
1603 3570 1871 3622 tentaretis
1895 3565 2067 3636 Spiri-

2173 3573 2387 3644 Πνεῦμα
2404 3574 2608 3645 Κυρίου
2629 3589 2644 3638 ;
2681 3575 2774 3626 καὶ
2798 3572 2934 3643 πρὸς
2954 3572 3083 3634 τοὺς
3109 3570 3305 3632 αὐτούς
3325 3584 3341 3600 ο
3358 3572 3492 3624 Οὐκ
3521 3572 3764 3639 ἐψεύσω

494 3675 606 3720 tum
629 3665 836 3718 Domini
855 3664 933 3730 ";
969 3672 1025 3718 et
1050 3665 1120 3716 ad
1153 3664 1371 3718 eosdem
1406 3678 1422 3715 :
1455 3657 1581 3715 Non
1605 3676 1657 3714 es
1687 3660 1934 3714 mentitus
1965 3660 2062 3711 Ito-

2173 3667 2514 3737 ἀνθρώποις,
2536 3665 2698 3721 ἀλλὰ
2717 3664 2857 3730 Θεῷ.

489 3759 743 3824 minibus,
776 3757 864 3810 sed
894 3755 1003 3809 Deo
1016 3755 1081 3808 ⁸³.
3039 3769 3042 3772 ’

567 3850 624 3902 2.
668 3849 819 3915 Quod
861 3848 909 3902 si
960 3847 1190 3916 apostoli
1243 3843 1537 3901 dicunt“:
1583 3842 1761 3898 Visum
1794 3853 1968 3897 autem
1995 3850 2068 3896 est

2235 3849 2291 3902 ‘2.
2334 3849 2460 3903 Ἐὰν
2486 3849 2542 3902 δὲ
2571 3850 2621 3902 oi.
2653 3849 2942 3902 ἀπόστολοι
2969 3847 3200 3916 λέγωσιν
3220 3863 3235 3877 ·
3284 3846 3516 3910 Ἔδοξε
3550 3847 3623 3900 δὲ
3659 3846 3759 3915 (88)

492 3942 728 4010 'Spiritui
779 3950 959 3994 sancto
989 3949 1037 3994 et
1094 3939 1263 4006 nobis,
1298 3952 1404 3993 non
1445 3947 1830 4006 componentes
1867 3936 2068 4006 seipsos

2173 3937 2247 4003 τῷ
2283 3939 2430 4009 ἁγίῳ
2456 3939 2755 4007 Πνεύματι
2782 3937 2879 3991 καὶ
2906 3936 3071 4006 ἡμῖν,
3103 3936 3165 3989 οὐ
3199 3936 3610 3999 συντάσσοντες
3641 3939 3764 3990 ἑαυ-

495 4049 618 4088 cum
649 4042 914 4103 potestate
950 4031 1212 4101 Spiritus,
1250 4030 1348 4085 sed
1399 4028 1772 4097 subjicientes,
1807 4037 2068 4097 tanquam

2173 4031 2294 4092 τοὺς
2321 4032 2386 4101 τῇ
2414 4028 2508 4081 τοῦ
2544 4028 2859 4098 Πνεύματος
2896 4027 3134 4097 ἐξουσίᾳ,
3181 4025 3297 4079 ἀλλ’
3325 4027 3759 4089 ὑποτάσσοντες,

486 4125 563 4177 ab
589 4125 703 4192 ipso
731 4135 859 4176 tunc
885 4121 1082 4186 edocti,
1110 4130 1164 4176 et
1193 4119 1349 4189 quasi
1375 4134 1537 4174 unam
1563 4118 1924 4188 cognitionem
1947 4131 2068 4173 sen-

2173 4119 2244 4181 ὼς
2275 4119 2367 4172 ὑπ’
2400 4119 2562 4172 αὑτοῦ
2589 4118 2984 4190 χορηγούμενοι
3014 4116 3125 4187 (89)
3157 4116 3301 4183 τότε,
3336 4118 3607 4172 καθάπερ
3637 4120 3762 4190 μίαν

493 1653 594 1706 riis
620 1653 807 1717 utitur,
842 1665 951 1705 non
985 1650 1122 1706 dicis
1167 1649 1414 1704 materiis
1441 1649 1704 1718 dignitate
1736 1663 1943 1716 parem,
1969 1648 2065 1702 sed

493 1744 848 1798 materiarum
878 1743 1150 1798 dominam
1188 1760 1204 1796 :
1238 1743 1479 1797 divinum
1501 1756 1632 1795 vero
1659 1741 1943 1810 Spiritum,
1974 1740 2062 1808 qui

494 1850 633 1904 aqua
662 1834 730 1888 ad
761 1835 970 1904 peccati
995 1835 1182 1889 sordes
1203 1834 1582 1903 expurgandas
1607 1833 1796 1898 utitur,
1822 1835 1888 1886 ad
1914 1846 2066 1900 aqua:

494 1929 730 1982 dedecus
759 1936 920 1996 atque
945 1925 1303 1980 humilitatem
1334 1925 1524 1993 dejicis
1556 1941 1572 1977 :
1602 1939 1774 1993 aquae,
1817 1926 2060 1992 inquam,

493 2033 615 2089 quae
648 2018 830 2087 impiis
885 2017 1052 2072 etiam
1105 2017 1174 2071 ad
1221 2031 1560 2070 communem
1603 2031 1758 2070 usum
1810 2027 2066 2068 concessa

492 2119 578 2165 est
604 2129 619 2166 :
651 2124 825 2178 aquae,
853 2123 960 2178 qua
989 2109 1170 2164 omnia
1191 2122 1477 2178 corporum
1510 2106 1914 2175 inquinamenta
1943 2105 2066 2159 abs-

493 2211 796 2268 terguntur,
839 2199 993 2265 Quod
1023 2201 1068 2255 si
1136 2198 1277 2269 ignis
1302 2199 1468 2252 etiam
1511 2195 1866 2251 considerasti
1902 2203 2064 2248 natu-

492 2306 634 2358 ram,
671 2291 1018 2361 qualemnam
1058 2305 1170 2345 rem
1213 2305 1379 2345 ausus
1414 2303 1474 2345 es
1502 2288 1854 2359 excogitare?
1881 2287 2065 2341 Demi-

493 2395 586 2435 ror
616 2382 975 2446 dementiam,
1003 2381 1048 2435 si
1073 2395 1200 2436 vere
1224 2381 1400 2450 ignem
1433 2395 1539 2434 non
1565 2378 1884 2434 extimuisti.
1909 2376 2066 2431 Chri-

493 2483 615 2526 stus
637 2473 692 2526 in
726 2472 930 2541 Spiritu
955 2473 1194 2540 baptizat
1225 2472 1656 2526 sanctiﬁcatione
1679 2473 1870 2539 dignos
1893 2487 1908 2523 :
1929 2470 2067 2523 indi-

492 2579 630 2634 gnos
671 2580 802 2618 vero
840 2565 893 2618 in
935 2564 1113 2633 ignem
1155 2564 1347 2628 mittit;
1397 2563 1601 2618 alienos
1643 2577 1673 2615 a
1726 2563 1890 2626 bono,
1925 2561 2066 2614 malo

492 2657 734 2713 tradens.
786 2655 1076 2725 Propterea
1122 2656 1286 2724 igitur
1317 2655 1571 2710 videntur
1604 2655 1698 2708 tibi
1754 2654 1953 2708 bonum
2009 2663 2065 2708 et

2096 1802 2138 1858 Β

466 4333 469 4336 ·
566 4325 616 4358 ⁸⁸
649 4324 835 4379 Matth.
871 4340 957 4386 ιιι,
987 4324 1075 4377 11.
1161 4322 1208 4354 ⁶¹
1237 4320 1372 4377 Act.
1399 4334 1510 4384 ιιι,
1545 4317 1630 4372 11.
1711 4319 1756 4350 ⁸⁸
1781 4319 1900 4376 Act.
1932 4336 1984 4385 v,
2009 4319 2063 4377 9.

2173 4321 2184 4352 '
2213 4320 2343 4377 ibid.
2373 4321 2430 4376 4.
2509 4321 2554 4352 ⁸⁸
2577 4321 2699 4375 Act.
2725 4335 2816 4386 xv,
2837 4319 2928 4376 9.8.

563 4478 674 4548 (8l)
705 4477 856 4543 Illud,
891 4478 1061 4540 Αὐτὸς
1093 4479 1237 4549 ὑμᾶς
1269 4476 1517 4549 βαπτίσει
1544 4477 1604 4531 ὲν
1629 4476 1908 4549 Πνεόματι
1930 4476 2068 4547 ἁγίῳ

2175 4475 2375 4549 ibidem
2405 4490 2556 4549 mss.
2583 4473 2856 4549 ‘nonnulli
2893 4475 3309 4549 καταφαίνεται-
3345 4475 3602 4549 Subinde
3639 4479 3762 4532 editi

493 4545 588 4604 xci
619 4545 1026 4671 mphﬂuidem
1063 4545 1220 4602 hodie
1254 4545 1358 4601 non
1391 4548 1583 4615 legitur
1613 4548 1753 4615 apud
1780 4545 2064 4612 Joannem,

493 4621 586 4671 sed
626 4619 765 4671 apud
847 4620 1101 4671 attbwum
1134 4633 1217 4671 ιιι.
1242 4617 1332 4671 11.
1362 4626 1416 4670 et
1445 4617 1586 4671 apud
1611 4616 1811 4671 Lucam
1843 4633 1926 4671 ιιι.
1963 4615 2062 4670 i‘i:

2175 4545 2303 4598 Υίοῦ
2336 4548 2428 4598 καὶ
2457 4546 2796 4615 Πνεύματος.
2832 4547 2901 4598 At
2929 4562 3059 4599 mss.
3095 4547 3188 4599 καὶ
3218 4545 3377 4614 ἁγίου
3411 4545 3760 4618 Πνεύματος,

2243 4616 2357 4671 (88)
2398 4616 2500 4668 Pro
2534 4615 2590 4668 δέ
2629 4617 2680 4668 in
2709 4617 2912 4671 aliquot
2945 4630 3075 4670 mss.
3112 4617 3304 4671 lenitur
3332 4616 3468 4671 γάρ.

491 4621 586 4673 sed
626 4615 765 4686 apud
794 4615 1101 4672 Matthwum
1134 4633 1217 4680 ιιι,
1242 4617 1332 4681 11,
1362 4626 1416 4670 et
1445 4617 1586 4684 apud
1611 4616 1811 4671 Lucam
1843 4633 1926 4681 ιιι,
1963 4615 2062 4686 i‘i:

2243 4616 2357 4684 (88)
2398 4616 2500 4686 Pro
2534 4615 2590 4668 δέ
2629 4617 2680 4668 in
2709 4617 2912 4682 aliquot
2945 4630 3075 4670 mss.
3112 4617 3304 4686 legitur
3332 4616 3468 4685 γάρ.

495 4684 715 4742 dubium
751 4697 930 4743 tamen
965 4702 1067 4740 non
1103 4698 1187 4741 est
1216 4686 1344 4757 quin
1379 4686 1591 4757 olimiu
1638 4687 1926 4757 aliquibus
1957 4684 2066 4739 sal-

496 4769 604 4812 tem
640 4773 772 4813 mss.
821 4759 1014 4812 lectum
1065 4756 1301 4812 fuerit’et
1335 4757 1475 4824 apud
1511 4756 1770 4810 Joannem
1804 4771 1842 4819 I,
1881 4756 1973 4822 27,
2011 4764 2068 4808 ut

495 4843 561 4882 ex
599 4827 745 4882 Novo
783 4828 1129 4882 Testamento
1157 4825 1454 4882 Oxoniensi
1491 4827 1722 4895 perspici
1760 4835 1956 4895 potest.

568 4895 941 4970 (82)AVgetcres
985 4896 1339 4970 aliquotlibri
1370 4893 1580 4970 et_eilit_i
1621 4893 1720 4966 τὴν
1752 4895 1811 4958 ἐξ
1854 4893 2064 4970 ὓδατοςἶ
2114 4929 2119 4935 ς

495 4963 602 5022 Alii
627 4963 844 5038 quidam
879 4982 1011 5038 mss.
1043 4967 1142 5038 τὴν
1175 4966 1389 5038 ὓδατος.
1427 4963 1622 5022 Statim
1655 4963 1787 5020 mss.
1828 4965 2067 5020 nonnulli

496 5037 818 5104 simpliciter
847 5037 1155 5108 πνεύματος
1181 5037 1403 5108 ὲφόδῳη
1583 5071 1588 5076 .

1383 5105 1723 5179 ἁγιάζονᾼκα)
1752 5107 1811 5179 τὸ
1849 5105 2070 5179 ἀγια-ζό-

501 5171 683 5250 μενον.
718 5176 923 5232 Ibidem
959 5178 1085 5232 editi
1121 5171 1225 5230 καῖ
1248 5175 1367 5246 Θεῷ
1406 5171 1503 5245 μὲν
1544 5177 1637 5228 καὶ
1671 5171 1804 5248 Υίῷ,
1840 5171 1907 5228 Et
1962 5177 2069 5230 Deo

501 5266 562 5300 uc
589 5247 750 5300 Filio.
786 5247 930 5300 Libri
972 5249 1176 5300 antiaui
1199 5245 1318 5300 Θεῶ
1355 5247 1452 5300 μὲν
1485 5245 1619 5300 Υίῶ.
1652 5245 1760 5300 Deo
1796 5245 1958 5298 Filio.

499 5245 562 5304 ἇιε
589 5247 750 5301 Filio.
786 5247 930 5302 Libri
972 5249 1176 5314 antiqui
1199 5245 1318 5316 Θεῷ
1343 5245 1452 5315 μὲν
1485 5245 1619 5316 rip,
1652 5245 1766 5300 Deo’
1796 5245 1958 5298 Filio.

573 5321 685 5388 (84)
725 5316 878 5387 Regii
921 5319 1026 5388 duo
1070 5317 1189 5372 libri
1236 5317 1392 5383 δόξαν
1433 5316 1758 5370 διακόπτων.
1792 5315 1909 5370 Hoc
1955 5317 2070 5383 ipso

499 5402 554 5443 In
583 5385 703 5442 loco
729 5385 881 5442 Colb.
924 5385 1078 5439 ὕδασι
1107 5389 1325 5458 χρῆται.

573 5458 686 5528 (85)
721 5459 860 5528 Editi
896 5468 950 5510 et
1003 5456 1421 5528 mss.’nonnulli
1467 5456 1634 5521 ἀξίως
1679 5457 1930 5526 ὲλογίσω.
1964 5456 2070 5510 Alii

497 5526 606 5582 duo
635 5526 763 5580 mss.
803 5527 954 5594 Regii
981 5526 1152 5593 ἀξιον,
1180 5537 1347 5585 recte.

573 5596 683 5666 (86)
704 5597 843 5649 Editi
879 5598 927 5649 εί
958 5599 1030 5667 μὴ
1059 5597 1310 5667 δέδοικεν.
1336 5596 1484 5652 Colb.
1511 5597 1558 5649 εί
1585 5597 1679 5650 καὶ
1709 5595 1783 5667 μὴ
1811 5595 2068 5650 δέδοικεν.

461 5665 610 5737 _..Alii
643 5665 755 5737 tres
781 5681 909 5719 mss.
943 5665 992 5717 εἰ
1021 5665 1104 5737 ’μὴ
1140 5666 1401 5730 δέδοικας.

571 5735 679 5805 (87)
723 5736 940 5792 Veteres
981 5735 1185 5806 aliquot
1232 5738 1356 5794 libri
1400 5737 1700 5808 ὁμόκτιστα
1748 5738 1841 5791 καὶ
1890 5737 2064 5793 κοινά.

2244 4687 2358 4755 (89)
2400 4685 2577 4738 Monet
2620 4686 2704 4738 vir
2736 4686 3083 4755 doctissimus
3125 4684 3374 4745 Ducasus,
3401 4684 3511 4754 legi
3551 4688 3606 4741 in
3653 4691 3762 4742 edi-

2174 4754 2317 4810 tione
2344 4755 2504 4810 Basil.
2538 4754 2948 4826 χωρηγούμενοι
2978 4755 3164 4826 {quod
3195 4770 3315 4809 cum
3349 4755 3613 4810 vitiosum
3646 4773 3764 4812 esse

2171 4828 2398 4886 videret.
2430 4825 2718 4880 emendare
2743 4825 2945 4886 voluit;
2974 4825 3156 4894 aitque
3182 4840 3247 4878 ex
3277 4827 3444 4878 veteri
3481 4841 3588 4881 suo
3625 4827 3764 4880 libro

2174 4895 2520 4968 scribendum
2558 4893 3075 4968 χειραγωγούμενοι.
3115 4894 3220 4948 Sed
3269 4910 3391 4968 cum
3416 4909 3761 4968 vosxetpa-

2170 4965 2509 5036 γωγούμενοι
2546 4963 2658 5019 non
2676 4963 2984 5036 reperiatur
3013 4979 3187 5033 neque
3215 4968 3270 5036 l_n
3307 4963 3461 5017 libris
3490 4963 3625 5019 olim
3654 4963 3761 5019 im-

2175 5034 2394 5104 pressis,
2450 5050 2623 5105 neque
2674 5035 2726 5088 in
2776 5036 2994 5105 nostris?
3024 5049 3182 5100 mss.,
3232 5034 3339 5086 imo
3383 5049 3566 5105 neque
3603 5039 3658 5090 in
3700 5052 3762 5088 eo

2174 5103 2292 5174 ipso
2321 5119 2484 5174 quem
2523 5103 2749 5160 contulit
2791 5104 2928 5158 libro
2971 5104 3160 5174 Regio,
3192 5118 3310 5174 eam
3363 5103 3518 5172 rejici
3567 5109 3761 5160 merito

2175 5173 2507 5244 posseputu.
2535 5175 2680 5229 Satis
2705 5175 3019 5241 ωσι-ιιι,νὶτο
3041 5173 3433 5244 eruditissimo,
3457 5175 3758 5229 litterulam

2177 5242 2340 5299 imam
2360 5242 2367 5244 ⁷
2390 5255 2619 5308 mutare,
2655 5246 2757 5299 hoc
2784 5255 2892 5307 est,
2924 5260 3020 5313 pro
3048 5242 3460 5313 χωρηγούμενοι
3516 5248 3762 5300 scribere

2173 5313 2568 5386 χορηγούμενοι
2595 5332 2608 5367 :
2634 5329 2738 5384 qua
2767 5315 2961 5386 exigua
2991 5315 3576 5386 iaciliquegmutatione
3608 5318 3762 5369 ulcus

2176 5382 2348 5440 toiuin
2384 5382 2742 5454 persanasset.
2788 5382 2876 5454 lla
2915 5384 3060 5437 enim
3098 5395 3311 5454 veteres
3344 5385 3588 5452 quinque
3635 5387 3758 5438 libri

2175 5455 2331 5524 plane
2363 5453 2582 5516 habent,
2613 5453 3030 5524 χορηγούμενοι,
3063 5453 3127 5505 ab
3161 5455 3504 5524 ipsqedot‘ti,
3532 5458 3756 5518 eruditi,

2172 5522 2324 5593 quasi
2353 5527 2416 5576 ab
2461 5526 2573 5592 ipso
2613 5522 3222 5591 sumptus’accipientes.
3264 5522 3418 5593 Regii
3452 5525 3674 5592 primus
3705 5539 3755 5578 et

2175 5591 2359 5648 sextus
2392 5596 2610 5662 perinde
2656 5604 2714 5646 ut
2741 5594 2906 5646 editio
2937 5593 3099 5647 Basil.
3133 5591 3558 5662 χωρηγούμενοι
3579 5612 3593 5626 ο
3615 5597 3754 5663 quod

2174 5681 2384 5722 Omnes.
2415 5665 2624 5732 opinor,
2665 5665 2846 5716 vident
2880 5665 3068 5716 vitium
3094 5679 3215 5714 esse
3254 5665 3633 5730 librariorum,
3665 5667 3755 5734 qui

2177 5736 2390 5791 incaute
2418 5737 2890 5804 imprudenterque
2926 5751 2972 5786 ω
3001 5747 3158 5805 pro_o
3190 5733 3566 5801 scripsetttul.

3899 479 3908 822 Ι
