3956 6216
1197 189 1265 227 fl,—

1184 225 1231 255 δί

231 338 332 395 Ἵιμ

1325 333 1702 386 ΑυνΕιιδυδ
1740 331 2110 387 ΕυΝΟΜΙυΜ
2149 331 2278 385 ΗΒ.
2323 332 2387 385 ν.

3379 341 3486 396 762

228 457 434 525 γνῶσιν
466 454 559 506 καὶ
601 452 862 524 φρόνησιν
902 449 1169 517 λεγόντων
1225 447 1434 501 ἑαυτῶν
1475 466 1536 501 τε
1580 446 1677 501 καὶ
1714 449 1798 502 τοί

1917 449 2245 519 tentiamque
2270 459 2324 503 et
2347 465 2509 504 uuam
2531 460 2853 520 potestatem
2877 455 3040 528 309
3062 459 3305 516 dicentes
3329 477 3485 517 suam

233 545 570 614 Πνεύματος,
617 543 712 596 καὶ
746 543 874 614 μίαν
900 540 1170 604 ἐξουσίαν,
1207 540 1270 592 σὺ
1297 541 1377 602 εἰς
1404 539 1518 609 (90)
1542 540 1719 592 κτίσιν
1748 541 1811 594 τὸ

237 598 462 708 Πνεῦμα
493 598 758 704 κατάγειν
785 598 963 706 β-ιςίιζζῃἰ
983 598 1172 704 ὥσπερ
1209 636 1259 687 εἰ
1290 598 1385 686 καλ
1404 598 1696 704 ’Μωσεί
1718 634 1810 688 τὸν

231 727 364 781 Θεὸν
402 727 604 792 ἰσάζειν
646 726 903 794 ἔφασκες,
935 725 1172 789 ἁκούων,
1206 725 1290 777 ὅτι
1335 725 1732 780 Ἐπίστευσεν
1777 729 1811 780 ό

229 820 382 885 λαὸς
404 820 486 884 τῷ
523 820 734 886 Κυρίῳ,
772 817 871 870 καὶ
904 816 1111 871 Μωσεῖ
1130 815 1209 882 τῷ
1240 816 1556 885 θεράποντι
1597 818 1808 873 αὐτοῦ.

242 913 406 966 Ἀλλὰ
431 912 563 983 δήλη
588 916 620 981 ἡ
654 911 883 982 διαφορὰ
915 909 1024 978 (91)
1051 909 1321 962 Δεσπότου
1348 910 1442 962 καὶ
1469 909 1655 962 δούλου
1672 926 1685 939 ·
1717 911 1811 980 ἥν-

233 1022 340 1075 περ
374 1004 468 1057 καί
493 1002 704 1064 δεικνὺς
731 1003 760 1054 6
787 1002 1012 1071 γράφων
1041 998 1227 1070 εἴρηκε
1259 1015 1271 1029 ’
1313 998 1522 1053 Μωσεῖ
1540 998 1620 1064 τῷ
1643 997 1812 1066 θερά-

231 1107 406 1148 ποντι
443 1093 651 1148 αὑτοῦ.
690 1092 821 1155 Θεὸς
870 1091 968 1161 μὲν
1000 1090 1110 1163 γὰρ
1143 1091 1218 1154 ὡς
1257 1090 1536 1160 Δεσπότης
1588 1091 1684 1144 καὶ
1734 1090 1809 1154 ὼς

230 1186 558 1248 ἀποστείλας
604 1185 808 1238 Μωσὲα
853 1181 1204 1236 πιστεύεταιο
1249 1182 1456 1251 Μωσῆς
1487 1182 1566 1247 δὲ,
1607 1181 1684 1246 ὡς
1717 1182 1808 1235 θε-

233 1279 422 1351 ράπων
463 1275 805 1338 ἀποσταλείς.
849 1275 1002 1329 Οῦτω
1039 1275 1104 1346 δὴ
1138 1274 1231 1327 καὶ
1269 1273 1348 1345 τῷ
1399 1274 1675 1346 Πνεῦματι
1711 1275 1809 1344 μὲν

228 1369 378 1435 ἔδοξε
418 1369 753 1432 δεσποτικῶς
780 1367 850 1420 τὰ
891 1371 957 1438 τῇ
1001 1366 1296 1439 Ἐκκλησία
1327 1366 1546 1420 δοθέντα
1582 1368 1806 1438 νόμιμα,

228 1465 344 1524 τοῖς
361 1461 418 1513 δὲ
433 1459 747 1521 ἀποστόλοις
778 1457 1123 1526 ὑπηρετικῶς
1157 1456 1226 1510 τὰ
1262 1456 1327 1508 δι’
1354 1457 1534 1509 αὐτῶν
1562 1458 1810 1528 ἐκφωνη-

227 1553 395 1606 θέντα
458 1552 873 1623 προστάγματα.
933 1549 1070 1600 Ἀλλ’
1121 1549 1182 1602 οὐ
1230 1549 1292 1601 τὸ
1334 1548 1558 1618 Πνεῦμα
1601 1547 1805 1603 δοῦλον.

239 1647 298 1698 '0
325 1646 434 1715 γὰρ
462 1646 694 1712 Κύριος,
732 1645 882 1713 φησι,
908 1641 971 1695 τὸ
1006 1640 1250 1709 Πνεῦμά
1272 1641 1402 1693 ἐστι
1430 1657 1443 1670 ’
1493 1639 1592 1693 καὶ
1635 1637 1705 1696 οὗ
1740 1640 1808 1694 τὸ

228 1739 473 1807 Πνεῦμα
499 1738 740 1804 Κυρίου,
768 1735 1096 1802 ἐλευθερία.
1125 1733 1671 1801 Καίδουλαγωγεῖται
1707 1733 1806 1804 μὲν

223 1830 566 1898 ἐπιτάγμασι
599 1831 713 1890 τοῖς
736 1826 829 1879 τοῦ
871 1827 1186 1896 Πνεῦματος
1217 1825 1247 1876 6
1293 1826 1508 1897 Ἰσραὴλ
1535 1830 1630 1880 σὺν
1656 1828 1806 1898 φόϐῳ

222 1922 680 1992 νουθετούμενος,
723 1919 1046 1972 υίοθετεῖται
1093 1918 1150 1971 δὲ
1189 1919 1534 1990 Χριστιανῶν
1577 1920 1808 1991 Ἐκκλη-

226 2013 324 2064 σία
362 2012 429 2064 δι’
467 2012 686 2079 ἀγάπης
729 2009 1085 2080 ἁγιαζομένη.
1140 2007 1230 2060 Διό
1270 2026 1434 2079 φησιν
1483 2011 1512 2061 6
1555 2010 1798 2074 Παῦλος·

223 2105 316 2156 (ιύ
368 2103 476 2173 γὰρ
509 2101 754 2156 ἐλάϐετε
786 2101 1020 2168 πνεῦμα
1049 2100 1329 2165 δουλείας
1365 2101 1553 2155 πάλιν
1578 2105 1666 2168 εὶς
1697 2103 1805 2170 spo—

217 2199 352 2259 εον,
411 2196 549 2249 ἀλλ’
591 2194 831 2247 ἐλάϐετε
857 2193 1092 2261 πνεῦμα
1131 2194 1456 2259 υἱοθεσίας,
1489 2195 1560 2248 ἐν
1588 2188 1635 2260 ᾧ
1663 2194 1804 2263 κρά-

215 2291 418 2356 «roger,
459 2284 635 2340 Ἀϐϐᾶ
661 2289 694 2339 ὁ
720 2284 939 2351 Πατήρ.
978 2285 1050 2337 Οὐ
1083 2284 1148 2355 δὴ
1198 2288 1226 2339 6
1254 2286 1312 2337 τὸ
1340 2285 1526 2338 δοῦλον
1565 2286 1804 2357 εἰληφὼς

216 2380 340 2442 υίὸς
362 2381 426 2432 ἐκ
440 2379 625 2434 δοῦλον
655 2377 1002 2438 καθίσταται,
1023 2377 1142 2428 οὐδὲ
1158 2376 1247 2429 διὰ
1272 2376 1369 2446 τὴν
1389 2377 1576 2430 δούλου
1614 2396 1803 2448 μετου-

217 2475 344 2525 σίαν
378 2471 598 2541 Πατέρα
637 2471 728 2523 τὸν
767 2470 899 2521 Θεὸν
941 2468 1378 2539 παρρησιάζεται
1409 2470 1519 2541 (92)
1545 2485 1560 2500 ⁸
1592 2472 1714 2524 οὐδὲ
1743 2473 1803 2525 τὸ

213 2565 408 2620 δοῦλον
435 2564 504 2617 τὰ
532 2564 626 2616 τοῦ
653 2562 789 2616 Θεοῦ
836 2564 1010 2616 πάντα
1053 2564 1288 2632 ἐνεργεῖ,
1315 2562 1497 2626 καθὼς
1530 2563 1797 2634 βούλεται.

213 2658 344 2712 Οὐδ’
371 2657 436 2711 ἂν
467 2656 564 2728 τὴν
607 2656 702 2708 τοῦ
744 2656 1059 2726 Πνεῦματος
1094 2653 1204 2724 (95)
1240 2656 1564 2728 παρουσίαν,
1613 2656 1800 2710 δούλου

211 2749 318 2804 καὶ
368 2749 664 2819 κτίσμα-σος
692 2747 862 2811 ὄντος,
895 2747 988 2800 ἐπὶ
1024 2747 1200 2800 πάντα
1246 2747 1458 2818 διήκειν
1504 2748 1741 2819 ἔφασκεν
1771 2751 1800 2801 6

211 2841 487 2913 ὑμνῳδὸς,
521 2842 812 2911 πρόσωπον
854 2841 986 2893 αὐτὸ
1023 2840 1118 2892 καὶ
1146 2842 1306 2909 χεῖρα
1337 2839 1473 2893 Θεοῦ
1525 2859 1795 2913 προσαγο-

216 2934 398 3005 ρεύων
424 2934 517 2987 καὶ
538 2934 711 3002 λέγων
731 2950 748 2963 ο
782 2932 908 2986 Ποῦ
934 2931 1202 3000 πορευθῶ
1237 2931 1357 2986 ἀπὸ
1390 2933 1497 2988 τοῦ
1538 2935 1800 3001 πνεύμα-

210 3027 324 3092 τός
353 3040 488 3090 σου,
517 3027 612 3077 καὶ
649 3024 767 3079 ἀπὸ
795 3024 902 3078 τοῦ
932 3023 1259 3092 προσώπου
1292 3038 1409 3080 σου
1444 3026 1563 3080 ποῦ
1593 3030 1760 3098 φύγω
1777 3045 1796 3093 ;

1835 1800 1880 1855 Β
1909 1822 2194 1890 ιιτωοοριὶε
2247 1823 2484 1892 Spiritus
2534 1829 2754 1887 ducitur

1911 550 1965 594 et
1986 538 2244 609 Spiritus,
2277 550 2334 595 tu
2363 541 2430 595 ad
2457 554 2760 600 creaturam
2781 545 3042 617 Spiritum
3080 552 3362 611 demittere
3385 572 3482 611 co-

1912 629 2060 684 naris
2095 641 2111 685 ξ
2143 631 2598 700 quemadmodum
2635 636 2678 690 si
2719 637 2889 708 Moysi
2914 656 3128 712 quoque
3177 645 3346 700 Deum
3387 665 3485 703 ex-

1911 721 2114 789 aequari
2137 721 2396 787 afﬁrmes,
2426 726 2551 779 dum
2576 729 2731 784 audis
2755 747 2771 784 :
2796 729 3028 786 Credidit
3053 737 3274 804 populus
3310 738 3486 793 Domi-

1915 830 2004 875 no,
2025 825 2072 866 et
2102 813 2236 867 Mosi
2260 832 2403 869 servo
2423 819 2534 885 ejus
2557 819 2624 872 ⁸⁵.
2644 821 2709 874 Et
2735 831 2914 878 tamen
2936 825 3222 899 Dominum
3259 830 3401 886 inter
3432 845 3489 888 et

1911 920 2126 960 servum
2151 909 2433 964 manifesta
2464 920 2547 966 est
2573 913 3083 987 differentiazquam
3112 938 3236 976 cum
3255 926 3488 994 scriptor

1911 999 2072 1052 etiam
2091 1002 2418 1067 ostenderet,
2438 1004 2565 1060 dixit
2593 1023 2608 1059 :
2629 1007 2682 1060 M
2690 1011 2767 1063 osi
2781 1026 2924 1065 servo
2941 1013 3075 1081 ejus.
3091 1014 3223 1070 Nam
3244 1018 3354 1073 Deo
3377 1021 3486 1075 sic-

1912 1089 1990 1144 uti
2031 1093 2279 1161 Domino,
2316 1105 2370 1150 et
2405 1097 2545 1152 sicut
2569 1099 2755 1156 Mosen
2793 1104 3028 1160 mitteuti
3084 1109 3434 1166 crediderunt
3465 1131 3483 1168 :

1911 1179 2042 1235 Mosi
2081 1197 2210 1239 vero
2241 1187 2396 1242 sicuti
2429 1205 2590 1246 servo
2625 1193 2810 1249 misso.
2851 1195 2941 1251 Sic
2969 1199 3215 1267 profecto
3249 1202 3479 1273 Spiritui

1910 1273 2128 1342 quidem
2151 1285 2408 1346 tanquam
2435 1282 2665 1339 Domino
2689 1287 3014 1355 placuerunt
3041 1306 3122 1346 ea:
3150 1308 3273 1362 qua:
3303 1295 3486 1352 Eccle-

1910 1365 2006 1418 sia:
2044 1366 2180 1420 datze
2217 1379 2343 1423 sunt
2382 1372 2525 1440 leges
2565 1394 2578 1428 :
2618 1379 2876 1445 apostolis
2907 1395 3035 1435 vero
3080 1394 3334 1452 tauquam
3374 1388 3482 1441 mi-

1910 1456 2118 1522 nistris,
2141 1474 2205 1514 ea
2229 1476 2350 1530 quae
2370 1465 2689 1534 evulgarunt
2716 1480 3007 1540 praecepta.
3039 1473 3274 1542 Spiritus
3297 1487 3478 1534 autem

1908 1559 2098 1602 servus
2133 1565 2236 1604 non
2267 1562 2368 1606 est.
2397 1554 2652 1611 Dominus
2679 1560 2840 1627 enim,
2878 1563 3072 1633 inquit,
3103 1565 3336 1636 Spiritus
3358 1584 3436 1627 (οἱ
3459 1589 3482 1626 :

1903 1646 1956 1689 et
1991 1637 2079 1690 ubi
2123 1638 2349 1707 Spiritus
2387 1643 2634 1715 Domini,
2679 1650 2752 1704 ibi
2794 1652 3009 1709 libertas
3039 1657 3105 1716 “.
3156 1659 3225 1714 Et
3278 1659 3476 1727 Israel,

1909 1736 2092 1796 utpote
2121 1745 2242 1785 cum
2276 1732 2560 1792 formidine
2593 1739 2897 1808 institutus,
2936 1757 2997 1801 ut
3035 1763 3226 1804 servus
3257 1753 3478 1822 quidem

2795 1852 2811 1890 :
2863 1836 3296 1899 Christianorum
3351 1860 3484 1902 vero

1908 1909 2148 1966 Ecclesia
2199 1928 2297 1982 per
2351 1918 2679 1976 charitatem
2749 1926 3113 1995 sanctiﬁcata,
3171 1933 3479 2003 adoptatur.

1904 1998 2193 2069 Propterea
2227 2006 2360 2061 dicit
2399 2009 2636 2068 Paulus:
2691 2013 2817 2070 Non
2850 2019 2988 2073 enim
3022 2024 3294 2092 accepistis
3325 2029 3484 2092 spiri-

1903 2100 2012 2144 tum
2041 2093 2228 2147 iterum
2267 2099 2533 2154 seruitutis
2561 2102 2630 2155 ad
2661 2105 2922 2172 timorem,
2951 2113 3039 2164 sed
3072 2117 3344 2182 accepistis
3372 2120 3484 2186 spi-

1904 2185 2068 2238 ritum
2108 2188 2404 2257 adoptionis
2458 2193 2514 2245 in
2549 2211 2654 2264 quo
2687 2196 3000 2258 clamamus.
3031 2203 3178 2258 Abba
3219 2206 3384 2262 Pater
3400 2185 3483 2266 7‘".

1903 2271 2017 2328 Non
2085 2276 2272 2346 utique
2333 2280 2380 2335 is
2430 2285 2522 2350 qui
2591 2287 2736 2342 servi
2795 2291 3162 2349 conditionem
3230 2302 3480 2370 accepit,

1902 2363 2048 2420 ﬁlius
2093 2382 2126 2421 e
2181 2382 2340 2425 servo
2393 2375 2745 2433 constituitur
2788 2400 2801 2435 :
2850 2398 3027 2452 neque
3074 2400 3296 2455 propter
3335 2394 3476 2445 servi

1902 2458 2371 2526 participationem
2416 2463 2585 2520 Deum
2639 2470 2862 2526 audebit
2907 2474 3123 2531 Patrem
3167 2482 3478 2548 appellare;

1903 2562 2079 2617 neque
2107 2565 2297 2608 servus
2321 2567 2578 2624 operatur
2609 2575 2949 2635 quaecunque
2990 2568 3086 2625 Dei
3132 2583 3286 2637 sunt,
3319 2576 3478 2631 sicuti

1900 2639 2032 2697 vult.
2083 2641 2269 2714 Neque
2327 2647 2568 2718 Spiritus
2623 2658 3011 2727 praesentiam,
3071 2665 3116 2715 si
3179 2681 3372 2723 servus
3424 2682 3480 2724 ct

1901 2741 2150 2790 creatura
2203 2749 2390 2807 esset,
2439 2745 2623 2800 omnia
2657 2751 2955 2816 pervadere
2998 2755 3222 2812 dixisset
3255 2762 3483 2831 hymno-

1901 2837 2021 2879 rum
2064 2840 2272 2895 cantor,
2305 2835 2394 2902 qui
2434 2852 2560 2892 eum
2600 2837 2797 2896 faciem
2834 2855 2888 2897 et
2916 2863 3132 2904 manum
3161 2851 3256 2906 Dei
3300 2868 3476 2916 vocat,

1900 2929 1966 2972 ac
2017 2918 2150 2974 dicit
2188 2940 2203 2975 :
2239 2924 2356 2989 Quo
2399 2927 2482 2982 ibo
2533 2947 2566 2983 a
2609 2933 2800 3000 spiritu
2852 2946 2980 3001 tuo,
3031 2951 3078 2992 et
3122 2958 3224 3011 qua
3273 2962 3304 2997 a
3343 2947 3481 3013 [acie

1899 3015 1992 3061 tua
2037 3008 2282 3081 fugiam?
2317 3014 2377 3070 Si
2421 3023 2702 3079 ascendere
2732 3027 2785 3078 in
2821 3028 3036 3095 emtum,
3083 3008 3144 3085 tu
3174 3034 3283 3087 illic
3315 3008 3367 3090 es
3386 3053 3408 3100 ;
3433 3041 3480 3091 si

221 3118 371 3170 Ἐὰν
400 3117 596 3171 ἀγαθῶ
620 3120 707 3182 είς
729 3115 837 3169 τὸν
865 3115 1149 3184 οὐρανὸν,
1184 3116 1266 3169 σὺ
1291 3114 1521 3171 ἐκεῐεῖ·
1551 3119 1660 3172 ἐὰν
1690 3138 1797 3173 κα-
1826 3135 1872 3198 C
1904 3103 2217 3160 ἀεδεεηίίθνθ
2269 3111 2326 3164 in
2382 3113 2667 3184 ίηίθνηωην
2719 3122 2868 3177 ad“.
2922 3121 2983 3177 Si
3028 3141 3296 3194 δατηΡδενο
3353 3147 3480 3196 βεη-

209 3209 376 3264 ratio")
429 3213 516 3276 εὶς
559 3210 666 3262 τὸν
701 3208 888 3276 ᾅδην,
938 3208 1128 3276 πάρει.
1166 3209 1308 3263 Ἐὰν
1356 3210 1635 3266 ἀναλάϐω
1691 3213 1800 3284 (94)

207 3304 324 3367 τὰς
351 3301 646 3369 πτέρυγάς
673 3318 793 3369 μου
814 3300 941 3352 κατ’
964 3300 1197 3367 ὄρθρον,
1231 3302 1327 3354 καὶ
1354 3305 1800 3370 κατασκηνὼσω

207 3391 302 3453 εἰς
332 3388 407 3442 τὰ
431 3387 665 3456 ἔσχατα
684 3386 795 3455 τῆς
819 3386 1137 3454 θαλάσσης
1163 3407 1176 3420 ο
1209 3390 1436 3458 καὶγὰρ
1460 3392 1590 3445 ἐκεῖ
1602 3394 1641 3461 ἠ
1673 3395 1802 3464 χείρ

207 3496 333 3534 σου
387 3480 672 3549 ὁδηγήσει
706 3496 803 3548 με,
853 3479 953 3532 καί
1007 3481 1240 3545 καθέξει
1263 3499 1342 3551 με
1385 3484 1425 3551 ἡ
1469 3484 1638 3550 δεξιά.
1656 3502 1796 3541 σου.

208 3572 448 3642 Πνεῦμα
475 3573 584 3643 γάρ
617 3574 732 3625 ἐστι
755 3575 816 3626 τὸ
835 3575 1194 3644 πεπληρωκὸς
1228 3574 1296 3626 τὰ
1319 3575 1629 3646 σύμπαντα,
1660 3579 1800 3632 κατὰ

205 3666 272 3719 τὸ
305 3664 730 3735 γεγραμμένονο
761 3666 1004 3734 Πνεῦμα
1037 3666 1145 3734 γὰρ
1196 3668 1418 3734 Κυρίου
1446 3669 1800 3739 πεπλήρωκε

207 3757 332 3826 τὴν
367 3757 747 3824 οἰκουμένην,
784 3759 947 3826 φησὶν
969 3760 998 3810 6
1026 3757 1295 3828 Σολομὼν.
1328 3761 1419 3813 Διὸ
1441 3763 1536 3814 καὶ
1569 3765 1799 3836 ἐπείπερ

208 3847 339 3902 καθ’
391 3846 532 3900 ἑπτὰ
574 3848 858 3918 ἐνεργείας
891 3846 1220 3915 γινώσκεται
1267 3849 1330 3902 τὸ
1373 3851 1632 3922 Πνεῦμα,
1665 3855 1731 3916 ἃς
1770 3857 1798 3907 ὁ

222 3939 456 4002 Ἡσαΐας
485 3937 725 4010 ἔφρασεν
747 3979 761 4001 ,
795 3938 935 3992 ἑπτὰ
967 3938 1282 4009 ὀφθαλμοὺς
1324 3940 1386 3993 τὸ
1415 3942 1638 4012 Πνεῦμα
1680 3946 1795 3996 Κυ-

217 4029 334 4100 ρίου
366 4026 488 4081 εἶπε
528 4027 620 4081 καὶ
664 4028 692 4079 6
725 4028 1021 4098 Ζαχαρίας,
1076 4028 1218 4081 οὕτω
1265 4029 1470 4098 λέγων·
1523 4029 1697 4087 Οὗτοι
1743 4039 1796 4088 ol

216 4117 513 4184 ὀφθαλμοὶ
552 4117 773 4184 Κυρίου
798 4117 1225 4183 ἐπιϐλέποντες
1266 4119 1382 4185 τὴν
1412 4120 1560 4189 γῆν·
1603 4123 1696 4176 καὶ
1737 4125 1797 4177 τὸ

215 4205 538 4275 λεγόμενον·
575 4207 686 4260 Τὸν
708 4206 968 4273 οὐρανὸν
997 4207 1095 4260 καὶ
1127 4207 1242 4274 τὴν
1276 4207 1394 4277 γῆν
1425 4209 1539 4279 ἐγὼ
1563 4213 1794 4280 πληρῶ,

214 4299 380 4366 λέγει
403 4295 447 4348 Κ
451 4297 752 4367 ύριος,τὴν
784 4298 871 4350 διὰ
899 4298 993 4350 τοῦ
1025 4298 1170 4351 θείου
1189 4299 1505 4370 Πνεῦματος
1539 4304 1794 4373 σημαίνει

217 4391 496 4459 πλήρωσιν
518 4406 531 4419 ο
555 4389 742 4461 ὥσπερ
767 4393 861 4442 καὶ
877 4391 964 4444 διὰ
988 4391 1081 4443 τοῦ
1101 4393 1370 4463 Ζαχαρίου
1397 4395 1561 4466 φησὶν
1582 4397 1610 4448 6
1627 4397 1758 4461 Θεός
1777 4416 1791 4428 ο

1908 3212 2002 3250 nas
2032 3215 2171 3252 meas
2199 3203 2456 3272 diluculo,
2492 3219 2538 3262 et
2573 3201 2876 3266 habitauero
2911 3215 2965 3267 in
2993 3222 3237 3272 extremis
3269 3223 3432 3276 maris
3457 3237 3477 3279 :

1905 3307 2028 3346 nam
2074 3300 2121 3342 et
2158 3293 2232 3348 ibi
2279 3314 2468 3356 manus
2505 3311 2598 3356 tua
2648 3305 2867 3361 deducet
2913 3325 3036 3364 me:
3069 3327 3120 3366 et
3158 3316 3350 3369 tenebit
3397 3334 3480 3374 me

1902 3387 2115 3444 dextera
2143 3398 2235 3444 tua
2266 3391 2332 3446 ⁸⁸.
2366 3390 2602 3461 Spiritus
2631 3397 2776 3451 enim
2817 3409 2899 3454 est
2943 3403 3034 3470 qui
3074 3404 3320 3474 implevit
3354 3410 3478 3461 uui-

1901 3494 2088 3546 versa;
2141 3483 2438 3538 secundum
2480 3485 2535 3540 id
2591 3488 2734 3554 quod
2775 3491 3035 3560 scriptum
3080 3505 3196 3551 est:
3247 3495 3478 3566 Spiritus

1901 3571 2039 3624 enim
2074 3571 2324 3642 Domini,
2371 3576 2546 3645 inquit
2587 3577 2842 3634 Salomon
2885 3583 2949 3648 °',
2988 3583 3163 3640 orbem
3215 3595 3478 3642 terrarum

1900 3661 2148 3730 impleuit.
2182 3665 2524 3737 Quapmptcr
2554 3683 2676 3724 cum
2707 3673 2872 3727 etiam
2905 3689 3000 3743 per
3033 3686 3238 3745 septem
3285 3694 3477 3749 opera-

1903 3751 2077 3807 tiones
2093 3754 2330 3824 Spiritus
2354 3772 2732 3828 cognoscatur,
2751 3780 2886 3832 quas
2907 3763 3074 3822 Isaias
3092 3772 3366 3825 recensuit
3390 3774 3434 3804 7"
3457 3791 3473 3838 ;

1899 3844 2191 3902 Zacharias
2229 3864 2444 3919 quoque
2487 3851 2700 3909 Domini
2737 3855 3000 3924 Spiritum
3032 3870 3240 3929 septem
3287 3865 3476 3920 oculos

1898 3936 2036 3989 dixit
2058 3976 2073 4001 ,
2110 3937 2182 3992 ita
2208 3938 2440 4008 loquens
2470 3943 2558 3999 “z
2603 3942 2679 3998 Hi
2715 3946 2855 3999 oculi
2903 3947 3118 4004 Domini
3165 3954 3473 4016 aspicientes

1897 4036 2115 4080 terram.
2159 4027 2230 4083 Et
2267 4030 2398 4086 illud
2427 4035 2568 4101 quod
2611 4037 2814 4092 dicitur
2840 4040 2906 4104 ⁷³,
2946 4039 3145 4095 (Icelum
3193 4055 3244 4099 et
3274 4056 3473 4101 terram

1896 4134 1988 4186 ego
2019 4120 2302 4189 adimpleo,
2337 4124 2468 4178 dicit
2504 4128 2784 4198 Dominus,
2810 4146 2928 4185 eam
2959 4149 3080 4203 quae
3105 4151 3201 4204 per
3229 4138 3471 4194 divinum

1862 4225 1870 4232 ·
1897 4206 2156 4272 Spiritum
2187 4211 2419 4267 ellicitur
2447 4214 2882 4286 adimpletionem
2909 4224 3179 4292 signiﬁcat
3211 4246 3226 4282 :
3275 4245 3471 4298 quem-

1895 4299 2182 4355 admodum
2203 4311 2258 4357 et
2278 4318 2376 4372 per
2419 4306 2735 4364 Zachariam
2767 4309 3074 4388 [Aggwum]
3109 4319 3237 4373 dicit
3278 4322 3420 4377 Deus
3453 4341 3468 4377 :

1895 4389 2008 4460 Ego
2035 4409 2150 4447 sum
2185 4397 2241 4449 in
2272 4399 2438 4464 vobis,
2479 4412 2542 4457 et,
2571 4400 2801 4471 Spiritus
2835 4424 2979 4463 meus
3011 4413 3152 4464 stetit
3195 4414 3250 4471 i—u
3296 4418 3468 4469 medio

227 4479 372 4549 Ἐγώ
394 4485 509 4550 εἰμι
535 4480 648 4549 (95)
668 4483 737 4534 ἐν
761 4481 922 4550 ὑμῖν,
948 4482 1129 4536 καὶτὸ
1151 4484 1392 4552 Πνεῦμά
1403 4504 1522 4554 μου
1543 4488 1791 4558 esseom-

1903 4483 2145 4538 vestri".
2183 4484 2290 4540 Sed
2315 4497 2372 4541 et
2415 4500 2574 4546 antea
2619 4495 2723 4549 alia
2772 4496 2926 4572 plura
2971 4501 3213 4570 ejusdem
3254 4508 3469 4572 generis

215 4589 325 4626 κεν
354 4574 423 4626 ἐν
448 4573 616 4643 μέσῳ
633 4571 820 4642 ὑμῶν.
839 4574 1168 4646 Προείρηται
1187 4576 1244 4627 δὲ
1270 4577 1363 4629 καὶ
1393 4577 1556 4650 ἕτερα
1574 4581 1791 4636 πλείονα

213 4664 470 4729 τοιαῦτα,
503 4672 631 4736 περ).
667 4664 761 4718 τοῦ
808 4665 869 4716 τὸ
895 4666 1118 4736 Πνεῦμα
1147 4661 1289 4720 εἷναι
1317 4667 1378 4719 τὸ
1412 4669 1650 4740 πληροῦν
1691 4675 1790 4744 τὴν

214 4757 412 4811 κτίσιν.
442 4759 535 4820 Τίς
564 4753 656 4811 οὖν
687 4758 785 4810 οὐκ
818 4755 1126 4810 αἰσθάνεται
1155 4757 1257 4827 τῆς
1286 4757 1473 4827 θεῖκῆς
1495 4760 1588 4812 τοῦ
1619 4764 1790 4815 Πνεύ-

219 4868 384 4914 ιιατος
415 4852 593 4916 δόξης.
629 4851 842 4906 ἀκούων
891 4852 987 4914 τὸ,
1021 4849 1146 4904 Ποῦ
1193 4851 1463 4918 πορευθῶ
1512 4855 1630 4907 ἀπὸ
1683 4857 1788 4910 τοῦ

287 4998 333 5028 ⁸⁵
365 4996 532 5053 Exod.
564 5011 677 5057 xw,
729 4995 818 5050 51.

215 5086 290 5136 ιιι,
317 5069 384 5133 9.,
418 5071 472 5124 5.

287 5221 395 5294 (θθ)
414 5223 569 5277 Editi
595 5224 660 5276 σὺ
681 5225 779 5294 είς.
808 5219 1008 5274 Vocula
1039 5224 1101 5274 σύ
1134 5223 1184 5276 in
1218 5219 1420 5275 nostris
1447 5237 1589 5294 mss.
1611 5222 1780 5276 deest.

212 5322 282 5335 -ο
307 5293 632 5348 vertendum
665 5311 678 5346 :
710 5293 789 5346 Tu
821 5308 961 5356 vero,
994 5297 1146 5362 quasi
1177 5308 1336 5345 unum
1369 5300 1415 5342 et
1439 5293 1672 5344 eamdem
1701 5311 1783 5344 co-

217 5364 494 5430 gnitionem
533 5373 583 5416 et
643 5363 996 5441 prudentia-nt,
1027 5379 1089 5441 ac
1119 5378 1277 5441 unam
1308 5363 1621 5441 etealrndem
1648 5372 1786 5441 pote:

215 5417 398 5484 statam
421 5417 755 5498 sibimetipsis
771 5443 816 5485 et
837 5417 1059 5497 Spiritui
1083 5433 1400 5494 attribuant,
1429 5417 1687 5498 Spiritum
1713 5432 1782 5484 ad

219 5515 506 5556 creaturam
540 5505 811 5582 demittch
838 5504 1069 5582 ςοιξςινξεο
1106 5502 1318 5582 ΜΑᾏΑῙΪ·
1369 5572 1399 5582 γ,
1483 5570 1495 5582 ,
1545 5571 1557 5582 ,
1767 5571 1779 5582 .

288 5571 395 5656 )
421 5573 572 5656 [ξιιίιξ
593 5571 972 5656 Ἀλλὰιδηλαρὴ
995 5572 1246 5656 διαφορά.
1275 5570 1630 5656 Antiq'uli‘t‘luo
1651 5569 1782 5656 ἐξίῃ-ἰ

231 5640 385 5715 jam
427 5643 521 5715 δὴ
544 5644 794 5715 διαφορά.
827 5640 934 5696 Αιὶἰ
961 5640 1232 5715 quidam”
1256 5656 1398 5715 ms_s._
1441 5641 1604 5715 Ἀλλα
1645 5640 1777 5712 ἄλλη

247 5661 385 5693 arma
435 5661 462 5694 ο
544 5661 794 5715 οιαφορα.
832 5661 934 5696 Αιιι
979 5661 1199 5711 quidam
1256 5661 1388 5695 mss.
1452 5661 1599 5694 sum

219 5661 619 5782 atauopdflleg.
651 5715 918 5767 secundus
961 5712 1121 5766 Ἀλλὰ
1156 5712 1288 5782 δήλη
1317 5713 1350 5781 ἡ
1379 5711 1632 5782 διαφορά.

288 5783 394 5852 (92)
430 5781 796 5853 Εώιίδῑίὶυε.
830 5786 1096 5841 secundus
1117 5781 1552 5854 παρρησιάζεται
1578 5781 1774 5851 λέγειν.

895 4994 940 5026 σε
981 4995 1021 5048 ll
1045 5001 1170 5048 Lor.
1203 5007 1285 5056 ut,
1316 4993 1404 5047 l7.
1484 4995 1504 5026 ‘
1556 4994 1713 5051 Rom.
1742 5013 1862 5061 νιιι,
1898 5001 1988 5057 i5.

547 5069 590 5101 '“
629 5065 794 5119 Zaclt.
823 5079 894 5128 ιν,
926 5066 1012 5118 lt).
1089 5064 1134 5094 ⁷⁸
1183 5061 1386 5117 Jerem.
1424 5079 1581 5129 xxut,
1614 5066 1704 5120 ‘24.
1738 5068 1785 5099 ⁷³

1903 5088 1950 5141 g.
1984 5089 2044 5140 ιι,
2075 5077 2130 5130 5.
2197 5080 2242 5110 ⁷⁵
2276 5061 2799 5154 réii'Eiiiviu'f‘t.

1901 4571 2042 4626 dicta
2076 4584 2220 4642 sunt,
2249 4577 2442 4645 quibus
2469 4579 2668 4649 liqueat
2694 4584 2955 4653 Spiritum
2983 4605 3102 4643 esse
3130 4592 3220 4659 qui
3250 4571 3467 4647 creatu-

1901 4676 2016 4716 ram
2052 4664 2258 4734 implet.
2289 4668 2421 4735 Quis
2453 4671 2616 4743 igitur
2635 4691 2741 4730 non
2773 4681 2937 4735 sentit
2965 4683 3204 4737 divinam
3233 4683 3469 4754 Spiritus

1902 4751 2126 4818 gloriam
2157 4765 2297 4821 tum,
2323 4774 2446 4815 cum
2471 4764 2654 4820 audit:
2691 4765 2807 4831 Quo
2833 4770 2917 4823 ibo
2958 4790 2990 4824 a
3025 4771 3234 4842 Spiritu
3265 4751 3355 4830 tuo
3382 4778 3469 4830 7‘?

1897 4840 1968 4896 Et
1987 4858 2177 4902 rursus
2202 4866 2216 4903 :
2248 4849 2447 4908 Caium
2477 4865 2526 4910 et
2548 4867 2739 4912 terram
2769 4877 2860 4931 ego
2889 4840 3098 4931 impleo.
3128 4867 3257 4920 dicit
3286 4866 3469 4922 Domi-

2062 5006 2107 5090 “ﬁ
2144 5007 2552 5090 Ps_t3||._‘cx_xxvm
2576 5056 2591 5078 ,
2619 5016 2776 5090 7-10:
2840 5019 2883 5050 ⁶⁹
2925 5035 3052 5090 gap.
3082 5037 3122 5086 ι,
3153 5021 3206 5077 7,
3280 5024 3326 5060 ἰο
3359 5024 3467 5085 ιεει⁸

1883 5232 1990 5286 Sed
2033 5235 2254 5291 verbum
2295 5240 2479 5310 λέγειν
2517 5245 2570 5298 in
2595 5245 2742 5322 _aliis
2788 5263 2920 5304 mss.
2961 5251 3141 5319 deest;
3173 5252 3264 5308 rob
3304 5253 3467 5322 idque

1881 5317 2220 5390 eam'yocem
2246 5325 2564 5390 suspectam
2594 5316 2767 5370 habeo
2789 5325 2889 5390 :rfeo
2920 5316 3294 5390 ntagis,'quod
3327 5316 3467 5378 m'ul-

1881 5375 2291 5451 tw‘alige‘voces
2329 5375 2377 5434 in
2425 5385 2552 5451 Heg.
2607 5375 2850 5443 secundo
2891 5375 3460 5450 soleant'redundare.

1955 5444 2066 5514 (95)
2096 5446 2186 5502 Sic
2221 5451 2374 5536 Regii
2404 5444 2628 5536 quartus
2650 5468 2702 5510 et
2727 5459 2967 5528 quintus.
2989 5444 3137 5516 Editi
3158 5444 3464 5536 «sitire-3;

1885 5532 2145 5591 μυοίη..
2187 5520 2484 5591 κτίσματος
2512 5526 2624 5579 ὲπί.

2106 5593 2241 5672 _l_i_eg.
2277 5588 2623 5672 q_u_art_uspi6v
2652 5598 2998 5672 ἀναλάϐοιμι.

1960 5661 2072 5742 (95)
2105 5660 2254 5723 Illud,
2304 5664 2614 5748 Ἐπῖὡηείμι,
2648 5679 2777 5748 etc.,
2823 5660 2965 5743 apud
2999 5673 3254 5745 Aggteum
3298 5689 3362 5745 tt,
3403 5675 3464 5748 5,

1887 5730 2101 5803 legitur,
2135 5749 2238 5790 non
2274 5730 2412 5806 apud
2441 5730 2781 5796 Zachariam.
