3956 6216
512 287 626 351 745
1828 290 1888 344 S.
1929 286 2172 344 BASILII
2212 285 2428 344 MAGNI
3719 292 3809 346 πει
3871 242 3893 351 Ι

518 426 616 462 nus
643 407 710 459 ".
732 405 900 461 Video
924 415 977 460 et
1004 406 1094 460 Dei
1125 413 1179 461 et
1206 403 1448 476 Spiritus
1470 406 1814 474 praseutiam
1842 405 1894 458 in
1922 418 2060 458 unun

2191 403 2538 471 Πνεύματός
2579 415 2734 465 σου;
2760 403 2855 456 καὶ
2880 403 3042 456 πάλιν
3069 420 3082 434 ’
3122 403 3231 456 Τὸν
3259 403 3555 472 οὐρανὸν
3581 405 3690 458 καὶ
3713 407 3807 468 τὴν
3874 403 3895 482 ἠ

515 508 570 553 et
601 495 741 553 idem
774 503 1189 552 concurrentem
1213 535 1228 560 ,
1257 507 1382 550 cum
1428 493 1754 548 universalis
1795 493 2008 547 dicatur
2031 493 2060 546 ἱι

2193 495 2310 566 γῆν
2347 495 2464 564 ἐγὼ
2504 495 2737 564 πληρῶ,
2766 497 2929 566 λέγει
2979 498 3217 565 Κύριος.
3245 499 3344 560 Εἰς
3371 497 3444 550 ἓν
3488 498 3600 552 καὶ
3633 501 3804 552 eum:

515 590 790 644 omnibus.
820 589 889 642 At
918 597 973 641 tu
1007 588 1060 642 in
1088 587 1288 640 talibus
1317 599 1440 639 cum
1476 598 1581 638 non
1621 597 1789 653 queas
1823 584 2060 653 Spiritun

2198 588 2600 659 συντρέχουσαν
2629 587 2743 659 ὁρῶ
2769 589 2870 656 τήν
2904 604 2963 640 τε
2995 588 3130 641 Θεοῦ
3162 589 3260 642 καὶ
3289 588 3648 658 Πνεῦματος
3675 589 3804 656 λεγο-

517 694 620 734 non
652 679 955 733 increatum
995 677 1326 743 intelligere,
1360 684 1452 729 aut
1483 675 1683 740 dicere,
1713 674 1878 729 Deum
1911 676 2060 744 ipsun

2199 681 2368 752 μένην
2397 679 2693 751 καθολικὴν
2716 682 2809 733 ἐπὶ
2841 680 3020 734 πάντα
3052 679 3386 750 παρουσίαν.
3424 680 3506 731 Σὺ
3535 679 3602 731 δὲ
3631 680 3692 731 ἐν
3710 683 3801 741 τοίς

516 773 596 824 ais
622 769 786 841 310
806 770 1053 839 spiritum
1097 767 1300 822 vocari.
1331 765 1533 821 Verum
1572 780 1671 821 nec
1699 767 1968 820 inhabitat
1993 782 2057 837 pe

2194 775 2458 837 τοιούτοις
2479 774 2578 826 οὐκ
2608 773 2862 827 ἆκτιστον
2889 772 2950 825 τὸ
2988 771 3212 842 Πνεῦμα
3242 775 3396 824 νοεῖν
3433 770 3472 841 ἢ
3511 769 3700 838 λέγειν
3741 774 3799 840 μὴ

514 864 750 930 seipsum
778 863 830 916 in
849 869 1096 915 creatura
1116 859 1255 914 Deus
1274 876 1291 925 ;
1313 874 1410 913 nec
1428 859 1711 929 quisquam
1735 859 1905 928 possit
1922 859 2060 913 Deun

2193 863 2490 934 δυνάμενος
2513 863 2647 934 (96),
2669 864 2840 916 αὑτὸν
2854 863 2947 916 τὸν
2977 861 3111 914 Θεὸν
3145 861 3372 932 πνεῦμα
3400 859 3710 913 καλεῖσθαι
3731 860 3798 912 λέ-

514 969 612 1023 pro
661 951 754 1008 Dei
802 952 995 1021 spiritu
1045 951 1336 1019 accipere,
1392 964 1516 1004 cum
1567 951 1716 1004 clare
1771 950 2060 1018 Apostoluu

2192 972 2254 1024 γε
2265 974 2330 1019 ις.
2351 956 2488 1008 Ἀλλ’
2517 957 2638 1009 οὐδὲ
2660 957 2975 1024 ἐγκατοικεῖ
3009 954 3076 1006 δι’
3107 951 3305 1006 ἑαυτοῦ
3332 955 3410 1023 τῇ
3451 952 3647 1005 κτίσει
3666 949 3794 1013 Θεὸς,

514 1044 720 1109 audiat,
743 1043 874 1097 talia
900 1044 967 1098 de
991 1056 1058 1098 eo
1088 1043 1179 1111 qui
1209 1043 1261 1096 iu
1293 1042 1450 1097 nobis
1473 1041 1683 1095 habitat
1706 1043 2038 1096 scribentem

2189 1045 2314 1100 οὔτε
2365 1047 2459 1101 τὸν
2492 1047 2624 1100 Θεὸν
2665 1047 2726 1100 τὸ
2760 1045 2855 1099 τοῦ
2891 1045 3029 1099 Θεοῦ
3072 1045 3301 1114 Πνεῦμα
3339 1044 3588 1098 δύναιτο
3627 1045 3696 1098 ἂν
3733 1059 3794 1105 τις

517 1132 682 1188 Nobis
721 1135 855 1189 enim
886 1135 1125 1188 reuelauit
1161 1133 1302 1187 Deus
1336 1149 1428 1200 per
1456 1133 1712 1203 Spiritum
1754 1149 1927 1187 suum.
1963 1133 2058 1205 Spi

2189 1141 2620 1212 παραδέχεσθαι,
2671 1140 2859 1211 σαφῶς
2890 1140 3102 1193 ἀκούων
3145 1140 3239 1192 τοῦ
3283 1138 3647 1192 Ἀποστὸλου
3693 1140 3795 1208 ﬁeri.

499 1226 644 1279 ritus
675 1226 811 1278 enim
843 1225 1017 1278 omnia
1049 1233 1336 1289 scrutatur,
1369 1225 1528 1278 etiam
1549 1225 1935 1293 profunditates
1965 1224 2060 1278 Dei

2186 1233 2282 1286 τοῦ
2316 1238 2374 1286 ἐν
2394 1237 2528 1305 ἡμῖν
2553 1235 2828 1298 οἰκοῦντος
2857 1233 2966 1304 (97)
2995 1232 3221 1287 τοιαῦτα
3241 1233 3618 1304 γράφοντος·
3658 1231 3796 1302 Ἡμῖν

513 1317 645 1383 Quis
668 1319 803 1371 enim
830 1319 1097 1370 hominum
1129 1318 1266 1370 novit
1297 1334 1379 1381 ea,
1410 1333 1528 1385 qua:
1555 1328 1678 1371 sunt
1705 1318 1957 1384 hominis,
1985 1320 2060 1370 nit

2186 1326 2297 1394 γὰρ
2318 1326 2717 1394 ἀπεκάλυψεν
2738 1329 2771 1380 ὀ
2793 1325 2936 1391 Θεὸς
2951 1324 3046 1378 διὰ
3067 1325 3171 1379 τοῦ
3189 1327 3577 1394 Πνε-ὐματος
3607 1323 3794 1378 αὐτοῦ.

510 1412 727 1478 spiritus
766 1410 1010 1476 hominis,
1043 1411 1130 1477 qui
1158 1419 1234 1462 est
1261 1409 1318 1462 in
1355 1410 1455 1462 eo?
1503 1407 1592 1462 Sic
1633 1419 1680 1462 et
1723 1425 1785 1462 ea
1821 1425 1939 1478 quae
1964 1425 2060 1462 sun

2195 1415 2266 1467 Τὸ
2292 1417 2400 1484 γὰρ
2435 1415 2678 1485 Πνεῦμα
2704 1415 2898 1469 πάντα
2933 1415 3171 1483 ἐρευνᾷ,
3220 1417 3328 1469 καὶ
3371 1416 3462 1469 τὰ
3501 1415 3678 1483 βάθη
3709 1414 3796 1468 τοῦ

505 1502 629 1567 Dei,
672 1517 821 1555 nemo
849 1503 1009 1569 novit,
1038 1502 1140 1555 nisi
1175 1500 1413 1569 Spiritus
1456 1499 1576 1554 Dei.
1623 1497 1735 1553 Nos
1773 1511 1948 1553 autem
1979 1517 2060 1553 non

2185 1505 2354 1560 Θεοῦ.
2395 1508 2489 1573 Τίς
2534 1509 2641 1578 γὰρ
2669 1504 2832 1561 οἶδεν
2855 1507 3178 1575 ἀνθρώπων
3212 1507 3290 1560 τὰ
3319 1507 3443 1561 τοῦ
3483 1507 3794 1576 ἀνθρώποις

509 1592 751 1656 spiritum
793 1592 976 1644 mundi
1013 1591 1327 1658 accepimus,
1363 1590 1454 1643 sed
1485 1587 1741 1656 Spiritum
1778 1591 1866 1658 qui
1903 1599 1980 1643 est
2017 1605 2060 1644 et

2183 1598 2232 1648 εὶ
2272 1595 2360 1666 μὴ
2419 1598 2486 1650 τὸ
2536 1599 2772 1666 πνεῦμα
2818 1597 2926 1651 τοῦ
2983 1597 3303 1664 ἀνθρώπου
3360 1597 3442 1651 τὸ
3495 1600 3573 1653 ἐν
3610 1597 3794 1662 ante;

508 1681 640 1745 Deo,
670 1695 724 1735 ut
753 1684 978 1736 sciamus
1007 1697 1123 1751 qua
1151 1698 1184 1734 a
1214 1679 1318 1734 Deo
1347 1680 1544 1732 donata
1569 1690 1693 1732 sunt
1726 1681 1872 1732 nobis
1908 1680 1976 1733 ⁷⁸.

2183 1686 2348 1738 Οὕτω
2389 1686 2486 1739 καὶ
2524 1687 2598 1739 τὰ
2639 1688 2748 1742 τοῦ
2778 1687 2927 1741 Θεοῦ
2977 1687 3179 1752 οὐδεὶς
3207 1689 3505 1757 ἔγνωκεν
3530 1693 3588 1744 εὶ
3611 1691 3699 1759 μὴ
3727 1691 3786 1741 τὸ

507 1777 750 1847 Πνεῦμα
793 1775 899 1829 τοῦ
953 1774 1122 1827 Θεοῦ.
1163 1770 1350 1841 Ἡμεῖς
1378 1770 1446 1823 δὲ
1487 1772 1560 1823 οὐ
1595 1769 1662 1823 τὸ
1712 1771 1946 1838 πνεῦμα
2010 1771 2117 1824 τοῦ
2155 1775 2388 1844 κόσμου
2435 1775 2545 1837 I98)
2587 1777 2910 1847 ἐλάϐομεν,
2948 1777 3108 1831 ἀλ.ιά
3182 1778 3249 1832 τὸ
3309 1780 3591 1850 Πνεῦμα
3633 1781 3701 1834 τὰ
3735 1781 3791 1833 ἐκ

506 1873 613 1928 τοῦ
632 1872 801 1935 Θεοῦ,
824 1872 924 1924 ἵνα
953 1867 1200 1936 εἰδῶμεν
1220 1866 1293 1920 τὰ
1325 1864 1444 1920 ὑπὸ
1466 1864 1572 1917 τοῦ
1598 1865 1746 1917 Θεοῦ
1765 1864 2125 1932 χαρισθέντα
2151 1867 2312 1936 ἡμῖν.

578 1967 633 2019 5.
678 1963 862 2032 Itaque
904 1961 951 2017 si
985 1960 1038 2014 in
1073 1959 1160 2014 his
1187 1973 1346 2032 nemo
1374 1959 1571 2026 poterit
1602 1971 1697 2024 pro
1730 1956 1934 2024 Spiritu
1980 1957 2060 2010 De?

2247 1961 2298 2014 5.
2336 1961 2402 2013 Εἰ
2431 1960 2610 2014 τοίνυν
2645 1963 2702 2014 ὲν
2731 1959 2941 2024 τούτοις
2975 1962 3148 2024 οὐδεὶς
3179 1960 3245 2014 ἂν
3278 1960 3524 2015 δύναιτο
3551 1962 3618 2017 τὸ
3641 1963 3771 2016 Πνεῦ

505 2060 677 2114 Deum
712 2056 962 2126 accipere
991 2053 1011 2122 (
1040 2061 1097 2106 et
1126 2051 1346 2121 quidem
1377 2063 1501 2103 eum
1530 2049 1604 2100 ita
1633 2063 1756 2100 cum
1794 2047 1885 2101 Dei
1915 2048 2060 2117 glori:

2181 2068 2260 2122 μα
2291 2051 2387 2104 τοῦ
2422 2050 2558 2103 Θεοῦ
2589 2051 2682 2104 τὸν
2713 2051 2847 2104 Θεὸν
2869 2053 3086 2105 ἀκούειν
3113 2052 3394 2122 (καίτοιγε
3427 2054 3624 2117 οὕτως
3669 2058 3789 2124 ipsi.

506 2152 858 2219 conjunctum
895 2145 1115 2207 videat,
1159 2143 1238 2196 uti
1279 2151 1364 2195 est
1409 2155 1532 2196 cum
1580 2140 1800 2193 homine
1842 2139 2060 2194 homini:

2182 2141 2341 2212 μένον
2380 2140 2513 2194 αὐτὸ
2549 2143 2614 2210 τῇ
2647 2139 2740 2193 τοῦ
2773 2140 2908 2193 Θεοῦ
2959 2139 3084 2212 δόξῃ
3123 2139 3355 2210 Θεωρῶν
3387 2141 3480 2204 ὡς
3525 2141 3788 2212 ἀνθρώπῳ

2175 2231 2236 2283 τὸ
2271 2230 2560 2302 ἀνθρώπου
2612 2231 2875 2301 πνεῦμα),
2913 2230 2987 2302 μὴ
3016 2229 3290 2300 βιαζὲσθω
3322 2229 3451 2301 (99)
3486 2232 3556 2284 τὸ
3584 2231 3784 2300 Πνεῦμι

2171 2319 2270 2374 τοῦ
2311 2321 2450 2374 Θεοῦ
2494 2321 2675 2391 λέγειν
2719 2322 2884 2374 αὐτὸν
2909 2317 3046 2375 εἶναι
3082 2319 3172 2373 τὸν
3204 2319 3367 2374 Θεόν.
3419 2322 3498 2374 Τὸ
3531 2321 3781 2389 Πνεῦμα,

2178 2415 2331 2487 φησι,
2363 2417 2428 2468 τὸ
2451 2415 2598 2483 ἐμὸν
2619 2415 2653 2467 ὅ
2677 2414 2848 2468 ἐστιν
2873 2414 2948 2484 (1)
2972 2413 3072 2466 ἐπὶ
3109 2413 3210 2466 σοι
3229 2429 3242 2444 °
3272 2413 3340 2464 οὐ
3373 2414 3485 2466 τὸν
3509 2414 3674 2478 Θεὸν,
3704 2415 3781 2467 ἀλ-

2176 2511 2243 2565 λὰ
2269 2512 2329 2565 τὸ
2363 2509 2514 2583 παρὰ
2535 2509 2668 2563 Θεοῦ
2695 2509 2920 2579 Πνεῦμα
2952 2507 3241 2578 δεδήλωκε.
3265 2507 3544 2574 Πνεῦμα
3560 2510 3780 2574 ’Κυρίου

2173 2605 2270 2656 ἐπ’
2298 2603 2424 2673 ἐμὲ,
2453 2598 2524 2657 οὗ
2551 2603 2785 2655 εἵνεκεν
2811 2598 3019 2670 ἔχρισέ
3041 2616 3137 2668 με.
3163 2598 3236 2652 Τὸ
3264 2599 3518 2669 Πνεῦμα
3547 2599 3653 2669 τῆς
3680 2599 3781 2669 χρί-

502 2701 764 2771 Spiritum
815 2695 1025 2750 Domini
1077 2695 1307 2747 vocavit.
1373 2689 1612 2759 Spiritus
1663 2690 1878 2743 divinus
1937 2701 2060 2743 unus

2175 2711 2313 2757 σεως
2344 2692 2568 2763 Πνεῦμα
2620 2691 2827 2762 Κυρίου
2868 2691 3157 2761 κέκληκεν.
3191 2689 3293 2742 Ἓν
3343 2688 3414 2742 τὸ
3454 2689 3694 2759 Πνεῦμα
3732 2690 3780 2738 τὸ

501 2800 618 2854 est;
646 2804 712 2841 ne
746 2787 866 2853 quis
900 2784 1081 2853 plures
1109 2796 1216 2835 uno
1254 2781 1436 2842 dicat,
1470 2779 1685 2833 tametsi
1721 2779 1864 2833 Deus
1900 2794 1928 2832 a
1961 2779 2060 2834 Do-

2173 2783 2350 2836 θεῖονο
2397 2784 2472 2854 μὴ
2525 2782 2700 2836 πλείω
2730 2781 2827 2834 τοῦ
2866 2781 2986 2844 ἐνὸς
3024 2780 3228 2848 λεγέτω
3249 2796 3370 2842 τις,
3403 2780 3526 2833 κᾶν
3579 2779 3778 2848 πνεῦμα

502 2876 649 2930 mino
674 2876 870 2928 dicitur
898 2871 1139 2941 Spiritus.
1174 2868 1389 2922 Patrem
1413 2867 1554 2935 quod
1587 2868 1938 2936 incorporeus
1975 2870 2060 2935 sit,

2173 2877 2202 2928 ὁ
2227 2875 2362 2938 Θεὸς
2386 2875 2492 2928 ὑπὸ
2531 2874 2625 2928 τοῦ
2666 2874 2872 2944 Κυρίου
2926 2873 3172 2942 λέγηται.
3202 2872 3283 2943 Τῇ
3321 2871 3425 2925 τοῦ
3474 2873 3777 2941 πνεύματος

502 2969 721 3022 nomine
741 2965 960 3033 spiritus
989 2960 1307 3031 signiﬁcavit
1329 2960 1395 3012 τ⁹.
1422 2959 1888 3024 Quemadmodum
1921 2961 2060 3014 enim

2176 2966 2464 3037 ἐπωνυμίᾳ
2522 2966 2612 3018 τὸν
2670 2964 2894 3035 Πατέρα
2945 2963 3244 3034 δεδήλωκεν
3264 3003 3279 3028 ,
3319 2964 3410 3017 ὃτι
3468 2965 3775 3036 ἀσώματος.

507 2240 792 2315 spiritus),
825 2252 891 2292 ne
924 2237 1100 2298 dicat,
1140 2234 1320 2288 verbis
1367 2233 1418 2285 in
1468 2232 1798 2286 contrarium
1855 2247 2076 2286 sensum

506 2332 762 2394 detortis,
804 2330 966 2383 Deum
1003 2327 1174 2397 ipsum
1210 2339 1332 2379 esse
1376 2323 1469 2378 Dei
1515 2323 1805 2403 Spiritum.
1838 2323 2074 2390 Spiritus

503 2439 671 2488 meus,
714 2421 908 2489 inquit,
945 2418 1035 2487 qui
1076 2425 1152 2469 est
1199 2429 1356 2482 super
1403 2423 1450 2466 te
1473 2413 1553 2466 ":
1596 2427 1700 2465 non
1749 2411 1937 2477 Deum,
1987 2413 2078 2466 sed

506 2515 766 2583 Spiritum
789 2513 878 2580 qui
902 2519 984 2564 est
1011 2523 1040 2561 a
1067 2508 1194 2568 Deo,
1217 2503 1560 2574 significavit.
1610 2502 1842 2571 Spiritus
1868 2502 2078 2557 Domini

504 2621 659 2674 super
680 2621 760 2657 me
790 2620 805 2656 :
829 2612 1098 2670 propterea
1123 2598 1273 2650 unxit
1305 2603 1386 2650 me
1403 2595 1473 2649 τε.
1506 2595 1768 2665 Spiritum
1803 2596 2076 2650 unctionis

503 3061 737 3130 Spiritus
779 3059 919 3112 Deus
947 3056 1224 3122 est,juxta
1277 3054 1428 3115 illud,
1468 3052 1739 3118 Templum
1787 3052 1889 3106 Dei
1923 3055 2070 3119 estis,

497 3161 550 3205 et
564 3149 789 3218 Spiritus
815 3147 908 3200 Dei
931 3147 1134 3199 habitat
1157 3147 1212 3197 in
1236 3145 1377 3197 vobis
1392 3144 1471 3199 ⁸ος
1500 3144 1575 3197 ita
1597 3152 1652 3197 et
1676 3144 1815 3198 Deus
1836 3143 2072 3213 Spiritus

500 3255 612 3308 est,
646 3259 749 3297 non
781 3243 1010 3295 disseeta
1041 3237 1304 3292 Triuitate
1326 3278 1339 3299 ,
1370 3250 1547 3304 neque
1577 3236 1871 3290 secundum
1913 3246 2072 3291 natu-

501 3353 615 3391 ram
637 3342 924 3404 separata:
959 3332 1039 3386 sic
1061 3340 1116 3384 ut
1150 3329 1366 3384 nomina
1391 3329 1556 3382 etiam
1590 3344 1696 3382 non
1723 3339 2066 3398 separentur.

501 3430 843 3496 Quapropter
859 3438 983 3478 cum
1005 3438 1141 3476 unus
1162 3421 1233 3475 sit
1259 3421 1422 3485 Deus,
1448 3419 1589 3475 Deus
1613 3422 1776 3475 etiam
1797 3431 1881 3475 est
1900 3420 2071 3476 Filius

498 3532 720 3589 paterna
770 3526 980 3580 natura,
1024 3523 1079 3568 et
1117 3525 1340 3581 paterno
1381 3514 1626 3577 nomine;
1660 3526 1859 3568 etcum
1899 3513 2068 3570 Filius

499 3624 638 3664 unus
661 3607 918 3661 Dominus
938 3606 1026 3668 sit,
1051 3604 1213 3658 Pater
1231 3604 1497 3658 Dominus
1511 3611 1614 3667 est,
1641 3603 1858 3657 nomine
1881 3603 2068 3672 imagi-

494 3703 584 3756 nis
609 3709 830 3754 vocatus
854 3738 868 3759 ,
905 3697 1047 3751 sicut
1085 3697 1202 3764 ejus
1230 3694 1505 3764 exemplar
1525 3710 1589 3749 ac
1611 3696 1825 3764 genitor
1853 3712 1867 3748 :
1909 3695 1989 3749 sic
2012 3703 2069 3749 et

497 3791 732 3860 Spiritus
773 3788 1028 3842 Dominus
1048 3827 1062 3851 ,
1093 3801 1121 3838 a
1155 3785 1384 3839 Domino
1411 3798 1604 3839 nomen
1636 3785 1864 3850 habens,
1897 3800 1928 3839 a
1959 3799 2067 3853 quo

491 3884 659 3935 etiam
682 3880 868 3943 datur,
906 3890 962 3934 et
1007 3878 1266 3932 Dominus
1293 3877 1515 3946 Spiritus
1542 3877 1609 3931 ab
1637 3878 1874 3946 imagine
1919 3887 2050 3931 est:

494 3969 926 4038 quandoquidem
955 3978 1008 4022 et
1038 3969 1177 4025 Deus
1203 3969 1424 4036 spiritus
1455 3968 1521 4022 ab
1555 3968 1672 4037 ipso
1704 3978 1924 4022 vocatus
1955 3977 2061 4022 est.

495 4061 604 4115 Nec
631 4071 805 4114 tamen
829 4068 1114 4126 propterea
1134 4061 1262 4113 deos
1282 4069 1414 4122 tres,
1443 4073 1617 4127 neque
1645 4060 1894 4112 dominos
1931 4071 2061 4123 tres,

495 4166 670 4221 neque
700 4151 922 4220 Spiritus
971 4162 1079 4206 tres
1109 4160 1323 4220 oportet
1353 4151 1535 4205 facere
1571 4167 1584 4202 :
1639 4154 1731 4204 sed
1775 4150 2061 4206 Trinitatis

2176 3059 2389 3129 Ὥσπερ
2411 3057 2521 3128 γὰρ
2543 3057 2602 3110 τὸ
2630 3056 2856 3127 Πνεῦμα
2885 3057 2914 3108 ὁ
2941 3055 3093 3121 Θεὸς,
3127 3056 3272 3109 κατὰ
3293 3056 3390 3119 τὸ,
3428 3059 3605 3124 Ναύς
3645 3055 3778 3112 Θεσῦ

2172 3147 2336 3212 ἐστε,
2391 3147 2492 3200 καί
2539 3145 2608 3200 τὸ
2658 3145 2902 3215 Πνεῦμα
2946 3145 3054 3200 τοῦ
3099 3145 3251 3199 Θεοῦ
3301 3147 3470 3200 οἰκεῖ
3498 3150 3576 3201 ἐν
3617 3147 3774 3218 ὑμῖν·

2171 3239 2313 3292 οῦτω
2338 3239 2436 3292 καὶ
2470 3240 2499 3291 ὁ
2527 3237 2662 3301 Θεὸς
2693 3237 2754 3290 τὸ
2786 3236 3033 3306 Πνεῦμα,
3063 3237 3162 3307 τῆς
3200 3238 3448 3308 Τριάδος
3488 3241 3569 3311 μὴ
3609 3241 3778 3294 διακε-

2172 3331 2449 3402 πτομένης
2470 3331 2603 3402 μηδὲ
2637 3329 3010 3400 χωριζομένης
3032 3329 3130 3400 τὴν
3168 3329 3336 3398 φύσιν
3367 3331 3482 3400 (Ξ),
3513 3332 3664 3386 ὥστε
3694 3335 3775 3386 καὶ

2169 3424 2239 3475 τὰ
2266 3424 2506 3494 ὀνόματα
2529 3423 2602 3493 μὴ
2621 3421 2970 3492 χωρίζεσθαι.
2989 3419 3188 3492 Διόπερ
3213 3420 3309 3474 καὶ
3342 3423 3475 3486 ἐνὸς
3503 3424 3668 3488 ειν-τος
3694 3424 3773 3476 τοῦ

2170 3514 2328 3581 Θεοῦ,
2362 3515 2497 3577 Θεὸς
2529 3516 2557 3567 ὁ
2590 3514 2718 3576 Υίὸς
2754 3515 2993 3584 πατρικῇ
3029 3511 3191 3581 φύσει
3231 3513 3333 3564 καὶ
3365 3516 3647 3586 πατρικῷ
3674 3517 3774 3569 ὀνύ-

2175 3624 2338 3677 ματι’
2376 3608 2472 3660 καὶ
2526 3606 2645 3669 ἐνὸς
2688 3606 2840 3668 ὄντος
2887 3604 3092 3677 Κυρίου
3134 3603 3236 3658 ’τοῦ
3281 3605 3448 3670 Υἱοῦ,
3515 3609 3723 3680 Κύριος
3749 3609 3773 3657 ti

2170 3697 2361 3769 Πατὴρ
2388 3697 2466 3767 τῷ
2498 3697 2600 3767 τῆς
2622 3696 2831 3758 εἰκόνος
2851 3695 3074 3766 ὀνόματι
3113 3694 3460 3765 καλούμενος
3479 3738 3496 3759 ,
3531 3699 3616 3762 ὼς
3636 3716 3771 3769 ’.τρυ-

2166 3789 2396 3853 τότυπος
2438 3789 2609 3859 αὐτῆς
2637 3789 2732 3841 καὶ
2779 3790 3060 3858 γεννήτωρ
3083 3805 3098 3818 ·
3133 3787 3278 3840 οῦτω
3311 3790 3413 3844 καὶ
3458 3791 3526 3843 τὸ
3553 3791 3770 3860 Πνεῦμα

2169 3879 2393 3951 Κύριος,
2437 3880 2544 3933 ἀπὸ
2584 3880 2678 3934 τοῦ
2727 3880 2934 3951 Κυρίου
2970 3881 3070 3947 τὴν
3114 3880 3446 3949 ἐπωνυμίαν
3486 3884 3656 3951 ἕχον,
3687 3882 3769 3950 ἀφ’

2165 3961 2225 4020 οὗ
2262 3969 2354 4022 καὶ
2397 3969 2777 4038 μεταδίδοται,
2828 3969 2920 4020 καὶ
2951 3971 2979 4021 ὁ
3018 3968 3222 4040 Κύριος
3265 3969 3378 4022 ἀπὸ
3427 3971 3538 4040 τῆς
3570 3974 3772 4033 εἰκόνες

2167 4060 2386 4132 πνεῦμα
2409 4078 2422 4090 '
2452 4061 2574 4113 ἐπεὶ
2601 4062 2695 4114 καὶ
2723 4063 2751 4114 ὁ
2785 4060 2916 4123 Θεὸς
2962 4060 3180 4131 πνεῦμα
3219 4061 3315 4114 ἀπ’
3369 4063 3558 4116 αὑτοῦ
3618 4081 3772 4135 προε-

2165 4155 2479 4225 ηγόρευται.
2499 4155 2572 4207 Οὐ
2600 4153 2664 4224 δὴ
2689 4156 2835 4224 τρεῖς
2865 4154 2943 4222 t5)
2974 4153 3154 4219 θεοὺς,
3179 4153 3305 4206 οὐδὲ
3333 4157 3496 4224 τρεῖς
3523 4157 3767 4226 κυρίους,

492 4243 934 4312 coniunctionem
967 4243 1019 4295 in
1056 4239 1332 4294 nominum
1363 4238 1856 4293 communicatione
1892 4253 2060 4306 agno-

2171 4245 2282 4298 οὑδὲ
2319 4246 2445 4318 τρία
2475 4246 2760 4316 πνεύματα
2815 4245 2901 4298 διὰ
2947 4245 3106 4298 τοῦτο
3151 4245 3432 4316 ποιητέον,
3486 4249 3636 4301 ἀλλὰ
3678 4249 3769 4316 τῆς

491 4351 664 4390 scere.
695 4335 1018 4404 Quanquam
1058 4345 1114 4388 tu
1153 4348 1217 4388 eo
1247 4332 1534 4387 dementiae
1567 4331 1856 4397 devenisti,
1887 4339 1947 4384 ut
1979 4345 2060 4384 se-

489 4438 682 4499 parato
715 4443 778 4482 ac
814 4427 1085 4495 disjuucto
1117 4425 1325 4495 Spiritu
1359 4439 1389 4478 a
1431 4423 1596 4479 Patre
1632 4434 1687 4478 et
1720 4423 1880 4488 Filio,
1910 4423 2059 4477 dicas

561 4582 607 4613 ¹¹⁸
633 4580 832 4635 Jerem.
861 4595 1013 4644 xxm,
1037 4579 1127 4634 24.
1203 4580 1249 4612 ⁷⁸
1285 4579 1303 4633 I
1337 4578 1460 4635 Cor.
1492 4595 1553 4643 ιι,
1601 4579 1808 4635 10-12Λ

490 4667 571 4717 Ill,
604 4653 686 4705 iti.

557 4806 665 4873 (96)
700 4806 838 4876 Eiliti
885 4816 937 4860 et
979 4821 1109 4860 mss.
1159 4805 1307 4859 multi
1340 4805 1518 4874 λέγειν
1565 4806 1876 4876 δυνάμενος.
1917 4809 2044 4876 Reg.

485 4879 676 4948 tertius
709 4875 882 4948 λέγειν
913 4877 988 4948 μὴ
1022 4877 1336 4948 δυνάμενος,
1382 4892 1503 4948 cum
1542 4893 1643 4929 non
1674 4875 1838 4942 possis
1871 4875 2043 4948 Spiri}

484 4958 593 4999 tum
619 4945 1034 5016 intelligere’non
1066 4945 1356 4999 increatum
1379 4963 1399 5002 :
1424 4945 1661 5016 hoc-est,
1688 4962 1804 4999 cum
1837 4949 1931 5000 tibi
1962 4947 2039 5000 uel

479 5018 642 5069 invito
679 5015 951 5084 fatendum
983 5018 1046 5069 sit
1082 5015 1346 5083 Spiritum
1386 5015 1675 5086 increatum
1716 5032 1853 5086 esse.
1908 5018 2042 5086 Reg.

480 5098 667 5140 sextus
706 5085 895 5157 habuit
930 5101 1145 5157 quoque
1184 5087 1358 5154 prima
1406 5101 1565 5157 manu
1599 5085 1672 5156 μὴ
1700 5085 2044 5157 γδυνάμενοςο

479 5159 578 5211 εειί
607 5157 796 5227 vocula
830 5156 904 5227 μή
931 5157 998 5209 ah
1031 5154 1248 5227 indocto
1278 5154 1800 5227 nescioquo'deleta
1829 5154 1940 5211 est.

553 5225 854 5350 (9Ἱέἐοοιιοκ
887 5225 1023 5282 unus
1049 5227 1106 5279 ὲν
1129 5226 1260 5297 ήμῖν
1284 5225 1618 5289 ἐνοικοῦντος
1643 5225 2042 5297 πνεύματος....

553 5316 607 5349 ,ιν
699 5337 714 5350 ο

562 5316 607 5349 ιν
639 5316 714 5351 οε.

548 5367 660 5434 (98)
695 5366 873 5422 Codex
911 5365 1061 5419 Culh.
1101 5366 1306 5436 κόσμου
1337 5365 1549 5418 τούτου.

545 5437 656 5506 (99)
695 5435 846 5499 Illud,
878 5437 963 5506 μὴ
984 5435 1300 5506 βιαζέσθω,
1338 5437 1698 5503 interpretans
1727 5435 2042 5502 Trapezun-

1882 4581 1924 4611 ⁷⁷
1962 4581 2063 4634 isa.
2108 4598 2218 4638 ιιι.
2249 4583 2337 4636 9-1.

2160 4333 2390 4403 Τριάδος
2419 4334 2518 4404 τὴν
2574 4333 2764 4388 ἕνωσιν
2815 4337 2874 4387 ὲν
2927 4337 2993 4406 τῇ
3023 4336 3277 4405 κοινωνίᾳ
3327 4335 3442 4388 τῶν
3471 4338 3764 4408 ὀνομάτων

2158 4425 2541 4494 ὲπιγνωστὲον.
2589 4427 2850 4494 Καίτοιγε
2902 4429 2966 4481 σὺ
3012 4429 3149 4499 πρὸς
3187 4429 3452 4484 τοσοῦτον
3501 4433 3764 4494 ἀπονοίας

2451 4583 2496 4613 ⁷⁸
2527 4584 2630 4636 lsa.
2666 4600 2778 4650 ut,
2820 4585 2872 4638 1.
2948 4583 3170 4659 “Joan.
3203 4602 3274 4641 tv.
3303 4587 3392 4640 2-5.
3503 4591 3553 4620 ⁸⁸
3588 4588 3763 4645 ICor.

2240 4808 2316 4878 (1)
2358 4809 2496 4881 Editi
2557 4809 2688 4879 ὲμόν
2719 4812 2884 4863 ἐστιν.
2924 4811 3144 4881 Antiqui
3187 4821 3298 4865 tres
3349 4811 3481 4867 libri
3546 4816 3688 4881 ἐμὸν
3735 4819 3761 4868 ὅ

2154 4871 2326 4951 ἐστιν,
2357 4879 2531 4951 θιᾲὶιᾳ
2565 4871 2777 4947 quoque
2821 4881 3024 4951 editum
3073 4871 3349 4951 invenitur
3384 4885 3535 4951 apud
3584 4871 3753 4940 LXX.

2160 4946 2407 5026 iluc‘ipso
2431 4949 2625 5026 in_locp
2649 4946 2786 5026 editi
2803 4950 2938 5026 ἀλλὰ
2968 4951 3123 5026 παρετ
3141 4950 3238 5026 τοῦ
3262 4949 3400 5026 Θεοῦ
3423 4946 3500 5005 ’τὸ
3527 4955 3757 5026 Πνεῦμα

2149 5015 2448 5097 egestus.
2471 5018 2698 5097 Πνεῦμα
2741 5020 2952 5097 Κυρίου
2981 5015 3086 5097 ἐπὶ
3256 5020 3558 5097 gemas»
3594 5027 3658 5078 ἓν
3685 5015 3756 5078 ’τὸ

2148 5088 2371 5160 Πνεῦμα
2401 5089 2461 5142 τὸ
2475 5088 2656 5160 ᾲθεῖον,
2695 5091 2769 5160 μὴ

2147 5157 2373 5229 Πνεῦμα
2400 5161 2428 5212 ὁ
2457 5158 2588 5222 Θεὸς
2621 5157 2912 5224 ὑπόζθιοη
2941 5161 3085 5227 quod
3128 5157 3514 5216 detrmttmtum
3539 5181 3669 5218 eis:
3702 5179 3754 5218 et

2147 5229 2488 5283 decurtatum
2521 5245 2589 5284 ex
2637 5231 2876 5301 antiquis
2918 5231 3104 5301 tribus
3157 5231 3748 5301 liiiriseogriovintns,

2147 5312 2384 5365 quorum
2417 5315 2520 5366 ope
2554 5300 2679 5353 huic
2712 5299 2852 5353 man
2881 5300 3104 5353 allatum
3136 5299 3452 5355 remedium
3469 5315 3578 5356 est.

2800 5089 2972 5143 πλείω
2992 5090 3087 5143 τοῦ
3118 5089 3236 5152 ἐνὸς
3256 5089 3472 5159 λεγέτω
3503 5112 3612 5156 τις.
3645 5097 3755 5149 Καὶ

2221 5367 2295 5437 (2)
2333 5370 2473 5423 Ειιίιί
2523 5369 2665 5422 κατὰ
2715 5368 3051 5440 τὴνφύσιν.
3113 5370 3431 5439 Prtepositio
3485 5374 3638 5426 κατά
3693 5376 3742 5426 in

2141 5440 2393 5512 omnibus
2425 5455 2552 5512 mss.
2607 5439 2780 5494 deest.
2820 5439 2952 5493 Item
2983 5440 3172 5512 vocula
3223 5441 3324 5510 μή,
3376 5457 3504 5512 qua:
3555 5447 3740 5499 statim

475 5506 602 5560 tius.
631 5508 708 5560 sic
736 5505 984 5575 scripsit:
1007 5505 1086 5562 Ne
1110 5507 1386 5560 contendat
1416 5522 1648 5558 asserere
1669 5506 1912 5566 spiritum
1941 5507 2041 5560 Dei
2142 5508 2406 5574 sequitur,
2440 5511 2595 5565 abest
2622 5525 2651 5562 a
2683 5521 2917 5575 quatuor
2957 5505 3260 5563 codicibus.

471 5576 641 5643 ipsum
665 5591 773 5629 esse
794 5574 977 5629 Deum.
1009 5578 1089 5629 Ad
1117 5579 1336 5629 verbum
1363 5576 1435 5627 ita
1468 5577 1808 5644 interpretari
1835 5577 2037 5633 licebit.

2210 5579 2288 5661 (ξ)
2329 5580 2469 5637 Editi
2519 5578 2640 5632 οὐδὲ
2671 5581 2838 5650 τρεῖς.
2880 5577 3103 5635 Veteres
3145 5579 3353 5650 aliquot
3399 5580 3532 5638 libri
3572 5584 3640 5638 οὐ
3677 5583 3739 5654 δή

473 5662 533 5696 ne
555 5645 654 5696 uim
687 5647 848 5698 verbis
877 5646 1090 5714 inferat,
1123 5647 1196 5699 sic
1226 5656 1282 5699 ut
1315 5646 1453 5700 dicat
1489 5645 1582 5700 Dei
1613 5645 1853 5714 spiritum
1871 5645 2034 5701 Deum
2137 5650 2304 5717 τρεῖς.

470 5717 638 5779 ipsum
663 5730 789 5768 esse.
