3956 6216
255 309 368 363 ’749

1349 298 1735 355 ADVERSUS—
1765 297 2134 355 EUNOMIUM
2176 297 2303 354 LIB.
2348 295 2413 349 γ.

3395 291 3541 369 rso,

259 426 410 497 εὖροι
433 442 516 489 τις
562 422 645 477 ἄν.
697 422 835 474 Ἀλλ’
879 419 1182 493 ὀρθοτέρως
1214 419 1280 472 ἂν
1332 419 1613 471 ἀκούσειεν
1664 420 1691 470 ὁ
1722 417 1833 485 (20)

1953 417 2136 472 Verum
2183 418 2396 471 rectius.
2427 415 2539 469 haec
2584 411 2937 477 intellexerit,
2965 410 3053 480 qui
3089 407 3382 465 sententias
3421 409 3517 466 die

258 516 501 579 εὐσεϐῶς
528 516 594 569 τὰ
619 514 737 567 θεῖα
767 514 1011 584 νοήματα
1026 512 1477 582 τεκμαιρόμενος,
1506 510 1676 577 λέγων
1702 511 1837 580 πρὸς

256 608 359 677 τὴν
379 608 486 661 τῶν
517 607 775 661 ὲναντίων
804 605 1096 667 ἀντίθεσιν,
1128 606 1230 667 ὅτι,
1267 606 1315 656 εί
1347 603 1589 674 νομίσειέ
1615 621 1696 665 τις
1716 620 1838 655 ταυ-

258 700 458 769 τότητα
501 698 744 767 εἰσάγειν
788 696 896 749 ἀπὸ
936 696 1044 748 τῶν
1090 694 1416 765 ὁμωνύμων,
1451 693 1502 746 τί
1540 696 1835 763 ποιήσειεν,

256 792 343 843 ὅτι
385 789 530 842 ὄντα
562 786 730 841 πολλὰ
782 786 996 854 λέγεται
1043 787 1075 856 ἢ
1115 786 1395 850 καλεῖται;
1442 785 1590 848 Ἑνὸς
1640 784 1696 837 δέ
1725 786 1839 837 ἐστι

251 878 440 943 τοῦτο,
472 878 717 945 λέγοντος
748 877 950 947 Κυρίου
990 878 1084 928 καὶ
1110 876 1324 947 ἀληθῶς
1348 875 1482 929 Θεοῦ
1502 892 1516 906 θ
1560 876 1699 945 Ἐγώ
1724 880 1840 944 εἰμι

258 976 299 1026 ὁ
329 972 431 1026 ὧν.
463 972 722 1038 Λέγονται
744 970 800 1022 δὲ
825 970 919 1022 καὶ
940 969 1173 1039 πατέρες
1211 970 1412 1033 πολλοὶ,
1452 968 1545 1022 καὶ
1584 968 1715 1034 θεοὶ,
1751 969 1842 1021 καὶ

259 1062 608 1132 γεννήτορες,
642 1061 737 1113 καὶ
777 1061 948 1129 σοφοὶ,
985 1060 1078 1112 καὶ
1107 1061 1341 1123 δυνατοὶ,
1380 1063 1471 1114 καὶ
1498 1061 1838 1134 δημιουργοὶ,

256 1156 299 1209 ἃ
323 1155 399 1225 τῷ
432 1154 551 1225 Θεῷ
588 1154 732 1225 μόνῳ
766 1154 924 1222 φύσει
963 1154 1252 1223 πρόσεστιν
1284 1155 1390 1208 ἁεί.
1430 1156 1540 1209 Καὶ
1572 1156 1841 1226 ἀγέννητα

255 1246 527 1308 ὡσαύτως
552 1246 801 1313 λέγονται
830 1245 898 1298 τά
933 1245 1157 1315 μηδέπω
1198 1246 1548 1316 γεννηθέντα,
1582 1248 1842 1317 μέλλοντα

256 1337 321 1390 δὲ
346 1338 631 1405 γεννᾶσθαι
657 1337 688 1407 ἢ
714 1337 957 1405 γίνεσθαι
982 1354 995 1368 ’
1034 1338 1108 1402 ὼς
1131 1338 1223 1391 καὶ
1259 1340 1290 1409 ἡ
1331 1340 1440 1393 τῶν
1476 1341 1684 1411 νεκρῶν
1712 1342 1842 1394 ἀνά-

258 1448 473 1498 στασις,
499 1431 649 1484 οὔπω
680 1433 953 1499 γεγονυῖα,
997 1430 1289 1499 ἀγέννητος
1318 1431 1452 1501 (21),
1493 1432 1759 1503 μέλλουσα
1788 1433 1844 1485 δὲ

258 1518 428 1576 εἶναι·
461 1524 493 1593 ἢ
519 1523 593 1585 ὼς
617 1524 721 1575 ἀπὸ
752 1523 967 1594 σιδήρου
998 1523 1277 1582 δακτύλιος
1308 1524 1417 1594 (22)
1451 1524 1659 1594 μέλλων
1702 1524 1845 1592 γίνε-

261 1615 411 1679 σθαι,
459 1615 753 1683 ἀγέννητος
793 1615 867 1669 ὢν
900 1617 959 1667 ὲν
997 1618 1063 1685 τῇ
1094 1615 1188 1668 τοῦ
1224 1617 1444 1687 σιδήρου
1475 1616 1666 1685 φύε-εγ
1706 1616 1738 1686 ἢ
1770 1617 1845 1678 ὡς

258 1709 394 1760 ὅταν
433 1707 540 1759 ἀπὸ
567 1706 755 1768 ὓδατος
786 1708 818 1776 ἢ
868 1707 1014 1759 λίθου
1049 1706 1179 1778 πῦρ,
1288 1708 1452 1777 ἄλλης
1502 1708 1644 1771 τινὸς
1690 1708 1841 1778 ὕλης,

260 1798 529 1861 ὡσαύτως
549 1799 609 1851 τὸ
648 1799 886 1851 τοιοῦτον
922 1799 1145 1870 γένηται
1172 1799 1284 1871 πῦρ
1319 1800 1452 1870 (25).
1488 1800 1653 1853 Πάλιν
1680 1800 1845 1867 ἀγέν-

258 1907 426 1961 νητον
452 1891 699 1944 ἀνούσιον
720 1890 947 1961 νοοῦμεν
964 1892 1027 1944 τὸ
1052 1892 1275 1961 μηδαμῆ
1299 1892 1563 1962 μηδαμῶς
1598 1892 1677 1945 ὃν.
1708 1888 1843 1945 Εἷπέ

260 2000 351 2045 τις
396 1982 664 2044 ἀνούσιον,
695 1982 991 2035 ὑπόστασιν
1033 1983 1211 2036 ἀνεῖλε
1239 1983 1335 2035 καὶ
1375 1983 1561 2046 οὐσίας
1589 1983 1841 2055 ὓπαρξιν.

276 2073 572 2136 ’Δνούσιον,
624 2075 718 2127 καὶ
772 2074 1165 2137 ἀνυπόστατον,
1204 2074 1303 2145 τὴν
1357 2074 1431 2145 μὴ
1495 2076 1845 2147 ὑπάρχουσαν

263 2168 407 2235 μήτε
432 2161 595 2218 οὖσαν
629 2166 764 2229 ὅλως
799 2166 1051 2236 σημαίνει
1079 2164 1258 2234 φύσιν.
1300 2166 1373 2219 Τὸ
1409 2166 1465 2219 δὲ
1492 2167 1729 2222 ὲνούσιον
1754 2171 1847 2222 κα)⁸

258 2259 635 2311 ἀνυπόστατον
682 2259 855 2326 λέγων
912 2276 1014 2324 τις,
1056 2259 1154 2331 τὴν
1200 2259 1611 2331 ἐνυπάρχουσαν
1658 2262 1847 2316 οὐσίαν

257 2349 521 2419 ἐδήλωσε.
570 2350 642 2403 Τὸ
669 2351 725 2403 δὲ
757 2351 933 2419 λέγειν
966 2353 1258 2424 ἀγέννητον
1305 2353 1396 2406 τὸν
1426 2353 1577 2420 Θεὸν,
1622 2353 1654 2423 ἦ
1690 2354 1849 2423 ἀγέν-

259 2457 425 2509 νητον
457 2440 597 2511 μετὰ
614 2441 709 2493 τοῦ
738 2441 963 2511 ἄρθρου,
990 2443 1263 2510 προτάξας
1289 2440 1455 2507 Θεὸν,
1485 2442 1518 2511 ἢ
1548 2442 1848 2509 ἐπενέγκας

258 2531 431 2585 πάλιν
461 2531 521 2583 τὸ
555 2531 686 2584 αὐτὸ
713 2532 906 2600 ὄνομα,
938 2532 1036 2584 οὐκ
1067 2532 1252 2585 οὐσίαν
1282 2532 1508 2596 ἀνεῖλεν,
1532 2532 1652 2585 οὐδὲ
1683 2533 1743 2584 τὸ
1771 2528 1848 2585 εἷ-

258 2637 357 2671 ναι
386 2619 480 2673 τοῦ
509 2620 665 2685 Θεοῦ,
700 2620 904 2691 ταύτην
933 2621 989 2673 δὲ
1028 2622 1123 2674 καὶ
1173 2621 1284 2692 (24)
1339 2622 1413 2702 μὴ
1446 2622 1849 2692 γεγεννημένην

257 2710 409 2766 εἶναι
439 2713 617 2782 λέγει·
650 2714 785 2767 ἀλλά
810 2715 916 2784 μὴν
948 2715 1065 2767 οὐδὲ
1088 2714 1400 2769 κτισθεῖσαν
1429 2715 1579 2787 δηλοῖ
1598 2715 1692 2769 τοῦ
1715 2715 1848 2769 Θεοῦ

258 2807 366 2877 τὴν
399 2805 606 2860 οὐσίαν.
652 2806 790 2858 Ἀλλ’
828 2807 928 2859 οὐκ
956 2807 1142 2878 ἐπειδὴ
1182 2807 1244 2859 τὸ
1283 2801 1421 2860 εἶναι
1457 2808 1552 2861 τοῦ
1590 2808 1723 2861 Θεοῦ
1752 2809 1851 2862 οὐκ

259 2898 501 2961 ἀνεῖλεν,
530 2898 630 2969 ἤδη
662 2898 722 2951 τὸ
747 2899 801 2951 τί
839 2895 976 2951 εἶναι
1010 2898 1104 2951 τοῦ
1138 2899 1273 2951 Θεοῦ
1308 2900 1409 2970 τὴν
1439 2900 1627 2952 οὐσίαν
1653 2900 1853 2970 ἐδήλω-

262 3008 382 3044 σεν.
410 2993 483 3045 Οὐ
507 2991 648 3059 λέγω
671 2991 927 3060 ποιότητα
963 2991 995 3060 ἢ
1029 2992 1322 3061 ποσότητα,
1358 2992 1433 3055 ὠς
1458 2994 1657 3044 ἐκεῖνοι
1682 2994 1851 3060 ἐπαγ-

260 3082 550 3150 γέλλονται
593 3082 870 3145 ἀποδεῖξαι
908 3080 1427 3152 ματαιολογοῦντεςθ
1480 3082 1618 3135 ἀλλὰ
1672 3083 1846 3142 τοῦτο.
1879 3104 1920 3159 C

259 3174 390 3236 πῶς
424 3173 536 3245 (25)
563 3168 701 3227 εἶναι
746 3174 983 3228 δείκνυσι
1015 3173 1109 3227 τοῦ
1146 3174 1281 3227 Θεοῦ
1315 3174 1413 3246 τὴν
1458 3175 1643 3228 οὐσίαν
1687 3177 1719 3245 ἡ
1756 3176 1852 3244 τῆς

257 3266 602 3336 ἀγεννήτων
642 3270 824 3339 φωνῆς
862 3268 1141 3338 ὀνομασία.
1177 3268 1249 3319 Τὸ
1273 3268 1329 3321 δὲ
1353 3267 1469 3331 πῶς
1490 3264 1629 3321 εἷναί
1653 3286 1725 3331 τι,
1759 3269 1853 3320 καὶ

261 3360 404 3415 αὐτὸ
436 3362 610 3413 έκεῖνο
641 3361 669 3413 ὅ
700 3364 867 3424 ἐστιν,
902 3362 1083 3414 ὁποῖον
1112 3356 1250 3414 εἶναι
1298 3361 1331 3431 ἢ
1390 3360 1442 3412 τί
1497 3356 1657 3423 εἶναι,
1714 3358 1849 3412 πολὺ

264 3452 473 3523 μᾶλλον
504 3453 695 3524 ἄδηλον
720 3454 976 3524 τυγχάνει
1009 3452 1120 3523 (26)
1156 3453 1232 3516 ὡς
1263 3453 1665 3523 ἀνεξιχνίαστον
1703 3454 1850 3524 πάσῃ

261 3546 463 3615 κτιστῇ
512 3545 671 3614 φύσει
728 3546 992 3616 ὑπάρχον.
1044 3544 1107 3597 Εἰ
1136 3546 1245 3616 γὰρ
1290 3545 1358 3597 τὰ
1397 3546 1639 3616 κρίματα
1687 3544 1849 3598 αὐτοῦ

261 3638 507 3700 ἄϐυσσος
552 3637 741 3707 πολλὴ,
802 3637 877 3700 ὥς
910 3654 1074 3706 φησιν
1105 3638 1133 3689 ὁ
1162 3638 1475 3708 Προφήτης,
1515 3639 1609 3691 καὶ
1643 3641 1698 3691 αἱ
1744 3639 1853 3691 ὁδοὶ

263 3725 435 3780 αὑτοῦ
464 3726 875 3797 ἀνεξιχνίαστοι,
925 3724 1121 3778 οὐκοῦν
1160 3725 1378 3789 πάντως
1433 3726 1527 3779 καὶ
1571 3725 1854 3796 ἀνεξερεύ-

264 3835 448 3887 νητοι,
481 3817 621 3871 κατὰ
648 3817 739 3870 τὸν
783 3816 1107 3869 Ἀπόστολον
1128 3834 1141 3847 -
1168 3817 1318 3886 πόσῳ
1347 3816 1545 3887 μᾶλλον
1578 3818 1754 3879 αὐτὸς.
1790 3810 1849 3869 οῦ

266 3913 325 3964 αἱ
348 3910 559 3979 κρίσεις
585 3909 680 3961 καὶ
704 3908 761 3960 αἱ
792 3908 901 3961 ὁδοὶ
941 3906 1188 3960 τοιαῦται
1214 3924 1229 3972 ;
1258 3909 1368 3961 Καὶ
1393 3910 1453 3962 οὐ
1478 3908 1661 3979 θαῦμα
1684 3911 1731 3961 εἰ
1756 3911 1853 3962 αὐ-

268 4001 363 4065 τὸς
382 4003 410 4054 ὁ
441 4001 573 4064 Θεὸς
600 4000 861 4064 τοιοῦτος,
911 4000 1042 4053 ὅπου
1069 4016 1133 4067 γε
1163 3999 1230 4053 τὰ
1264 4000 1375 4071 (27)
1414 4001 1578 4054 αὐτοῦ
1605 4000 1848 4056 τοιαῦτα.

272 4094 337 4144 Εἰ
370 4092 476 4163 γὰρ
497 4093 533 4146 ἃ
563 4093 857 4163 ἡτοίμασεν
886 4093 915 4144 ὁ
942 4091 1074 4155 Θεὸς
1104 4093 1217 4155 τοῖς
1250 4092 1538 4159 ἀγαπῶσιν
1562 4093 1721 4148 αὐτὸν
1751 4096 1850 4164 ὀφ-

274 4183 479 4253 θαλμὸς
505 4184 602 4237 οὐκ
629 4181 785 4249 εἶδεν,
805 4184 926 4237 οὐδὲ
952 4180 1046 4247 οὖς
1072 4185 1324 4255 ἤκουσεν,
1361 4186 1481 4239 οὐδὲ
1510 4187 1601 4239 ἐπὶ
1626 4188 1851 4258 καρδίαν

275 4272 564 4343 ἀνθρώπου
594 4276 782 4346 ἀνέϐη,
816 4276 959 4330 κατὰ
1001 4276 1063 4328 τὸ
1092 4278 1475 4347 γεγραμμένον
1493 4295 1507 4309 ·
1542 4278 1690 4349 πόσῳ
1718 4279 1852 4349 μᾶλ-

276 4362 369 4415 Iov
413 4364 577 4417 αὑτοῦ
614 4364 707 4418 τοῦ
752 4366 821 4419 τὰ
870 4368 1093 4421 τοιαῦτα
1148 4368 1668 4439 παρασκευάσαντος
1713 4370 1849 4423 Θεοῦ

1936 514 2094 564 vinas
2137 513 2223 576 pie
2265 506 2644 570 considerarit,
2678 506 2929 559 videlicet
2977 505 3023 559 sl
3068 504 3135 558 ad
3172 517 3236 557 ea
3270 517 3391 569 quae
3441 501 3542 556 ab...

1939 602 2265 655 adversariis
2292 599 2617 667 objiciuntur
2648 597 2991 665 (licat,,quod
3017 596 3061 649 si
3085 595 3207 665 quis
3239 610 3303 649 ex
3335 594 3509 663 aequi-

1941 695 2089 746 vocis
2139 692 2476 746 identitateui
2527 689 2705 743 induci
2766 698 2937 759 putat,
2978 688 3105 756 quid
3159 686 3343 749 faciet.
3388 701 3513 741 cum

1939 784 2107 838 multa
2164 784 2417 838 dicantur
2465 792 2559 839 aut
2606 794 2869 837 vocentur
2918 782 3101 839 entia?
3130 780 3243 834 Hoc
3281 792 3514 847 namque

1940 874 2099 928 llltitts
2134 874 2343 926 Domini
2392 888 2456 927 ac
2502 888 2629 927 vere
2678 873 2771 927 Dei
2816 882 2902 925 est
2948 872 3221 925 dicentis:
3255 868 3366 939 Ego
3395 884 3516 921 sum

1940 968 2029 1033 qui
2055 982 2171 1018 sum
2207 967 2276 1021 π.
2313 966 2575 1020 Dicuntur
2605 974 2786 1019 autem
2815 975 2870 1019 et
2897 973 3078 1033 patres
3120 963 3296 1027 multi,
3325 972 3381 1015 et
3418 960 3513 1025 dii,

1941 1066 1997 1112 et
2027 1059 2319 1127 genitores,
2353 1068 2407 1111 et
2442 1059 2736 1126 sapientes,
2769 1066 2824 1110 ct
2870 1065 3139 1125 potentes,
3171 1064 3225 1108 et
3271 1054 3515 1123 opiﬁces,

1942 1164 2063 1217 quas
2095 1156 2289 1202 natura
2319 1149 2430 1204 Deo
2471 1148 2571 1201 soli
2614 1162 2826 1215 semper
2858 1147 3060 1200 insunt.
3101 1146 3240 1211 Quin
3276 1153 3331 1198 et
3371 1145 3521 1212 inge-

1948 1239 2060 1293 nita
2112 1240 2363 1294 similiter
2407 1240 2659 1294 dicuntur
2706 1253 2824 1306 quae
2871 1238 3106 1292 nondum
3157 1237 3334 1305 genita
3369 1244 3517 1297 sunt.

1947 1330 2045 1380 scd
2095 1330 2337 1397 generari
2390 1337 2483 1382 aut
2530 1327 2646 1380 ﬁeri
2701 1328 2947 1383 debent:
2982 1328 3122 1383 sicut
3182 1338 3520 1381 mortuorum

1944 1419 2274 1474 resurrectio
2321 1434 2441 1489 qua:
2473 1418 2710 1472 nondum
2754 1416 2893 1473 facta
2939 1427 3043 1485 εει,
3073 1419 3307 1489 ingenita
3346 1428 3432 1472 est
3465 1430 3522 1473 et

1948 1509 2155 1575 futura,
2187 1518 2282 1563 aut
2335 1510 2475 1565 sicut
2527 1509 2808 1564 faciendus
2854 1522 2917 1562 ex
2970 1508 3117 1564 ferro
3176 1508 3429 1572 annulus,
3467 1508 3521 1563 in
3600 1582 3603 1583 ν

1946 1601 2074 1655 ferri
2127 1612 2318 1656 natura
2373 1601 2644 1672 ingenitus
2675 1612 2780 1668 est,
2811 1610 2904 1656 aut
2936 1602 3078 1657 sicut
3111 1616 3233 1656 cum
3274 1615 3339 1655 ex
3381 1615 3522 1670 aqua

1946 1690 2031 1745 vel
2065 1691 2241 1760 lapide
2278 1691 2439 1762 ignis,
2476 1691 2559 1745 vel
2609 1689 2712 1744 alia
2754 1691 2947 1760 quavis
2993 1690 3242 1757 materia,
3272 1691 3524 1745 similiter

1947 1782 2085 1852 ignis
2110 1784 2281 1835 lieret.
2314 1783 2522 1835 Rursus
2549 1796 2646 1850 per
2669 1781 2965 1851 ingenitum
2988 1782 3128 1852 quod
3153 1797 3260 1837 non
3287 1783 3522 1847 exsistit,

1946 1873 2297 1943 intelligimus
2327 1873 2379 1927 id
2411 1874 2552 1941 quod
2586 1874 2811 1931 minime
2846 1889 2910 1931 ac
2940 1888 3201 1944 nusquam
3235 1885 3337 1929 est.
3380 1875 3527 1929 Dixit

1947 1965 2145 2034 aliquis
2190 1980 2303 2018 rem
2349 1980 2458 2019 non
2508 1978 2747 2033 exstare,
2776 1967 3133 2022 substantiam
3178 1982 3241 2023 ac
3276 1968 3527 2023 essentia

1945 2056 2293 2111 existentiam
2319 2055 2557 2111 sustulit.
2590 2056 2699 2113 Res
2731 2072 2852 2127 quae
2891 2070 2993 2111 nec
3022 2057 3236 2117 exsistit
3265 2072 3367 2115 nec
3393 2058 3525 2113 sub-

1948 2147 2115 2212 sistit,
2148 2157 2397 2202 naturam
2434 2148 2704 2217 signiﬁcat
2753 2164 2861 2203 non
2912 2148 3264 2208 exsistentem
3309 2158 3365 2204 et
3404 2164 3543 2218 quas.

1946 2240 2167 2294 omnino
2202 2256 2307 2293 non
2340 2249 2441 2294 est.
2476 2240 2582 2295 Sed
2612 2242 2658 2295 si
2689 2242 2812 2310 quis
2861 2242 3009 2296 dicat
3044 2243 3337 2312 quidquam
3379 2242 3545 2298 exsi-.

1948 2340 2091 2384 stere
2123 2344 2188 2384 ac
2221 2329 2536 2391 subsistere,
2574 2330 2619 2384 is
2666 2333 3015 2387 exsistentem
3045 2334 3404 2389 substantiam
3447 2333 3541 2388 si-.

1949 2422 2245 2489 gniﬁcavlt.
2272 2421 2371 2488 Qui
2404 2437 2532 2476 vero
2560 2422 2692 2477 dicit
2721 2424 3019 2494 ingenitum
3046 2425 3235 2489 Deum,
3262 2434 3354 2478 aut
3384 2425 3545 2479 hune-

1950 2512 2248 2580 ingenitum
2298 2528 2423 2567 cum
2480 2509 2731 2579 articulo,
2766 2516 2879 2573 sive
2919 2530 3115 2571 nomen
3141 2514 3281 2570 Deus
3317 2531 3547 2586 praepo-

1951 2611 2065 2669 nat,
2100 2604 2214 2658 sive
2249 2614 2559 2674 postponat,
2598 2618 2698 2660 nec
2745 2607 3109 2662 substantiam
3155 2607 3398 2674 abstulit,
3428 2622 3530 2663 nec

1951 2693 2125 2762 ipsum
2173 2711 2284 2749 esse
2326 2695 2440 2759 Dei,
2474 2697 2567 2749 sed
2624 2697 2765 2750 hanc
2818 2698 3203 2760 genitamnon
3243 2714 3363 2755 esse
3411 2700 3547 2764 ait;

1952 2788 2062 2841 imo
2109 2803 2238 2842 vero
2273 2803 2448 2856 neque
2497 2796 2738 2843 creatam
2793 2789 2961 2845 fuisse
3018 2791 3111 2845 Dei
3166 2789 3545 2849 substantiam.

1954 2879 2175 2933 indicat.
2210 2880 2317 2933 Sed
2345 2878 2468 2949 quia
2508 2881 2679 2949 ipsum
2716 2896 2826 2936 esse
2855 2883 2953 2937 Dei
2996 2897 3101 2937 non
3134 2882 3380 2949 sustulit,
3419 2898 3547 2936 non;

1951 2970 2201 3039 protinus
2230 2971 2360 3040 quid
2389 2971 2484 3025 Dei
2531 2972 2832 3026 substantia
2866 2974 2947 3028 sit.
2967 2974 3224 3029 ostendit.
3257 2972 3375 3028 Non
3410 2975 3532 3029 dico

1955 3061 2268 3129 qualitatem
2297 3071 2389 3115 aut
2414 3064 2917 3132 quantitatem,,uti
2946 3064 3021 3119 illi
3056 3080 3193 3119 vana
3224 3064 3532 3120 eﬂ‘utientes

1956 3155 2421 3208 demonstraturus
2458 3169 2517 3209 se
2559 3170 2680 3211 esse
2731 3157 3052 3226 pollicentur
3085 3180 3097 3214 :
3129 3161 3222 3214 sed
3260 3163 3532 3230 quomodo

1955 3248 2026 3301 sit
2064 3248 2366 3302 substantia
2424 3249 2541 3314 Dei,
2594 3251 2709 3305 haec
2769 3253 2918 3309 vocis
2971 3255 3191 3323 ingenili
3243 3256 3531 3325 appellatio

1955 3349 2365 3393 commonstrat.
2416 3342 2647 3398 Atvero
2702 3345 2972 3412 quomodo
3019 3347 3294 3415 quidpiam
3352 3350 3442 3412 sit,
3477 3358 3543 3407 et.

1956 3431 2082 3485 illud
2111 3432 2286 3501 ipsum
2333 3435 2474 3503 quod
2514 3445 2621 3500 est,
2661 3436 2820 3505 quale
2851 3439 2945 3504 sit,
2972 3448 3066 3493 aut
3095 3440 3221 3509 quid
3250 3441 3339 3506 sit,
3372 3440 3533 3512 longe

1955 3525 2125 3593 magis
2152 3525 2306 3590 latet,
2346 3535 2405 3579 ut
2432 3541 2551 3595 quae
2585 3544 2647 3583 ex
2679 3544 2774 3583 sua
2807 3538 2999 3584 natura
3031 3546 3059 3584 a
3094 3532 3240 3585 nulla
3278 3544 3531 3591 creatura

1953 3626 2155 3685 queant
2204 3617 2542 3685 investigari.
2592 3619 2727 3674 Nam
2782 3621 2829 3676 si
2876 3621 3085 3689 judicia
3134 3624 3250 3690 ejus
3303 3626 3533 3693 abyssus

1955 3706 2143 3769 multa,
2171 3715 2232 3759 ut
2266 3706 2339 3760 ait
2371 3707 2641 3777 Propheta
2668 3710 2735 3774 ’⁸,
2772 3718 2826 3764 et
2855 3712 2953 3765 viae
2984 3712 3101 3780 ejus
3126 3712 3288 3783 313
3333 3715 3533 3786 imper-

1953 3798 2298 3867 vestigabiles
2326 3801 2549 3856 omnino
2581 3810 2637 3855 et
2673 3803 3191 3871 imperscrutabiles,
3234 3811 3533 3863 secundum

1955 3889 2273 3958 Apostolum
2304 3892 2373 3956 ³⁷,
2414 3900 2621 3961 quanto
2662 3892 2833 3962 magis
2881 3895 2995 3963 ipse
3032 3894 3185 3962 cnjus
3234 3896 3361 3951 talia
3407 3908 3534 3953 sunt

1948 3983 2402 4055 judicia,vizeque
2446 3985 2579 4039 tales
2599 3984 2623 4038 ?
2646 3983 2757 4039 Nec
2786 3986 2983 4040 mirum
3014 3988 3057 4040 si
3089 3985 3233 4042 Deus
3263 3989 3378 4058 ipse
3412 3990 3534 4045 talis

1952 4074 2043 4141 sit,
2078 4089 2201 4129 cum
2243 4088 2305 4128 ea
2348 4088 2466 4143 quae
2484 4075 2600 4145 ejus
2640 4083 2787 4143 sunt,
2821 4074 2948 4129 talia
2979 4075 3265 4130 exsistant.
3301 4074 3359 4130 Si
3387 4076 3533 4130 enim

1952 4178 2074 4235 qua:
2119 4178 2178 4220 se
2223 4164 2565 4235 diligentibus
2610 4165 2938 4236 praeparavit
2988 4165 3151 4230 Deus,
3190 4182 3290 4222 nec
3343 4168 3535 4223 oculus

1952 4256 2112 4321 vidit,
2144 4270 2247 4311 nec
2279 4257 2426 4311 auris
2460 4257 2687 4323 audivit,
2719 4273 2820 4313 nec
2852 4258 2905 4312 in
2940 4272 3036 4313 cor
3064 4259 3298 4314 hominis
3339 4274 3532 4314 ascen-

1954 4347 2170 4410 derunt,
2202 4356 2262 4401 ut
2309 4349 2570 4417 scriptum
2600 4358 2685 4405 est
2716 4348 2783 4416 ⁸⁸,
2815 4360 3020 4422 quanto
3067 4354 3242 4420 magis
3282 4361 3532 4406 naturam

276 4457 379 4525 τὴν
435 4457 595 4526 φύσιν
624 4458 997 4531 άρῤητοτέραν
1041 4461 1105 4515 ἀν
1151 4436 1241 4526 etc
1265 4462 1407 4516 εἴποι
1452 4462 1564 4516 τῶν
1612 4462 1847 4527 εὐσεϐῶς

1957 4436 2051 4491 Dei
2102 4438 2291 4507 ipsius,
2337 4441 2431 4507 qui
2485 4440 2610 4494 talia
2665 4445 3013 4512 praeparavit,
3064 4457 3321 4498 arcanam
3369 4452 3534 4513 atque

280 4548 395 4619 (28)
424 4549 517 4602 καὶ
548 4548 893 4621 ἀπεριέργως
924 4554 1003 4616 εἰς
1032 4553 1194 4607 αὑτὸν
1222 4554 1621 4620 πιστευόντων;

1960 4527 2282 4584 inell‘abilem
2333 4545 2454 4586 esse
2495 4532 2763 4602 quispiam
2813 4534 3030 4603 dixerit,
3079 4549 3288 4601 eorum,
3337 4536 3429 4604 qui
3480 4534 3543 4595 in.

1961 4620 2134 4690 ipsum
2161 4621 2251 4690 pie
2285 4636 2347 4677 ac
2375 4623 2692 4694 simpliciter
2714 4624 2982 4681 credunt?

349 4814 393 4844 ⁸⁵
424 4812 591 4867 Exod.
638 4828 723 4881 ru,
760 4812 846 4866 14.
921 4813 968 4845 ’⁸
1000 4812 1143 4869 Psal.
1185 4829 1356 4881 xxxv,
1384 4814 1438 4868 7.
1512 4814 1558 4846 ’τ
1585 4815 1743 4872 Rom.
1771 4833 1847 4884 xi,

1953 4817 1983 4871 ἲ.
2060 4816 2105 4847 ’⁸
2136 4814 2159 4869 Ι
2185 4814 2311 4873 Cor.
2345 4819 2490 4901 11,9.

357 4978 466 5052 (20)
490 4981 625 5053 Editi
655 4980 954 5053 ὀρθοτέρως
978 4976 1366 5053 ἀνακρουσειεν
1410 4977 1460 5040 ὁ,
1501 4982 1632 5053 οισι,
1672 4976 1864 5053 rectius

284 5045 394 5102 hinc
430 5045 698 5121 fepuleril,
728 5053 814 5121 qui
837 5045 1136 5121 sententias
1160 5047 1365 5121 divinas
1397 5046 1729 5121 considerat.
1762 5045 1867 5121 Cn-

284 5123 384 5173 dex
412 5114 563 5174 Colb.
597 5133 651 5175 et
682 5114 834 5187 Regii
883 5121 989 5173 duo
1032 5118 1339 5190 ὀρθοτέρως
1394 5116 1459 5169 ἂν
1491 5114 1777 5169 ἀκούσειεν
1810 5117 1859 5180 ὁ,

284 5193 426 5255 quod
455 5191 646 5244 melius
675 5192 887 5243 videtur
905 5201 958 5243 et
985 5193 1189 5243 verius.

358 5260 467 5329 (21)
499 5261 606 5314 Alii
638 5262 879 5322 Codices,
915 5269 974 5313 ut
1023 5260 1103 5325 ﬁt,
1144 5258 1430 5328 ἀγένητος,
1486 5253 1580 5310 alii
1630 5253 1862 5325 ἀγέννη-

286 5346 393 5391 τος,
424 5344 479 5385 et
511 5333 581 5383 ita
619 5333 669 5383 in
698 5331 926 5397 vulgatis
958 5332 1175 5398 legitur.

355 5401 465 5462 (22)
504 5403 639 5453 Editi
664 5401 942 5463 δάκτυλος.
972 5403 1039 5453 At
1070 5416 1200 5453 mss.
1229 5398 1535 5463 δακτύλιος.

360 5471 464 5540 (25)
491 5472 669 5524 Codex
704 5473 852 5527 Coll).
878 5473 939 5524 τὸ
972 5471 1213 5525 τοιοῦτον
1261 5470 1575 5540 γεγένηται.
1615 5466 1760 5522 Editi
1793 5468 1854 5520 τὸ

290 5538 761 5612 τοιοῦτοᾲγένηται.

360 5608 467 5676 (24)
494 5610 581 5664 Sic
619 5608 746 5664 mss.
773 5613 965 5667 nostri.
1008 5610 1208 5667 Vocula
1232 5610 1323 5665 καί
1360 5610 1428 5665 ab
1454 5608 1615 5664 editis
1639 5609 1850 5667 aberat.

361 5679 469 5746 (25)
513 5681 650 5733 Editi
686 5681 747 5733 τὸ
783 5682 919 5745 πῶς.
967 5683 1032 5734 At
1088 5698 1219 5735 mss.
1267 5696 1359 5735 sex
1408 5680 1501 5732 τοῦ
1539 5679 1679 5742 πῶς.
1718 5681 1851 5747 Reg.

290 5752 505 5814 quintus
530 5750 687 5805 τοῦτο
725 5752 859 5817 πῶς.
922 5752 1115 5808 Statim
1154 5752 1282 5809 editi
1331 5759 1385 5805 et
1430 5751 1669 5821 quinque
1716 5767 1845 5805 mss.

1964 4974 2036 5028 Τὸ
2065 4976 2120 5030 δὲ
2146 4976 2241 5030 τοῦ
2275 4973 2414 5038 πῶς.
2448 4973 2552 5028 Alii
2580 4976 2706 5038 duo,
2738 4973 2887 5029 Τὸδὲ
2921 4974 3041 5037 πῶς
3072 4968 3213 5027 εἷναί
3244 4992 3319 5028 τι.

2036 5047 2148 5116 (26)
2179 5047 2401 5113 Antiqui
2433 5054 2543 5099 tres
2564 5046 2685 5116 libri
2709 5056 2771 5116 et
2805 5045 2934 5098 editi
2970 5045 3103 5099 πολὺ
3138 5045 3337 5116 μᾶλλον
3367 5044 3531 5113 ἀλλή-

1960 5115 2067 5187 λων
2098 5115 2355 5187 τυγχάνει
2390 5132 2403 5144 ·
2436 5131 2595 5183 quam
2647 5115 2837 5169 falsam
2890 5115 3212 5187 scripturam
3246 5117 3314 5168 ob
3348 5116 3535 5167 oculos

1959 5184 2502 5252 habenswinterpres,
2540 5188 2619 5240 sic
2660 5187 2841 5249 vertit,
2873 5184 3038 5237 multo
3080 5188 3243 5253 magis
3268 5195 3446 5237 ntutuo
3480 5200 3534 5235 se

1958 5260 2267 5322 contingunt
2298 5272 2317 5309 :
2358 5270 2464 5324 quo
2502 5258 2628 5324 quid
2658 5256 2824 5325 possit
2874 5255 2977 5325 dici
3014 5255 3262 5313 alienius.
3314 5270 3417 5306 non
3444 5255 3534 5325 vi-

1958 5328 2080 5381 deo.
2132 5327 2313 5381 Codex
2372 5326 2522 5380 Colb.
2577 5338 2631 5380 et
2662 5326 2750 5379 alii
2806 5326 2911 5378 duo
2952 5324 3104 5392 Regii
3148 5326 3282 5378 πολὺ
3331 5324 3534 5394 μᾶλλον

1956 5396 2151 5468 ἄδηλον
2190 5396 2470 5467 τυγχάνει,
2520 5397 2685 5449 multo
2726 5398 2894 5465 magis
2948 5395 3096 5459 latet,
3147 5395 3312 5448 multo
3359 5396 3533 5447 minus

1958 5479 2277 5529 compertum
2301 5477 2400 5530 est,
2436 5469 2658 5536 optime.

2027 5540 2139 5607 (27)
2174 5540 2311 5592 Editi
2342 5535 2481 5590 ὅπου
2504 5538 2592 5590 τά.
2646 5538 2861 5606 Antiqui
2895 5538 2999 5592 duo
3042 5536 3159 5591 libri
3191 5538 3322 5607 ὅπου
3354 5552 3416 5603 γε
3442 5535 3532 5588 τά.

1954 5602 2131 5662 Haud.
2151 5610 2304 5679 longe
2332 5608 2465 5678 Reg.
2495 5610 2761 5663 secundus
2790 5602 3067 5678 ὂφθαλμὸς
3108 5608 3207 5660 οὐκ
3233 5602 3394 5667 οἶδεν,
3424 5622 3542 5664 non.

1954 5691 2117 5734 recte.

1964 5810 1975 5819 ρ
2025 5750 2139 5821 (28)
2174 5749 2313 5806 Editi
2346 5749 2454 5805 τῶν
2480 5748 2738 5808 εὐσεϐῶν.
2769 5750 2835 5805 At
2866 5766 2993 5807 mss.
3026 5760 3133 5807 tres
3163 5748 3422 5812 εὐσεϐῶς.
