3956 6216
252 326 360 380 749

1340 318 1727 374 ADV’ERSUS-
1755 317 2126 374 EUNOMlUM
2169 317 2295 373 LIB.
2339 315 2405 370 ν.

3386 313 3523 369 τεο.

254 442 401 515 εὖροι
425 459 508 507 τις
554 440 637 495 ἄν.
689 441 827 493 Ἀλλ’
871 438 1173 512 ὀρθοτέρως
1205 439 1271 491 ἂν
1323 438 1605 491 ἀκούσειεν
1655 440 1683 489 ὁ
1714 437 1825 506 (‘20)

1943 436 2128 491 Verum
2174 438 2387 491 rectius.
2418 436 2531 488 haec
2576 432 2928 498 intellexerit,
2956 431 3045 500 qui
3080 428 3373 485 sententias
3413 430 3509 487 die

254 533 493 597 εὐσεϐῶς
520 534 586 587 τά
611 532 729 585 θεῖα
759 534 1002 603 νοήματα
1018 531 1468 601 τεκμαιρόμενος,
1496 529 1667 597 λέγων
1693 531 1828 600 πρὸς

252 626 349 695 τὴν
370 626 478 679 τῶν
510 626 767 679 ἐναντίων
796 624 1087 686 ἀντίθεσιν,
1120 625 1222 686 ὃτι,
1258 625 1306 676 εί
1339 623 1581 693 νομίσειε
1606 640 1687 685 τις
1708 640 1829 674 ταυ-

254 718 450 787 τότητα
493 716 736 785 εἰσάγειν
779 714 888 767 ἀπὸ
927 714 1035 767 τῶν
1082 714 1407 784 ὁμωνύμων,
1443 713 1493 766 τί
1531 715 1826 782 ποιήσειεν,

255 810 335 861 ὅτι
377 806 521 860 ὄντα
553 805 722 859 πολλά
774 805 988 873 λέγεται
1034 806 1067 875 ἢ
1106 805 1386 869 καλεῖται;
1434 804 1581 867 Ἐνὸς
1631 804 1687 856 δέ
1716 806 1830 857 ὲστι

251 896 431 961 τοῦτο,
463 896 708 963 λέγοντος
738 896 942 965 Κυρίου
982 897 1075 947 καὶ
1101 895 1315 966 ἀληθῶς
1340 894 1473 948 Θεοῦ
1494 911 1507 925 ·
1552 894 1691 965 Ἐγώ
1715 898 1831 963 εὶμι

256 994 291 1044 ὀ
321 990 424 1043 ὧν.
455 990 713 1056 Λέγονται
736 988 791 1040 δὲ
816 988 910 1041 καὶ
931 988 1165 1058 πατέρες
1202 989 1402 1051 πολλοὶ,
1443 987 1537 1041 καὶ
1574 987 1706 1054 Θεοὶ,
1742 988 1833 1040 καὶ

258 1081 599 1150 γεννήτορες,
634 1079 729 1132 καὶ
768 1080 940 1147 σοφοὶ,
976 1080 1070 1131 καὶ
1098 1080 1332 1142 δυνατοὶ,
1372 1082 1463 1133 καὶ
1489 1080 1829 1153 δημιουργοὶ,

255 1174 292 1227 ἃ
314 1173 391 1243 τῷ
423 1172 542 1243 Θεῷ
579 1173 723 1243 μόνῳ
757 1172 916 1240 φύσει
953 1173 1242 1242 πρόσεστιν
1275 1174 1381 1227 ἀεί.
1421 1175 1531 1227 Καὶ
1564 1175 1832 1245 ἀγέννητα

254 1264 518 1327 ὡσαύτως
544 1264 792 1331 λέγονται
822 1264 890 1316 τά
925 1264 1148 1335 μηδέπω
1189 1265 1540 1335 γεννηθέντα,
1572 1267 1833 1336 μέλλοντα

255 1355 313 1408 δὲ
338 1356 623 1423 γεννᾶσθαι
648 1356 679 1426 ἢ
706 1356 948 1424 γίνεσθαι
974 1373 987 1388 ⁸
1025 1357 1099 1421 ὡς
1122 1358 1215 1410 καὶ
1250 1360 1281 1429 ἡ
1322 1359 1431 1412 τῶν
1466 1361 1676 1431 νεκρῶν
1703 1362 1833 1413 ἀνά-

256 1466 463 1517 στασις,
490 1449 640 1503 οὔπω
671 1452 945 1518 γεγονυῖα,
988 1449 1280 1519 ἀγέννητος
1309 1450 1442 1518 (21),
1484 1451 1750 1522 μέλλουσα
1779 1453 1835 1505 δὲ

257 1536 419 1594 εἶναι’
452 1541 484 1611 ἢ
511 1541 585 1603 ὡς
608 1543 712 1594 ἀπὸ
743 1542 958 1613 σιδήρου
989 1542 1268 1601 δακτύλιος
1300 1543 1408 1613 (9.2)
1442 1544 1650 1614 μέλλων
1694 1544 1836 1612 γίνε-

260 1633 402 1697 σθαι,
450 1633 743 1702 ἀγέννητος
783 1633 858 1687 ῶν
891 1636 950 1687 ὲν
988 1637 1054 1704 τῇ
1085 1634 1180 1687 τοῦ
1215 1636 1435 1705 σιδήρου
1467 1635 1657 1703 φύσει·
1696 1635 1729 1705 ἦ
1761 1636 1836 1698 ὡς

256 1726 385 1778 ὅταν
424 1725 531 1777 ἀπὸ
558 1724 746 1787 ὓδατος
776 1727 809 1794 ἣ
859 1726 1005 1778 λίθου
1040 1725 1170 1797 πῦρ,
1203 1727 1235 1797 ἦ
1279 1726 1442 1796 ἄλλης
1493 1727 1635 1790 τινὸς
1680 1726 1832 1797 ὕλης,

258 1816 519 1880 ὡσαύτως
541 1817 601 1870 τὸ
639 1818 877 1870 τοιοῦτον
913 1817 1136 1888 γένηται
1163 1818 1275 1889 πῦρ
1310 1819 1443 1889 (25).
1478 1819 1645 1872 Πάλιν
1671 1819 1835 1887 ἀγέν-

258 1926 416 1979 νητον
442 1909 689 1962 ἀνούσιον
710 1908 937 1979 νοοῦμεν
955 1910 1017 1962 τὸ
1042 1910 1265 1980 μηδαμῆ
1290 1911 1554 1981 μηδαμῶς
1589 1911 1668 1964 ὃν.
1699 1907 1834 1964 Εἷπέ

258 2017 342 2062 τις
387 2000 654 2062 ἀνούσιον,
686 2000 982 2053 ὑπόστασιν
1024 2001 1201 2055 ἀνεῖλε
1230 2002 1326 2054 καὶ
1365 2002 1551 2065 οὐσίας
1580 2002 1831 2074 ὕπαρξιν.

272 2091 562 2154 ’Δνούσιον,
615 2094 709 2145 καὶ
762 2093 1156 2156 ἀνυπόστατον,
1195 2093 1294 2164 τὴν
1348 2092 1422 2164 μὴ
1486 2094 1837 2167 ὑπάρχουσαν

260 2186 398 2253 μήτε
422 2179 586 2237 οὖσαν
619 2184 754 2247 ὅλως
790 2185 1041 2254 σημαίνει
1070 2183 1249 2253 φύσιν.
1290 2185 1364 2239 Τὸ
1399 2185 1456 2238 δὲ
1483 2186 1720 2241 ὲνούσιον
1746 2190 1837 2241 καὶ

257 2276 626 2329 ἀνυπόστατον
673 2276 846 2344 λέγων
903 2294 1005 2343 τις,
1047 2278 1145 2349 τὴν
1190 2279 1602 2350 ἐνυπάρχουσαν
1649 2282 1838 2335 οὐσίαν

257 2367 512 2437 ἐδήλωσε.
560 2368 633 2421 Τὸ
660 2369 715 2422 δὲ
747 2369 925 2437 λέγειν
957 2371 1248 2443 ἀγέννητον
1296 2372 1387 2425 τὸν
1416 2372 1567 2438 Θεὸν,
1613 2372 1645 2442 ἢ
1680 2374 1840 2441 ἀγέν-

259 2475 415 2526 νητον
447 2458 587 2529 μετά
605 2458 700 2511 τοῦ
729 2459 954 2529 ἄρθρου,
980 2462 1254 2528 προτάξας
1279 2460 1445 2525 Θεὸν,
1476 2461 1508 2530 ἢ
1539 2461 1838 2528 ἐπενέγκας

259 2548 421 2602 πάλιν
451 2549 512 2607 τὸ
546 2550 676 2602 αὐτὸ
704 2549 896 2619 ὄνομα,
928 2551 1027 2603 οὐκ
1058 2550 1242 2603 οὐσίαν
1273 2551 1498 2616 ἀνεῖλεν,
1522 2551 1642 2604 οὐδὲ
1673 2552 1733 2603 τὸ
1762 2547 1838 2604 εἷ-

258 2655 349 2689 ναι
376 2637 469 2691 τοῦ
500 2638 655 2703 Θεοῦ,
690 2638 894 2709 ταύτην
923 2639 979 2691 δὲ
1018 2640 1113 2692 καὶ
1164 2639 1275 2710 (24)
1329 2641 1403 2720 μῂ
1436 2642 1839 2711 γεγεννημένην

259 2727 398 2783 εἶναι
430 2731 608 2799 λέγει’
640 2732 775 2785 ἀλλά
800 2733 906 2802 μὴν
939 2733 1055 2785 οὐδὲ
1080 2733 1390 2787 κτισθεῖσαν
1419 2734 1569 2805 δηλοῖ
1588 2734 1683 2787 τοῦ
1705 2734 1839 2788 Θεοῦ

259 2824 357 2894 τὴν
389 2824 596 2878 οὐσίαν.
642 2824 781 2876 Ἀλλ’
818 2826 918 2877 οὐκ
946 2825 1132 2896 ἐπειδὴ
1174 2825 1234 2878 τὸ
1274 2820 1411 2880 εἶναι
1447 2826 1542 2879 τοῦ
1581 2828 1713 2880 Θεοῦ
1742 2828 1841 2881 οὐκ

260 2915 491 2979 ἀνεῖλεν,
521 2916 620 2988 ἤδη
652 2916 712 2969 τὸ
738 2917 791 2969 τί
830 2914 967 2970 εἶναι
1000 2916 1094 2970 τοῦ
1128 2917 1263 2970 Θεοῦ
1299 2918 1400 2988 τὴν
1429 2919 1617 2971 οὐσίαν
1643 2919 1843 2989 ἐδήλω-

263 3026 372 3062 σεν.
400 3010 474 3063 Οὐ
498 3009 639 3078 λέγω
662 3009 917 3078 ποιότητα
953 3009 985 3079 ἢ
1020 3010 1312 3079 ποσότητα,
1348 3010 1423 3073 ὼς
1449 3012 1648 3063 ἐκεῖνοι
1672 3013 1842 3079 ἐπαγ-

261 3100 540 3167 γέλλονται
583 3100 860 3164 ἀποδεῖξαι
899 3099 1417 3170 ματαιολογοῦντες’
1471 3100 1608 3154 ἀλλὰ
1663 3101 1836 3161 τοῦτο,
1869 3123 1910 3178 C

260 3191 381 3255 πῶς
414 3191 526 3264 (ἒ5)
553 3187 690 3245 εἶναι
736 3193 973 3247 δείκνυσι
1005 3192 1099 3246 τοῦ
1137 3192 1272 3246 Θεοῦ
1306 3192 1403 3265 τὴν
1448 3194 1633 3247 οὐσίαν
1678 3196 1710 3263 ἡ
1747 3196 1842 3263 τῆς

258 3284 592 3354 ἀγεννήτου
631 3289 814 3357 φωνῆς
852 3286 1132 3356 ὀνομασία.
1168 3286 1239 3338 Τὸ
1264 3286 1320 3339 δὲ
1344 3286 1459 3350 πῶς
1481 3282 1620 3340 εἷναί
1642 3304 1715 3351 τι,
1750 3287 1843 3339 κει)¹

262 3378 393 3433 αὐτὸ
425 3380 600 3432 ἐκεῖνο
631 3380 659 3431 ὃ
690 3382 856 3442 ἐστιν,
892 3382 1073 3433 ὁποῖον
1102 3374 1240 3433 εἶναι
1288 3380 1321 3450 ἦ
1380 3378 1433 3431 τί
1487 3375 1647 3442 εἶναι,
1704 3377 1839 3431 πολύ

264 3471 463 3540 μᾶλλον
493 3471 685 3542 ἄδηλον
710 3473 965 3542 τυγχάνει
999 3472 1110 3543 (26)
1146 3472 1222 3535 ὡς
1253 3472 1655 3542 ἀνεξιχνίαστον
1693 3472 1840 3542 πάσῃ

260 3564 452 3634 κτιστῇ
501 3563 660 3632 φύσει
718 3564 982 3635 ὑπάρχον,
1032 3563 1096 3615 Εἰ
1126 3564 1235 3635 γὰρ
1280 3564 1348 3616 τά
1387 3565 1629 3635 κρίματα
1678 3563 1840 3616 αὐτοῦ

260 3654 497 3718 ἄϐυσσος
541 3656 730 3725 πολλὴ,
791 3656 867 3719 ὥς
899 3672 1063 3726 φησιν
1095 3658 1123 3709 ὁ
1150 3657 1464 3727 Προφήτης,
1505 3657 1599 3710 καὶ
1632 3659 1688 3709 αἱ
1734 3658 1843 3710 ὁδοὶ

262 3744 425 3797 αὐτοῦ
454 3744 864 3816 ἀνεξιχνίαστοι,
914 3743 1111 3798 οὐκοῦν
1149 3744 1367 3808 πάντως
1422 3745 1516 3798 καὶ
1561 3744 1843 3815 ἀνεξερεύ-

263 3853 438 3905 νητοι,
471 3836 610 3889 κατὰ
636 3836 727 3889 τὸν
772 3834 1095 3888 Ἀπὸστολον
1117 3853 1130 3866 ·
1156 3835 1307 3905 πόσῳ
1336 3835 1535 3906 μᾶλλον
1568 3837 1744 3898 αὐτὸς,
1779 3829 1839 3888 οὗ

262 3930 319 3981 αἱ
341 3928 548 3997 κρίσεις
575 3929 669 3980 καὶ
694 3928 751 3979 αί
781 3926 890 3980 ὁδοὶ
930 3926 1176 3979 τοιαῦται
1204 3942 1218 3991 ;
1248 3929 1357 3979 Καὶ
1383 3928 1443 3981 οὐ
1467 3928 1651 3998 θαῦμα
1674 3931 1721 3980 εί
1745 3929 1843 3981 αὐ-

262 4018 353 4083 τὸς
373 4021 401 4072 ὁ
431 4019 563 4083 Θεὸς
590 4020 851 4084 τοιοῦτος,
900 4019 1032 4072 ὅπου
1058 4035 1122 4086 γε
1152 4018 1219 4072 τά
1254 4020 1364 4090 (27)
1403 4021 1568 4073 αὐτοῦ
1594 4020 1838 4075 τοιαῦτα.

263 4113 327 4164 Ei
360 4112 466 4182 γὰρ
487 4111 522 4165 δι
554 4111 847 4181 ἡτοίμασεν
875 4112 903 4163 ὁ
932 4110 1063 4173 Θεὸς
1094 4112 1207 4173 τοῖς
1240 4112 1527 4178 ἀγαπῶσιν
1552 4112 1710 4166 αὐτὸν
1740 4115 1839 4183 ὀφ-

264 4188 469 4273 θαλμὸς
493 4203 592 4256 οὐκ
618 4200 775 4267 εἶδεν,
796 4203 915 4256 οὐδὲ
942 4198 1035 4266 οὖς
1063 4204 1313 4273 ἤκουσεν,
1350 4205 1470 4257 οὐδὲ
1499 4206 1590 4257 ἐπὶ
1615 4206 1841 4277 καρδίαν

264 4293 553 4364 ἀνθρώπου
583 4296 772 4365 ἀνέϐη,
806 4294 949 4348 κατὰ
990 4295 1052 4347 τὸ
1082 4296 1497 4365 γεγραμμένον)
1530 4297 1679 4367 πόσῳ
1708 4298 1842 4367 μᾶλ-

264 4384 356 4437 λον
400 4384 564 4437 αὐτοῦ
601 4384 696 4437 τοῦ
741 4385 811 4438 τά
859 4386 1083 4439 τοιαῦτα
1137 4386 1658 4458 παρασκευάσαντος
1702 4388 1839 4441 Θεοῦ

1929 533 2085 584 vinas
2129 532 2215 596 pie
2257 526 2636 590 consideravit,
2671 526 2920 580 videlicet
2969 525 3015 578 si
3060 525 3127 578 ad
3163 538 3228 578 ea
3262 537 3382 590 quae
3432 522 3531 577 ab.

1930 622 2257 675 adversariis
2283 619 2608 687 objiciuntur
2640 617 2982 685 dicat,quod
3009 616 3052 670 si
3077 616 3199 685 quis
3229 630 3294 670 ex
3326 615 3500 684 tequi-

1932 715 2080 766 vocis
2131 712 2468 766 identitatetn
2519 709 2697 763 induci
2757 718 2929 779 putat,
2969 709 3097 777 quid
3150 708 3333 770 faciet.
3379 721 3505 762 cum

1931 804 2099 858 multa
2155 804 2409 858 dicantur
2458 813 2551 858 aut
2598 814 2860 858 vocentur
2910 803 3047 859 entia
3069 800 3233 861 ?rlloc
3272 813 3505 868 namque

1931 894 2090 947 uuius
2127 894 2335 946 Domini
2383 908 2448 947 ac
2493 908 2621 947 vere
2670 893 2763 947 Dei
2807 902 2894 946 est
2940 892 3212 946 dicentis:
3244 888 3357 960 Ego
3386 905 3507 941 sum

1931 987 2020 1053 qui
2046 1003 2161 1038 sum
2198 987 2267 1041 ³⁸.
2305 986 2566 1041 Dicuntur
2597 995 2777 1039 autem
2806 995 2862 1039 et
2888 993 3069 1053 patres
3112 984 3287 1047 multi,
3317 992 3371 1035 et
3409 981 3505 1045 dii,

1932 1086 1988 1132 et
2018 1079 2310 1147 genitores,
2344 1087 2397 1131 et
2433 1078 2727 1146 sapientes,
2760 1087 2815 1130 ct
2861 1086 3129 1145 potentes,
3162 1086 3215 1129 et
3261 1075 3506 1143 opiﬁces,

1932 1183 2054 1236 qtne
2086 1176 2280 1222 natura
2312 1169 2422 1223 Deo
2463 1168 2563 1222 soli
2606 1182 2817 1236 semper
2850 1168 3050 1220 insunt.
3092 1167 3231 1231 Quin
3266 1174 3321 1218 et
3361 1166 3511 1233 iuge-

1939 1258 2051 1313 nita
2103 1260 2354 1313 similiter
2399 1260 2651 1315 dicuntur
2696 1274 2815 1326 quae
2862 1258 3096 1311 nondum
3148 1258 3324 1326 genita
3359 1265 3507 1318 sunt,

1938 1350 2035 1400 scd
2086 1350 2329 1417 generari
2381 1357 2474 1402 aut
2521 1348 2637 1401 ﬁeri
2692 1348 2937 1403 debent:
2972 1349 3113 1403 sicut
3172 1358 3510 1402 mortuorum

1934 1439 2265 1494 resurrectio
2312 1454 2432 1509 qum
2464 1438 2700 1492 nondum
2745 1437 2884 1493 facta
2930 1447 3033 1506 εει,
3064 1440 3297 1509 ingenita
3336 1449 3422 1493 est
3456 1451 3514 1494 et

1938 1529 2146 1595 futura,
2177 1538 2273 1583 aut
2326 1530 2465 1584 sicut
2517 1529 2799 1584 faciendus
2844 1543 2911 1583 ex
2961 1528 3108 1585 ferro
3166 1528 3420 1593 annulus,
3456 1529 3511 1583 in

1936 1620 2065 1675 ferri
2118 1632 2308 1676 natura
2363 1622 2635 1693 ingenitus
2666 1632 2771 1688 est,
2802 1630 2894 1676 aut
2927 1623 3068 1677 sicut
3101 1636 3223 1676 cum
3265 1636 3329 1675 ex
3371 1636 3513 1691 aqua

1938 1710 2022 1764 vel
2056 1710 2232 1779 lapide
2269 1711 2430 1782 ignis,
2467 1710 2549 1765 vel
2599 1709 2703 1764 alia
2744 1711 2938 1780 quavis
2984 1711 3232 1778 materia,
3262 1712 3514 1765 similiter

1938 1802 2076 1871 ignis
2100 1804 2271 1855 tieret.
2305 1802 2512 1855 Rursus
2540 1816 2636 1870 per
2659 1801 2955 1871 ingenitum
2978 1802 3118 1872 quod
3144 1817 3249 1857 non
3277 1803 3513 1867 exsistit,

1937 1892 2288 1963 intelligimus
2318 1893 2370 1947 id
2402 1893 2542 1961 quod
2576 1894 2801 1949 minime
2836 1910 2900 1949 ac
2930 1908 3192 1964 nusquam
3225 1906 3336 1954 est.
3370 1896 3517 1949 Dixit

1937 1984 2135 2053 aliquis
2181 2000 2293 2038 rem
2340 2000 2448 2038 non
2498 1997 2738 2052 exstare,
2767 1987 3123 2043 substantiam
3168 2002 3230 2043 ac
3266 1989 3517 2043 essentia

1936 2076 2283 2131 existentiam
2310 2075 2548 2131 sustulit.
2580 2076 2689 2133 Res
2722 2092 2842 2147 quae
2881 2091 2982 2131 nec
3013 2078 3226 2135 exsistit
3255 2092 3358 2136 nec
3383 2078 3514 2134 sub-

1938 2167 2106 2232 sistit,
2139 2176 2386 2222 naturam
2424 2168 2695 2237 signiﬁcat
2744 2184 2852 2223 non
2901 2169 3254 2229 exsisteutem
3300 2179 3355 2225 et
3394 2185 3533 2239 quae-7

1937 2259 2157 2314 omnino
2192 2276 2297 2313 non
2330 2270 2431 2315 est.
2466 2261 2572 2315 Sed
2602 2262 2649 2316 si
2680 2262 2802 2331 quis
2851 2262 2999 2316 dicat
3034 2263 3327 2333 quidquam
3369 2263 3516 2319 exsi-

1939 2359 2082 2403 stere
2114 2364 2178 2403 ac
2210 2349 2526 2411 subsistere.
2563 2350 2609 2405 is
2656 2354 3005 2408 exsistentem
3035 2354 3394 2408 substantiam
3437 2354 3517 2408 si-

1939 2441 2235 2508 gniﬁcavit.
2262 2440 2361 2507 Qui
2394 2457 2523 2496 vero
2550 2442 2682 2497 dicit
2712 2444 3008 2514 ingenitum
3035 2445 3225 2509 Deum,
3252 2455 3344 2499 aut
3373 2446 3518 2500 hunc

1940 2531 2238 2599 ingenitum
2289 2548 2413 2586 cum
2470 2528 2721 2599 articulo,
2756 2536 2869 2593 sive
2909 2551 3104 2592 nomen
3131 2535 3271 2591 Deus
3307 2552 3539 2607 prmpot

1941 2630 2055 2688 nat,
2091 2623 2205 2677 sive
2240 2633 2549 2692 postponat,
2588 2638 2689 2679 nec
2734 2627 3099 2681 substantiam
3144 2628 3388 2694 abstulit,
3418 2643 3520 2683 nec

1942 2712 2115 2781 ipsum
2163 2730 2274 2767 esse
2315 2714 2429 2779 Dei,
2464 2716 2557 2768 sed
2614 2716 2755 2769 hanc
2808 2718 3193 2779 genitamnon
3233 2734 3353 2775 esse
3401 2720 3537 2785 ait;,

1942 2806 2052 2861 imo
2099 2821 2228 2861 vero
2262 2822 2439 2875 neque
2487 2816 2728 2861 creatam
2783 2808 2950 2864 fuisse
3008 2810 3100 2865 Dei
3155 2809 3521 2869 substantiam

1943 2898 2165 2952 indicat.
2200 2899 2306 2952 Sed
2334 2897 2458 2968 quia
2498 2900 2669 2968 ipsum
2706 2916 2816 2956 esse
2845 2903 2943 2956 Dei
2986 2916 3091 2957 non
3124 2902 3369 2968 sustulit,
3409 2917 3536 2956 non.»

1941 2990 2190 3057 protinus
2221 2990 2350 3059 quid
2379 2989 2474 3043 Dei
2520 2992 2822 3045 substantia
2855 2994 2937 3047 sit.
2956 2993 3214 3047 ostendit.
3247 2993 3364 3048 Non
3400 2994 3521 3049 dico

1944 3080 2257 3149 qualitatem
2287 3090 2378 3134 aut
2404 3082 2907 3150 quantitatem,uti,
2935 3083 3010 3139 illi
3045 3100 3182 3139 vana
3214 3083 3521 3140 effutientes

1946 3174 2411 3228 demonstraturus
2448 3188 2507 3229 se
2549 3189 2670 3230 esse
2722 3177 3041 3246 pollicentur
3074 3200 3086 3234 :
3118 3181 3211 3234 sed
3249 3183 3522 3249 quomodo

1944 3267 2015 3320 sit
2054 3266 2356 3322 substantia
2413 3268 2531 3333 Dei,
2583 3270 2699 3325 haec
2759 3272 2909 3329 vocis
2961 3274 3179 3343 ingeniti
3232 3275 3521 3345 appellatio

1944 3368 2355 3413 commonstrat.
2407 3361 2637 3417 Atvero
2691 3365 2961 3432 quomodo
3008 3366 3283 3434 quidpiam
3340 3368 3432 3432 sit,
3466 3377 3533 3427 et,

1946 3450 2072 3505 illud
2101 3450 2275 3521 ipsum
2323 3455 2464 3523 quod
2504 3464 2611 3519 est,
2650 3456 2809 3524 quale
2840 3457 2933 3523 sit,
2961 3467 3055 3512 aut
3084 3459 3211 3527 quid
3240 3460 3328 3525 sit,
3362 3460 3522 3531 longe

1945 3544 2115 3611 magis
2142 3544 2295 3609 latet,
2336 3554 2395 3598 ut
2422 3560 2541 3614 quae
2574 3563 2637 3603 ex
2668 3564 2763 3603 sua
2797 3558 2989 3604 natura
3020 3566 3049 3603 a
3082 3552 3229 3605 nulla
3267 3564 3521 3610 creatura

1943 3645 2145 3704 queant
2194 3636 2531 3705 investigari.
2582 3638 2715 3693 Nam
2771 3640 2818 3695 si
2865 3640 3074 3708 judicia
3123 3643 3240 3709 ejus
3293 3646 3521 3713 aliyssus

1945 3725 2133 3789 multa,
2160 3734 2221 3779 ut
2255 3725 2329 3779 ait
2361 3726 2630 3796 Propheta
2658 3729 2724 3793 ⁸⁸,
2761 3738 2815 3783 ει
2843 3731 2943 3784 vite
2974 3731 3090 3800 ejus
3115 3732 3277 3803 313
3322 3734 3522 3805 imper-

1944 3817 2287 3887 vestigabiles
2316 3820 2539 3875 omnino
2571 3828 2626 3874 et
2662 3822 3179 3890 imperscrutabiles,
3223 3831 3521 3882 secundum

1944 3908 2262 3977 Apostolum
2294 3911 2362 3975 ⁸⁷,
2403 3919 2610 3980 quanto
2651 3912 2823 3982 magis
2870 3914 2984 3982 ipse
3021 3913 3174 3981 cujus
3223 3915 3351 3970 talia
3396 3927 3523 3973 sum

1938 4003 2392 4074 judicia,viteque
2435 4003 2612 4059 tales?
2635 4002 2746 4059 Nec
2775 4005 2972 4059 mirum
3002 4008 3046 4060 si
3078 4004 3221 4061 Deus
3252 4008 3367 4077 ipse
3400 4010 3523 4065 talis

1942 4093 2033 4160 sit,
2068 4108 2190 4149 cum
2232 4108 2294 4147 ea
2337 4108 2455 4162 qua:
2473 4094 2589 4163 ejus
2629 4103 2777 4162 sunt,
2809 4093 2937 4148 talia
2968 4094 3254 4149 exsistant.
3290 4094 3348 4149 Si
3376 4095 3522 4149 enim

1942 4197 2063 4253 qua:
2108 4197 2167 4239 se
2212 4183 2555 4254 diligentibus
2599 4184 2927 4255 praeparavit
2977 4185 3141 4249 Deus,
3178 4202 3278 4241 nec
3333 4187 3523 4242 oculus

1942 4275 2101 4340 vidit,
2133 4289 2237 4330 nec
2268 4275 2415 4329 auris
2449 4276 2675 4341 audivit,
2708 4291 2809 4332 nec
2840 4277 2894 4331 in
2928 4292 3025 4332 cor
3053 4278 3287 4333 hominis
3328 4293 3521 4334 ascen-

1944 4365 2160 4428 derunt,
2191 4375 2251 4419 ut
2299 4368 2558 4436 scriptum
2589 4376 2674 4424 est
2705 4367 2772 4435 ",
2804 4379 3009 4441 quanto
3056 4374 3230 4439 magis
3271 4380 3521 4425 naturam

265 4479 365 4547 τὴν
422 4478 583 4547 φύσιν
611 4478 986 4550 ἀρρητοτέραν
1030 4480 1095 4534 ἄν
1141 4455 1231 4544 τις
1254 4481 1397 4535 εἴποι
1442 4480 1553 4534 τῶν
1602 4481 1840 4545 εὐσεϐῶς

1946 4455 2039 4510 Dei
2090 4456 2280 4527 ipsius,
2326 4459 2420 4527 qui
2474 4459 2599 4514 talia
2654 4464 3002 4531 praaparavit,
3054 4477 3309 4517 arcanam
3358 4471 3522 4531 atque

268 4570 382 4641 (28)
412 4570 504 4623 mi.
536 4569 882 4641 ἀπεριέργως
912 4573 992 4635 εἰς
1022 4572 1183 4627 αὐτὸν
1211 4573 1611 4639 πιστευόντων;

338 4834 382 4864 ⁸⁵
412 4832 581 4887 Exod.
626 4848 711 4901 ιιι,
748 4832 835 4886 14.
910 4833 957 4864 ⁹⁶
989 4831 1131 4888 Psal.
1174 4848 1345 4900 xxxv,
1372 4832 1427 4887 7.
1501 4833 1547 4865 ’τ
1574 4833 1732 4891 Rom.
1760 4851 1839 4903 xt,
1883 4835 1971 4890 3'5.

346 4999 614 5073 (‘20)Editi
645 5000 944 5073 ὀρθοτέρως
967 4996 1355 5073 ἀνακρούσειεν
1399 4996 1449 5059 ὁ,
1490 5002 1620 5073 etc.,
1660 4994 1853 5073 rectius

273 5064 385 5122 [nec
420 5064 688 5141 fepuleril,
717 5073 803 5141 qui
827 5064 1125 5141 sententias
1149 5066 1353 5141 divinas
1386 5065 1718 5141 considerat.
1751 5064 1855 5141 Co-

274 5144 372 5193 dex
402 5140 552 5194 Colb.
587 5154 640 5195 et
672 5134 823 5207 Regii
872 5141 977 5193 duo
1021 5137 1328 5210 ὀρθοτέρως
1382 5135 1447 5188 ἂν
1481 5134 1766 5187 ἀκούσειεν
1800 5136 1848 5198 ὁ,

274 5213 417 5276 quod
446 5211 636 5264 melius
664 5212 876 5263 videtur
895 5219 947 5263 et
974 5212 1177 5262 verius.

348 5281 457 5350 (21)
490 5282 595 5334 Alii
628 5282 869 5341 Codices,
904 5289 963 5332 ut
1012 5280 1091 5344 ﬁt,
1133 5277 1419 5347 ἀγένητος,
1475 5272 1568 5329 alii
1619 5273 1850 5344 ἀγέννη-

275 5367 383 5412 τος,
415 5363 469 5403 ει
502 5353 571 5403 ita
609 5353 659 5403 in
689 5351 916 5416 vulgatis
948 5350 1163 5417 legitur.

344 5421 456 5483 (22)
494 5422 629 5473 Editi
654 5420 933 5481 δάκτυλος.
962 5422 1028 5472 At
1059 5435 1189 5472 mss.
1217 5417 1524 5482 δακτύλιος.

347 5492 453 5561 (25)
481 5492 659 5544 Codex
693 5492 843 5545 Colb.
868 5491 929 5543 τὸ
962 5489 1202 5544 τοιοῦτον
1249 5489 1563 5559 γεγένηται.
1604 5484 1748 5541 Edili
1782 5487 1842 5539 τὸ

275 5559 482 5632 τοιοῦτο
494 5563 751 5632 γένηται.

346 5630 456 5695 (24)
484 5626 570 5685 Sic
609 5626 737 5684 mss.
762 5631 954 5686 nostri.
996 5629 1196 5685 Vocula
1220 5628 1311 5683 καί
1348 5628 1416 5683 ab
1442 5626 1604 5683 editis
1629 5627 1838 5685 aberat.

346 5701 458 5769 (25)
503 5702 639 5754 Editi
676 5702 736 5753 τὸ
772 5701 907 5763 πῶς.
956 5701 1021 5753 At
1078 5716 1206 5754 mss.
1256 5715 1347 5753 sex
1397 5698 1489 5750 τοῦ
1528 5697 1667 5761 πῶς.
1707 5699 1840 5766 Reg.

273 5775 495 5838 quintus
519 5770 675 5825 τοῦτο
714 5772 847 5837 πῶς.
910 5771 1103 5826 Statim
1142 5771 1271 5827 editi
1319 5778 1373 5823 et
1418 5770 1658 5838 quinque
1705 5786 1833 5823 mss.

1950 4546 2270 4603 ineffabilem
2322 4564 2442 4605 esse
2485 4551 2752 4621 quispiam
2802 4553 3019 4621 dixerit,
3068 4568 3278 4621 eorum,
3326 4555 3417 4624 qui
3469 4554 3532 4613 in.

1950 4639 2123 4708 ipsum
2151 4640 2240 4709 pie
2274 4655 2336 4695 ac
2365 4642 2680 4713 simpliciter
2703 4642 2971 4699 credunt?

2049 4835 2095 4866 ’⁸
2126 4832 2147 4887 ι
2175 4834 2300 4891 Cor.
2335 4851 2398 4903 tt,
2424 4838 2479 4894 9.

1953 4994 2025 5047 Τὸ
2054 4994 2109 5049 δὲ
2135 4994 2229 5049 τοῦ
2264 4992 2403 5057 πῶς.
2437 4992 2541 5048 Alii
2569 4995 2694 5057 duo,
2727 4992 2876 5047 Τὸδὲ
2910 4994 3030 5056 πῶς
3062 4987 3202 5048 εἴναί
3232 5012 3307 5047 τι.

2024 5066 2137 5135 (26)
2168 5065 2391 5131 Antiqui
2422 5074 2532 5118 tres
2553 5064 2674 5119 libri
2694 5075 2761 5135 iet
2793 5064 2923 5117 editi
2958 5064 3091 5118 πολύ
3128 5065 3326 5135 μᾶλλον
3355 5062 3520 5132 ἀλλή-

1949 5134 2056 5206 λων
2087 5134 2344 5206 τυγχάνει
2378 5150 2392 5163 ·
2425 5150 2584 5202 quam
2637 5134 2825 5187 falsam
2880 5134 3201 5206 scripturam
3235 5137 3303 5187 ob
3337 5135 3524 5186 oculos

1948 5201 2491 5271 habensmiuterpres,
2529 5206 2608 5259 sic
2649 5206 2830 5268 vertit,
2861 5202 3027 5257 multo
3068 5208 3232 5272 magis
3256 5214 3435 5256 mutuo
3469 5218 3524 5254 se

1947 5280 2256 5341 contingunt
2288 5291 2306 5328 :
2347 5290 2452 5343 quo
2490 5276 2617 5343 quid
2646 5275 2812 5343 possit
2863 5273 2964 5326 dici
3002 5274 3251 5332 alienius,
3303 5289 3406 5325 nun
3440 5274 3522 5322 vi-

1947 5346 2068 5400 deo.
2120 5346 2302 5401 Codex
2360 5344 2511 5398 εοιι).
2565 5356 2620 5400 ει
2651 5345 2738 5398 alii
2795 5345 2899 5397 duo
2940 5343 3092 5412 Regii
3138 5345 3271 5397 πολὺ
3320 5343 3523 5413 μᾶλλον

1946 5415 2140 5487 ἄδηλον
2179 5415 2458 5486 τυγχάνει,
2510 5416 2673 5469 multo
2714 5416 2883 5485 magis
2937 5414 3085 5478 latet,
3136 5414 3301 5467 multo
3348 5415 3521 5467 minus

1947 5499 2265 5549 compertum
2291 5496 2389 5549 est,
2424 5488 2646 5555 optime.

2015 5559 2128 5626 (‘27)
2162 5558 2299 5612 Editi
2330 5554 2471 5609 ὅπου
2493 5558 2580 5609 τά.
2634 5557 2851 5625 Antiqui
2883 5557 2987 5610 duo
3031 5556 3148 5609 libri
3179 5557 3311 5626 ὅπου
3343 5571 3403 5622 γε
3430 5554 3520 5607 τά.

1944 5622 2119 5681 Haud
2139 5629 2293 5699 longe
2320 5627 2454 5697 Reg.
2483 5629 2750 5682 secundus
2779 5622 3056 5697 οφθαλμὸς
3097 5627 3197 5679 οὐκ
3222 5622 3382 5687 οἶδεν,
3412 5640 3531 5683 nou,

1942 5710 2106 5753 recte.

1952 5829 1963 5837 ,
2013 5768 2127 5840 (28)
2163 5768 2302 5826 Editi
2336 5767 2443 5823 τῶν
2469 5768 2726 5827 εὐσεϐῶν.
2758 5768 2823 5824 At
2855 5785 2982 5826 mss.
3015 5778 3121 5826 tres
3152 5767 3410 5832 εὐσεϐῶς.
