  <div class='ocr_page' id='page_1' title='image "/cluster/home/n/w/nwhite01/storage/ocr_20150623/29/mdp.39015012934371/787.png"; bbox 0 0 3956 6216; ppageno 0'>
   <div class='ocr_carea' id='block_1_1' title="bbox 418 311 1980 377">
    <p class='ocr_par' dir='ltr' id='par_1_1' title="bbox 418 311 1977 376">
     <span class='ocr_line' id='line_1_1' title="bbox 418 311 1977 376; baseline 0.003 -9"><span class='ocrx_word' id='word_1_1' title='bbox 418 311 514 372; x_wconf 78' lang='grc'><strong>751</strong></span> <span class='ocrx_word' id='word_1_2' title='bbox 1727 318 1784 376; x_wconf 82' lang='lat' dir='ltr'><strong>S.</strong></span> <span class='ocrx_word' id='word_1_3' title='bbox 1828 315 1977 375; x_wconf 79' lang='lat' dir='ltr'><strong>BASI</strong></span> 
     </span>
    </p>
   </div>
   <div class='ocr_carea' id='block_1_2' title="bbox 2148 311 3710 377">
    <p class='ocr_par' dir='ltr' id='par_1_2' title="bbox 2148 317 3710 377">
     <span class='ocr_line' id='line_1_2' title="bbox 2148 317 3710 377; baseline 0.003 -6"><span class='ocrx_word' id='word_1_4' title='bbox 2148 317 2323 376; x_wconf 74' lang='grc' dir='ltr'><strong>ςΑσΝι</strong></span> <span class='ocrx_word' id='word_1_5' title='bbox 3586 319 3710 377; x_wconf 70' lang='grc'><strong>732</strong></span> 
     </span>
    </p>
   </div>
   <div class='ocr_carea' id='block_1_3' title="bbox 368 425 1930 505">
    <p class='ocr_par' dir='ltr' id='par_1_3' title="bbox 368 425 1928 502">
     <span class='ocr_line' id='line_1_3' title="bbox 368 425 1928 502; baseline -0.002 -14"><span class='ocrx_word' id='word_1_6' title='bbox 368 495 372 502; x_wconf 91' lang='lat'><em>_</em></span> <span class='ocrx_word' id='word_1_7' title='bbox 485 425 541 488; x_wconf 78' lang='grc'><strong>2.</strong></span> <span class='ocrx_word' id='word_1_8' title='bbox 581 432 721 500; x_wconf 87' lang='lat' dir='ltr'><strong>Quin</strong></span> <span class='ocrx_word' id='word_1_9' title='bbox 763 433 928 489; x_wconf 85' lang='lat' dir='ltr'><strong>etiam</strong></span> <span class='ocrx_word' id='word_1_10' title='bbox 975 434 1140 490; x_wconf 81' lang='lat' dir='ltr'><strong>verba</strong></span> <span class='ocrx_word' id='word_1_11' title='bbox 1189 433 1356 489; x_wconf 84' lang='lat' dir='ltr'><strong>multa</strong></span> <span class='ocrx_word' id='word_1_12' title='bbox 1406 433 1676 498; x_wconf 85' lang='lat' dir='ltr'><strong>dicuntur,</strong></span> <span class='ocrx_word' id='word_1_13' title='bbox 1728 445 1782 488; x_wconf 90' lang='lat' dir='ltr'><strong>at</strong></span> <span class='ocrx_word' id='word_1_14' title='bbox 1825 450 1928 487; x_wconf 91' lang='lat' dir='ltr'><strong>unu</strong></span> 
     </span>
    </p>
   </div>
   <div class='ocr_carea' id='block_1_4' title="bbox 2145 425 3707 505">
    <p class='ocr_par' dir='ltr' id='par_1_4' title="bbox 2153 426 3707 505">
     <span class='ocr_line' id='line_1_4' title="bbox 2153 426 3707 505; baseline 0.001 -18"><span class='ocrx_word' id='word_1_15' title='bbox 2153 434 2210 487; x_wconf 88' lang='grc'><strong>2.</strong></span> <span class='ocrx_word' id='word_1_16' title='bbox 2257 431 2417 484; x_wconf 80' lang='grc' dir='ltr'><strong>Ἀλλά</strong></span> <span class='ocrx_word' id='word_1_17' title='bbox 2445 433 2560 503; x_wconf 79' lang='grc' dir='ltr'><strong>μὴν</strong></span> <span class='ocrx_word' id='word_1_18' title='bbox 2580 426 2674 486; x_wconf 77' lang='grc' dir='ltr'><strong>οὖν</strong></span> <span class='ocrx_word' id='word_1_19' title='bbox 2714 433 2809 485; x_wconf 73' lang='grc' dir='ltr'><strong>καὶ</strong></span> <span class='ocrx_word' id='word_1_20' title='bbox 2840 431 2986 502; x_wconf 80' lang='grc' dir='ltr'><strong>λόγοι</strong></span> <span class='ocrx_word' id='word_1_21' title='bbox 3020 431 3203 486; x_wconf 69' lang='grc' dir='ltr'><strong>πολλοὶ</strong></span> <span class='ocrx_word' id='word_1_22' title='bbox 3243 431 3707 505; x_wconf 81' lang='grc' dir='ltr'><strong>προσαγορεύον-</strong></span> 
     </span>
    </p>
   </div>
   <div class='ocr_carea' id='block_1_5' title="bbox 417 520 1979 594">
    <p class='ocr_par' dir='ltr' id='par_1_5' title="bbox 417 521 1979 594">
     <span class='ocr_line' id='line_1_5' title="bbox 417 521 1979 594; baseline -0.002 -14"><span class='ocrx_word' id='word_1_23' title='bbox 417 533 498 580; x_wconf 72' lang='lat' dir='ltr'><strong>est</strong></span> <span class='ocrx_word' id='word_1_24' title='bbox 539 523 630 579; x_wconf 89' lang='lat' dir='ltr'><strong>Dei</strong></span> <span class='ocrx_word' id='word_1_25' title='bbox 673 521 909 580; x_wconf 71' lang='lat' dir='ltr'><strong>Verbum</strong></span> <span class='ocrx_word' id='word_1_26' title='bbox 943 534 1228 591; x_wconf 66' lang='lat' dir='ltr'><strong>aeternum,</strong></span> <span class='ocrx_word' id='word_1_27' title='bbox 1265 525 1408 594; x_wconf 90' lang='lat' dir='ltr'><strong>quod</strong></span> <span class='ocrx_word' id='word_1_28' title='bbox 1458 533 1512 578; x_wconf 91' lang='lat' dir='ltr'><strong>et</strong></span> <span class='ocrx_word' id='word_1_29' title='bbox 1553 522 1696 577; x_wconf 86' lang='lat' dir='ltr'><strong>Deus</strong></span> <span class='ocrx_word' id='word_1_30' title='bbox 1727 523 1780 577; x_wconf 91' lang='lat' dir='ltr'><strong>in</strong></span> <span class='ocrx_word' id='word_1_31' title='bbox 1817 523 1979 577; x_wconf 83' lang='lat' dir='ltr'><strong>Evan-</strong></span> 
     </span>
    </p>
   </div>
   <div class='ocr_carea' id='block_1_6' title="bbox 2142 520 3704 594">
    <p class='ocr_par' dir='ltr' id='par_1_6' title="bbox 2142 520 3704 593">
     <span class='ocr_line' id='line_1_6' title="bbox 2142 520 3704 593; baseline 0.001 -17"><span class='ocrx_word' id='word_1_32' title='bbox 2142 542 2208 588; x_wconf 77' lang='grc' dir='ltr'><strong>ιι,</strong></span> <span class='ocrx_word' id='word_1_33' title='bbox 2245 520 2324 586; x_wconf 76' lang='grc' dir='ltr'><strong>εἷς</strong></span> <span class='ocrx_word' id='word_1_34' title='bbox 2352 523 2408 576; x_wconf 83' lang='grc' dir='ltr'><strong>δὲ</strong></span> <span class='ocrx_word' id='word_1_35' title='bbox 2429 525 2458 576; x_wconf 82' lang='grc' dir='ltr'><em>ὁ</em></span> <span class='ocrx_word' id='word_1_36' title='bbox 2482 523 2576 577; x_wconf 90' lang='grc' dir='ltr'><strong>τοῦ</strong></span> <span class='ocrx_word' id='word_1_37' title='bbox 2605 524 2739 577; x_wconf 88' lang='grc' dir='ltr'>Θεοῦ</span> <span class='ocrx_word' id='word_1_38' title='bbox 2779 525 2965 588; x_wconf 78' lang='grc' dir='ltr'><strong>ἀΐδιος,</strong></span> <span class='ocrx_word' id='word_1_39' title='bbox 2999 527 3028 578; x_wconf 84' lang='grc' dir='ltr'>ὁ</span> <span class='ocrx_word' id='word_1_40' title='bbox 3063 525 3156 577; x_wconf 74' lang='grc' dir='ltr'><strong>καὶ</strong></span> <span class='ocrx_word' id='word_1_41' title='bbox 3187 524 3317 586; x_wconf 82' lang='grc' dir='ltr'><strong>Θεὸς</strong></span> <span class='ocrx_word' id='word_1_42' title='bbox 3342 525 3403 577; x_wconf 80' lang='grc' dir='ltr'><strong>ἐν</strong></span> <span class='ocrx_word' id='word_1_43' title='bbox 3433 526 3704 593; x_wconf 79' lang='grc' dir='ltr'><strong>Εὐάγγε-</strong></span> 
     </span>
    </p>
   </div>
   <div class='ocr_carea' id='block_1_7' title="bbox 415 610 1977 687">
    <p class='ocr_par' dir='ltr' id='par_1_7' title="bbox 415 613 1974 687">
     <span class='ocr_line' id='line_1_7' title="bbox 415 613 1974 687; baseline 0.001 -20"><span class='ocrx_word' id='word_1_44' title='bbox 415 616 556 687; x_wconf 70' lang='grc' dir='ltr'><strong>κιιιῑο</strong></span> <span class='ocrx_word' id='word_1_45' title='bbox 596 618 939 686; x_wconf 77' lang='lat' dir='ltr'><strong>praedicatur.</strong></span> <span class='ocrx_word' id='word_1_46' title='bbox 979 632 1075 686; x_wconf 92' lang='lat' dir='ltr'><strong>per</strong></span> <span class='ocrx_word' id='word_1_47' title='bbox 1124 617 1267 686; x_wconf 91' lang='lat' dir='ltr'><strong>quod</strong></span> <span class='ocrx_word' id='word_1_48' title='bbox 1301 616 1440 669; x_wconf 78' lang='lat' dir='ltr'><strong>facta</strong></span> <span class='ocrx_word' id='word_1_49' title='bbox 1475 624 1600 671; x_wconf 80' lang='lat' dir='ltr'><strong>sunt</strong></span> <span class='ocrx_word' id='word_1_50' title='bbox 1628 614 1806 668; x_wconf 81' lang='lat' dir='ltr'><strong>omnia</strong></span> <span class='ocrx_word' id='word_1_51' title='bbox 1835 613 1902 672; x_wconf 86' lang='grc'><strong>⁶⁹.</strong></span> <span class='ocrx_word' id='word_1_52' title='bbox 1933 615 1974 669; x_wconf 86' lang='grc' dir='ltr'>Ε</span> 
     </span>
    </p>
   </div>
   <div class='ocr_carea' id='block_1_8' title="bbox 2143 610 3705 687">
    <p class='ocr_par' dir='ltr' id='par_1_8' title="bbox 2143 610 3705 686">
     <span class='ocr_line' id='line_1_8' title="bbox 2143 610 3705 686; baseline 0.003 -21"><span class='ocrx_word' id='word_1_53' title='bbox 2143 615 2196 686; x_wconf 76' lang='grc' dir='ltr'><strong>ἴῳ</strong></span> <span class='ocrx_word' id='word_1_54' title='bbox 2224 615 2652 686; x_wconf 84' lang='grc' dir='ltr'><strong>κηρυσσόμενος,</strong></span> <span class='ocrx_word' id='word_1_55' title='bbox 2681 615 2748 668; x_wconf 87' lang='grc' dir='ltr'><strong>δι’</strong></span> <span class='ocrx_word' id='word_1_56' title='bbox 2779 610 2840 670; x_wconf 80' lang='grc' dir='ltr'>οῦ</span> <span class='ocrx_word' id='word_1_57' title='bbox 2865 615 2934 668; x_wconf 73' lang='grc' dir='ltr'><strong>τά</strong></span> <span class='ocrx_word' id='word_1_58' title='bbox 2966 616 3142 670; x_wconf 85' lang='grc' dir='ltr'><strong>πάντα</strong></span> <span class='ocrx_word' id='word_1_59' title='bbox 3169 618 3400 685; x_wconf 80' lang='grc' dir='ltr'><strong>ἐγένετο.</strong></span> <span class='ocrx_word' id='word_1_60' title='bbox 3438 618 3555 670; x_wconf 79' lang='grc' dir='ltr'><strong>Καὶ</strong></span> <span class='ocrx_word' id='word_1_61' title='bbox 3583 619 3705 672; x_wconf 72' lang='grc' dir='ltr'><strong>υἱοὶ</strong></span> 
     </span>
    </p>
   </div>
   <div class='ocr_carea' id='block_1_9' title="bbox 419 706 1981 780">
    <p class='ocr_par' dir='ltr' id='par_1_9' title="bbox 419 706 1956 777">
     <span class='ocr_line' id='line_1_9' title="bbox 419 706 1956 777; baseline 0 -16"><span class='ocrx_word' id='word_1_62' title='bbox 419 709 516 762; x_wconf 85' lang='lat' dir='ltr'><strong>ﬁlii</strong></span> <span class='ocrx_word' id='word_1_63' title='bbox 543 708 635 763; x_wconf 86' lang='lat' dir='ltr'><strong>Dei</strong></span> <span class='ocrx_word' id='word_1_64' title='bbox 666 709 922 764; x_wconf 88' lang='lat' dir='ltr'><strong>dicuntur</strong></span> <span class='ocrx_word' id='word_1_65' title='bbox 945 710 1100 763; x_wconf 88' lang='lat' dir='ltr'><strong>multi</strong></span> <span class='ocrx_word' id='word_1_66' title='bbox 1125 709 1178 762; x_wconf 91' lang='lat' dir='ltr'><strong>in</strong></span> <span class='ocrx_word' id='word_1_67' title='bbox 1199 708 1478 777; x_wconf 76' lang='lat' dir='ltr'><strong>Scriptura</strong></span> <span class='ocrx_word' id='word_1_68' title='bbox 1505 707 1794 760; x_wconf 89' lang='lat' dir='ltr'><strong>secundum</strong></span> <span class='ocrx_word' id='word_1_69' title='bbox 1825 706 1956 761; x_wconf 92' lang='lat' dir='ltr'><strong>illud</strong></span> 
     </span>
    </p>
   </div>
   <div class='ocr_carea' id='block_1_10' title="bbox 2145 706 3707 780">
    <p class='ocr_par' dir='ltr' id='par_1_10' title="bbox 2145 706 3707 780">
     <span class='ocr_line' id='line_1_10' title="bbox 2145 706 3707 780; baseline 0.002 -20"><span class='ocrx_word' id='word_1_70' title='bbox 2145 706 2233 760; x_wconf 87' lang='grc' dir='ltr'><strong>εοῦ</strong></span> <span class='ocrx_word' id='word_1_71' title='bbox 2276 706 2520 775; x_wconf 83' lang='grc' dir='ltr'><strong>λέγονται</strong></span> <span class='ocrx_word' id='word_1_72' title='bbox 2545 707 2728 760; x_wconf 83' lang='grc' dir='ltr'><strong>πολλοὶ</strong></span> <span class='ocrx_word' id='word_1_73' title='bbox 2761 708 2819 761; x_wconf 85' lang='grc' dir='ltr'><strong>ὲν</strong></span> <span class='ocrx_word' id='word_1_74' title='bbox 2848 710 2915 779; x_wconf 78' lang='grc' dir='ltr'><strong>τῇ</strong></span> <span class='ocrx_word' id='word_1_75' title='bbox 2951 708 3161 780; x_wconf 80' lang='grc' dir='ltr'>Γραφῇ,</span> <span class='ocrx_word' id='word_1_76' title='bbox 3197 707 3335 762; x_wconf 85' lang='grc' dir='ltr'><strong>κατά</strong></span> <span class='ocrx_word' id='word_1_77' title='bbox 3370 708 3453 772; x_wconf 80' lang='grc' dir='ltr'><strong>τὸ,</strong></span> <span class='ocrx_word' id='word_1_78' title='bbox 3514 709 3707 775; x_wconf 79' lang='grc' dir='ltr'><strong>Υίσύς</strong></span> 
     </span>
    </p>
   </div>
   <div class='ocr_carea' id='block_1_11' title="bbox 417 795 1979 869">
    <p class='ocr_par' dir='ltr' id='par_1_11' title="bbox 417 795 1979 869">
     <span class='ocr_line' id='line_1_11' title="bbox 417 795 1979 869; baseline 0.001 -17"><span class='ocrx_word' id='word_1_79' title='bbox 417 795 593 852; x_wconf 68' lang='lat' dir='ltr'><strong>Filios</strong></span> <span class='ocrx_word' id='word_1_80' title='bbox 638 801 793 869; x_wconf 80' lang='lat' dir='ltr'><strong><em>genui</em></strong></span> <span class='ocrx_word' id='word_1_81' title='bbox 844 809 896 854; x_wconf 87' lang='lat' dir='ltr'><strong>et</strong></span> <span class='ocrx_word' id='word_1_82' title='bbox 942 799 1247 865; x_wconf 76' lang='lat' dir='ltr'><strong>exaltavi’;</strong></span> <span class='ocrx_word' id='word_1_83' title='bbox 1291 809 1346 854; x_wconf 89' lang='lat' dir='ltr'><strong>et</strong></span> <span class='ocrx_word' id='word_1_84' title='bbox 1380 814 1566 854; x_wconf 88' lang='lat' dir='ltr'><strong>rursus</strong></span> <span class='ocrx_word' id='word_1_85' title='bbox 1603 817 1616 853; x_wconf 89' lang='lat'><strong>:</strong></span> <span class='ocrx_word' id='word_1_86' title='bbox 1648 797 1824 854; x_wconf 86' lang='lat' dir='ltr'><strong>Filius</strong></span> <span class='ocrx_word' id='word_1_87' title='bbox 1858 817 1979 854; x_wconf 59' lang='lat' dir='ltr'><strong>mea;</strong></span> 
     </span>
    </p>
   </div>
   <div class='ocr_carea' id='block_1_12' title="bbox 2142 795 3704 869">
    <p class='ocr_par' dir='ltr' id='par_1_12' title="bbox 2142 797 3704 868">
     <span class='ocr_line' id='line_1_12' title="bbox 2142 797 3704 868; baseline 0.001 -16"><span class='ocrx_word' id='word_1_88' title='bbox 2142 797 2400 867; x_wconf 69' lang='lat' dir='ltr'><strong>rérrnaa</strong></span> <span class='ocrx_word' id='word_1_89' title='bbox 2446 798 2544 853; x_wconf 77' lang='grc' dir='ltr'><strong>καὶ</strong></span> <span class='ocrx_word' id='word_1_90' title='bbox 2570 799 2788 867; x_wconf 72' lang='grc' dir='ltr'><strong>ὕψωσα</strong></span> <span class='ocrx_word' id='word_1_91' title='bbox 2807 815 2822 828; x_wconf 80' lang='grc'><strong><em>⁸</em></strong></span> <span class='ocrx_word' id='word_1_92' title='bbox 2854 799 2948 852; x_wconf 76' lang='grc' dir='ltr'><strong>καὶ</strong></span> <span class='ocrx_word' id='word_1_93' title='bbox 2993 800 3153 852; x_wconf 88' lang='grc' dir='ltr'><strong>πάλιν</strong></span> <span class='ocrx_word' id='word_1_94' title='bbox 3175 815 3191 828; x_wconf 75' lang='grc'><strong>⁸</strong></span> <span class='ocrx_word' id='word_1_95' title='bbox 3229 799 3360 865; x_wconf 82' lang='grc' dir='ltr'><strong>Υἱὸς</strong></span> <span class='ocrx_word' id='word_1_96' title='bbox 3393 802 3704 868; x_wconf 75' lang='grc' dir='ltr'><strong>πρωτότο-</strong></span> 
     </span>
    </p>
   </div>
   <div class='ocr_carea' id='block_1_13' title="bbox 414 889 1976 962">
    <p class='ocr_par' dir='ltr' id='par_1_13' title="bbox 414 890 1976 962">
     <span class='ocr_line' id='line_1_13' title="bbox 414 890 1976 962; baseline 0.002 -18"><span class='ocrx_word' id='word_1_97' title='bbox 414 890 969 962; x_wconf 77' lang='lat' dir='ltr'><strong>primogenituslsrael</strong></span> <span class='ocrx_word' id='word_1_98' title='bbox 999 895 1040 947; x_wconf 84' lang='grc'><strong>¹.</strong></span> <span class='ocrx_word' id='word_1_99' title='bbox 1061 893 1316 947; x_wconf 84' lang='lat' dir='ltr'><strong>Attamen</strong></span> <span class='ocrx_word' id='word_1_100' title='bbox 1352 893 1645 962; x_wconf 80' lang='lat' dir='ltr'><strong>adaptione</strong></span> <span class='ocrx_word' id='word_1_101' title='bbox 1680 903 1840 961; x_wconf 88' lang='lat' dir='ltr'><strong>atque</strong></span> <span class='ocrx_word' id='word_1_102' title='bbox 1863 895 1976 947; x_wconf 25' lang='lat' dir='ltr'><strong>cha‘</strong></span> 
     </span>
    </p>
   </div>
   <div class='ocr_carea' id='block_1_14' title="bbox 2136 889 3698 962">
    <p class='ocr_par' dir='ltr' id='par_1_14' title="bbox 2140 889 3698 962">
     <span class='ocr_line' id='line_1_14' title="bbox 2140 889 3698 962; baseline -0.001 -18"><span class='ocrx_word' id='word_1_103' title='bbox 2140 892 2208 954; x_wconf 82' lang='grc' dir='ltr'><strong>ός</strong></span> <span class='ocrx_word' id='word_1_104' title='bbox 2237 907 2357 960; x_wconf 82' lang='grc' dir='ltr'><strong>μου</strong></span> <span class='ocrx_word' id='word_1_105' title='bbox 2394 891 2651 958; x_wconf 76' lang='grc' dir='ltr'><strong>Ἰσραήλ.</strong></span> <span class='ocrx_word' id='word_1_106' title='bbox 2697 890 2856 942; x_wconf 83' lang='grc' dir='ltr'><strong>Θέσει</strong></span> <span class='ocrx_word' id='word_1_107' title='bbox 2893 889 3076 960; x_wconf 81' lang='grc' dir='ltr'><strong>μέντοι</strong></span> <span class='ocrx_word' id='word_1_108' title='bbox 3113 892 3208 944; x_wconf 75' lang='grc' dir='ltr'><strong>καὶ</strong></span> <span class='ocrx_word' id='word_1_109' title='bbox 3238 892 3556 962; x_wconf 77' lang='grc' dir='ltr'><strong>χαρακτῆρί</strong></span> <span class='ocrx_word' id='word_1_110' title='bbox 3581 909 3698 944; x_wconf 82' lang='grc' dir='ltr'><strong>τινι</strong></span> 
     </span>
    </p>
   </div>
   <div class='ocr_carea' id='block_1_15' title="bbox 418 981 1980 1056">
    <p class='ocr_par' dir='ltr' id='par_1_15' title="bbox 418 985 1977 1056">
     <span class='ocr_line' id='line_1_15' title="bbox 418 985 1977 1056; baseline 0.001 -21"><span class='ocrx_word' id='word_1_111' title='bbox 418 993 632 1038; x_wconf 85' lang='lat' dir='ltr'><strong>ractere</strong></span> <span class='ocrx_word' id='word_1_112' title='bbox 669 986 906 1052; x_wconf 88' lang='lat' dir='ltr'><strong>quodam</strong></span> <span class='ocrx_word' id='word_1_113' title='bbox 949 1000 978 1039; x_wconf 92' lang='lat' dir='ltr'><strong>a</strong></span> <span class='ocrx_word' id='word_1_114' title='bbox 1010 1000 1140 1040; x_wconf 75' lang='lat' dir='ltr'><strong>vero</strong></span> <span class='ocrx_word' id='word_1_115' title='bbox 1168 985 1277 1040; x_wconf 90' lang='lat' dir='ltr'><strong>Deo</strong></span> <span class='ocrx_word' id='word_1_116' title='bbox 1309 986 1570 1056; x_wconf 89' lang='lat' dir='ltr'><strong>adoptati,</strong></span> <span class='ocrx_word' id='word_1_117' title='bbox 1603 985 1696 1040; x_wconf 83' lang='lat' dir='ltr'><strong>lilii</strong></span> <span class='ocrx_word' id='word_1_118' title='bbox 1764 986 1977 1056; x_wconf 80' lang='lat' dir='ltr'><strong>adaptiv</strong></span> 
     </span>
    </p>
   </div>
   <div class='ocr_carea' id='block_1_16' title="bbox 2139 981 3701 1056">
    <p class='ocr_par' dir='ltr' id='par_1_16' title="bbox 2139 981 3701 1052">
     <span class='ocr_line' id='line_1_16' title="bbox 2139 981 3701 1052; baseline 0.001 -19"><span class='ocrx_word' id='word_1_119' title='bbox 2139 981 2495 1052; x_wconf 81' lang='grc' dir='ltr'><strong>ίοθετούμενοι</strong></span> <span class='ocrx_word' id='word_1_120' title='bbox 2529 984 2636 1036; x_wconf 86' lang='grc' dir='ltr'><strong>ἀπὸ</strong></span> <span class='ocrx_word' id='word_1_121' title='bbox 2661 983 2754 1036; x_wconf 80' lang='grc' dir='ltr'><strong>τοῦ</strong></span> <span class='ocrx_word' id='word_1_122' title='bbox 2784 981 3037 1052; x_wconf 81' lang='grc' dir='ltr'><strong>ἀληθινοῦ</strong></span> <span class='ocrx_word' id='word_1_123' title='bbox 3073 982 3228 1049; x_wconf 86' lang='grc' dir='ltr'>Θεοῦ,</span> <span class='ocrx_word' id='word_1_124' title='bbox 3265 983 3372 1034; x_wconf 74' lang='grc' dir='ltr'><strong>υἱοὶ</strong></span> <span class='ocrx_word' id='word_1_125' title='bbox 3397 982 3555 1035; x_wconf 69' lang='grc' dir='ltr'><strong>θετοὶ</strong></span> <span class='ocrx_word' id='word_1_126' title='bbox 3576 982 3701 1052; x_wconf 79' lang='grc'><strong>(29)</strong></span> 
     </span>
    </p>
   </div>
   <div class='ocr_carea' id='block_1_17' title="bbox 417 1072 1979 1146">
    <p class='ocr_par' dir='ltr' id='par_1_17' title="bbox 417 1074 1979 1145">
     <span class='ocr_line' id='line_1_17' title="bbox 417 1074 1979 1145; baseline 0.003 -19"><span class='ocrx_word' id='word_1_127' title='bbox 417 1089 525 1128; x_wconf 86' lang='lat' dir='ltr'><strong>non</strong></span> <span class='ocrx_word' id='word_1_128' title='bbox 573 1083 702 1128; x_wconf 88' lang='lat' dir='ltr'><strong>sunt</strong></span> <span class='ocrx_word' id='word_1_129' title='bbox 731 1076 867 1130; x_wconf 84' lang='lat' dir='ltr'><strong>veri.</strong></span> <span class='ocrx_word' id='word_1_130' title='bbox 905 1074 1043 1129; x_wconf 83' lang='lat' dir='ltr'><strong>Nam</strong></span> <span class='ocrx_word' id='word_1_131' title='bbox 1078 1090 1106 1128; x_wconf 91' lang='lat' dir='ltr'><strong>a</strong></span> <span class='ocrx_word' id='word_1_132' title='bbox 1139 1085 1331 1130; x_wconf 90' lang='lat' dir='ltr'><strong>natura</strong></span> <span class='ocrx_word' id='word_1_133' title='bbox 1364 1085 1419 1130; x_wconf 90' lang='lat' dir='ltr'><strong>et</strong></span> <span class='ocrx_word' id='word_1_134' title='bbox 1445 1075 1677 1130; x_wconf 81' lang='lat' dir='ltr'><strong>veritate</strong></span> <span class='ocrx_word' id='word_1_135' title='bbox 1717 1091 1802 1130; x_wconf 89' lang='lat' dir='ltr'><strong>res</strong></span> <span class='ocrx_word' id='word_1_136' title='bbox 1835 1076 1979 1145; x_wconf 82' lang='lat' dir='ltr'><strong>proli</strong></span> 
     </span>
    </p>
   </div>
   <div class='ocr_carea' id='block_1_18' title="bbox 2142 1072 3704 1146">
    <p class='ocr_par' dir='ltr' id='par_1_18' title="bbox 2142 1072 3704 1146">
     <span class='ocr_line' id='line_1_18' title="bbox 2142 1072 3704 1146; baseline 0.001 -22"><span class='ocrx_word' id='word_1_137' title='bbox 2142 1072 2196 1124; x_wconf 76' lang='lat' dir='ltr'><strong>ai.</strong></span> <span class='ocrx_word' id='word_1_138' title='bbox 2231 1072 2304 1144; x_wconf 81' lang='grc' dir='ltr'><strong>μὴ</strong></span> <span class='ocrx_word' id='word_1_139' title='bbox 2354 1072 2618 1144; x_wconf 85' lang='grc' dir='ltr'><strong>ἀληθινοί.</strong></span> <span class='ocrx_word' id='word_1_140' title='bbox 2663 1073 2794 1125; x_wconf 75' lang='grc' dir='ltr'><strong>Ἀπὸ</strong></span> <span class='ocrx_word' id='word_1_141' title='bbox 2826 1074 2933 1146; x_wconf 82' lang='grc' dir='ltr'><strong>γάρ</strong></span> <span class='ocrx_word' id='word_1_142' title='bbox 2963 1073 3177 1142; x_wconf 80' lang='grc' dir='ltr'><strong>φύσεως</strong></span> <span class='ocrx_word' id='word_1_143' title='bbox 3204 1074 3298 1126; x_wconf 75' lang='grc' dir='ltr'><strong>καὶ</strong></span> <span class='ocrx_word' id='word_1_144' title='bbox 3319 1073 3586 1144; x_wconf 76' lang='grc' dir='ltr'><strong>ἀληθείας</strong></span> <span class='ocrx_word' id='word_1_145' title='bbox 3608 1076 3704 1144; x_wconf 84' lang='grc' dir='ltr'><strong>ὁρ-</strong></span> 
     </span>
    </p>
   </div>
   <div class='ocr_carea' id='block_1_19' title="bbox 421 1165 1983 1236">
    <p class='ocr_par' dir='ltr' id='par_1_19' title="bbox 421 1165 1983 1236">
     <span class='ocr_line' id='line_1_19' title="bbox 421 1165 1983 1236; baseline 0.003 -20"><span class='ocrx_word' id='word_1_146' title='bbox 421 1165 721 1220; x_wconf 89' lang='lat' dir='ltr'><strong>ciseuntur.</strong></span> <span class='ocrx_word' id='word_1_147' title='bbox 764 1166 918 1232; x_wconf 85' lang='lat' dir='ltr'><strong>Quod</strong></span> <span class='ocrx_word' id='word_1_148' title='bbox 965 1169 1009 1221; x_wconf 90' lang='lat' dir='ltr'><strong>si</strong></span> <span class='ocrx_word' id='word_1_149' title='bbox 1064 1168 1110 1222; x_wconf 91' lang='lat' dir='ltr'><strong>is</strong></span> <span class='ocrx_word' id='word_1_150' title='bbox 1155 1168 1247 1236; x_wconf 85' lang='lat' dir='ltr'><strong>qui</strong></span> <span class='ocrx_word' id='word_1_151' title='bbox 1301 1178 1493 1222; x_wconf 88' lang='lat' dir='ltr'><strong>natura</strong></span> <span class='ocrx_word' id='word_1_152' title='bbox 1545 1168 1903 1222; x_wconf 84' lang='lat' dir='ltr'><strong>essentialiter</strong></span> <span class='ocrx_word' id='word_1_153' title='bbox 1931 1183 1983 1224; x_wconf 67' lang='lat' dir='ltr'><strong>ea</strong></span> 
     </span>
    </p>
   </div>
   <div class='ocr_carea' id='block_1_20' title="bbox 2141 1165 3703 1236">
    <p class='ocr_par' dir='ltr' id='par_1_20' title="bbox 2141 1165 3703 1236">
     <span class='ocr_line' id='line_1_20' title="bbox 2141 1165 3703 1236; baseline 0.003 -21"><span class='ocrx_word' id='word_1_154' title='bbox 2141 1165 2270 1216; x_wconf 81' lang='grc' dir='ltr'><strong>,ἆται</strong></span> <span class='ocrx_word' id='word_1_155' title='bbox 2299 1165 2367 1216; x_wconf 87' lang='grc' dir='ltr'><strong>τά</strong></span> <span class='ocrx_word' id='word_1_156' title='bbox 2402 1166 2726 1236; x_wconf 87' lang='grc' dir='ltr'><strong>πράγματα.</strong></span> <span class='ocrx_word' id='word_1_157' title='bbox 2758 1167 2819 1219; x_wconf 82' lang='grc' dir='ltr'><strong>Εἰ</strong></span> <span class='ocrx_word' id='word_1_158' title='bbox 2847 1166 2902 1218; x_wconf 83' lang='grc' dir='ltr'><strong>δὲ</strong></span> <span class='ocrx_word' id='word_1_159' title='bbox 2945 1168 2974 1218; x_wconf 84' lang='grc' dir='ltr'>ὁ</span> <span class='ocrx_word' id='word_1_160' title='bbox 3005 1165 3163 1235; x_wconf 76' lang='grc' dir='ltr'><strong>φύσει</strong></span> <span class='ocrx_word' id='word_1_161' title='bbox 3205 1165 3482 1229; x_wconf 77' lang='grc' dir='ltr'><strong>οὖσιωδῶς</strong></span> <span class='ocrx_word' id='word_1_162' title='bbox 3517 1166 3576 1232; x_wconf 78' lang='grc' dir='ltr'>ἐξ</span> <span class='ocrx_word' id='word_1_163' title='bbox 3598 1168 3703 1220; x_wconf 72' lang='grc' dir='ltr'><strong>αὺ-</strong></span> 
     </span>
    </p>
   </div>
   <div class='ocr_carea' id='block_1_21' title="bbox 416 1255 1978 1328">
    <p class='ocr_par' dir='ltr' id='par_1_21' title="bbox 416 1255 1978 1326">
     <span class='ocr_line' id='line_1_21' title="bbox 416 1255 1978 1326; baseline -0.001 -15"><span class='ocrx_word' id='word_1_164' title='bbox 416 1255 537 1326; x_wconf 88' lang='lat' dir='ltr'><strong>ipso</strong></span> <span class='ocrx_word' id='word_1_165' title='bbox 577 1258 792 1326; x_wconf 77' lang='lat' dir='ltr'><strong>genitus</strong></span> <span class='ocrx_word' id='word_1_166' title='bbox 823 1267 927 1325; x_wconf 89' lang='lat' dir='ltr'><strong>est,</strong></span> <span class='ocrx_word' id='word_1_167' title='bbox 965 1258 1108 1312; x_wconf 88' lang='lat' dir='ltr'><strong>lilius</strong></span> <span class='ocrx_word' id='word_1_168' title='bbox 1151 1273 1259 1312; x_wconf 90' lang='lat' dir='ltr'><strong>non</strong></span> <span class='ocrx_word' id='word_1_169' title='bbox 1305 1269 1388 1313; x_wconf 89' lang='lat' dir='ltr'><strong>est</strong></span> <span class='ocrx_word' id='word_1_170' title='bbox 1436 1259 1729 1312; x_wconf 89' lang='lat' dir='ltr'><strong>secundum</strong></span> <span class='ocrx_word' id='word_1_171' title='bbox 1772 1259 1978 1312; x_wconf 88' lang='lat' dir='ltr'><strong>istorun</strong></span> 
     </span>
    </p>
   </div>
   <div class='ocr_carea' id='block_1_22' title="bbox 2139 1255 3701 1328">
    <p class='ocr_par' dir='ltr' id='par_1_22' title="bbox 2139 1255 3701 1328">
     <span class='ocr_line' id='line_1_22' title="bbox 2139 1255 3701 1328; baseline 0.002 -22"><span class='ocrx_word' id='word_1_172' title='bbox 2139 1255 2194 1307; x_wconf 91' lang='grc' dir='ltr'><strong>οῦ</strong></span> <span class='ocrx_word' id='word_1_173' title='bbox 2240 1255 2522 1324; x_wconf 75' lang='grc' dir='ltr'><strong>γεννηθεὶς</strong></span> <span class='ocrx_word' id='word_1_174' title='bbox 2570 1259 2670 1310; x_wconf 79' lang='grc' dir='ltr'><strong>οὐκ</strong></span> <span class='ocrx_word' id='word_1_175' title='bbox 2704 1257 2820 1310; x_wconf 77' lang='grc' dir='ltr'><strong>ἔστι</strong></span> <span class='ocrx_word' id='word_1_176' title='bbox 2855 1258 2994 1311; x_wconf 88' lang='grc' dir='ltr'><strong>κατὰ</strong></span> <span class='ocrx_word' id='word_1_177' title='bbox 3034 1257 3134 1328; x_wconf 78' lang='grc' dir='ltr'><strong>τὴν</strong></span> <span class='ocrx_word' id='word_1_178' title='bbox 3162 1257 3268 1310; x_wconf 83' lang='grc' dir='ltr'><strong>τῶν</strong></span> <span class='ocrx_word' id='word_1_179' title='bbox 3311 1259 3701 1328; x_wconf 81' lang='grc' dir='ltr'><strong>ἀνομοιουσια-</strong></span> 
     </span>
    </p>
   </div>
   <div class='ocr_carea' id='block_1_23' title="bbox 416 1343 1978 1431">
    <p class='ocr_par' dir='ltr' id='par_1_23' title="bbox 416 1350 1978 1419">
     <span class='ocr_line' id='line_1_23' title="bbox 416 1350 1978 1419; baseline -0.001 -17"><span class='ocrx_word' id='word_1_180' title='bbox 416 1350 876 1418; x_wconf 85' lang='lat' dir='ltr'><strong>reprobationem,</strong></span> <span class='ocrx_word' id='word_1_181' title='bbox 909 1353 998 1419; x_wconf 87' lang='lat' dir='ltr'><strong>qui</strong></span> <span class='ocrx_word' id='word_1_182' title='bbox 1035 1351 1350 1406; x_wconf 87' lang='lat' dir='ltr'><strong>dissimilem</strong></span> <span class='ocrx_word' id='word_1_183' title='bbox 1398 1351 1753 1406; x_wconf 85' lang='lat' dir='ltr'><strong>substantiam</strong></span> <span class='ocrx_word' id='word_1_184' title='bbox 1797 1350 1978 1404; x_wconf 88' lang='lat' dir='ltr'><strong>dicunt</strong></span> 
     </span>
    </p>
   </div>
   <div class='ocr_carea' id='block_1_24' title="bbox 2138 1343 3700 1431">
    <p class='ocr_par' dir='ltr' id='par_1_24' title="bbox 2138 1343 3700 1418">
     <span class='ocr_line' id='line_1_24' title="bbox 2138 1343 3700 1418; baseline 0.003 -22"><span class='ocrx_word' id='word_1_185' title='bbox 2138 1343 2244 1398; x_wconf 84' lang='grc' dir='ltr'><strong>τῶν</strong></span> <span class='ocrx_word' id='word_1_186' title='bbox 2272 1343 2548 1414; x_wconf 78' lang='grc' dir='ltr'><strong>ἀθέτησιν,</strong></span> <span class='ocrx_word' id='word_1_187' title='bbox 2585 1345 2687 1398; x_wconf 86' lang='grc' dir='ltr'>ποῦ</span> <span class='ocrx_word' id='word_1_188' title='bbox 2713 1347 2762 1399; x_wconf 87' lang='lat' dir='ltr'><strong>ol</strong></span> <span class='ocrx_word' id='word_1_189' title='bbox 2787 1346 2933 1400; x_wconf 84' lang='grc' dir='ltr'>θέσει</span> <span class='ocrx_word' id='word_1_190' title='bbox 2963 1346 3385 1418; x_wconf 78' lang='grc' dir='ltr'><strong>εὑρεθήσονται;</strong></span> <span class='ocrx_word' id='word_1_191' title='bbox 3426 1347 3596 1399; x_wconf 75' lang='grc' dir='ltr'><strong>Ἀλλὰ</strong></span> <span class='ocrx_word' id='word_1_192' title='bbox 3623 1348 3700 1400; x_wconf 78' lang='grc' dir='ltr'><strong>τὰ</strong></span> 
     </span>
    </p>
   </div>
   <div class='ocr_carea' id='block_1_25' title="bbox 419 1436 1981 1513">
    <p class='ocr_par' dir='ltr' id='par_1_25' title="bbox 419 1440 1981 1513">
     <span class='ocr_line' id='line_1_25' title="bbox 419 1440 1981 1513; baseline -0.001 -18"><span class='ocrx_word' id='word_1_193' title='bbox 419 1444 509 1496; x_wconf 85' lang='lat' dir='ltr'><strong>ubi</strong></span> <span class='ocrx_word' id='word_1_194' title='bbox 557 1443 650 1512; x_wconf 90' lang='lat' dir='ltr'><strong>qui</strong></span> <span class='ocrx_word' id='word_1_195' title='bbox 703 1443 991 1513; x_wconf 82' lang='lat' dir='ltr'><strong>adoptione</strong></span> <span class='ocrx_word' id='word_1_196' title='bbox 1037 1443 1130 1498; x_wconf 82' lang='lat' dir='ltr'><strong>lilii</strong></span> <span class='ocrx_word' id='word_1_197' title='bbox 1177 1453 1303 1499; x_wconf 92' lang='lat' dir='ltr'><strong>sunt</strong></span> <span class='ocrx_word' id='word_1_198' title='bbox 1357 1442 1742 1497; x_wconf 79' lang='lat' dir='ltr'><strong>invenientur?</strong></span> <span class='ocrx_word' id='word_1_199' title='bbox 1786 1440 1893 1496; x_wconf 85' lang='lat' dir='ltr'><strong>Sed</strong></span> <span class='ocrx_word' id='word_1_200' title='bbox 1940 1456 1981 1495; x_wconf 91' lang='lat' dir='ltr'><strong>e:</strong></span> 
     </span>
    </p>
   </div>
   <div class='ocr_carea' id='block_1_26' title="bbox 2138 1436 3700 1513">
    <p class='ocr_par' dir='ltr' id='par_1_26' title="bbox 2138 1436 3700 1509">
     <span class='ocr_line' id='line_1_26' title="bbox 2138 1436 3700 1509; baseline 0.001 -21"><span class='ocrx_word' id='word_1_201' title='bbox 2138 1436 2661 1508; x_wconf 83' lang='grc' dir='ltr'><strong>νθρωπολογούμενα</strong></span> <span class='ocrx_word' id='word_1_202' title='bbox 2711 1440 2759 1490; x_wconf 92' lang='grc' dir='ltr'><strong>οἱ</strong></span> <span class='ocrx_word' id='word_1_203' title='bbox 2789 1438 3154 1508; x_wconf 83' lang='grc' dir='ltr'><strong>ἀμαθέστατοι</strong></span> <span class='ocrx_word' id='word_1_204' title='bbox 3203 1442 3270 1509; x_wconf 86' lang='grc' dir='ltr'><strong>τῇ</strong></span> <span class='ocrx_word' id='word_1_205' title='bbox 3301 1439 3521 1509; x_wconf 73' lang='grc' dir='ltr'><strong>θεότητι</strong></span> <span class='ocrx_word' id='word_1_206' title='bbox 3562 1439 3700 1492; x_wconf 82' lang='grc' dir='ltr'><strong>ἀσε-</strong></span> 
     </span>
    </p>
   </div>
   <div class='ocr_carea' id='block_1_27' title="bbox 419 1527 1981 1612">
    <p class='ocr_par' dir='ltr' id='par_1_27' title="bbox 419 1535 1981 1612">
     <span class='ocr_line' id='line_1_27' title="bbox 419 1535 1981 1612; baseline 0 -24"><span class='ocrx_word' id='word_1_207' title='bbox 419 1550 542 1601; x_wconf 73' lang='lat' dir='ltr'><strong>qua:</strong></span> <span class='ocrx_word' id='word_1_208' title='bbox 576 1537 814 1590; x_wconf 87' lang='lat' dir='ltr'><strong>humano</strong></span> <span class='ocrx_word' id='word_1_209' title='bbox 855 1551 1006 1591; x_wconf 88' lang='lat' dir='ltr'><strong>more</strong></span> <span class='ocrx_word' id='word_1_210' title='bbox 1039 1538 1316 1601; x_wconf 86' lang='lat' dir='ltr'><strong>dicuntur,</strong></span> <span class='ocrx_word' id='word_1_211' title='bbox 1349 1536 1742 1612; x_wconf 83' lang='lat' dir='ltr'><strong>imperitissimi</strong></span> <span class='ocrx_word' id='word_1_212' title='bbox 1779 1535 1854 1589; x_wconf 91' lang='lat' dir='ltr'><strong>illi</strong></span> <span class='ocrx_word' id='word_1_213' title='bbox 1895 1535 1981 1588; x_wconf 39' lang='lat' dir='ltr'><strong>im‘</strong></span> 
     </span>
    </p>
   </div>
   <div class='ocr_carea' id='block_1_28' title="bbox 2134 1527 3696 1612">
    <p class='ocr_par' dir='ltr' id='par_1_28' title="bbox 2138 1527 3696 1601">
     <span class='ocr_line' id='line_1_28' title="bbox 2138 1527 3696 1601; baseline 0.003 -24"><span class='ocrx_word' id='word_1_214' title='bbox 2138 1527 2210 1591; x_wconf 81' lang='grc' dir='ltr'><strong>ὦς</strong></span> <span class='ocrx_word' id='word_1_215' title='bbox 2239 1528 2633 1598; x_wconf 82' lang='grc' dir='ltr'><strong>προσάπτουσι,</strong></span> <span class='ocrx_word' id='word_1_216' title='bbox 2665 1530 2758 1582; x_wconf 76' lang='grc' dir='ltr'><strong>καὶ</strong></span> <span class='ocrx_word' id='word_1_217' title='bbox 2789 1529 2889 1592; x_wconf 82' lang='grc' dir='ltr'><strong>τὰς</strong></span> <span class='ocrx_word' id='word_1_218' title='bbox 2923 1529 3247 1600; x_wconf 79' lang='grc' dir='ltr'><strong>πολυμερῶς</strong></span> <span class='ocrx_word' id='word_1_219' title='bbox 3287 1531 3382 1582; x_wconf 76' lang='lat' dir='ltr'><strong>xui.</strong></span> <span class='ocrx_word' id='word_1_220' title='bbox 3415 1529 3696 1601; x_wconf 76' lang='grc' dir='ltr'><strong>πολυτρό-</strong></span> 
     </span>
    </p>
   </div>
   <div class='ocr_carea' id='block_1_29' title="bbox 417 1617 1979 1698">
    <p class='ocr_par' dir='ltr' id='par_1_29' title="bbox 417 1626 1975 1698">
     <span class='ocr_line' id='line_1_29' title="bbox 417 1626 1975 1698; baseline 0.001 -20"><span class='ocrx_word' id='word_1_221' title='bbox 417 1627 507 1694; x_wconf 83' lang='lat' dir='ltr'><strong>pie</strong></span> <span class='ocrx_word' id='word_1_222' title='bbox 531 1626 721 1682; x_wconf 90' lang='lat' dir='ltr'><strong>deitati</strong></span> <span class='ocrx_word' id='word_1_223' title='bbox 746 1627 1062 1693; x_wconf 88' lang='lat' dir='ltr'><strong>ascribunt;</strong></span> <span class='ocrx_word' id='word_1_224' title='bbox 1102 1628 1338 1698; x_wconf 89' lang='lat' dir='ltr'><strong>dumque</strong></span> <span class='ocrx_word' id='word_1_225' title='bbox 1373 1627 1688 1697; x_wconf 91' lang='lat' dir='ltr'><strong>Scripturas</strong></span> <span class='ocrx_word' id='word_1_226' title='bbox 1717 1643 1836 1697; x_wconf 74' lang='lat' dir='ltr'><strong>qua:</strong></span> <span class='ocrx_word' id='word_1_227' title='bbox 1862 1626 1975 1681; x_wconf 93' lang='lat' dir='ltr'><strong>mul</strong></span> 
     </span>
    </p>
   </div>
   <div class='ocr_carea' id='block_1_30' title="bbox 2133 1617 3695 1698">
    <p class='ocr_par' dir='ltr' id='par_1_30' title="bbox 2133 1617 3695 1692">
     <span class='ocr_line' id='line_1_30' title="bbox 2133 1617 3695 1692; baseline 0.003 -23"><span class='ocrx_word' id='word_1_228' title='bbox 2133 1617 2219 1680; x_wconf 72' lang='grc' dir='ltr'><strong>πῶς</strong></span> <span class='ocrx_word' id='word_1_229' title='bbox 2248 1618 2504 1690; x_wconf 72' lang='grc' dir='ltr'><strong>ῥηθείσας</strong></span> <span class='ocrx_word' id='word_1_230' title='bbox 2529 1620 2750 1690; x_wconf 79' lang='grc' dir='ltr'><strong>Γραφάς</strong></span> <span class='ocrx_word' id='word_1_231' title='bbox 2783 1621 3097 1692; x_wconf 85' lang='grc' dir='ltr'><strong>μονομερῶς</strong></span> <span class='ocrx_word' id='word_1_232' title='bbox 3134 1622 3572 1692; x_wconf 76' lang='grc' dir='ltr'><strong>ἐκλαμϐάνοντες</strong></span> <span class='ocrx_word' id='word_1_233' title='bbox 3597 1625 3695 1675; x_wconf 80' lang='grc' dir='ltr'><strong>πί-</strong></span> 
     </span>
    </p>
   </div>
   <div class='ocr_carea' id='block_1_31' title="bbox 417 1711 1979 1789">
    <p class='ocr_par' dir='ltr' id='par_1_31' title="bbox 417 1719 1979 1789">
     <span class='ocr_line' id='line_1_31' title="bbox 417 1719 1979 1789; baseline 0.002 -18"><span class='ocrx_word' id='word_1_234' title='bbox 417 1719 487 1771; x_wconf 88' lang='lat' dir='ltr'><strong>tis</strong></span> <span class='ocrx_word' id='word_1_235' title='bbox 520 1719 800 1787; x_wconf 84' lang='lat' dir='ltr'><strong>variisque</strong></span> <span class='ocrx_word' id='word_1_236' title='bbox 844 1719 1021 1776; x_wconf 91' lang='lat' dir='ltr'><strong>modis</strong></span> <span class='ocrx_word' id='word_1_237' title='bbox 1055 1729 1418 1789; x_wconf 77' lang='lat' dir='ltr'><strong>exponuntur,</strong></span> <span class='ocrx_word' id='word_1_238' title='bbox 1451 1735 1612 1774; x_wconf 89' lang='lat' dir='ltr'><strong>sensu</strong></span> <span class='ocrx_word' id='word_1_239' title='bbox 1654 1721 1812 1774; x_wconf 92' lang='lat' dir='ltr'><strong>unico</strong></span> <span class='ocrx_word' id='word_1_240' title='bbox 1852 1721 1979 1774; x_wconf 87' lang='lat' dir='ltr'><strong>acci-</strong></span> 
     </span>
    </p>
   </div>
   <div class='ocr_carea' id='block_1_32' title="bbox 2134 1711 3696 1789">
    <p class='ocr_par' dir='ltr' id='par_1_32' title="bbox 2134 1711 3696 1785">
     <span class='ocr_line' id='line_1_32' title="bbox 2134 1711 3696 1785; baseline 0.004 -23"><span class='ocrx_word' id='word_1_241' title='bbox 2134 1727 2346 1771; x_wconf 76' lang='grc' dir='ltr'><strong>ῑτουσιν,</strong></span> <span class='ocrx_word' id='word_1_242' title='bbox 2370 1711 2680 1781; x_wconf 81' lang='grc' dir='ltr'><strong>ὁδηγεῖσθαι</strong></span> <span class='ocrx_word' id='word_1_243' title='bbox 2716 1712 2896 1776; x_wconf 86' lang='grc' dir='ltr'><strong>καλῶς</strong></span> <span class='ocrx_word' id='word_1_244' title='bbox 2923 1714 3024 1767; x_wconf 82' lang='grc' dir='ltr'><strong>οὐκ</strong></span> <span class='ocrx_word' id='word_1_245' title='bbox 3055 1715 3395 1785; x_wconf 79' lang='grc' dir='ltr'><strong>ἀνεχόμενοι.</strong></span> <span class='ocrx_word' id='word_1_246' title='bbox 3441 1717 3696 1770; x_wconf 75' lang='grc' dir='ltr'><strong>Εὐθεῖαι</strong></span> 
     </span>
    </p>
   </div>
   <div class='ocr_carea' id='block_1_33' title="bbox 417 1777 1979 1881">
    <p class='ocr_par' dir='ltr' id='par_1_33' title="bbox 417 1809 1979 1881">
     <span class='ocr_line' id='line_1_33' title="bbox 417 1809 1979 1881; baseline 0.004 -21"><span class='ocrx_word' id='word_1_247' title='bbox 417 1809 592 1874; x_wconf 85' lang='lat' dir='ltr'><strong>piunt,</strong></span> <span class='ocrx_word' id='word_1_248' title='bbox 636 1809 916 1871; x_wconf 89' lang='lat' dir='ltr'><strong>labuntur.</strong></span> <span class='ocrx_word' id='word_1_249' title='bbox 963 1813 1108 1881; x_wconf 91' lang='lat' dir='ltr'><strong>quod</strong></span> <span class='ocrx_word' id='word_1_250' title='bbox 1154 1811 1276 1866; x_wconf 87' lang='lat' dir='ltr'><strong>duci</strong></span> <span class='ocrx_word' id='word_1_251' title='bbox 1331 1826 1392 1867; x_wconf 89' lang='lat' dir='ltr'><strong>se</strong></span> <span class='ocrx_word' id='word_1_252' title='bbox 1438 1824 1585 1867; x_wconf 88' lang='lat' dir='ltr'><strong>recte</strong></span> <span class='ocrx_word' id='word_1_253' title='bbox 1633 1830 1737 1868; x_wconf 90' lang='lat' dir='ltr'><strong>non</strong></span> <span class='ocrx_word' id='word_1_254' title='bbox 1788 1814 1979 1869; x_wconf 81' lang='lat' dir='ltr'><strong>sinant.</strong></span> 
     </span>
    </p>
   </div>
   <div class='ocr_carea' id='block_1_34' title="bbox 2134 1777 3696 1881">
    <p class='ocr_par' dir='ltr' id='par_1_34' title="bbox 2134 1777 3696 1877">
     <span class='ocr_line' id='line_1_34' title="bbox 2134 1777 3696 1877; baseline 0.005 -23"><span class='ocrx_word' id='word_1_255' title='bbox 2134 1801 2205 1868; x_wconf 82' lang='grc' dir='ltr'><strong>ὰρ</strong></span> <span class='ocrx_word' id='word_1_256' title='bbox 2241 1804 2298 1854; x_wconf 83' lang='grc' dir='ltr'><strong>αἱ</strong></span> <span class='ocrx_word' id='word_1_257' title='bbox 2323 1777 2461 1854; x_wconf 32' lang='grc' dir='ltr'><strong>ὁδοὶ-</strong></span> <span class='ocrx_word' id='word_1_258' title='bbox 2481 1777 2588 1856; x_wconf 71' lang='grc' dir='ltr'>τοῦ</span> <span class='ocrx_word' id='word_1_259' title='bbox 2616 1804 2862 1871; x_wconf 79' lang='grc' dir='ltr'><strong>Κυρίου,</strong></span> <span class='ocrx_word' id='word_1_260' title='bbox 2904 1805 3006 1858; x_wconf 71' lang='grc' dir='ltr'><strong>καὶ</strong></span> <span class='ocrx_word' id='word_1_261' title='bbox 3031 1777 3247 1860; x_wconf 54' lang='lat' dir='ltr'><strong>audio}</strong></span> <span class='ocrx_word' id='word_1_262' title='bbox 3281 1810 3696 1877; x_wconf 73' lang='grc' dir='ltr'><strong>πορεύσονται</strong></span> 
     </span>
    </p>
   </div>
   <div class='ocr_carea' id='block_1_35' title="bbox 414 1891 1976 1974">
    <p class='ocr_par' dir='ltr' id='par_1_35' title="bbox 414 1896 1976 1974">
     <span class='ocr_line' id='line_1_35' title="bbox 414 1896 1976 1974; baseline 0.005 -23"><span class='ocrx_word' id='word_1_263' title='bbox 414 1896 586 1952; x_wconf 65' lang='lat' dir='ltr'><strong>Recta:</strong></span> <span class='ocrx_word' id='word_1_264' title='bbox 614 1913 836 1968; x_wconf 80' lang='lat' dir='ltr'><strong>namque</strong></span> <span class='ocrx_word' id='word_1_265' title='bbox 869 1910 987 1953; x_wconf 82' lang='lat' dir='ltr'><strong>sunt</strong></span> <span class='ocrx_word' id='word_1_266' title='bbox 1035 1901 1132 1955; x_wconf 68' lang='lat' dir='ltr'><strong>vim</strong></span> <span class='ocrx_word' id='word_1_267' title='bbox 1178 1901 1410 1967; x_wconf 83' lang='lat' dir='ltr'><strong>Domini,</strong></span> <span class='ocrx_word' id='word_1_268' title='bbox 1437 1912 1486 1956; x_wconf 88' lang='lat' dir='ltr'><strong>et</strong></span> <span class='ocrx_word' id='word_1_269' title='bbox 1518 1906 1656 1974; x_wconf 80' lang='lat' dir='ltr'><strong>justi</strong></span> <span class='ocrx_word' id='word_1_270' title='bbox 1691 1907 1741 1958; x_wconf 88' lang='lat' dir='ltr'><strong>in</strong></span> <span class='ocrx_word' id='word_1_271' title='bbox 1772 1907 1846 1959; x_wconf 83' lang='lat' dir='ltr'><strong>eis</strong></span> <span class='ocrx_word' id='word_1_272' title='bbox 1879 1923 1976 1959; x_wconf 91' lang='lat' dir='ltr'><strong>am-</strong></span> 
     </span>
    </p>
   </div>
   <div class='ocr_carea' id='block_1_36' title="bbox 2135 1891 3697 1974">
    <p class='ocr_par' dir='ltr' id='par_1_36' title="bbox 2135 1893 3697 1968">
     <span class='ocr_line' id='line_1_36' title="bbox 2135 1893 3697 1968; baseline 0.008 -27"><span class='ocrx_word' id='word_1_273' title='bbox 2135 1909 2160 1941; x_wconf 72' lang='grc' dir='ltr'><strong>ν</strong></span> <span class='ocrx_word' id='word_1_274' title='bbox 2178 1893 2387 1959; x_wconf 80' lang='grc' dir='ltr'><strong>αὑταῖς</strong></span> <span class='ocrx_word' id='word_1_275' title='bbox 2407 1910 2422 1925; x_wconf 87' lang='grc'><strong>·</strong></span> <span class='ocrx_word' id='word_1_276' title='bbox 2450 1899 2504 1948; x_wconf 78' lang='grc' dir='ltr'><strong>οἱ</strong></span> <span class='ocrx_word' id='word_1_277' title='bbox 2536 1894 2604 1947; x_wconf 84' lang='grc' dir='ltr'><em>δὲ</em></span> <span class='ocrx_word' id='word_1_278' title='bbox 2632 1895 2957 1960; x_wconf 73' lang='grc' dir='ltr'><strong>ἀσεϐεῖςὲν</strong></span> <span class='ocrx_word' id='word_1_279' title='bbox 2975 1898 3105 1964; x_wconf 82' lang='grc' dir='ltr'><strong>ταῖς</strong></span> <span class='ocrx_word' id='word_1_280' title='bbox 3133 1900 3392 1965; x_wconf 83' lang='grc' dir='ltr'><strong>εὐθείαις</strong></span> <span class='ocrx_word' id='word_1_281' title='bbox 3421 1901 3697 1968; x_wconf 75' lang='grc' dir='ltr'><strong>προσκό-</strong></span> 
     </span>
    </p>
   </div>
   <div class='ocr_carea' id='block_1_37' title="bbox 414 1981 1976 2065">
    <p class='ocr_par' dir='ltr' id='par_1_37' title="bbox 414 1989 1976 2065">
     <span class='ocr_line' id='line_1_37' title="bbox 414 1989 1976 2065; baseline 0.007 -24"><span class='ocrx_word' id='word_1_282' title='bbox 414 1989 669 2044; x_wconf 78' lang='lat' dir='ltr'><strong>bulabunt</strong></span> <span class='ocrx_word' id='word_1_283' title='bbox 707 2005 726 2044; x_wconf 89' lang='lat'><strong><em>:</em></strong></span> <span class='ocrx_word' id='word_1_284' title='bbox 760 1991 909 2058; x_wconf 88' lang='lat' dir='ltr'><strong>impii</strong></span> <span class='ocrx_word' id='word_1_285' title='bbox 941 2007 1061 2046; x_wconf 86' lang='lat' dir='ltr'><strong>vero</strong></span> <span class='ocrx_word' id='word_1_286' title='bbox 1107 1993 1163 2046; x_wconf 87' lang='lat' dir='ltr'><strong>in</strong></span> <span class='ocrx_word' id='word_1_287' title='bbox 1209 1995 1304 2047; x_wconf 82' lang='lat' dir='ltr'><strong>viis</strong></span> <span class='ocrx_word' id='word_1_288' title='bbox 1335 1994 1510 2064; x_wconf 79' lang='lat' dir='ltr'><strong>planis</strong></span> <span class='ocrx_word' id='word_1_289' title='bbox 1557 1997 1890 2065; x_wconf 76' lang='lat' dir='ltr'><strong>offendunt’.</strong></span> <span class='ocrx_word' id='word_1_290' title='bbox 1926 1998 1976 2052; x_wconf 52' lang='lat' dir='ltr'><strong>Et</strong></span> 
     </span>
    </p>
   </div>
   <div class='ocr_carea' id='block_1_38' title="bbox 2130 1981 3692 2065">
    <p class='ocr_par' dir='ltr' id='par_1_38' title="bbox 2130 1981 3692 2063">
     <span class='ocr_line' id='line_1_38' title="bbox 2130 1981 3692 2063; baseline 0.004 -27"><span class='ocrx_word' id='word_1_291' title='bbox 2130 1999 2330 2038; x_wconf 75' lang='grc' dir='ltr'><strong>ττουσι.</strong></span> <span class='ocrx_word' id='word_1_292' title='bbox 2372 1986 2480 2038; x_wconf 72' lang='grc' dir='ltr'><strong>Καὶ</strong></span> <span class='ocrx_word' id='word_1_293' title='bbox 2513 1985 2574 2038; x_wconf 86' lang='grc' dir='ltr'><strong>τὸ</strong></span> <span class='ocrx_word' id='word_1_294' title='bbox 2610 1986 2816 2057; x_wconf 89' lang='grc' dir='ltr'><strong>θαῦμα,</strong></span> <span class='ocrx_word' id='word_1_295' title='bbox 2867 1987 2960 2057; x_wconf 81' lang='grc' dir='ltr'><strong>ἀφ’</strong></span> <span class='ocrx_word' id='word_1_296' title='bbox 3008 1981 3084 2042; x_wconf 82' lang='grc' dir='ltr'><strong>ὧν</strong></span> <span class='ocrx_word' id='word_1_297' title='bbox 3133 1989 3469 2057; x_wconf 75' lang='grc' dir='ltr'><strong>ὠφελοῦνται</strong></span> <span class='ocrx_word' id='word_1_298' title='bbox 3507 1993 3560 2043; x_wconf 82' lang='lat' dir='ltr'><strong>oi</strong></span> <span class='ocrx_word' id='word_1_299' title='bbox 3617 1995 3692 2063; x_wconf 75' lang='grc' dir='ltr'><strong>τῇ</strong></span> 
     </span>
    </p>
   </div>
   <div class='ocr_carea' id='block_1_39' title="bbox 413 2075 1975 2158">
    <p class='ocr_par' dir='ltr' id='par_1_39' title="bbox 413 2081 1968 2158">
     <span class='ocr_line' id='line_1_39' title="bbox 413 2081 1968 2158; baseline 0.005 -24"><span class='ocrx_word' id='word_1_300' title='bbox 413 2081 559 2150; x_wconf 87' lang='lat' dir='ltr'><strong>quod</strong></span> <span class='ocrx_word' id='word_1_301' title='bbox 595 2082 794 2136; x_wconf 88' lang='lat' dir='ltr'><strong>mirum</strong></span> <span class='ocrx_word' id='word_1_302' title='bbox 825 2091 932 2150; x_wconf 89' lang='lat' dir='ltr'><strong>est,</strong></span> <span class='ocrx_word' id='word_1_303' title='bbox 969 2099 1037 2139; x_wconf 80' lang='lat' dir='ltr'><strong>ex</strong></span> <span class='ocrx_word' id='word_1_304' title='bbox 1081 2085 1276 2153; x_wconf 90' lang='lat' dir='ltr'><strong>quibus</strong></span> <span class='ocrx_word' id='word_1_305' title='bbox 1326 2086 1615 2140; x_wconf 84' lang='lat' dir='ltr'><strong>utilitatem</strong></span> <span class='ocrx_word' id='word_1_306' title='bbox 1654 2091 1872 2154; x_wconf 86' lang='lat' dir='ltr'><strong>capiunt</strong></span> <span class='ocrx_word' id='word_1_307' title='bbox 1899 2105 1968 2158; x_wconf 92' lang='lat' dir='ltr'><strong>qu</strong></span> 
     </span>
    </p>
   </div>
   <div class='ocr_carea' id='block_1_40' title="bbox 2130 2075 3692 2158">
    <p class='ocr_par' dir='ltr' id='par_1_40' title="bbox 2130 2075 3692 2150">
     <span class='ocr_line' id='line_1_40' title="bbox 2130 2075 3692 2150; baseline 0.005 -23"><span class='ocrx_word' id='word_1_308' title='bbox 2130 2075 2270 2128; x_wconf 76' lang='grc' dir='ltr'><strong>’ίστει</strong></span> <span class='ocrx_word' id='word_1_309' title='bbox 2307 2077 2660 2144; x_wconf 81' lang='grc' dir='ltr'><strong>ὑγιαίνοντες,</strong></span> <span class='ocrx_word' id='word_1_310' title='bbox 2720 2078 2828 2132; x_wconf 83' lang='grc' dir='ltr'><strong>ἀπὸ</strong></span> <span class='ocrx_word' id='word_1_311' title='bbox 2884 2080 3088 2132; x_wconf 88' lang='grc' dir='ltr'><strong>τούτων</strong></span> <span class='ocrx_word' id='word_1_312' title='bbox 3141 2079 3468 2150; x_wconf 79' lang='grc' dir='ltr'><strong>βλάπτονται</strong></span> <span class='ocrx_word' id='word_1_313' title='bbox 3505 2085 3557 2135; x_wconf 84' lang='grc' dir='ltr'><strong>οί</strong></span> <span class='ocrx_word' id='word_1_314' title='bbox 3598 2100 3692 2135; x_wconf 86' lang='grc' dir='ltr'><strong>νο-</strong></span> 
     </span>
    </p>
   </div>
   <div class='ocr_carea' id='block_1_41' title="bbox 415 2165 1977 2248">
    <p class='ocr_par' dir='ltr' id='par_1_41' title="bbox 415 2169 1977 2248">
     <span class='ocr_line' id='line_1_41' title="bbox 415 2169 1977 2248; baseline 0.005 -25"><span class='ocrx_word' id='word_1_315' title='bbox 415 2169 521 2224; x_wconf 78' lang='lat' dir='ltr'><strong>ﬁde</strong></span> <span class='ocrx_word' id='word_1_316' title='bbox 563 2172 679 2226; x_wconf 88' lang='lat' dir='ltr'><strong>sani</strong></span> <span class='ocrx_word' id='word_1_317' title='bbox 715 2182 863 2237; x_wconf 89' lang='lat' dir='ltr'><strong>sunt,</strong></span> <span class='ocrx_word' id='word_1_318' title='bbox 895 2187 956 2227; x_wconf 87' lang='lat' dir='ltr'><strong>ea</strong></span> <span class='ocrx_word' id='word_1_319' title='bbox 990 2175 1058 2228; x_wconf 89' lang='lat' dir='ltr'><strong>iis</strong></span> <span class='ocrx_word' id='word_1_320' title='bbox 1099 2183 1316 2239; x_wconf 86' lang='lat' dir='ltr'><strong>nocent,</strong></span> <span class='ocrx_word' id='word_1_321' title='bbox 1345 2176 1458 2244; x_wconf 86' lang='lat' dir='ltr'><strong>qui,</strong></span> <span class='ocrx_word' id='word_1_322' title='bbox 1491 2185 1549 2230; x_wconf 90' lang='lat' dir='ltr'><strong>ut</strong></span> <span class='ocrx_word' id='word_1_323' title='bbox 1588 2176 1722 2231; x_wconf 82' lang='lat' dir='ltr'><strong>dixit</strong></span> <span class='ocrx_word' id='word_1_324' title='bbox 1757 2179 1977 2248; x_wconf 81' lang='lat' dir='ltr'><strong>Aposto-</strong></span> 
     </span>
    </p>
   </div>
   <div class='ocr_carea' id='block_1_42' title="bbox 2131 2165 3693 2248">
    <p class='ocr_par' dir='ltr' id='par_1_42' title="bbox 2131 2165 3693 2242">
     <span class='ocr_line' id='line_1_42' title="bbox 2131 2165 3693 2242; baseline 0.004 -24"><span class='ocrx_word' id='word_1_325' title='bbox 2131 2166 2312 2231; x_wconf 77' lang='grc' dir='ltr'><strong>οῦντες</strong></span> <span class='ocrx_word' id='word_1_326' title='bbox 2336 2167 2464 2238; x_wconf 72' lang='grc' dir='ltr'><strong>περὶ</strong></span> <span class='ocrx_word' id='word_1_327' title='bbox 2496 2165 2753 2238; x_wconf 80' lang='grc' dir='ltr'><strong>ζητήσεις</strong></span> <span class='ocrx_word' id='word_1_328' title='bbox 2792 2169 2885 2221; x_wconf 77' lang='grc' dir='ltr'><strong>καὶ</strong></span> <span class='ocrx_word' id='word_1_329' title='bbox 2917 2169 3250 2240; x_wconf 80' lang='grc' dir='ltr'><strong>λογομαχίας</strong></span> <span class='ocrx_word' id='word_1_330' title='bbox 3274 2171 3474 2242; x_wconf 77' lang='grc' dir='ltr'><strong>ἀργὰς,</strong></span> <span class='ocrx_word' id='word_1_331' title='bbox 3502 2171 3583 2236; x_wconf 81' lang='grc' dir='ltr'><strong>ὡς</strong></span> <span class='ocrx_word' id='word_1_332' title='bbox 3605 2168 3693 2225; x_wconf 75' lang='grc' dir='ltr'><strong>εἷο</strong></span> 
     </span>
    </p>
   </div>
   <div class='ocr_carea' id='block_1_43' title="bbox 415 2258 1977 2340">
    <p class='ocr_par' dir='ltr' id='par_1_43' title="bbox 415 2261 1977 2340">
     <span class='ocr_line' id='line_1_43' title="bbox 415 2261 1977 2340; baseline 0.006 -24"><span class='ocrx_word' id='word_1_333' title='bbox 415 2265 500 2321; x_wconf 90' lang='lat' dir='ltr'><strong>lus</strong></span> <span class='ocrx_word' id='word_1_334' title='bbox 525 2261 568 2330; x_wconf 77' lang='grc'><strong>⁸,</strong></span> <span class='ocrx_word' id='word_1_335' title='bbox 624 2266 771 2322; x_wconf 90' lang='lat' dir='ltr'><strong>circa</strong></span> <span class='ocrx_word' id='word_1_336' title='bbox 821 2269 1148 2338; x_wconf 70' lang='lat' dir='ltr'><strong>quaestiones</strong></span> <span class='ocrx_word' id='word_1_337' title='bbox 1196 2269 1524 2340; x_wconf 90' lang='lat' dir='ltr'><strong>inutilesque</strong></span> <span class='ocrx_word' id='word_1_338' title='bbox 1572 2272 1977 2340; x_wconf 80' lang='lat' dir='ltr'><strong>disputationum</strong></span> 
     </span>
    </p>
   </div>
   <div class='ocr_carea' id='block_1_44' title="bbox 2126 2258 3688 2340">
    <p class='ocr_par' dir='ltr' id='par_1_44' title="bbox 2126 2258 3688 2332">
     <span class='ocr_line' id='line_1_44' title="bbox 2126 2258 3688 2332; baseline 0.005 -23"><span class='ocrx_word' id='word_1_339' title='bbox 2126 2274 2192 2310; x_wconf 78' lang='grc' dir='ltr'><strong>τεν</strong></span> <span class='ocrx_word' id='word_1_340' title='bbox 2219 2260 2248 2311; x_wconf 84' lang='grc' dir='ltr'>ὁ</span> <span class='ocrx_word' id='word_1_341' title='bbox 2286 2258 2624 2321; x_wconf 82' lang='grc' dir='ltr'><strong>Ἀπόστολος.</strong></span> <span class='ocrx_word' id='word_1_342' title='bbox 2659 2260 2781 2312; x_wconf 87' lang='grc' dir='ltr'><strong>Ὅτι</strong></span> <span class='ocrx_word' id='word_1_343' title='bbox 2810 2259 2866 2312; x_wconf 82' lang='grc' dir='ltr'><strong>δὲ</strong></span> <span class='ocrx_word' id='word_1_344' title='bbox 2889 2260 3066 2330; x_wconf 77' lang='grc' dir='ltr'>ψυχῆς</span> <span class='ocrx_word' id='word_1_345' title='bbox 3093 2263 3307 2332; x_wconf 84' lang='grc' dir='ltr'><strong>νόσημά</strong></span> <span class='ocrx_word' id='word_1_346' title='bbox 3329 2265 3450 2316; x_wconf 83' lang='grc' dir='ltr'><strong>ὲστι</strong></span> <span class='ocrx_word' id='word_1_347' title='bbox 3479 2264 3548 2316; x_wconf 73' lang='grc' dir='ltr'><strong>τὸ</strong></span> <span class='ocrx_word' id='word_1_348' title='bbox 3573 2281 3688 2317; x_wconf 79' lang='grc' dir='ltr'><strong>κα-</strong></span> 
     </span>
    </p>
   </div>
   <div class='ocr_carea' id='block_1_45' title="bbox 415 2348 1977 2427">
    <p class='ocr_par' dir='ltr' id='par_1_45' title="bbox 415 2357 1977 2427">
     <span class='ocr_line' id='line_1_45' title="bbox 415 2357 1977 2427; baseline 0.006 -18"><span class='ocrx_word' id='word_1_349' title='bbox 415 2367 625 2427; x_wconf 74' lang='lat' dir='ltr'><strong>pugnas</strong></span> <span class='ocrx_word' id='word_1_350' title='bbox 665 2357 1030 2412; x_wconf 86' lang='lat' dir='ltr'><strong>inlirmantur.</strong></span> <span class='ocrx_word' id='word_1_351' title='bbox 1063 2358 1256 2412; x_wconf 82' lang='lat' dir='ltr'><strong>Malam</strong></span> <span class='ocrx_word' id='word_1_352' title='bbox 1287 2370 1466 2414; x_wconf 89' lang='lat' dir='ltr'><strong>autem</strong></span> <span class='ocrx_word' id='word_1_353' title='bbox 1510 2377 1574 2414; x_wconf 89' lang='lat' dir='ltr'><strong>ac</strong></span> <span class='ocrx_word' id='word_1_354' title='bbox 1617 2365 1884 2416; x_wconf 80' lang='lat' dir='ltr'><strong>curiosum</strong></span> <span class='ocrx_word' id='word_1_355' title='bbox 1925 2366 1977 2420; x_wconf 69' lang='lat' dir='ltr'><strong>de</strong></span> 
     </span>
    </p>
   </div>
   <div class='ocr_carea' id='block_1_46' title="bbox 2129 2348 3691 2427">
    <p class='ocr_par' dir='ltr' id='par_1_46' title="bbox 2129 2348 3691 2423">
     <span class='ocr_line' id='line_1_46' title="bbox 2129 2348 3691 2423; baseline 0.006 -24"><span class='ocrx_word' id='word_1_356' title='bbox 2129 2348 2202 2412; x_wconf 84' lang='grc' dir='ltr'><strong>ὦς</strong></span> <span class='ocrx_word' id='word_1_357' title='bbox 2226 2349 2319 2400; x_wconf 74' lang='grc' dir='ltr'><strong>καὶ</strong></span> <span class='ocrx_word' id='word_1_358' title='bbox 2342 2349 2652 2421; x_wconf 79' lang='grc' dir='ltr'><strong>περιέργως</strong></span> <span class='ocrx_word' id='word_1_359' title='bbox 2695 2349 2877 2418; x_wconf 82' lang='grc' dir='ltr'><strong>ζητεῖν</strong></span> <span class='ocrx_word' id='word_1_360' title='bbox 2933 2351 3063 2422; x_wconf 74' lang='grc' dir='ltr'><strong>περὶ</strong></span> <span class='ocrx_word' id='word_1_361' title='bbox 3107 2350 3266 2414; x_wconf 87' lang='grc' dir='ltr'>Θεοῦ,</span> <span class='ocrx_word' id='word_1_362' title='bbox 3296 2357 3396 2405; x_wconf 78' lang='grc' dir='ltr'><strong>καὶ</strong></span> <span class='ocrx_word' id='word_1_363' title='bbox 3440 2354 3691 2423; x_wconf 78' lang='grc' dir='ltr'><strong>μάλιστα</strong></span> 
     </span>
    </p>
   </div>
   <div class='ocr_carea' id='block_1_47' title="bbox 417 2441 1979 2518">
    <p class='ocr_par' dir='ltr' id='par_1_47' title="bbox 417 2448 1979 2518">
     <span class='ocr_line' id='line_1_47' title="bbox 417 2448 1979 2518; baseline 0.006 -17"><span class='ocrx_word' id='word_1_364' title='bbox 417 2448 530 2502; x_wconf 88' lang='lat' dir='ltr'><strong>Deo</strong></span> <span class='ocrx_word' id='word_1_365' title='bbox 558 2449 910 2518; x_wconf 70' lang='lat' dir='ltr'><strong>quaestionem</strong></span> <span class='ocrx_word' id='word_1_366' title='bbox 955 2451 1202 2505; x_wconf 90' lang='lat' dir='ltr'><strong>morbum</strong></span> <span class='ocrx_word' id='word_1_367' title='bbox 1245 2453 1440 2507; x_wconf 67' lang='lat' dir='ltr'><strong>animae</strong></span> <span class='ocrx_word' id='word_1_368' title='bbox 1484 2469 1603 2508; x_wconf 89' lang='lat' dir='ltr'><strong>esse</strong></span> <span class='ocrx_word' id='word_1_369' title='bbox 1644 2457 1840 2508; x_wconf 82' lang='lat' dir='ltr'><strong>nemini</strong></span> <span class='ocrx_word' id='word_1_370' title='bbox 1879 2472 1979 2510; x_wconf 93' lang='lat' dir='ltr'><strong>non</strong></span> 
     </span>
    </p>
   </div>
   <div class='ocr_carea' id='block_1_48' title="bbox 2125 2441 3687 2518">
    <p class='ocr_par' dir='ltr' id='par_1_48' title="bbox 2125 2441 3687 2517">
     <span class='ocr_line' id='line_1_48' title="bbox 2125 2441 3687 2517; baseline 0.006 -27"><span class='ocrx_word' id='word_1_371' title='bbox 2125 2442 2231 2492; x_wconf 75' lang='grc' dir='ltr'><strong>ιετά</strong></span> <span class='ocrx_word' id='word_1_372' title='bbox 2269 2441 2548 2503; x_wconf 81' lang='grc' dir='ltr'><strong>ἀπιστίας,</strong></span> <span class='ocrx_word' id='word_1_373' title='bbox 2577 2442 2711 2493; x_wconf 82' lang='grc' dir='ltr'><strong>πᾶσι</strong></span> <span class='ocrx_word' id='word_1_374' title='bbox 2746 2442 2978 2512; x_wconf 76' lang='grc' dir='ltr'><strong>φανερόν</strong></span> <span class='ocrx_word' id='word_1_375' title='bbox 3009 2442 3143 2513; x_wconf 79' lang='lat'><strong>(30).</strong></span> <span class='ocrx_word' id='word_1_376' title='bbox 3176 2443 3239 2496; x_wconf 81' lang='lat' dir='ltr'><strong>Ei</strong></span> <span class='ocrx_word' id='word_1_377' title='bbox 3271 2444 3384 2516; x_wconf 84' lang='grc' dir='ltr'><strong>γάρ</strong></span> <span class='ocrx_word' id='word_1_378' title='bbox 3415 2446 3575 2516; x_wconf 85' lang='grc' dir='ltr'><strong>αὑτῷ</strong></span> <span class='ocrx_word' id='word_1_379' title='bbox 3605 2446 3687 2517; x_wconf 80' lang='grc' dir='ltr'><strong>τῷ</strong></span> 
     </span>
    </p>
   </div>
   <div class='ocr_carea' id='block_1_49' title="bbox 415 2531 1977 2608">
    <p class='ocr_par' dir='ltr' id='par_1_49' title="bbox 415 2543 1977 2608">
     <span class='ocr_line' id='line_1_49' title="bbox 415 2543 1977 2608; baseline 0.004 -15"><span class='ocrx_word' id='word_1_380' title='bbox 415 2550 758 2608; x_wconf 89' lang='lat' dir='ltr'><strong>perspectum</strong></span> <span class='ocrx_word' id='word_1_381' title='bbox 786 2549 890 2603; x_wconf 88' lang='lat' dir='ltr'><strong>est,</strong></span> <span class='ocrx_word' id='word_1_382' title='bbox 920 2549 974 2594; x_wconf 90' lang='lat' dir='ltr'><strong>et</strong></span> <span class='ocrx_word' id='word_1_383' title='bbox 1016 2543 1252 2597; x_wconf 81' lang='lat' dir='ltr'><strong>maxime</strong></span> <span class='ocrx_word' id='word_1_384' title='bbox 1293 2543 1337 2596; x_wconf 89' lang='lat' dir='ltr'><strong>si</strong></span> <span class='ocrx_word' id='word_1_385' title='bbox 1384 2544 1434 2596; x_wconf 92' lang='lat' dir='ltr'><strong>id</strong></span> <span class='ocrx_word' id='word_1_386' title='bbox 1470 2544 1563 2597; x_wconf 83' lang='lat' dir='ltr'><strong>iiat</strong></span> <span class='ocrx_word' id='word_1_387' title='bbox 1594 2547 1775 2599; x_wconf 89' lang='lat' dir='ltr'><strong>animo</strong></span> <span class='ocrx_word' id='word_1_388' title='bbox 1805 2547 1977 2601; x_wconf 91' lang='lat' dir='ltr'><strong>incre-</strong></span> 
     </span>
    </p>
   </div>
   <div class='ocr_carea' id='block_1_50' title="bbox 2130 2531 3692 2608">
    <p class='ocr_par' dir='ltr' id='par_1_50' title="bbox 2130 2531 3692 2604">
     <span class='ocr_line' id='line_1_50' title="bbox 2130 2531 3692 2604; baseline 0.006 -21"><span class='ocrx_word' id='word_1_389' title='bbox 2130 2531 2342 2603; x_wconf 62' lang='grc' dir='ltr'><strong>εαναγίῳ</strong></span> <span class='ocrx_word' id='word_1_390' title='bbox 2377 2531 2497 2602; x_wconf 83' lang='grc' dir='ltr'>Θεῷ</span> <span class='ocrx_word' id='word_1_391' title='bbox 2543 2532 2610 2585; x_wconf 89' lang='grc' dir='ltr'><strong>τά</strong></span> <span class='ocrx_word' id='word_1_392' title='bbox 2655 2534 2784 2604; x_wconf 73' lang='grc' dir='ltr'><strong>περὶ</strong></span> <span class='ocrx_word' id='word_1_393' title='bbox 2839 2533 3004 2587; x_wconf 83' lang='grc' dir='ltr'><strong>αὑτοῦ</strong></span> <span class='ocrx_word' id='word_1_394' title='bbox 3037 2536 3368 2590; x_wconf 80' lang='grc' dir='ltr'><strong>ἀπιστοῦσι·</strong></span> <span class='ocrx_word' id='word_1_395' title='bbox 3418 2539 3542 2602; x_wconf 83' lang='grc' dir='ltr'><strong>πῶς</strong></span> <span class='ocrx_word' id='word_1_396' title='bbox 3574 2540 3692 2592; x_wconf 78' lang='grc' dir='ltr'><strong>τῶν</strong></span> 
     </span>
    </p>
   </div>
   <div class='ocr_carea' id='block_1_51' title="bbox 415 2624 1977 2706">
    <p class='ocr_par' dir='ltr' id='par_1_51' title="bbox 415 2624 1977 2706">
     <span class='ocr_line' id='line_1_51' title="bbox 415 2624 1977 2706; baseline 0.007 -27"><span class='ocrx_word' id='word_1_397' title='bbox 415 2624 562 2682; x_wconf 91' lang='lat' dir='ltr'><strong>dulo.</strong></span> <span class='ocrx_word' id='word_1_398' title='bbox 596 2627 810 2683; x_wconf 89' lang='lat' dir='ltr'><strong>Etenim</strong></span> <span class='ocrx_word' id='word_1_399' title='bbox 848 2629 893 2683; x_wconf 84' lang='lat' dir='ltr'><strong>si</strong></span> <span class='ocrx_word' id='word_1_400' title='bbox 923 2629 1032 2684; x_wconf 89' lang='lat' dir='ltr'><strong>Deo</strong></span> <span class='ocrx_word' id='word_1_401' title='bbox 1069 2631 1170 2700; x_wconf 91' lang='lat' dir='ltr'><strong>ipsi</strong></span> <span class='ocrx_word' id='word_1_402' title='bbox 1208 2632 1574 2695; x_wconf 88' lang='lat' dir='ltr'><strong>sanctissimo,</strong></span> <span class='ocrx_word' id='word_1_403' title='bbox 1613 2649 1733 2687; x_wconf 88' lang='lat' dir='ltr'><strong>cum</strong></span> <span class='ocrx_word' id='word_1_404' title='bbox 1768 2650 1827 2689; x_wconf 87' lang='lat' dir='ltr'><strong>ea</strong></span> <span class='ocrx_word' id='word_1_405' title='bbox 1871 2651 1977 2706; x_wconf 78' lang='lat' dir='ltr'><strong>qua</strong></span> 
     </span>
    </p>
   </div>
   <div class='ocr_carea' id='block_1_52' title="bbox 2131 2624 3693 2706">
    <p class='ocr_par' dir='ltr' id='par_1_52' title="bbox 2131 2625 3693 2700">
     <span class='ocr_line' id='line_1_52' title="bbox 2131 2625 3693 2700; baseline 0.006 -24"><span class='ocrx_word' id='word_1_406' title='bbox 2131 2625 2386 2696; x_wconf 64' lang='grc' dir='ltr'><strong>’ροφητῶν</strong></span> <span class='ocrx_word' id='word_1_407' title='bbox 2417 2625 2579 2690; x_wconf 78' lang='grc' dir='ltr'>αὐτοῦ</span> <span class='ocrx_word' id='word_1_408' title='bbox 2614 2626 2723 2697; x_wconf 80' lang='grc'><strong>(51)</strong></span> <span class='ocrx_word' id='word_1_409' title='bbox 2760 2627 3129 2697; x_wconf 86' lang='grc' dir='ltr'><strong>ἦάποστόλων</strong></span> <span class='ocrx_word' id='word_1_410' title='bbox 3158 2630 3458 2694; x_wconf 78' lang='grc' dir='ltr'><strong>ἀκούσωσι,</strong></span> <span class='ocrx_word' id='word_1_411' title='bbox 3502 2631 3693 2700; x_wconf 62' lang='grc' dir='ltr'><strong>λεγόν.</strong></span> 
     </span>
    </p>
   </div>
   <div class='ocr_carea' id='block_1_53' title="bbox 417 2717 1979 2795">
    <p class='ocr_par' dir='ltr' id='par_1_53' title="bbox 417 2721 1979 2795">
     <span class='ocr_line' id='line_1_53' title="bbox 417 2721 1979 2795; baseline 0.007 -22"><span class='ocrx_word' id='word_1_412' title='bbox 417 2721 486 2774; x_wconf 86' lang='lat' dir='ltr'><strong>ad</strong></span> <span class='ocrx_word' id='word_1_413' title='bbox 543 2733 602 2776; x_wconf 85' lang='lat' dir='ltr'><strong>se</strong></span> <span class='ocrx_word' id='word_1_414' title='bbox 654 2730 926 2790; x_wconf 83' lang='lat' dir='ltr'><strong>spectant,</strong></span> <span class='ocrx_word' id='word_1_415' title='bbox 977 2731 1187 2789; x_wconf 84' lang='lat' dir='ltr'><strong>narrat,</strong></span> <span class='ocrx_word' id='word_1_416' title='bbox 1247 2738 1351 2777; x_wconf 89' lang='lat' dir='ltr'><strong>non</strong></span> <span class='ocrx_word' id='word_1_417' title='bbox 1409 2729 1673 2788; x_wconf 87' lang='lat' dir='ltr'><strong>credunt;</strong></span> <span class='ocrx_word' id='word_1_418' title='bbox 1721 2729 1979 2795; x_wconf 83' lang='lat' dir='ltr'><strong>quomodo</strong></span> 
     </span>
    </p>
   </div>
   <div class='ocr_carea' id='block_1_54' title="bbox 2129 2717 3691 2795">
    <p class='ocr_par' dir='ltr' id='par_1_54' title="bbox 2129 2717 3691 2790">
     <span class='ocr_line' id='line_1_54' title="bbox 2129 2717 3691 2790; baseline 0.005 -23"><span class='ocrx_word' id='word_1_419' title='bbox 2129 2733 2196 2767; x_wconf 82' lang='grc' dir='ltr'><strong>ων</strong></span> <span class='ocrx_word' id='word_1_420' title='bbox 2226 2719 2283 2768; x_wconf 83' lang='grc' dir='ltr'><strong>ἐν</strong></span> <span class='ocrx_word' id='word_1_421' title='bbox 2332 2717 2504 2779; x_wconf 83' lang='grc' dir='ltr'><strong>θείαις</strong></span> <span class='ocrx_word' id='word_1_422' title='bbox 2551 2718 2793 2790; x_wconf 65' lang='grc' dir='ltr'><strong>Γραφαῖς</strong></span> <span class='ocrx_word' id='word_1_423' title='bbox 2841 2718 2910 2771; x_wconf 90' lang='grc' dir='ltr'><strong>τά</strong></span> <span class='ocrx_word' id='word_1_424' title='bbox 2949 2720 3080 2789; x_wconf 76' lang='grc' dir='ltr'><strong>περὶ</strong></span> <span class='ocrx_word' id='word_1_425' title='bbox 3127 2720 3291 2774; x_wconf 81' lang='grc' dir='ltr'><strong>αὐτοῦ</strong></span> <span class='ocrx_word' id='word_1_426' title='bbox 3323 2722 3419 2774; x_wconf 85' lang='grc' dir='ltr'><strong>καὶ</strong></span> <span class='ocrx_word' id='word_1_427' title='bbox 3456 2723 3576 2775; x_wconf 80' lang='grc' dir='ltr'><strong>τῶν</strong></span> <span class='ocrx_word' id='word_1_428' title='bbox 3605 2727 3691 2786; x_wconf 74' lang='grc' dir='ltr'><strong>εἰς</strong></span> 
     </span>
    </p>
   </div>
   <div class='ocr_carea' id='block_1_55' title="bbox 417 2807 1979 2885">
    <p class='ocr_par' dir='ltr' id='par_1_55' title="bbox 417 2811 1979 2885">
     <span class='ocr_line' id='line_1_55' title="bbox 417 2811 1979 2885; baseline 0.006 -20"><span class='ocrx_word' id='word_1_429' title='bbox 417 2811 588 2880; x_wconf 79' lang='lat' dir='ltr'><strong>ipsius</strong></span> <span class='ocrx_word' id='word_1_430' title='bbox 633 2812 925 2882; x_wconf 81' lang='lat' dir='ltr'><strong>prophetas</strong></span> <span class='ocrx_word' id='word_1_431' title='bbox 974 2821 1068 2866; x_wconf 89' lang='lat' dir='ltr'><strong>attt</strong></span> <span class='ocrx_word' id='word_1_432' title='bbox 1115 2814 1386 2883; x_wconf 88' lang='lat' dir='ltr'><strong>apostolos</strong></span> <span class='ocrx_word' id='word_1_433' title='bbox 1435 2817 1835 2885; x_wconf 85' lang='lat' dir='ltr'><strong>auscultabunt,</strong></span> <span class='ocrx_word' id='word_1_434' title='bbox 1866 2835 1979 2874; x_wconf 90' lang='lat' dir='ltr'><strong>cum</strong></span> 
     </span>
    </p>
   </div>
   <div class='ocr_carea' id='block_1_56' title="bbox 2129 2807 3691 2885">
    <p class='ocr_par' dir='ltr' id='par_1_56' title="bbox 2129 2807 3691 2880">
     <span class='ocr_line' id='line_1_56' title="bbox 2129 2807 3691 2880; baseline 0.005 -22"><span class='ocrx_word' id='word_1_435' title='bbox 2129 2807 2250 2860; x_wconf 76' lang='grc' dir='ltr'><strong>ὺτὸν</strong></span> <span class='ocrx_word' id='word_1_436' title='bbox 2281 2807 2581 2878; x_wconf 81' lang='grc' dir='ltr'><strong>μελλόντων</strong></span> <span class='ocrx_word' id='word_1_437' title='bbox 2616 2809 2889 2874; x_wconf 79' lang='grc' dir='ltr'><strong>ὲλπίζειν;</strong></span> <span class='ocrx_word' id='word_1_438' title='bbox 2933 2812 3264 2866; x_wconf 79' lang='grc' dir='ltr'><strong>Πιστεῦσαι</strong></span> <span class='ocrx_word' id='word_1_439' title='bbox 3299 2812 3414 2880; x_wconf 70' lang='grc' dir='ltr'><strong>γὰρ</strong></span> <span class='ocrx_word' id='word_1_440' title='bbox 3448 2812 3549 2866; x_wconf 79' lang='grc' dir='ltr'><strong>δεῖ</strong></span> <span class='ocrx_word' id='word_1_441' title='bbox 3581 2815 3691 2866; x_wconf 70' lang='grc' dir='ltr'><strong>τὸν</strong></span> 
     </span>
    </p>
   </div>
   <div class='ocr_carea' id='block_1_57' title="bbox 417 2899 1979 2977">
    <p class='ocr_par' dir='ltr' id='par_1_57' title="bbox 417 2901 1979 2974">
     <span class='ocr_line' id='line_1_57' title="bbox 417 2901 1979 2974; baseline 0.007 -20"><span class='ocrx_word' id='word_1_442' title='bbox 417 2901 473 2954; x_wconf 87' lang='lat' dir='ltr'><strong>in</strong></span> <span class='ocrx_word' id='word_1_443' title='bbox 517 2901 713 2958; x_wconf 79' lang='lat' dir='ltr'><strong>divinis</strong></span> <span class='ocrx_word' id='word_1_444' title='bbox 753 2902 1055 2972; x_wconf 88' lang='lat' dir='ltr'><strong>Scripturis</strong></span> <span class='ocrx_word' id='word_1_445' title='bbox 1101 2903 1168 2957; x_wconf 91' lang='lat' dir='ltr'><strong>de</strong></span> <span class='ocrx_word' id='word_1_446' title='bbox 1209 2904 1345 2973; x_wconf 91' lang='lat' dir='ltr'><strong>ipso,</strong></span> <span class='ocrx_word' id='word_1_447' title='bbox 1373 2907 1547 2974; x_wconf 86' lang='lat' dir='ltr'><strong>deque</strong></span> <span class='ocrx_word' id='word_1_448' title='bbox 1589 2907 1897 2964; x_wconf 84' lang='lat' dir='ltr'><strong>hominibus</strong></span> <span class='ocrx_word' id='word_1_449' title='bbox 1933 2911 1979 2965; x_wconf 92' lang='lat' dir='ltr'><strong>in</strong></span> 
     </span>
    </p>
   </div>
   <div class='ocr_carea' id='block_1_58' title="bbox 2128 2899 3690 2977">
    <p class='ocr_par' dir='ltr' id='par_1_58' title="bbox 2128 2899 3690 2977">
     <span class='ocr_line' id='line_1_58' title="bbox 2128 2899 3690 2977; baseline 0.002 -23"><span class='ocrx_word' id='word_1_450' title='bbox 2128 2902 2577 2970; x_wconf 66' lang='grc' dir='ltr'><strong>Ῥοσερχόμενον</strong></span> <span class='ocrx_word' id='word_1_451' title='bbox 2609 2900 2688 2966; x_wconf 85' lang='grc' dir='ltr'><strong>τῷ</strong></span> <span class='ocrx_word' id='word_1_452' title='bbox 2719 2899 2860 2966; x_wconf 85' lang='grc' dir='ltr'>Θεῷ,</span> <span class='ocrx_word' id='word_1_453' title='bbox 2899 2901 2989 2956; x_wconf 82' lang='grc' dir='ltr'><strong>ὅτι</strong></span> <span class='ocrx_word' id='word_1_454' title='bbox 3035 2903 3188 2958; x_wconf 78' lang='grc' dir='ltr'><strong>ἔστι.</strong></span> <span class='ocrx_word' id='word_1_455' title='bbox 3224 2905 3565 2958; x_wconf 79' lang='grc' dir='ltr'><strong>Πιστεῦσαιο</strong></span> <span class='ocrx_word' id='word_1_456' title='bbox 3609 2907 3690 2977; x_wconf 71' lang='grc' dir='ltr'><strong>μή</strong></span> 
     </span>
    </p>
   </div>
   <div class='ocr_carea' id='block_1_59' title="bbox 417 2991 1979 3068">
    <p class='ocr_par' dir='ltr' id='par_1_59' title="bbox 417 2993 1979 3066">
     <span class='ocr_line' id='line_1_59' title="bbox 417 2993 1979 3066; baseline 0.004 -18"><span class='ocrx_word' id='word_1_457' title='bbox 417 3008 484 3048; x_wconf 83' lang='lat' dir='ltr'><strong>eo</strong></span> <span class='ocrx_word' id='word_1_458' title='bbox 519 3006 669 3063; x_wconf 90' lang='lat' dir='ltr'><strong>spem</strong></span> <span class='ocrx_word' id='word_1_459' title='bbox 706 2994 964 3063; x_wconf 90' lang='lat' dir='ltr'><strong>posituris</strong></span> <span class='ocrx_word' id='word_1_460' title='bbox 1015 2993 1347 3060; x_wconf 89' lang='lat' dir='ltr'><strong>loquuntur?</strong></span> <span class='ocrx_word' id='word_1_461' title='bbox 1381 2993 1521 3048; x_wconf 88' lang='lat' dir='ltr'><strong>Nam</strong></span> <span class='ocrx_word' id='word_1_462' title='bbox 1569 2999 1659 3066; x_wconf 81' lang='lat' dir='ltr'><strong>qui</strong></span> <span class='ocrx_word' id='word_1_463' title='bbox 1709 2999 1776 3051; x_wconf 87' lang='lat' dir='ltr'><strong>ad</strong></span> <span class='ocrx_word' id='word_1_464' title='bbox 1825 2999 1979 3054; x_wconf 84' lang='lat' dir='ltr'><strong>Deum</strong></span> 
     </span>
    </p>
   </div>
   <div class='ocr_carea' id='block_1_60' title="bbox 2124 2991 3686 3068">
    <p class='ocr_par' dir='ltr' id='par_1_60' title="bbox 2129 2991 3686 3068">
     <span class='ocr_line' id='line_1_60' title="bbox 2129 2991 3686 3068; baseline 0.004 -25"><span class='ocrx_word' id='word_1_465' title='bbox 2129 2991 2197 3061; x_wconf 75' lang='grc' dir='ltr'><strong>ἀρ</strong></span> <span class='ocrx_word' id='word_1_466' title='bbox 2222 2993 2466 3045; x_wconf 76' lang='grc' dir='ltr'><strong>ἀπίστως</strong></span> <span class='ocrx_word' id='word_1_467' title='bbox 2490 2992 2948 3065; x_wconf 76' lang='grc' dir='ltr'><strong>περιεργάζεσθαι</strong></span> <span class='ocrx_word' id='word_1_468' title='bbox 2981 2996 3010 3048; x_wconf 88' lang='grc' dir='ltr'><strong>ὃ</strong></span> <span class='ocrx_word' id='word_1_469' title='bbox 3041 2996 3092 3047; x_wconf 78' lang='grc' dir='ltr'><strong>τί</strong></span> <span class='ocrx_word' id='word_1_470' title='bbox 3121 2997 3268 3048; x_wconf 76' lang='grc' dir='ltr'><strong>ἐστιν</strong></span> <span class='ocrx_word' id='word_1_471' title='bbox 3287 3011 3302 3026; x_wconf 82' lang='lat'><strong><em>°</em></strong></span> <span class='ocrx_word' id='word_1_472' title='bbox 3336 2996 3413 3067; x_wconf 76' lang='grc' dir='ltr'><strong>μὴ</strong></span> <span class='ocrx_word' id='word_1_473' title='bbox 3435 2997 3551 3068; x_wconf 76' lang='grc' dir='ltr'><strong>γὰρ</strong></span> <span class='ocrx_word' id='word_1_474' title='bbox 3576 3001 3607 3050; x_wconf 82' lang='grc' dir='ltr'><strong>ὅ</strong></span> <span class='ocrx_word' id='word_1_475' title='bbox 3630 3013 3686 3050; x_wconf 84' lang='grc' dir='ltr'><strong>τι</strong></span> 
     </span>
    </p>
   </div>
   <div class='ocr_carea' id='block_1_61' title="bbox 417 3083 1979 3183">
    <p class='ocr_par' dir='ltr' id='par_1_61' title="bbox 417 3085 1979 3157">
     <span class='ocr_line' id='line_1_61' title="bbox 417 3085 1979 3157; baseline 0.006 -21"><span class='ocrx_word' id='word_1_476' title='bbox 417 3085 640 3151; x_wconf 82' lang='lat' dir='ltr'><strong>accedit,</strong></span> <span class='ocrx_word' id='word_1_477' title='bbox 676 3085 813 3139; x_wconf 80' lang='lat' dir='ltr'><strong>hunc</strong></span> <span class='ocrx_word' id='word_1_478' title='bbox 849 3085 1058 3139; x_wconf 85' lang='lat' dir='ltr'><strong>credere</strong></span> <span class='ocrx_word' id='word_1_479' title='bbox 1095 3096 1292 3153; x_wconf 78' lang='lat' dir='ltr'><strong>oportet</strong></span> <span class='ocrx_word' id='word_1_480' title='bbox 1321 3086 1485 3140; x_wconf 84' lang='lat' dir='ltr'><strong>Deum</strong></span> <span class='ocrx_word' id='word_1_481' title='bbox 1517 3105 1626 3141; x_wconf 82' lang='lat' dir='ltr'><strong>esse</strong></span> <span class='ocrx_word' id='word_1_482' title='bbox 1660 3090 1702 3141; x_wconf 82' lang='grc'><strong>⁵.</strong></span> <span class='ocrx_word' id='word_1_483' title='bbox 1734 3089 1979 3157; x_wconf 75' lang='lat' dir='ltr'><strong>Credere,</strong></span> 
     </span>
    </p>
   </div>
   <div class='ocr_carea' id='block_1_62' title="bbox 2119 3083 3681 3183">
    <p class='ocr_par' dir='ltr' id='par_1_62' title="bbox 2119 3083 3681 3158">
     <span class='ocr_line' id='line_1_62' title="bbox 2119 3083 3681 3158; baseline 0.004 -23"><span class='ocrx_word' id='word_1_484' title='bbox 2119 3085 2192 3136; x_wconf 81' lang='grc' dir='ltr'>ιὺκ</span> <span class='ocrx_word' id='word_1_485' title='bbox 2215 3084 2379 3139; x_wconf 79' lang='grc' dir='ltr'><strong>ἔστιν.</strong></span> <span class='ocrx_word' id='word_1_486' title='bbox 2420 3087 2486 3138; x_wconf 82' lang='grc' dir='ltr'>Ὅ</span> <span class='ocrx_word' id='word_1_487' title='bbox 2507 3086 2614 3157; x_wconf 87' lang='grc' dir='ltr'><strong>γάρ</strong></span> <span class='ocrx_word' id='word_1_488' title='bbox 2639 3087 2808 3150; x_wconf 74' lang='grc' dir='ltr'><strong>ἐστιν,</strong></span> <span class='ocrx_word' id='word_1_489' title='bbox 2839 3083 2926 3158; x_wconf 79' lang='grc' dir='ltr'><strong>ἦν,</strong></span> <span class='ocrx_word' id='word_1_490' title='bbox 2952 3090 3045 3142; x_wconf 75' lang='grc' dir='ltr'><strong>καὶ</strong></span> <span class='ocrx_word' id='word_1_491' title='bbox 3068 3089 3203 3152; x_wconf 75' lang='grc' dir='ltr'><strong>ἔστι,</strong></span> <span class='ocrx_word' id='word_1_492' title='bbox 3241 3092 3337 3142; x_wconf 74' lang='grc' dir='ltr'><strong>καὶ</strong></span> <span class='ocrx_word' id='word_1_493' title='bbox 3366 3089 3523 3144; x_wconf 73' lang='grc' dir='ltr'><strong>ἔσται</strong></span> <span class='ocrx_word' id='word_1_494' title='bbox 3551 3092 3641 3144; x_wconf 82' lang='grc' dir='ltr'><strong>ἀεί</strong></span> <span class='ocrx_word' id='word_1_495' title='bbox 3668 3109 3681 3122; x_wconf 94' lang='grc'><strong>·</strong></span> 
     </span>
    </p>
   </div>
   <div class='ocr_carea' id='block_1_63' title="bbox 416 3173 1978 3260">
    <p class='ocr_par' dir='ltr' id='par_1_63' title="bbox 416 3173 1978 3260">
     <span class='ocr_line' id='line_1_63' title="bbox 416 3173 1978 3260; baseline 0.006 -31"><span class='ocrx_word' id='word_1_496' title='bbox 416 3176 614 3245; x_wconf 91' lang='lat' dir='ltr'><strong>inquit,</strong></span> <span class='ocrx_word' id='word_1_497' title='bbox 642 3192 747 3232; x_wconf 88' lang='lat' dir='ltr'><strong>non</strong></span> <span class='ocrx_word' id='word_1_498' title='bbox 769 3176 1041 3231; x_wconf 88' lang='lat' dir='ltr'><strong>incredula</strong></span> <span class='ocrx_word' id='word_1_499' title='bbox 1077 3173 1390 3232; x_wconf 85' lang='lat' dir='ltr'><strong>curiositate</strong></span> <span class='ocrx_word' id='word_1_500' title='bbox 1413 3178 1670 3249; x_wconf 81' lang='lat' dir='ltr'><strong>indagare</strong></span> <span class='ocrx_word' id='word_1_501' title='bbox 1701 3183 1841 3250; x_wconf 89' lang='lat' dir='ltr'><strong>quod</strong></span> <span class='ocrx_word' id='word_1_502' title='bbox 1884 3196 1978 3260; x_wconf 64' lang='lat' dir='ltr'><strong>est1</strong></span> 
     </span>
    </p>
   </div>
   <div class='ocr_carea' id='block_1_64' title="bbox 2121 3173 3683 3260">
    <p class='ocr_par' dir='ltr' id='par_1_64' title="bbox 2121 3174 3683 3249">
     <span class='ocr_line' id='line_1_64' title="bbox 2121 3174 3683 3249; baseline 0.005 -22"><span class='ocrx_word' id='word_1_503' title='bbox 2121 3177 2187 3228; x_wconf 77' lang='grc' dir='ltr'><strong>εαὶ</strong></span> <span class='ocrx_word' id='word_1_504' title='bbox 2223 3180 2333 3239; x_wconf 83' lang='grc' dir='ltr'><strong>τοῖς</strong></span> <span class='ocrx_word' id='word_1_505' title='bbox 2365 3178 2499 3230; x_wconf 78' lang='grc' dir='ltr'><strong>πᾶσι</strong></span> <span class='ocrx_word' id='word_1_506' title='bbox 2537 3177 2598 3230; x_wconf 81' lang='grc' dir='ltr'><strong>τὸ</strong></span> <span class='ocrx_word' id='word_1_507' title='bbox 2638 3174 2776 3232; x_wconf 76' lang='grc' dir='ltr'><strong>εἶναι</strong></span> <span class='ocrx_word' id='word_1_508' title='bbox 2799 3179 3070 3249; x_wconf 83' lang='grc' dir='ltr'><strong>δωρεῖται,</strong></span> <span class='ocrx_word' id='word_1_509' title='bbox 3108 3179 3183 3242; x_wconf 84' lang='grc' dir='ltr'><strong>ὡς</strong></span> <span class='ocrx_word' id='word_1_510' title='bbox 3209 3180 3370 3248; x_wconf 76' lang='grc' dir='ltr'><strong>φύσει</strong></span> <span class='ocrx_word' id='word_1_511' title='bbox 3408 3180 3487 3232; x_wconf 84' lang='grc' dir='ltr'><strong>ὦν</strong></span> <span class='ocrx_word' id='word_1_512' title='bbox 3522 3181 3683 3244; x_wconf 80' lang='grc' dir='ltr'><strong>Θεός.</strong></span> 
     </span>
    </p>
   </div>
   <div class='ocr_carea' id='block_1_65' title="bbox 417 3261 1979 3342">
    <p class='ocr_par' dir='ltr' id='par_1_65' title="bbox 417 3265 1979 3341">
     <span class='ocr_line' id='line_1_65' title="bbox 417 3265 1979 3341; baseline 0.006 -21"><span class='ocrx_word' id='word_1_513' title='bbox 417 3279 487 3320; x_wconf 87' lang='lat' dir='ltr'><strong>ne</strong></span> <span class='ocrx_word' id='word_1_514' title='bbox 507 3265 684 3321; x_wconf 86' lang='lat' dir='ltr'><strong>dicam</strong></span> <span class='ocrx_word' id='word_1_515' title='bbox 711 3267 857 3335; x_wconf 92' lang='lat' dir='ltr'><strong>quod</strong></span> <span class='ocrx_word' id='word_1_516' title='bbox 883 3283 988 3323; x_wconf 87' lang='lat' dir='ltr'><strong>non</strong></span> <span class='ocrx_word' id='word_1_517' title='bbox 1017 3276 1119 3322; x_wconf 90' lang='lat' dir='ltr'><strong>est.</strong></span> <span class='ocrx_word' id='word_1_518' title='bbox 1149 3269 1302 3336; x_wconf 87' lang='lat' dir='ltr'><strong>Quod</strong></span> <span class='ocrx_word' id='word_1_519' title='bbox 1335 3271 1478 3323; x_wconf 88' lang='lat' dir='ltr'><strong>enim</strong></span> <span class='ocrx_word' id='word_1_520' title='bbox 1507 3282 1610 3334; x_wconf 88' lang='lat' dir='ltr'><strong>est,</strong></span> <span class='ocrx_word' id='word_1_521' title='bbox 1641 3283 1782 3337; x_wconf 86' lang='lat' dir='ltr'><strong>erat,</strong></span> <span class='ocrx_word' id='word_1_522' title='bbox 1812 3285 1865 3328; x_wconf 90' lang='lat' dir='ltr'><strong>et</strong></span> <span class='ocrx_word' id='word_1_523' title='bbox 1890 3288 1979 3341; x_wconf 71' lang='lat' dir='ltr'><strong>est1</strong></span> 
     </span>
    </p>
   </div>
   <div class='ocr_carea' id='block_1_66' title="bbox 2120 3261 3682 3342">
    <p class='ocr_par' dir='ltr' id='par_1_66' title="bbox 2120 3261 3682 3340">
     <span class='ocr_line' id='line_1_66' title="bbox 2120 3261 3682 3340; baseline 0.006 -26"><span class='ocrx_word' id='word_1_524' title='bbox 2120 3265 2158 3314; x_wconf 72' lang='lat' dir='ltr'><strong>l‘l</strong></span> <span class='ocrx_word' id='word_1_525' title='bbox 2181 3261 2272 3317; x_wconf 74' lang='grc' dir='ltr'><strong>οὖν</strong></span> <span class='ocrx_word' id='word_1_526' title='bbox 2300 3267 2569 3330; x_wconf 75' lang='grc' dir='ltr'><strong>ἀπιστεῖς,</strong></span> <span class='ocrx_word' id='word_1_527' title='bbox 2593 3261 2638 3320; x_wconf 82' lang='grc' dir='ltr'><strong>ὦ</strong></span> <span class='ocrx_word' id='word_1_528' title='bbox 2666 3266 2953 3338; x_wconf 81' lang='grc' dir='ltr'><strong>άνθρωπε;</strong></span> <span class='ocrx_word' id='word_1_529' title='bbox 2996 3269 3285 3334; x_wconf 81' lang='grc' dir='ltr'><strong>Ἀπιστείς,</strong></span> <span class='ocrx_word' id='word_1_530' title='bbox 3309 3271 3391 3324; x_wconf 81' lang='grc' dir='ltr'><strong>ὅτι</strong></span> <span class='ocrx_word' id='word_1_531' title='bbox 3411 3271 3548 3323; x_wconf 75' lang='grc' dir='ltr'><strong>ἴδιον</strong></span> <span class='ocrx_word' id='word_1_532' title='bbox 3567 3271 3682 3340; x_wconf 74' lang='grc' dir='ltr'><strong>ἔχει</strong></span> 
     </span>
    </p>
   </div>
   <div class='ocr_carea' id='block_1_67' title="bbox 421 3355 1983 3436">
    <p class='ocr_par' dir='ltr' id='par_1_67' title="bbox 421 3359 1983 3436">
     <span class='ocr_line' id='line_1_67' title="bbox 421 3359 1983 3436; baseline 0.005 -23"><span class='ocrx_word' id='word_1_533' title='bbox 421 3367 478 3413; x_wconf 86' lang='lat' dir='ltr'><strong>et</strong></span> <span class='ocrx_word' id='word_1_534' title='bbox 521 3359 627 3413; x_wconf 87' lang='lat' dir='ltr'><strong>erit</strong></span> <span class='ocrx_word' id='word_1_535' title='bbox 676 3373 927 3427; x_wconf 88' lang='lat' dir='ltr'><strong>semper;</strong></span> <span class='ocrx_word' id='word_1_536' title='bbox 970 3367 1131 3428; x_wconf 86' lang='lat' dir='ltr'><strong>atque</strong></span> <span class='ocrx_word' id='word_1_537' title='bbox 1188 3360 1412 3430; x_wconf 83' lang='lat' dir='ltr'><strong>largitur</strong></span> <span class='ocrx_word' id='word_1_538' title='bbox 1459 3363 1707 3418; x_wconf 89' lang='lat' dir='ltr'><strong>omnibus</strong></span> <span class='ocrx_word' id='word_1_539' title='bbox 1760 3375 1816 3418; x_wconf 89' lang='lat' dir='ltr'><strong>ut</strong></span> <span class='ocrx_word' id='word_1_540' title='bbox 1863 3369 1983 3436; x_wconf 74' lang='lat' dir='ltr'><strong>sint,</strong></span> 
     </span>
    </p>
   </div>
   <div class='ocr_carea' id='block_1_68' title="bbox 2123 3355 3685 3436">
    <p class='ocr_par' dir='ltr' id='par_1_68' title="bbox 2123 3356 3685 3431">
     <span class='ocr_line' id='line_1_68' title="bbox 2123 3356 3685 3431; baseline 0.005 -24"><span class='ocrx_word' id='word_1_541' title='bbox 2123 3356 2220 3408; x_wconf 58' lang='grc' dir='ltr'><strong>ῗίὸν</strong></span> <span class='ocrx_word' id='word_1_542' title='bbox 2247 3359 2274 3408; x_wconf 76' lang='grc' dir='ltr'>ὁ</span> <span class='ocrx_word' id='word_1_543' title='bbox 2293 3357 2442 3420; x_wconf 79' lang='grc' dir='ltr'>Θεὸς,</span> <span class='ocrx_word' id='word_1_544' title='bbox 2469 3360 2564 3410; x_wconf 70' lang='grc' dir='ltr'><strong>καὶ</strong></span> <span class='ocrx_word' id='word_1_545' title='bbox 2587 3359 2770 3429; x_wconf 79' lang='grc' dir='ltr'><strong>ζητεῖς</strong></span> <span class='ocrx_word' id='word_1_546' title='bbox 2805 3359 2923 3422; x_wconf 83' lang='grc' dir='ltr'><strong>πῶς</strong></span> <span class='ocrx_word' id='word_1_547' title='bbox 2958 3361 3216 3431; x_wconf 78' lang='grc' dir='ltr'><strong>ἐγέννησε</strong></span> <span class='ocrx_word' id='word_1_548' title='bbox 3240 3362 3407 3426; x_wconf 85' lang='grc' dir='ltr'>Θεός;</span> <span class='ocrx_word' id='word_1_549' title='bbox 3441 3363 3503 3414; x_wconf 79' lang='grc' dir='ltr'><strong>Εἰ</strong></span> <span class='ocrx_word' id='word_1_550' title='bbox 3525 3363 3586 3415; x_wconf 82' lang='grc' dir='ltr'><strong>δὲ</strong></span> <span class='ocrx_word' id='word_1_551' title='bbox 3620 3362 3685 3415; x_wconf 64' lang='grc' dir='ltr'><strong>νδ</strong></span> 
     </span>
    </p>
   </div>
   <div class='ocr_carea' id='block_1_69' title="bbox 418 3447 1980 3522">
    <p class='ocr_par' dir='ltr' id='par_1_69' title="bbox 418 3447 1980 3518">
     <span class='ocr_line' id='line_1_69' title="bbox 418 3447 1980 3518; baseline 0.008 -19"><span class='ocrx_word' id='word_1_552' title='bbox 418 3458 674 3516; x_wconf 80' lang='lat' dir='ltr'><strong>tanquam</strong></span> <span class='ocrx_word' id='word_1_553' title='bbox 700 3449 790 3517; x_wconf 85' lang='lat' dir='ltr'><strong>qui</strong></span> <span class='ocrx_word' id='word_1_554' title='bbox 823 3459 1013 3502; x_wconf 86' lang='lat' dir='ltr'><strong>natura</strong></span> <span class='ocrx_word' id='word_1_555' title='bbox 1048 3447 1319 3518; x_wconf 72' lang='lat' dir='ltr'><strong>sit_Deus.</strong></span> <span class='ocrx_word' id='word_1_556' title='bbox 1352 3449 1461 3503; x_wconf 86' lang='lat' dir='ltr'><strong>Cur</strong></span> <span class='ocrx_word' id='word_1_557' title='bbox 1494 3452 1656 3518; x_wconf 78' lang='lat' dir='ltr'><strong>igitur</strong></span> <span class='ocrx_word' id='word_1_558' title='bbox 1688 3454 1980 3512; x_wconf 71' lang='lat' dir='ltr'><strong>incredulus</strong></span> 
     </span>
    </p>
   </div>
   <div class='ocr_carea' id='block_1_70' title="bbox 2119 3447 3681 3522">
    <p class='ocr_par' dir='ltr' id='par_1_70' title="bbox 2119 3447 3681 3522">
     <span class='ocr_line' id='line_1_70' title="bbox 2119 3447 3681 3522; baseline 0.005 -25"><span class='ocrx_word' id='word_1_559' title='bbox 2119 3447 2218 3511; x_wconf 81' lang='grc' dir='ltr'><strong>τῶς</strong></span> <span class='ocrx_word' id='word_1_560' title='bbox 2239 3450 2330 3500; x_wconf 76' lang='grc' dir='ltr'><strong>ἐπὶ</strong></span> <span class='ocrx_word' id='word_1_561' title='bbox 2351 3449 2484 3502; x_wconf 82' lang='grc' dir='ltr'>Θεοῦ</span> <span class='ocrx_word' id='word_1_562' title='bbox 2519 3451 2632 3519; x_wconf 78' lang='grc'><strong>(52)</strong></span> <span class='ocrx_word' id='word_1_563' title='bbox 2654 3453 2954 3522; x_wconf 81' lang='grc' dir='ltr'><strong>ὲπερωτᾷς,</strong></span> <span class='ocrx_word' id='word_1_564' title='bbox 2988 3453 3204 3516; x_wconf 86' lang='grc' dir='ltr'><strong>πάντως</strong></span> <span class='ocrx_word' id='word_1_565' title='bbox 3234 3453 3327 3506; x_wconf 75' lang='grc' dir='ltr'><strong>καὶ</strong></span> <span class='ocrx_word' id='word_1_566' title='bbox 3353 3452 3418 3505; x_wconf 78' lang='grc' dir='ltr'><strong>τὸ</strong></span> <span class='ocrx_word' id='word_1_567' title='bbox 3445 3452 3573 3516; x_wconf 84' lang='grc' dir='ltr'><strong>ποῦ,</strong></span> <span class='ocrx_word' id='word_1_568' title='bbox 3602 3453 3681 3516; x_wconf 76' lang='grc' dir='ltr'><strong>ὡς</strong></span> 
     </span>
    </p>
   </div>
   <div class='ocr_carea' id='block_1_71' title="bbox 418 3537 1980 3613">
    <p class='ocr_par' dir='ltr' id='par_1_71' title="bbox 418 3539 1980 3612">
     <span class='ocr_line' id='line_1_71' title="bbox 418 3539 1980 3612; baseline 0.005 -19"><span class='ocrx_word' id='word_1_569' title='bbox 418 3553 501 3601; x_wconf 80' lang='lat' dir='ltr'><strong>es,</strong></span> <span class='ocrx_word' id='word_1_570' title='bbox 517 3554 550 3592; x_wconf 90' lang='grc' dir='ltr'><strong>ο</strong></span> <span class='ocrx_word' id='word_1_571' title='bbox 568 3541 726 3594; x_wconf 92' lang='lat' dir='ltr'><strong>homo</strong></span> <span class='ocrx_word' id='word_1_572' title='bbox 748 3539 772 3592; x_wconf 87' lang='lat'><strong>?</strong></span> <span class='ocrx_word' id='word_1_573' title='bbox 795 3539 907 3593; x_wconf 81' lang='lat' dir='ltr'><strong>Non</strong></span> <span class='ocrx_word' id='word_1_574' title='bbox 932 3541 1106 3594; x_wconf 88' lang='lat' dir='ltr'><strong>credis</strong></span> <span class='ocrx_word' id='word_1_575' title='bbox 1131 3543 1272 3608; x_wconf 90' lang='lat' dir='ltr'><strong>quod</strong></span> <span class='ocrx_word' id='word_1_576' title='bbox 1291 3543 1562 3612; x_wconf 88' lang='lat' dir='ltr'><strong>proprium</strong></span> <span class='ocrx_word' id='word_1_577' title='bbox 1588 3543 1778 3598; x_wconf 84' lang='lat' dir='ltr'><strong>habeat</strong></span> <span class='ocrx_word' id='word_1_578' title='bbox 1798 3545 1980 3601; x_wconf 84' lang='lat' dir='ltr'><strong>Filium</strong></span> 
     </span>
    </p>
   </div>
   <div class='ocr_carea' id='block_1_72' title="bbox 2111 3537 3673 3613">
    <p class='ocr_par' dir='ltr' id='par_1_72' title="bbox 2111 3537 3673 3613">
     <span class='ocr_line' id='line_1_72' title="bbox 2111 3537 3673 3613; baseline 0.005 -25"><span class='ocrx_word' id='word_1_579' title='bbox 2111 3553 2150 3588; x_wconf 66' lang='grc' dir='ltr'><strong>ιν</strong></span> <span class='ocrx_word' id='word_1_580' title='bbox 2195 3537 2366 3605; x_wconf 72' lang='grc' dir='ltr'><strong>τόπῳ,</strong></span> <span class='ocrx_word' id='word_1_581' title='bbox 2415 3540 2508 3591; x_wconf 74' lang='grc' dir='ltr'><strong>καὶ</strong></span> <span class='ocrx_word' id='word_1_582' title='bbox 2537 3539 2688 3604; x_wconf 83' lang='grc' dir='ltr'><strong>πότε,</strong></span> <span class='ocrx_word' id='word_1_583' title='bbox 2732 3541 2807 3603; x_wconf 82' lang='grc' dir='ltr'><strong>ὡς</strong></span> <span class='ocrx_word' id='word_1_584' title='bbox 2835 3541 2893 3592; x_wconf 83' lang='grc' dir='ltr'><strong>ὲν</strong></span> <span class='ocrx_word' id='word_1_585' title='bbox 2934 3543 3110 3612; x_wconf 87' lang='grc' dir='ltr'>χρόνῳ</span> <span class='ocrx_word' id='word_1_586' title='bbox 3140 3544 3673 3613; x_wconf 78' lang='grc' dir='ltr'><strong>συνεπερωτήσειας.</strong></span> 
     </span>
    </p>
   </div>
   <div class='ocr_carea' id='block_1_73' title="bbox 418 3626 1980 3708">
    <p class='ocr_par' dir='ltr' id='par_1_73' title="bbox 418 3626 1980 3700">
     <span class='ocr_line' id='line_1_73' title="bbox 418 3626 1980 3700; baseline 0.006 -18"><span class='ocrx_word' id='word_1_587' title='bbox 418 3626 581 3693; x_wconf 65' lang='lat' dir='ltr'><strong>Deus,</strong></span> <span class='ocrx_word' id='word_1_588' title='bbox 606 3636 662 3683; x_wconf 90' lang='lat' dir='ltr'><strong>et</strong></span> <span class='ocrx_word' id='word_1_589' title='bbox 686 3628 884 3699; x_wconf 64' lang='lat' dir='ltr'><strong>quaeris</strong></span> <span class='ocrx_word' id='word_1_590' title='bbox 911 3630 1178 3698; x_wconf 91' lang='lat' dir='ltr'><strong>quomodo</strong></span> <span class='ocrx_word' id='word_1_591' title='bbox 1199 3633 1443 3698; x_wconf 81' lang='lat' dir='ltr'><strong>genuerit</strong></span> <span class='ocrx_word' id='word_1_592' title='bbox 1475 3630 1657 3686; x_wconf 88' lang='lat' dir='ltr'><strong>Deus?</strong></span> <span class='ocrx_word' id='word_1_593' title='bbox 1684 3635 1834 3700; x_wconf 84' lang='lat' dir='ltr'><strong>Quod</strong></span> <span class='ocrx_word' id='word_1_594' title='bbox 1850 3637 1892 3689; x_wconf 91' lang='lat' dir='ltr'><strong>si</strong></span> <span class='ocrx_word' id='word_1_595' title='bbox 1912 3639 1980 3692; x_wconf 89' lang='lat' dir='ltr'><strong>in-</strong></span> 
     </span>
    </p>
   </div>
   <div class='ocr_carea' id='block_1_74' title="bbox 2113 3626 3675 3708">
    <p class='ocr_par' dir='ltr' id='par_1_74' title="bbox 2113 3633 3675 3708">
     <span class='ocr_line' id='line_1_74' title="bbox 2113 3633 3675 3708; baseline 0.004 -23"><span class='ocrx_word' id='word_1_596' title='bbox 2113 3634 2153 3685; x_wconf 68' lang='grc' dir='ltr'><strong>εἰ</strong></span> <span class='ocrx_word' id='word_1_597' title='bbox 2177 3633 2233 3685; x_wconf 81' lang='grc' dir='ltr'><strong>δὲ</strong></span> <span class='ocrx_word' id='word_1_598' title='bbox 2263 3633 2460 3687; x_wconf 81' lang='grc' dir='ltr'><strong>ἄτοπον</strong></span> <span class='ocrx_word' id='word_1_599' title='bbox 2492 3634 2584 3686; x_wconf 74' lang='grc' dir='ltr'><strong>ἐπὶ</strong></span> <span class='ocrx_word' id='word_1_600' title='bbox 2613 3634 2746 3688; x_wconf 87' lang='grc' dir='ltr'>Θεοῦ</span> <span class='ocrx_word' id='word_1_601' title='bbox 2772 3636 2832 3688; x_wconf 78' lang='grc' dir='ltr'><strong>τὸ</strong></span> <span class='ocrx_word' id='word_1_602' title='bbox 2858 3637 3098 3689; x_wconf 88' lang='grc' dir='ltr'><strong>τοιοῦτον</strong></span> <span class='ocrx_word' id='word_1_603' title='bbox 3122 3637 3426 3708; x_wconf 78' lang='grc' dir='ltr'><strong>ἐπερωτᾷν,</strong></span> <span class='ocrx_word' id='word_1_604' title='bbox 3456 3639 3675 3692; x_wconf 77' lang='grc' dir='ltr'><strong>ἀτοπώ-</strong></span> 
     </span>
    </p>
   </div>
   <div class='ocr_carea' id='block_1_75' title="bbox 419 3719 1981 3800">
    <p class='ocr_par' dir='ltr' id='par_1_75' title="bbox 419 3719 1981 3796">
     <span class='ocr_line' id='line_1_75' title="bbox 419 3719 1981 3796; baseline 0.004 -20"><span class='ocrx_word' id='word_1_605' title='bbox 419 3734 583 3789; x_wconf 76' lang='grc' dir='ltr'><strong>ειιροι·</strong></span> <span class='ocrx_word' id='word_1_606' title='bbox 597 3721 662 3774; x_wconf 91' lang='lat' dir='ltr'><strong>de</strong></span> <span class='ocrx_word' id='word_1_607' title='bbox 703 3719 810 3775; x_wconf 90' lang='lat' dir='ltr'><strong>Deo</strong></span> <span class='ocrx_word' id='word_1_608' title='bbox 830 3721 1130 3791; x_wconf 77' lang='lat' dir='ltr'><strong>interroges</strong></span> <span class='ocrx_word' id='word_1_609' title='bbox 1154 3723 1439 3791; x_wconf 89' lang='lat' dir='ltr'><strong>quomodo,</strong></span> <span class='ocrx_word' id='word_1_610' title='bbox 1470 3724 1628 3793; x_wconf 85' lang='lat' dir='ltr'><strong>plane</strong></span> <span class='ocrx_word' id='word_1_611' title='bbox 1658 3727 1743 3779; x_wconf 90' lang='lat' dir='ltr'><strong>ubi</strong></span> <span class='ocrx_word' id='word_1_612' title='bbox 1780 3742 1981 3796; x_wconf 72' lang='lat' dir='ltr'><strong>quoque</strong></span> 
     </span>
    </p>
   </div>
   <div class='ocr_carea' id='block_1_76' title="bbox 2113 3719 3675 3800">
    <p class='ocr_par' dir='ltr' id='par_1_76' title="bbox 2113 3726 3675 3800">
     <span class='ocr_line' id='line_1_76' title="bbox 2113 3726 3675 3800; baseline 0.003 -23"><span class='ocrx_word' id='word_1_613' title='bbox 2113 3743 2248 3796; x_wconf 69' lang='grc' dir='ltr'><strong>τερον</strong></span> <span class='ocrx_word' id='word_1_614' title='bbox 2283 3727 2347 3779; x_wconf 86' lang='grc' dir='ltr'><strong>ἂν</strong></span> <span class='ocrx_word' id='word_1_615' title='bbox 2379 3729 2467 3796; x_wconf 87' lang='grc' dir='ltr'><strong>είη</strong></span> <span class='ocrx_word' id='word_1_616' title='bbox 2505 3727 2565 3779; x_wconf 90' lang='grc' dir='ltr'><strong>τὸ</strong></span> <span class='ocrx_word' id='word_1_617' title='bbox 2600 3726 2674 3798; x_wconf 83' lang='grc' dir='ltr'><strong>μὴ</strong></span> <span class='ocrx_word' id='word_1_618' title='bbox 2704 3726 2998 3780; x_wconf 79' lang='grc' dir='ltr'><strong>πιστεύειν.</strong></span> <span class='ocrx_word' id='word_1_619' title='bbox 3036 3728 3190 3798; x_wconf 84' lang='grc' dir='ltr'><strong>Τάχα</strong></span> <span class='ocrx_word' id='word_1_620' title='bbox 3231 3728 3384 3781; x_wconf 77' lang='grc' dir='ltr'><strong>οὔπω</strong></span> <span class='ocrx_word' id='word_1_621' title='bbox 3414 3729 3675 3800; x_wconf 74' lang='grc' dir='ltr'><strong>ἐρυθριᾷς</strong></span> 
     </span>
    </p>
   </div>
   <div class='ocr_carea' id='block_1_77' title="bbox 419 3811 1981 3891">
    <p class='ocr_par' dir='ltr' id='par_1_77' title="bbox 419 3813 1981 3888">
     <span class='ocr_line' id='line_1_77' title="bbox 419 3813 1981 3888; baseline 0.004 -21"><span class='ocrx_word' id='word_1_622' title='bbox 419 3822 673 3882; x_wconf 72' lang='lat' dir='ltr'><strong>tanquam</strong></span> <span class='ocrx_word' id='word_1_623' title='bbox 705 3813 1196 3884; x_wconf 36' lang='lat' dir='ltr'><strong>in,loco,etquando</strong></span> <span class='ocrx_word' id='word_1_624' title='bbox 1221 3817 1546 3886; x_wconf 90' lang='lat' dir='ltr'><strong>Ianquamin</strong></span> <span class='ocrx_word' id='word_1_625' title='bbox 1578 3828 1816 3888; x_wconf 82' lang='lat' dir='ltr'><strong>tempore</strong></span> <span class='ocrx_word' id='word_1_626' title='bbox 1834 3821 1981 3874; x_wconf 62' lang='lat' dir='ltr'><strong>simul</strong></span> 
     </span>
    </p>
   </div>
   <div class='ocr_carea' id='block_1_78' title="bbox 2110 3811 3672 3891">
    <p class='ocr_par' dir='ltr' id='par_1_78' title="bbox 2110 3811 3672 3891">
     <span class='ocr_line' id='line_1_78' title="bbox 2110 3811 3672 3891; baseline 0.003 -22"><span class='ocrx_word' id='word_1_627' title='bbox 2110 3835 2146 3868; x_wconf 77' lang='grc' dir='ltr'><strong>ιν</strong></span> <span class='ocrx_word' id='word_1_628' title='bbox 2172 3818 2396 3889; x_wconf 77' lang='grc' dir='ltr'><strong>ἀπιστίᾳ</strong></span> <span class='ocrx_word' id='word_1_629' title='bbox 2430 3811 2709 3890; x_wconf 63' lang='grc' dir='ltr'><strong>ὑπάρχων.</strong></span> <span class='ocrx_word' id='word_1_630' title='bbox 2758 3820 2947 3889; x_wconf 84' lang='grc' dir='ltr'><strong>Ζητεῖς</strong></span> <span class='ocrx_word' id='word_1_631' title='bbox 2985 3820 3095 3891; x_wconf 80' lang='grc' dir='ltr'><strong>γὰρ</strong></span> <span class='ocrx_word' id='word_1_632' title='bbox 3129 3819 3214 3873; x_wconf 77' lang='grc' dir='ltr'><strong>ἵνα</strong></span> <span class='ocrx_word' id='word_1_633' title='bbox 3261 3819 3434 3891; x_wconf 80' lang='grc' dir='ltr'><strong>εὕρῃς</strong></span> <span class='ocrx_word' id='word_1_634' title='bbox 3473 3821 3539 3873; x_wconf 79' lang='grc' dir='ltr'><strong>οὐ</strong></span> <span class='ocrx_word' id='word_1_635' title='bbox 3580 3823 3672 3874; x_wconf 82' lang='grc' dir='ltr'><strong>πί-</strong></span> 
     </span>
    </p>
   </div>
   <div class='ocr_carea' id='block_1_79' title="bbox 418 3903 1980 3982">
    <p class='ocr_par' dir='ltr' id='par_1_79' title="bbox 418 3903 1980 3979">
     <span class='ocr_line' id='line_1_79' title="bbox 418 3903 1980 3979; baseline 0.003 -21"><span class='ocrx_word' id='word_1_636' title='bbox 418 3903 869 3973; x_wconf 78' lang='lat' dir='ltr'><strong>interrogaveris.</strong></span> <span class='ocrx_word' id='word_1_637' title='bbox 907 3903 1012 3959; x_wconf 87' lang='lat' dir='ltr'><strong>Sed</strong></span> <span class='ocrx_word' id='word_1_638' title='bbox 1051 3907 1093 3960; x_wconf 87' lang='lat' dir='ltr'><strong>si</strong></span> <span class='ocrx_word' id='word_1_639' title='bbox 1147 3907 1439 3962; x_wconf 87' lang='lat' dir='ltr'><strong>absurdum</strong></span> <span class='ocrx_word' id='word_1_640' title='bbox 1474 3917 1559 3961; x_wconf 87' lang='lat' dir='ltr'><strong>est</strong></span> <span class='ocrx_word' id='word_1_641' title='bbox 1585 3908 1651 3962; x_wconf 89' lang='lat' dir='ltr'><strong>de</strong></span> <span class='ocrx_word' id='word_1_642' title='bbox 1669 3909 1776 3962; x_wconf 89' lang='lat' dir='ltr'><strong>Deo</strong></span> <span class='ocrx_word' id='word_1_643' title='bbox 1791 3909 1980 3979; x_wconf 75' lang='lat' dir='ltr'><strong>aliquid</strong></span> 
     </span>
    </p>
   </div>
   <div class='ocr_carea' id='block_1_80' title="bbox 2109 3903 3671 3982">
    <p class='ocr_par' dir='ltr' id='par_1_80' title="bbox 2109 3909 3671 3982">
     <span class='ocr_line' id='line_1_80' title="bbox 2109 3909 3671 3982; baseline 0.003 -21"><span class='ocrx_word' id='word_1_644' title='bbox 2109 3925 2226 3967; x_wconf 81' lang='lat' dir='ltr'><strong>mv.</strong></span> <span class='ocrx_word' id='word_1_645' title='bbox 2256 3909 2370 3962; x_wconf 82' lang='grc' dir='ltr'><strong>ἀλλ’</strong></span> <span class='ocrx_word' id='word_1_646' title='bbox 2398 3909 2672 3963; x_wconf 78' lang='grc' dir='ltr'><strong>ἀπιστίαν.</strong></span> <span class='ocrx_word' id='word_1_647' title='bbox 2715 3909 2883 3962; x_wconf 85' lang='grc' dir='ltr'><strong>Τοῦτο</strong></span> <span class='ocrx_word' id='word_1_648' title='bbox 2923 3909 3120 3979; x_wconf 84' lang='grc' dir='ltr'><strong>ἀληθὲς</strong></span> <span class='ocrx_word' id='word_1_649' title='bbox 3153 3910 3296 3964; x_wconf 84' lang='grc' dir='ltr'><strong>κατὰ</strong></span> <span class='ocrx_word' id='word_1_650' title='bbox 3324 3911 3386 3964; x_wconf 80' lang='grc' dir='ltr'><strong>τὸ</strong></span> <span class='ocrx_word' id='word_1_651' title='bbox 3417 3927 3671 3982; x_wconf 80' lang='grc' dir='ltr'><strong>γεγραμ-</strong></span> 
     </span>
    </p>
   </div>
   <div class='ocr_carea' id='block_1_81' title="bbox 418 3991 1980 4073">
    <p class='ocr_par' dir='ltr' id='par_1_81' title="bbox 418 3991 1980 4068">
     <span class='ocr_line' id='line_1_81' title="bbox 418 3991 1980 4068; baseline 0.006 -25"><span class='ocrx_word' id='word_1_652' title='bbox 418 3991 526 4047; x_wconf 82' lang='lat' dir='ltr'><strong>tale</strong></span> <span class='ocrx_word' id='word_1_653' title='bbox 548 3992 1137 4062; x_wconf 88' lang='lat' dir='ltr'><strong>inquirere,absurdius</strong></span> <span class='ocrx_word' id='word_1_654' title='bbox 1167 3997 1355 4065; x_wconf 89' lang='lat' dir='ltr'><strong>utique</strong></span> <span class='ocrx_word' id='word_1_655' title='bbox 1381 3995 1543 4051; x_wconf 83' lang='lat' dir='ltr'><strong>fuerit</strong></span> <span class='ocrx_word' id='word_1_656' title='bbox 1568 3995 1842 4068; x_wconf 62' lang='lat' dir='ltr'><strong>nonslﬁ.</strong></span> <span class='ocrx_word' id='word_1_657' title='bbox 1869 4013 1980 4052; x_wconf 55' lang='lat' dir='ltr'><strong>cre‘</strong></span> 
     </span>
    </p>
   </div>
   <div class='ocr_carea' id='block_1_82' title="bbox 2109 3991 3671 4073">
    <p class='ocr_par' dir='ltr' id='par_1_82' title="bbox 2109 4001 3671 4073">
     <span class='ocr_line' id='line_1_82' title="bbox 2109 4001 3671 4073; baseline 0.003 -20"><span class='ocrx_word' id='word_1_658' title='bbox 2109 4002 2254 4054; x_wconf 80' lang='grc' dir='ltr'><strong>ιένον</strong></span> <span class='ocrx_word' id='word_1_659' title='bbox 2275 4019 2288 4032; x_wconf 80' lang='grc' dir='ltr'><strong><em>ο</em></strong></span> <span class='ocrx_word' id='word_1_660' title='bbox 2329 4003 2431 4067; x_wconf 73' lang='grc' dir='ltr'><strong>Εἰς</strong></span> <span class='ocrx_word' id='word_1_661' title='bbox 2469 4003 2839 4070; x_wconf 77' lang='grc' dir='ltr'><strong>κακότεχνον</strong></span> <span class='ocrx_word' id='word_1_662' title='bbox 2875 4001 2985 4073; x_wconf 76' lang='lat'><strong>(53)</strong></span> <span class='ocrx_word' id='word_1_663' title='bbox 3014 4001 3226 4070; x_wconf 70' lang='grc' dir='ltr'><strong>ψυχὴν</strong></span> <span class='ocrx_word' id='word_1_664' title='bbox 3252 4005 3362 4056; x_wconf 80' lang='grc' dir='ltr'><strong>οὐκ</strong></span> <span class='ocrx_word' id='word_1_665' title='bbox 3400 4007 3671 4058; x_wconf 70' lang='lat' dir='ltr'><strong>810&#39;er-</strong></span> 
     </span>
    </p>
   </div>
   <div class='ocr_carea' id='block_1_83' title="bbox 418 4083 1980 4163">
    <p class='ocr_par' dir='ltr' id='par_1_83' title="bbox 418 4083 1980 4159">
     <span class='ocr_line' id='line_1_83' title="bbox 418 4083 1980 4159; baseline 0.006 -23"><span class='ocrx_word' id='word_1_666' title='bbox 418 4084 571 4141; x_wconf 87' lang='lat' dir='ltr'><strong>dere.</strong></span> <span class='ocrx_word' id='word_1_667' title='bbox 591 4083 833 4140; x_wconf 79' lang='lat' dir='ltr'><strong>Necdum</strong></span> <span class='ocrx_word' id='word_1_668' title='bbox 862 4086 1002 4142; x_wconf 83' lang='lat' dir='ltr'><strong>forte</strong></span> <span class='ocrx_word' id='word_1_669' title='bbox 1025 4095 1078 4143; x_wconf 90' lang='lat' dir='ltr'><strong>te</strong></span> <span class='ocrx_word' id='word_1_670' title='bbox 1103 4088 1154 4142; x_wconf 92' lang='lat' dir='ltr'><strong>in</strong></span> <span class='ocrx_word' id='word_1_671' title='bbox 1181 4088 1556 4144; x_wconf 89' lang='lat' dir='ltr'><strong>incredulitate</strong></span> <span class='ocrx_word' id='word_1_672' title='bbox 1579 4090 1784 4142; x_wconf 81' lang='lat' dir='ltr'><strong>versari</strong></span> <span class='ocrx_word' id='word_1_673' title='bbox 1809 4090 1980 4159; x_wconf 83' lang='lat' dir='ltr'><strong>pudet.</strong></span> 
     </span>
    </p>
   </div>
   <div class='ocr_carea' id='block_1_84' title="bbox 2110 4083 3672 4163">
    <p class='ocr_par' dir='ltr' id='par_1_84' title="bbox 2110 4092 3672 4163">
     <span class='ocr_line' id='line_1_84' title="bbox 2110 4092 3672 4163; baseline 0.001 -17"><span class='ocrx_word' id='word_1_674' title='bbox 2110 4107 2259 4147; x_wconf 64' lang='grc' dir='ltr'><strong>πίεται</strong></span> <span class='ocrx_word' id='word_1_675' title='bbox 2281 4094 2488 4162; x_wconf 69' lang='grc' dir='ltr'><strong>σοφία.</strong></span> <span class='ocrx_word' id='word_1_676' title='bbox 2532 4093 2881 4146; x_wconf 76' lang='grc' dir='ltr'><strong>Ἐπίστευσε</strong></span> <span class='ocrx_word' id='word_1_677' title='bbox 2905 4092 2974 4146; x_wconf 79' lang='grc' dir='ltr'><em>δὲ</em></span> <span class='ocrx_word' id='word_1_678' title='bbox 3013 4093 3258 4163; x_wconf 78' lang='grc' dir='ltr'><strong>Ἀϐραὰμ</strong></span> <span class='ocrx_word' id='word_1_679' title='bbox 3295 4092 3376 4159; x_wconf 83' lang='grc' dir='ltr'><strong>τῷ</strong></span> <span class='ocrx_word' id='word_1_680' title='bbox 3401 4093 3548 4160; x_wconf 82' lang='grc' dir='ltr'>Θεῷ,</span> <span class='ocrx_word' id='word_1_681' title='bbox 3572 4095 3672 4151; x_wconf 72' lang='grc' dir='ltr'><strong>και</strong></span> 
     </span>
    </p>
   </div>
   <div class='ocr_carea' id='block_1_85' title="bbox 419 4174 1981 4254">
    <p class='ocr_par' dir='ltr' id='par_1_85' title="bbox 419 4174 1981 4246">
     <span class='ocr_line' id='line_1_85' title="bbox 419 4174 1981 4246; baseline 0.003 -15"><span class='ocrx_word' id='word_1_682' title='bbox 419 4174 630 4242; x_wconf 65' lang='lat' dir='ltr'><strong>Quaeris</strong></span> <span class='ocrx_word' id='word_1_683' title='bbox 657 4177 801 4232; x_wconf 89' lang='lat' dir='ltr'><strong>enim</strong></span> <span class='ocrx_word' id='word_1_684' title='bbox 835 4192 941 4234; x_wconf 93' lang='lat' dir='ltr'><strong>non</strong></span> <span class='ocrx_word' id='word_1_685' title='bbox 972 4187 1031 4234; x_wconf 92' lang='lat' dir='ltr'><strong>ut</strong></span> <span class='ocrx_word' id='word_1_686' title='bbox 1061 4179 1243 4246; x_wconf 80' lang='lat' dir='ltr'><strong>fidem,</strong></span> <span class='ocrx_word' id='word_1_687' title='bbox 1274 4181 1366 4235; x_wconf 91' lang='lat' dir='ltr'><strong>sed</strong></span> <span class='ocrx_word' id='word_1_688' title='bbox 1398 4189 1459 4234; x_wconf 93' lang='lat' dir='ltr'><strong>ut</strong></span> <span class='ocrx_word' id='word_1_689' title='bbox 1499 4179 1864 4235; x_wconf 83' lang='lat' dir='ltr'><strong>inﬁdelitatem</strong></span> <span class='ocrx_word' id='word_1_690' title='bbox 1907 4182 1981 4235; x_wconf 90' lang='lat' dir='ltr'><strong>in-</strong></span> 
     </span>
    </p>
   </div>
   <div class='ocr_carea' id='block_1_86' title="bbox 2107 4174 3669 4254">
    <p class='ocr_par' dir='ltr' id='par_1_86' title="bbox 2107 4182 3669 4254">
     <span class='ocr_line' id='line_1_86' title="bbox 2107 4182 3669 4254; baseline 0.003 -17"><span class='ocrx_word' id='word_1_691' title='bbox 2107 4184 2375 4252; x_wconf 58' lang='grc' dir='ltr'><strong>ἒλογίσθη</strong></span> <span class='ocrx_word' id='word_1_692' title='bbox 2417 4182 2577 4248; x_wconf 81' lang='grc' dir='ltr'><strong>αὐτῷ</strong></span> <span class='ocrx_word' id='word_1_693' title='bbox 2607 4185 2694 4249; x_wconf 79' lang='grc' dir='ltr'><strong>είς</strong></span> <span class='ocrx_word' id='word_1_694' title='bbox 2724 4183 3138 4252; x_wconf 77' lang='grc' dir='ltr'><strong>δικαιοσύνην,</strong></span> <span class='ocrx_word' id='word_1_695' title='bbox 3174 4185 3272 4239; x_wconf 70' lang='grc' dir='ltr'><strong>καὶ</strong></span> <span class='ocrx_word' id='word_1_696' title='bbox 3301 4187 3482 4254; x_wconf 64' lang='grc' dir='ltr'><strong>φίλος</strong></span> <span class='ocrx_word' id='word_1_697' title='bbox 3518 4186 3669 4242; x_wconf 82' lang='grc' dir='ltr'>Θεοῦ</span> 
     </span>
    </p>
   </div>
   <div class='ocr_carea' id='block_1_87' title="bbox 419 4267 1981 4348">
    <p class='ocr_par' dir='ltr' id='par_1_87' title="bbox 419 4267 1981 4341">
     <span class='ocr_line' id='line_1_87' title="bbox 419 4267 1981 4341; baseline 0.003 -19"><span class='ocrx_word' id='word_1_698' title='bbox 419 4268 628 4323; x_wconf 77' lang='lat' dir='ltr'><strong>venias.</strong></span> <span class='ocrx_word' id='word_1_699' title='bbox 657 4267 771 4323; x_wconf 79' lang='lat' dir='ltr'><strong>Hoc</strong></span> <span class='ocrx_word' id='word_1_700' title='bbox 811 4284 998 4324; x_wconf 80' lang='lat' dir='ltr'><strong>verum</strong></span> <span class='ocrx_word' id='word_1_701' title='bbox 1028 4279 1111 4326; x_wconf 89' lang='lat' dir='ltr'><strong>est</strong></span> <span class='ocrx_word' id='word_1_702' title='bbox 1147 4273 1441 4326; x_wconf 90' lang='lat' dir='ltr'><strong>secundum</strong></span> <span class='ocrx_word' id='word_1_703' title='bbox 1478 4271 1530 4325; x_wconf 92' lang='lat' dir='ltr'><strong>id</strong></span> <span class='ocrx_word' id='word_1_704' title='bbox 1561 4271 1702 4341; x_wconf 90' lang='lat' dir='ltr'><strong>quod</strong></span> <span class='ocrx_word' id='word_1_705' title='bbox 1730 4273 1981 4340; x_wconf 87' lang='lat' dir='ltr'><strong>scriptum</strong></span> 
     </span>
    </p>
   </div>
   <div class='ocr_carea' id='block_1_88' title="bbox 2105 4267 3667 4348">
    <p class='ocr_par' dir='ltr' id='par_1_88' title="bbox 2105 4272 3667 4348">
     <span class='ocr_line' id='line_1_88' title="bbox 2105 4272 3667 4348; baseline 0.001 -23"><span class='ocrx_word' id='word_1_706' title='bbox 2105 4273 2338 4341; x_wconf 61' lang='grc' dir='ltr'><strong>ἐκλήθη.</strong></span> <span class='ocrx_word' id='word_1_707' title='bbox 2375 4273 2532 4336; x_wconf 81' lang='grc' dir='ltr'><strong>Φίλος</strong></span> <span class='ocrx_word' id='word_1_708' title='bbox 2567 4272 2702 4326; x_wconf 89' lang='grc' dir='ltr'>Θεοῦ</span> <span class='ocrx_word' id='word_1_709' title='bbox 2732 4277 2760 4326; x_wconf 91' lang='grc' dir='ltr'>ὁ</span> <span class='ocrx_word' id='word_1_710' title='bbox 2797 4275 3062 4344; x_wconf 83' lang='grc' dir='ltr'><strong>μακάριος</strong></span> <span class='ocrx_word' id='word_1_711' title='bbox 3103 4275 3350 4346; x_wconf 77' lang='grc' dir='ltr'><strong>Ἀϐραὰμ</strong></span> <span class='ocrx_word' id='word_1_712' title='bbox 3380 4277 3474 4330; x_wconf 75' lang='grc' dir='ltr'><strong>καὶ</strong></span> <span class='ocrx_word' id='word_1_713' title='bbox 3511 4277 3667 4348; x_wconf 76' lang='grc' dir='ltr'><strong>εἴρη-</strong></span> 
     </span>
    </p>
   </div>
   <div class='ocr_carea' id='block_1_89' title="bbox 415 4359 1977 4439">
    <p class='ocr_par' dir='ltr' id='par_1_89' title="bbox 415 4359 1977 4430">
     <span class='ocr_line' id='line_1_89' title="bbox 415 4359 1977 4430; baseline 0.001 -16"><span class='ocrx_word' id='word_1_714' title='bbox 415 4369 500 4415; x_wconf 85' lang='lat' dir='ltr'><strong>est</strong></span> <span class='ocrx_word' id='word_1_715' title='bbox 532 4378 546 4414; x_wconf 92' lang='lat'>:</span> <span class='ocrx_word' id='word_1_716' title='bbox 577 4359 644 4414; x_wconf 83' lang='grc' dir='ltr'><strong>1η</strong></span> <span class='ocrx_word' id='word_1_717' title='bbox 673 4361 963 4430; x_wconf 82' lang='lat' dir='ltr'><strong>malignam</strong></span> <span class='ocrx_word' id='word_1_718' title='bbox 994 4364 1224 4416; x_wconf 82' lang='lat' dir='ltr'><strong>animum</strong></span> <span class='ocrx_word' id='word_1_719' title='bbox 1255 4379 1360 4418; x_wconf 85' lang='lat' dir='ltr'><strong>non</strong></span> <span class='ocrx_word' id='word_1_720' title='bbox 1388 4364 1627 4417; x_wconf 83' lang='lat' dir='ltr'><strong>introibit</strong></span> <span class='ocrx_word' id='word_1_721' title='bbox 1654 4363 1914 4429; x_wconf 79' lang='lat' dir='ltr'><strong>sapientia</strong></span> <span class='ocrx_word' id='word_1_722' title='bbox 1945 4361 1977 4415; x_wconf 73' lang='lat'><strong>‘.</strong></span> 
     </span>
    </p>
   </div>
   <div class='ocr_carea' id='block_1_90' title="bbox 2107 4359 3669 4439">
    <p class='ocr_par' dir='ltr' id='par_1_90' title="bbox 2107 4364 3669 4439">
     <span class='ocr_line' id='line_1_90' title="bbox 2107 4364 3669 4439; baseline 0.001 -21"><span class='ocrx_word' id='word_1_723' title='bbox 2107 4383 2201 4427; x_wconf 75' lang='lat' dir='ltr'><strong>rat,</strong></span> <span class='ocrx_word' id='word_1_724' title='bbox 2239 4366 2332 4419; x_wconf 69' lang='grc' dir='ltr'><strong>καὶ</strong></span> <span class='ocrx_word' id='word_1_725' title='bbox 2363 4365 2498 4419; x_wconf 79' lang='grc' dir='ltr'><strong>ἐστι.</strong></span> <span class='ocrx_word' id='word_1_726' title='bbox 2527 4364 2684 4428; x_wconf 81' lang='grc' dir='ltr'><strong>Φίλος</strong></span> <span class='ocrx_word' id='word_1_727' title='bbox 2737 4365 2825 4419; x_wconf 69' lang='grc' dir='ltr'><strong>διὰ</strong></span> <span class='ocrx_word' id='word_1_728' title='bbox 2877 4366 3081 4432; x_wconf 84' lang='grc' dir='ltr'><strong>πίστιν,</strong></span> <span class='ocrx_word' id='word_1_729' title='bbox 3128 4369 3278 4437; x_wconf 83' lang='grc' dir='ltr'><strong>φίλος</strong></span> <span class='ocrx_word' id='word_1_730' title='bbox 3321 4369 3389 4421; x_wconf 79' lang='grc' dir='ltr'><strong>δι’</strong></span> <span class='ocrx_word' id='word_1_731' title='bbox 3417 4369 3669 4439; x_wconf 70' lang='grc' dir='ltr'><strong>ὑπακοὴν</strong></span> 
     </span>
    </p>
   </div>
   <div class='ocr_carea' id='block_1_91' title="bbox 418 4453 1980 4556">
    <p class='ocr_par' dir='ltr' id='par_1_91' title="bbox 418 4453 1980 4524">
     <span class='ocr_line' id='line_1_91' title="bbox 418 4453 1980 4524; baseline 0.001 -17"><span class='ocrx_word' id='word_1_732' title='bbox 418 4453 654 4507; x_wconf 85' lang='lat' dir='ltr'><strong>Credidit</strong></span> <span class='ocrx_word' id='word_1_733' title='bbox 699 4465 876 4508; x_wconf 88' lang='lat' dir='ltr'><strong>autem</strong></span> <span class='ocrx_word' id='word_1_734' title='bbox 923 4455 1189 4509; x_wconf 80' lang='lat' dir='ltr'><strong>Abraham</strong></span> <span class='ocrx_word' id='word_1_735' title='bbox 1221 4453 1356 4521; x_wconf 85' lang='lat' dir='ltr'><strong>Deo,</strong></span> <span class='ocrx_word' id='word_1_736' title='bbox 1394 4467 1444 4510; x_wconf 87' lang='lat' dir='ltr'><strong>et</strong></span> <span class='ocrx_word' id='word_1_737' title='bbox 1493 4465 1787 4524; x_wconf 82' lang='lat' dir='ltr'><strong>reputatum</strong></span> <span class='ocrx_word' id='word_1_738' title='bbox 1824 4465 1896 4508; x_wconf 79' lang='lat' dir='ltr'><strong>est</strong></span> <span class='ocrx_word' id='word_1_739' title='bbox 1943 4457 1980 4508; x_wconf 75' lang='lat' dir='ltr'><strong>ei</strong></span> 
     </span>
    </p>
   </div>
   <div class='ocr_carea' id='block_1_92' title="bbox 2099 4453 3661 4556">
    <p class='ocr_par' dir='ltr' id='par_1_92' title="bbox 2099 4456 3661 4530">
     <span class='ocr_line' id='line_1_92' title="bbox 2099 4456 3661 4530; baseline 0.002 -21"><span class='ocrx_word' id='word_1_740' title='bbox 2099 4456 2223 4510; x_wconf 84' lang='grc' dir='ltr'>Θεοῦ</span> <span class='ocrx_word' id='word_1_741' title='bbox 2252 4473 2264 4486; x_wconf 74' lang='grc' dir='ltr'>ο</span> <span class='ocrx_word' id='word_1_742' title='bbox 2297 4458 2360 4508; x_wconf 82' lang='grc' dir='ltr'><strong>σὺ</strong></span> <span class='ocrx_word' id='word_1_743' title='bbox 2383 4457 2439 4511; x_wconf 82' lang='grc' dir='ltr'>δὲ</span> <span class='ocrx_word' id='word_1_744' title='bbox 2470 4456 2661 4526; x_wconf 80' lang='grc' dir='ltr'><strong>ἐχθρὸς</strong></span> <span class='ocrx_word' id='word_1_745' title='bbox 2689 4456 2778 4509; x_wconf 80' lang='grc' dir='ltr'><strong>διὰ</strong></span> <span class='ocrx_word' id='word_1_746' title='bbox 2803 4459 3059 4512; x_wconf 81' lang='grc' dir='ltr'><strong>ἀπιστίαν</strong></span> <span class='ocrx_word' id='word_1_747' title='bbox 3087 4460 3182 4512; x_wconf 79' lang='grc' dir='ltr'><strong>καὶ</strong></span> <span class='ocrx_word' id='word_1_748' title='bbox 3206 4462 3487 4530; x_wconf 71' lang='grc' dir='ltr'><strong>παρακοὴν</strong></span> <span class='ocrx_word' id='word_1_749' title='bbox 3501 4461 3661 4514; x_wconf 82' lang='grc' dir='ltr'>Θεοῦ.</span> 
     </span>
    </p>
   </div>
   <div class='ocr_carea' id='block_1_93' title="bbox 417 4547 1979 4621">
    <p class='ocr_par' dir='ltr' id='par_1_93' title="bbox 417 4547 1979 4620">
     <span class='ocr_line' id='line_1_93' title="bbox 417 4547 1979 4620; baseline 0.003 -21"><span class='ocrx_word' id='word_1_750' title='bbox 417 4547 487 4599; x_wconf 87' lang='lat' dir='ltr'><strong>ad</strong></span> <span class='ocrx_word' id='word_1_751' title='bbox 500 4548 790 4617; x_wconf 80' lang='lat' dir='ltr'><strong>justitiam,</strong></span> <span class='ocrx_word' id='word_1_752' title='bbox 817 4567 879 4604; x_wconf 89' lang='lat' dir='ltr'><strong>ac</strong></span> <span class='ocrx_word' id='word_1_753' title='bbox 910 4549 1004 4604; x_wconf 87' lang='lat' dir='ltr'><strong>Dei</strong></span> <span class='ocrx_word' id='word_1_754' title='bbox 1035 4551 1235 4604; x_wconf 84' lang='lat' dir='ltr'><strong>amicus</strong></span> <span class='ocrx_word' id='word_1_755' title='bbox 1266 4551 1558 4620; x_wconf 85' lang='lat' dir='ltr'><strong>appellatus</strong></span> <span class='ocrx_word' id='word_1_756' title='bbox 1593 4551 1728 4604; x_wconf 85' lang='lat' dir='ltr'><strong>est&quot;.</strong></span> <span class='ocrx_word' id='word_1_757' title='bbox 1767 4549 1979 4604; x_wconf 82' lang='lat' dir='ltr'><strong>Amicus</strong></span> 
     </span>
    </p>
   </div>
   <div class='ocr_carea' id='block_1_94' title="bbox 2104 4547 3666 4621">
    <p class='ocr_par' dir='ltr' id='par_1_94' title="bbox 2105 4547 3666 4621">
     <span class='ocr_line' id='line_1_94' title="bbox 2105 4547 3666 4621; baseline 0 -19"><span class='ocrx_word' id='word_1_758' title='bbox 2105 4548 2418 4602; x_wconf 81' lang='grc' dir='ltr'><strong>Ἐπίστευσε</strong></span> <span class='ocrx_word' id='word_1_759' title='bbox 2449 4547 2506 4600; x_wconf 83' lang='grc' dir='ltr'>δὲ</span> <span class='ocrx_word' id='word_1_760' title='bbox 2541 4547 2789 4619; x_wconf 75' lang='grc' dir='ltr'><strong>’Δῦραὰμ</strong></span> <span class='ocrx_word' id='word_1_761' title='bbox 2830 4549 2907 4619; x_wconf 85' lang='grc' dir='ltr'><strong>τῷ</strong></span> <span class='ocrx_word' id='word_1_762' title='bbox 2943 4551 3082 4621; x_wconf 80' lang='grc' dir='ltr'>Θεῷ,</span> <span class='ocrx_word' id='word_1_763' title='bbox 3109 4552 3423 4605; x_wconf 75' lang='grc' dir='ltr'><strong>ἐπίστευσεν</strong></span> <span class='ocrx_word' id='word_1_764' title='bbox 3459 4552 3538 4615; x_wconf 80' lang='grc' dir='ltr'><strong>ὡς</strong></span> <span class='ocrx_word' id='word_1_765' title='bbox 3569 4553 3666 4606; x_wconf 78' lang='grc' dir='ltr'><strong>αὑ-</strong></span> 
     </span>
    </p>
   </div>
   <div class='ocr_carea' id='block_1_95' title="bbox 416 4636 1978 4710">
    <p class='ocr_par' dir='ltr' id='par_1_95' title="bbox 416 4636 1978 4708">
     <span class='ocr_line' id='line_1_95' title="bbox 416 4636 1978 4708; baseline 0.001 -14"><span class='ocrx_word' id='word_1_766' title='bbox 416 4639 513 4694; x_wconf 88' lang='lat' dir='ltr'><strong>Dei</strong></span> <span class='ocrx_word' id='word_1_767' title='bbox 552 4640 743 4696; x_wconf 87' lang='lat' dir='ltr'><strong>beatus</strong></span> <span class='ocrx_word' id='word_1_768' title='bbox 773 4642 1045 4697; x_wconf 80' lang='lat' dir='ltr'><strong>Abraham</strong></span> <span class='ocrx_word' id='word_1_769' title='bbox 1091 4651 1147 4695; x_wconf 86' lang='lat' dir='ltr'><strong>et</strong></span> <span class='ocrx_word' id='word_1_770' title='bbox 1189 4636 1367 4698; x_wconf 89' lang='lat' dir='ltr'><strong>dictus</strong></span> <span class='ocrx_word' id='word_1_771' title='bbox 1396 4651 1501 4708; x_wconf 89' lang='lat' dir='ltr'><strong>est,</strong></span> <span class='ocrx_word' id='word_1_772' title='bbox 1532 4649 1717 4697; x_wconf 86' lang='lat' dir='ltr'><strong>etest.</strong></span> <span class='ocrx_word' id='word_1_773' title='bbox 1766 4641 1978 4696; x_wconf 82' lang='lat' dir='ltr'><strong>Amicus</strong></span> 
     </span>
    </p>
   </div>
   <div class='ocr_carea' id='block_1_96' title="bbox 2102 4636 3664 4710">
    <p class='ocr_par' dir='ltr' id='par_1_96' title="bbox 2102 4638 3664 4710">
     <span class='ocr_line' id='line_1_96' title="bbox 2102 4638 3664 4710; baseline 0.001 -17"><span class='ocrx_word' id='word_1_774' title='bbox 2102 4639 2201 4703; x_wconf 80' lang='grc' dir='ltr'><strong>ιδς,</strong></span> <span class='ocrx_word' id='word_1_775' title='bbox 2229 4641 2323 4692; x_wconf 70' lang='grc' dir='ltr'><strong>καὶ</strong></span> <span class='ocrx_word' id='word_1_776' title='bbox 2349 4640 2447 4691; x_wconf 77' lang='grc' dir='ltr'>οὐκ</span> <span class='ocrx_word' id='word_1_777' title='bbox 2477 4638 2776 4707; x_wconf 72' lang='grc' dir='ltr'><strong>ἠπίστησεν</strong></span> <span class='ocrx_word' id='word_1_778' title='bbox 2823 4639 2898 4701; x_wconf 86' lang='grc' dir='ltr'><strong>ὼς</strong></span> <span class='ocrx_word' id='word_1_779' title='bbox 2938 4641 3115 4710; x_wconf 84' lang='grc' dir='ltr'><strong>ὑμεῖς.</strong></span> <span class='ocrx_word' id='word_1_780' title='bbox 3149 4641 3248 4693; x_wconf 79' lang='grc' dir='ltr'><strong>Διά</strong></span> <span class='ocrx_word' id='word_1_781' title='bbox 3295 4640 3453 4694; x_wconf 83' lang='grc' dir='ltr'><strong>τοῦτο</strong></span> <span class='ocrx_word' id='word_1_782' title='bbox 3500 4640 3664 4704; x_wconf 69' lang='grc' dir='ltr'><strong>αὐτὸς</strong></span> 
     </span>
    </p>
   </div>
   <div class='ocr_carea' id='block_1_97' title="bbox 416 4750 1978 4884">
    <p class='ocr_par' dir='ltr' id='par_1_97' title="bbox 416 4755 1978 4884">
     <span class='ocr_line' id='line_1_97' title="bbox 485 4755 1978 4825; baseline 0.001 -14"><span class='ocrx_word' id='word_1_783' title='bbox 485 4755 532 4789; x_wconf 86' lang='grc'><strong><em>⁹⁹</em></strong></span> <span class='ocrx_word' id='word_1_784' title='bbox 557 4756 714 4812; x_wconf 87' lang='lat' dir='ltr'><strong>Joan.</strong></span> <span class='ocrx_word' id='word_1_785' title='bbox 747 4775 787 4814; x_wconf 86' lang='lat' dir='ltr'><strong>l.</strong></span> <span class='ocrx_word' id='word_1_786' title='bbox 827 4759 878 4814; x_wconf 79' lang='lat'><strong>5.</strong></span> <span class='ocrx_word' id='word_1_787' title='bbox 960 4762 974 4791; x_wconf 87' lang='grc'>¹</span> <span class='ocrx_word' id='word_1_788' title='bbox 1005 4759 1105 4813; x_wconf 79' lang='lat' dir='ltr'><strong>lsa.</strong></span> <span class='ocrx_word' id='word_1_789' title='bbox 1137 4776 1176 4825; x_wconf 86' lang='grc' dir='ltr'><strong>ι,</strong></span> <span class='ocrx_word' id='word_1_790' title='bbox 1205 4761 1262 4814; x_wconf 96' lang='grc'><strong>2.</strong></span> <span class='ocrx_word' id='word_1_791' title='bbox 1327 4764 1348 4792; x_wconf 82' lang='grc'>³</span> <span class='ocrx_word' id='word_1_792' title='bbox 1378 4759 1548 4814; x_wconf 80' lang='lat' dir='ltr'><strong>Exod.</strong></span> <span class='ocrx_word' id='word_1_793' title='bbox 1582 4773 1654 4817; x_wconf 82' lang='lat' dir='ltr'><strong>tv.</strong></span> <span class='ocrx_word' id='word_1_794' title='bbox 1701 4757 1790 4812; x_wconf 84' lang='grc'><strong>22.</strong></span> <span class='ocrx_word' id='word_1_795' title='bbox 1868 4757 1888 4788; x_wconf 86' lang='grc'>³</span> <span class='ocrx_word' id='word_1_796' title='bbox 1916 4756 1978 4813; x_wconf 78' lang='lat' dir='ltr'><strong>Os</strong></span> 
     </span>
     <span class='ocr_line' id='line_1_98' title="bbox 416 4825 793 4884; baseline 0.008 -6"><span class='ocrx_word' id='word_1_797' title='bbox 416 4827 436 4858; x_wconf 85' lang='grc'><strong>⁷</strong></span> <span class='ocrx_word' id='word_1_798' title='bbox 463 4825 577 4882; x_wconf 88' lang='lat' dir='ltr'><strong>Jac.</strong></span> <span class='ocrx_word' id='word_1_799' title='bbox 613 4846 672 4884; x_wconf 85' lang='grc' dir='ltr'><strong>ιι.</strong></span> <span class='ocrx_word' id='word_1_800' title='bbox 703 4829 793 4882; x_wconf 83' lang='grc'><strong>25.</strong></span> 
     </span>
    </p>
   </div>
   <div class='ocr_carea' id='block_1_98' title="bbox 2095 4750 3657 4884">
    <p class='ocr_par' dir='ltr' id='par_1_98' title="bbox 2095 4750 3657 4823">
     <span class='ocr_line' id='line_1_99' title="bbox 2095 4750 3657 4823; baseline 0.001 -14"><span class='ocrx_word' id='word_1_801' title='bbox 2095 4771 2186 4822; x_wconf 77' lang='grc' dir='ltr'><strong>ιιν,</strong></span> <span class='ocrx_word' id='word_1_802' title='bbox 2219 4753 2302 4810; x_wconf 82' lang='grc'><strong>10.</strong></span> <span class='ocrx_word' id='word_1_803' title='bbox 2379 4754 2399 4783; x_wconf 72' lang='grc'>⁸</span> <span class='ocrx_word' id='word_1_804' title='bbox 2426 4750 2692 4818; x_wconf 78' lang='lat' dir='ltr'><strong>lTim.vr,</strong></span> <span class='ocrx_word' id='word_1_805' title='bbox 2727 4753 2780 4809; x_wconf 72' lang='grc'><strong>4.</strong></span> <span class='ocrx_word' id='word_1_806' title='bbox 2855 4755 2876 4785; x_wconf 83' lang='grc'><strong><em>⁵</em></strong></span> <span class='ocrx_word' id='word_1_807' title='bbox 2907 4753 3067 4808; x_wconf 78' lang='lat' dir='ltr'><strong>Hebr.</strong></span> <span class='ocrx_word' id='word_1_808' title='bbox 3101 4771 3177 4819; x_wconf 72' lang='grc' dir='ltr'><strong>ιι,</strong></span> <span class='ocrx_word' id='word_1_809' title='bbox 3205 4753 3257 4808; x_wconf 88' lang='lat'><strong>6.</strong></span> <span class='ocrx_word' id='word_1_810' title='bbox 3334 4756 3354 4786; x_wconf 88' lang='grc'><strong><em>⁶</em></strong></span> <span class='ocrx_word' id='word_1_811' title='bbox 3385 4753 3514 4823; x_wconf 82' lang='lat' dir='ltr'><strong>Sap.</strong></span> <span class='ocrx_word' id='word_1_812' title='bbox 3543 4772 3585 4820; x_wconf 87' lang='grc' dir='ltr'><strong>ι,</strong></span> <span class='ocrx_word' id='word_1_813' title='bbox 3612 4756 3657 4810; x_wconf 79' lang='grc' dir='ltr'><strong>ι.</strong></span> 
     </span>
    </p>
   </div>
   <div class='ocr_carea' id='block_1_99' title="bbox 489 5006 3661 5078">
    <p class='ocr_par' dir='ltr' id='par_1_99' title="bbox 489 5006 3661 5078">
     <span class='ocr_line' id='line_1_100' title="bbox 489 5006 3661 5078; baseline 0 -17"><span class='ocrx_word' id='word_1_814' title='bbox 489 5006 602 5077; x_wconf 81' lang='grc'><strong>(29)</strong></span> <span class='ocrx_word' id='word_1_815' title='bbox 626 5007 680 5059; x_wconf 85' lang='grc' dir='ltr'><strong>1η</strong></span> <span class='ocrx_word' id='word_1_816' title='bbox 731 5009 891 5078; x_wconf 87' lang='lat' dir='ltr'><strong>editis</strong></span> <span class='ocrx_word' id='word_1_817' title='bbox 916 5016 973 5078; x_wconf 85' lang='lat' dir='ltr'><strong>et</strong></span> <span class='ocrx_word' id='word_1_818' title='bbox 1021 5007 1075 5064; x_wconf 91' lang='lat' dir='ltr'><strong>in</strong></span> <span class='ocrx_word' id='word_1_819' title='bbox 1107 5009 1376 5078; x_wconf 85' lang='lat' dir='ltr'><strong>aliquibus</strong></span> <span class='ocrx_word' id='word_1_820' title='bbox 1423 5024 1554 5062; x_wconf 86' lang='lat' dir='ltr'><strong>mss.</strong></span> <span class='ocrx_word' id='word_1_821' title='bbox 1579 5018 1832 5077; x_wconf 82' lang='lat' dir='ltr'><strong>corrupte</strong></span> <span class='ocrx_word' id='word_1_822' title='bbox 1854 5007 1987 5077; x_wconf 81' lang='lat' dir='ltr'><strong>legi-</strong></span> <span class='ocrx_word' id='word_1_823' title='bbox 2084 5019 2295 5072; x_wconf 73' lang='lat' dir='ltr'><strong>animm,</strong></span> <span class='ocrx_word' id='word_1_824' title='bbox 2322 5009 2455 5062; x_wconf 81' lang='lat' dir='ltr'><strong>male</strong></span> <span class='ocrx_word' id='word_1_825' title='bbox 2483 5020 2531 5063; x_wconf 87' lang='lat' dir='ltr'><strong>et</strong></span> <span class='ocrx_word' id='word_1_826' title='bbox 2558 5011 2763 5066; x_wconf 82' lang='lat' dir='ltr'><strong>curiose</strong></span> <span class='ocrx_word' id='word_1_827' title='bbox 2804 5012 2868 5064; x_wconf 87' lang='lat' dir='ltr'><strong>de</strong></span> <span class='ocrx_word' id='word_1_828' title='bbox 2896 5009 3001 5063; x_wconf 84' lang='lat' dir='ltr'><strong>Deo</strong></span> <span class='ocrx_word' id='word_1_829' title='bbox 3050 5026 3302 5073; x_wconf 66' lang='lat' dir='ltr'><strong>quaerere,</strong></span> <span class='ocrx_word' id='word_1_830' title='bbox 3332 5029 3393 5065; x_wconf 89' lang='lat' dir='ltr'><strong>ea</strong></span> <span class='ocrx_word' id='word_1_831' title='bbox 3431 5015 3661 5066; x_wconf 68' lang='lat' dir='ltr'><strong>maxime</strong></span> 
     </span>
    </p>
   </div>
   <div class='ocr_carea' id='block_1_100' title="bbox 417 5077 3660 5148">
    <p class='ocr_par' dir='ltr' id='par_1_100' title="bbox 417 5077 3660 5148">
     <span class='ocr_line' id='line_1_101' title="bbox 417 5077 3660 5148; baseline 0.002 -18"><span class='ocrx_word' id='word_1_832' title='bbox 417 5085 520 5148; x_wconf 67' lang='lat' dir='ltr'><strong>tur.</strong></span> <span class='ocrx_word' id='word_1_833' title='bbox 557 5078 691 5131; x_wconf 90' lang='grc' dir='ltr'>Θεοῦ</span> <span class='ocrx_word' id='word_1_834' title='bbox 716 5079 765 5132; x_wconf 80' lang='grc' dir='ltr'><strong>οἱ</strong></span> <span class='ocrx_word' id='word_1_835' title='bbox 795 5077 941 5132; x_wconf 91' lang='grc' dir='ltr'><strong>θετοί</strong></span> <span class='ocrx_word' id='word_1_836' title='bbox 972 5096 986 5110; x_wconf 88' lang='grc'><strong>·</strong></span> <span class='ocrx_word' id='word_1_837' title='bbox 1052 5091 1108 5132; x_wconf 87' lang='lat' dir='ltr'><strong>at</strong></span> <span class='ocrx_word' id='word_1_838' title='bbox 1135 5077 1209 5133; x_wconf 13' lang='lat' dir='ltr'><strong>in,</strong></span> <span class='ocrx_word' id='word_1_839' title='bbox 1239 5080 1389 5134; x_wconf 87' lang='lat' dir='ltr'><strong>Colb.</strong></span> <span class='ocrx_word' id='word_1_840' title='bbox 1424 5088 1478 5133; x_wconf 90' lang='lat' dir='ltr'><strong>et</strong></span> <span class='ocrx_word' id='word_1_841' title='bbox 1523 5081 1574 5133; x_wconf 90' lang='lat' dir='ltr'><strong>in</strong></span> <span class='ocrx_word' id='word_1_842' title='bbox 1628 5079 1747 5132; x_wconf 89' lang='lat' dir='ltr'><strong>aliis</strong></span> <span class='ocrx_word' id='word_1_843' title='bbox 1777 5077 1987 5148; x_wconf 85' lang='lat' dir='ltr'><strong>duobus</strong></span> <span class='ocrx_word' id='word_1_844' title='bbox 2083 5096 2198 5142; x_wconf 67' lang='lat' dir='ltr'><strong>quia</strong></span> <span class='ocrx_word' id='word_1_845' title='bbox 2220 5097 2336 5132; x_wconf 88' lang='lat' dir='ltr'><strong>cum</strong></span> <span class='ocrx_word' id='word_1_846' title='bbox 2359 5080 2462 5142; x_wconf 81' lang='lat' dir='ltr'><strong>[ide</strong></span> <span class='ocrx_word' id='word_1_847' title='bbox 2507 5081 2707 5133; x_wconf 80' lang='lat' dir='ltr'><strong>cunctis</strong></span> <span class='ocrx_word' id='word_1_848' title='bbox 2727 5081 2999 5148; x_wconf 75' lang='lat' dir='ltr'><strong>perspicua</strong></span> <span class='ocrx_word' id='word_1_849' title='bbox 3023 5091 3162 5133; x_wconf 83' lang='lat' dir='ltr'><strong>sunt.</strong></span> <span class='ocrx_word' id='word_1_850' title='bbox 3210 5081 3388 5136; x_wconf 78' lang='lat' dir='ltr'><strong>Codex</strong></span> <span class='ocrx_word' id='word_1_851' title='bbox 3421 5082 3574 5135; x_wconf 85' lang='lat' dir='ltr'><strong>Colb.</strong></span> <span class='ocrx_word' id='word_1_852' title='bbox 3606 5093 3660 5135; x_wconf 73' lang='lat' dir='ltr'><strong>et</strong></span> 
     </span>
    </p>
   </div>
   <div class='ocr_carea' id='block_1_101' title="bbox 415 5144 1977 5222">
    <p class='ocr_par' dir='ltr' id='par_1_101' title="bbox 415 5144 1977 5222">
     <span class='ocr_line' id='line_1_102' title="bbox 415 5144 1977 5222; baseline -0.001 -18"><span class='ocrx_word' id='word_1_853' title='bbox 415 5144 596 5222; x_wconf 78' lang='lat' dir='ltr'><strong>Regiis</strong></span> <span class='ocrx_word' id='word_1_854' title='bbox 622 5150 906 5204; x_wconf 87' lang='lat' dir='ltr'><strong>emendate</strong></span> <span class='ocrx_word' id='word_1_855' title='bbox 938 5149 1202 5218; x_wconf 83' lang='lat' dir='ltr'><strong>scriptum</strong></span> <span class='ocrx_word' id='word_1_856' title='bbox 1240 5149 1542 5205; x_wconf 83' lang='lat' dir='ltr'><strong>invenimus</strong></span> <span class='ocrx_word' id='word_1_857' title='bbox 1568 5149 1725 5214; x_wconf 89' lang='grc' dir='ltr'>Θεοῦ,</span> <span class='ocrx_word' id='word_1_858' title='bbox 1763 5147 1869 5202; x_wconf 73' lang='grc' dir='ltr'><strong>υἱοὶ</strong></span> <span class='ocrx_word' id='word_1_859' title='bbox 1899 5146 1977 5204; x_wconf 84' lang='grc' dir='ltr'><strong>θε·</strong></span> 
     </span>
    </p>
   </div>
   <div class='ocr_carea' id='block_1_102' title="bbox 2093 5144 3655 5222">
    <p class='ocr_par' dir='ltr' id='par_1_102' title="bbox 2093 5144 3655 5222">
     <span class='ocr_line' id='line_1_103' title="bbox 2093 5144 3655 5222; baseline 0.001 -21"><span class='ocrx_word' id='word_1_860' title='bbox 2093 5149 2232 5222; x_wconf 63' lang='lat' dir='ltr'><strong>liegii</strong></span> <span class='ocrx_word' id='word_1_861' title='bbox 2259 5158 2484 5222; x_wconf 85' lang='lat' dir='ltr'><strong>quartus</strong></span> <span class='ocrx_word' id='word_1_862' title='bbox 2514 5162 2566 5202; x_wconf 87' lang='lat' dir='ltr'><strong>et</strong></span> <span class='ocrx_word' id='word_1_863' title='bbox 2592 5144 2809 5222; x_wconf 86' lang='lat' dir='ltr'><strong>quintus</strong></span> <span class='ocrx_word' id='word_1_864' title='bbox 2831 5151 2953 5204; x_wconf 86' lang='grc' dir='ltr'><strong>’Ότι</strong></span> <span class='ocrx_word' id='word_1_865' title='bbox 2973 5145 3028 5204; x_wconf 86' lang='grc' dir='ltr'><strong>δὲ</strong></span> <span class='ocrx_word' id='word_1_866' title='bbox 3052 5150 3318 5220; x_wconf 71' lang='grc' dir='ltr'><strong>ψυχῆς...</strong></span> <span class='ocrx_word' id='word_1_867' title='bbox 3347 5153 3472 5222; x_wconf 73' lang='grc' dir='ltr'><strong>περὶ</strong></span> <span class='ocrx_word' id='word_1_868' title='bbox 3497 5151 3655 5212; x_wconf 87' lang='grc' dir='ltr'>Θεοῦ,</span> 
     </span>
    </p>
   </div>
   <div class='ocr_carea' id='block_1_103' title="bbox 411 5219 3657 5291">
    <p class='ocr_par' dir='ltr' id='par_1_103' title="bbox 411 5219 3657 5291">
     <span class='ocr_line' id='line_1_104' title="bbox 411 5219 3657 5291; baseline 0.001 -21"><span class='ocrx_word' id='word_1_869' title='bbox 411 5219 538 5291; x_wconf 21' lang='grc' dir='ltr'><strong>τοία</strong></span> <span class='ocrx_word' id='word_1_870' title='bbox 581 5288 588 5291; x_wconf 76' lang='lat'><strong><em>_</em></strong></span> <span class='ocrx_word' id='word_1_871' title='bbox 631 5285 724 5291; x_wconf 30' lang='grc' dir='ltr'><strong>*μ</strong></span> <span class='ocrx_word' id='word_1_872' title='bbox 757 5288 768 5291; x_wconf 87' lang='lat'><em>_</em></span> <span class='ocrx_word' id='word_1_873' title='bbox 919 5290 928 5291; x_wconf 15' lang='grc' dir='ltr'>ί</span> <span class='ocrx_word' id='word_1_874' title='bbox 1204 5288 1212 5291; x_wconf 18' lang='grc' dir='ltr'><strong>Α</strong></span> <span class='ocrx_word' id='word_1_875' title='bbox 1337 5287 1347 5291; x_wconf 29' lang='grc' dir='ltr'><strong>Α</strong></span> <span class='ocrx_word' id='word_1_876' title='bbox 1438 5289 1460 5291; x_wconf 15' lang='grc' dir='ltr'><strong>-ν</strong></span> <span class='ocrx_word' id='word_1_877' title='bbox 1762 5287 1772 5291; x_wconf 27' lang='grc' dir='ltr'><strong>Α</strong></span> <span class='ocrx_word' id='word_1_878' title='bbox 1835 5287 1854 5291; x_wconf 79' lang='lat'><strong><em>_</em></strong></span> <span class='ocrx_word' id='word_1_879' title='bbox 1934 5286 1959 5291; x_wconf 33' lang='grc' dir='ltr'><strong><em>Δ</em></strong></span> <span class='ocrx_word' id='word_1_880' title='bbox 2083 5220 2184 5291; x_wconf 23' lang='grc' dir='ltr'><strong>καὶ.</strong></span> <span class='ocrx_word' id='word_1_881' title='bbox 2213 5221 2446 5290; x_wconf 87' lang='grc' dir='ltr'><strong>μάλιστα</strong></span> <span class='ocrx_word' id='word_1_882' title='bbox 2491 5221 2630 5290; x_wconf 85' lang='grc' dir='ltr'><strong>μετά</strong></span> <span class='ocrx_word' id='word_1_883' title='bbox 2680 5221 2957 5284; x_wconf 85' lang='grc' dir='ltr'><strong>ἀπιστίας,</strong></span> <span class='ocrx_word' id='word_1_884' title='bbox 3019 5219 3152 5273; x_wconf 81' lang='grc' dir='ltr'><strong>πᾶσι</strong></span> <span class='ocrx_word' id='word_1_885' title='bbox 3188 5219 3441 5291; x_wconf 27' lang='grc' dir='ltr'><strong>ίφανερὸν</strong></span> <span class='ocrx_word' id='word_1_886' title='bbox 3472 5237 3487 5252; x_wconf 78' lang='grc' dir='ltr'><strong>ο</strong></span> <span class='ocrx_word' id='word_1_887' title='bbox 3538 5239 3657 5288; x_wconf 72' lang='lat' dir='ltr'><strong>qua:</strong></span> 
     </span>
    </p>
   </div>
   <div class='ocr_carea' id='block_1_104' title="bbox 490 5285 2052 5361">
    <p class='ocr_par' dir='ltr' id='par_1_104' title="bbox 490 5285 1982 5361">
     <span class='ocr_line' id='line_1_105' title="bbox 490 5285 1982 5361; baseline 0 -19"><span class='ocrx_word' id='word_1_888' title='bbox 490 5285 769 5361; x_wconf 77' lang='lat' dir='ltr'><strong>l50)__Editi</strong></span> <span class='ocrx_word' id='word_1_889' title='bbox 807 5295 862 5361; x_wconf 83' lang='lat' dir='ltr'><strong>et</strong></span> <span class='ocrx_word' id='word_1_890' title='bbox 897 5290 1006 5344; x_wconf 90' lang='lat' dir='ltr'><strong>duo</strong></span> <span class='ocrx_word' id='word_1_891' title='bbox 1037 5304 1166 5344; x_wconf 91' lang='lat' dir='ltr'><strong>mss.</strong></span> <span class='ocrx_word' id='word_1_892' title='bbox 1198 5288 1280 5343; x_wconf 80' lang='grc' dir='ltr'><strong>ὅτι</strong></span> <span class='ocrx_word' id='word_1_893' title='bbox 1320 5287 1500 5361; x_wconf 77' lang='grc' dir='ltr'><strong>ψυχῆς</strong></span> <span class='ocrx_word' id='word_1_894' title='bbox 1539 5328 1554 5342; x_wconf 91' lang='grc'><strong>.</strong></span> <span class='ocrx_word' id='word_1_895' title='bbox 1576 5329 1590 5342; x_wconf 94' lang='grc'><strong>.</strong></span> <span class='ocrx_word' id='word_1_896' title='bbox 1612 5331 1624 5344; x_wconf 97' lang='grc'><strong>.</strong></span> <span class='ocrx_word' id='word_1_897' title='bbox 1655 5287 1803 5361; x_wconf 59' lang='grc' dir='ltr'><strong>περι</strong></span> <span class='ocrx_word' id='word_1_898' title='bbox 1823 5286 1982 5361; x_wconf 77' lang='grc' dir='ltr'>Θεοῦ,</span> 
     </span>
    </p>
   </div>
   <div class='ocr_carea' id='block_1_105' title="bbox 2095 5285 3657 5361">
    <p class='ocr_par' dir='ltr' id='par_1_105' title="bbox 2095 5285 3657 5361">
     <span class='ocr_line' id='line_1_106' title="bbox 2095 5285 3657 5361; baseline -0.001 -16"><span class='ocrx_word' id='word_1_899' title='bbox 2095 5285 2348 5361; x_wconf 76' lang='lat' dir='ltr'><strong>scriptura</strong></span> <span class='ocrx_word' id='word_1_900' title='bbox 2383 5285 2509 5356; x_wconf 78' lang='lat' dir='ltr'><strong>quin</strong></span> <span class='ocrx_word' id='word_1_901' title='bbox 2548 5306 2672 5344; x_wconf 78' lang='lat' dir='ltr'><strong>vera</strong></span> <span class='ocrx_word' id='word_1_902' title='bbox 2705 5293 2776 5344; x_wconf 90' lang='lat' dir='ltr'><strong>sit</strong></span> <span class='ocrx_word' id='word_1_903' title='bbox 2804 5300 2860 5344; x_wconf 89' lang='lat' dir='ltr'><strong>et</strong></span> <span class='ocrx_word' id='word_1_904' title='bbox 2885 5307 3165 5359; x_wconf 83' lang='lat' dir='ltr'><strong>germana,</strong></span> <span class='ocrx_word' id='word_1_905' title='bbox 3193 5285 3360 5344; x_wconf 75' lang='lat' dir='ltr'><strong>nemo</strong></span> <span class='ocrx_word' id='word_1_906' title='bbox 3389 5285 3657 5344; x_wconf 78' lang='lat' dir='ltr'><strong>dubitabit</strong></span> 
     </span>
    </p>
   </div>
   <div class='ocr_carea' id='block_1_106' title="bbox 415 5357 1977 5432">
    <p class='ocr_par' dir='ltr' id='par_1_106' title="bbox 415 5357 1977 5432">
     <span class='ocr_line' id='line_1_107' title="bbox 415 5357 1977 5432; baseline 0.004 -24"><span class='ocrx_word' id='word_1_907' title='bbox 415 5358 508 5432; x_wconf 52' lang='grc' dir='ltr'><strong>ζα).</strong></span> <span class='ocrx_word' id='word_1_908' title='bbox 531 5357 764 5432; x_wconf 87' lang='grc' dir='ltr'><strong>μάλιστα</strong></span> <span class='ocrx_word' id='word_1_909' title='bbox 791 5359 888 5432; x_wconf 84' lang='grc' dir='ltr'><strong>μὲν</strong></span> <span class='ocrx_word' id='word_1_910' title='bbox 908 5361 976 5415; x_wconf 84' lang='grc' dir='ltr'><strong>τὰ</strong></span> <span class='ocrx_word' id='word_1_911' title='bbox 995 5361 1133 5431; x_wconf 87' lang='grc' dir='ltr'><strong>μετὰ</strong></span> <span class='ocrx_word' id='word_1_912' title='bbox 1151 5357 1409 5423; x_wconf 79' lang='grc' dir='ltr'><strong>ἀπιστίας</strong></span> <span class='ocrx_word' id='word_1_913' title='bbox 1421 5357 1570 5414; x_wconf 67' lang='grc' dir='ltr'><strong>’πᾶσι</strong></span> <span class='ocrx_word' id='word_1_914' title='bbox 1605 5357 1831 5431; x_wconf 79' lang='grc' dir='ltr'><strong>φανερά.</strong></span> <span class='ocrx_word' id='word_1_915' title='bbox 1852 5359 1977 5415; x_wconf 82' lang='lat' dir='ltr'><strong>Hinc</strong></span> 
     </span>
    </p>
   </div>
   <div class='ocr_carea' id='block_1_107' title="bbox 1935 5357 3497 5432">
    <p class='ocr_par' dir='ltr' id='par_1_107' title="bbox 1935 5357 3497 5432">
     <span class='ocr_line' id='line_1_108' title="bbox 1935 5357 3497 5432; baseline 0.001 -20"><span class='ocrx_word' id='word_1_916' title='bbox 1935 5378 1986 5415; x_wconf 77' lang='lat' dir='ltr'><strong>ie</strong></span> <span class='ocrx_word' id='word_1_917' title='bbox 2082 5359 2545 5432; x_wconf 15' lang='lat' dir='ltr'><strong>quiﬂhunclocum</strong></span> <span class='ocrx_word' id='word_1_918' title='bbox 2584 5361 2741 5432; x_wconf 77' lang='lat' dir='ltr'><strong>paulo</strong></span> <span class='ocrx_word' id='word_1_919' title='bbox 2772 5357 3028 5432; x_wconf 76' lang='lat' dir='ltr'><strong>attentius</strong></span> <span class='ocrx_word' id='word_1_920' title='bbox 3055 5361 3497 5432; x_wconf 69' lang='lat' dir='ltr'><strong>consideraverit.</strong></span> 
     </span>
    </p>
   </div>
   <div class='ocr_carea' id='block_1_108' title="bbox 414 5423 1976 5502">
    <p class='ocr_par' dir='ltr' id='par_1_108' title="bbox 414 5423 1976 5502">
     <span class='ocr_line' id='line_1_109' title="bbox 414 5423 1976 5502; baseline 0.003 -24"><span class='ocrx_word' id='word_1_921' title='bbox 414 5423 707 5502; x_wconf 71' lang='lat' dir='ltr'><strong>Carnarius</strong></span> <span class='ocrx_word' id='word_1_922' title='bbox 744 5447 757 5482; x_wconf 89' lang='lat'>:</span> <span class='ocrx_word' id='word_1_923' title='bbox 791 5423 1216 5484; x_wconf 57' lang='lat' dir='ltr'><strong>&#39;Animi&#39;morbus</strong></span> <span class='ocrx_word' id='word_1_924' title='bbox 1252 5443 1348 5495; x_wconf 87' lang='lat' dir='ltr'><strong>est,</strong></span> <span class='ocrx_word' id='word_1_925' title='bbox 1382 5432 1517 5485; x_wconf 79' lang='lat' dir='ltr'><strong>male</strong></span> <span class='ocrx_word' id='word_1_926' title='bbox 1549 5443 1593 5482; x_wconf 84' lang='lat' dir='ltr'><strong>et</strong></span> <span class='ocrx_word' id='word_1_927' title='bbox 1617 5423 1818 5483; x_wconf 73' lang='lat' dir='ltr'><strong>curiose</strong></span> <span class='ocrx_word' id='word_1_928' title='bbox 1840 5449 1976 5498; x_wconf 73' lang='lat' dir='ltr'><strong>quie-</strong></span> 
     </span>
    </p>
   </div>
   <div class='ocr_carea' id='block_1_109' title="bbox 2095 5423 3657 5502">
    <p class='ocr_par' dir='ltr' id='par_1_109' title="bbox 2097 5423 3657 5502">
     <span class='ocr_line' id='line_1_110' title="bbox 2097 5423 3657 5502; baseline 0 -19"><span class='ocrx_word' id='word_1_929' title='bbox 2097 5423 2114 5432; x_wconf 77' lang='grc'><em>”</em></span> <span class='ocrx_word' id='word_1_930' title='bbox 2155 5429 2264 5502; x_wconf 77' lang='lat' dir='ltr'><strong>(5i)</strong></span> <span class='ocrx_word' id='word_1_931' title='bbox 2297 5431 2460 5502; x_wconf 80' lang='lat' dir='ltr'><strong>Editi,</strong></span> <span class='ocrx_word' id='word_1_932' title='bbox 2495 5423 2787 5502; x_wconf 71' lang='grc' dir='ltr'><strong>προφητῶν</strong></span> <span class='ocrx_word' id='word_1_933' title='bbox 2811 5431 2903 5484; x_wconf 75' lang='grc' dir='ltr'><strong>καὶ</strong></span> <span class='ocrx_word' id='word_1_934' title='bbox 2928 5431 3242 5502; x_wconf 78' lang='grc' dir='ltr'><strong>ἀποστόλων</strong></span> <span class='ocrx_word' id='word_1_935' title='bbox 3275 5430 3468 5502; x_wconf 63' lang='grc' dir='ltr'><strong>αὑτοῦἶ</strong></span> <span class='ocrx_word' id='word_1_936' title='bbox 3501 5430 3657 5484; x_wconf 67' lang='lat' dir='ltr'><strong>Aulio</strong></span> 
     </span>
    </p>
   </div>
   <div class='ocr_carea' id='block_1_110' title="bbox 415 5497 1977 5572">
    <p class='ocr_par' dir='ltr' id='par_1_110' title="bbox 415 5497 1977 5572">
     <span class='ocr_line' id='line_1_111' title="bbox 415 5497 1977 5572; baseline 0.004 -24"><span class='ocrx_word' id='word_1_937' title='bbox 415 5509 530 5572; x_wconf 58' lang='lat' dir='ltr'><strong>fere</strong></span> <span class='ocrx_word' id='word_1_938' title='bbox 558 5497 621 5549; x_wconf 82' lang='lat' dir='ltr'><strong>de</strong></span> <span class='ocrx_word' id='word_1_939' title='bbox 650 5497 777 5572; x_wconf 79' lang='lat' dir='ltr'><strong>Deo,</strong></span> <span class='ocrx_word' id='word_1_940' title='bbox 807 5511 853 5552; x_wconf 87' lang='lat' dir='ltr'><strong>et</strong></span> <span class='ocrx_word' id='word_1_941' title='bbox 879 5502 1109 5554; x_wconf 81' lang='lat' dir='ltr'><strong>maxime</strong></span> <span class='ocrx_word' id='word_1_942' title='bbox 1130 5502 1339 5568; x_wconf 80' lang='lat' dir='ltr'><strong>quidem</strong></span> <span class='ocrx_word' id='word_1_943' title='bbox 1371 5517 1432 5572; x_wconf 65' lang='lat' dir='ltr'><strong>ea</strong></span> <span class='ocrx_word' id='word_1_944' title='bbox 1454 5518 1570 5567; x_wconf 74' lang='lat' dir='ltr'><strong>qum</strong></span> <span class='ocrx_word' id='word_1_945' title='bbox 1607 5518 1723 5572; x_wconf 82' lang='lat' dir='ltr'><strong>cum</strong></span> <span class='ocrx_word' id='word_1_946' title='bbox 1742 5497 1977 5554; x_wconf 80' lang='lat' dir='ltr'><strong>incredu-</strong></span> 
     </span>
    </p>
   </div>
   <div class='ocr_carea' id='block_1_111' title="bbox 2095 5497 3657 5572">
    <p class='ocr_par' dir='ltr' id='par_1_111' title="bbox 2095 5497 3657 5572">
     <span class='ocr_line' id='line_1_112' title="bbox 2095 5497 3657 5572; baseline 0.002 -21"><span class='ocrx_word' id='word_1_947' title='bbox 2095 5499 2173 5569; x_wconf 57' lang='lat' dir='ltr'><strong>ztti</strong></span> <span class='ocrx_word' id='word_1_948' title='bbox 2209 5497 2313 5554; x_wconf 87' lang='lat' dir='ltr'><strong>duo</strong></span> <span class='ocrx_word' id='word_1_949' title='bbox 2339 5501 2458 5554; x_wconf 87' lang='lat' dir='ltr'><strong>libri</strong></span> <span class='ocrx_word' id='word_1_950' title='bbox 2487 5497 2785 5572; x_wconf 61' lang='grc' dir='ltr'><strong>προφητῶν</strong></span> <span class='ocrx_word' id='word_1_951' title='bbox 2810 5500 2975 5554; x_wconf 80' lang='grc' dir='ltr'><strong>αὐτοῦ</strong></span> <span class='ocrx_word' id='word_1_952' title='bbox 3009 5501 3042 5572; x_wconf 82' lang='grc' dir='ltr'>ἢ</span> <span class='ocrx_word' id='word_1_953' title='bbox 3073 5501 3404 5555; x_wconf 80' lang='grc' dir='ltr'><strong>ἀποστόλων.</strong></span> <span class='ocrx_word' id='word_1_954' title='bbox 3451 5500 3657 5556; x_wconf 80' lang='lat' dir='ltr'><strong>Ibidem</strong></span> 
     </span>
    </p>
   </div>
   <div class='ocr_carea' id='block_1_112' title="bbox 415 5564 2787 5638">
    <p class='ocr_par' dir='ltr' id='par_1_112' title="bbox 415 5564 2787 5638">
     <span class='ocr_line' id='line_1_113' title="bbox 415 5564 2787 5638; baseline 0.004 -23"><span class='ocrx_word' id='word_1_955' title='bbox 415 5564 565 5638; x_wconf 70' lang='lat' dir='ltr'><strong>litate</strong></span> <span class='ocrx_word' id='word_1_956' title='bbox 592 5570 826 5638; x_wconf 54' lang='lat' dir='ltr'><strong>omnibus</strong></span> <span class='ocrx_word' id='word_1_957' title='bbox 861 5581 978 5622; x_wconf 86' lang='lat' dir='ltr'><strong>sunt</strong></span> <span class='ocrx_word' id='word_1_958' title='bbox 1027 5564 1328 5636; x_wconf 76' lang='lat' dir='ltr'><strong>manifesta.</strong></span> <span class='ocrx_word' id='word_1_959' title='bbox 1391 5564 1802 5638; x_wconf 77' lang='lat' dir='ltr'><strong>Trapezuntius,</strong></span> <span class='ocrx_word' id='word_1_960' title='bbox 1860 5587 1982 5624; x_wconf 87' lang='lat' dir='ltr'><strong>cum</strong></span> <span class='ocrx_word' id='word_1_961' title='bbox 2080 5564 2283 5635; x_wconf 71' lang='lat' dir='ltr'><strong>aliquot</strong></span> <span class='ocrx_word' id='word_1_962' title='bbox 2313 5585 2442 5625; x_wconf 89' lang='lat' dir='ltr'><strong>mss.</strong></span> <span class='ocrx_word' id='word_1_963' title='bbox 2474 5564 2787 5625; x_wconf 57' lang='grc' dir='ltr'><strong>ἀπούσόυσι.</strong></span> 
     </span>
    </p>
   </div>
   <div class='ocr_carea' id='block_1_113' title="bbox 368 5633 2978 5712">
    <p class='ocr_par' dir='ltr' id='par_1_113' title="bbox 368 5633 2978 5712">
     <span class='ocr_line' id='line_1_114' title="bbox 368 5633 2978 5712; baseline 0.004 -27"><span class='ocrx_word' id='word_1_964' title='bbox 368 5695 372 5699; x_wconf 30' lang='grc' dir='ltr'><em>ι</em></span> <span class='ocrx_word' id='word_1_965' title='bbox 416 5635 582 5712; x_wconf 49' lang='lat' dir='ltr'><strong>uerba</strong></span> <span class='ocrx_word' id='word_1_966' title='bbox 601 5633 788 5712; x_wconf 63' lang='lat' dir='ltr'><strong>Gram.)</strong></span> <span class='ocrx_word' id='word_1_967' title='bbox 827 5643 965 5692; x_wconf 89' lang='lat' dir='ltr'><strong>male</strong></span> <span class='ocrx_word' id='word_1_968' title='bbox 990 5633 1186 5712; x_wconf 80' lang='lat' dir='ltr'><strong>sonare</strong></span> <span class='ocrx_word' id='word_1_969' title='bbox 1215 5641 1444 5712; x_wconf 82' lang='lat' dir='ltr'><strong>videret,</strong></span> <span class='ocrx_word' id='word_1_970' title='bbox 1483 5633 1745 5712; x_wconf 66' lang='lat' dir='ltr'><strong>usqueeo</strong></span> <span class='ocrx_word' id='word_1_971' title='bbox 1769 5633 1866 5712; x_wconf 88' lang='lat' dir='ltr'><strong>sibi</strong></span> <span class='ocrx_word' id='word_1_972' title='bbox 1900 5642 1982 5694; x_wconf 82' lang='lat' dir='ltr'><strong>in-</strong></span> <span class='ocrx_word' id='word_1_973' title='bbox 2148 5633 2258 5712; x_wconf 64' lang='grc' dir='ltr'><strong>(ξ2)</strong></span> <span class='ocrx_word' id='word_1_974' title='bbox 2287 5641 2464 5712; x_wconf 67' lang='lat' dir='ltr'><strong>godex</strong></span> <span class='ocrx_word' id='word_1_975' title='bbox 2479 5639 2640 5712; x_wconf 57' lang='lat' dir='ltr'><strong>golb.</strong></span> <span class='ocrx_word' id='word_1_976' title='bbox 2669 5642 2797 5712; x_wconf 75' lang='grc' dir='ltr'><strong>περὶ</strong></span> <span class='ocrx_word' id='word_1_977' title='bbox 2823 5641 2978 5696; x_wconf 87' lang='grc' dir='ltr'>Θεοῦ.</span> 
     </span>
    </p>
   </div>
   <div class='ocr_carea' id='block_1_114' title="bbox 417 5703 1979 5784">
    <p class='ocr_par' dir='ltr' id='par_1_114' title="bbox 417 5703 1979 5784">
     <span class='ocr_line' id='line_1_115' title="bbox 417 5703 1979 5784; baseline 0.007 -28"><span class='ocrx_word' id='word_1_978' title='bbox 417 5703 604 5784; x_wconf 74' lang='lat' dir='ltr'><strong>dulsit.</strong></span> <span class='ocrx_word' id='word_1_979' title='bbox 627 5715 686 5784; x_wconf 89' lang='lat' dir='ltr'><strong>ut</strong></span> <span class='ocrx_word' id='word_1_980' title='bbox 714 5707 954 5784; x_wconf 52' lang='lat' dir='ltr'><strong>agitantes</strong></span> <span class='ocrx_word' id='word_1_981' title='bbox 969 5725 1067 5777; x_wconf 93' lang='lat' dir='ltr'><strong>pro</strong></span> <span class='ocrx_word' id='word_1_982' title='bbox 1091 5711 1348 5784; x_wconf 82' lang='grc' dir='ltr'><strong>ἀπιστίας</strong></span> <span class='ocrx_word' id='word_1_983' title='bbox 1366 5703 1579 5784; x_wconf 46' lang='lat' dir='ltr'><strong>legerit.-</strong></span> <span class='ocrx_word' id='word_1_984' title='bbox 1612 5710 1738 5784; x_wconf 84' lang='lat' dir='ltr'><strong>Ejus</strong></span> <span class='ocrx_word' id='word_1_985' title='bbox 1766 5711 1876 5764; x_wconf 69' lang='lat' dir='ltr'><strong>haec</strong></span> <span class='ocrx_word' id='word_1_986' title='bbox 1903 5721 1979 5766; x_wconf 74' lang='lat' dir='ltr'><strong>est</strong></span> 
     </span>
    </p>
   </div>
   <div class='ocr_carea' id='block_1_115' title="bbox 2095 5703 3657 5784">
    <p class='ocr_par' dir='ltr' id='par_1_115' title="bbox 2151 5703 3657 5784">
     <span class='ocr_line' id='line_1_116' title="bbox 2151 5703 3657 5784; baseline 0 -20"><span class='ocrx_word' id='word_1_987' title='bbox 2151 5703 2262 5784; x_wconf 46' lang='lat'><strong>(‘35)</strong></span> <span class='ocrx_word' id='word_1_988' title='bbox 2291 5710 2454 5784; x_wconf 79' lang='lat' dir='ltr'><strong>Editi,</strong></span> <span class='ocrx_word' id='word_1_989' title='bbox 2476 5710 2570 5774; x_wconf 83' lang='grc' dir='ltr'><strong>Είς</strong></span> <span class='ocrx_word' id='word_1_990' title='bbox 2599 5703 2924 5782; x_wconf 77' lang='grc' dir='ltr'><strong>κακότεχνον</strong></span> <span class='ocrx_word' id='word_1_991' title='bbox 2963 5713 3089 5784; x_wconf 88' lang='grc' dir='ltr'><strong>γάρ.</strong></span> <span class='ocrx_word' id='word_1_992' title='bbox 3120 5712 3376 5784; x_wconf 78' lang='lat' dir='ltr'><strong>Voculam</strong></span> <span class='ocrx_word' id='word_1_993' title='bbox 3412 5711 3526 5784; x_wconf 75' lang='grc' dir='ltr'><strong>γάρ</strong></span> <span class='ocrx_word' id='word_1_994' title='bbox 3560 5713 3657 5768; x_wconf 81' lang='lat' dir='ltr'><strong>de—</strong></span> 
     </span>
    </p>
   </div>
   <div class='ocr_carea' id='block_1_116' title="bbox 417 5777 3459 5849">
    <p class='ocr_par' dir='ltr' id='par_1_116' title="bbox 417 5777 3459 5849">
     <span class='ocr_line' id='line_1_117' title="bbox 417 5777 3459 5849; baseline 0.003 -24"><span class='ocrx_word' id='word_1_995' title='bbox 417 5777 787 5843; x_wconf 77' lang='lat' dir='ltr'><strong>interpretatlo</strong></span> <span class='ocrx_word' id='word_1_996' title='bbox 834 5795 844 5830; x_wconf 93' lang='lat'>:</span> <span class='ocrx_word' id='word_1_997' title='bbox 896 5777 1043 5833; x_wconf 79' lang='lat' dir='ltr'><strong>Sicut</strong></span> <span class='ocrx_word' id='word_1_998' title='bbox 1088 5781 1364 5849; x_wconf 80' lang='lat' dir='ltr'><strong>Apostolus</strong></span> <span class='ocrx_word' id='word_1_999' title='bbox 1403 5777 1557 5848; x_wconf 77' lang='lat' dir='ltr'><strong>dixit,</strong></span> <span class='ocrx_word' id='word_1_1000' title='bbox 1600 5777 1832 5835; x_wconf 82' lang='lat' dir='ltr'><strong>morbum</strong></span> <span class='ocrx_word' id='word_1_1001' title='bbox 1874 5800 1984 5836; x_wconf 78' lang='lat' dir='ltr'><strong>esse</strong></span> <span class='ocrx_word' id='word_1_1002' title='bbox 2085 5782 2310 5837; x_wconf 67' lang='lat' dir='ltr'><strong>ierimus</strong></span> <span class='ocrx_word' id='word_1_1003' title='bbox 2353 5781 2608 5837; x_wconf 85' lang='lat' dir='ltr'><strong>librorum</strong></span> <span class='ocrx_word' id='word_1_1004' title='bbox 2645 5777 2882 5838; x_wconf 78' lang='lat' dir='ltr'><strong>veterum</strong></span> <span class='ocrx_word' id='word_1_1005' title='bbox 2913 5777 3235 5838; x_wconf 76' lang='lat' dir='ltr'><strong>auctoritate</strong></span> <span class='ocrx_word' id='word_1_1006' title='bbox 3263 5777 3459 5837; x_wconf 78' lang='lat' dir='ltr'><strong>innixi.</strong></span> 
     </span>
    </p>
   </div>
  </div>
