3956 6216
354 279 465 339 755
1686 282 1745 338 S.
1791 280 2039 336 BASILll
2078 282 2303 339 MAG!“
3554 286 3668 342 756

356 401 536 459 simile
569 416 586 456 :
622 408 679 458 et
712 399 848 457 illud
887 399 1028 456 idem
1057 400 1199 456 valet
1228 401 1373 472 quod
1415 400 1539 457 hoc.
1576 399 1747 456 Nobis
1776 402 1936 467 enim,

2071 406 2076 445 ῖ
2120 403 2251 470 Υἱὸς
2276 405 2690 473 ἀποκαλύψαι.
2723 402 2896 459 Τοῦτο
2929 404 3138 458 ἐκείνου
3172 407 3387 477 ὅμοιον,
3425 406 3668 460 κάκεῖνο

360 495 569 565 inquit,
598 495 838 549 reuelauit
892 494 1032 548 Deus
1077 510 1171 563 per
1209 492 1473 563 Spiritum
1515 510 1672 548 suum
1698 494 1765 548 ⁸⁷.
1816 492 1947 549 Vide

2071 493 2238 547 τούτου
2275 495 2615 565 ἰσοδύναμονι
2665 495 2838 563 Ἡμῖν
2871 495 3002 564 γὰρ,
3034 496 3220 567 φησὶν,
3257 500 3291 549 ό
3356 495 3516 560 Θεὸς
3544 495 3667 548 ἀπ·

358 586 524 656 igitur
553 586 1012 655 quemadmodum
1049 585 1342 655 aliquando
1379 585 1595 655 quidem
1643 584 1806 639 Pater
1850 584 1944 639 Fi-

358 676 516 743 lium,
538 677 826 748 aliquando
848 678 1164 749 verolFilius
1185 677 1640 744 Patrem'revelet,
1659 678 1948 747 aliquando

358 770 524 841 315
569 780 749 825 autem
795 769 1033 839 Spiritus
1081 770 1276 825 Filium
1315 778 1369 825 et
1413 768 1629 825 Patre
1674 771 1945 826 similiter.

362 861 544 926 Quare
582 868 692 914 tota
727 859 901 915 deitas
943 859 1035 914 tibi
1068 860 1355 916 manifesta
1398 869 1520 928 est;
1556 874 1700 914 nunc
1729 860 1944 929 quidem

363 950 419 1005 in
450 949 629 1016 Patre,
657 966 801 1005 nunc
836 965 967 1005 vero
1000 951 1053 1004 in
1081 950 1217 1005 Filio
1246 959 1299 1004 et
1316 949 1520 1020 Spiritu
1550 952 1610 1005 lit
1637 950 1943 1021 appellatio.

362 1038 432 1096 Et
468 1043 561 1097 tibi
595 1043 956 1113 qumstionem
993 1042 1369 1112 prophetieam
1398 1043 1560 1099 solvit
1588 1056 1773 1113 aperte
1801 1044 1945 1113 Apo-

364 1133 555 1199 stolus,
578 1150 683 1189 nec
718 1136 849 1187 sinit
875 1143 934 1187 ut
970 1150 1072 1187 una
1114 1148 1348 1202 persona
1379 1135 1724 1189 existimetur
1748 1135 1943 1201 deitas,

363 1233 583 1294 propter
599 1239 692 1279 eas
714 1238 877 1278 voces
907 1238 1033 1292 quae
1065 1224 1117 1277 id
1158 1223 1469 1294 signiﬁcare
1502 1234 1777 1295 putantur.
1809 1223 1945 1279 Nam

363 1328 419 1372 ct
444 1318 577 1385 ipse,
608 1316 820 1371 etiamsi
846 1315 966 1370 Filii
1005 1330 1293 1385 personam
1340 1317 1540 1384 ubique
1573 1316 1719 1371 clare
1747 1317 1945 1385 praedi-

365 1418 454 1463 cet
479 1420 736 1477 tanquam
759 1408 1101 1471 creatricem,
1133 1417 1315 1462 tamen
1350 1409 1416 1461 ad
1450 1408 1628 1463 Patris
1656 1424 1944 1478 personam

370 1499 703 1554 creationem
734 1513 949 1553 omnem
985 1499 1218 1557 reduxit.
1253 1499 1335 1553 An
1362 1515 1468 1554 non
1500 1501 1614 1568 ipse
1642 1512 1723 1554 est
1748 1502 1841 1570 qui
1870 1501 1950 1553 di-

366 1590 444 1645 cit
473 1606 487 1642 :
524 1587 671 1643 Unus
700 1588 859 1653 Deus,
891 1587 1055 1642 Pater
1075 1627 1090 1652 ,
1122 1604 1188 1642 ea:
1232 1605 1335 1657 quo
1377 1591 1575 1653 omnia,
1605 1600 1652 1642 et
1686 1607 1778 1643 nos
1809 1591 1865 1643 in
1889 1590 1949 1643 il-

368 1681 603 1744 lum;et
660 1696 796 1733 unus
842 1678 1103 1732 Dominus
1151 1679 1305 1732 Jesus
1365 1678 1632 1742 Cltristus,
1654 1697 1746 1748 per
1796 1697 1946 1750 quem

368 1770 568 1834 omnia,
615 1780 663 1823 et
698 1786 791 1823 nos
826 1786 919 1836 per
957 1772 1126 1838 ipsum
1149 1771 1195 1806 ι’
1223 1770 1251 1823 ?
1292 1771 1361 1824 Et
1396 1786 1521 1825 cum
1584 1747 1839 1824 similiter
1866 1773 1951 1827 hic
1980 1747 2023 1801 Β

370 1878 538 1916 unum
586 1871 642 1917 et
687 1878 853 1916 unttm
910 1863 1117 1931 liquido
1166 1863 1387 1927 dixerit,
1420 1873 1584 1931 atque
1621 1879 1715 1930 per
1756 1864 1948 1918 Filium

370 1951 490 2005 ﬁeri
518 1952 698 2005 omnia
727 1930 1076 2016 testatus.sit,
1111 1968 1277 2006 unum
1315 1968 1436 2006 esse
1463 1954 1530 2008 ad
1570 1953 1839 2009 Romanos
1865 1956 1949 2009 di-

372 2040 477 2105 xit,
506 2053 560 2095 et
588 2057 685 2111 per
721 2043 893 2111 ipsum
920 2044 1102 2097 omnia
1132 2043 1246 2098 lieri
1284 2042 1507 2103 addidit,
1550 2060 1656 2099 non
1681 2046 1851 2100 solum
1881 2061 1952 2101 ex

372 2131 510 2201 ipso.
539 2132 717 2198 Quare
746 2135 979 2188 indicata
1017 2135 1068 2188 in
1098 2136 1358 2189 dualitate
1380 2133 1636 2200 dualitas,
1668 2146 1762 2190 aut
1786 2139 1949 2192 etiam

372 2223 591 2278 trinitas
632 2222 686 2277 in
721 2224 980 2289 trinitate,
1006 2224 1229 2292 perinde
1278 2224 1332 2278 in
1370 2224 1562 2278 eodem
1590 2226 1849 2295 Apostolo
1868 2238 1953 2282 at-

371 2331 480 2388 que
513 2316 566 2370 in
593 2317 869 2385 prophetis
901 2327 1088 2383 aperte
1116 2317 1516 2385 testiﬁcabitur,
1556 2331 1651 2373 eos
1684 2334 1793 2373 non
1821 2321 1955 2375 dua-

376 2414 612 2479 Iitatem,
638 2414 746 2467 imo
783 2427 882 2468 nec
931 2412 1250 2468 Trinitatem
1290 2413 1504 2477 tollere,
1528 2429 1653 2469 cum
1693 2415 1953 2471 unitatem

374 2506 667 2574 praedicant
695 2520 708 2557 :
743 2505 837 2559 sed
869 2519 982 2572 eos,
1014 2506 1231 2561 deitatis
1251 2505 1468 2577 cognita
1493 2507 1724 2573 unitate,
1754 2518 1867 2563 tres
1900 2509 1955 2563 in

375 2612 482 2653 una
506 2612 734 2667 persona
757 2598 1072 2668 prredicare.

449 2864 506 2920 4.
546 2862 616 2917 Ει
639 2864 708 2919 ab
735 2863 886 2931 initio
915 2851 1131 2934 quidem
1173 2863 1227 2918 in
1260 2864 1446 2920 mundi
1478 2865 1755 2922 creatione
1786 2867 1955 2922 Deum

383 2957 450 3012 ad
466 2956 663 3012 Filium
696 2965 750 3011 et
774 2956 1037 3027 Spiritum
1074 2956 1313 3012 locutum
1342 2955 1510 3012 fuisse
1532 2966 1763 3023 constat,
1786 2974 1959 3028 quan-

382 3048 673 3117 doquidem
706 3048 855 3102 illum
891 3047 1068 3102 Moses
1112 3046 1324 3102 induxit
1361 3048 1520 3116 quasi
1561 3048 1735 3119 magis
1777 3049 1955 3104 homi-

383 3156 513 3196 num
559 3155 712 3196 more
759 3140 1152 3209 colloquentem
1203 3152 1269 3193 ac
1327 3137 1593 3194 dicentem
1627 3138 1960 3196 :Faciamus

384 3232 644 3284 hominem
671 3230 741 3283 ad
786 3229 1065 3298 imaginem
1092 3236 1143 3280 et
1187 3225 1590 3281 similitudinem
1623 3238 1856 3281 nostram
1895 3228 1960 3281 ".

385 3323 465 3376 Ad
493 3335 650 3390 quem
688 3321 830 3375 enim
866 3319 1017 3386 dicit,
1042 3318 1365 3384 Faciamus,
1405 3318 1512 3374 nisi
1543 3318 1612 3373 ad
1651 3319 1885 3375 Verbum
1909 3328 1966 3375 et

388 3413 720 3482 unigenitum
750 3409 977 3476 Filium,
1006 3425 1100 3478 per
1132 3426 1284 3483 quem
1336 3411 1517 3463 omnia
1567 3410 1710 3480 facta
1746 3421 1865 3464 sunt
1886 3411 1956 3479 ⁸ο,

388 3505 684 3559 secundum
707 3503 1115 3571 evangelistam,
1142 3511 1198 3556 et
1224 3503 1291 3556 ad
1320 3501 1601 3569 Spiritum,
1627 3505 1693 3556 de
1710 3519 1817 3572 quo
1835 3504 1968 3559 scri-

390 3605 541 3668 ptum
565 3607 671 3663 est,
701 3595 932 3663 Spiritus
964 3596 1170 3649 divinus
1193 3634 1209 3657 ,
1231 3595 1325 3663 qui
1353 3593 1475 3662 fecit
1510 3610 1592 3647 me
1620 3596 1664 3626 ²¹
1692 3595 1715 3650 2
1744 3595 1897 3663 Quod
1924 3596 1969 3650 si

391 3705 499 3744 non
537 3702 792 3759 expresse
821 3687 953 3742 dicit
993 3686 1060 3741 de
1103 3686 1302 3755 quibus
1326 3696 1421 3739 aut
1449 3686 1766 3755 quibuscum
1791 3688 1974 3757 loque-

393 3789 565 3845 retur,
597 3790 775 3833 tamen
808 3793 930 3832 eum
969 3791 1074 3833 non
1108 3779 1174 3832 dc
1204 3792 1264 3833 se
1299 3775 1414 3831 solo
1456 3776 1601 3847 loqui
1637 3789 1971 3847 compertum

393 3874 485 3939 sit,
517 3888 639 3929 cum
668 3872 800 3927 dicit
826 3888 842 3924 :
870 3870 1005 3925 Ecce
1033 3871 1203 3925 Adam
1238 3870 1412 3941 factus
1443 3881 1517 3925 est
1554 3878 1612 3923 ut
1641 3888 1777 3925 unus
1810 3888 1838 3925 e
1878 3887 1973 3925 no-

395 3968 473 4021 bis
503 3966 570 4022 “.
605 3964 673 4019 Et
704 3978 916 4018 rursum
942 3980 957 4016 :
989 3960 1184 4028 Venite,
1205 3964 1570 4019 descendentes
1592 3964 1976 4033 confundamus

394 4074 575 4114 eorum
604 4056 809 4124 linguas
837 4056 907 4121 ⁸³,
926 4055 1165 4111 utetiam
1197 4055 1359 4111 simul
1390 4054 1666 4111 numerari
1697 4069 1792 4109 eos
1819 4054 1980 4109 intel-

470 4152 513 4184 ¹⁷
543 4150 563 4205 ι
592 4149 717 4203 Cor.
750 4164 813 4213 tt,
841 4148 931 4205 i0.
1035 4149 1079 4181 "
1105 4148 1269 4205 lCor.
1297 4165 1419 4218 vttt,
1445 4150 1504 4206 6.

399 4222 445 4253 ³³
470 4221 605 4276 Gen.
637 4236 715 4282 XI,
749 4219 803 4272 7.

470 4310 583 4379 (59)
639 4309 777 4364 Editi
806 4310 968 4363 Ὥστε
1018 4311 1053 4381 ἡ
1110 4309 1374 4381 σύμπασα
1407 4308 1602 4381 θεότης
1650 4310 1807 4381 δῆλός
1854 4330 1966 4367 σοι’

1603 4149 1646 4182 ³³
1682 4147 1816 4203 Gen.
1849 4165 1887 4216 I,
1916 4150 2006 4209 26.

2048 587 2320 655 εκάλυψε
2346 586 2444 640 διὰ
2462 587 2569 641 τοῦ
2591 588 2936 655 Πνεύματος
2959 588 3166 640 αὐτοῦ.
3184 588 3329 657 Ὅρα
3351 585 3662 658 τοιγαροῦν

2049 679 2167 740 m3;
2212 679 2343 731 ποτὲ
2390 678 2488 746 μὲν
2528 677 2719 749 Πατὴρ
2755 676 2883 730 Υἱὸν
2939 677 3354 739 ἀποκαλύπτει,
3412 677 3554 729 ποτὲ
3598 676 3661 729 δὲ

2047 768 2176 833 Υἱὸς
2206 770 2444 842 Πατέρα,
2478 770 2606 822 ποτὲ
2648 768 2706 822 δὲ
2756 769 2817 823 τὸ
2863 769 3090 839 Πνεῦμα
3118 769 3247 822 Υἰδν
3279 768 3380 822 καὶ
3420 767 3659 838 Πατέρα

2047 860 2326 923 ὡσαύτως.
2362 861 2524 912 Ὥστε
2556 863 2587 931 ἡ
2621 860 2885 931 σύμπασα
2927 859 3118 930 θεότης
3155 859 3318 929 δῆλός
3367 875 3463 912 σοι
3506 859 3654 925 (59),

2048 950 2179 1001 ποτε
2226 948 2325 1018 μὲν
2366 950 2424 1001 ὲν
2471 950 2679 1019 Πατρὶ,
2716 948 2847 1001 ποτὲ
2885 948 2941 1001 δὲ
2981 949 3040 1001 ἐν
3086 946 3197 1017 Υἱῷ
3226 948 3325 1000 καὶ
3360 948 3656 1016 Πνεύματι

2050 1040 2391 1111 προσηγορία
2439 1041 2672 1108 γίνεται.
2732 1040 2845 1093 Καὶ
2896 1040 2980 1093 σοὶ
3027 1039 3144 1092 λύει
3186 1038 3248 1092 τὸ
3297 1040 3659 1110 προφητικὸν

2049 1132 2264 1203 ζήτημα
2302 1132 2485 1200 σαφῶς
2520 1134 2548 1185 ὁ
2587 1130 2933 1194 Ἀπὸστολος,
2962 1132 3058 1184 καὶ
3094 1132 3197 1184 οὐκ
3234 1132 3305 1202 ἐᾷ
3333 1131 3657 1202 πρόσωπον

2048 1223 2106 1277 ἓν
2135 1223 2425 1277 ὑπολαϐεῖν
2465 1223 2565 1293 τὴν
2595 1223 2827 1294 θεότητα
2859 1223 2947 1277 διὰ
2980 1223 3079 1287 τὰς
3119 1223 3280 1277 τοῦτο
3318 1221 3528 1294 δηλοῦν
3561 1240 3655 1275 νο-

2052 1315 2350 1385 μιζομένας
2391 1314 2595 1383 φωνάς.
2643 1315 2797 1367 Ἐπεὶ
2840 1315 2935 1367 καὶ
2967 1314 3161 1378 αὐτὸς,
3214 1315 3397 1368 καίτοι
3442 1313 3510 1367 τὺ
3554 1316 3654 1366 τοῦ

2051 1406 2184 1459 Tim)
2229 1407 2521 1477 πρόσωπον
2560 1406 2750 1476 σαφῶς
2792 1406 3065 1477 πανταχοῦ
3095 1406 3386 1477 κηρύττων
3429 1406 3511 1469 ὡς
3550 1406 3655 1474 δη-

2053 1497 2397 1567 μιουργικὸν,
2450 1498 2602 1568 ὅμως
2644 1500 2725 1561 εἰς
2759 1498 2820 1551 τὸ
2848 1498 2943 1551 τοῦ
2982 1498 3194 1570 Πατρὸς
3228 1498 3532 1569 πρόσωπον
3566 1499 3658 1550 ἀπ..

2048 1593 2223 1658 ήγαγε
2280 1591 2381 1661 τὴν
2435 1591 2616 1643 πᾶσαν
2667 1589 3048 1661 δημιουργίαν.
3087 1591 3160 1644 Ἢ
3186 1590 3296 1660 γὰρ
3322 1590 3429 1643 οὐκ
3484 1591 3657 1653 αὐτός

2049 1684 2194 1734 ἐστιν
2225 1684 2253 1733 ὁ
2284 1682 2459 1750 λέγων
2483 1699 2496 1711 ·
2534 1677 2638 1748 Εἷς
2675 1682 2842 1749 Θεὸς,
2886 1686 2918 1735 ό
2948 1682 3170 1751 Πατὴρ,
3198 1682 3269 1746 ἐξ
3296 1678 3375 1737 οὗ
3397 1680 3479 1735 τὰ
3499 1681 3657 1735 πᾶν.

2057 1791 2148 1838 τα,
2180 1775 2278 1828 καὶ
2314 1775 2486 1844 ἡμεῖς
2523 1778 2613 1843 εις
2636 1777 2825 1829 αὐτόν
2848 1793 2863 1807 ⁸
2909 1776 3010 1830 καὶ
3035 1771 3124 1840 εἷς
3150 1776 3367 1843 Κύριος
3408 1773 3657 1842 Ἰησοῦς

2056 1866 2309 1935 Χριστὸς
2335 1866 2469 1935 (40),
2509 1865 2583 1919 δι’
2608 1862 2680 1923 οὗ
2718 1866 2792 1920 τὰ
2819 1866 3035 1932 πάντα,
3069 1865 3167 1920 και
3218 1865 3395 1934 ἡμεῖς
3424 1864 3506 1917 δι’
3544 1868 3658 1919 αὑ·

2057 1959 2201 2023 τοῦ;
2225 1959 2335 2011 Καὶ
2357 1957 2561 2027 ὁμοίως
2582 1957 2818 2012 ἐνταῦθα
2839 1958 2932 2012 τὸν
2957 1956 3054 2011 ἕνα
3085 1957 3179 2010 καὶ
3208 1956 3299 2010 τὸν
3329 1956 3428 2009 ἕνα
3460 1956 3660 2025 σαφῶς

2057 2049 2313 2122 εἰρηκὼς,
2362 2050 2458 2104 καὶ
2489 2050 2551 2102 τδ
2589 2050 2655 2102 δι’
2689 2048 2821 2103 Υἱοῦ
2853 2049 3034 2104 πάντα
3073 2048 3322 2119 γίνεσθαι
3358 2066 3659 2120 μεμαρτυ-

2060 2140 2244 2213 ρηκὼς
2288 2141 2422 2213 (Η),
2476 2140 2575 2194 ἕνα
2603 2141 2739 2213 πρὸς
2773 2141 3082 2211 Ῥωμαίους
3111 2141 3326 2214 εἴρηκε,
3354 2144 3455 2196 καὶ
3480 2144 3547 2195 τὸ
3584 2139 3659 2196 δι’

2058 2232 2223 2286 αὑτοῦ
2253 2232 2498 2301 γίνεσθαι
2532 2235 2711 2287 πάντα
2763 2233 3171 2303 προστέθεικεν,
3200 2232 3263 2287 οὐ
3307 2233 3479 2304 μόνον
3506 2232 3570 2286 τὸ
3594 2232 3658 2299 ἐξ

2058 2325 2245 2380 αὐτοῦ.
2263 2326 2429 2377 Ὥστε
2453 2325 2488 2395 ἡ
2510 2323 2643 2387 δυὰς
2673 2326 2731 2377 ὲν
2756 2323 3286 2395 δυάδιδεδηλωμένη,
3315 2324 3350 2395 ἡ
3377 2324 3479 2377 καὶ
3492 2324 3659 2395 τριὰς

2060 2418 2119 2471 ἐν
2164 2415 2366 2488 τριάδι,
2410 2413 2676 2479 ὡσαύτως
2713 2415 2772 2467 ὲν
2803 2413 2883 2486 τῷ
2921 2415 3071 2485 αὐτῷ
3107 2415 3421 2483 ’Δποστέλῳ
3462 2415 3660 2482 σαφῶς

2065 2509 2399 2581 μαρτυρήσει
2415 2508 2509 2562 καὶ
2535 2510 2649 2572 τοῖς
2672 2509 3097 2580 προφήταις,ὃτι
3117 2508 3190 2579 μὴ
3213 2507 3331 2581 (42)
3357 2507 3459 2579 τὴν
3484 2508 3660 2563 δυάδα

2060 2598 2340 2671 ἀναιροῦσι
2360 2617 2375 2631 ο
2408 2598 2608 2670 μᾶλλον
2634 2600 2692 2653 δὲ
2724 2600 2930 2671 Τριάδα
2959 2600 3061 2672 τὴν
3079 2599 3285 2669 μονάδα
3336 2599 3659 2669 κηρύσσον-

2060 2711 2174 2759 τες,
2209 2692 2324 2748 ἀλλ’
2362 2694 2592 2763 ἑνότητα
2626 2692 2881 2764 θεότητος
2905 2693 3128 2759 ειδότες,
3161 2693 3221 2746 ὲν
3251 2693 3336 2745 ἑνὶ
3364 2691 3658 2763 προσώπῳ

2060 2786 2131 2840 τὰ
2158 2786 2286 2857 τρία
2311 2785 2669 2857 κηρύσσουσι.
3154 2822 3155 2825 η

2132 2877 2187 2932 4.
2215 2876 2325 2930 Καὶ
2346 2877 2440 2930 ἀπ’
2471 2875 2646 2948 ἀρχῆς
2687 2876 2787 2944 μὲν
2815 2875 2960 2930 κατὰ
2985 2876 3086 2947 τὴν
3109 2874 3483 2944 κοσμοποιίαν
3514 2872 3662 2943 πρὸς

2064 2968 2154 3021 τὸν
2177 2967 2305 3022 Υἱὸν
2341 2968 2434 3021 καὶ
2486 2967 2550 3021 τὸ
2587 2967 2813 3038 Πνεῦμα
2836 2966 3217 3038 διαλεγόμενος
3248 2965 3411 3036 δῆλός
3437 2967 3593 3018 ἐστιν
3627 2965 3662 3017 ὁ

2065 3058 2219 3123 Θεὸς,
2251 3058 2329 3123 ὡς
2374 3056 2855 3131 ἁνθρωπικωτέρῳ
2886 3056 3047 3128 τύπῳ
3082 3056 3435 3127 παρέστησεν
3471 3055 3588 3125 (43)
3627 3055 3660 3107 ὀ

2066 3151 2273 3223 Μωσῆς
2300 3151 2687 3222 διαλεγόμενον
2722 3151 2884 3205 αὑτὸν
2909 3150 3005 3205 καὶ
3038 3149 3345 3219 φάσκονταο
3376 3146 3660 3215 Ποιήσω-

2058 3261 2176 3313 μεν
2232 3244 2549 3313 ἄνθρωπον
2597 3242 2725 3297 κατ’
2768 3244 2976 3297 εὶκόνα
3026 3238 3321 3310 ἡμετέραν
3370 3238 3475 3293 καὶ
3518 3238 3659 3292 καθ’

2063 3337 2374 3406 ὁμοίωσιν.
2401 3337 2520 3390 Τίνι
2533 3335 2643 3407 γὰρ
2658 3335 2810 3404 λέγει
2841 3335 2923 3398 τὸ,
2954 3330 3351 3403 Ποιήσωμεν,ἢ
3380 3329 3462 3400 τῷ
3490 3329 3661 3398 Λόγῳ

2066 3430 2161 3483 καὶ
2197 3432 2477 3500 μονογενεϊ
2504 3428 2638 3500 Υἱῷ,
2670 3428 2747 3483 δι’
2780 3423 2854 3483 οὗ
2881 3428 2955 3483 τὰ
2999 3426 3197 3481 πάντα
3220 3424 3482 3495 ἐγένετο,
3511 3421 3660 3476 κατά

2064 3520 2157 3574 τὸν
2183 3519 2597 3591 εὐαγγελιστὴν,
2627 3519 2723 3573 καὶ
2742 3518 2821 3590 τῷ
2852 3516 3132 3588 Πνεύματι
3149 3556 3165 3580 ,
3198 3515 3329 3585 περὶ
3356 3508 3419 3568 οὗ
3440 3512 3657 3581 γέγρα-

2068 3626 2221 3671 πται,
2255 3610 2501 3680 Πνεῦμα
2515 3608 2680 3664 θεῖον
2700 3609 2768 3663 τὸ
2794 3607 3068 3677 ποιῆσάγ
3088 3623 3195 3677 με;
3227 3606 3291 3659 Εἰ
3330 3604 3397 3658 δὲ
3429 3604 3531 3658 καὶ
3579 3602 3661 3673 μὴ

2070 3700 2251 3771 ῥητῶς
2266 3700 2413 3771 λέγει
2431 3702 2545 3773 (44)
2570 3702 2702 3774 περὶ
2723 3700 2955 3771 τίνων,ἢ
2982 3698 3120 3771 πρὸς
3141 3699 3294 3762 τινας
3312 3696 3657 3765 διαλέγεται,

2069 3792 2220 3862 ὅμως
2247 3793 2330 3846 ὅτι
2361 3793 2436 3865 μὴ
2457 3794 2585 3865 περὶ
2609 3790 2802 3847 ἑαυτοῦ
2830 3791 2992 3862 μόνου
3018 3789 3166 3859 λέγει
3190 3787 3350 3858 δῆλόν
3375 3787 3660 3848 ὲστιν,ὁτι

2073 3880 2236 3952 φησίν
2253 3900 2266 3914 ·
2312 3884 2467 3939 Ἰδοὺ
2505 3883 2680 3954 Ἀδὰμ
2705 3882 2955 3953 γέγονεν
2980 3882 3063 3947 ὠς
3081 3876 3171 3948 εἷς
3198 3879 3268 3944 ἐξ
3305 3876 3479 3947 ἡμῶν
3499 3893 3519 3908 ο
3564 3876 3662 3929 καὶ

2072 3971 2236 4027 πάλιν
2259 3990 2274 4005 ·
2307 3975 2507 4040 Δεῦτε,
2540 3973 2908 4040 καταϐάντες
2931 3971 3283 4042 συγχέωμεν
3318 3966 3525 4024 αὐτῶν
3550 3967 3663 4032 τὰς

2076 4063 2358 4134 γλώττας,
2415 4068 2504 4122 ἵνα
2548 4067 2647 4122 καὶ
2680 4064 3215 4138 συναριθμουμένους
3257 4062 3481 4133 νοήσῃς.
3517 4059 3661 4113 Οὔτε

2101 4160 2147 4191 ³⁸
2183 4160 2339 4218 Joan.
2373 4180 2413 4228 t,
2442 4163 2499 4219 '5.
2610 4164 2654 4194 "
2682 4160 2781 4217 Job
2810 4177 3009 4225 xsxttt,
3034 4160 3091 4214 4.
3191 4162 3238 4191 ³³
3266 4156 3406 4212 Gen.
3448 4170 3535 4219 ut,
3564 4154 3661 4221 23,

2080 4316 2147 4369 δι’
2174 4314 2514 4386 Υἱούπάντα
2545 4314 2790 4386 γίνεσθαι
2817 4310 3287 4386 μεμαρτυρηκώς,
3303 4309 3461 4363 bene.

403 4382 534 4457 ποτὲ
572 4381 775 4457 tibi...“
778 4381 1122 4453 προσηγορίᾳ
1147 4398 1161 4412 ·
1196 4383 1668 4457 ubihnotcsAveliui
1699 4386 1805 4457 iota
1839 4387 1965 4436 sub-

2147 4385 2260 4457 (42)
2294 4385 2442 4457 Illud,
2466 4381 2567 4439 ὅτι
2579 4384 2699 4457 μή,
2729 4381 2864 4440 etc}.
2892 4381 3236 4457 εἰσινοὶ-ιονιξ
3265 4382 3546 4457 interpres
3571 4392 3663 4457 re-

405 4448 702 4526 scriptum._
730 4448 1233 4526 Yel'et‘es’q'uatuor
1295 4450 1421 4526 libri
1445 4452 1615 4526 ξῼστε
1644 4452 1677 4521 ἠ
1710 4451 1975 4526 σύμπασα
2004 4448 2013 4449 ί
2088 4448 2194 4519 tus,
2228 4448 2367 4526 quod
2419 4470 2522 4507 non
2552 4448 3019 4526 d'nnlitatemjmo
3049 4468 3141 4526 nec
3175 4450 3499 4526 ⁸Τιῆηἱιαιειιι
3557 4448 3666 4499 tol-

405 4520 595 4593 Θεότης
622 4520 918 4593 δηλῴσει...
953 4520 1084 4593 ποτε
1114 4520 1233 4593 μέν,
1259 4532 1362 4575 etc.
1396 4520 1497 4575 Alii
1530 4520 1984 4593 ιιρειηεεζίὩστε

406 4595 441 4659 ὴ
466 4591 725 4663 σύμπασα
749 4591 938 4663 θερτης
970 4591 1100 4644 ποτὲ
1133 4591 1252 4663 μέν,
1285 4603 1389 4663 etc.
1422 4592 1777 4663 Ctttilheﬁsltls
1806 4592 1985 4662 legen-

409 4660 547 4716 dum
562 4673 715 4731 putat
742 4660 993 4733 δηλώσει,
1031 4660 1417 4733 nianifestnbit.
1446 4662 1552 4715 Sed
1598 4679 1702 4716 non
1735 4660 1985 4716 animad-

411 4733 577 4787 vertit
626 4733 710 4786 vir
765 4731 1135 4793 domissimus,
1188 4731 1344 4804 fore,
1408 4740 1479 4804 ut
1531 4734 1755 4785 verbum
1807 4732 1982 4804 δηλώ-

414 4820 498 4856 σει
549 4818 674 4857 casu
707 4818 805 4858 suo
848 4812 1052 4857 careat.
1084 4803 1376 4871 Antiquam
1413 4802 1577 4871 igitur
1609 4802 1988 4871 receptamque

415 4873 728 4935 lectionem,
758 4888 879 4941 qua?
902 4872 1154 4925 omnibus
1178 4874 1291 4925 suis
1332 4872 1574 4926 numeris
1604 4874 1845 4926 absMuta
1880 4884 1985 4933 est,

415 4946 650 4997 retinere
673 4944 857 4996 malui.
885 4941 1161 5004 Attamen,
1194 4951 1248 4995 ut
1285 4957 1473 4995 verum
1501 4943 1695 5000 fati-ar.
1725 4944 1892 4995 locavi
1923 4946 1988 4995 de

416 5029 537 5067 meo
563 5014 821 5082 virgulam
880 5023 1002 5080 post
1036 5028 1221 5065 vocem
1258 5013 1361 5076 σοί,
1401 5022 1777 5080 prmtcreaque
1801 5028 1988 5067 vocent

417 5083 760 5155 προσηγορία
814 5082 930 5136 sine
979 5084 1084 5135 iota
1121 5084 1429 5155 subscripti)
1478 5084 1743 5155 edendam
1779 5085 1986 5155 curavi.

420 5152 597 5221 Atque
661 5152 898 5207 veterem
952 5157 1274 5222 scripturam
1320 5154 1397 5206 sic
1439 5152 1758 5221 castigatam
1823 5154 1989 5220 recipi

421 5239 580 5292 posse
613 5234 763 5294 puto.
795 5223 869 5275 Ex
904 5222 1060 5277 libris
1089 5238 1249 5294 manu
1284 5222 1548 5294 exaratis,
1580 5224 1721 5294 quod
1759 5222 1812 5275 in
1856 5225 1990 5292 ipsis

422 5297 527 5349 iota
563 5292 924 5365 subscriptum
954 5293 1128 5348 notari
1155 5308 1261 5348 non
1280 5293 1436 5359 solet,
1462 5292 1598 5348 lucis
1617 5293 1750 5347 nihil
1775 5304 1992 5346 mutua-

422 5366 468 5417 ri
491 5366 657 5418 pomi.

490 5379 863 5505 [zzllllifiieleres
916 5435 1122 5505 aliquot
1168 5433 1290 5490 libri
1331 5433 1538 5505 Ἰησοῦς
1584 5432 1841 5505 Χριστός.
1873 5430 1993 5489 Vox

427 5501 663 5571 Χριστός
688 5506 743 5558 in
762 5506 921 5561 editis
941 5501 1372 5561 desiderabatur.

499 5571 611 5645 (il)
642 5574 779 5645 Editi
810 5577 906 5630 καὶ
932 5575 1025 5630 τὸν
1068 5576 1135 5628 δι’
1167 5571 1229 5630 οὗ
1255 5574 1435 5629 πάντα
1473 5572 1681 5645 γίνεται
1710 5590 1994 5645 μεμαρτυ-

428 5640 634 5714 ρηκεὶκ.
657 5641 874 5700 Veteres
895 5658 1126 5712 quatuor
1154 5646 1276 5699 libri
1304 5646 1401 5700 καὶ
1435 5640 1498 5700 τδ
1520 5647 1585 5700 δι’
1613 5640 1674 5700 οὗ
1697 5640 1881 5698 πάντα
1911 5644 1995 5714 γί-

432 5709 617 5767 νεσθαι
651 5730 852 5778 uenae.
878 5709 1055 5772 Codex
1098 5716 1253 5773 Coll).
1296 5727 1352 5773 et
1381 5716 1469 5773 alii
1498 5717 1602 5774 duo
1632 5716 1782 5775 Reaii
1804 5716 1898 5771 καὶ
1924 5709 1998 5769 τὸ

2088 4520 2398 4595 lun_t,'dum
2434 4526 2692 4595 unitatem
2735 4525 3045 4595 projdicant.
3076 4521 3189 4595 βοά
3224 4520 3666 4595 _ltaac_interpre-

2090 4590 2220 4649 talio
2260 4610 2367 4649 non
2390 4595 2588 4663 placuit
2612 4590 2958 4658 Combelisio,
2999 4593 3088 4662 qui
3128 4592 3307 4661 potius
3332 4590 3415 4643 sic
3440 4599 3667 4663 verten-

2086 4666 2213 4719 dum
2267 4658 2519 4735 putavit:
2565 4663 2753 4718 Palam
2800 4658 3097 4735 testimonio
3129 4658 3261 4735 verit,
3298 4675 3419 4712 nam
3472 4658 3666 4735 tollere

2086 4753 2171 4789 eos
2228 4734 2561 4798 dualitatem,
2595 4738 2723 4805 quin
2774 4735 2949 4803 potius
3009 4732 3354 4805 Trinitatem,
3393 4732 3666 4805 unitatem

2088 4806 2400 4869 prmdicare.
2430 4806 2500 4857 At
2538 4798 2671 4878 pace
2695 4798 2794 4859 viri
2819 4803 3117 4878 doctissimi
3141 4798 3667 4878 dixerim-interpre-

2092 4886 2196 4928 tem
2224 4884 2465 4928 veterem
2490 4873 2785 4948 verborum
2818 4873 3131 4948 Graecorum
3158 4873 3484 4948 sententiam
3549 4880 3666 4919 non

2091 4948 2229 4999 male
2258 4947 2611 5011 expressisse.
2644 4943 2813 4999 Nemo
2845 4945 2989 4998 enim
3029 4958 3133 4995 non
3179 4942 3330 4993 videt
3382 4942 3493 4989 vim
3546 4951 3673 5015 ver-

2091 5016 2278 5067 borum
2311 5016 2362 5067 in
2395 5015 2566 5082 ellipsi
2599 5016 2828 5083 positam
2857 5029 2977 5068 esse
3013 5024 3204 5073 totam,
3231 5017 3524 5083 eaqucLut
3577 5022 3667 5083 tu:

2095 5084 2424 5153 telligantur,
2458 5074 2699 5139 εἰ)ηείνυί
2751 5085 2853 5138 hoc
2883 5085 3041 5135 modo
3079 5084 3275 5153 tle-bere
3308 5074 3330 5133 :-
3369 5076 3575 5153 μᾷλλον
3607 5074 3669 5127 δὲ

2095 5147 2460 5226 μαρτυρήσει,
2495 5156 2577 5208 ὅτι
2618 5154 2693 5226 μὴ
2723 5150 3270 5226 Τριάδα-ἁναιροῦσιν
3299 5147 3668 5226 κηρύσσοντες

2090 5216 2188 5295 τὴν
2229 5216 2454 5294 μόνᾶδα,
2482 5216 2637 5292 atque
2659 5216 2792 5278 adeo
2824 5240 2887 5277 ne
2912 5216 3221 5275 Trinitatem
3252 5216 3459 5287 quidem
3483 5216 3669 5269 tollere

2093 5307 2224 5351 tum.
2249 5310 2365 5347 cum
2394 5296 2641 5348 unitatem
2675 5295 2988 5359 praedicant.

2165 5365 2275 5435 (45)
2310 5365 2447 5418 Editi
2471 5374 2525 5419 et
2549 5365 2754 5433 aliquot
2775 5378 2906 5435 mss.
2935 5362 3094 5433 τύπῳ
3126 5359 3519 5435 παρέσπειρεμν,
3559 5369 3671 5435 non

2094 5430 2268 5490 recte'
2306 5451 2322 5490 :
2366 5444 2436 5505 at
2479 5430 2766 5505 emendate
2804 5433 3001 5505 legitur
3047 5430 3101 5488 in
3165 5430 3352 5502 liegiis
3393 5430 3574 5499 primo
3616 5434 3681 5480 et

2094 5518 2288 5576 quarto
2307 5504 2855 5576 τύπῳπαρέστησεν.

2168 5576 2280 5647 (Η)
2306 5574 2363 5629 In
2387 5570 2585 5646 majori
2610 5570 2764 5647 parte
2789 5574 3047 5647 librorum
3076 5572 3423 5642 antiquorum
3452 5585 3556 5642 pro
3575 5570 3680 5627 λέ-

2097 5643 2187 5715 γει’
2211 5643 2487 5717 scriptum
2509 5643 2817 5702 invenimus
2841 5643 3135 5715 δεδήλωκε.
