  <div class='ocr_page' id='page_1' title='image "/cluster/home/n/w/nwhite01/storage/ocr_20150623/29/mdp.39015012934371/790.png"; bbox 0 0 3956 6216; ppageno 0'>
   <div class='ocr_carea' id='block_1_1' title="bbox 395 379 499 434">
    <p class='ocr_par' dir='ltr' id='par_1_1' title="bbox 395 379 499 434">
     <span class='ocr_line' id='line_1_1' title="bbox 395 379 499 434; baseline -0.019 -1"><span class='ocrx_word' id='word_1_1' title='bbox 395 379 499 434; x_wconf 74' lang='lat'><strong>737</strong></span> 
     </span>
    </p>
   </div>
   <div class='ocr_carea' id='block_1_2' title="bbox 1491 377 2548 440">
    <p class='ocr_par' dir='ltr' id='par_1_2' title="bbox 1491 377 2548 440">
     <span class='ocr_line' id='line_1_2' title="bbox 1491 377 2548 440; baseline 0.009 -9"><span class='ocrx_word' id='word_1_2' title='bbox 1491 377 1865 436; x_wconf 83' lang='lat' dir='ltr'><strong>ADVERSUS</strong></span> <span class='ocrx_word' id='word_1_3' title='bbox 1905 379 2277 440; x_wconf 75' lang='lat' dir='ltr'><strong>EUNOMIUM</strong></span> <span class='ocrx_word' id='word_1_4' title='bbox 2316 385 2443 440; x_wconf 79' lang='lat' dir='ltr'><strong>LIB.</strong></span> <span class='ocrx_word' id='word_1_5' title='bbox 2483 386 2548 440; x_wconf 76' lang='grc' dir='ltr'>ν.</span> 
     </span>
    </p>
   </div>
   <div class='ocr_carea' id='block_1_3' title="bbox 3557 388 3665 445">
    <p class='ocr_par' dir='ltr' id='par_1_3' title="bbox 3557 388 3665 445">
     <span class='ocr_line' id='line_1_3' title="bbox 3557 388 3665 445; baseline 0.019 -2"><span class='ocrx_word' id='word_1_6' title='bbox 3557 388 3665 445; x_wconf 81' lang='grc'><strong>758</strong></span> 
     </span>
    </p>
   </div>
   <div class='ocr_carea' id='block_1_4' title="bbox 393 490 1979 574">
    <p class='ocr_par' dir='ltr' id='par_1_4' title="bbox 393 490 1976 569">
     <span class='ocr_line' id='line_1_4' title="bbox 393 490 1976 569; baseline 0.005 -25"><span class='ocrx_word' id='word_1_7' title='bbox 393 496 502 565; x_wconf 83' lang='grc' dir='ltr'><strong>γὰρ</strong></span> <span class='ocrx_word' id='word_1_8' title='bbox 535 496 614 556; x_wconf 89' lang='grc' dir='ltr'><strong>εἰς</strong></span> <span class='ocrx_word' id='word_1_9' title='bbox 667 490 938 562; x_wconf 78' lang='grc' dir='ltr'><strong>ἰσοτιμίαν</strong></span> <span class='ocrx_word' id='word_1_10' title='bbox 982 490 1247 561; x_wconf 82' lang='grc' dir='ltr'><strong>ἀγγέλους</strong></span> <span class='ocrx_word' id='word_1_11' title='bbox 1274 491 1384 563; x_wconf 72' lang='grc'>(45)</span> <span class='ocrx_word' id='word_1_12' title='bbox 1425 494 1682 560; x_wconf 79' lang='grc' dir='ltr'><strong>συντάξαι</strong></span> <span class='ocrx_word' id='word_1_13' title='bbox 1716 497 1976 569; x_wconf 82' lang='grc' dir='ltr'><strong>τολμήσει</strong></span> 
     </span>
    </p>
   </div>
   <div class='ocr_carea' id='block_1_5' title="bbox 2090 490 3666 574">
    <p class='ocr_par' dir='ltr' id='par_1_5' title="bbox 2090 501 3666 574">
     <span class='ocr_line' id='line_1_5' title="bbox 2090 501 3666 574; baseline 0.004 -21"><span class='ocrx_word' id='word_1_14' title='bbox 2090 501 2234 571; x_wconf 75' lang='lat' dir='ltr'><strong>ligas.</strong></span> <span class='ocrx_word' id='word_1_15' title='bbox 2295 501 2483 571; x_wconf 86' lang='lat' dir='ltr'><strong>Neque</strong></span> <span class='ocrx_word' id='word_1_16' title='bbox 2531 503 2676 557; x_wconf 88' lang='lat' dir='ltr'><strong>enim</strong></span> <span class='ocrx_word' id='word_1_17' title='bbox 2730 503 2952 573; x_wconf 76' lang='lat' dir='ltr'><strong>angelos</strong></span> <span class='ocrx_word' id='word_1_18' title='bbox 2995 503 3216 560; x_wconf 75' lang='lat' dir='ltr'><strong>audebit</strong></span> <span class='ocrx_word' id='word_1_19' title='bbox 3275 503 3580 574; x_wconf 84' lang='lat' dir='ltr'><strong>quisquam-</strong></span> <span class='ocrx_word' id='word_1_20' title='bbox 3610 508 3666 559; x_wconf 91' lang='lat' dir='ltr'><strong>in</strong></span> 
     </span>
    </p>
   </div>
   <div class='ocr_carea' id='block_1_6' title="bbox 393 581 1975 658">
    <p class='ocr_par' dir='ltr' id='par_1_6' title="bbox 393 581 1975 658">
     <span class='ocr_line' id='line_1_6' title="bbox 393 581 1975 658; baseline -0.002 -19"><span class='ocrx_word' id='word_1_21' title='bbox 393 603 478 648; x_wconf 87' lang='grc' dir='ltr'><strong>τις</strong></span> <span class='ocrx_word' id='word_1_22' title='bbox 501 584 578 654; x_wconf 89' lang='grc' dir='ltr'><strong>τῷ</strong></span> <span class='ocrx_word' id='word_1_23' title='bbox 605 581 918 653; x_wconf 86' lang='grc' dir='ltr'>δημιουργῷ</span> <span class='ocrx_word' id='word_1_24' title='bbox 946 582 1039 634; x_wconf 76' lang='grc' dir='ltr'>καὶ</span> <span class='ocrx_word' id='word_1_25' title='bbox 1064 584 1329 654; x_wconf 89' lang='grc' dir='ltr'>Δεσπότῃ,</span> <span class='ocrx_word' id='word_1_26' title='bbox 1363 583 1487 637; x_wconf 75' lang='grc' dir='ltr'>οὕτε</span> <span class='ocrx_word' id='word_1_27' title='bbox 1517 586 1636 655; x_wconf 97' lang='grc' dir='ltr'><strong>Θεῷ</strong></span> <span class='ocrx_word' id='word_1_28' title='bbox 1671 586 1780 658; x_wconf 90' lang='grc'>(46)</span> <span class='ocrx_word' id='word_1_29' title='bbox 1817 587 1975 641; x_wconf 84' lang='grc' dir='ltr'>πάλιν</span> 
     </span>
    </p>
   </div>
   <div class='ocr_carea' id='block_1_7' title="bbox 395 669 1976 746">
    <p class='ocr_par' dir='ltr' id='par_1_7' title="bbox 395 669 1976 746">
     <span class='ocr_line' id='line_1_7' title="bbox 395 669 1976 746; baseline 0.003 -17"><span class='ocrx_word' id='word_1_30' title='bbox 395 678 454 730; x_wconf 84' lang='grc' dir='ltr'>ἓν</span> <span class='ocrx_word' id='word_1_31' title='bbox 491 675 782 746; x_wconf 82' lang='grc' dir='ltr'>πρόσωπον</span> <span class='ocrx_word' id='word_1_32' title='bbox 817 669 926 728; x_wconf 81' lang='grc' dir='ltr'>οἷόν</span> <span class='ocrx_word' id='word_1_33' title='bbox 954 693 1014 727; x_wconf 89' lang='grc' dir='ltr'><strong>τε</strong></span> <span class='ocrx_word' id='word_1_34' title='bbox 1037 679 1200 739; x_wconf 85' lang='grc' dir='ltr'>νοεῖν,</span> <span class='ocrx_word' id='word_1_35' title='bbox 1232 676 1310 746; x_wconf 84' lang='grc' dir='ltr'><strong>τῷ</strong></span> <span class='ocrx_word' id='word_1_36' title='bbox 1339 676 1594 745; x_wconf 87' lang='grc' dir='ltr'>λέγεσθαι</span> <span class='ocrx_word' id='word_1_37' title='bbox 1614 696 1627 708; x_wconf 89' lang='grc'>·</span> <span class='ocrx_word' id='word_1_38' title='bbox 1673 681 1766 746; x_wconf 85' lang='grc' dir='ltr'>Ὡς</span> <span class='ocrx_word' id='word_1_39' title='bbox 1795 676 1883 745; x_wconf 88' lang='grc' dir='ltr'>εἶς</span> <span class='ocrx_word' id='word_1_40' title='bbox 1906 682 1976 746; x_wconf 79' lang='grc' dir='ltr'><strong>ἐξ</strong></span> 
     </span>
    </p>
   </div>
   <div class='ocr_carea' id='block_1_8' title="bbox 394 767 1977 843">
    <p class='ocr_par' dir='ltr' id='par_1_8' title="bbox 394 767 1977 843">
     <span class='ocr_line' id='line_1_8' title="bbox 394 767 1977 843; baseline 0.002 -22"><span class='ocrx_word' id='word_1_41' title='bbox 394 769 595 837; x_wconf 81' lang='grc' dir='ltr'>ἡμῶν·</span> <span class='ocrx_word' id='word_1_42' title='bbox 622 768 736 831; x_wconf 76' lang='grc' dir='ltr'>καὶ,</span> <span class='ocrx_word' id='word_1_43' title='bbox 764 768 961 828; x_wconf 82' lang='grc' dir='ltr'><strong>Δεῦτε,</strong></span> <span class='ocrx_word' id='word_1_44' title='bbox 991 767 1356 834; x_wconf 74' lang='grc' dir='ltr'>καταϐάντες</span> <span class='ocrx_word' id='word_1_45' title='bbox 1388 770 1761 839; x_wconf 73' lang='grc' dir='ltr'>συγχέωμεν.</span> <span class='ocrx_word' id='word_1_46' title='bbox 1796 773 1977 843; x_wconf 85' lang='grc' dir='ltr'>Ἐναρ-</span> 
     </span>
    </p>
   </div>
   <div class='ocr_carea' id='block_1_9' title="bbox 393 859 1974 931">
    <p class='ocr_par' dir='ltr' id='par_1_9' title="bbox 393 859 1974 931">
     <span class='ocr_line' id='line_1_9' title="bbox 393 859 1974 931; baseline 0.002 -19"><span class='ocrx_word' id='word_1_47' title='bbox 393 861 491 929; x_wconf 78' lang='grc' dir='ltr'><strong>γὲς</strong></span> <span class='ocrx_word' id='word_1_48' title='bbox 516 859 572 912; x_wconf 84' lang='grc' dir='ltr'>δὲ</span> <span class='ocrx_word' id='word_1_49' title='bbox 605 860 699 914; x_wconf 76' lang='grc' dir='ltr'>καὶ</span> <span class='ocrx_word' id='word_1_50' title='bbox 729 860 792 912; x_wconf 86' lang='grc' dir='ltr'><strong>τὸ</strong></span> <span class='ocrx_word' id='word_1_51' title='bbox 818 860 946 930; x_wconf 74' lang='grc' dir='ltr'>περὶ</span> <span class='ocrx_word' id='word_1_52' title='bbox 983 860 1084 929; x_wconf 76' lang='grc' dir='ltr'>τῆς</span> <span class='ocrx_word' id='word_1_53' title='bbox 1122 860 1508 929; x_wconf 80' lang='grc' dir='ltr'>καταστροφῆς</span> <span class='ocrx_word' id='word_1_54' title='bbox 1541 861 1790 931; x_wconf 88' lang='grc' dir='ltr'><strong>Σοδόμων</strong></span> <span class='ocrx_word' id='word_1_55' title='bbox 1818 862 1974 930; x_wconf 90' lang='grc' dir='ltr'>λεγό-</span> 
     </span>
    </p>
   </div>
   <div class='ocr_carea' id='block_1_10' title="bbox 400 952 1976 1025">
    <p class='ocr_par' dir='ltr' id='par_1_10' title="bbox 400 952 1976 1025">
     <span class='ocr_line' id='line_1_10' title="bbox 400 952 1976 1025; baseline 0.003 -20"><span class='ocrx_word' id='word_1_56' title='bbox 400 970 558 1025; x_wconf 89' lang='grc' dir='ltr'>μενον</span> <span class='ocrx_word' id='word_1_57' title='bbox 578 969 592 983; x_wconf 75' lang='grc' dir='ltr'><strong><em>ο</em></strong></span> <span class='ocrx_word' id='word_1_58' title='bbox 623 953 686 1006; x_wconf 84' lang='grc' dir='ltr'><strong>τό</strong></span> <span class='ocrx_word' id='word_1_59' title='bbox 735 970 793 1005; x_wconf 88' lang='grc' dir='ltr'><strong>τε</strong></span> <span class='ocrx_word' id='word_1_60' title='bbox 825 953 962 1022; x_wconf 88' lang='grc'>(47),</span> <span class='ocrx_word' id='word_1_61' title='bbox 997 952 1242 1019; x_wconf 80' lang='grc' dir='ltr'>Ἔϐρεξε</span> <span class='ocrx_word' id='word_1_62' title='bbox 1296 952 1512 1020; x_wconf 84' lang='grc' dir='ltr'>Κύριος</span> <span class='ocrx_word' id='word_1_63' title='bbox 1538 955 1701 1007; x_wconf 84' lang='grc' dir='ltr'>θεῖον</span> <span class='ocrx_word' id='word_1_64' title='bbox 1724 956 1823 1009; x_wconf 80' lang='grc' dir='ltr'>καὶ</span> <span class='ocrx_word' id='word_1_65' title='bbox 1857 958 1976 1024; x_wconf 78' lang='grc' dir='ltr'><strong>πῦρ</strong></span> 
     </span>
    </p>
   </div>
   <div class='ocr_carea' id='block_1_11' title="bbox 391 1044 1975 1118">
    <p class='ocr_par' dir='ltr' id='par_1_11' title="bbox 391 1044 1975 1118">
     <span class='ocr_line' id='line_1_11' title="bbox 391 1044 1975 1118; baseline 0.001 -19"><span class='ocrx_word' id='word_1_66' title='bbox 391 1047 554 1114; x_wconf 79' lang='grc' dir='ltr'>παρὰ</span> <span class='ocrx_word' id='word_1_67' title='bbox 585 1045 809 1113; x_wconf 76' lang='grc' dir='ltr'>Κύριον</span> <span class='ocrx_word' id='word_1_68' title='bbox 838 1047 908 1099; x_wconf 80' lang='grc' dir='ltr'>ἐκ</span> <span class='ocrx_word' id='word_1_69' title='bbox 937 1045 1042 1099; x_wconf 82' lang='grc' dir='ltr'><strong>τοῦ</strong></span> <span class='ocrx_word' id='word_1_70' title='bbox 1081 1044 1343 1112; x_wconf 82' lang='grc' dir='ltr'>οὐρανοῦ</span> <span class='ocrx_word' id='word_1_71' title='bbox 1362 1063 1374 1075; x_wconf 89' lang='grc'><strong>·</strong></span> <span class='ocrx_word' id='word_1_72' title='bbox 1407 1047 1500 1098; x_wconf 77' lang='grc' dir='ltr'>καὶ</span> <span class='ocrx_word' id='word_1_73' title='bbox 1531 1047 1592 1098; x_wconf 85' lang='grc' dir='ltr'><strong>τὸ</strong></span> <span class='ocrx_word' id='word_1_74' title='bbox 1617 1047 1675 1101; x_wconf 83' lang='grc' dir='ltr'><strong>ἐν</strong></span> <span class='ocrx_word' id='word_1_75' title='bbox 1699 1050 1812 1112; x_wconf 83' lang='grc' dir='ltr'>τοῖς</span> <span class='ocrx_word' id='word_1_76' title='bbox 1842 1065 1975 1118; x_wconf 89' lang='grc' dir='ltr'>προ-</span> 
     </span>
    </p>
   </div>
   <div class='ocr_carea' id='block_1_12' title="bbox 391 1137 1978 1211">
    <p class='ocr_par' dir='ltr' id='par_1_12' title="bbox 391 1137 1978 1211">
     <span class='ocr_line' id='line_1_12' title="bbox 391 1137 1978 1211; baseline 0.001 -19"><span class='ocrx_word' id='word_1_77' title='bbox 391 1143 593 1210; x_wconf 78' lang='grc' dir='ltr'>φήταις</span> <span class='ocrx_word' id='word_1_78' title='bbox 630 1138 1029 1210; x_wconf 84' lang='grc' dir='ltr'>παραπλησίως</span> <span class='ocrx_word' id='word_1_79' title='bbox 1095 1137 1307 1200; x_wconf 78' lang='grc' dir='ltr'><strong>τούτοις</strong></span> <span class='ocrx_word' id='word_1_80' title='bbox 1359 1138 1648 1210; x_wconf 77' lang='grc' dir='ltr'>εἰρημένον</span> <span class='ocrx_word' id='word_1_81' title='bbox 1693 1142 1758 1192; x_wconf 84' lang='grc' dir='ltr'><strong>ὲκ</strong></span> <span class='ocrx_word' id='word_1_82' title='bbox 1805 1157 1978 1211; x_wconf 89' lang='grc' dir='ltr'>προσ-</span> 
     </span>
    </p>
   </div>
   <div class='ocr_carea' id='block_1_13' title="bbox 389 1229 1975 1300">
    <p class='ocr_par' dir='ltr' id='par_1_13' title="bbox 389 1229 1975 1300">
     <span class='ocr_line' id='line_1_13' title="bbox 389 1229 1975 1300; baseline 0 -16"><span class='ocrx_word' id='word_1_83' title='bbox 389 1232 542 1286; x_wconf 83' lang='grc' dir='ltr'>ὠπου</span> <span class='ocrx_word' id='word_1_84' title='bbox 558 1232 651 1284; x_wconf 89' lang='grc' dir='ltr'><strong>τοῦ</strong></span> <span class='ocrx_word' id='word_1_85' title='bbox 673 1229 827 1284; x_wconf 87' lang='grc' dir='ltr'>Θεοῦ·</span> <span class='ocrx_word' id='word_1_86' title='bbox 847 1231 1235 1297; x_wconf 71' lang='grc' dir='ltr'>Κατέστρεψα</span> <span class='ocrx_word' id='word_1_87' title='bbox 1257 1231 1497 1294; x_wconf 86' lang='grc' dir='ltr'>αὐτους,</span> <span class='ocrx_word' id='word_1_88' title='bbox 1531 1232 1712 1300; x_wconf 78' lang='grc' dir='ltr'>φησὶν,</span> <span class='ocrx_word' id='word_1_89' title='bbox 1738 1231 1819 1297; x_wconf 85' lang='grc' dir='ltr'><strong>ὡς</strong></span> <span class='ocrx_word' id='word_1_90' title='bbox 1837 1249 1975 1284; x_wconf 83' lang='grc' dir='ltr'>κατ-</span> 
     </span>
    </p>
   </div>
   <div class='ocr_carea' id='block_1_14' title="bbox 388 1318 1976 1389">
    <p class='ocr_par' dir='ltr' id='par_1_14' title="bbox 388 1318 1976 1389">
     <span class='ocr_line' id='line_1_14' title="bbox 388 1318 1976 1389; baseline -0.001 -15"><span class='ocrx_word' id='word_1_91' title='bbox 388 1320 690 1389; x_wconf 68' lang='grc' dir='ltr'>έστρεψεν</span> <span class='ocrx_word' id='word_1_92' title='bbox 715 1324 748 1373; x_wconf 85' lang='grc' dir='ltr'><strong>ό</strong></span> <span class='ocrx_word' id='word_1_93' title='bbox 774 1320 918 1385; x_wconf 76' lang='grc' dir='ltr'>Θεὸς</span> <span class='ocrx_word' id='word_1_94' title='bbox 952 1321 1187 1389; x_wconf 80' lang='grc' dir='ltr'><strong>Σόδομα</strong></span> <span class='ocrx_word' id='word_1_95' title='bbox 1247 1318 1350 1371; x_wconf 79' lang='grc' dir='ltr'>καὶ</span> <span class='ocrx_word' id='word_1_96' title='bbox 1383 1319 1678 1387; x_wconf 75' lang='grc' dir='ltr'>Γόμορρα.</span> <span class='ocrx_word' id='word_1_97' title='bbox 1708 1321 1820 1372; x_wconf 73' lang='grc' dir='ltr'><strong>Καὶ</strong></span> <span class='ocrx_word' id='word_1_98' title='bbox 1861 1321 1976 1374; x_wconf 81' lang='grc' dir='ltr'>ἑτέ-</span> 
     </span>
    </p>
   </div>
   <div class='ocr_carea' id='block_1_15' title="bbox 392 1410 1976 1484">
    <p class='ocr_par' dir='ltr' id='par_1_15' title="bbox 392 1410 1976 1484">
     <span class='ocr_line' id='line_1_15' title="bbox 392 1410 1976 1484; baseline -0.001 -18"><span class='ocrx_word' id='word_1_99' title='bbox 392 1431 504 1484; x_wconf 81' lang='grc' dir='ltr'><strong>ρως</strong></span> <span class='ocrx_word' id='word_1_100' title='bbox 522 1412 1098 1484; x_wconf 79' lang='grc' dir='ltr'>φιλανθρωπευόμενος</span> <span class='ocrx_word' id='word_1_101' title='bbox 1128 1411 1276 1480; x_wconf 80' lang='grc' dir='ltr'>λέγει</span> <span class='ocrx_word' id='word_1_102' title='bbox 1313 1413 1342 1464; x_wconf 85' lang='grc' dir='ltr'><strong>ό</strong></span> <span class='ocrx_word' id='word_1_103' title='bbox 1365 1410 1518 1475; x_wconf 88' lang='grc' dir='ltr'>Θεὸς·</span> <span class='ocrx_word' id='word_1_104' title='bbox 1547 1410 1728 1464; x_wconf 85' lang='grc' dir='ltr'>Σὼσω</span> <span class='ocrx_word' id='word_1_105' title='bbox 1754 1413 1976 1478; x_wconf 82' lang='grc' dir='ltr'>αὐτοὺς</span> 
     </span>
    </p>
   </div>
   <div class='ocr_carea' id='block_1_16' title="bbox 388 1500 1975 1574">
    <p class='ocr_par' dir='ltr' id='par_1_16' title="bbox 388 1500 1975 1574">
     <span class='ocr_line' id='line_1_16' title="bbox 388 1500 1975 1574; baseline -0.003 -16"><span class='ocrx_word' id='word_1_106' title='bbox 388 1506 463 1558; x_wconf 77' lang='grc' dir='ltr'><strong>ἐν</strong></span> <span class='ocrx_word' id='word_1_107' title='bbox 491 1505 685 1571; x_wconf 78' lang='grc' dir='ltr'>Κυρίῳ</span> <span class='ocrx_word' id='word_1_108' title='bbox 714 1503 792 1568; x_wconf 86' lang='grc' dir='ltr'><strong>τῷ</strong></span> <span class='ocrx_word' id='word_1_109' title='bbox 827 1501 950 1567; x_wconf 85' lang='grc' dir='ltr'>Θεῷ</span> <span class='ocrx_word' id='word_1_110' title='bbox 978 1500 1210 1556; x_wconf 69' lang='grc' dir='ltr'>αὐτῶνθ</span> <span class='ocrx_word' id='word_1_111' title='bbox 1251 1501 1389 1574; x_wconf 82' lang='grc' dir='ltr'>ὅπερ</span> <span class='ocrx_word' id='word_1_112' title='bbox 1443 1502 1546 1554; x_wconf 83' lang='grc' dir='ltr'><strong>οὐκ</strong></span> <span class='ocrx_word' id='word_1_113' title='bbox 1599 1502 1822 1556; x_wconf 80' lang='grc' dir='ltr'>ἀπέοικε</span> <span class='ocrx_word' id='word_1_114' title='bbox 1876 1504 1975 1573; x_wconf 75' lang='grc' dir='ltr'>τῆς</span> 
     </span>
    </p>
   </div>
   <div class='ocr_carea' id='block_1_17' title="bbox 389 1587 1976 1662">
    <p class='ocr_par' dir='ltr' id='par_1_17' title="bbox 389 1587 1976 1662">
     <span class='ocr_line' id='line_1_17' title="bbox 389 1587 1976 1662; baseline -0.004 -15"><span class='ocrx_word' id='word_1_115' title='bbox 389 1593 753 1662; x_wconf 84' lang='grc' dir='ltr'>ἀποστολικῆς</span> <span class='ocrx_word' id='word_1_116' title='bbox 780 1591 981 1657; x_wconf 80' lang='grc' dir='ltr'>λέξεως</span> <span class='ocrx_word' id='word_1_117' title='bbox 1009 1591 1109 1659; x_wconf 83' lang='grc' dir='ltr'>τῆς</span> <span class='ocrx_word' id='word_1_118' title='bbox 1138 1588 1432 1660; x_wconf 86' lang='grc' dir='ltr'>λεγούσης·</span> <span class='ocrx_word' id='word_1_119' title='bbox 1461 1589 1589 1657; x_wconf 80' lang='grc' dir='ltr'><strong>Δώῃ</strong></span> <span class='ocrx_word' id='word_1_120' title='bbox 1609 1587 1769 1654; x_wconf 83' lang='grc' dir='ltr'>αὐτῷ</span> <span class='ocrx_word' id='word_1_121' title='bbox 1798 1594 1832 1642; x_wconf 72' lang='grc' dir='ltr'><em>ὁ</em></span> <span class='ocrx_word' id='word_1_122' title='bbox 1857 1591 1976 1644; x_wconf 81' lang='grc' dir='ltr'><strong>Κύ-</strong></span> 
     </span>
    </p>
   </div>
   <div class='ocr_carea' id='block_1_18' title="bbox 385 1681 1976 1755">
    <p class='ocr_par' dir='ltr' id='par_1_18' title="bbox 385 1681 1976 1755">
     <span class='ocr_line' id='line_1_18' title="bbox 385 1681 1976 1755; baseline -0.003 -16"><span class='ocrx_word' id='word_1_123' title='bbox 385 1704 518 1755; x_wconf 86' lang='grc' dir='ltr'>ριος</span> <span class='ocrx_word' id='word_1_124' title='bbox 542 1685 653 1755; x_wconf 81' lang='grc'>(48)</span> <span class='ocrx_word' id='word_1_125' title='bbox 673 1683 870 1752; x_wconf 79' lang='grc' dir='ltr'>εὑρεῖν</span> <span class='ocrx_word' id='word_1_126' title='bbox 893 1683 1065 1747; x_wconf 78' lang='grc' dir='ltr'>ἕλεος</span> <span class='ocrx_word' id='word_1_127' title='bbox 1105 1683 1266 1749; x_wconf 79' lang='grc' dir='ltr'>παρὰ</span> <span class='ocrx_word' id='word_1_128' title='bbox 1293 1681 1516 1749; x_wconf 82' lang='grc' dir='ltr'><strong>Κυρίου</strong></span> <span class='ocrx_word' id='word_1_129' title='bbox 1558 1681 1630 1734; x_wconf 83' lang='grc' dir='ltr'>ἐν</span> <span class='ocrx_word' id='word_1_130' title='bbox 1656 1681 1860 1751; x_wconf 74' lang='grc' dir='ltr'>ἐκείνῃ</span> <span class='ocrx_word' id='word_1_131' title='bbox 1898 1681 1976 1750; x_wconf 78' lang='grc' dir='ltr'>τῇ</span> 
     </span>
    </p>
   </div>
   <div class='ocr_carea' id='block_1_19' title="bbox 390 1772 1977 1849">
    <p class='ocr_par' dir='ltr' id='par_1_19' title="bbox 390 1772 1977 1849">
     <span class='ocr_line' id='line_1_19' title="bbox 390 1772 1977 1849; baseline -0.004 -15"><span class='ocrx_word' id='word_1_132' title='bbox 390 1779 607 1849; x_wconf 76' lang='grc' dir='ltr'>ἡμέρᾳ.</span> <span class='ocrx_word' id='word_1_133' title='bbox 650 1779 715 1831; x_wconf 87' lang='grc' dir='ltr'>Τί</span> <span class='ocrx_word' id='word_1_134' title='bbox 750 1778 807 1830; x_wconf 87' lang='grc' dir='ltr'>δὲ</span> <span class='ocrx_word' id='word_1_135' title='bbox 845 1779 874 1830; x_wconf 91' lang='grc' dir='ltr'>ὁ</span> <span class='ocrx_word' id='word_1_136' title='bbox 902 1773 1209 1846; x_wconf 85' lang='grc' dir='ltr'>Ζοροϐάϐελ</span> <span class='ocrx_word' id='word_1_137' title='bbox 1230 1773 1326 1826; x_wconf 65' lang='grc' dir='ltr'><strong>κα)⁵</strong></span> <span class='ocrx_word' id='word_1_138' title='bbox 1359 1775 1393 1844; x_wconf 84' lang='grc' dir='ltr'><strong>ἡ</strong></span> <span class='ocrx_word' id='word_1_139' title='bbox 1419 1772 1512 1826; x_wconf 84' lang='grc' dir='ltr'><strong>τοῦ</strong></span> <span class='ocrx_word' id='word_1_140' title='bbox 1553 1774 1856 1844; x_wconf 82' lang='grc' dir='ltr'>Ζοροϐάϐελ</span> <span class='ocrx_word' id='word_1_141' title='bbox 1890 1791 1977 1827; x_wconf 87' lang='grc' dir='ltr'>σο-</span> 
     </span>
    </p>
   </div>
   <div class='ocr_carea' id='block_1_20' title="bbox 2076 595 3661 663">
    <p class='ocr_par' dir='ltr' id='par_1_20' title="bbox 2076 595 3661 663">
     <span class='ocr_line' id='line_1_20' title="bbox 2076 595 3661 663; baseline 0.003 -17"><span class='ocrx_word' id='word_1_142' title='bbox 2076 595 2267 663; x_wconf 70' lang='lat' dir='ltr'><strong>aequali</strong></span> <span class='ocrx_word' id='word_1_143' title='bbox 2301 595 2504 649; x_wconf 83' lang='lat' dir='ltr'><strong>honore</strong></span> <span class='ocrx_word' id='word_1_144' title='bbox 2543 611 2666 649; x_wconf 88' lang='lat' dir='ltr'><strong>cum</strong></span> <span class='ocrx_word' id='word_1_145' title='bbox 2725 605 2974 652; x_wconf 73' lang='lat' dir='ltr'><strong>creatore</strong></span> <span class='ocrx_word' id='word_1_146' title='bbox 3008 605 3062 651; x_wconf 90' lang='lat' dir='ltr'><strong>et</strong></span> <span class='ocrx_word' id='word_1_147' title='bbox 3094 598 3320 651; x_wconf 90' lang='lat' dir='ltr'><strong>Domino</strong></span> <span class='ocrx_word' id='word_1_148' title='bbox 3355 597 3661 652; x_wconf 83' lang='lat' dir='ltr'><strong>collocare:</strong></span> 
     </span>
    </p>
   </div>
   <div class='ocr_carea' id='block_1_21' title="bbox 2076 688 3664 758">
    <p class='ocr_par' dir='ltr' id='par_1_21' title="bbox 2076 688 3664 758">
     <span class='ocr_line' id='line_1_21' title="bbox 2076 688 3664 758; baseline 0.001 -19"><span class='ocrx_word' id='word_1_149' title='bbox 2076 700 2252 753; x_wconf 89' lang='lat' dir='ltr'><strong>neque</strong></span> <span class='ocrx_word' id='word_1_150' title='bbox 2282 702 2468 741; x_wconf 88' lang='lat' dir='ltr'><strong>rursus</strong></span> <span class='ocrx_word' id='word_1_151' title='bbox 2500 688 2612 740; x_wconf 82' lang='lat' dir='ltr'><strong>fieri</strong></span> <span class='ocrx_word' id='word_1_152' title='bbox 2660 696 2838 755; x_wconf 91' lang='lat' dir='ltr'><strong>potest</strong></span> <span class='ocrx_word' id='word_1_153' title='bbox 2867 698 2925 741; x_wconf 90' lang='lat' dir='ltr'><strong>ut</strong></span> <span class='ocrx_word' id='word_1_154' title='bbox 2954 689 3005 742; x_wconf 91' lang='lat' dir='ltr'><strong>in</strong></span> <span class='ocrx_word' id='word_1_155' title='bbox 3039 688 3148 742; x_wconf 92' lang='lat' dir='ltr'><strong>Deo</strong></span> <span class='ocrx_word' id='word_1_156' title='bbox 3173 705 3275 742; x_wconf 90' lang='lat' dir='ltr'><strong>una</strong></span> <span class='ocrx_word' id='word_1_157' title='bbox 3312 703 3542 758; x_wconf 82' lang='lat' dir='ltr'><strong>persona</strong></span> <span class='ocrx_word' id='word_1_158' title='bbox 3578 689 3664 741; x_wconf 81' lang='lat' dir='ltr'><strong>in-</strong></span> 
     </span>
    </p>
   </div>
   <div class='ocr_carea' id='block_1_22' title="bbox 2078 776 3662 846">
    <p class='ocr_par' dir='ltr' id='par_1_22' title="bbox 2078 776 3662 846">
     <span class='ocr_line' id='line_1_22' title="bbox 2078 776 3662 846; baseline 0.001 -16"><span class='ocrx_word' id='word_1_159' title='bbox 2078 776 2368 846; x_wconf 82' lang='lat' dir='ltr'><strong>telligatur,</strong></span> <span class='ocrx_word' id='word_1_160' title='bbox 2395 792 2516 831; x_wconf 91' lang='lat' dir='ltr'><strong>cum</strong></span> <span class='ocrx_word' id='word_1_161' title='bbox 2544 779 2756 832; x_wconf 80' lang='lat' dir='ltr'><strong>dicatur</strong></span> <span class='ocrx_word' id='word_1_162' title='bbox 2793 795 2806 831; x_wconf 92' lang='lat'><strong>:</strong></span> <span class='ocrx_word' id='word_1_163' title='bbox 2843 777 2912 831; x_wconf 89' lang='lat' dir='ltr'><strong>Ut</strong></span> <span class='ocrx_word' id='word_1_164' title='bbox 2935 797 3072 834; x_wconf 81' lang='lat' dir='ltr'><strong>unus</strong></span> <span class='ocrx_word' id='word_1_165' title='bbox 3100 797 3127 833; x_wconf 89' lang='lat' dir='ltr'><strong>e</strong></span> <span class='ocrx_word' id='word_1_166' title='bbox 3157 783 3322 846; x_wconf 82' lang='lat' dir='ltr'><strong>nobis,</strong></span> <span class='ocrx_word' id='word_1_167' title='bbox 3354 789 3428 843; x_wconf 84' lang='lat' dir='ltr'><strong>et,</strong></span> <span class='ocrx_word' id='word_1_168' title='bbox 3460 779 3662 843; x_wconf 82' lang='lat' dir='ltr'><strong>Venite,</strong></span> 
     </span>
    </p>
   </div>
   <div class='ocr_carea' id='block_1_23' title="bbox 2077 871 3667 940">
    <p class='ocr_par' dir='ltr' id='par_1_23' title="bbox 2077 871 3667 940">
     <span class='ocr_line' id='line_1_23' title="bbox 2077 871 3667 940; baseline -0.002 -15"><span class='ocrx_word' id='word_1_169' title='bbox 2077 873 2442 925; x_wconf 71' lang='lat' dir='ltr'><strong>descendentes</strong></span> <span class='ocrx_word' id='word_1_170' title='bbox 2505 871 2913 940; x_wconf 81' lang='lat' dir='ltr'><strong>confundam-us.</strong></span> <span class='ocrx_word' id='word_1_171' title='bbox 2963 872 3269 938; x_wconf 84' lang='lat' dir='ltr'><strong>Quinetiam</strong></span> <span class='ocrx_word' id='word_1_172' title='bbox 3327 872 3532 924; x_wconf 89' lang='lat' dir='ltr'><strong>clarum</strong></span> <span class='ocrx_word' id='word_1_173' title='bbox 3581 878 3667 925; x_wconf 88' lang='lat' dir='ltr'><strong>est</strong></span> 
     </span>
    </p>
   </div>
   <div class='ocr_carea' id='block_1_24' title="bbox 2077 961 3662 1030">
    <p class='ocr_par' dir='ltr' id='par_1_24' title="bbox 2077 961 3662 1030">
     <span class='ocr_line' id='line_1_24' title="bbox 2077 961 3662 1030; baseline 0 -18"><span class='ocrx_word' id='word_1_174' title='bbox 2077 961 2219 1030; x_wconf 91' lang='lat' dir='ltr'><strong>quod</strong></span> <span class='ocrx_word' id='word_1_175' title='bbox 2254 962 2320 1014; x_wconf 89' lang='lat' dir='ltr'><strong>de</strong></span> <span class='ocrx_word' id='word_1_176' title='bbox 2354 961 2710 1015; x_wconf 85' lang='lat' dir='ltr'><strong>Sodomorum</strong></span> <span class='ocrx_word' id='word_1_177' title='bbox 2737 962 3020 1016; x_wconf 89' lang='lat' dir='ltr'><strong>eversione</strong></span> <span class='ocrx_word' id='word_1_178' title='bbox 3054 964 3275 1024; x_wconf 90' lang='lat' dir='ltr'><strong>dicitur,</strong></span> <span class='ocrx_word' id='word_1_179' title='bbox 3303 962 3430 1015; x_wconf 92' lang='lat' dir='ltr'><strong>illud</strong></span> <span class='ocrx_word' id='word_1_180' title='bbox 3467 961 3662 1014; x_wconf 89' lang='lat' dir='ltr'><strong>videli-</strong></span> 
     </span>
    </p>
   </div>
   <div class='ocr_carea' id='block_1_25' title="bbox 2077 1048 3662 1120">
    <p class='ocr_par' dir='ltr' id='par_1_25' title="bbox 2077 1048 3662 1120">
     <span class='ocr_line' id='line_1_25' title="bbox 2077 1048 3662 1120; baseline -0.002 -14"><span class='ocrx_word' id='word_1_181' title='bbox 2077 1062 2200 1106; x_wconf 89' lang='lat' dir='ltr'><strong>cet:</strong></span> <span class='ocrx_word' id='word_1_182' title='bbox 2235 1048 2384 1103; x_wconf 76' lang='lat' dir='ltr'><strong>l’luit</strong></span> <span class='ocrx_word' id='word_1_183' title='bbox 2427 1051 2684 1104; x_wconf 77' lang='lat' dir='ltr'><strong>Dominus</strong></span> <span class='ocrx_word' id='word_1_184' title='bbox 2730 1053 2955 1120; x_wconf 75' lang='lat' dir='ltr'><strong>sulphur</strong></span> <span class='ocrx_word' id='word_1_185' title='bbox 2979 1061 3028 1104; x_wconf 86' lang='lat' dir='ltr'><strong>et</strong></span> <span class='ocrx_word' id='word_1_186' title='bbox 3073 1053 3243 1120; x_wconf 85' lang='lat' dir='ltr'><strong>ignem</strong></span> <span class='ocrx_word' id='word_1_187' title='bbox 3275 1069 3306 1104; x_wconf 91' lang='lat' dir='ltr'><strong>a</strong></span> <span class='ocrx_word' id='word_1_188' title='bbox 3341 1051 3566 1104; x_wconf 89' lang='lat' dir='ltr'><strong>Domino</strong></span> <span class='ocrx_word' id='word_1_189' title='bbox 3598 1052 3662 1103; x_wconf 84' lang='lat' dir='ltr'><strong>de</strong></span> 
     </span>
    </p>
   </div>
   <div class='ocr_carea' id='block_1_26' title="bbox 2077 1140 3662 1210">
    <p class='ocr_par' dir='ltr' id='par_1_26' title="bbox 2077 1140 3662 1210">
     <span class='ocr_line' id='line_1_26' title="bbox 2077 1140 3662 1210; baseline -0.004 -13"><span class='ocrx_word' id='word_1_190' title='bbox 2077 1142 2203 1197; x_wconf 72' lang='lat' dir='ltr'><strong>caelo</strong></span> <span class='ocrx_word' id='word_1_191' title='bbox 2229 1143 2298 1206; x_wconf 75' lang='lat'><strong>“,</strong></span> <span class='ocrx_word' id='word_1_192' title='bbox 2327 1152 2382 1198; x_wconf 91' lang='lat' dir='ltr'><strong>et</strong></span> <span class='ocrx_word' id='word_1_193' title='bbox 2422 1143 2546 1208; x_wconf 86' lang='lat' dir='ltr'><strong>hoc,</strong></span> <span class='ocrx_word' id='word_1_194' title='bbox 2585 1143 2726 1210; x_wconf 88' lang='lat' dir='ltr'><strong>quod</strong></span> <span class='ocrx_word' id='word_1_195' title='bbox 2778 1143 2831 1194; x_wconf 92' lang='lat' dir='ltr'><strong>in</strong></span> <span class='ocrx_word' id='word_1_196' title='bbox 2884 1143 3160 1210; x_wconf 86' lang='lat' dir='ltr'><strong>prophetis</strong></span> <span class='ocrx_word' id='word_1_197' title='bbox 3210 1141 3460 1194; x_wconf 87' lang='lat' dir='ltr'><strong>similiter</strong></span> <span class='ocrx_word' id='word_1_198' title='bbox 3511 1140 3598 1192; x_wconf 85' lang='lat' dir='ltr'><strong>bis</strong></span> <span class='ocrx_word' id='word_1_199' title='bbox 3631 1153 3662 1191; x_wconf 89' lang='lat' dir='ltr'><strong>e</strong></span> 
     </span>
    </p>
   </div>
   <div class='ocr_carea' id='block_1_27' title="bbox 2077 1231 3662 1303">
    <p class='ocr_par' dir='ltr' id='par_1_27' title="bbox 2077 1231 3662 1303">
     <span class='ocr_line' id='line_1_27' title="bbox 2077 1231 3662 1303; baseline -0.007 -14"><span class='ocrx_word' id='word_1_200' title='bbox 2077 1249 2305 1303; x_wconf 85' lang='lat' dir='ltr'><strong>persona</strong></span> <span class='ocrx_word' id='word_1_201' title='bbox 2360 1234 2453 1288; x_wconf 74' lang='lat' dir='ltr'><strong>Dei</strong></span> <span class='ocrx_word' id='word_1_202' title='bbox 2496 1234 2696 1288; x_wconf 91' lang='lat' dir='ltr'><strong>dictum</strong></span> <span class='ocrx_word' id='word_1_203' title='bbox 2735 1245 2860 1289; x_wconf 87' lang='lat' dir='ltr'><strong>est:</strong></span> <span class='ocrx_word' id='word_1_204' title='bbox 2903 1233 3077 1286; x_wconf 83' lang='lat' dir='ltr'><strong>Everti</strong></span> <span class='ocrx_word' id='word_1_205' title='bbox 3122 1247 3246 1291; x_wconf 83' lang='lat' dir='ltr'><strong>eos,</strong></span> <span class='ocrx_word' id='word_1_206' title='bbox 3295 1231 3492 1298; x_wconf 87' lang='lat' dir='ltr'><strong>inquit,</strong></span> <span class='ocrx_word' id='word_1_207' title='bbox 3529 1231 3662 1281; x_wconf 79' lang='lat' dir='ltr'><strong>sicut</strong></span> 
     </span>
    </p>
   </div>
   <div class='ocr_carea' id='block_1_28' title="bbox 2076 1322 3664 1382">
    <p class='ocr_par' dir='ltr' id='par_1_28' title="bbox 2076 1322 3664 1382">
     <span class='ocr_line' id='line_1_28' title="bbox 2076 1322 3664 1382; baseline -0.006 -1"><span class='ocrx_word' id='word_1_208' title='bbox 2076 1327 2220 1382; x_wconf 82' lang='lat' dir='ltr'><strong>Deus</strong></span> <span class='ocrx_word' id='word_1_209' title='bbox 2246 1329 2423 1380; x_wconf 82' lang='lat' dir='ltr'><strong>evertit</strong></span> <span class='ocrx_word' id='word_1_210' title='bbox 2459 1326 2750 1382; x_wconf 86' lang='lat' dir='ltr'><strong>Sodomam</strong></span> <span class='ocrx_word' id='word_1_211' title='bbox 2776 1337 2821 1379; x_wconf 87' lang='lat' dir='ltr'><strong>et</strong></span> <span class='ocrx_word' id='word_1_212' title='bbox 2849 1325 3197 1381; x_wconf 83' lang='lat' dir='ltr'><strong>Gomorrham</strong></span> <span class='ocrx_word' id='word_1_213' title='bbox 3215 1325 3282 1378; x_wconf 75' lang='grc'><strong>’⁵.</strong></span> <span class='ocrx_word' id='word_1_214' title='bbox 3316 1323 3382 1377; x_wconf 89' lang='grc' dir='ltr'>Ει</span> <span class='ocrx_word' id='word_1_215' title='bbox 3408 1322 3534 1376; x_wconf 85' lang='lat' dir='ltr'><strong>alibi</strong></span> <span class='ocrx_word' id='word_1_216' title='bbox 3556 1322 3664 1373; x_wconf 88' lang='lat' dir='ltr'><strong>cle-</strong></span> 
     </span>
    </p>
   </div>
   <div class='ocr_carea' id='block_1_29' title="bbox 2076 1417 3658 1482">
    <p class='ocr_par' dir='ltr' id='par_1_29' title="bbox 2076 1417 3658 1482">
     <span class='ocr_line' id='line_1_29' title="bbox 2076 1417 3658 1482; baseline -0.003 -9"><span class='ocrx_word' id='word_1_217' title='bbox 2076 1418 2314 1478; x_wconf 79' lang='lat' dir='ltr'><strong>mentius</strong></span> <span class='ocrx_word' id='word_1_218' title='bbox 2341 1419 2473 1472; x_wconf 85' lang='lat' dir='ltr'><strong>dicit</strong></span> <span class='ocrx_word' id='word_1_219' title='bbox 2496 1420 2636 1472; x_wconf 91' lang='lat' dir='ltr'><strong>Deus</strong></span> <span class='ocrx_word' id='word_1_220' title='bbox 2661 1435 2675 1470; x_wconf 90' lang='lat'><strong>:</strong></span> <span class='ocrx_word' id='word_1_221' title='bbox 2697 1417 2920 1471; x_wconf 81' lang='lat' dir='ltr'><strong>Salvabo</strong></span> <span class='ocrx_word' id='word_1_222' title='bbox 2937 1434 3022 1470; x_wconf 85' lang='lat' dir='ltr'><strong>eos</strong></span> <span class='ocrx_word' id='word_1_223' title='bbox 3043 1417 3100 1470; x_wconf 89' lang='lat' dir='ltr'><strong>in</strong></span> <span class='ocrx_word' id='word_1_224' title='bbox 3121 1417 3341 1469; x_wconf 88' lang='lat' dir='ltr'><strong>Domino</strong></span> <span class='ocrx_word' id='word_1_225' title='bbox 3367 1417 3472 1469; x_wconf 89' lang='lat' dir='ltr'><strong>Deo</strong></span> <span class='ocrx_word' id='word_1_226' title='bbox 3493 1418 3658 1482; x_wconf 76' lang='lat' dir='ltr'><strong>suo&quot;;</strong></span> 
     </span>
    </p>
   </div>
   <div class='ocr_carea' id='block_1_30' title="bbox 2082 1507 3659 1579">
    <p class='ocr_par' dir='ltr' id='par_1_30' title="bbox 2082 1507 3659 1579">
     <span class='ocr_line' id='line_1_30' title="bbox 2082 1507 3659 1579; baseline 0 -16"><span class='ocrx_word' id='word_1_227' title='bbox 2082 1510 2136 1563; x_wconf 91' lang='lat' dir='ltr'><strong>id</strong></span> <span class='ocrx_word' id='word_1_228' title='bbox 2164 1511 2307 1577; x_wconf 88' lang='lat' dir='ltr'><strong>quod</strong></span> <span class='ocrx_word' id='word_1_229' title='bbox 2361 1513 2428 1562; x_wconf 86' lang='lat' dir='ltr'><strong>ab</strong></span> <span class='ocrx_word' id='word_1_230' title='bbox 2461 1511 2757 1578; x_wconf 81' lang='lat' dir='ltr'><strong>apostolica</strong></span> <span class='ocrx_word' id='word_1_231' title='bbox 2795 1509 3028 1564; x_wconf 89' lang='lat' dir='ltr'><strong>dictione</strong></span> <span class='ocrx_word' id='word_1_232' title='bbox 3062 1508 3204 1562; x_wconf 86' lang='lat' dir='ltr'><strong>haud</strong></span> <span class='ocrx_word' id='word_1_233' title='bbox 3249 1507 3523 1572; x_wconf 90' lang='lat' dir='ltr'><strong>dissentit,</strong></span> <span class='ocrx_word' id='word_1_234' title='bbox 3551 1525 3659 1579; x_wconf 86' lang='lat' dir='ltr'><strong>qua</strong></span> 
     </span>
    </p>
   </div>
   <div class='ocr_carea' id='block_1_31' title="bbox 2078 1597 3662 1669">
    <p class='ocr_par' dir='ltr' id='par_1_31' title="bbox 2078 1597 3662 1669">
     <span class='ocr_line' id='line_1_31' title="bbox 2078 1597 3662 1669; baseline -0.001 -17"><span class='ocrx_word' id='word_1_235' title='bbox 2078 1599 2315 1652; x_wconf 89' lang='lat' dir='ltr'><strong>dicitur:</strong></span> <span class='ocrx_word' id='word_1_236' title='bbox 2358 1599 2522 1669; x_wconf 78' lang='lat'><strong>316</strong></span> <span class='ocrx_word' id='word_1_237' title='bbox 2559 1598 2652 1652; x_wconf 89' lang='lat' dir='ltr'><strong>Det</strong></span> <span class='ocrx_word' id='word_1_238' title='bbox 2681 1601 2728 1652; x_wconf 79' lang='lat' dir='ltr'><strong>ei</strong></span> <span class='ocrx_word' id='word_1_239' title='bbox 2773 1599 3058 1659; x_wconf 74' lang='lat' dir='ltr'><strong>Dominus,</strong></span> <span class='ocrx_word' id='word_1_240' title='bbox 3095 1607 3153 1649; x_wconf 88' lang='lat' dir='ltr'><strong>ut</strong></span> <span class='ocrx_word' id='word_1_241' title='bbox 3191 1597 3419 1650; x_wconf 83' lang='lat' dir='ltr'><strong>inveniat</strong></span> <span class='ocrx_word' id='word_1_242' title='bbox 3452 1599 3662 1651; x_wconf 77' lang='lat' dir='ltr'><strong>miseri-</strong></span> 
     </span>
    </p>
   </div>
   <div class='ocr_carea' id='block_1_32' title="bbox 2079 1686 3654 1754">
    <p class='ocr_par' dir='ltr' id='par_1_32' title="bbox 2079 1686 3654 1754">
     <span class='ocr_line' id='line_1_32' title="bbox 2079 1686 3654 1754; baseline -0.002 -10"><span class='ocrx_word' id='word_1_243' title='bbox 2079 1693 2312 1744; x_wconf 87' lang='lat' dir='ltr'><strong>cordiam</strong></span> <span class='ocrx_word' id='word_1_244' title='bbox 2348 1693 2406 1744; x_wconf 84' lang='lat' dir='ltr'><strong>in</strong></span> <span class='ocrx_word' id='word_1_245' title='bbox 2440 1693 2525 1744; x_wconf 83' lang='lat' dir='ltr'><strong>die</strong></span> <span class='ocrx_word' id='word_1_246' title='bbox 2556 1690 2646 1742; x_wconf 87' lang='lat' dir='ltr'><strong>illo</strong></span> <span class='ocrx_word' id='word_1_247' title='bbox 2692 1691 2758 1744; x_wconf 79' lang='grc'><strong>’⁷.</strong></span> <span class='ocrx_word' id='word_1_248' title='bbox 2790 1691 2930 1754; x_wconf 82' lang='lat' dir='ltr'><strong>Quid</strong></span> <span class='ocrx_word' id='word_1_249' title='bbox 2963 1703 3091 1742; x_wconf 84' lang='lat' dir='ltr'><strong>vero</strong></span> <span class='ocrx_word' id='word_1_250' title='bbox 3114 1686 3432 1750; x_wconf 88' lang='lat' dir='ltr'><strong>Zorobabel,</strong></span> <span class='ocrx_word' id='word_1_251' title='bbox 3463 1699 3518 1740; x_wconf 89' lang='lat' dir='ltr'><strong>et</strong></span> <span class='ocrx_word' id='word_1_252' title='bbox 3564 1704 3654 1741; x_wconf 87' lang='lat' dir='ltr'><strong>sa-</strong></span> 
     </span>
    </p>
   </div>
   <div class='ocr_carea' id='block_1_33' title="bbox 2077 1778 3656 1852">
    <p class='ocr_par' dir='ltr' id='par_1_33' title="bbox 2077 1778 3656 1852">
     <span class='ocr_line' id='line_1_33' title="bbox 2077 1778 3656 1852; baseline -0.001 -18"><span class='ocrx_word' id='word_1_253' title='bbox 2077 1783 2282 1850; x_wconf 89' lang='lat' dir='ltr'><strong>pientia</strong></span> <span class='ocrx_word' id='word_1_254' title='bbox 2329 1781 2552 1852; x_wconf 83' lang='lat' dir='ltr'><strong>ipsius?</strong></span> <span class='ocrx_word' id='word_1_255' title='bbox 2582 1781 2718 1834; x_wconf 88' lang='lat' dir='ltr'><strong>Num</strong></span> <span class='ocrx_word' id='word_1_256' title='bbox 2771 1781 3102 1834; x_wconf 88' lang='lat' dir='ltr'><strong>subobscure</strong></span> <span class='ocrx_word' id='word_1_257' title='bbox 3141 1788 3197 1832; x_wconf 93' lang='lat' dir='ltr'><strong>et</strong></span> <span class='ocrx_word' id='word_1_258' title='bbox 3243 1794 3348 1831; x_wconf 90' lang='lat' dir='ltr'><strong>non</strong></span> <span class='ocrx_word' id='word_1_259' title='bbox 3377 1778 3521 1832; x_wconf 82' lang='lat' dir='ltr'><strong>clare</strong></span> <span class='ocrx_word' id='word_1_260' title='bbox 3555 1781 3656 1832; x_wconf 92' lang='lat' dir='ltr'><strong>tibi</strong></span> 
     </span>
    </p>
   </div>
   <div class='ocr_carea' id='block_1_34' title="bbox 389 1863 1979 1944">
    <p class='ocr_par' dir='ltr' id='par_1_34' title="bbox 389 1864 1975 1942">
     <span class='ocr_line' id='line_1_34' title="bbox 389 1864 1975 1942; baseline -0.003 -17"><span class='ocrx_word' id='word_1_261' title='bbox 389 1873 491 1942; x_wconf 81' lang='grc' dir='ltr'><strong>φία</strong></span> <span class='ocrx_word' id='word_1_262' title='bbox 516 1889 530 1938; x_wconf 90' lang='grc'><strong>;</strong></span> <span class='ocrx_word' id='word_1_263' title='bbox 558 1868 709 1942; x_wconf 75' lang='grc' dir='ltr'>’Ἃρά</span> <span class='ocrx_word' id='word_1_264' title='bbox 734 1888 816 1924; x_wconf 91' lang='grc' dir='ltr'><strong>σοι</strong></span> <span class='ocrx_word' id='word_1_265' title='bbox 848 1870 1082 1940; x_wconf 81' lang='grc' dir='ltr'>μετρίως</span> <span class='ocrx_word' id='word_1_266' title='bbox 1100 1868 1195 1921; x_wconf 72' lang='grc' dir='ltr'><strong>καὶ</strong></span> <span class='ocrx_word' id='word_1_267' title='bbox 1219 1867 1278 1919; x_wconf 83' lang='grc' dir='ltr'><strong>οὐ</strong></span> <span class='ocrx_word' id='word_1_268' title='bbox 1306 1865 1494 1934; x_wconf 80' lang='grc' dir='ltr'>σαφῶς</span> <span class='ocrx_word' id='word_1_269' title='bbox 1518 1864 1628 1935; x_wconf 89' lang='grc'>(49)</span> <span class='ocrx_word' id='word_1_270' title='bbox 1647 1867 1975 1938; x_wconf 83' lang='grc' dir='ltr'>παριστάναι</span> 
     </span>
    </p>
   </div>
   <div class='ocr_carea' id='block_1_35' title="bbox 2090 1863 3644 1944">
    <p class='ocr_par' dir='ltr' id='par_1_35' title="bbox 2090 1869 3644 1944">
     <span class='ocr_line' id='line_1_35' title="bbox 2090 1869 3644 1944; baseline -0.004 -18"><span class='ocrx_word' id='word_1_271' title='bbox 2090 1875 2290 1928; x_wconf 82' lang='lat' dir='ltr'><strong>videtur</strong></span> <span class='ocrx_word' id='word_1_272' title='bbox 2317 1874 2647 1944; x_wconf 81' lang='lat' dir='ltr'><strong>hypostasim</strong></span> <span class='ocrx_word' id='word_1_273' title='bbox 2676 1887 2740 1925; x_wconf 90' lang='lat' dir='ltr'><strong>ac</strong></span> <span class='ocrx_word' id='word_1_274' title='bbox 2766 1872 2926 1924; x_wconf 87' lang='lat' dir='ltr'><strong>vitam</strong></span> <span class='ocrx_word' id='word_1_275' title='bbox 2953 1869 3196 1924; x_wconf 80' lang='lat' dir='ltr'><strong>veritatis</strong></span> <span class='ocrx_word' id='word_1_276' title='bbox 3229 1869 3489 1940; x_wconf 79' lang='lat' dir='ltr'><strong>indicare,</strong></span> <span class='ocrx_word' id='word_1_277' title='bbox 3521 1885 3644 1922; x_wconf 87' lang='lat' dir='ltr'><strong>cum</strong></span> 
     </span>
    </p>
   </div>
   <div class='ocr_carea' id='block_1_36' title="bbox 387 1957 1977 2034">
    <p class='ocr_par' dir='ltr' id='par_1_36' title="bbox 387 1957 1977 2034">
     <span class='ocr_line' id='line_1_36' title="bbox 387 1957 1977 2034; baseline -0.003 -17"><span class='ocrx_word' id='word_1_278' title='bbox 387 1965 541 2018; x_wconf 81' lang='grc' dir='ltr'>δοκεῖ</span> <span class='ocrx_word' id='word_1_279' title='bbox 570 1962 668 2034; x_wconf 78' lang='grc' dir='ltr'><strong>τὴν</strong></span> <span class='ocrx_word' id='word_1_280' title='bbox 705 1962 1004 2016; x_wconf 82' lang='grc' dir='ltr'>ὑπόστασιν</span> <span class='ocrx_word' id='word_1_281' title='bbox 1051 1959 1146 2013; x_wconf 78' lang='grc' dir='ltr'>καὶ</span> <span class='ocrx_word' id='word_1_282' title='bbox 1197 1957 1343 2029; x_wconf 84' lang='grc' dir='ltr'>ζωὴν</span> <span class='ocrx_word' id='word_1_283' title='bbox 1392 1957 1494 2027; x_wconf 81' lang='grc' dir='ltr'>τῆς</span> <span class='ocrx_word' id='word_1_284' title='bbox 1540 1957 1829 2028; x_wconf 83' lang='grc' dir='ltr'>ἀληθείας,</span> <span class='ocrx_word' id='word_1_285' title='bbox 1887 1960 1977 2012; x_wconf 83' lang='grc' dir='ltr'><strong>ὅτε</strong></span> 
     </span>
    </p>
   </div>
   <div class='ocr_carea' id='block_1_37' title="bbox 389 2048 1978 2125">
    <p class='ocr_par' dir='ltr' id='par_1_37' title="bbox 389 2048 1978 2125">
     <span class='ocr_line' id='line_1_37' title="bbox 389 2048 1978 2125; baseline -0.003 -19"><span class='ocrx_word' id='word_1_286' title='bbox 389 2053 527 2125; x_wconf 83' lang='grc' dir='ltr'>φησί</span> <span class='ocrx_word' id='word_1_287' title='bbox 550 2071 564 2084; x_wconf 89' lang='grc'><strong>·</strong></span> <span class='ocrx_word' id='word_1_288' title='bbox 601 2051 776 2106; x_wconf 83' lang='grc' dir='ltr'>Πᾶσα</span> <span class='ocrx_word' id='word_1_289' title='bbox 795 2053 833 2120; x_wconf 72' lang='grc' dir='ltr'>τ)</span> <span class='ocrx_word' id='word_1_290' title='bbox 855 2049 929 2120; x_wconf 59' lang='lat' dir='ltr'><strong>Tn&quot;</strong></span> <span class='ocrx_word' id='word_1_291' title='bbox 952 2049 1066 2118; x_wconf 73' lang='grc' dir='ltr'>τὴν</span> <span class='ocrx_word' id='word_1_292' title='bbox 1088 2048 1383 2117; x_wconf 77' lang='grc' dir='ltr'>ἀλήθειαν</span> <span class='ocrx_word' id='word_1_293' title='bbox 1405 2048 1597 2112; x_wconf 77' lang='grc' dir='ltr'>καλεῖ,</span> <span class='ocrx_word' id='word_1_294' title='bbox 1629 2048 1727 2102; x_wconf 80' lang='grc' dir='ltr'>καὶ</span> <span class='ocrx_word' id='word_1_295' title='bbox 1752 2051 1786 2102; x_wconf 83' lang='grc' dir='ltr'><em>ὁ</em></span> <span class='ocrx_word' id='word_1_296' title='bbox 1804 2051 1978 2117; x_wconf 83' lang='grc' dir='ltr'>οὐρα-</span> 
     </span>
    </p>
   </div>
   <div class='ocr_carea' id='block_1_38' title="bbox 387 2137 1975 2211">
    <p class='ocr_par' dir='ltr' id='par_1_38' title="bbox 387 2137 1975 2211">
     <span class='ocr_line' id='line_1_38' title="bbox 387 2137 1975 2211; baseline -0.003 -13"><span class='ocrx_word' id='word_1_297' title='bbox 387 2145 501 2210; x_wconf 78' lang='grc' dir='ltr'><strong>νὸς</strong></span> <span class='ocrx_word' id='word_1_298' title='bbox 522 2143 717 2211; x_wconf 80' lang='grc' dir='ltr'>αὐτὴν</span> <span class='ocrx_word' id='word_1_299' title='bbox 737 2141 993 2211; x_wconf 78' lang='grc' dir='ltr'>εὐλογεῖ,</span> <span class='ocrx_word' id='word_1_300' title='bbox 1018 2140 1114 2192; x_wconf 80' lang='grc' dir='ltr'><strong>καί</strong></span> <span class='ocrx_word' id='word_1_301' title='bbox 1139 2137 1337 2192; x_wconf 79' lang='grc' dir='ltr'>πάντα</span> <span class='ocrx_word' id='word_1_302' title='bbox 1367 2138 1440 2192; x_wconf 83' lang='grc' dir='ltr'>τὰ</span> <span class='ocrx_word' id='word_1_303' title='bbox 1469 2139 1613 2207; x_wconf 79' lang='grc' dir='ltr'>ἔργα</span> <span class='ocrx_word' id='word_1_304' title='bbox 1633 2140 1859 2193; x_wconf 83' lang='grc' dir='ltr'>σείεται</span> <span class='ocrx_word' id='word_1_305' title='bbox 1879 2141 1975 2194; x_wconf 81' lang='grc' dir='ltr'>καὶ</span> 
     </span>
    </p>
   </div>
   <div class='ocr_carea' id='block_1_39' title="bbox 384 2230 1976 2306">
    <p class='ocr_par' dir='ltr' id='par_1_39' title="bbox 384 2230 1976 2306">
     <span class='ocr_line' id='line_1_39' title="bbox 384 2230 1976 2306; baseline -0.003 -14"><span class='ocrx_word' id='word_1_306' title='bbox 384 2238 622 2306; x_wconf 73' lang='grc' dir='ltr'>τρέμεις</span> <span class='ocrx_word' id='word_1_307' title='bbox 665 2237 762 2300; x_wconf 87' lang='grc' dir='ltr'><strong>Τίς</strong></span> <span class='ocrx_word' id='word_1_308' title='bbox 792 2237 906 2304; x_wconf 62' lang='lat' dir='ltr'><strong>aeq</strong></span> <span class='ocrx_word' id='word_1_309' title='bbox 940 2233 1188 2304; x_wconf 85' lang='grc' dir='ltr'>ἀλήθεια,</span> <span class='ocrx_word' id='word_1_310' title='bbox 1234 2232 1268 2302; x_wconf 81' lang='grc' dir='ltr'><strong>ἢ</strong></span> <span class='ocrx_word' id='word_1_311' title='bbox 1312 2232 1342 2284; x_wconf 86' lang='grc' dir='ltr'>ὁ</span> <span class='ocrx_word' id='word_1_312' title='bbox 1386 2230 1481 2284; x_wconf 87' lang='grc' dir='ltr'><strong>τοῦ</strong></span> <span class='ocrx_word' id='word_1_313' title='bbox 1512 2232 1646 2286; x_wconf 84' lang='grc' dir='ltr'>Θεοῦ</span> <span class='ocrx_word' id='word_1_314' title='bbox 1678 2233 1850 2302; x_wconf 84' lang='grc' dir='ltr'>Λόγος</span> <span class='ocrx_word' id='word_1_315' title='bbox 1881 2236 1976 2287; x_wconf 76' lang='grc' dir='ltr'>καὶ</span> 
     </span>
    </p>
   </div>
   <div class='ocr_carea' id='block_1_40' title="bbox 385 2321 1972 2396">
    <p class='ocr_par' dir='ltr' id='par_1_40' title="bbox 385 2321 1972 2396">
     <span class='ocr_line' id='line_1_40' title="bbox 385 2321 1972 2396; baseline -0.003 -13"><span class='ocrx_word' id='word_1_316' title='bbox 385 2330 540 2393; x_wconf 82' lang='grc' dir='ltr'>Υἱὸς,</span> <span class='ocrx_word' id='word_1_317' title='bbox 561 2330 626 2382; x_wconf 82' lang='grc' dir='ltr'>δι’</span> <span class='ocrx_word' id='word_1_318' title='bbox 655 2321 716 2382; x_wconf 73' lang='grc' dir='ltr'>οὗ</span> <span class='ocrx_word' id='word_1_319' title='bbox 739 2328 808 2381; x_wconf 80' lang='grc' dir='ltr'><strong>τά</strong></span> <span class='ocrx_word' id='word_1_320' title='bbox 835 2328 1040 2390; x_wconf 74' lang='grc' dir='ltr'>πάντας</span> <span class='ocrx_word' id='word_1_321' title='bbox 1068 2325 1217 2394; x_wconf 76' lang='grc' dir='ltr'><strong>Ἐγὼ</strong></span> <span class='ocrx_word' id='word_1_322' title='bbox 1243 2325 1353 2396; x_wconf 77' lang='grc' dir='ltr'><strong>γάρ</strong></span> <span class='ocrx_word' id='word_1_323' title='bbox 1373 2328 1512 2394; x_wconf 82' lang='grc' dir='ltr'>εἰμι,</span> <span class='ocrx_word' id='word_1_324' title='bbox 1533 2325 1719 2396; x_wconf 74' lang='grc' dir='ltr'>φησὶν,</span> <span class='ocrx_word' id='word_1_325' title='bbox 1747 2328 1787 2395; x_wconf 77' lang='grc' dir='ltr'><em>ἠ</em></span> <span class='ocrx_word' id='word_1_326' title='bbox 1813 2326 1972 2394; x_wconf 79' lang='grc' dir='ltr'>ὁδὸς,</span> 
     </span>
    </p>
   </div>
   <div class='ocr_carea' id='block_1_41' title="bbox 383 2417 1972 2490">
    <p class='ocr_par' dir='ltr' id='par_1_41' title="bbox 383 2417 1972 2490">
     <span class='ocr_line' id='line_1_41' title="bbox 383 2417 1972 2490; baseline -0.002 -16"><span class='ocrx_word' id='word_1_327' title='bbox 383 2421 493 2474; x_wconf 81' lang='grc' dir='ltr'>καὶ</span> <span class='ocrx_word' id='word_1_328' title='bbox 524 2423 562 2490; x_wconf 74' lang='grc' dir='ltr'><em>ἠ</em></span> <span class='ocrx_word' id='word_1_329' title='bbox 601 2419 873 2489; x_wconf 78' lang='grc' dir='ltr'>ἀλήθεια,</span> <span class='ocrx_word' id='word_1_330' title='bbox 917 2419 1016 2473; x_wconf 84' lang='grc' dir='ltr'>καὶ</span> <span class='ocrx_word' id='word_1_331' title='bbox 1053 2420 1092 2486; x_wconf 81' lang='grc' dir='ltr'>ἡ</span> <span class='ocrx_word' id='word_1_332' title='bbox 1123 2417 1255 2484; x_wconf 83' lang='grc' dir='ltr'><strong>ζωή.</strong></span> <span class='ocrx_word' id='word_1_333' title='bbox 1303 2417 1556 2489; x_wconf 86' lang='grc' dir='ltr'>Ἀλήθεια</span> <span class='ocrx_word' id='word_1_334' title='bbox 1591 2419 1649 2470; x_wconf 86' lang='grc' dir='ltr'>δὲ</span> <span class='ocrx_word' id='word_1_335' title='bbox 1677 2419 1778 2471; x_wconf 79' lang='grc' dir='ltr'>οὑκ</span> <span class='ocrx_word' id='word_1_336' title='bbox 1804 2419 1972 2484; x_wconf 78' lang='grc' dir='ltr'>ἐστιν,</span> 
     </span>
    </p>
   </div>
   <div class='ocr_carea' id='block_1_42' title="bbox 380 2509 1975 2583">
    <p class='ocr_par' dir='ltr' id='par_1_42' title="bbox 380 2509 1975 2583">
     <span class='ocr_line' id='line_1_42' title="bbox 380 2509 1975 2583; baseline -0.001 -18"><span class='ocrx_word' id='word_1_337' title='bbox 380 2514 441 2565; x_wconf 84' lang='grc' dir='ltr'><strong>εἰ</strong></span> <span class='ocrx_word' id='word_1_338' title='bbox 476 2512 549 2583; x_wconf 82' lang='grc' dir='ltr'>μὴ</span> <span class='ocrx_word' id='word_1_339' title='bbox 585 2515 619 2583; x_wconf 85' lang='grc' dir='ltr'>ἠ</span> <span class='ocrx_word' id='word_1_340' title='bbox 651 2515 714 2565; x_wconf 81' lang='grc' dir='ltr'>ὲκ</span> <span class='ocrx_word' id='word_1_341' title='bbox 745 2513 857 2581; x_wconf 89' lang='grc'>(50)</span> <span class='ocrx_word' id='word_1_342' title='bbox 889 2511 984 2565; x_wconf 87' lang='grc' dir='ltr'><strong>τοῦ</strong></span> <span class='ocrx_word' id='word_1_343' title='bbox 1024 2509 1280 2580; x_wconf 79' lang='grc' dir='ltr'>ἀληθινοῦ</span> <span class='ocrx_word' id='word_1_344' title='bbox 1317 2510 1561 2578; x_wconf 79' lang='grc' dir='ltr'>φυσικῶς</span> <span class='ocrx_word' id='word_1_345' title='bbox 1589 2510 1682 2563; x_wconf 78' lang='grc' dir='ltr'><strong>καὶ</strong></span> <span class='ocrx_word' id='word_1_346' title='bbox 1708 2510 1892 2575; x_wconf 86' lang='grc' dir='ltr'>ἀϊδίως</span> <span class='ocrx_word' id='word_1_347' title='bbox 1917 2511 1975 2578; x_wconf 79' lang='grc' dir='ltr'>ἐξ</span> 
     </span>
    </p>
   </div>
   <div class='ocr_carea' id='block_1_43' title="bbox 369 2601 1978 2675">
    <p class='ocr_par' dir='ltr' id='par_1_43' title="bbox 369 2601 1978 2675">
     <span class='ocr_line' id='line_1_43' title="bbox 369 2601 1978 2675; baseline -0.002 -17"><span class='ocrx_word' id='word_1_348' title='bbox 369 2604 560 2666; x_wconf 78' lang='grc' dir='ltr'>,αὑτοῦ</span> <span class='ocrx_word' id='word_1_349' title='bbox 589 2603 934 2675; x_wconf 80' lang='grc' dir='ltr'>γεννηθεῖσα.</span> <span class='ocrx_word' id='word_1_350' title='bbox 965 2604 1058 2656; x_wconf 86' lang='grc' dir='ltr'>Διὸ</span> <span class='ocrx_word' id='word_1_351' title='bbox 1095 2603 1345 2673; x_wconf 80' lang='grc' dir='ltr'>ἐπιφέρει</span> <span class='ocrx_word' id='word_1_352' title='bbox 1383 2601 1590 2671; x_wconf 81' lang='grc' dir='ltr'>λέγων’</span> <span class='ocrx_word' id='word_1_353' title='bbox 1633 2603 1978 2674; x_wconf 73' lang='grc' dir='ltr'>Εὐλογητὸς</span> 
     </span>
    </p>
   </div>
   <div class='ocr_carea' id='block_1_44' title="bbox 377 2694 1978 2772">
    <p class='ocr_par' dir='ltr' id='par_1_44' title="bbox 377 2694 1978 2772">
     <span class='ocr_line' id='line_1_44' title="bbox 377 2694 1978 2772; baseline 0.003 -23"><span class='ocrx_word' id='word_1_354' title='bbox 377 2700 416 2750; x_wconf 81' lang='grc' dir='ltr'><strong>ό</strong></span> <span class='ocrx_word' id='word_1_355' title='bbox 459 2697 606 2761; x_wconf 82' lang='grc' dir='ltr'>Θεὸς</span> <span class='ocrx_word' id='word_1_356' title='bbox 631 2694 736 2763; x_wconf 81' lang='grc' dir='ltr'>τῆς</span> <span class='ocrx_word' id='word_1_357' title='bbox 779 2695 1082 2762; x_wconf 76' lang='grc' dir='ltr'>ἀληθείας,</span> <span class='ocrx_word' id='word_1_358' title='bbox 1131 2696 1190 2758; x_wconf 87' lang='grc' dir='ltr'><strong>ὃς</strong></span> <span class='ocrx_word' id='word_1_359' title='bbox 1224 2696 1342 2748; x_wconf 76' lang='grc' dir='ltr'>ἐστι</span> <span class='ocrx_word' id='word_1_360' title='bbox 1370 2699 1558 2772; x_wconf 84' lang='grc' dir='ltr'>Πατὴρ</span> <span class='ocrx_word' id='word_1_361' title='bbox 1596 2701 1694 2770; x_wconf 77' lang='grc' dir='ltr'>τῆς</span> <span class='ocrx_word' id='word_1_362' title='bbox 1721 2699 1978 2769; x_wconf 82' lang='grc' dir='ltr'>ἀληθείας</span> 
     </span>
    </p>
   </div>
   <div class='ocr_carea' id='block_1_45' title="bbox 379 2784 1975 2861">
    <p class='ocr_par' dir='ltr' id='par_1_45' title="bbox 379 2784 1975 2861">
     <span class='ocr_line' id='line_1_45' title="bbox 379 2784 1975 2861; baseline 0.003 -23"><span class='ocrx_word' id='word_1_363' title='bbox 379 2785 652 2855; x_wconf 78' lang='grc' dir='ltr'>Χριστοῦ.</span> <span class='ocrx_word' id='word_1_364' title='bbox 682 2784 916 2855; x_wconf 79' lang='grc' dir='ltr'>Χριστὸς</span> <span class='ocrx_word' id='word_1_365' title='bbox 945 2787 978 2856; x_wconf 81' lang='grc' dir='ltr'>ἡ</span> <span class='ocrx_word' id='word_1_366' title='bbox 1003 2785 1249 2854; x_wconf 79' lang='grc' dir='ltr'>ἀλήθεια,</span> <span class='ocrx_word' id='word_1_367' title='bbox 1277 2785 1336 2840; x_wconf 82' lang='grc' dir='ltr'>ὃν</span> <span class='ocrx_word' id='word_1_368' title='bbox 1369 2789 1519 2841; x_wconf 80' lang='grc' dir='ltr'>πᾶσα</span> <span class='ocrx_word' id='word_1_369' title='bbox 1568 2790 1705 2861; x_wconf 88' lang='grc' dir='ltr'>πνοὴ</span> <span class='ocrx_word' id='word_1_370' title='bbox 1759 2791 1975 2843; x_wconf 83' lang='grc' dir='ltr'>σέϐεται</span> 
     </span>
    </p>
   </div>
   <div class='ocr_carea' id='block_1_46' title="bbox 384 2876 2026 2958">
    <p class='ocr_par' dir='ltr' id='par_1_46' title="bbox 384 2876 2026 2958">
     <span class='ocr_line' id='line_1_46' title="bbox 384 2876 2026 2958; baseline 0.002 -27"><span class='ocrx_word' id='word_1_371' title='bbox 384 2878 488 2931; x_wconf 72' lang='grc' dir='ltr'>καὶ</span> <span class='ocrx_word' id='word_1_372' title='bbox 524 2876 738 2948; x_wconf 85' lang='grc' dir='ltr'>τρέμει.</span> <span class='ocrx_word' id='word_1_373' title='bbox 767 2877 928 2929; x_wconf 82' lang='grc' dir='ltr'>Ὥστε</span> <span class='ocrx_word' id='word_1_374' title='bbox 971 2878 1052 2929; x_wconf 83' lang='grc' dir='ltr'><strong>ὅτι</strong></span> <span class='ocrx_word' id='word_1_375' title='bbox 1101 2877 1199 2947; x_wconf 83' lang='grc' dir='ltr'><strong>μὲν</strong></span> <span class='ocrx_word' id='word_1_376' title='bbox 1232 2877 1340 2942; x_wconf 79' lang='grc' dir='ltr'>ζῶν</span> <span class='ocrx_word' id='word_1_377' title='bbox 1378 2880 1406 2932; x_wconf 86' lang='grc' dir='ltr'>ὁ</span> <span class='ocrx_word' id='word_1_378' title='bbox 1445 2880 1638 2948; x_wconf 86' lang='grc' dir='ltr'>Λόγος,</span> <span class='ocrx_word' id='word_1_379' title='bbox 1678 2881 1772 2934; x_wconf 75' lang='grc' dir='ltr'>καὶ</span> <span class='ocrx_word' id='word_1_380' title='bbox 1811 2883 2026 2958; x_wconf 55' lang='grc' dir='ltr'><strong>πρόες-νμ-¹</strong></span> 
     </span>
    </p>
   </div>
   <div class='ocr_carea' id='block_1_47' title="bbox 387 2967 1975 3044">
    <p class='ocr_par' dir='ltr' id='par_1_47' title="bbox 387 2967 1975 3044">
     <span class='ocr_line' id='line_1_47' title="bbox 387 2967 1975 3044; baseline 0.004 -22"><span class='ocrx_word' id='word_1_381' title='bbox 387 2985 542 3022; x_wconf 89' lang='grc' dir='ltr'>ωπον</span> <span class='ocrx_word' id='word_1_382' title='bbox 567 2967 790 3031; x_wconf 81' lang='grc' dir='ltr'>τέλειον,</span> <span class='ocrx_word' id='word_1_383' title='bbox 805 2969 900 3020; x_wconf 74' lang='grc' dir='ltr'><strong>καὶ</strong></span> <span class='ocrx_word' id='word_1_384' title='bbox 919 2968 980 3020; x_wconf 88' lang='grc' dir='ltr'><strong>τὸ</strong></span> <span class='ocrx_word' id='word_1_385' title='bbox 1003 2969 1229 3039; x_wconf 83' lang='grc' dir='ltr'>Πνεῦμα</span> <span class='ocrx_word' id='word_1_386' title='bbox 1247 2969 1529 3034; x_wconf 81' lang='grc' dir='ltr'>ὡσαύτως,</span> <span class='ocrx_word' id='word_1_387' title='bbox 1554 2971 1713 3025; x_wconf 83' lang='grc' dir='ltr'>ἰκανά</span> <span class='ocrx_word' id='word_1_388' title='bbox 1743 2973 1836 3026; x_wconf 72' lang='grc' dir='ltr'><strong>καὶ</strong></span> <span class='ocrx_word' id='word_1_389' title='bbox 1863 2973 1975 3044; x_wconf 73' lang='lat' dir='ltr'><strong>(Si)</strong></span> 
     </span>
    </p>
   </div>
   <div class='ocr_carea' id='block_1_48' title="bbox 388 3059 1979 3135">
    <p class='ocr_par' dir='ltr' id='par_1_48' title="bbox 388 3059 1979 3135">
     <span class='ocr_line' id='line_1_48' title="bbox 388 3059 1979 3135; baseline 0.003 -23"><span class='ocrx_word' id='word_1_390' title='bbox 388 3063 462 3113; x_wconf 78' lang='grc' dir='ltr'>τὰ</span> <span class='ocrx_word' id='word_1_391' title='bbox 483 3059 579 3112; x_wconf 89' lang='grc' dir='ltr'><strong>νῦν</strong></span> <span class='ocrx_word' id='word_1_392' title='bbox 612 3059 877 3131; x_wconf 81' lang='grc' dir='ltr'>εἰρημένα</span> <span class='ocrx_word' id='word_1_393' title='bbox 915 3059 1146 3126; x_wconf 77' lang='grc' dir='ltr'>διδάξαι·</span> <span class='ocrx_word' id='word_1_394' title='bbox 1180 3060 1340 3114; x_wconf 88' lang='grc' dir='ltr'>τύποι</span> <span class='ocrx_word' id='word_1_395' title='bbox 1381 3062 1439 3114; x_wconf 80' lang='grc' dir='ltr'>δὲ</span> <span class='ocrx_word' id='word_1_396' title='bbox 1467 3061 1795 3133; x_wconf 80' lang='grc' dir='ltr'>ἀνθρώπινοι</span> <span class='ocrx_word' id='word_1_397' title='bbox 1827 3063 1979 3135; x_wconf 87' lang='grc' dir='ltr'><strong>παρά</strong></span> 
     </span>
    </p>
   </div>
   <div class='ocr_carea' id='block_1_49' title="bbox 390 3149 1977 3222">
    <p class='ocr_par' dir='ltr' id='par_1_49' title="bbox 390 3149 1977 3222">
     <span class='ocr_line' id='line_1_49' title="bbox 390 3149 1977 3222; baseline 0.001 -17"><span class='ocrx_word' id='word_1_398' title='bbox 390 3151 517 3222; x_wconf 84' lang='grc' dir='ltr'><strong>Θεῷ</strong></span> <span class='ocrx_word' id='word_1_399' title='bbox 550 3151 734 3204; x_wconf 79' lang='grc' dir='ltr'>πολλοὶ</span> <span class='ocrx_word' id='word_1_400' title='bbox 755 3152 848 3205; x_wconf 70' lang='grc' dir='ltr'><strong>καὶ</strong></span> <span class='ocrx_word' id='word_1_401' title='bbox 868 3152 1038 3217; x_wconf 78' lang='grc' dir='ltr'>ἄλλοι,</span> <span class='ocrx_word' id='word_1_402' title='bbox 1069 3152 1165 3204; x_wconf 75' lang='grc' dir='ltr'><strong>καὶ</strong></span> <span class='ocrx_word' id='word_1_403' title='bbox 1194 3149 1254 3204; x_wconf 80' lang='grc' dir='ltr'>ὀύ</span> <span class='ocrx_word' id='word_1_404' title='bbox 1283 3153 1372 3206; x_wconf 84' lang='grc' dir='ltr'><strong>διὰ</strong></span> <span class='ocrx_word' id='word_1_405' title='bbox 1403 3152 1564 3206; x_wconf 87' lang='grc' dir='ltr'>τοῦτο</span> <span class='ocrx_word' id='word_1_406' title='bbox 1595 3155 1686 3207; x_wconf 82' lang='grc' dir='ltr'><strong>τὸν</strong></span> <span class='ocrx_word' id='word_1_407' title='bbox 1717 3155 1850 3209; x_wconf 88' lang='grc' dir='ltr'>Θεὸν</span> <span class='ocrx_word' id='word_1_408' title='bbox 1877 3157 1977 3210; x_wconf 84' lang='grc' dir='ltr'><strong>ἄν-</strong></span> 
     </span>
    </p>
   </div>
   <div class='ocr_carea' id='block_1_50' title="bbox 390 3240 1976 3317">
    <p class='ocr_par' dir='ltr' id='par_1_50' title="bbox 390 3240 1976 3317">
     <span class='ocr_line' id='line_1_50' title="bbox 390 3240 1976 3317; baseline 0.003 -21"><span class='ocrx_word' id='word_1_409' title='bbox 390 3245 612 3316; x_wconf 85' lang='grc' dir='ltr'>θρωπον</span> <span class='ocrx_word' id='word_1_410' title='bbox 636 3243 1110 3313; x_wconf 78' lang='grc' dir='ltr'>ὑπολαμϐάνομεν,</span> <span class='ocrx_word' id='word_1_411' title='bbox 1137 3240 1248 3296; x_wconf 73' lang='grc' dir='ltr'>οἷον</span> <span class='ocrx_word' id='word_1_412' title='bbox 1271 3246 1319 3296; x_wconf 91' lang='grc' dir='ltr'><strong>εἰ</strong></span> <span class='ocrx_word' id='word_1_413' title='bbox 1347 3245 1634 3316; x_wconf 87' lang='grc' dir='ltr'>πρόσωπον</span> <span class='ocrx_word' id='word_1_414' title='bbox 1660 3247 1976 3317; x_wconf 86' lang='grc' dir='ltr'>ἀκούοιμεν,</span> 
     </span>
    </p>
   </div>
   <div class='ocr_carea' id='block_1_51' title="bbox 389 3329 1982 3406">
    <p class='ocr_par' dir='ltr' id='par_1_51' title="bbox 389 3329 1982 3406">
     <span class='ocr_line' id='line_1_51' title="bbox 389 3329 1982 3406; baseline -0.001 -17"><span class='ocrx_word' id='word_1_415' title='bbox 389 3335 708 3406; x_wconf 80' lang='grc' dir='ltr'>ὀφθαλμούς</span> <span class='ocrx_word' id='word_1_416' title='bbox 737 3353 794 3387; x_wconf 87' lang='grc' dir='ltr'><strong>τε</strong></span> <span class='ocrx_word' id='word_1_417' title='bbox 818 3335 910 3388; x_wconf 75' lang='grc' dir='ltr'>καὶ</span> <span class='ocrx_word' id='word_1_418' title='bbox 938 3329 1053 3387; x_wconf 81' lang='grc' dir='ltr'>ὦτα</span> <span class='ocrx_word' id='word_1_419' title='bbox 1087 3335 1179 3387; x_wconf 75' lang='grc' dir='ltr'>καὶ</span> <span class='ocrx_word' id='word_1_420' title='bbox 1206 3339 1396 3406; x_wconf 79' lang='grc' dir='ltr'>χεῖρας</span> <span class='ocrx_word' id='word_1_421' title='bbox 1417 3338 1511 3390; x_wconf 86' lang='grc' dir='ltr'><strong>καί</strong></span> <span class='ocrx_word' id='word_1_422' title='bbox 1541 3338 1728 3402; x_wconf 84' lang='grc' dir='ltr'>πόδας.</span> <span class='ocrx_word' id='word_1_423' title='bbox 1762 3340 1896 3392; x_wconf 80' lang='grc' dir='ltr'>Οὐδὲ</span> <span class='ocrx_word' id='word_1_424' title='bbox 1921 3341 1982 3393; x_wconf 82' lang='grc' dir='ltr'><strong>τὸ</strong></span> 
     </span>
    </p>
   </div>
   <div class='ocr_carea' id='block_1_52' title="bbox 389 3427 1982 3502">
    <p class='ocr_par' dir='ltr' id='par_1_52' title="bbox 389 3427 1982 3502">
     <span class='ocr_line' id='line_1_52' title="bbox 389 3427 1982 3502; baseline 0.003 -21"><span class='ocrx_word' id='word_1_425' title='bbox 389 3428 720 3491; x_wconf 74' lang='grc' dir='ltr'>καθέζεσθαι</span> <span class='ocrx_word' id='word_1_426' title='bbox 761 3429 817 3479; x_wconf 80' lang='grc' dir='ltr'>ἐν</span> <span class='ocrx_word' id='word_1_427' title='bbox 847 3428 1062 3496; x_wconf 80' lang='grc' dir='ltr'>οὐρανῷ</span> <span class='ocrx_word' id='word_1_428' title='bbox 1102 3427 1353 3501; x_wconf 87' lang='grc' dir='ltr'>καθάπερ</span> <span class='ocrx_word' id='word_1_429' title='bbox 1401 3432 1458 3482; x_wconf 83' lang='grc' dir='ltr'>ὲν</span> <span class='ocrx_word' id='word_1_430' title='bbox 1503 3430 1678 3502; x_wconf 83' lang='grc' dir='ltr'>θρόνῳ</span> <span class='ocrx_word' id='word_1_431' title='bbox 1706 3432 1850 3500; x_wconf 76' lang='grc'>(52),</span> <span class='ocrx_word' id='word_1_432' title='bbox 1887 3435 1982 3486; x_wconf 74' lang='grc' dir='ltr'><strong>καὶ</strong></span> 
     </span>
    </p>
   </div>
   <div class='ocr_carea' id='block_1_53' title="bbox 389 3519 1980 3596">
    <p class='ocr_par' dir='ltr' id='par_1_53' title="bbox 389 3519 1980 3596">
     <span class='ocr_line' id='line_1_53' title="bbox 389 3519 1980 3596; baseline 0.004 -24"><span class='ocrx_word' id='word_1_433' title='bbox 389 3519 493 3590; x_wconf 79' lang='grc' dir='ltr'><strong>τὴν</strong></span> <span class='ocrx_word' id='word_1_434' title='bbox 541 3521 645 3590; x_wconf 79' lang='grc' dir='ltr'>γῆν</span> <span class='ocrx_word' id='word_1_435' title='bbox 704 3521 992 3572; x_wconf 82' lang='grc' dir='ltr'>ὑποπόδιον</span> <span class='ocrx_word' id='word_1_436' title='bbox 1043 3520 1152 3572; x_wconf 87' lang='grc' dir='ltr'><strong>τῶν</strong></span> <span class='ocrx_word' id='word_1_437' title='bbox 1191 3521 1367 3573; x_wconf 84' lang='grc' dir='ltr'>ποδῶν</span> <span class='ocrx_word' id='word_1_438' title='bbox 1421 3522 1585 3575; x_wconf 76' lang='grc' dir='ltr'>αὑτοῦ</span> <span class='ocrx_word' id='word_1_439' title='bbox 1635 3525 1980 3596; x_wconf 82' lang='grc' dir='ltr'>πατουμένην</span> 
     </span>
    </p>
   </div>
   <div class='ocr_carea' id='block_1_54' title="bbox 393 3610 1980 3682">
    <p class='ocr_par' dir='ltr' id='par_1_54' title="bbox 393 3610 1980 3682">
     <span class='ocr_line' id='line_1_54' title="bbox 393 3610 1980 3682; baseline 0.003 -18"><span class='ocrx_word' id='word_1_440' title='bbox 393 3610 724 3680; x_wconf 85' lang='grc' dir='ltr'>σωματικῶς</span> <span class='ocrx_word' id='word_1_441' title='bbox 754 3611 895 3662; x_wconf 85' lang='grc' dir='ltr'>θέλει</span> <span class='ocrx_word' id='word_1_442' title='bbox 924 3610 1101 3678; x_wconf 84' lang='grc' dir='ltr'>λέγειν</span> <span class='ocrx_word' id='word_1_443' title='bbox 1137 3613 1263 3682; x_wconf 73' lang='grc' dir='ltr'>περὶ</span> <span class='ocrx_word' id='word_1_444' title='bbox 1309 3611 1468 3678; x_wconf 85' lang='grc' dir='ltr'>Θεοῦ,</span> <span class='ocrx_word' id='word_1_445' title='bbox 1505 3613 1620 3666; x_wconf 77' lang='grc' dir='ltr'>ἀλλ’</span> <span class='ocrx_word' id='word_1_446' title='bbox 1654 3615 1729 3678; x_wconf 88' lang='grc' dir='ltr'>ὡς</span> <span class='ocrx_word' id='word_1_447' title='bbox 1759 3616 1980 3669; x_wconf 85' lang='grc' dir='ltr'>ὑποκει-</span> 
     </span>
    </p>
   </div>
   <div class='ocr_carea' id='block_1_55' title="bbox 395 3701 1983 3780">
    <p class='ocr_par' dir='ltr' id='par_1_55' title="bbox 395 3701 1983 3780">
     <span class='ocr_line' id='line_1_55' title="bbox 395 3701 1983 3780; baseline 0.004 -26"><span class='ocrx_word' id='word_1_448' title='bbox 395 3702 568 3773; x_wconf 85' lang='grc' dir='ltr'>μένην</span> <span class='ocrx_word' id='word_1_449' title='bbox 605 3704 669 3772; x_wconf 83' lang='grc' dir='ltr'>τῇ</span> <span class='ocrx_word' id='word_1_450' title='bbox 695 3701 845 3772; x_wconf 82' lang='grc' dir='ltr'>θεῖκῇ</span> <span class='ocrx_word' id='word_1_451' title='bbox 877 3701 1112 3773; x_wconf 75' lang='grc' dir='ltr'>ἐξουσίᾳ.</span> <span class='ocrx_word' id='word_1_452' title='bbox 1147 3701 1304 3756; x_wconf 75' lang='grc' dir='ltr'>Οὕτω</span> <span class='ocrx_word' id='word_1_453' title='bbox 1330 3704 1386 3756; x_wconf 84' lang='grc' dir='ltr'>δὲ</span> <span class='ocrx_word' id='word_1_454' title='bbox 1412 3704 1596 3766; x_wconf 87' lang='grc' dir='ltr'>πάλιν,</span> <span class='ocrx_word' id='word_1_455' title='bbox 1617 3707 1714 3760; x_wconf 80' lang='grc' dir='ltr'><strong>ἐὰν</strong></span> <span class='ocrx_word' id='word_1_456' title='bbox 1742 3708 1983 3780; x_wconf 83' lang='grc' dir='ltr'>ἀκούσῃς</span> 
     </span>
    </p>
   </div>
   <div class='ocr_carea' id='block_1_56' title="bbox 391 3793 2034 3866">
    <p class='ocr_par' dir='ltr' id='par_1_56' title="bbox 391 3793 2034 3866">
     <span class='ocr_line' id='line_1_56' title="bbox 391 3793 2034 3866; baseline 0.004 -20"><span class='ocrx_word' id='word_1_457' title='bbox 391 3793 639 3864; x_wconf 82' lang='grc' dir='ltr'>γαστέρα</span> <span class='ocrx_word' id='word_1_458' title='bbox 671 3793 763 3845; x_wconf 73' lang='grc' dir='ltr'><strong>ἐπὶ</strong></span> <span class='ocrx_word' id='word_1_459' title='bbox 806 3793 960 3855; x_wconf 87' lang='grc' dir='ltr'>Θεοῦ,</span> <span class='ocrx_word' id='word_1_460' title='bbox 1013 3794 1086 3863; x_wconf 87' lang='grc' dir='ltr'>μὴ</span> <span class='ocrx_word' id='word_1_461' title='bbox 1126 3797 1338 3865; x_wconf 64' lang='grc' dir='ltr'>πυρῆς</span> <span class='ocrx_word' id='word_1_462' title='bbox 1361 3795 1437 3858; x_wconf 85' lang='grc' dir='ltr'>ὡς</span> <span class='ocrx_word' id='word_1_463' title='bbox 1469 3798 1780 3866; x_wconf 83' lang='grc' dir='ltr'>σωματικόν</span> <span class='ocrx_word' id='word_1_464' title='bbox 1811 3816 1862 3851; x_wconf 90' lang='grc' dir='ltr'><strong>τι</strong></span> <span class='ocrx_word' id='word_1_465' title='bbox 1894 3803 1981 3852; x_wconf 87' lang='grc' dir='ltr'>ὲν-</span> <span class='ocrx_word' id='word_1_466' title='bbox 2031 3828 2034 3829; x_wconf 53' lang='grc' dir='ltr'><strong>ν</strong></span> 
     </span>
    </p>
   </div>
   <div class='ocr_carea' id='block_1_57' title="bbox 394 3883 1983 3957">
    <p class='ocr_par' dir='ltr' id='par_1_57' title="bbox 394 3883 1983 3957">
     <span class='ocr_line' id='line_1_57' title="bbox 394 3883 1983 3957; baseline 0.004 -21"><span class='ocrx_word' id='word_1_467' title='bbox 394 3883 736 3954; x_wconf 80' lang='grc' dir='ltr'>θυμούμενος</span> <span class='ocrx_word' id='word_1_468' title='bbox 755 3901 767 3914; x_wconf 85' lang='grc'><strong>·</strong></span> <span class='ocrx_word' id='word_1_469' title='bbox 788 3883 925 3937; x_wconf 84' lang='grc' dir='ltr'><strong>ἀλλά</strong></span> <span class='ocrx_word' id='word_1_470' title='bbox 947 3886 1318 3955; x_wconf 85' lang='grc' dir='ltr'>πνευματικόν</span> <span class='ocrx_word' id='word_1_471' title='bbox 1336 3903 1389 3938; x_wconf 84' lang='grc' dir='ltr'><strong>τι</strong></span> <span class='ocrx_word' id='word_1_472' title='bbox 1413 3887 1783 3957; x_wconf 80' lang='grc' dir='ltr'>ἐννοούμενος,</span> <span class='ocrx_word' id='word_1_473' title='bbox 1806 3888 1983 3954; x_wconf 81' lang='grc' dir='ltr'>λέξεις</span> 
     </span>
    </p>
   </div>
   <div class='ocr_carea' id='block_1_58' title="bbox 392 3973 1984 4048">
    <p class='ocr_par' dir='ltr' id='par_1_58' title="bbox 392 3973 1984 4048">
     <span class='ocr_line' id='line_1_58' title="bbox 392 3973 1984 4048; baseline 0.004 -22"><span class='ocrx_word' id='word_1_474' title='bbox 392 3992 450 4027; x_wconf 80' lang='grc' dir='ltr'><strong>τι</strong></span> <span class='ocrx_word' id='word_1_475' title='bbox 479 3977 744 4046; x_wconf 82' lang='grc' dir='ltr'>κρεῖττον,</span> <span class='ocrx_word' id='word_1_476' title='bbox 772 3973 904 4046; x_wconf 78' lang='grc' dir='ltr'>αὑτό</span> <span class='ocrx_word' id='word_1_477' title='bbox 925 3975 984 4026; x_wconf 86' lang='grc' dir='ltr'>τὸ</span> <span class='ocrx_word' id='word_1_478' title='bbox 1015 3974 1126 4044; x_wconf 76' lang='grc'>(55)</span> <span class='ocrx_word' id='word_1_479' title='bbox 1162 3976 1478 4044; x_wconf 85' lang='grc' dir='ltr'>γεννητικὸν</span> <span class='ocrx_word' id='word_1_480' title='bbox 1505 3977 1599 4029; x_wconf 88' lang='grc' dir='ltr'><strong>τοῦ</strong></span> <span class='ocrx_word' id='word_1_481' title='bbox 1640 3979 1774 4031; x_wconf 88' lang='grc' dir='ltr'>Θεοῦ</span> <span class='ocrx_word' id='word_1_482' title='bbox 1807 3981 1984 4048; x_wconf 81' lang='grc' dir='ltr'>ἐμφα-</span> 
     </span>
    </p>
   </div>
   <div class='ocr_carea' id='block_1_59' title="bbox 393 4064 1975 4136">
    <p class='ocr_par' dir='ltr' id='par_1_59' title="bbox 393 4064 1975 4136">
     <span class='ocr_line' id='line_1_59' title="bbox 393 4064 1975 4136; baseline 0.001 -16"><span class='ocrx_word' id='word_1_483' title='bbox 393 4065 506 4127; x_wconf 85' lang='grc' dir='ltr'><strong>νῶς</strong></span> <span class='ocrx_word' id='word_1_484' title='bbox 555 4082 636 4117; x_wconf 88' lang='grc' dir='ltr'><strong>σοι</strong></span> <span class='ocrx_word' id='word_1_485' title='bbox 685 4064 745 4128; x_wconf 79' lang='grc' dir='ltr'>ἐξ</span> <span class='ocrx_word' id='word_1_486' title='bbox 793 4065 955 4116; x_wconf 72' lang='grc' dir='ltr'>αὑτοῦ</span> <span class='ocrx_word' id='word_1_487' title='bbox 999 4066 1564 4136; x_wconf 62' lang='grc' dir='ltr'>ἀποκαλυπτόμενον.η</span> <span class='ocrx_word' id='word_1_488' title='bbox 1598 4068 1755 4122; x_wconf 78' lang='grc' dir='ltr'>Οὕτω</span> <span class='ocrx_word' id='word_1_489' title='bbox 1795 4070 1975 4135; x_wconf 83' lang='grc' dir='ltr'>πάλιν,</span> 
     </span>
    </p>
   </div>
   <div class='ocr_carea' id='block_1_60' title="bbox 395 4157 1980 4233">
    <p class='ocr_par' dir='ltr' id='par_1_60' title="bbox 395 4157 1980 4233">
     <span class='ocr_line' id='line_1_60' title="bbox 395 4157 1980 4233; baseline 0.003 -23"><span class='ocrx_word' id='word_1_490' title='bbox 395 4160 587 4229; x_wconf 84' lang='grc' dir='ltr'>χεῖρας</span> <span class='ocrx_word' id='word_1_491' title='bbox 633 4157 847 4211; x_wconf 89' lang='grc' dir='ltr'>ἀκούων</span> <span class='ocrx_word' id='word_1_492' title='bbox 897 4158 1052 4224; x_wconf 80' lang='grc' dir='ltr'>Θεοῦ,</span> <span class='ocrx_word' id='word_1_493' title='bbox 1103 4157 1165 4211; x_wconf 84' lang='grc' dir='ltr'>τὸ</span> <span class='ocrx_word' id='word_1_494' title='bbox 1215 4160 1495 4230; x_wconf 81' lang='grc' dir='ltr'>ποιητικὸν</span> <span class='ocrx_word' id='word_1_495' title='bbox 1541 4162 1706 4214; x_wconf 77' lang='grc' dir='ltr'>αὑτοῦ</span> <span class='ocrx_word' id='word_1_496' title='bbox 1747 4162 1980 4233; x_wconf 72' lang='grc' dir='ltr'>γνώριζε</span> 
     </span>
    </p>
   </div>
   <div class='ocr_carea' id='block_1_61' title="bbox 401 4243 1978 4324">
    <p class='ocr_par' dir='ltr' id='par_1_61' title="bbox 401 4243 1978 4324">
     <span class='ocr_line' id='line_1_61' title="bbox 401 4243 1978 4324; baseline 0.004 -24"><span class='ocrx_word' id='word_1_497' title='bbox 401 4248 590 4316; x_wconf 85' lang='grc' dir='ltr'>σαφῶς</span> <span class='ocrx_word' id='word_1_498' title='bbox 612 4264 627 4278; x_wconf 72' lang='grc' dir='ltr'><strong>ο</strong></span> <span class='ocrx_word' id='word_1_499' title='bbox 663 4243 756 4309; x_wconf 80' lang='grc' dir='ltr'><strong>οὖς</strong></span> <span class='ocrx_word' id='word_1_500' title='bbox 784 4248 859 4312; x_wconf 79' lang='grc' dir='ltr'><strong>δὲ,</strong></span> <span class='ocrx_word' id='word_1_501' title='bbox 893 4249 954 4301; x_wconf 78' lang='grc' dir='ltr'><strong>τὸ</strong></span> <span class='ocrx_word' id='word_1_502' title='bbox 977 4251 1300 4304; x_wconf 82' lang='grc' dir='ltr'>ἀκουστικὸν</span> <span class='ocrx_word' id='word_1_503' title='bbox 1329 4251 1494 4303; x_wconf 86' lang='grc' dir='ltr'>αὐτοῦ</span> <span class='ocrx_word' id='word_1_504' title='bbox 1516 4269 1529 4282; x_wconf 87' lang='grc'><strong>·</strong></span> <span class='ocrx_word' id='word_1_505' title='bbox 1565 4252 1876 4324; x_wconf 73' lang='grc' dir='ltr'>ὀφθαλμοὺς</span> <span class='ocrx_word' id='word_1_506' title='bbox 1901 4255 1978 4321; x_wconf 82' lang='grc' dir='ltr'><strong>δὲ,</strong></span> 
     </span>
    </p>
   </div>
   <div class='ocr_carea' id='block_1_62' title="bbox 397 4339 1982 4413">
    <p class='ocr_par' dir='ltr' id='par_1_62' title="bbox 397 4339 1982 4413">
     <span class='ocr_line' id='line_1_62' title="bbox 397 4339 1982 4413; baseline 0.005 -22"><span class='ocrx_word' id='word_1_507' title='bbox 397 4339 462 4392; x_wconf 76' lang='grc' dir='ltr'><strong>τὸ</strong></span> <span class='ocrx_word' id='word_1_508' title='bbox 488 4339 792 4412; x_wconf 86' lang='grc' dir='ltr'>διορατικόν</span> <span class='ocrx_word' id='word_1_509' title='bbox 829 4339 940 4411; x_wconf 87' lang='grc'>(54)</span> <span class='ocrx_word' id='word_1_510' title='bbox 962 4359 976 4372; x_wconf 77' lang='grc'><em>’</em></span> <span class='ocrx_word' id='word_1_511' title='bbox 1017 4341 1317 4413; x_wconf 83' lang='grc' dir='ltr'>πτέρυγας,</span> <span class='ocrx_word' id='word_1_512' title='bbox 1359 4343 1421 4395; x_wconf 89' lang='grc' dir='ltr'><strong>τὸ</strong></span> <span class='ocrx_word' id='word_1_513' title='bbox 1451 4347 1836 4399; x_wconf 81' lang='grc' dir='ltr'>σκεπαστικόν.</span> <span class='ocrx_word' id='word_1_514' title='bbox 1871 4347 1982 4400; x_wconf 76' lang='grc' dir='ltr'>Καὶ</span> 
     </span>
    </p>
   </div>
   <div class='ocr_carea' id='block_1_63' title="bbox 2078 1958 3654 2026">
    <p class='ocr_par' dir='ltr' id='par_1_63' title="bbox 2078 1958 3654 2026">
     <span class='ocr_line' id='line_1_63' title="bbox 2078 1958 3654 2026; baseline -0.008 -6"><span class='ocrx_word' id='word_1_515' title='bbox 2078 1966 2188 2020; x_wconf 86' lang='lat' dir='ltr'><strong>ait:</strong></span> <span class='ocrx_word' id='word_1_516' title='bbox 2223 1965 2404 2019; x_wconf 82' lang='lat' dir='ltr'><strong>Omnis</strong></span> <span class='ocrx_word' id='word_1_517' title='bbox 2435 1972 2579 2018; x_wconf 86' lang='lat' dir='ltr'><strong>terra</strong></span> <span class='ocrx_word' id='word_1_518' title='bbox 2622 1963 2892 2017; x_wconf 72' lang='lat' dir='ltr'><strong>veritatem</strong></span> <span class='ocrx_word' id='word_1_519' title='bbox 2933 1961 3160 2024; x_wconf 81' lang='lat' dir='ltr'><strong>invocat,</strong></span> <span class='ocrx_word' id='word_1_520' title='bbox 3189 1968 3238 2013; x_wconf 89' lang='lat' dir='ltr'><strong>et</strong></span> <span class='ocrx_word' id='word_1_521' title='bbox 3269 1958 3456 2012; x_wconf 66' lang='lat' dir='ltr'><strong>coelum</strong></span> <span class='ocrx_word' id='word_1_522' title='bbox 3484 1959 3654 2026; x_wconf 80' lang='lat' dir='ltr'><strong>ipsam</strong></span> 
     </span>
    </p>
   </div>
   <div class='ocr_carea' id='block_1_64' title="bbox 2079 2049 3661 2123">
    <p class='ocr_par' dir='ltr' id='par_1_64' title="bbox 2079 2049 3661 2123">
     <span class='ocr_line' id='line_1_64' title="bbox 2079 2049 3661 2123; baseline -0.005 -13"><span class='ocrx_word' id='word_1_523' title='bbox 2079 2057 2354 2119; x_wconf 84' lang='lat' dir='ltr'><strong>benedicit,</strong></span> <span class='ocrx_word' id='word_1_524' title='bbox 2387 2065 2434 2109; x_wconf 90' lang='lat' dir='ltr'><strong>et</strong></span> <span class='ocrx_word' id='word_1_525' title='bbox 2456 2055 2632 2108; x_wconf 89' lang='lat' dir='ltr'><strong>omnia</strong></span> <span class='ocrx_word' id='word_1_526' title='bbox 2653 2070 2808 2123; x_wconf 88' lang='lat' dir='ltr'><strong>opera</strong></span> <span class='ocrx_word' id='word_1_527' title='bbox 2839 2052 3212 2105; x_wconf 84' lang='lat' dir='ltr'><strong>concutiuntur</strong></span> <span class='ocrx_word' id='word_1_528' title='bbox 3241 2060 3291 2102; x_wconf 90' lang='lat' dir='ltr'><strong>et</strong></span> <span class='ocrx_word' id='word_1_529' title='bbox 3324 2058 3552 2102; x_wconf 85' lang='lat' dir='ltr'><strong>tremunt</strong></span> <span class='ocrx_word' id='word_1_530' title='bbox 3573 2049 3661 2102; x_wconf 66' lang='grc'><strong>³⁸2</strong></span> 
     </span>
    </p>
   </div>
   <div class='ocr_carea' id='block_1_65' title="bbox 2079 2140 3660 2214">
    <p class='ocr_par' dir='ltr' id='par_1_65' title="bbox 2079 2140 3660 2214">
     <span class='ocr_line' id='line_1_65' title="bbox 2079 2140 3660 2214; baseline -0.004 -13"><span class='ocrx_word' id='word_1_531' title='bbox 2079 2148 2336 2214; x_wconf 66' lang='lat' dir='ltr'><strong>Quaenam</strong></span> <span class='ocrx_word' id='word_1_532' title='bbox 2365 2161 2494 2202; x_wconf 90' lang='lat' dir='ltr'><strong>vero</strong></span> <span class='ocrx_word' id='word_1_533' title='bbox 2549 2153 2634 2200; x_wconf 88' lang='lat' dir='ltr'><strong>est</strong></span> <span class='ocrx_word' id='word_1_534' title='bbox 2676 2145 2898 2210; x_wconf 89' lang='lat' dir='ltr'><strong>veritas,</strong></span> <span class='ocrx_word' id='word_1_535' title='bbox 2932 2145 3034 2197; x_wconf 91' lang='lat' dir='ltr'><strong>nisi</strong></span> <span class='ocrx_word' id='word_1_536' title='bbox 3076 2141 3168 2196; x_wconf 88' lang='lat' dir='ltr'><strong>Dei</strong></span> <span class='ocrx_word' id='word_1_537' title='bbox 3204 2140 3437 2195; x_wconf 78' lang='lat' dir='ltr'><strong>Verbum</strong></span> <span class='ocrx_word' id='word_1_538' title='bbox 3487 2151 3541 2194; x_wconf 90' lang='lat' dir='ltr'><strong>et</strong></span> <span class='ocrx_word' id='word_1_539' title='bbox 3570 2140 3660 2194; x_wconf 85' lang='lat' dir='ltr'><strong>Fi-</strong></span> 
     </span>
    </p>
   </div>
   <div class='ocr_carea' id='block_1_66' title="bbox 2077 2233 3658 2308">
    <p class='ocr_par' dir='ltr' id='par_1_66' title="bbox 2077 2233 3658 2308">
     <span class='ocr_line' id='line_1_66' title="bbox 2077 2233 3658 2308; baseline -0.005 -17"><span class='ocrx_word' id='word_1_540' title='bbox 2077 2237 2201 2304; x_wconf 87' lang='lat' dir='ltr'><strong>lius,</strong></span> <span class='ocrx_word' id='word_1_541' title='bbox 2236 2253 2332 2308; x_wconf 89' lang='lat' dir='ltr'><strong>per</strong></span> <span class='ocrx_word' id='word_1_542' title='bbox 2377 2252 2535 2306; x_wconf 88' lang='lat' dir='ltr'><strong>quem</strong></span> <span class='ocrx_word' id='word_1_543' title='bbox 2567 2237 2749 2291; x_wconf 84' lang='lat' dir='ltr'><strong>omnia</strong></span> <span class='ocrx_word' id='word_1_544' title='bbox 2777 2236 2800 2288; x_wconf 85' lang='lat'><strong>?</strong></span> <span class='ocrx_word' id='word_1_545' title='bbox 2833 2233 2945 2304; x_wconf 87' lang='lat' dir='ltr'><strong>Ego</strong></span> <span class='ocrx_word' id='word_1_546' title='bbox 2990 2235 3149 2299; x_wconf 88' lang='lat' dir='ltr'><strong>enim,</strong></span> <span class='ocrx_word' id='word_1_547' title='bbox 3175 2234 3370 2304; x_wconf 89' lang='lat' dir='ltr'><strong>inquit,</strong></span> <span class='ocrx_word' id='word_1_548' title='bbox 3405 2250 3520 2286; x_wconf 80' lang='lat' dir='ltr'><strong>sum</strong></span> <span class='ocrx_word' id='word_1_549' title='bbox 3550 2234 3658 2296; x_wconf 76' lang='lat' dir='ltr'><strong>uia,</strong></span> 
     </span>
    </p>
   </div>
   <div class='ocr_carea' id='block_1_67' title="bbox 2076 2325 3656 2397">
    <p class='ocr_par' dir='ltr' id='par_1_67' title="bbox 2076 2325 3656 2397">
     <span class='ocr_line' id='line_1_67' title="bbox 2076 2325 3656 2397; baseline -0.003 -14"><span class='ocrx_word' id='word_1_550' title='bbox 2076 2340 2123 2383; x_wconf 88' lang='lat' dir='ltr'><strong>et</strong></span> <span class='ocrx_word' id='word_1_551' title='bbox 2165 2333 2390 2393; x_wconf 83' lang='lat' dir='ltr'><strong>veritas,</strong></span> <span class='ocrx_word' id='word_1_552' title='bbox 2423 2339 2471 2382; x_wconf 87' lang='lat' dir='ltr'><strong>et</strong></span> <span class='ocrx_word' id='word_1_553' title='bbox 2514 2331 2620 2382; x_wconf 82' lang='lat' dir='ltr'><strong>vita</strong></span> <span class='ocrx_word' id='word_1_554' title='bbox 2650 2325 3014 2397; x_wconf 49' lang='lat' dir='ltr'><strong>’°-&#39;°..Veritas</strong></span> <span class='ocrx_word' id='word_1_555' title='bbox 3031 2337 3208 2381; x_wconf 88' lang='lat' dir='ltr'><strong>autem</strong></span> <span class='ocrx_word' id='word_1_556' title='bbox 3251 2341 3358 2380; x_wconf 91' lang='lat' dir='ltr'><strong>non</strong></span> <span class='ocrx_word' id='word_1_557' title='bbox 3412 2335 3497 2379; x_wconf 90' lang='lat' dir='ltr'><strong>est</strong></span> <span class='ocrx_word' id='word_1_558' title='bbox 3525 2326 3656 2379; x_wconf 39' lang='lat' dir='ltr'><strong>.nisi</strong></span> 
     </span>
    </p>
   </div>
   <div class='ocr_carea' id='block_1_68' title="bbox 2075 2418 3662 2490">
    <p class='ocr_par' dir='ltr' id='par_1_68' title="bbox 2075 2418 3662 2490">
     <span class='ocr_line' id='line_1_68' title="bbox 2075 2418 3662 2490; baseline -0.003 -15"><span class='ocrx_word' id='word_1_559' title='bbox 2075 2437 2143 2476; x_wconf 85' lang='lat' dir='ltr'><strong>ex</strong></span> <span class='ocrx_word' id='word_1_560' title='bbox 2173 2437 2322 2486; x_wconf 90' lang='lat' dir='ltr'><strong>vero,</strong></span> <span class='ocrx_word' id='word_1_561' title='bbox 2365 2422 2686 2476; x_wconf 84' lang='lat' dir='ltr'><strong>naturaliter</strong></span> <span class='ocrx_word' id='word_1_562' title='bbox 2723 2430 2778 2474; x_wconf 88' lang='lat' dir='ltr'><strong>et</strong></span> <span class='ocrx_word' id='word_1_563' title='bbox 2821 2421 3149 2490; x_wconf 89' lang='lat' dir='ltr'><strong>sempiterue</strong></span> <span class='ocrx_word' id='word_1_564' title='bbox 3179 2433 3246 2473; x_wconf 82' lang='lat' dir='ltr'><strong>ex</strong></span> <span class='ocrx_word' id='word_1_565' title='bbox 3292 2419 3407 2487; x_wconf 86' lang='lat' dir='ltr'><strong>ipso</strong></span> <span class='ocrx_word' id='word_1_566' title='bbox 3458 2418 3662 2487; x_wconf 75' lang='lat' dir='ltr'><strong>genita.</strong></span> 
     </span>
    </p>
   </div>
   <div class='ocr_carea' id='block_1_69' title="bbox 2075 2506 3660 2582">
    <p class='ocr_par' dir='ltr' id='par_1_69' title="bbox 2075 2506 3660 2582">
     <span class='ocr_line' id='line_1_69' title="bbox 2075 2506 3660 2582; baseline -0.004 -16"><span class='ocrx_word' id='word_1_567' title='bbox 2075 2511 2367 2582; x_wconf 87' lang='lat' dir='ltr'><strong>Propterea</strong></span> <span class='ocrx_word' id='word_1_568' title='bbox 2387 2513 2572 2575; x_wconf 78' lang='lat' dir='ltr'><strong>infert,</strong></span> <span class='ocrx_word' id='word_1_569' title='bbox 2588 2512 2807 2567; x_wconf 83' lang='lat' dir='ltr'><strong>dicens:</strong></span> <span class='ocrx_word' id='word_1_570' title='bbox 2831 2511 3140 2564; x_wconf 78' lang='lat' dir='ltr'><strong>Benedictus</strong></span> <span class='ocrx_word' id='word_1_571' title='bbox 3176 2509 3316 2562; x_wconf 83' lang='lat' dir='ltr'><strong>Deus</strong></span> <span class='ocrx_word' id='word_1_572' title='bbox 3344 2509 3579 2561; x_wconf 80' lang='lat' dir='ltr'><strong>veritatis</strong></span> <span class='ocrx_word' id='word_1_573' title='bbox 3594 2506 3660 2569; x_wconf 85' lang='grc'><strong>³¹,</strong></span> 
     </span>
    </p>
   </div>
   <div class='ocr_carea' id='block_1_70' title="bbox 2077 2598 3660 2674">
    <p class='ocr_par' dir='ltr' id='par_1_70' title="bbox 2077 2598 3660 2674">
     <span class='ocr_line' id='line_1_70' title="bbox 2077 2598 3660 2674; baseline -0.006 -14"><span class='ocrx_word' id='word_1_574' title='bbox 2077 2605 2170 2674; x_wconf 91' lang='lat' dir='ltr'><strong>qui</strong></span> <span class='ocrx_word' id='word_1_575' title='bbox 2218 2614 2301 2659; x_wconf 92' lang='lat' dir='ltr'><strong>est</strong></span> <span class='ocrx_word' id='word_1_576' title='bbox 2343 2601 2506 2658; x_wconf 87' lang='lat' dir='ltr'><strong>Pater</strong></span> <span class='ocrx_word' id='word_1_577' title='bbox 2542 2605 2784 2658; x_wconf 82' lang='lat' dir='ltr'><strong>veritatis</strong></span> <span class='ocrx_word' id='word_1_578' title='bbox 2831 2603 3058 2658; x_wconf 68' lang='lat' dir='ltr'><strong>Chrisui.</strong></span> <span class='ocrx_word' id='word_1_579' title='bbox 3110 2601 3321 2656; x_wconf 88' lang='lat' dir='ltr'><strong>Veritas</strong></span> <span class='ocrx_word' id='word_1_580' title='bbox 3373 2598 3660 2663; x_wconf 88' lang='lat' dir='ltr'><strong>Christus,</strong></span> 
     </span>
    </p>
   </div>
   <div class='ocr_carea' id='block_1_71' title="bbox 2077 2690 3662 2768">
    <p class='ocr_par' dir='ltr' id='par_1_71' title="bbox 2077 2690 3662 2768">
     <span class='ocr_line' id='line_1_71' title="bbox 2077 2690 3662 2768; baseline -0.006 -17"><span class='ocrx_word' id='word_1_581' title='bbox 2077 2712 2236 2768; x_wconf 88' lang='lat' dir='ltr'><strong>quem</strong></span> <span class='ocrx_word' id='word_1_582' title='bbox 2277 2698 2456 2752; x_wconf 87' lang='lat' dir='ltr'><strong>omnis</strong></span> <span class='ocrx_word' id='word_1_583' title='bbox 2484 2695 2682 2750; x_wconf 88' lang='lat' dir='ltr'><strong>halitus</strong></span> <span class='ocrx_word' id='word_1_584' title='bbox 2709 2695 2840 2749; x_wconf 90' lang='lat' dir='ltr'><strong>colit</strong></span> <span class='ocrx_word' id='word_1_585' title='bbox 2864 2709 2927 2749; x_wconf 90' lang='lat' dir='ltr'><strong>ac</strong></span> <span class='ocrx_word' id='word_1_586' title='bbox 2951 2693 3155 2748; x_wconf 87' lang='lat' dir='ltr'><strong>tremit.</strong></span> <span class='ocrx_word' id='word_1_587' title='bbox 3184 2692 3363 2758; x_wconf 80' lang='lat' dir='ltr'><strong>Quare</strong></span> <span class='ocrx_word' id='word_1_588' title='bbox 3394 2690 3540 2759; x_wconf 91' lang='lat' dir='ltr'><strong>quod</strong></span> <span class='ocrx_word' id='word_1_589' title='bbox 3573 2690 3662 2742; x_wconf 91' lang='lat' dir='ltr'><strong>vi-</strong></span> 
     </span>
    </p>
   </div>
   <div class='ocr_carea' id='block_1_72' title="bbox 2077 2783 3663 2857">
    <p class='ocr_par' dir='ltr' id='par_1_72' title="bbox 2077 2783 3663 2857">
     <span class='ocr_line' id='line_1_72' title="bbox 2077 2783 3663 2857; baseline -0.005 -13"><span class='ocrx_word' id='word_1_590' title='bbox 2077 2805 2212 2846; x_wconf 85' lang='lat' dir='ltr'><strong>vens</strong></span> <span class='ocrx_word' id='word_1_591' title='bbox 2242 2790 2312 2844; x_wconf 89' lang='lat' dir='ltr'><strong>sit</strong></span> <span class='ocrx_word' id='word_1_592' title='bbox 2337 2788 2599 2853; x_wconf 67' lang='lat' dir='ltr'><strong>Verbum,</strong></span> <span class='ocrx_word' id='word_1_593' title='bbox 2641 2798 2698 2841; x_wconf 91' lang='lat' dir='ltr'><strong>et</strong></span> <span class='ocrx_word' id='word_1_594' title='bbox 2731 2803 2956 2857; x_wconf 84' lang='lat' dir='ltr'><strong>persona</strong></span> <span class='ocrx_word' id='word_1_595' title='bbox 3009 2785 3273 2855; x_wconf 76' lang='lat' dir='ltr'><strong>perfecm,</strong></span> <span class='ocrx_word' id='word_1_596' title='bbox 3303 2783 3663 2850; x_wconf 86' lang='lat' dir='ltr'><strong>similiterque</strong></span> 
     </span>
    </p>
   </div>
   <div class='ocr_carea' id='block_1_73' title="bbox 2081 2874 3665 2950">
    <p class='ocr_par' dir='ltr' id='par_1_73' title="bbox 2081 2874 3665 2950">
     <span class='ocr_line' id='line_1_73' title="bbox 2081 2874 3665 2950; baseline -0.004 -16"><span class='ocrx_word' id='word_1_597' title='bbox 2081 2878 2338 2950; x_wconf 87' lang='lat' dir='ltr'><strong>Spiritus,</strong></span> <span class='ocrx_word' id='word_1_598' title='bbox 2379 2896 2443 2936; x_wconf 90' lang='lat' dir='ltr'><strong>ea</strong></span> <span class='ocrx_word' id='word_1_599' title='bbox 2498 2895 2618 2950; x_wconf 69' lang='lat' dir='ltr'><strong>qua:</strong></span> <span class='ocrx_word' id='word_1_600' title='bbox 2661 2882 2820 2932; x_wconf 89' lang='lat' dir='ltr'><strong>modo</strong></span> <span class='ocrx_word' id='word_1_601' title='bbox 2847 2879 2988 2938; x_wconf 84' lang='lat' dir='ltr'><strong>dicta</strong></span> <span class='ocrx_word' id='word_1_602' title='bbox 3031 2885 3180 2940; x_wconf 91' lang='lat' dir='ltr'><strong>sunt,</strong></span> <span class='ocrx_word' id='word_1_603' title='bbox 3213 2875 3427 2929; x_wconf 86' lang='lat' dir='ltr'><strong>abunde</strong></span> <span class='ocrx_word' id='word_1_604' title='bbox 3463 2874 3665 2928; x_wconf 86' lang='lat' dir='ltr'><strong>docere.</strong></span> 
     </span>
    </p>
   </div>
   <div class='ocr_carea' id='block_1_74' title="bbox 2076 2965 3663 3042">
    <p class='ocr_par' dir='ltr' id='par_1_74' title="bbox 2076 2965 3663 3042">
     <span class='ocr_line' id='line_1_74' title="bbox 2076 2965 3663 3042; baseline -0.006 -15"><span class='ocrx_word' id='word_1_605' title='bbox 2076 2981 2322 3042; x_wconf 89' lang='lat' dir='ltr'><strong>possunt.</strong></span> <span class='ocrx_word' id='word_1_606' title='bbox 2359 2971 2499 3026; x_wconf 91' lang='lat' dir='ltr'><strong>Sunt</strong></span> <span class='ocrx_word' id='word_1_607' title='bbox 2561 2980 2742 3025; x_wconf 89' lang='lat' dir='ltr'><strong>autem</strong></span> <span class='ocrx_word' id='word_1_608' title='bbox 2797 2969 3045 3023; x_wconf 64' lang='lat' dir='ltr'><strong>humanm</strong></span> <span class='ocrx_word' id='word_1_609' title='bbox 3098 2967 3287 3022; x_wconf 65' lang='lat' dir='ltr'><strong>formae</strong></span> <span class='ocrx_word' id='word_1_610' title='bbox 3315 2965 3454 3034; x_wconf 89' lang='lat' dir='ltr'><strong>apud</strong></span> <span class='ocrx_word' id='word_1_611' title='bbox 3495 2965 3663 3019; x_wconf 92' lang='lat' dir='ltr'><strong>Deum</strong></span> 
     </span>
    </p>
   </div>
   <div class='ocr_carea' id='block_1_75' title="bbox 2079 3059 3665 3132">
    <p class='ocr_par' dir='ltr' id='par_1_75' title="bbox 2079 3059 3665 3132">
     <span class='ocr_line' id='line_1_75' title="bbox 2079 3059 3665 3132; baseline -0.007 -11"><span class='ocrx_word' id='word_1_612' title='bbox 2079 3065 2285 3128; x_wconf 72' lang='lat' dir='ltr'><strong>multm,</strong></span> <span class='ocrx_word' id='word_1_613' title='bbox 2307 3072 2363 3119; x_wconf 89' lang='lat' dir='ltr'><strong>et</strong></span> <span class='ocrx_word' id='word_1_614' title='bbox 2395 3065 2553 3129; x_wconf 79' lang='lat' dir='ltr'><strong>aliae;</strong></span> <span class='ocrx_word' id='word_1_615' title='bbox 2588 3077 2692 3117; x_wconf 92' lang='lat' dir='ltr'><strong>nec</strong></span> <span class='ocrx_word' id='word_1_616' title='bbox 2725 3069 3007 3132; x_wconf 87' lang='lat' dir='ltr'><strong>propterea</strong></span> <span class='ocrx_word' id='word_1_617' title='bbox 3047 3059 3214 3114; x_wconf 91' lang='lat' dir='ltr'><strong>Deum</strong></span> <span class='ocrx_word' id='word_1_618' title='bbox 3244 3059 3516 3112; x_wconf 85' lang='lat' dir='ltr'><strong>hominem</strong></span> <span class='ocrx_word' id='word_1_619' title='bbox 3543 3070 3665 3111; x_wconf 87' lang='lat' dir='ltr'><strong>esse</strong></span> 
     </span>
    </p>
   </div>
   <div class='ocr_carea' id='block_1_76' title="bbox 2081 3148 3662 3224">
    <p class='ocr_par' dir='ltr' id='par_1_76' title="bbox 2081 3148 3662 3224">
     <span class='ocr_line' id='line_1_76' title="bbox 2081 3148 3662 3224; baseline -0.007 -12"><span class='ocrx_word' id='word_1_620' title='bbox 2081 3157 2494 3221; x_wconf 71' lang='lat' dir='ltr'><strong>existimamus,</strong></span> <span class='ocrx_word' id='word_1_621' title='bbox 2545 3153 2776 3224; x_wconf 82' lang='lat' dir='ltr'><strong>exempli</strong></span> <span class='ocrx_word' id='word_1_622' title='bbox 2817 3167 2982 3208; x_wconf 85' lang='lat' dir='ltr'><strong>causa</strong></span> <span class='ocrx_word' id='word_1_623' title='bbox 3033 3151 3076 3206; x_wconf 90' lang='lat' dir='ltr'><strong>si</strong></span> <span class='ocrx_word' id='word_1_624' title='bbox 3116 3151 3310 3205; x_wconf 82' lang='lat' dir='ltr'><strong>faciem</strong></span> <span class='ocrx_word' id='word_1_625' title='bbox 3371 3148 3662 3209; x_wconf 87' lang='lat' dir='ltr'><strong>audimus,</strong></span> 
     </span>
    </p>
   </div>
   <div class='ocr_carea' id='block_1_77' title="bbox 2083 3239 3666 3317">
    <p class='ocr_par' dir='ltr' id='par_1_77' title="bbox 2083 3239 3666 3317">
     <span class='ocr_line' id='line_1_77' title="bbox 2083 3239 3666 3317; baseline -0.008 -14"><span class='ocrx_word' id='word_1_626' title='bbox 2083 3247 2382 3317; x_wconf 73' lang='lat' dir='ltr'><strong>oculosque</strong></span> <span class='ocrx_word' id='word_1_627' title='bbox 2409 3258 2463 3302; x_wconf 89' lang='lat' dir='ltr'><strong>et</strong></span> <span class='ocrx_word' id='word_1_628' title='bbox 2496 3261 2676 3313; x_wconf 89' lang='lat' dir='ltr'><strong>aures,</strong></span> <span class='ocrx_word' id='word_1_629' title='bbox 2717 3256 2771 3299; x_wconf 92' lang='lat' dir='ltr'><strong>et</strong></span> <span class='ocrx_word' id='word_1_630' title='bbox 2799 3259 3014 3308; x_wconf 87' lang='lat' dir='ltr'><strong>manus,</strong></span> <span class='ocrx_word' id='word_1_631' title='bbox 3041 3252 3096 3296; x_wconf 89' lang='lat' dir='ltr'><strong>et</strong></span> <span class='ocrx_word' id='word_1_632' title='bbox 3151 3243 3335 3312; x_wconf 89' lang='lat' dir='ltr'><strong>pedes.</strong></span> <span class='ocrx_word' id='word_1_633' title='bbox 3372 3239 3558 3310; x_wconf 87' lang='lat' dir='ltr'><strong>Neque</strong></span> <span class='ocrx_word' id='word_1_634' title='bbox 3600 3239 3666 3292; x_wconf 89' lang='lat' dir='ltr'><strong>de</strong></span> 
     </span>
    </p>
   </div>
   <div class='ocr_carea' id='block_1_78' title="bbox 2083 3329 3662 3408">
    <p class='ocr_par' dir='ltr' id='par_1_78' title="bbox 2083 3329 3662 3408">
     <span class='ocr_line' id='line_1_78' title="bbox 2083 3329 3662 3408; baseline -0.009 -13"><span class='ocrx_word' id='word_1_635' title='bbox 2083 3341 2194 3395; x_wconf 91' lang='lat' dir='ltr'><strong>Deo</strong></span> <span class='ocrx_word' id='word_1_636' title='bbox 2229 3341 2410 3394; x_wconf 88' lang='lat' dir='ltr'><strong>dicere</strong></span> <span class='ocrx_word' id='word_1_637' title='bbox 2439 3339 2572 3403; x_wconf 89' lang='lat' dir='ltr'><strong>vult,</strong></span> <span class='ocrx_word' id='word_1_638' title='bbox 2608 3337 2747 3408; x_wconf 87' lang='lat' dir='ltr'><strong>quod</strong></span> <span class='ocrx_word' id='word_1_639' title='bbox 2783 3337 2836 3391; x_wconf 93' lang='lat' dir='ltr'><strong>in</strong></span> <span class='ocrx_word' id='word_1_640' title='bbox 2869 3335 3006 3390; x_wconf 78' lang='lat' dir='ltr'><strong>ctelo</strong></span> <span class='ocrx_word' id='word_1_641' title='bbox 3045 3333 3191 3388; x_wconf 90' lang='lat' dir='ltr'><strong>velut</strong></span> <span class='ocrx_word' id='word_1_642' title='bbox 3221 3333 3272 3387; x_wconf 91' lang='lat' dir='ltr'><strong>in</strong></span> <span class='ocrx_word' id='word_1_643' title='bbox 3303 3332 3432 3387; x_wconf 88' lang='lat' dir='ltr'><strong>sede</strong></span> <span class='ocrx_word' id='word_1_644' title='bbox 3455 3329 3662 3393; x_wconf 87' lang='lat' dir='ltr'><strong>sedeat,</strong></span> 
     </span>
    </p>
   </div>
   <div class='ocr_carea' id='block_1_79' title="bbox 2084 3420 3666 3500">
    <p class='ocr_par' dir='ltr' id='par_1_79' title="bbox 2084 3420 3666 3500">
     <span class='ocr_line' id='line_1_79' title="bbox 2084 3420 3666 3500; baseline -0.008 -14"><span class='ocrx_word' id='word_1_645' title='bbox 2084 3447 2259 3499; x_wconf 86' lang='lat' dir='ltr'><strong>neque</strong></span> <span class='ocrx_word' id='word_1_646' title='bbox 2290 3431 2432 3500; x_wconf 89' lang='lat' dir='ltr'><strong>quod</strong></span> <span class='ocrx_word' id='word_1_647' title='bbox 2464 3443 2605 3484; x_wconf 87' lang='lat' dir='ltr'><strong>terra</strong></span> <span class='ocrx_word' id='word_1_648' title='bbox 2634 3445 2730 3484; x_wconf 91' lang='lat' dir='ltr'><strong>ceu</strong></span> <span class='ocrx_word' id='word_1_649' title='bbox 2769 3427 2965 3499; x_wconf 85' lang='lat' dir='ltr'><strong>pedum</strong></span> <span class='ocrx_word' id='word_1_650' title='bbox 2996 3427 3162 3494; x_wconf 83' lang='lat' dir='ltr'><strong>ipsius</strong></span> <span class='ocrx_word' id='word_1_651' title='bbox 3190 3423 3479 3478; x_wconf 88' lang='lat' dir='ltr'><strong>scabellum</strong></span> <span class='ocrx_word' id='word_1_652' title='bbox 3507 3420 3666 3474; x_wconf 91' lang='lat' dir='ltr'><strong>modo</strong></span> 
     </span>
    </p>
   </div>
   <div class='ocr_carea' id='block_1_80' title="bbox 2083 3511 3665 3591">
    <p class='ocr_par' dir='ltr' id='par_1_80' title="bbox 2083 3511 3665 3591">
     <span class='ocr_line' id='line_1_80' title="bbox 2083 3511 3665 3591; baseline -0.009 -14"><span class='ocrx_word' id='word_1_653' title='bbox 2083 3537 2344 3591; x_wconf 88' lang='lat' dir='ltr'><strong>corporeo</strong></span> <span class='ocrx_word' id='word_1_654' title='bbox 2393 3522 2633 3575; x_wconf 84' lang='lat' dir='ltr'><strong>calcetur</strong></span> <span class='ocrx_word' id='word_1_655' title='bbox 2663 3521 2728 3587; x_wconf 86' lang='grc'><strong>³¹,</strong></span> <span class='ocrx_word' id='word_1_656' title='bbox 2786 3519 2878 3573; x_wconf 89' lang='lat' dir='ltr'><strong>sed</strong></span> <span class='ocrx_word' id='word_1_657' title='bbox 2949 3516 3093 3586; x_wconf 89' lang='lat' dir='ltr'><strong>quod</strong></span> <span class='ocrx_word' id='word_1_658' title='bbox 3153 3515 3347 3568; x_wconf 75' lang='lat' dir='ltr'><strong>divina:</strong></span> <span class='ocrx_word' id='word_1_659' title='bbox 3406 3511 3665 3582; x_wconf 88' lang='lat' dir='ltr'><strong>potestati</strong></span> 
     </span>
    </p>
   </div>
   <div class='ocr_carea' id='block_1_81' title="bbox 2086 3601 3663 3682">
    <p class='ocr_par' dir='ltr' id='par_1_81' title="bbox 2086 3601 3663 3682">
     <span class='ocr_line' id='line_1_81' title="bbox 2086 3601 3663 3682; baseline -0.008 -14"><span class='ocrx_word' id='word_1_660' title='bbox 2086 3614 2327 3682; x_wconf 80' lang='lat' dir='ltr'><strong>subjecta</strong></span> <span class='ocrx_word' id='word_1_661' title='bbox 2353 3614 2440 3667; x_wconf 89' lang='lat' dir='ltr'><strong>sit.</strong></span> <span class='ocrx_word' id='word_1_662' title='bbox 2482 3611 2572 3666; x_wconf 92' lang='lat' dir='ltr'><strong>Sic</strong></span> <span class='ocrx_word' id='word_1_663' title='bbox 2612 3626 2819 3674; x_wconf 87' lang='lat' dir='ltr'><strong>rursus,</strong></span> <span class='ocrx_word' id='word_1_664' title='bbox 2845 3611 2890 3663; x_wconf 90' lang='lat' dir='ltr'><strong>si</strong></span> <span class='ocrx_word' id='word_1_665' title='bbox 2923 3617 3136 3662; x_wconf 88' lang='lat' dir='ltr'><strong>uterum</strong></span> <span class='ocrx_word' id='word_1_666' title='bbox 3168 3605 3235 3661; x_wconf 89' lang='lat' dir='ltr'><strong>de</strong></span> <span class='ocrx_word' id='word_1_667' title='bbox 3264 3604 3373 3658; x_wconf 90' lang='lat' dir='ltr'><strong>Deo</strong></span> <span class='ocrx_word' id='word_1_668' title='bbox 3404 3601 3663 3664; x_wconf 87' lang='lat' dir='ltr'><strong>audieris,</strong></span> 
     </span>
    </p>
   </div>
   <div class='ocr_carea' id='block_1_82' title="bbox 2089 3695 3661 3771">
    <p class='ocr_par' dir='ltr' id='par_1_82' title="bbox 2089 3695 3661 3771">
     <span class='ocr_line' id='line_1_82' title="bbox 2089 3695 3661 3771; baseline -0.011 -8"><span class='ocrx_word' id='word_1_669' title='bbox 2089 3722 2158 3763; x_wconf 92' lang='lat' dir='ltr'><strong>ne</strong></span> <span class='ocrx_word' id='word_1_670' title='bbox 2191 3707 2535 3762; x_wconf 89' lang='lat' dir='ltr'><strong>conturberis</strong></span> <span class='ocrx_word' id='word_1_671' title='bbox 2565 3713 2820 3771; x_wconf 89' lang='lat' dir='ltr'><strong>tanquam</strong></span> <span class='ocrx_word' id='word_1_672' title='bbox 2858 3714 3174 3769; x_wconf 89' lang='lat' dir='ltr'><strong>corporeum</strong></span> <span class='ocrx_word' id='word_1_673' title='bbox 3214 3697 3344 3767; x_wconf 89' lang='lat' dir='ltr'><strong>quid</strong></span> <span class='ocrx_word' id='word_1_674' title='bbox 3373 3695 3618 3764; x_wconf 77' lang='lat' dir='ltr'><strong>cogitans</strong></span> <span class='ocrx_word' id='word_1_675' title='bbox 3647 3709 3661 3746; x_wconf 91' lang='lat'><strong>:</strong></span> 
     </span>
    </p>
   </div>
   <div class='ocr_carea' id='block_1_83' title="bbox 2088 3785 3668 3867">
    <p class='ocr_par' dir='ltr' id='par_1_83' title="bbox 2088 3785 3668 3867">
     <span class='ocr_line' id='line_1_83' title="bbox 2088 3785 3668 3867; baseline -0.007 -14"><span class='ocrx_word' id='word_1_676' title='bbox 2088 3800 2182 3853; x_wconf 91' lang='lat' dir='ltr'><strong>sed</strong></span> <span class='ocrx_word' id='word_1_677' title='bbox 2225 3797 2505 3867; x_wconf 88' lang='lat' dir='ltr'><strong>spirituale</strong></span> <span class='ocrx_word' id='word_1_678' title='bbox 2549 3796 2802 3866; x_wconf 86' lang='lat' dir='ltr'><strong>quiddam</strong></span> <span class='ocrx_word' id='word_1_679' title='bbox 2857 3793 3164 3862; x_wconf 79' lang='lat' dir='ltr'><strong>intelligens</strong></span> <span class='ocrx_word' id='word_1_680' title='bbox 3190 3831 3204 3855; x_wconf 93' lang='lat'><strong>,</strong></span> <span class='ocrx_word' id='word_1_681' title='bbox 3239 3786 3443 3858; x_wconf 88' lang='lat' dir='ltr'><strong>aliquid</strong></span> <span class='ocrx_word' id='word_1_682' title='bbox 3476 3785 3668 3842; x_wconf 82' lang='lat' dir='ltr'><strong>melius</strong></span> 
     </span>
    </p>
   </div>
   <div class='ocr_carea' id='block_1_84' title="bbox 2086 3877 3664 3954">
    <p class='ocr_par' dir='ltr' id='par_1_84' title="bbox 2086 3877 3664 3954">
     <span class='ocr_line' id='line_1_84' title="bbox 2086 3877 3664 3954; baseline -0.008 -13"><span class='ocrx_word' id='word_1_683' title='bbox 2086 3889 2326 3943; x_wconf 87' lang='lat' dir='ltr'><strong>dicturus</strong></span> <span class='ocrx_word' id='word_1_684' title='bbox 2373 3903 2453 3952; x_wconf 90' lang='lat' dir='ltr'><strong>es,</strong></span> <span class='ocrx_word' id='word_1_685' title='bbox 2487 3888 2740 3940; x_wconf 85' lang='lat' dir='ltr'><strong>nimirum</strong></span> <span class='ocrx_word' id='word_1_686' title='bbox 2786 3885 2956 3954; x_wconf 88' lang='lat' dir='ltr'><strong>ipsam</strong></span> <span class='ocrx_word' id='word_1_687' title='bbox 3011 3884 3117 3936; x_wconf 90' lang='lat' dir='ltr'><strong>vim</strong></span> <span class='ocrx_word' id='word_1_688' title='bbox 3156 3881 3250 3934; x_wconf 87' lang='lat' dir='ltr'><strong>Dei</strong></span> <span class='ocrx_word' id='word_1_689' title='bbox 3298 3877 3664 3948; x_wconf 79' lang='lat' dir='ltr'><strong>generativam</strong></span> 
     </span>
    </p>
   </div>
   <div class='ocr_carea' id='block_1_85' title="bbox 2089 3970 3664 4049">
    <p class='ocr_par' dir='ltr' id='par_1_85' title="bbox 2089 3970 3664 4049">
     <span class='ocr_line' id='line_1_85' title="bbox 2089 3970 3664 4049; baseline -0.01 -15"><span class='ocrx_word' id='word_1_690' title='bbox 2089 3981 2183 4035; x_wconf 87' lang='lat' dir='ltr'><strong>tibi</strong></span> <span class='ocrx_word' id='word_1_691' title='bbox 2224 3996 2290 4033; x_wconf 82' lang='lat' dir='ltr'><strong>ex</strong></span> <span class='ocrx_word' id='word_1_692' title='bbox 2321 3981 2436 4048; x_wconf 88' lang='lat' dir='ltr'><strong>ipso</strong></span> <span class='ocrx_word' id='word_1_693' title='bbox 2469 3979 2647 4049; x_wconf 91' lang='lat' dir='ltr'><strong>palam</strong></span> <span class='ocrx_word' id='word_1_694' title='bbox 2679 3979 2971 4032; x_wconf 88' lang='lat' dir='ltr'><strong>revelatam</strong></span> <span class='ocrx_word' id='word_1_695' title='bbox 3021 3988 3162 4028; x_wconf 91' lang='lat' dir='ltr'><strong>esse.</strong></span> <span class='ocrx_word' id='word_1_696' title='bbox 3191 3971 3284 4026; x_wconf 80' lang='lat' dir='ltr'><strong>Sic</strong></span> <span class='ocrx_word' id='word_1_697' title='bbox 3315 3970 3512 4024; x_wconf 88' lang='lat' dir='ltr'><strong>iterum</strong></span> <span class='ocrx_word' id='word_1_698' title='bbox 3543 3982 3664 4021; x_wconf 92' lang='lat' dir='ltr'><strong>cum</strong></span> 
     </span>
    </p>
   </div>
   <div class='ocr_carea' id='block_1_86' title="bbox 2087 4058 3667 4138">
    <p class='ocr_par' dir='ltr' id='par_1_86' title="bbox 2087 4058 3667 4138">
     <span class='ocr_line' id='line_1_86' title="bbox 2087 4058 3667 4138; baseline -0.011 -11"><span class='ocrx_word' id='word_1_699' title='bbox 2087 4088 2278 4127; x_wconf 83' lang='lat' dir='ltr'><strong>manus</strong></span> <span class='ocrx_word' id='word_1_700' title='bbox 2329 4071 2485 4125; x_wconf 90' lang='lat' dir='ltr'><strong>audis</strong></span> <span class='ocrx_word' id='word_1_701' title='bbox 2532 4071 2651 4134; x_wconf 89' lang='lat' dir='ltr'><strong>Dei,</strong></span> <span class='ocrx_word' id='word_1_702' title='bbox 2691 4085 2810 4124; x_wconf 91' lang='lat' dir='ltr'><strong>eam</strong></span> <span class='ocrx_word' id='word_1_703' title='bbox 2845 4082 3006 4138; x_wconf 88' lang='lat' dir='ltr'><strong>quam</strong></span> <span class='ocrx_word' id='word_1_704' title='bbox 3061 4064 3225 4120; x_wconf 86' lang='lat' dir='ltr'><strong>habet</strong></span> <span class='ocrx_word' id='word_1_705' title='bbox 3276 4062 3386 4116; x_wconf 89' lang='lat' dir='ltr'><strong>vim</strong></span> <span class='ocrx_word' id='word_1_706' title='bbox 3435 4058 3667 4113; x_wconf 84' lang='lat' dir='ltr'><strong>faciendi</strong></span> 
     </span>
    </p>
   </div>
   <div class='ocr_carea' id='block_1_87' title="bbox 2084 4152 3672 4233">
    <p class='ocr_par' dir='ltr' id='par_1_87' title="bbox 2084 4152 3672 4233">
     <span class='ocr_line' id='line_1_87' title="bbox 2084 4152 3672 4233; baseline -0.009 -16"><span class='ocrx_word' id='word_1_707' title='bbox 2084 4173 2271 4232; x_wconf 86' lang='lat' dir='ltr'><strong>aperte</strong></span> <span class='ocrx_word' id='word_1_708' title='bbox 2303 4177 2605 4233; x_wconf 84' lang='lat' dir='ltr'><strong>cognosce:</strong></span> <span class='ocrx_word' id='word_1_709' title='bbox 2641 4175 2826 4214; x_wconf 88' lang='lat' dir='ltr'><strong>aurem</strong></span> <span class='ocrx_word' id='word_1_710' title='bbox 2864 4173 3013 4222; x_wconf 88' lang='lat' dir='ltr'><strong>vero,</strong></span> <span class='ocrx_word' id='word_1_711' title='bbox 3037 4172 3156 4210; x_wconf 91' lang='lat' dir='ltr'><strong>eam</strong></span> <span class='ocrx_word' id='word_1_712' title='bbox 3175 4171 3280 4225; x_wconf 90' lang='lat' dir='ltr'><strong>qua</strong></span> <span class='ocrx_word' id='word_1_713' title='bbox 3302 4152 3557 4223; x_wconf 74' lang='lat' dir='ltr'><strong>przeditus</strong></span> <span class='ocrx_word' id='word_1_714' title='bbox 3586 4159 3672 4204; x_wconf 86' lang='lat' dir='ltr'><strong>est</strong></span> 
     </span>
    </p>
   </div>
   <div class='ocr_carea' id='block_1_88' title="bbox 2084 4243 3672 4316">
    <p class='ocr_par' dir='ltr' id='par_1_88' title="bbox 2084 4243 3672 4316">
     <span class='ocr_line' id='line_1_88' title="bbox 2084 4243 3672 4316; baseline -0.011 -7"><span class='ocrx_word' id='word_1_715' title='bbox 2084 4256 2336 4309; x_wconf 89' lang='lat' dir='ltr'><strong>audiendi</strong></span> <span class='ocrx_word' id='word_1_716' title='bbox 2363 4253 2672 4310; x_wconf 85' lang='lat' dir='ltr'><strong>facultatem</strong></span> <span class='ocrx_word' id='word_1_717' title='bbox 2707 4270 2720 4304; x_wconf 89' lang='lat'><strong>:</strong></span> <span class='ocrx_word' id='word_1_718' title='bbox 2753 4253 2959 4316; x_wconf 89' lang='lat' dir='ltr'><strong>oculos,</strong></span> <span class='ocrx_word' id='word_1_719' title='bbox 2984 4248 3092 4302; x_wconf 85' lang='lat' dir='ltr'><strong>vim</strong></span> <span class='ocrx_word' id='word_1_720' title='bbox 3116 4246 3332 4302; x_wconf 91' lang='lat' dir='ltr'><strong>videndi</strong></span> <span class='ocrx_word' id='word_1_721' title='bbox 3356 4261 3370 4298; x_wconf 93' lang='lat'><strong>:</strong></span> <span class='ocrx_word' id='word_1_722' title='bbox 3392 4243 3526 4304; x_wconf 90' lang='lat' dir='ltr'><strong>alas,</strong></span> <span class='ocrx_word' id='word_1_723' title='bbox 3547 4257 3672 4310; x_wconf 89' lang='lat' dir='ltr'><strong>pro-</strong></span> 
     </span>
    </p>
   </div>
   <div class='ocr_carea' id='block_1_89' title="bbox 2084 4331 3668 4416">
    <p class='ocr_par' dir='ltr' id='par_1_89' title="bbox 2084 4331 3668 4416">
     <span class='ocr_line' id='line_1_89' title="bbox 2084 4331 3668 4416; baseline -0.013 -14"><span class='ocrx_word' id='word_1_724' title='bbox 2084 4346 2296 4416; x_wconf 79' lang='lat' dir='ltr'><strong>tegendi</strong></span> <span class='ocrx_word' id='word_1_725' title='bbox 2354 4355 2702 4415; x_wconf 88' lang='lat' dir='ltr'><strong>potestatem.</strong></span> <span class='ocrx_word' id='word_1_726' title='bbox 2738 4345 2916 4413; x_wconf 87' lang='lat' dir='ltr'><strong>Atque</strong></span> <span class='ocrx_word' id='word_1_727' title='bbox 2976 4340 3080 4394; x_wconf 87' lang='lat' dir='ltr'><strong>alia</strong></span> <span class='ocrx_word' id='word_1_728' title='bbox 3129 4336 3312 4393; x_wconf 87' lang='lat' dir='ltr'><strong>omnia</strong></span> <span class='ocrx_word' id='word_1_729' title='bbox 3361 4331 3668 4402; x_wconf 78' lang='lat' dir='ltr'><strong>singulatim</strong></span> 
     </span>
    </p>
   </div>
   <div class='ocr_carea' id='block_1_90' title="bbox 469 4471 1979 4562">
    <p class='ocr_par' dir='ltr' id='par_1_90' title="bbox 469 4477 1979 4562">
     <span class='ocr_line' id='line_1_90' title="bbox 469 4477 1979 4562; baseline 0.02 -50"><span class='ocrx_word' id='word_1_730' title='bbox 469 4477 679 4562; x_wconf 45' lang='grc' dir='ltr'><strong>’.ξ-αξη,</strong></span> <span class='ocrx_word' id='word_1_731' title='bbox 723 4477 941 4562; x_wconf 43' lang='grc' dir='ltr'>κικξε.</span> <span class='ocrx_word' id='word_1_732' title='bbox 1021 4479 1260 4562; x_wconf 46' lang='grc' dir='ltr'>’.ξᾼηιοε</span> <span class='ocrx_word' id='word_1_733' title='bbox 1295 4496 1366 4543; x_wconf 84' lang='lat' dir='ltr'><strong>tv,</strong></span> <span class='ocrx_word' id='word_1_734' title='bbox 1407 4480 1493 4562; x_wconf 64' lang='lat' dir='ltr'><strong>ii.</strong></span> <span class='ocrx_word' id='word_1_735' title='bbox 1549 4483 1594 4514; x_wconf 80' lang='grc'>³⁸</span> <span class='ocrx_word' id='word_1_736' title='bbox 1621 4483 1744 4539; x_wconf 89' lang='lat' dir='ltr'><strong>Ose.</strong></span> <span class='ocrx_word' id='word_1_737' title='bbox 1773 4502 1814 4551; x_wconf 88' lang='lat' dir='ltr'><strong>I,</strong></span> <span class='ocrx_word' id='word_1_738' title='bbox 1842 4485 1894 4541; x_wconf 90' lang='lat'><strong>7.</strong></span> <span class='ocrx_word' id='word_1_739' title='bbox 1971 4487 1979 4516; x_wconf 78' lang='grc'>¹</span> 
     </span>
    </p>
   </div>
   <div class='ocr_carea' id='block_1_91' title="bbox 2090 4471 3668 4562">
    <p class='ocr_par' dir='ltr' id='par_1_91' title="bbox 2119 4471 3668 4562">
     <span class='ocr_line' id='line_1_91' title="bbox 2119 4471 3668 4562; baseline -0.012 -21"><span class='ocrx_word' id='word_1_740' title='bbox 2119 4485 2262 4540; x_wconf 89' lang='lat' dir='ltr'><strong>Tim.</strong></span> <span class='ocrx_word' id='word_1_741' title='bbox 2285 4502 2327 4553; x_wconf 85' lang='grc' dir='ltr'><strong>ι,</strong></span> <span class='ocrx_word' id='word_1_742' title='bbox 2362 4485 2451 4539; x_wconf 86' lang='grc'><strong>18.</strong></span> <span class='ocrx_word' id='word_1_743' title='bbox 2475 4481 2502 4562; x_wconf 52' lang='grc' dir='ltr'>ξ</span> <span class='ocrx_word' id='word_1_744' title='bbox 2527 4485 2571 4516; x_wconf 79' lang='grc'><strong>³⁸</strong></span> <span class='ocrx_word' id='word_1_745' title='bbox 2599 4483 2666 4539; x_wconf 83' lang='lat' dir='ltr'><strong>lli</strong></span> <span class='ocrx_word' id='word_1_746' title='bbox 2690 4484 2846 4539; x_wconf 84' lang='lat' dir='ltr'><strong>Esdr.</strong></span> <span class='ocrx_word' id='word_1_747' title='bbox 2869 4497 2942 4548; x_wconf 86' lang='lat' dir='ltr'><strong>tv,</strong></span> <span class='ocrx_word' id='word_1_748' title='bbox 2973 4480 3062 4534; x_wconf 83' lang='grc'><strong>56.</strong></span> <span class='ocrx_word' id='word_1_749' title='bbox 3138 4475 3252 4517; x_wconf 84' lang='grc'>²⁹-³⁰</span> <span class='ocrx_word' id='word_1_750' title='bbox 3281 4472 3438 4530; x_wconf 84' lang='lat' dir='ltr'><strong>Joan.</strong></span> <span class='ocrx_word' id='word_1_751' title='bbox 3471 4486 3584 4540; x_wconf 78' lang='lat' dir='ltr'><strong>xw,</strong></span> <span class='ocrx_word' id='word_1_752' title='bbox 3613 4471 3668 4524; x_wconf 86' lang='lat'><strong>6.</strong></span> 
     </span>
    </p>
   </div>
   <div class='ocr_carea' id='block_1_92' title="bbox 398 4547 1466 4616">
    <p class='ocr_par' dir='ltr' id='par_1_92' title="bbox 398 4547 1466 4616">
     <span class='ocr_line' id='line_1_92' title="bbox 398 4547 1466 4616; baseline 0 -13"><span class='ocrx_word' id='word_1_753' title='bbox 398 4548 445 4581; x_wconf 87' lang='grc'><strong>³¹</strong></span> <span class='ocrx_word' id='word_1_754' title='bbox 479 4549 542 4603; x_wconf 88' lang='grc' dir='ltr'><strong>ΙΙΙ</strong></span> <span class='ocrx_word' id='word_1_755' title='bbox 574 4547 731 4604; x_wconf 84' lang='lat' dir='ltr'><strong>Esdr.</strong></span> <span class='ocrx_word' id='word_1_756' title='bbox 768 4565 840 4612; x_wconf 86' lang='lat' dir='ltr'><strong>tv,</strong></span> <span class='ocrx_word' id='word_1_757' title='bbox 865 4549 954 4603; x_wconf 82' lang='grc'><strong>40.</strong></span> <span class='ocrx_word' id='word_1_758' title='bbox 1031 4549 1076 4580; x_wconf 79' lang='grc'><em>³³</em></span> <span class='ocrx_word' id='word_1_759' title='bbox 1109 4549 1208 4603; x_wconf 86' lang='lat' dir='ltr'><strong>lsa.</strong></span> <span class='ocrx_word' id='word_1_760' title='bbox 1239 4566 1383 4616; x_wconf 82' lang='lat' dir='ltr'><strong>vat,</strong></span> <span class='ocrx_word' id='word_1_761' title='bbox 1417 4553 1466 4604; x_wconf 80' lang='grc'><strong>1.</strong></span> 
     </span>
    </p>
   </div>
   <div class='ocr_carea' id='block_1_93' title="bbox 477 4674 1979 4757">
    <p class='ocr_par' dir='ltr' id='par_1_93' title="bbox 477 4685 1979 4757">
     <span class='ocr_line' id='line_1_93' title="bbox 477 4685 1979 4757; baseline -0.001 -17"><span class='ocrx_word' id='word_1_762' title='bbox 477 4686 591 4757; x_wconf 86' lang='grc'>(45)</span> <span class='ocrx_word' id='word_1_763' title='bbox 636 4686 778 4740; x_wconf 88' lang='lat' dir='ltr'><strong>Editi</strong></span> <span class='ocrx_word' id='word_1_764' title='bbox 817 4695 869 4738; x_wconf 88' lang='lat' dir='ltr'><strong>et</strong></span> <span class='ocrx_word' id='word_1_765' title='bbox 906 4699 1042 4757; x_wconf 78' lang='lat' dir='ltr'><strong>russ.</strong></span> <span class='ocrx_word' id='word_1_766' title='bbox 1081 4687 1346 4750; x_wconf 89' lang='lat' dir='ltr'><strong>nonnulli,</strong></span> <span class='ocrx_word' id='word_1_767' title='bbox 1383 4685 1522 4740; x_wconf 80' lang='grc' dir='ltr'>Ούτε</span> <span class='ocrx_word' id='word_1_768' title='bbox 1568 4687 1676 4755; x_wconf 76' lang='grc' dir='ltr'>γὰρ</span> <span class='ocrx_word' id='word_1_769' title='bbox 1713 4686 1979 4756; x_wconf 71' lang='grc' dir='ltr'>ἰσοτιμίαν</span> 
     </span>
    </p>
   </div>
   <div class='ocr_carea' id='block_1_94' title="bbox 2090 4674 2684 4757">
    <p class='ocr_par' dir='ltr' id='par_1_94' title="bbox 2092 4686 2684 4745">
     <span class='ocr_line' id='line_1_94' title="bbox 2092 4686 2684 4745; baseline 0.003 -7"><span class='ocrx_word' id='word_1_770' title='bbox 2092 4686 2342 4745; x_wconf 71' lang='lat' dir='ltr'><strong>ambigue</strong></span> <span class='ocrx_word' id='word_1_771' title='bbox 2370 4697 2417 4740; x_wconf 84' lang='lat' dir='ltr'><strong>et</strong></span> <span class='ocrx_word' id='word_1_772' title='bbox 2448 4687 2684 4741; x_wconf 84' lang='lat' dir='ltr'><strong>obscure.</strong></span> 
     </span>
    </p>
   </div>
   <div class='ocr_carea' id='block_1_95' title="bbox 401 4756 1989 4826">
    <p class='ocr_par' dir='ltr' id='par_1_95' title="bbox 401 4756 1989 4826">
     <span class='ocr_line' id='line_1_95' title="bbox 401 4756 1989 4826; baseline 0.003 -23"><span class='ocrx_word' id='word_1_773' title='bbox 401 4756 685 4824; x_wconf 77' lang='grc' dir='ltr'>ἀγγέλους,</span> <span class='ocrx_word' id='word_1_774' title='bbox 717 4757 876 4809; x_wconf 87' lang='lat' dir='ltr'><strong>male.</strong></span> <span class='ocrx_word' id='word_1_775' title='bbox 904 4756 1041 4826; x_wconf 73' lang='lat' dir='ltr'><strong>Reg.</strong></span> <span class='ocrx_word' id='word_1_776' title='bbox 1077 4761 1369 4820; x_wconf 76' lang='lat' dir='ltr'><strong>secundus,</strong></span> <span class='ocrx_word' id='word_1_777' title='bbox 1392 4757 1528 4810; x_wconf 74' lang='grc' dir='ltr'>Οὔτε</span> <span class='ocrx_word' id='word_1_778' title='bbox 1569 4758 1678 4825; x_wconf 82' lang='grc' dir='ltr'>γὰρ</span> <span class='ocrx_word' id='word_1_779' title='bbox 1719 4757 1989 4826; x_wconf 85' lang='grc' dir='ltr'>ἰσοτιμίαν</span> 
     </span>
    </p>
   </div>
   <div class='ocr_carea' id='block_1_96' title="bbox 401 4825 1990 4898">
    <p class='ocr_par' dir='ltr' id='par_1_96' title="bbox 401 4825 1990 4898">
     <span class='ocr_line' id='line_1_96' title="bbox 401 4825 1990 4898; baseline 0.001 -21"><span class='ocrx_word' id='word_1_780' title='bbox 401 4827 672 4893; x_wconf 78' lang='grc' dir='ltr'>ἀγγέλοις,</span> <span class='ocrx_word' id='word_1_781' title='bbox 708 4843 814 4898; x_wconf 78' lang='lat' dir='ltr'><strong>non</strong></span> <span class='ocrx_word' id='word_1_782' title='bbox 849 4825 1059 4898; x_wconf 85' lang='lat' dir='ltr'><strong>melius.</strong></span> <span class='ocrx_word' id='word_1_783' title='bbox 1092 4827 1272 4880; x_wconf 82' lang='lat' dir='ltr'><strong>Codex</strong></span> <span class='ocrx_word' id='word_1_784' title='bbox 1303 4826 1612 4882; x_wconf 77' lang='lat' dir='ltr'><strong>Colb.0i&#39;n:a</strong></span> <span class='ocrx_word' id='word_1_785' title='bbox 1632 4827 1741 4898; x_wconf 78' lang='grc' dir='ltr'><strong>γὰρ</strong></span> <span class='ocrx_word' id='word_1_786' title='bbox 1765 4825 1990 4890; x_wconf 81' lang='grc' dir='ltr'>εἰςίσο-</span> 
     </span>
    </p>
   </div>
   <div class='ocr_carea' id='block_1_97' title="bbox 402 4895 1099 4964">
    <p class='ocr_par' dir='ltr' id='par_1_97' title="bbox 402 4895 1099 4964">
     <span class='ocr_line' id='line_1_97' title="bbox 402 4895 1099 4964; baseline 0 -16"><span class='ocrx_word' id='word_1_787' title='bbox 402 4898 588 4964; x_wconf 82' lang='grc' dir='ltr'>τιμίαν</span> <span class='ocrx_word' id='word_1_788' title='bbox 623 4896 908 4964; x_wconf 79' lang='grc' dir='ltr'>ἀγγέλους,</span> <span class='ocrx_word' id='word_1_789' title='bbox 943 4895 1099 4948; x_wconf 78' lang='lat' dir='ltr'><strong>bene.</strong></span> 
     </span>
    </p>
   </div>
   <div class='ocr_carea' id='block_1_98' title="bbox 477 4965 1989 5032">
    <p class='ocr_par' dir='ltr' id='par_1_98' title="bbox 477 4965 1989 5032">
     <span class='ocr_line' id='line_1_98' title="bbox 477 4965 1989 5032; baseline 0 -14"><span class='ocrx_word' id='word_1_790' title='bbox 477 4967 586 5032; x_wconf 73' lang='grc'>(46)</span> <span class='ocrx_word' id='word_1_791' title='bbox 614 4968 792 5019; x_wconf 75' lang='lat' dir='ltr'><strong>Codex</strong></span> <span class='ocrx_word' id='word_1_792' title='bbox 820 4982 956 5017; x_wconf 79' lang='lat' dir='ltr'><strong>unus</strong></span> <span class='ocrx_word' id='word_1_793' title='bbox 987 4965 1113 5018; x_wconf 75' lang='grc' dir='ltr'>οὔτε</span> <span class='ocrx_word' id='word_1_794' title='bbox 1147 4965 1303 5022; x_wconf 88' lang='grc' dir='ltr'>Θεοῦ.</span> <span class='ocrx_word' id='word_1_795' title='bbox 1333 4967 1438 5020; x_wconf 82' lang='lat' dir='ltr'><strong>Alii</strong></span> <span class='ocrx_word' id='word_1_796' title='bbox 1467 4983 1598 5022; x_wconf 82' lang='lat' dir='ltr'><strong>mss.</strong></span> <span class='ocrx_word' id='word_1_797' title='bbox 1625 4977 1680 5022; x_wconf 92' lang='lat' dir='ltr'><strong>et</strong></span> <span class='ocrx_word' id='word_1_798' title='bbox 1705 4967 1834 5020; x_wconf 80' lang='lat' dir='ltr'><strong>editi</strong></span> <span class='ocrx_word' id='word_1_799' title='bbox 1864 4966 1989 5019; x_wconf 75' lang='grc' dir='ltr'>οὔτε</span> 
     </span>
    </p>
   </div>
   <div class='ocr_carea' id='block_1_99' title="bbox 405 5033 1986 5105">
    <p class='ocr_par' dir='ltr' id='par_1_99' title="bbox 405 5033 1986 5105">
     <span class='ocr_line' id='line_1_99' title="bbox 405 5033 1986 5105; baseline 0.003 -19"><span class='ocrx_word' id='word_1_800' title='bbox 405 5033 542 5105; x_wconf 86' lang='grc' dir='ltr'>Θεῷ.</span> <span class='ocrx_word' id='word_1_801' title='bbox 569 5037 762 5105; x_wconf 84' lang='lat' dir='ltr'><strong>Malim</strong></span> <span class='ocrx_word' id='word_1_802' title='bbox 792 5037 850 5088; x_wconf 81' lang='grc' dir='ltr'><strong>ἐν</strong></span> <span class='ocrx_word' id='word_1_803' title='bbox 885 5035 1026 5102; x_wconf 87' lang='grc' dir='ltr'>Θεῷ,</span> <span class='ocrx_word' id='word_1_804' title='bbox 1062 5039 1142 5089; x_wconf 86' lang='lat' dir='ltr'><strong>vel</strong></span> <span class='ocrx_word' id='word_1_805' title='bbox 1170 5039 1324 5090; x_wconf 87' lang='grc' dir='ltr'>Θεόν.</span> <span class='ocrx_word' id='word_1_806' title='bbox 1375 5038 1569 5090; x_wconf 86' lang='lat' dir='ltr'><strong>Statim</strong></span> <span class='ocrx_word' id='word_1_807' title='bbox 1600 5039 1731 5091; x_wconf 84' lang='lat' dir='ltr'><strong>editi</strong></span> <span class='ocrx_word' id='word_1_808' title='bbox 1776 5047 1832 5088; x_wconf 89' lang='lat' dir='ltr'><strong>et</strong></span> <span class='ocrx_word' id='word_1_809' title='bbox 1855 5054 1986 5091; x_wconf 84' lang='lat' dir='ltr'><strong>mss.</strong></span> 
     </span>
    </p>
   </div>
   <div class='ocr_carea' id='block_1_100' title="bbox 407 5104 1987 5226">
    <p class='ocr_par' dir='ltr' id='par_1_100' title="bbox 407 5104 1987 5226">
     <span class='ocr_line' id='line_1_100' title="bbox 407 5104 1987 5226; baseline 0.002 -69"><span class='ocrx_word' id='word_1_810' title='bbox 407 5106 646 5226; x_wconf 67' lang='grc' dir='ltr'>ιιοιιόιιιιιὶ</span> <span class='ocrx_word' id='word_1_811' title='bbox 699 5104 778 5176; x_wconf 85' lang='grc' dir='ltr'><strong>τῷ</strong></span> <span class='ocrx_word' id='word_1_812' title='bbox 816 5106 1092 5174; x_wconf 80' lang='grc' dir='ltr'>λέγεσθαι.</span> <span class='ocrx_word' id='word_1_813' title='bbox 1143 5106 1364 5179; x_wconf 87' lang='lat' dir='ltr'><strong>Antiqui</strong></span> <span class='ocrx_word' id='word_1_814' title='bbox 1401 5119 1510 5162; x_wconf 86' lang='lat' dir='ltr'><strong>tres</strong></span> <span class='ocrx_word' id='word_1_815' title='bbox 1536 5107 1661 5162; x_wconf 85' lang='lat' dir='ltr'><strong>libri</strong></span> <span class='ocrx_word' id='word_1_816' title='bbox 1691 5110 1748 5160; x_wconf 79' lang='grc' dir='ltr'>ἐν</span> <span class='ocrx_word' id='word_1_817' title='bbox 1791 5107 1870 5177; x_wconf 87' lang='grc' dir='ltr'><strong>τῷ</strong></span> <span class='ocrx_word' id='word_1_818' title='bbox 1898 5107 1987 5160; x_wconf 89' lang='grc' dir='ltr'>λέ-</span> 
     </span>
     <span class='ocr_line' id='line_1_101' title="bbox 407 5191 619 5226; baseline 0 0"><span class='ocrx_word' id='word_1_819' title='bbox 407 5191 506 5226; x_wconf 81' lang='grc' dir='ltr'><strong>γεσ</strong></span> <span class='ocrx_word' id='word_1_820' title='bbox 543 5193 619 5226; x_wconf 89' lang='grc' dir='ltr'>αι.</span> 
     </span>
    </p>
   </div>
   <div class='ocr_carea' id='block_1_101' title="bbox 406 5191 619 5243">
    <p class='ocr_par' dir='ltr' id='par_1_101' title="bbox 406 5191 619 5243">
     <span class='ocr_line' id='line_1_102' title="bbox 406 5191 619 5243; baseline 0.023 -17"><span class='ocrx_word' id='word_1_821' title='bbox 406 5191 619 5243; x_wconf 84' lang='grc' dir='ltr'>γεσυαι.</span> 
     </span>
    </p>
   </div>
   <div class='ocr_carea' id='block_1_102' title="bbox 479 5244 1984 5318">
    <p class='ocr_par' dir='ltr' id='par_1_102' title="bbox 479 5244 1984 5318">
     <span class='ocr_line' id='line_1_103' title="bbox 479 5244 1984 5318; baseline 0.002 -20"><span class='ocrx_word' id='word_1_822' title='bbox 479 5245 589 5315; x_wconf 79' lang='grc'>(47)</span> <span class='ocrx_word' id='word_1_823' title='bbox 625 5244 780 5307; x_wconf 89' lang='lat' dir='ltr'><strong>Illud,</strong></span> <span class='ocrx_word' id='word_1_824' title='bbox 807 5245 952 5312; x_wconf 83' lang='grc' dir='ltr'>τότε,</span> <span class='ocrx_word' id='word_1_825' title='bbox 988 5248 1062 5300; x_wconf 89' lang='lat' dir='ltr'><strong>ita</strong></span> <span class='ocrx_word' id='word_1_826' title='bbox 1103 5247 1364 5316; x_wconf 87' lang='lat' dir='ltr'><strong>scriptum</strong></span> <span class='ocrx_word' id='word_1_827' title='bbox 1399 5256 1734 5318; x_wconf 83' lang='lat' dir='ltr'><strong>oportuerat,</strong></span> <span class='ocrx_word' id='word_1_828' title='bbox 1764 5257 1821 5301; x_wconf 91' lang='lat' dir='ltr'><strong>ut</strong></span> <span class='ocrx_word' id='word_1_829' title='bbox 1869 5249 1984 5301; x_wconf 88' lang='lat' dir='ltr'><strong>vir-</strong></span> 
     </span>
    </p>
   </div>
   <div class='ocr_carea' id='block_1_103' title="bbox 408 5319 1981 5388">
    <p class='ocr_par' dir='ltr' id='par_1_103' title="bbox 408 5319 1981 5388">
     <span class='ocr_line' id='line_1_104' title="bbox 408 5319 1981 5388; baseline 0.003 -22"><span class='ocrx_word' id='word_1_830' title='bbox 408 5319 526 5388; x_wconf 69' lang='lat' dir='ltr'><strong>gula</strong></span> <span class='ocrx_word' id='word_1_831' title='bbox 558 5329 852 5382; x_wconf 85' lang='lat' dir='ltr'><strong>poneretur</strong></span> <span class='ocrx_word' id='word_1_832' title='bbox 880 5328 1002 5384; x_wconf 89' lang='lat' dir='ltr'><strong>post</strong></span> <span class='ocrx_word' id='word_1_833' title='bbox 1033 5319 1259 5388; x_wconf 86' lang='lat' dir='ltr'><strong>primam</strong></span> <span class='ocrx_word' id='word_1_834' title='bbox 1287 5319 1568 5388; x_wconf 86' lang='lat' dir='ltr'><strong>syllabam.</strong></span> <span class='ocrx_word' id='word_1_835' title='bbox 1597 5321 1805 5373; x_wconf 74' lang='lat' dir='ltr'><strong>Etenim</strong></span> <span class='ocrx_word' id='word_1_836' title='bbox 1829 5319 1981 5382; x_wconf 89' lang='lat' dir='ltr'><strong>illud,</strong></span> 
     </span>
    </p>
   </div>
   <div class='ocr_carea' id='block_1_104' title="bbox 405 5387 1984 5456">
    <p class='ocr_par' dir='ltr' id='par_1_104' title="bbox 405 5387 1984 5456">
     <span class='ocr_line' id='line_1_105' title="bbox 405 5387 1984 5456; baseline 0.003 -18"><span class='ocrx_word' id='word_1_837' title='bbox 405 5387 467 5438; x_wconf 86' lang='grc' dir='ltr'><strong>τό</strong></span> <span class='ocrx_word' id='word_1_838' title='bbox 495 5405 554 5440; x_wconf 89' lang='grc' dir='ltr'><strong>τε</strong></span> <span class='ocrx_word' id='word_1_839' title='bbox 583 5388 646 5439; x_wconf 83' lang='lat' dir='ltr'><strong>ad</strong></span> <span class='ocrx_word' id='word_1_840' title='bbox 694 5387 822 5440; x_wconf 90' lang='lat' dir='ltr'><strong>illud</strong></span> <span class='ocrx_word' id='word_1_841' title='bbox 855 5390 948 5441; x_wconf 74' lang='grc' dir='ltr'><strong>καὶ</strong></span> <span class='ocrx_word' id='word_1_842' title='bbox 981 5388 1044 5440; x_wconf 84' lang='grc' dir='ltr'><strong>τό</strong></span> <span class='ocrx_word' id='word_1_843' title='bbox 1090 5387 1276 5442; x_wconf 80' lang='lat' dir='ltr'><strong>referri</strong></span> <span class='ocrx_word' id='word_1_844' title='bbox 1310 5387 1506 5442; x_wconf 82' lang='lat' dir='ltr'><strong>debere</strong></span> <span class='ocrx_word' id='word_1_845' title='bbox 1536 5401 1745 5442; x_wconf 81' lang='lat' dir='ltr'><strong>constat</strong></span> <span class='ocrx_word' id='word_1_846' title='bbox 1787 5408 1799 5442; x_wconf 91' lang='lat'><strong>:</strong></span> <span class='ocrx_word' id='word_1_847' title='bbox 1843 5392 1984 5456; x_wconf 88' lang='lat' dir='ltr'><strong>quod</strong></span> 
     </span>
    </p>
   </div>
   <div class='ocr_carea' id='block_1_105' title="bbox 408 5459 1985 5576">
    <p class='ocr_par' dir='ltr' id='par_1_105' title="bbox 408 5459 1985 5576">
     <span class='ocr_line' id='line_1_106' title="bbox 408 5459 1985 5576; baseline 0.002 -67"><span class='ocrx_word' id='word_1_848' title='bbox 408 5473 528 5576; x_wconf 61' lang='grc' dir='ltr'>(μοι</span> <span class='ocrx_word' id='word_1_849' title='bbox 563 5462 828 5539; x_wconf 77' lang='lat' dir='ltr'><strong>interpres</strong></span> <span class='ocrx_word' id='word_1_850' title='bbox 860 5475 968 5514; x_wconf 90' lang='lat' dir='ltr'><strong>non</strong></span> <span class='ocrx_word' id='word_1_851' title='bbox 1000 5462 1328 5522; x_wconf 84' lang='lat' dir='ltr'><strong>attenderet,</strong></span> <span class='ocrx_word' id='word_1_852' title='bbox 1358 5460 1576 5515; x_wconf 88' lang='lat' dir='ltr'><strong>incaute</strong></span> <span class='ocrx_word' id='word_1_853' title='bbox 1603 5461 1805 5515; x_wconf 86' lang='lat' dir='ltr'><strong>vertit:</strong></span> <span class='ocrx_word' id='word_1_854' title='bbox 1839 5459 1985 5512; x_wconf 88' lang='lat' dir='ltr'><strong>Tunc</strong></span> 
     </span>
     <span class='ocr_line' id='line_1_107' title="bbox 408 5538 624 5576; baseline 0 0"><span class='ocrx_word' id='word_1_855' title='bbox 408 5544 438 5576; x_wconf 78' lang='grc' dir='ltr'><strong><em>υ</em></strong></span> <span class='ocrx_word' id='word_1_856' title='bbox 465 5538 624 5576; x_wconf 82' lang='lat' dir='ltr'><strong>ttcutt-</strong></span> 
     </span>
    </p>
   </div>
   <div class='ocr_carea' id='block_1_106' title="bbox 407 5538 624 5595">
    <p class='ocr_par' dir='ltr' id='par_1_106' title="bbox 407 5538 624 5595">
     <span class='ocr_line' id='line_1_108' title="bbox 407 5538 624 5595; baseline 0.023 -19"><span class='ocrx_word' id='word_1_857' title='bbox 407 5538 624 5595; x_wconf 74' lang='lat' dir='ltr'><strong>placuit.</strong></span> 
     </span>
    </p>
   </div>
   <div class='ocr_carea' id='block_1_107' title="bbox 479 5598 1985 5672">
    <p class='ocr_par' dir='ltr' id='par_1_107' title="bbox 479 5598 1985 5672">
     <span class='ocr_line' id='line_1_109' title="bbox 479 5598 1985 5672; baseline 0.001 -20"><span class='ocrx_word' id='word_1_858' title='bbox 479 5599 590 5668; x_wconf 70' lang='grc'>(48)</span> <span class='ocrx_word' id='word_1_859' title='bbox 623 5599 974 5672; x_wconf 10' lang='grc' dir='ltr'>Ειιίῑῖεῑῄόυο</span> <span class='ocrx_word' id='word_1_860' title='bbox 1005 5615 1134 5654; x_wconf 87' lang='lat' dir='ltr'><strong>mss.</strong></span> <span class='ocrx_word' id='word_1_861' title='bbox 1165 5599 1325 5653; x_wconf 83' lang='grc' dir='ltr'>δώσει</span> <span class='ocrx_word' id='word_1_862' title='bbox 1351 5598 1576 5672; x_wconf 82' lang='grc' dir='ltr'>Κύριος,</span> <span class='ocrx_word' id='word_1_863' title='bbox 1623 5599 1985 5672; x_wconf 13' lang='grc' dir='ltr'><strong>ιίανὸίιροῃιὶ-</strong></span> 
     </span>
    </p>
   </div>
   <div class='ocr_carea' id='block_1_108' title="bbox 411 5668 1984 5741">
    <p class='ocr_par' dir='ltr' id='par_1_108' title="bbox 411 5668 1984 5741">
     <span class='ocr_line' id='line_1_110' title="bbox 411 5668 1984 5741; baseline 0.003 -24"><span class='ocrx_word' id='word_1_864' title='bbox 411 5685 526 5741; x_wconf 78' lang='lat' dir='ltr'><strong>nus.</strong></span> <span class='ocrx_word' id='word_1_865' title='bbox 555 5671 736 5723; x_wconf 70' lang='lat' dir='ltr'><strong>(Jodex</strong></span> <span class='ocrx_word' id='word_1_866' title='bbox 767 5670 919 5724; x_wconf 87' lang='lat' dir='ltr'><strong>Colb.</strong></span> <span class='ocrx_word' id='word_1_867' title='bbox 953 5680 1008 5724; x_wconf 87' lang='lat' dir='ltr'><strong>et</strong></span> <span class='ocrx_word' id='word_1_868' title='bbox 1031 5672 1121 5724; x_wconf 88' lang='lat' dir='ltr'><strong>alii</strong></span> <span class='ocrx_word' id='word_1_869' title='bbox 1157 5672 1265 5724; x_wconf 89' lang='lat' dir='ltr'><strong>duo</strong></span> <span class='ocrx_word' id='word_1_870' title='bbox 1290 5668 1621 5741; x_wconf 47' lang='grc' dir='ltr'>Ιίεεζίἱίδὼῃ,</span> <span class='ocrx_word' id='word_1_871' title='bbox 1662 5671 1746 5723; x_wconf 90' lang='lat' dir='ltr'><strong>det</strong></span> <span class='ocrx_word' id='word_1_872' title='bbox 1772 5669 1851 5722; x_wconf 85' lang='lat' dir='ltr'><strong>illi</strong></span> <span class='ocrx_word' id='word_1_873' title='bbox 1875 5668 1984 5722; x_wconf 87' lang='lat' dir='ltr'><strong>Do—</strong></span> 
     </span>
    </p>
   </div>
   <div class='ocr_carea' id='block_1_109' title="bbox 410 5739 1684 5807">
    <p class='ocr_par' dir='ltr' id='par_1_109' title="bbox 410 5739 1684 5807">
     <span class='ocr_line' id='line_1_111' title="bbox 410 5739 1684 5807; baseline 0.003 -19"><span class='ocrx_word' id='word_1_874' title='bbox 410 5739 608 5801; x_wconf 76' lang='lat' dir='ltr'><strong>minus;</strong></span> <span class='ocrx_word' id='word_1_875' title='bbox 657 5755 754 5793; x_wconf 90' lang='lat' dir='ltr'><strong>nec</strong></span> <span class='ocrx_word' id='word_1_876' title='bbox 801 5741 962 5795; x_wconf 86' lang='lat' dir='ltr'><strong>aliter</strong></span> <span class='ocrx_word' id='word_1_877' title='bbox 1012 5742 1246 5805; x_wconf 70' lang='lat' dir='ltr'><strong>inltextu</strong></span> <span class='ocrx_word' id='word_1_878' title='bbox 1273 5756 1431 5795; x_wconf 88' lang='lat' dir='ltr'><strong>sacro</strong></span> <span class='ocrx_word' id='word_1_879' title='bbox 1469 5739 1684 5807; x_wconf 72' lang='lat' dir='ltr'><strong>legitur.</strong></span> 
     </span>
    </p>
   </div>
   <div class='ocr_carea' id='block_1_110' title="bbox 484 5809 1982 5882">
    <p class='ocr_par' dir='ltr' id='par_1_110' title="bbox 484 5809 1982 5882">
     <span class='ocr_line' id='line_1_112' title="bbox 484 5809 1982 5882; baseline 0.001 -20"><span class='ocrx_word' id='word_1_880' title='bbox 484 5809 592 5880; x_wconf 70' lang='grc'>(49)</span> <span class='ocrx_word' id='word_1_881' title='bbox 636 5809 802 5867; x_wconf 73' lang='lat' dir='ltr'><strong>Vetus</strong></span> <span class='ocrx_word' id='word_1_882' title='bbox 829 5812 966 5869; x_wconf 86' lang='lat' dir='ltr'><strong>liber</strong></span> <span class='ocrx_word' id='word_1_883' title='bbox 994 5811 1146 5868; x_wconf 88' lang='lat' dir='ltr'><strong>Colb.</strong></span> <span class='ocrx_word' id='word_1_884' title='bbox 1180 5810 1416 5882; x_wconf 83' lang='grc' dir='ltr'>μετρίως</span> <span class='ocrx_word' id='word_1_885' title='bbox 1449 5810 1543 5865; x_wconf 71' lang='grc' dir='ltr'><strong>καὶ</strong></span> <span class='ocrx_word' id='word_1_886' title='bbox 1570 5809 1795 5880; x_wconf 84' lang='grc' dir='ltr'>ἀσαφῶς</span> <span class='ocrx_word' id='word_1_887' title='bbox 1816 5852 1830 5879; x_wconf 92' lang='grc'><strong>,</strong></span> <span class='ocrx_word' id='word_1_888' title='bbox 1860 5827 1982 5865; x_wconf 89' lang='lat' dir='ltr'><strong>num</strong></span> 
     </span>
    </p>
   </div>
   <div class='ocr_carea' id='block_1_111' title="bbox 2172 4745 3668 4828">
    <p class='ocr_par' dir='ltr' id='par_1_111' title="bbox 2172 4745 3668 4828">
     <span class='ocr_line' id='line_1_113' title="bbox 2172 4745 3668 4828; baseline -0.005 -18"><span class='ocrx_word' id='word_1_889' title='bbox 2172 4757 2284 4828; x_wconf 74' lang='grc'>(50)</span> <span class='ocrx_word' id='word_1_890' title='bbox 2320 4758 2460 4828; x_wconf 80' lang='lat' dir='ltr'><strong>E_diti</strong></span> <span class='ocrx_word' id='word_1_891' title='bbox 2487 4759 2535 4808; x_wconf 84' lang='grc' dir='ltr'><strong>εἰ</strong></span> <span class='ocrx_word' id='word_1_892' title='bbox 2566 4757 2639 4828; x_wconf 84' lang='grc' dir='ltr'>μὴ</span> <span class='ocrx_word' id='word_1_893' title='bbox 2673 4759 2757 4810; x_wconf 83' lang='grc' dir='ltr'><strong>ὲκ.</strong></span> <span class='ocrx_word' id='word_1_894' title='bbox 2789 4755 3012 4826; x_wconf 87' lang='lat' dir='ltr'><strong>Antiqui</strong></span> <span class='ocrx_word' id='word_1_895' title='bbox 3047 4767 3155 4811; x_wconf 89' lang='lat' dir='ltr'><strong>tres</strong></span> <span class='ocrx_word' id='word_1_896' title='bbox 3184 4755 3305 4809; x_wconf 91' lang='lat' dir='ltr'><strong>libri</strong></span> <span class='ocrx_word' id='word_1_897' title='bbox 3340 4753 3390 4828; x_wconf 83' lang='grc' dir='ltr'><strong>εἰ</strong></span> <span class='ocrx_word' id='word_1_898' title='bbox 3421 4751 3555 4828; x_wconf 35' lang='grc' dir='ltr'><strong>μὴ’-ἡ</strong></span> <span class='ocrx_word' id='word_1_899' title='bbox 3584 4745 3668 4828; x_wconf 45' lang='grc' dir='ltr'><strong>ἐκ,</strong></span> 
     </span>
    </p>
   </div>
   <div class='ocr_carea' id='block_1_112' title="bbox 2170 4822 3670 4894">
    <p class='ocr_par' dir='ltr' id='par_1_112' title="bbox 2170 4822 3670 4894">
     <span class='ocr_line' id='line_1_114' title="bbox 2170 4822 3670 4894; baseline -0.003 -16"><span class='ocrx_word' id='word_1_900' title='bbox 2170 4822 2284 4894; x_wconf 80' lang='grc'>(51)</span> <span class='ocrx_word' id='word_1_901' title='bbox 2338 4826 2477 4878; x_wconf 84' lang='lat' dir='ltr'><strong>Editi</strong></span> <span class='ocrx_word' id='word_1_902' title='bbox 2510 4822 2578 4879; x_wconf 62' lang='lat' dir='ltr'><strong>et&#39;</strong></span> <span class='ocrx_word' id='word_1_903' title='bbox 2613 4822 2718 4880; x_wconf 83' lang='lat' dir='ltr'><strong>duo</strong></span> <span class='ocrx_word' id='word_1_904' title='bbox 2772 4843 2904 4880; x_wconf 88' lang='lat' dir='ltr'><strong>mss.</strong></span> <span class='ocrx_word' id='word_1_905' title='bbox 2936 4822 3040 4880; x_wconf 82' lang='lat' dir='ltr'><strong>non</strong></span> <span class='ocrx_word' id='word_1_906' title='bbox 3075 4828 3228 4880; x_wconf 83' lang='lat' dir='ltr'><strong>valde</strong></span> <span class='ocrx_word' id='word_1_907' title='bbox 3264 4822 3489 4891; x_wconf 87' lang='lat' dir='ltr'><strong>antiqui</strong></span> <span class='ocrx_word' id='word_1_908' title='bbox 3512 4822 3670 4894; x_wconf 83' lang='grc' dir='ltr'>ἱκανά</span> 
     </span>
    </p>
   </div>
   <div class='ocr_carea' id='block_1_113' title="bbox 2095 4893 3668 4964">
    <p class='ocr_par' dir='ltr' id='par_1_113' title="bbox 2095 4893 3668 4964">
     <span class='ocr_line' id='line_1_115' title="bbox 2095 4893 3668 4964; baseline -0.004 -14"><span class='ocrx_word' id='word_1_909' title='bbox 2095 4893 2212 4950; x_wconf 82' lang='grc' dir='ltr'>καί.</span> <span class='ocrx_word' id='word_1_910' title='bbox 2241 4901 2310 4950; x_wconf 88' lang='lat' dir='ltr'><strong>At</strong></span> <span class='ocrx_word' id='word_1_911' title='bbox 2337 4898 2484 4964; x_wconf 72' lang='lat' dir='ltr'><strong>Regii</strong></span> <span class='ocrx_word' id='word_1_912' title='bbox 2510 4900 2797 4960; x_wconf 84' lang='lat' dir='ltr'><strong>secundus,</strong></span> <span class='ocrx_word' id='word_1_913' title='bbox 2829 4899 3020 4952; x_wconf 87' lang='lat' dir='ltr'><strong>tertius</strong></span> <span class='ocrx_word' id='word_1_914' title='bbox 3047 4907 3102 4950; x_wconf 91' lang='lat' dir='ltr'><strong>et</strong></span> <span class='ocrx_word' id='word_1_915' title='bbox 3141 4906 3327 4950; x_wconf 81' lang='lat' dir='ltr'><strong>sextus</strong></span> <span class='ocrx_word' id='word_1_916' title='bbox 3363 4911 3484 4947; x_wconf 90' lang='lat' dir='ltr'><strong>cum</strong></span> <span class='ocrx_word' id='word_1_917' title='bbox 3517 4893 3668 4947; x_wconf 87' lang='lat' dir='ltr'><strong>Colb.</strong></span> 
     </span>
    </p>
   </div>
   <div class='ocr_carea' id='block_1_114' title="bbox 2101 4965 3670 5036">
    <p class='ocr_par' dir='ltr' id='par_1_114' title="bbox 2101 4965 3670 5036">
     <span class='ocr_line' id='line_1_116' title="bbox 2101 4965 3670 5036; baseline -0.004 -18"><span class='ocrx_word' id='word_1_918' title='bbox 2101 4969 2276 5020; x_wconf 84' lang='grc' dir='ltr'>ἰκανεί</span> <span class='ocrx_word' id='word_1_919' title='bbox 2304 4966 2416 5020; x_wconf 87' lang='grc' dir='ltr'>καί.</span> <span class='ocrx_word' id='word_1_920' title='bbox 2445 4967 2702 5036; x_wconf 82' lang='lat' dir='ltr'><strong>Suspicor</strong></span> <span class='ocrx_word' id='word_1_921' title='bbox 2724 4978 2902 5019; x_wconf 86' lang='lat' dir='ltr'><strong>autem</strong></span> <span class='ocrx_word' id='word_1_922' title='bbox 2938 4969 3007 5019; x_wconf 89' lang='lat' dir='ltr'><strong>ita</strong></span> <span class='ocrx_word' id='word_1_923' title='bbox 3059 4978 3334 5019; x_wconf 78' lang='lat' dir='ltr'><strong>auctorem</strong></span> <span class='ocrx_word' id='word_1_924' title='bbox 3367 4965 3670 5030; x_wconf 75' lang='lat' dir='ltr'><strong>scripsisse,</strong></span> 
     </span>
    </p>
   </div>
   <div class='ocr_carea' id='block_1_115' title="bbox 2098 5037 3670 5105">
    <p class='ocr_par' dir='ltr' id='par_1_115' title="bbox 2098 5037 3670 5105">
     <span class='ocr_line' id='line_1_117' title="bbox 2098 5037 3670 5105; baseline -0.003 -17"><span class='ocrx_word' id='word_1_925' title='bbox 2098 5055 2219 5089; x_wconf 81' lang='lat' dir='ltr'><strong>cum</strong></span> <span class='ocrx_word' id='word_1_926' title='bbox 2263 5040 2333 5090; x_wconf 89' lang='lat' dir='ltr'><strong>ita</strong></span> <span class='ocrx_word' id='word_1_927' title='bbox 2371 5038 2580 5103; x_wconf 74' lang='lat' dir='ltr'><strong>legatur</strong></span> <span class='ocrx_word' id='word_1_928' title='bbox 2615 5039 2665 5090; x_wconf 93' lang='lat' dir='ltr'><strong>in</strong></span> <span class='ocrx_word' id='word_1_929' title='bbox 2704 5053 2834 5090; x_wconf 85' lang='lat' dir='ltr'><strong>tnss.</strong></span> <span class='ocrx_word' id='word_1_930' title='bbox 2869 5039 3269 5105; x_wconf 86' lang='lat' dir='ltr'><strong>antiquioribus</strong></span> <span class='ocrx_word' id='word_1_931' title='bbox 3309 5053 3319 5087; x_wconf 96' lang='lat'><strong>:</strong></span> <span class='ocrx_word' id='word_1_932' title='bbox 3366 5037 3458 5087; x_wconf 88' lang='lat' dir='ltr'><strong>sed</strong></span> <span class='ocrx_word' id='word_1_933' title='bbox 3489 5049 3670 5085; x_wconf 80' lang='lat' dir='ltr'><strong>vocem</strong></span> 
     </span>
    </p>
   </div>
   <div class='ocr_carea' id='block_1_116' title="bbox 2098 5105 3670 5177">
    <p class='ocr_par' dir='ltr' id='par_1_116' title="bbox 2098 5105 3670 5177">
     <span class='ocr_line' id='line_1_118' title="bbox 2098 5105 3670 5177; baseline -0.004 -17"><span class='ocrx_word' id='word_1_934' title='bbox 2098 5109 2295 5169; x_wconf 83' lang='grc' dir='ltr'>ἱκανεῖ,</span> <span class='ocrx_word' id='word_1_935' title='bbox 2329 5108 2585 5177; x_wconf 85' lang='lat' dir='ltr'><strong>quoniam</strong></span> <span class='ocrx_word' id='word_1_936' title='bbox 2639 5107 2879 5161; x_wconf 86' lang='lat' dir='ltr'><strong>insolens</strong></span> <span class='ocrx_word' id='word_1_937' title='bbox 2911 5119 3028 5161; x_wconf 84' lang='lat' dir='ltr'><strong>erat</strong></span> <span class='ocrx_word' id='word_1_938' title='bbox 3054 5119 3108 5162; x_wconf 88' lang='lat' dir='ltr'><strong>et</strong></span> <span class='ocrx_word' id='word_1_939' title='bbox 3142 5107 3377 5169; x_wconf 85' lang='lat' dir='ltr'><strong>insolita,</strong></span> <span class='ocrx_word' id='word_1_940' title='bbox 3411 5105 3613 5158; x_wconf 88' lang='lat' dir='ltr'><strong>idcirco</strong></span> <span class='ocrx_word' id='word_1_941' title='bbox 3641 5116 3670 5154; x_wconf 90' lang='lat' dir='ltr'><strong>a</strong></span> 
     </span>
    </p>
   </div>
   <div class='ocr_carea' id='block_1_117' title="bbox 2095 5177 2793 5231">
    <p class='ocr_par' dir='ltr' id='par_1_117' title="bbox 2095 5177 2793 5231">
     <span class='ocr_line' id='line_1_119' title="bbox 2095 5177 2793 5231; baseline 0.001 -1"><span class='ocrx_word' id='word_1_942' title='bbox 2095 5177 2336 5231; x_wconf 86' lang='lat' dir='ltr'><strong>librariis</strong></span> <span class='ocrx_word' id='word_1_943' title='bbox 2367 5187 2624 5229; x_wconf 82' lang='lat' dir='ltr'><strong>mutatam</strong></span> <span class='ocrx_word' id='word_1_944' title='bbox 2652 5192 2793 5231; x_wconf 87' lang='lat' dir='ltr'><strong>esse.</strong></span> 
     </span>
    </p>
   </div>
   <div class='ocr_carea' id='block_1_118' title="bbox 2167 5242 3668 5321">
    <p class='ocr_par' dir='ltr' id='par_1_118' title="bbox 2167 5242 3668 5321">
     <span class='ocr_line' id='line_1_120' title="bbox 2167 5242 3668 5321; baseline -0.007 -18"><span class='ocrx_word' id='word_1_945' title='bbox 2167 5248 2280 5321; x_wconf 69' lang='lat'><strong>(5&#39;2)</strong></span> <span class='ocrx_word' id='word_1_946' title='bbox 2334 5247 2486 5321; x_wconf 74' lang='lat' dir='ltr'><strong>Editi</strong></span> <span class='ocrx_word' id='word_1_947' title='bbox 2515 5247 3056 5321; x_wconf 73' lang='grc' dir='ltr'>καθαπερεὶθρόνῳ.</span> <span class='ocrx_word' id='word_1_948' title='bbox 3109 5245 3486 5321; x_wconf 77' lang='lat' dir='ltr'><strong>Antiqui_duo</strong></span> <span class='ocrx_word' id='word_1_949' title='bbox 3529 5242 3668 5321; x_wconf 64' lang='lat' dir='ltr'><strong>_libri</strong></span> 
     </span>
    </p>
   </div>
   <div class='ocr_carea' id='block_1_119' title="bbox 2093 5311 3668 5388">
    <p class='ocr_par' dir='ltr' id='par_1_119' title="bbox 2093 5311 3668 5388">
     <span class='ocr_line' id='line_1_121' title="bbox 2093 5311 3668 5388; baseline -0.004 -17"><span class='ocrx_word' id='word_1_950' title='bbox 2093 5311 2348 5387; x_wconf 82' lang='grc' dir='ltr'>καθάπερ</span> <span class='ocrx_word' id='word_1_951' title='bbox 2374 5319 2432 5369; x_wconf 86' lang='grc' dir='ltr'>ὲν</span> <span class='ocrx_word' id='word_1_952' title='bbox 2466 5316 2662 5388; x_wconf 80' lang='grc' dir='ltr'>θρόνῳ.</span> <span class='ocrx_word' id='word_1_953' title='bbox 2715 5311 2908 5372; x_wconf 76' lang='lat' dir='ltr'><strong>Statim</strong></span> <span class='ocrx_word' id='word_1_954' title='bbox 2944 5311 3070 5373; x_wconf 72' lang='lat' dir='ltr'><strong>mss.</strong></span> <span class='ocrx_word' id='word_1_955' title='bbox 3113 5329 3222 5372; x_wconf 89' lang='lat' dir='ltr'><strong>tres</strong></span> <span class='ocrx_word' id='word_1_956' title='bbox 3258 5311 3449 5370; x_wconf 71' lang='grc' dir='ltr'>’ποδῶν</span> <span class='ocrx_word' id='word_1_957' title='bbox 3482 5311 3668 5388; x_wconf 68' lang='grc' dir='ltr'>αὐτρῦ.</span> 
     </span>
    </p>
   </div>
   <div class='ocr_carea' id='block_1_120' title="bbox 2091 5383 3666 5510">
    <p class='ocr_par' dir='ltr' id='par_1_120' title="bbox 2091 5383 3666 5510">
     <span class='ocr_line' id='line_1_122' title="bbox 2091 5383 3666 5510; baseline -0.002 -69"><span class='ocrx_word' id='word_1_958' title='bbox 2091 5388 2212 5510; x_wconf 47' lang='grc' dir='ltr'><strong>ξω(</strong></span> <span class='ocrx_word' id='word_1_959' title='bbox 2247 5383 2413 5510; x_wconf 36' lang='lat' dir='ltr'><strong>aui-105</strong></span> <span class='ocrx_word' id='word_1_960' title='bbox 2449 5383 2513 5441; x_wconf 34' lang='lat' dir='ltr'><strong>in.</strong></span> <span class='ocrx_word' id='word_1_961' title='bbox 2547 5383 2709 5443; x_wconf 82' lang='lat' dir='ltr'><strong>editis</strong></span> <span class='ocrx_word' id='word_1_962' title='bbox 2744 5391 3106 5444; x_wconf 82' lang='lat' dir='ltr'><strong>desideratur.</strong></span> <span class='ocrx_word' id='word_1_963' title='bbox 3155 5389 3288 5458; x_wconf 71' lang='lat' dir='ltr'><strong>lieg.</strong></span> <span class='ocrx_word' id='word_1_964' title='bbox 3325 5397 3550 5442; x_wconf 80' lang='lat' dir='ltr'><strong>auarlus</strong></span> <span class='ocrx_word' id='word_1_965' title='bbox 3575 5383 3666 5438; x_wconf 84' lang='grc' dir='ltr'>θέ-</span> 
     </span>
     <span class='ocr_line' id='line_1_123' title="bbox 2125 5476 2406 5510; baseline -0.004 0"><span class='ocrx_word' id='word_1_966' title='bbox 2125 5477 2226 5510; x_wconf 79' lang='grc' dir='ltr'>εις.</span> <span class='ocrx_word' id='word_1_967' title='bbox 2249 5476 2332 5510; x_wconf 88' lang='lat' dir='ltr'><strong>ma</strong></span> <span class='ocrx_word' id='word_1_968' title='bbox 2359 5477 2406 5510; x_wconf 89' lang='lat' dir='ltr'><strong>e.</strong></span> 
     </span>
    </p>
   </div>
   <div class='ocr_carea' id='block_1_121' title="bbox 2125 5462 2406 5521">
    <p class='ocr_par' dir='ltr' id='par_1_121' title="bbox 2125 5462 2406 5521">
     <span class='ocr_line' id='line_1_124' title="bbox 2125 5462 2406 5521; baseline -0.007 -10"><span class='ocrx_word' id='word_1_969' title='bbox 2125 5477 2226 5521; x_wconf 90' lang='grc' dir='ltr'>εις,</span> <span class='ocrx_word' id='word_1_970' title='bbox 2249 5462 2406 5511; x_wconf 88' lang='lat' dir='ltr'><strong>male.</strong></span> 
     </span>
    </p>
   </div>
   <div class='ocr_carea' id='block_1_122' title="bbox 2165 5524 3666 5600">
    <p class='ocr_par' dir='ltr' id='par_1_122' title="bbox 2165 5524 3666 5600">
     <span class='ocr_line' id='line_1_125' title="bbox 2165 5524 3666 5600; baseline -0.005 -16"><span class='ocrx_word' id='word_1_971' title='bbox 2165 5529 2278 5600; x_wconf 78' lang='lat'><strong>(53)</strong></span> <span class='ocrx_word' id='word_1_972' title='bbox 2302 5529 2445 5583; x_wconf 86' lang='lat' dir='ltr'><strong>Editi</strong></span> <span class='ocrx_word' id='word_1_973' title='bbox 2472 5537 2525 5582; x_wconf 90' lang='lat' dir='ltr'><strong>et</strong></span> <span class='ocrx_word' id='word_1_974' title='bbox 2560 5545 2652 5584; x_wconf 80' lang='lat' dir='ltr'><strong>sex</strong></span> <span class='ocrx_word' id='word_1_975' title='bbox 2690 5544 2822 5583; x_wconf 87' lang='lat' dir='ltr'><strong>mss.</strong></span> <span class='ocrx_word' id='word_1_976' title='bbox 2852 5532 3101 5600; x_wconf 83' lang='grc' dir='ltr'>κρεῖττον</span> <span class='ocrx_word' id='word_1_977' title='bbox 3150 5527 3338 5590; x_wconf 83' lang='grc' dir='ltr'>αὐτοῦ,</span> <span class='ocrx_word' id='word_1_978' title='bbox 3368 5527 3430 5600; x_wconf 86' lang='grc' dir='ltr'><strong>τό</strong></span> <span class='ocrx_word' id='word_1_979' title='bbox 3467 5543 3482 5556; x_wconf 79' lang='grc'><strong><em>⁸</em></strong></span> <span class='ocrx_word' id='word_1_980' title='bbox 3521 5524 3666 5600; x_wconf 62' lang='lat' dir='ltr'><strong>quod</strong></span> 
     </span>
    </p>
   </div>
   <div class='ocr_carea' id='block_1_123' title="bbox 2092 5597 3669 5668">
    <p class='ocr_par' dir='ltr' id='par_1_123' title="bbox 2092 5597 3669 5668">
     <span class='ocr_line' id='line_1_126' title="bbox 2092 5597 3669 5668; baseline -0.001 -18"><span class='ocrx_word' id='word_1_981' title='bbox 2092 5597 2219 5668; x_wconf 86' lang='lat' dir='ltr'><strong>quin</strong></span> <span class='ocrx_word' id='word_1_982' title='bbox 2257 5597 2574 5652; x_wconf 81' lang='lat' dir='ltr'><strong>mendosum</strong></span> <span class='ocrx_word' id='word_1_983' title='bbox 2603 5603 2692 5664; x_wconf 84' lang='lat' dir='ltr'><strong>sit,</strong></span> <span class='ocrx_word' id='word_1_984' title='bbox 2715 5615 2819 5653; x_wconf 90' lang='lat' dir='ltr'><strong>non</strong></span> <span class='ocrx_word' id='word_1_985' title='bbox 2857 5597 3064 5654; x_wconf 81' lang='lat' dir='ltr'><strong>dubito.</strong></span> <span class='ocrx_word' id='word_1_986' title='bbox 3096 5600 3273 5654; x_wconf 86' lang='lat' dir='ltr'><strong>Codex</strong></span> <span class='ocrx_word' id='word_1_987' title='bbox 3297 5597 3446 5651; x_wconf 82' lang='lat' dir='ltr'><strong>Colb.</strong></span> <span class='ocrx_word' id='word_1_988' title='bbox 3485 5597 3669 5664; x_wconf 83' lang='grc' dir='ltr'>κρεῖτ-</span> 
     </span>
    </p>
   </div>
   <div class='ocr_carea' id='block_1_124' title="bbox 2089 5668 3561 5740">
    <p class='ocr_par' dir='ltr' id='par_1_124' title="bbox 2089 5668 3561 5740">
     <span class='ocr_line' id='line_1_127' title="bbox 2089 5668 3561 5740; baseline -0.003 -18"><span class='ocrx_word' id='word_1_989' title='bbox 2089 5686 2202 5732; x_wconf 87' lang='grc' dir='ltr'>τον,</span> <span class='ocrx_word' id='word_1_990' title='bbox 2236 5670 2367 5723; x_wconf 85' lang='grc' dir='ltr'>αὐτὸ</span> <span class='ocrx_word' id='word_1_991' title='bbox 2397 5671 2480 5734; x_wconf 86' lang='grc' dir='ltr'><strong>τό,</strong></span> <span class='ocrx_word' id='word_1_992' title='bbox 2504 5671 2665 5734; x_wconf 85' lang='lat' dir='ltr'><strong>ipsam</strong></span> <span class='ocrx_word' id='word_1_993' title='bbox 2699 5673 2941 5740; x_wconf 83' lang='lat' dir='ltr'><strong>gignendi</strong></span> <span class='ocrx_word' id='word_1_994' title='bbox 2983 5671 3312 5739; x_wconf 77' lang='lat' dir='ltr'><strong>facultatem,</strong></span> <span class='ocrx_word' id='word_1_995' title='bbox 3341 5668 3561 5740; x_wconf 78' lang='lat' dir='ltr'><strong>optime.</strong></span> 
     </span>
    </p>
   </div>
   <div class='ocr_carea' id='block_1_125' title="bbox 2163 5737 3666 5814">
    <p class='ocr_par' dir='ltr' id='par_1_125' title="bbox 2163 5737 3666 5814">
     <span class='ocr_line' id='line_1_128' title="bbox 2163 5737 3666 5814; baseline -0.009 -13"><span class='ocrx_word' id='word_1_996' title='bbox 2163 5740 2278 5812; x_wconf 73' lang='grc'>(54)</span> <span class='ocrx_word' id='word_1_997' title='bbox 2311 5740 2442 5814; x_wconf 67' lang='lat' dir='ltr'><strong>Reg.</strong></span> <span class='ocrx_word' id='word_1_998' title='bbox 2477 5737 2792 5814; x_wconf 39' lang='lat' dir='ltr'><strong>quartus—ro</strong></span> <span class='ocrx_word' id='word_1_999' title='bbox 2823 5737 3095 5814; x_wconf 77' lang='grc' dir='ltr'>ὁρατικόν.</span> <span class='ocrx_word' id='word_1_1000' title='bbox 3154 5740 3353 5794; x_wconf 88' lang='lat' dir='ltr'><strong>Ibidem</strong></span> <span class='ocrx_word' id='word_1_1001' title='bbox 3412 5737 3553 5792; x_wconf 85' lang='lat' dir='ltr'><strong>idem</strong></span> <span class='ocrx_word' id='word_1_1002' title='bbox 3579 5748 3666 5789; x_wconf 80' lang='lat' dir='ltr'><strong>co-</strong></span> 
     </span>
    </p>
   </div>
   <div class='ocr_carea' id='block_1_126' title="bbox 2091 5811 2604 5882">
    <p class='ocr_par' dir='ltr' id='par_1_126' title="bbox 2091 5811 2604 5882">
     <span class='ocr_line' id='line_1_129' title="bbox 2091 5811 2604 5882; baseline -0.006 -12"><span class='ocrx_word' id='word_1_1003' title='bbox 2091 5812 2192 5870; x_wconf 85' lang='lat' dir='ltr'><strong>dex</strong></span> <span class='ocrx_word' id='word_1_1004' title='bbox 2222 5811 2500 5882; x_wconf 84' lang='grc' dir='ltr'>πτέρυγας</span> <span class='ocrx_word' id='word_1_1005' title='bbox 2527 5811 2604 5867; x_wconf 86' lang='grc' dir='ltr'>δέ.</span> 
     </span>
    </p>
   </div>
  </div>
