3956 6216
360 294 471 354 755
1691 296 1751 352 s.
1797 293 2044 350 BASlLll
2085 295 2308 353 31.xch
3560 298 3671 355 τεο

361 414 543 473 simile
575 430 593 470 :
628 422 685 471 et
719 413 854 472 illud
893 413 1034 470 idem
1063 414 1205 470 valet
1234 414 1380 485 quod
1421 414 1545 471 hoc.
1583 413 1753 469 Nobis
1782 416 1942 481 enim,

2080 420 2081 453 1
2125 416 2257 483 Υἱὸς
2282 418 2695 485 ἀποκαλύψαι.
2728 416 2902 472 Τοῦτο
2935 418 3145 472 ἐκείνου
3180 421 3393 490 ὅμοιον,
3432 419 3671 473 κάκεῖνο

366 510 575 579 inquit,
605 508 844 563 reuelauit
898 508 1038 562 Deus
1083 523 1177 577 per
1215 506 1479 577 Spiritum
1521 524 1678 561 suum
1704 508 1772 561 ’⁷.
1823 506 1953 563 Vide

2080 506 2244 560 τούτου
2281 509 2621 579 ἰσοδύναμον.
2670 508 2845 577 Ἡμῖν
2876 508 3009 577 γὰρ,
3041 509 3227 580 φησιν,
3263 513 3299 563 ὁ
3363 509 3521 574 Θεὸς
3549 509 3671 562 ἀπο

364 600 531 670 igitur
560 600 1018 669 quemadmodum
1055 599 1348 668 aliquando
1386 598 1601 668 quidem
1649 598 1811 653 Pater
1857 597 1950 653 Fi-

364 690 522 757 lium,
544 691 832 762 aliquando
854 691 1169 763 verolFilius
1191 691 1645 758 Patrem'revelet,
1665 691 1953 761 aliquando

364 784 529 855 315
576 794 755 839 autem
801 783 1039 854 Spiritus
1087 783 1282 838 Filium
1321 792 1375 839 et
1419 782 1635 839 Patrem
1680 784 1951 839 similiter.

368 874 550 940 Quare
589 882 698 929 tota
733 873 908 929 deitas
949 873 1041 927 tibi
1074 874 1361 930 manifesta
1403 882 1526 941 est;
1562 888 1707 928 nunc
1735 874 1951 942 quidem

369 964 426 1018 in
456 963 635 1030 Patre,
664 980 807 1019 nunc
842 979 974 1018 vero
1006 965 1059 1018 in
1087 963 1224 1018 Filio
1252 972 1306 1018 et
1322 963 1526 1034 Spiritu
1557 965 1617 1018 lit
1643 964 1950 1035 appellatio.

368 1052 439 1109 Et
474 1057 567 1110 tibi
602 1057 963 1127 quarstionem
999 1056 1375 1125 propheticam
1404 1057 1566 1112 solvit
1594 1069 1779 1127 aperte
1806 1057 1951 1127 Apo-

370 1146 562 1213 stolus,
585 1164 689 1203 nec
724 1149 855 1201 sinit
881 1156 940 1201 ut
976 1164 1078 1201 una
1120 1162 1354 1215 persona
1385 1149 1731 1203 existimetur
1754 1149 1949 1214 deitas,

369 1247 589 1308 propter
605 1252 699 1293 eas
720 1252 883 1292 voces
913 1252 1039 1305 quae
1071 1237 1123 1290 id
1164 1237 1475 1308 signiﬁcare
1508 1248 1784 1309 putantur.
1815 1237 1951 1292 Nam

369 1342 426 1386 ct
451 1332 583 1399 ipse,
614 1330 826 1385 etiamsi
851 1329 972 1384 Filii
1011 1343 1299 1399 personam
1346 1330 1546 1398 ubique
1579 1330 1725 1385 clare
1753 1330 1952 1399 praedi-

372 1432 459 1477 cet
486 1434 742 1490 tanquam
765 1422 1107 1485 ereatricem,
1140 1430 1321 1476 tamen
1356 1423 1422 1475 ad
1457 1421 1634 1476 Patris
1662 1438 1951 1491 personam

376 1514 709 1568 creationem
740 1527 955 1567 omnem
991 1513 1223 1570 reduxit.
1259 1513 1341 1567 An
1368 1528 1474 1567 non
1507 1514 1620 1582 ipse
1648 1525 1729 1567 est
1755 1516 1847 1583 qui
1876 1515 1957 1566 di-

373 1604 450 1659 cit
480 1620 494 1656 :
531 1600 678 1657 Unus
706 1602 865 1667 Deus,
898 1601 1061 1656 Pater
1081 1641 1097 1666 ,
1128 1618 1194 1656 ea:
1239 1618 1341 1670 quo
1383 1604 1581 1667 omnia,
1611 1614 1659 1655 et
1692 1621 1784 1657 nos
1815 1605 1872 1657 in
1895 1604 1956 1657 il-

374 1696 609 1757 lum;et
666 1710 802 1746 unus
849 1691 1109 1745 Dominus
1157 1692 1311 1746 Iesus
1372 1692 1752 1762 Claristus,per
1801 1711 1953 1764 quem

375 1784 575 1848 omnia,
621 1793 669 1837 et
704 1800 797 1838 nos
832 1800 924 1850 per
963 1786 1132 1851 ipsum
1155 1784 1201 1820 ιε
1229 1783 1257 1836 ?
1298 1784 1367 1837 Et
1402 1799 1527 1838 cum
1590 1785 1845 1838 similiter
1872 1787 1958 1841 hic
1986 1761 2030 1815 Β

376 1892 544 1930 unum
592 1885 648 1931 et
693 1891 859 1930 unum
916 1877 1123 1945 liquido
1172 1876 1394 1941 dixerit,
1426 1886 1590 1945 atque
1627 1892 1722 1944 per
1762 1878 1955 1932 Filium

376 1965 496 2018 ﬁeri
524 1966 704 2019 omnia
734 1943 1082 2029 testatussit,
1117 1982 1284 2019 unum
1321 1981 1442 2020 esse
1470 1968 1537 2021 ad
1576 1967 1846 2023 [totnanos
1872 1969 1956 2023 di-

378 2054 483 2119 xit,
512 2067 566 2109 et
595 2071 691 2124 per
727 2057 899 2125 ipsum
927 2058 1109 2110 omnia
1139 2057 1252 2112 tieri
1291 2056 1514 2117 addidit.
1556 2074 1663 2112 non
1688 2060 1858 2113 solum
1888 2075 1958 2115 ex

379 2145 516 2214 ipso.
545 2146 723 2212 Quare
752 2148 986 2201 indicata
1023 2148 1075 2202 in
1105 2149 1364 2203 dualitate
1387 2147 1643 2214 dualitas,
1674 2160 1768 2203 aut
1792 2152 1955 2205 etiam

378 2236 597 2292 trinitas
638 2237 692 2291 in
726 2237 987 2303 trinitate,
1013 2238 1236 2306 perinde
1284 2238 1339 2292 in
1377 2237 1569 2291 eodem
1596 2239 1856 2308 Apostolo
1875 2251 1959 2295 at-

377 2345 487 2402 que
519 2330 572 2384 in
600 2330 875 2398 prophetis
908 2341 1094 2397 aperte
1123 2330 1522 2398 testiﬁcabitur,
1563 2345 1658 2387 eos
1690 2348 1800 2387 non
1828 2334 1962 2389 dua-

382 2428 618 2492 litatem,
644 2427 752 2481 imo
789 2441 889 2482 nec
937 2425 1256 2482 Trinitatem
1297 2427 1510 2491 tollere,
1535 2443 1660 2482 eum
1700 2429 1960 2485 unitatem

380 2519 673 2588 praedicant
702 2534 714 2571 :
749 2519 843 2573 sed
875 2534 989 2586 eos,
1021 2519 1237 2575 deitatis
1257 2518 1474 2590 cognita
1500 2521 1730 2587 unitate,
1760 2532 1873 2577 tres
1907 2523 1962 2576 in

381 2625 488 2666 una
512 2625 741 2681 persona
763 2611 1078 2682 prmdieare.

454 2877 512 2933 4.
552 2875 622 2931 Et
646 2877 715 2932 ab
741 2876 892 2932 initio
922 2864 1138 2947 quidem
1179 2876 1234 2932 in
1267 2877 1453 2933 mundi
1485 2878 1762 2935 creatione
1792 2880 1962 2936 Deum

389 2971 457 3025 ad
474 2970 670 3025 Filium
702 2979 756 3024 et
780 2969 1044 3040 Spiritum
1081 2969 1320 3024 locutum
1347 2968 1517 3025 fuisse
1539 2979 1770 3036 constat,
1793 2988 1966 3041 quan-

388 3062 680 3131 doquidem
712 3061 861 3115 illum
896 3060 1074 3115 Moses
1118 3060 1330 3116 induxit
1368 3061 1528 3130 quasi
1568 3061 1742 3132 magis
1784 3062 1962 3117 homi-

2054 600 2326 669 εκιὶλυψε
2352 600 2450 653 διὰ
2469 601 2575 654 τοῦ
2598 601 2942 669 Πγεύματος
2965 601 3173 654 αὐτοῦ.
3192 602 3336 670 Ὅρα
3356 598 3668 671 τοιγαροῦν

2055 692 2172 753 φής
2218 692 2348 744 ποτὲ
2396 691 2493 760 μὲν
2534 691 2725 763 Πατὴρ
2761 690 2889 745 Υἱὸν
2945 690 3359 752 ἀποκαλύπτει,
3418 690 3559 743 ποτὲ
3604 689 3665 743 δὲ

2053 782 2182 846 Υἱὸς
2213 784 2450 855 Πατέρα,
2484 784 2613 836 ποτὲ
2654 782 2713 836 δὲ
2762 783 2824 836 τὸ
2868 783 3096 852 Πνεῦμα
3124 782 3253 835 Υἱδν
3286 781 3385 835 καὶ
3426 781 3665 851 Πατέρα

2053 873 2333 937 ὡσαύτως,
2367 874 2530 926 Ὥστε
2562 876 2594 945 ἡ
2627 874 2891 945 σύμπασα
2933 872 3124 943 θεότης
3161 872 3325 943 δῆλός
3372 888 3467 925 σοι
3513 872 3658 939 (59),

2054 962 2186 1015 ποτὲ
2232 962 2331 1031 μὲν
2372 964 2430 1015 ἐν
2477 963 2685 1032 Πατρὶ,
2722 962 2853 1014 ποτὲ
2891 962 2948 1014 δὲ
2987 962 3047 1015 ἐν
3091 960 3203 1030 Υἱῷ
3233 961 3331 1013 καὶ
3366 961 3662 1029 Πνεύματι

2055 1052 2397 1124 προσηγορία
2445 1055 2678 1121 γίνεται.
2738 1053 2851 1106 Καὶ
2902 1053 2987 1106 σοὶ
3034 1052 3151 1105 λύει
3192 1052 3255 1105 τὸ
3304 1054 3665 1123 προφητικὸν

2055 1146 2271 1216 ζήτημα
2308 1145 2492 1214 σαφῶς
2526 1148 2555 1199 ό
2594 1143 2939 1208 Ἀπόστολος,
2970 1145 3065 1198 καὶ
3101 1145 3203 1197 οὐκ
3242 1145 3312 1215 ἑᾷ
3339 1144 3663 1215 πρόσωπον

2054 1236 2112 1290 ἓν
2141 1236 2431 1290 ὑπολαϐεῖν
2471 1236 2571 1307 τὴν
2601 1236 2833 1308 θεότητα
2865 1236 2954 1290 διὰ
2987 1236 3086 1300 τὰς
3126 1236 3285 1290 τοῦτο
3324 1234 3533 1307 δηλοῦν
3567 1253 3660 1288 νο-

2058 1328 2356 1399 μιζομένας
2397 1328 2601 1397 φωνάς.
2649 1329 2803 1381 Ἐπεὶ
2846 1328 2942 1381 καὶ
2973 1328 3167 1392 αὐτὸς,
3221 1328 3404 1381 καίτοι
3447 1326 3517 1380 τὸ
3560 1330 3659 1379 τοῦ

2058 1420 2191 1473 Tim)
2236 1420 2527 1491 πρόσωπον
2566 1420 2756 1489 σαφῶς
2798 1420 3073 1490 πανταχοῦ
3102 1420 3393 1490 κηρύττων
3434 1419 3516 1482 ὡς
3556 1420 3660 1488 δη-

2060 1511 2404 1580 μιουργικὸν,
2456 1512 2608 1582 ὅμως
2651 1513 2732 1574 εἰς
2766 1511 2826 1564 τὸ
2854 1511 2950 1564 τοῦ
2989 1511 3201 1582 [ἰατρὸς
3235 1511 3538 1582 πρόσωπον
3571 1513 3663 1564 ἀι..

2055 1607 2230 1672 ήγαγε
2288 1604 2387 1674 τὴν
2442 1604 2622 1656 πᾶσαν
2674 1603 3055 1674 δημιουργίαν.
3095 1605 3167 1657 Ἣ
3193 1603 3303 1674 γὰρ
3328 1603 3435 1657 οὐκ
3489 1604 3662 1667 αὐτός

2055 1698 2200 1748 ἐστιν
2232 1698 2260 1747 ὁ
2291 1696 2465 1763 λέγων
2490 1712 2503 1725 ’
2540 1690 2645 1761 Εἷς
2682 1696 2848 1762 Θεὸς,
2892 1699 2925 1749 ό
2954 1695 3176 1764 Πατὴρ,
3205 1696 3276 1759 ἐξ
3303 1691 3380 1751 οὗ
3404 1694 3484 1748 τὰ
3506 1695 3663 1748 mir.

2063 1805 2156 1851 τα,
2186 1788 2285 1841 καὶ
2320 1789 2492 1857 ἡμεῖς
2530 1792 2619 1856 εὶς
2642 1790 2831 1843 αὐτόν
2854 1806 2869 1820 ·
2915 1789 3016 1843 καὶ
3043 1784 3130 1853 εἷς
3157 1790 3373 1857 Κύριος
3416 1787 3663 1855 Ἰησοῦς

2063 1880 2316 1949 Χριστὸς
2341 1880 2476 1949 (40),
2515 1879 2589 1933 δι’
2614 1876 2687 1936 οὗ
2724 1880 2798 1933 τὰ
2825 1879 3042 1945 πάντα,
3075 1879 3175 1933 καὶ
3224 1878 3402 1947 ἡμεῖς
3431 1877 3513 1930 δι’
3550 1881 3664 1932 αὐ-

2063 1972 2208 2036 τοῦ;
2232 1972 2342 2025 Καὶ
2364 1971 2567 2041 ὁμοίως
2588 1970 2824 2025 ἐνταῦθα
2845 1971 2939 2025 τὸν
2964 1970 3060 2024 ἕνα
3092 1970 3185 2023 καὶ
3214 1969 3306 2023 τὸν
3336 1969 3435 2022 ἕνα
3468 1968 3666 2039 σαφῶς

2064 2062 2320 2135 εἰρηκὼς,
2369 2064 2465 2118 καὶ
2496 2063 2558 2116 τδ
2595 2064 2661 2116 δι’
2695 2062 2827 2116 Υἱοῦ
2859 2062 3041 2116 πάντα
3078 2062 3329 2132 γίνεσθαι
3364 2079 3667 2133 μεμαρτυ-

2067 2154 2251 2227 ρηκὼς
2295 2154 2429 2226 (Μ),
2483 2153 2581 2208 ἕνα
2609 2155 2745 2226 πρὸς
2779 2154 3088 2224 Ῥωμαίους
3117 2154 3332 2227 εἴρηκε,
3360 2157 3461 2210 καὶ
3487 2156 3553 2208 τὸ
3590 2153 3665 2209 δι’

2065 2245 2229 2299 αὐτοῦ
2259 2246 2504 2314 γίνεσθαι
2538 2248 2717 2301 πάντα
2769 2246 3178 2317 προστέθεικεν,
3207 2246 3269 2301 ού
3313 2247 3485 2317 μόνον
3512 2246 3576 2299 τδ
3599 2246 3664 2312 ἐξ

2065 2338 2252 2393 αὐτοῦ.
2270 2339 2435 2391 Ὥστε
2461 2339 2494 2408 ἡ
2517 2336 2649 2401 δυὰς
2679 2340 2738 2391 ὲν
2762 2337 2913 2391 δυάδι
2928 2337 3292 2409 δεδηλωμένη,
3322 2337 3357 2409 ἦ
3384 2337 3485 2391 καὶ
3498 2337 3664 2408 τριὰς

2066 2432 2125 2484 ὲν
2171 2429 2373 2502 τριάδι,
2417 2427 2683 2492 ὡσαύτως
2720 2429 2778 2480 ὲν
2810 2427 2890 2500 τῷ
2927 2428 3078 2499 αὐτῷ
3113 2428 3427 2497 Ἀποστόλῳ
3468 2429 3666 2496 σαφῶς

2072 2523 2407 2595 μαρτυρήσει
2422 2522 2516 2576 καὶ
2542 2524 2655 2585 τοῖς
2678 2523 3006 2593 προφήταις,
3022 2522 3103 2575 ὅτι
3123 2522 3196 2592 μὴ
3219 2520 3337 2595 (42)
3364 2521 3466 2593 τὴν
3492 2522 3666 2576 δυάδα

2067 2612 2347 2685 ἀναιροῦσι
2367 2631 2381 2644 ·
2415 2612 2615 2684 μᾶλλον
2640 2613 2699 2666 δὲ
2731 2613 2936 2684 Τριάδα
2966 2614 3068 2686 τὴν
3085 2613 3291 2683 μονάδα
3343 2613 3665 2683 κηρύσσον-

2066 2725 2181 2772 τες,
2215 2706 2331 2761 ἀλλ’
2368 2707 2599 2776 ἑνότητα
2633 2706 2888 2778 θεότητος
2912 2706 3135 2773 εἰδότες,
3167 2707 3228 2759 ὲν
3257 2707 3342 2759 ἑνὶ
3370 2705 3664 2777 προσώπῳ

2067 2799 2138 2853 τὰ
2165 2800 2293 2870 τρία
2317 2798 2676 2871 κηρύσσουσι.

2139 2890 2194 2945 4.
2221 2890 2332 2944 Καὶ
2352 2890 2447 2944 ἀπ’
2477 2889 2653 2962 ἀρχῆς
2693 2889 2794 2958 μὲν
2822 2888 2967 2943 κατὰ
2992 2889 3092 2960 τὴν
3115 2888 3489 2958 κοσμοποιίαν
3520 2886 3668 2957 πρὸς

2070 2981 2161 3035 τὸν
2184 2981 2312 3036 Υἱὺν
2348 2982 2440 3035 καὶ
2493 2981 2557 3034 τὸ
2593 2980 2821 3052 Πνεῦμα
2843 2980 3223 3051 διαλεγόμενος
3255 2979 3418 3050 δῆλός
3443 2981 3600 3032 ἐστιν
3634 2979 3668 3031 ὁ

2072 3072 2226 3137 Θεὸς,
2258 3071 2335 3136 ὡς
2380 3070 2862 3144 ἀνθρωπικωτέρφ
2893 3070 3055 3142 τύπῳ
3089 3070 3442 3140 παρέστησεν
3478 3069 3595 3139 (45)
3634 3069 3666 3121 ὁ

389 3170 519 3209 num
564 3168 717 3210 more
765 3153 1159 3223 colloquentem
1210 3166 1275 3206 ac
1334 3151 1600 3207 dicentem
1634 3168 1650 3208 :
1679 3152 1967 3209 Faciamus

2080 3165 2280 3236 Μωσῆς
2306 3164 2694 3236 διαλεγόμενον
2730 3165 2892 3218 αὑτὸν
2917 3163 3013 3218 καὶ
3046 3163 3351 3233 φάσκοντα·
3383 3159 3666 3229 Ποιήσω-

390 3245 651 3297 ltominem
677 3243 747 3296 ad
793 3242 1071 3311 imaginem
1099 3250 1148 3293 et
1194 3239 1597 3294 similitudinem
1630 3252 1862 3295 nostram
1901 3241 1967 3295 ”.

2065 3274 2184 3327 μεν
2239 3258 2555 3327 ἄνθρωπον
2604 3256 2732 3311 κατ’
2776 3257 2983 3311 εἰκόνα
3033 3252 3328 3323 ἡμετέραν
3378 3252 3482 3307 καὶ
3524 3251 3665 3305 καθ’

390 3336 472 3390 Ad
499 3349 656 3404 quem
693 3334 837 3390 enim
872 3333 1024 3399 dicit,
1048 3332 1371 3398 Faciamus,
1412 3332 1519 3387 nisi
1550 3331 1619 3387 ad
1657 3332 1891 3389 Verbum
1916 3342 1972 3388 et

2080 3351 2381 3420 ὁμοίωσιν.
2408 3350 2526 3404 Τίνι
2540 3349 2649 3421 γὰρ
2664 3349 2817 3418 λέγει
2848 3349 2930 3411 τὸ,
2961 3344 3357 3416 Ποιήσωμεν,ῆ
3388 3342 3469 3413 τῷ
3497 3342 3668 3412 Λόγῳ

394 3427 727 3495 unigenitum
756 3423 984 3490 Filium,
1013 3439 1105 3492 per
1138 3440 1291 3496 quem
1343 3425 1523 3477 omnia
1573 3423 1717 3493 facta
1753 3434 1873 3478 sunt
1894 3425 1963 3492 ³⁸,

2080 3443 2169 3496 καὶ
2204 3446 2483 3514 μονογενεῖ
2510 3442 2645 3513 Υἱῷ,
2677 3442 2755 3496 δι’
2788 3437 2861 3497 οὗ
2889 3442 2963 3496 τὰ
3006 3439 3205 3495 πάντα
3227 3438 3489 3509 ἐγένετο,
3518 3435 3667 3490 κατά

394 3519 690 3573 secundum
713 3517 1122 3584 evangelistam,
1149 3525 1205 3571 et
1231 3516 1298 3569 ad
1326 3514 1608 3583 Spiritum,
1633 3518 1699 3570 de
1717 3533 1824 3586 quo
1842 3518 1972 3572 scri-

2080 3533 2165 3587 τὸν
2191 3532 2604 3605 εύαγγελιστὴν,
2634 3532 2729 3586 καὶ
2749 3532 2828 3603 τῷ
2859 3529 3139 3602 Πνεύματι
3156 3570 3172 3594 ,
3206 3529 3337 3599 περὶ
3363 3522 3426 3582 οὗ
3446 3526 3665 3596 γέγρα-

396 3619 547 3681 ptum
571 3620 677 3677 est,
707 3609 938 3678 Spiritus
971 3609 1177 3662 divinus
1200 3647 1215 3670 ,
1238 3609 1330 3677 qui
1358 3607 1481 3676 fecit
1517 3623 1599 3661 me
1627 3609 1671 3639 ²¹
1699 3609 1723 3663 ἳ
1751 3609 1904 3676 Quod
1931 3610 1972 3664 si

2080 3640 2228 3684 πται,
2262 3624 2508 3694 Πνεῦμα
2522 3622 2687 3678 θεῖον
2706 3622 2775 3677 τὸ
2801 3620 3075 3691 ποιῆσαν
3095 3637 3202 3690 pe;
3234 3620 3299 3673 Et
3337 3617 3403 3672 δὲ
3436 3618 3537 3671 καὶ
3586 3616 3667 3686 μὴ

398 3719 505 3758 non
544 3716 799 3772 expresse
827 3701 959 3755 dicit
1000 3700 1066 3755 de
1109 3699 1308 3769 quibus
1333 3709 1427 3753 aut
1456 3700 1773 3769 quibuscum
1798 3702 1972 3771 loque-

2080 3713 2259 3784 ῥητῶς
2273 3714 2420 3785 λέγει
2438 3715 2552 3786 (44)
2577 3716 2708 3787 περὶ
2730 3713 2963 3784 τίνων,ἢ
2990 3712 3127 3785 πρὸς
3148 3712 3301 3776 τινας
3319 3710 3664 3778 διαλέγεται,

399 3803 571 3859 retur,
603 3803 781 3847 tamen
814 3806 936 3846 eum
977 3805 1081 3846 non
1115 3793 1181 3846 de
1210 3806 1271 3846 se
1306 3789 1421 3845 solo
1463 3789 1607 3861 loqui
1644 3802 1972 3860 compertum

2080 3805 2227 3875 ὅμως
2254 3806 2337 3860 ὃτι
2369 3806 2443 3878 μὴ
2464 3807 2591 3879 περὶ
2615 3804 2809 3860 ἑαυτοῦ
2837 3805 2998 3876 μόνου
3026 3803 3173 3872 λέγει
3197 3800 3357 3872 δῆλόν
3383 3800 3667 3861 strumae:

399 3888 491 3953 sit,
524 3902 645 3942 eum
674 3886 806 3940 dicit
833 3901 849 3938 :
875 3884 1012 3939 Ecce
1040 3885 1210 3938 Adam
1245 3884 1418 3953 factus
1449 3894 1524 3938 est
1560 3891 1618 3937 ut
1647 3901 1784 3939 unus
1817 3902 1844 3939 e
1885 3901 1981 3938 no-

402 3981 479 4035 bis
510 3980 576 4036 ²⁹.
613 3978 679 4032 Et
711 3992 922 4032 rursum
949 3994 963 4029 :
995 3974 1191 4042 Venite,
1212 3978 1577 4032 descendentes
1599 3978 1983 4046 conqudamus

400 4088 582 4128 eorum
610 4070 816 4139 linguas
843 4069 913 4135 “,
933 4069 1171 4125 utetiam
1204 4068 1366 4124 simul
1396 4068 1673 4125 numerari
1704 4082 1799 4122 eos
1824 4068 1987 4122 intel-

476 4166 519 4198 ¹⁷
549 4164 569 4218 l
598 4163 723 4218 Cor.
757 4178 819 4228 tt,
848 4162 937 4219 10.
1042 4163 1085 4195 ³⁸
1112 4162 1276 4219 lCor.
1305 4178 1425 4231 vui,
1452 4163 1510 4219 6.

405 4236 451 4267 "
477 4235 612 4291 Gen.
643 4250 721 4297 x1,
755 4233 809 4287 7.

477 4324 590 4392 ('59)
636 4323 783 4395 ,Editi
812 4324 975 4377 Ὥστε
1025 4324 1060 4395 ή
1116 4323 1380 4395 σύμπασα
1413 4322 1609 4394 θεότης
1656 4323 1813 4394 δῆλός
1861 4343 1973 4380 σοι’

410 4396 541 4450 ποτὲ
579 4394 1128 4467 μένηζ-προσηγορίᾳ
1153 4412 1168 4426 ο
1192 4394 1674 4467 υὺὶλιιοιοε-νειὶιιι
1706 4400 1811 4467 tota
1846 4401 1979 4450 sult-
2006 4402 2057 4462 ι)

1610 4162 1653 4195 ³³
1689 4161 1824 4217 Gen.
1856 4178 1893 4229 t,
1923 4164 2013 4222 26.

2080 3894 2243 3965 φησιν
2260 3913 2274 3927 ·
2319 3897 2474 3953 Ἰδοὺ
2512 3896 2686 3968 Ἀδὰμ
2711 3896 2962 3967 γέγονεν
2987 3896 3069 3961 ὠς
3088 3890 3178 3962 εἷς
3205 3892 3275 3958 ἐξ
3311 3890 3485 3961 ἡμῶν
3506 3906 3526 3921 ·
3570 3890 3669 3942 καὶ

2079 3985 2244 4040 πάλιν
2265 4004 2281 4018 ·
2314 3989 2514 4053 Δεῦτε,
2546 3987 2915 4054 καταϐάντες
2938 3985 3290 4056 συγχέωμεν
3325 3980 3533 4038 αὐτῶν
3558 3980 3670 4045 τὰς

2084 4077 2366 4147 γλώττας,
2422 4081 2511 4136 ἵνα
2555 4080 2654 4135 καὶ
2687 4078 3222 4152 συναριθμουμένους
3264 4075 3488 4147 νοήσῃς.
3524 4072 3668 4126 Οὔτε

3198 4175 3245 4204 ”
3273 4170 3413 4226 Gen.
3456 4183 3541 4232 Ill,
3571 4167 3668 4235 ἥ,

2108 4174 2154 4206 ²⁰
2189 4174 2345 4232 Joan.
2381 4194 2421 4241 ι.
2450 4177 2506 4233 3.
2617 4177 2661 4208 ¹¹
2689 4174 2788 4231 Job
2816 4191 3016 4239 xxxtu,
3042 4173 3098 4228 4.

2087 4330 2154 4383 δι’
2180 4327 2521 4399 Υἱοῦνπάντα
2552 4327 2797 4399 γίνεσθαι
2823 4323 3294 4399 μεμαρτυρηκώς,
3310 4322 3469 4377 bene.

2154 4399 2266 4470 (42)
2301 4398 2449 4470 Illud,
2473 4396 2573 4452 an
2586 4397 2693 4470 μή.
2736 4396 2870 4453 etc}.
2900 4396 3243 4470 sic'vertera_t
3272 4396 3553 4470 interpres
3578 4405 3670 4470 ve-

411 4462 709 4540 script'um.‘
736 4462 1240 4540 Veteresq'uzituor
1302 4464 1428 4540 libri
1452 4465 1621 4540 Ῐῼστε
1651 4466 1684 4534 ἡ
1717 4465 1981 4540 σύμπασα
2095 4462 2202 4533 tus,
2236 4462 2374 4540 quod
2426 4484 2530 4540 non
2559 4462 3026 4540 d'ualitatem,_imo
3055 4482 3148 4540 nec
3183 4464 3505 4540 _Trinitatem
3564 4462 3672 4512 tol-

412 4533 602 4606 θεότης
628 4534 925 4605 δηλώσει...
959 4534 1090 4606 ποτε
1120 4534 1239 4606 μέν,
1266 4545 1369 4588 etc.
1402 4533 1505 4588 Alii
1537 4533 1800 4606 tresiussl
1829 4537 1991 4590 Ὥστε

412 4609 448 4673 ή
472 4604 732 4677 σύμπασα
755 4605 944 4677 θεότης
977 4605 1107 4658 ποτὲ
1139 4604 1259 4677 μέν,
1291 4617 1395 4677 etc.
1428 4604 1783 4677 colubelisius
1813 4606 1995 4676 legen-

415 4673 722 4747 dum'putat
748 4673 1000 4747 δηλώσει,
1038 4673 1423 4747 manifestabit.
1452 4675 1559 4729 Sed
1605 4692 1709 4729 non
1741 4673 1992 4747 animad-

418 4746 584 4801 vertit
632 4747 717 4799 vir
772 4745 1142 4807 doctissimus,
1194 4745 1351 4817 fore,
1415 4753 1485 4817 ut,
1537 4748 1761 4799 verbum
1814 4746 1989 4817 δηλώ-

421 4833 504 4869 σει
555 4832 681 4870 casu
713 4831 812 4871 suo
855 4826 1058 4871 careat.
1091 4816 1382 4884 Antiquam
1420 4815 1584 4884 igitur
1615 4815 1995 4885 receptamqne

420 4887 735 4949 lectionem,
765 4902 885 4954 quae
908 4886 1160 4939 omnibus
1185 4888 1297 4939 suis
1339 4885 1581 4940 numeris
1611 4888 1852 4939 absoluta
1887 4898 1993 4947 est.

422 4960 657 5010 retinere
680 4957 865 5010 malui.
891 4955 1168 5018 Attamen,
1200 4964 1254 5009 ut
1291 4970 1479 5008 verum
1507 4956 1701 5013 fatear.
1731 4958 1899 5010 locavi
1930 4960 1995 5008 de

422 5042 544 5080 meo
570 5027 827 5096 virgulam
852 5095 858 5096 γ
888 5037 1009 5094 post
1043 5042 1226 5079 vocem
1264 5026 1368 5091 σοί,
1408 5036 1784 5093 prwterenque
1808 5041 1995 5081 vocem

423 5095 767 5168 προσηγορία
820 5095 937 5150 sine
986 5097 1091 5149 iota
1128 5098 1436 5163 subseripto
1485 5098 1749 5168 edendam
1786 5098 1994 5149 curavi.

428 5166 604 5235 Atque
668 5166 905 5220 veterem
958 5172 1281 5236 scripturam
1326 5168 1404 5220 sic
1446 5166 1764 5235 castigatam
1829 5168 1996 5234 recipi

427 5254 586 5307 posse
620 5248 770 5307 puto.
803 5236 876 5289 Ex
911 5236 1066 5291 libris
1095 5251 1256 5290 manu
1291 5236 1555 5301 exaratis,
1587 5238 1728 5307 quod
1765 5236 1819 5289 in
1863 5238 1997 5306 ipsis

427 5306 534 5363 iota
570 5306 931 5379 subscriptum
960 5307 1136 5362 notari
1162 5322 1268 5362 non
1287 5308 1442 5372 solet,
1469 5307 1605 5362 locis
1625 5306 1758 5360 nihil
1781 5318 1999 5360 mutua-

428 5380 474 5432 ri
497 5380 663 5432 DOlui.

496 5394 870 5520 £2531_'Veteres
923 5449 1128 5518 aliquot
1175 5447 1297 5504 libri
1339 5447 1545 5520 Ἰησοῦς
1591 5446 1847 5518 Χριστός.
1880 5444 2001 5503 Vox

432 5516 669 5587 Χριστός
695 5520 750 5572 in
769 5520 928 5574 editis
948 5516 1380 5587 desiderabatur.

505 5587 617 5659 (ιι)
649 5588 786 5659 Editi
818 5590 913 5644 καὶ
940 5588 1031 5643 τὸν
1075 5590 1141 5643 δι’
1173 5584 1235 5644 οὗ
1262 5587 1441 5644 πάντα
1480 5586 1688 5659 γίνεται
1717 5604 2001 5659 μεμαρτυ-

434 5654 640 5727 pandae.
663 5655 881 5713 Veteres
902 5672 1133 5725 quatuor
1160 5659 1283 5714 libri
1312 5660 1408 5713 καὶ
1443 5654 1505 5714 τδ
1527 5660 1593 5714 δι’
1620 5654 1681 5714 οὗ
1704 5654 1887 5712 ᾶπαντα
1919 5657 2002 5727 γί-

437 5724 623 5782 νεσθαι
658 5744 860 5790 uenae.
886 5724 1062 5786 Codex
1105 5729 1261 5786 Coll).
1302 5741 1358 5787 et
1388 5731 1476 5787 alii
1504 5731 1610 5788 duo
1639 5730 1789 5789 Reaii
1811 5730 1905 5784 ναὶ
1934 5724 2005 5782 τὸ

2095 4533 2405 4607 lun_t,'dum
2441 4539 2699 4591 unitatem
2741 4538 3053 4607 pradicant.
3086 4534 3197 4607 Sed
3232 4533 3673 4607 iitﬂCdﬂlCl’pl‘C-

2097 4604 2227 4663 latio
2267 4623 2374 4662 non
2398 4608 2594 4677 placuit
2618 4603 2964 4672 Combelisio,
3006 4606 3096 4675 qui
3135 4606 3313 4677 potius
3338 4603 3421 4656 sic
3448 4612 3673 4677 verten-

2093 4680 2220 4733 dum
2274 4671 2526 4749 putavit:
2572 4676 2759 4731 Putant
2806 4671 3105 4749 testimonio
3137 4671 3266 4749 erit,
3304 4688 3427 4725 nam
3480 4671 3672 4749 tollere

2093 4766 2179 4803 eos
2235 4748 2568 4812 dualitatem,
2601 4752 2728 4818 quin
2780 4748 2955 4816 potius
3016 4745 3361 4818 Trinitatem,
3400 4745 3673 4818 unitatem

2094 4820 2407 4884 pra'dicare.
2437 4819 2506 4871 At
2545 4811 2678 4892 pace
2702 4811 2800 4872 viri
2824 4816 3124 4892 doctissimi
3148 4811 3673 4892 dixerimimerpre-

2100 4899 2203 4943 tem
2231 4899 2472 4943 veterem
2496 4890 2792 4961 verborum
2824 4887 3137 4961 Graecorum
3164 4887 3492 4961 sententiam
3556 4893 3673 4932 non

2098 4962 2237 5013 male
2266 4960 2619 5025 expressisse.
2652 4957 2819 5013 Nemo
2851 4958 2995 5011 enim
3035 4971 3140 5009 non
3186 4955 3337 5006 videt
3388 4955 3501 5003 vim
3554 4964 3680 5028 ver-

2098 5030 2286 5081 borum
2318 5030 2370 5081 in
2402 5029 2573 5096 ellipsi
2606 5030 2835 5097 positam
2863 5042 2983 5081 esse
3019 5037 3211 5097 totam,
3237 5030 3532 5097 eaque,__ut
3584 5035 3673 5097 tu:

2101 5098 2431 5167 trlligantur,
2465 5087 2705 5153 cbnsirui
2757 5099 2859 5152 hoc
2889 5098 3047 5149 modo
3086 5096 3282 5167 debere
3316 5087 3338 5147 ἶ
3376 5089 3583 5167 μᾷλλον
3614 5087 3675 5140 δὲ

2102 5160 2467 5240 μαρτυρήσει,
2501 5170 2583 5221 ὃτι
2624 5167 2699 5239 μὴ
2730 5163 3277 5240 Τριάδαμὰναιροῦσιν
3306 5160 3675 5240 κηρύσσοντες

2098 5230 2196 5310 τὴν
2235 5230 2461 5309 μὸνᾶδα,
2489 5230 2644 5306 atque
2666 5230 2798 5292 adeo
2829 5254 2892 5310 ne
2917 5230 3228 5289 Trinitatem
3258 5230 3466 5302 quidem
3491 5230 3677 5282 tollere

2100 5321 2231 5366 tum.
2257 5325 2373 5361 cum
2401 5310 2648 5362 unitatem
2682 5309 2994 5374 prwdicant.

2172 5379 2283 5449 (45)
2317 5379 2454 5432 Editi
2477 5387 2532 5433 et
2555 5379 2761 5447 aliquot
2781 5393 2912 5449 mss.
2942 5375 3102 5447 τύπῳ
3133 5373 3526 5449 τναρέσςιτειρεν,
3566 5382 3679 5449 non

2102 5444 2275 5504 recte
2313 5466 2329 5504 :
2387 5459 2443 5502 at
2486 5444 2772 5503 emendate
2810 5447 3007 5518 legitur
3053 5444 3108 5501 in
3172 5444 3359 5515 Regiis
3401 5444 3581 5512 primo
3624 5447 3689 5493 et

2101 5535 2204 5590 qua
2216 5532 2295 5575 rto
2314 5518 2476 5590 τύπῳ
2488 5518 2861 5590 παρέστησεν.

2175 5590 2287 5660 (44)
2314 5587 2371 5642 ln
2394 5584 2592 5659 majori
2616 5584 2770 5660 parte
2796 5588 3053 5660 librorum
3082 5586 3429 5655 antiquorum
3459 5598 3563 5655 pro
3581 5584 3687 5641 λιι

2105 5656 2194 5729 γει
2218 5656 2494 5730 scriptum
2515 5656 2822 5715 invenimus
2847 5656 3142 5728 δεδήλωκε.
