3956 6216
399 263 505 319 757

1496 262 1872 321 ADVERSUS
1911 264 2283 327 EUNOMIUM
2321 270 2449 326 LIB.
2488 270 2554 326 V.

3563 273 3672 331 758

398 380 509 450 γὰρ
540 379 621 442 είς
672 374 943 447 ἰσοτιμίαν
987 375 1253 446 ἀγγέλους
1279 376 1390 449 (45)
1430 379 1689 446 συντάξαι
1721 382 1982 454 τολμήσει

2094 385 2240 457 ligas.
2300 387 2490 457 Neque
2536 388 2683 442 enim
2735 388 2959 459 angelos
3000 388 3222 446 audebit
3281 388 3587 461 quisquam.
3616 393 3672 445 in

399 487 484 533 τις
505 467 585 539 τῷ
610 466 923 538 δημιουργῷ
950 467 1045 520 καὶ
1068 469 1335 540 Δεσπότῃ,
1369 467 1493 523 οὔτε
1522 471 1642 541 Θεῷ
1676 471 1786 543 (46)
1823 472 1982 527 πάλιν

401 562 461 615 ἓν
496 560 787 631 πρόσωπον
821 554 933 613 οἷόν
959 577 1018 612 τε
1041 563 1206 625 νοεῖν,
1236 560 1317 631 τῷ
1343 560 1600 630 λέγεσθαι
1620 581 1633 593 ·
1678 566 1772 632 Ὡς
1800 561 1890 631 εἷς
1911 567 1983 631 ἐξ

401 653 570 722 ἡμῶν
587 665 601 681 ⁸
627 652 741 716 καὶ,
768 652 966 713 Δεῦτε,
994 652 1361 719 καταϐάντες
1393 655 1767 725 συγχέωμεν.
1802 658 1983 728 Ἐναρ-

400 746 497 814 γὲς
520 744 578 798 δὲ
609 744 705 798 καὶ
735 744 798 798 τὺ
823 745 952 815 περὶ
988 745 1090 814 τῆς
1126 745 1513 815 καταστροφῆς
1545 747 1797 817 Σοδόμων
1823 747 1980 816 λεγό-

406 855 564 910 μενον
583 854 598 868 ο
628 837 692 891 τό
739 855 799 890 τε
830 837 968 907 (47),
1002 837 1248 905 Ἔϐρεξε
1301 836 1518 906 Κύριος
1542 839 1707 893 θεῖον
1728 841 1829 895 καὶ
1862 842 1982 910 πῦρ

399 932 560 1000 παρὰ
590 929 814 998 Κύριου
843 932 913 984 ἐκ
941 931 1048 985 τοῦ
1086 929 1349 998 οὐραγοῦ
1366 948 1380 962 ·
1411 932 1506 984 καὶ
1535 931 1598 985 τὸ
1621 932 1681 986 ὲν
1704 935 1818 998 τοῖς
1846 950 1981 1004 προ-

399 1027 598 1096 φήταις
635 1023 1035 1095 παραπλησίως
1100 1022 1312 1086 τούτοις
1364 1023 1654 1096 εἰρημένον
1698 1028 1763 1078 ὲκ
1810 1042 1984 1097 προσ-

398 1116 548 1171 ώπου
563 1116 657 1169 τοῦ
678 1114 833 1169 Θεοῦ
852 1115 1241 1183 Κατέστρεψα
1262 1116 1503 1180 αὐτους,
1535 1116 1717 1186 φησὶν,
1743 1117 1825 1184 ὡς
1841 1134 1981 1171 κατ-

397 1205 696 1274 έστρεψεν
720 1209 754 1259 ό
779 1205 923 1271 Θεὸς
957 1205 1192 1274 Σόδομα
1253 1203 1355 1257 καὶ
1387 1205 1684 1273 Γόμορῤα.
1713 1206 1825 1259 Καὶ
1866 1207 1982 1260 ἐτέ-

401 1315 510 1370 ρως
526 1296 1111 1369 φιλανθρωπευόμενος
1132 1296 1282 1365 λέγει
1318 1298 1347 1350 ό
1369 1296 1523 1361 Θεόςο
1552 1295 1733 1351 Σώσω
1759 1299 1982 1365 αὐτοὺς

397 1390 469 1444 ἐν
496 1389 691 1456 Κυρίῳ
718 1388 798 1453 τῷ
832 1386 955 1452 Θεῷ
983 1385 1216 1441 αὐτῶν·
1256 1386 1394 1459 ὅπερ
1448 1387 1551 1439 οὐκ
1603 1388 1828 1441 ἀπέοικε
1881 1389 1981 1459 τῆς

398 1477 759 1547 ἀποστολικῆς
784 1475 986 1542 λέξεως
1014 1476 1115 1545 τῆς
1143 1474 1438 1546 λεγούσης·
1466 1475 1595 1543 Δώῃ
1614 1473 1836 1540 aenae
1862 1476 1982 1530 Κύ-

394 1588 524 1640 ριος
547 1570 659 1640 (48)
678 1567 877 1637 εὑρεῖν
898 1568 1071 1633 ἕλεος
1110 1568 1272 1635 παρὰ
1297 1566 1521 1634 Κυρίου
1564 1567 1634 1619 ἐν
1660 1566 1866 1637 ἐκείνῃ
1902 1566 1982 1637 τῇ
2012 1588 2015 1589 ν

399 1663 613 1743 ἡμέρᾳ.
655 1663 720 1717 Τί
754 1662 813 1715 δὲ
849 1664 879 1715 ό
907 1659 1215 1732 Ζοροὸἁὸελ
1235 1658 1332 1712 καὶ
1364 1660 1399 1730 ἡ
1424 1657 1518 1712 τοῦ
1557 1659 1862 1730 Ζοροϐάϐελ
1895 1676 1983 1713 σο-

2081 480 2273 549 aequali
2305 480 2510 535 honore
2549 496 2672 535 cum
2730 490 2981 538 creatore
3013 490 3068 537 et
3099 483 3328 537 Domino
3361 483 3668 538 collocare:

2082 585 2258 639 neque
2287 587 2475 627 rursus
2505 573 2618 626 lieri
2665 582 2844 641 potest
2872 583 2931 627 ut
2960 574 3012 628 in
3044 573 3155 628 Deo
3177 590 3282 628 una
3318 588 3549 644 persona
3584 574 3671 627 in-

2084 661 2374 732 telligatur,
2400 678 2522 717 cum
2550 665 2763 718 dicatur
2799 680 2812 716 :
2849 663 2919 718 Ut
2941 682 3078 720 unus
3105 682 3134 719 e
3162 668 3329 732 nobis,
3359 673 3434 729 et,
3466 664 3669 729 Venite,

2083 757 2448 811 descendentes
2511 757 2920 826 confundamns.
2968 757 3276 824 Quinetiam
3332 757 3538 811 clarum
3586 764 3674 811 est

2083 846 2225 915 quod
2260 847 2327 900 de
2359 846 2716 901 Sodomorum
2741 847 3027 903 eversione
3059 849 3281 911 dicitur,
3308 847 3437 901 illud
3472 847 3668 900 videli-

2082 947 2206 993 cet:
2241 933 2391 989 l’luit
2432 936 2690 990 Dominus
2735 938 2961 1006 sulphur
2984 946 3035 990 et
3078 938 3249 1006 ignem
3280 954 3312 990 a
3347 936 3573 990 Domino
3604 937 3668 990 de

2083 1027 2210 1083 caelo
2234 1027 2304 1093 “,
2333 1037 2388 1083 et
2428 1027 2552 1093 hoc,
2590 1028 2732 1096 quod
2782 1028 2837 1080 in
2889 1028 3166 1096 prophetis
3216 1026 3467 1080 similiter
3517 1026 3605 1078 bis
3637 1038 3669 1078 e

2081 1133 2310 1190 persona
2366 1119 2460 1174 Dei
2501 1119 2702 1174 dictum
2740 1130 2866 1175 est:
2909 1118 3083 1172 Everti
3126 1133 3252 1177 eos,
3301 1117 3499 1185 inquit,
3535 1117 3668 1168 sicut

2081 1212 2226 1268 Deus
2250 1213 2429 1267 evertit
2464 1211 2756 1268 Sodomam
2781 1222 2827 1266 et
2854 1209 3203 1267 Gomorrham
3221 1211 3288 1265 ”.
3322 1209 3388 1264 Et
3413 1208 3541 1262 alibi
3561 1207 3673 1260 cle-

2081 1304 2320 1365 mentius
2346 1304 2479 1359 dicit
2500 1305 2642 1359 Deus
2666 1320 2681 1356 :
2703 1302 2926 1358 δαιταὺο
2942 1319 3028 1357 eos
3049 1303 3106 1356 in
3126 1302 3348 1356 Domino
3373 1302 3478 1356 Deo
3499 1304 3664 1369 suo";

2087 1395 2142 1450 id
2169 1396 2312 1463 quod
2366 1399 2434 1449 ab
2466 1396 2763 1465 apostolica
2799 1394 3034 1451 dictione
3068 1393 3210 1448 haud
3254 1392 3529 1458 dissentit,
3557 1410 3665 1465 qua

2083 1485 2279 1539 dicitur
2308 1499 2320 1534 :
2362 1485 2528 1556 316
2564 1484 2658 1538 Det
2686 1486 2734 1538 ei
2778 1484 3064 1546 Dominus,
3099 1492 3159 1535 ut
3196 1483 3425 1536 inveniat
3458 1484 3667 1537 miseri-

2083 1578 2318 1630 cordiam
2353 1578 2411 1630 in
2445 1579 2531 1630 die
2559 1576 2652 1630 illo
2697 1576 2764 1630 ³⁷.
2795 1576 2936 1641 Quid
2968 1588 3097 1628 vero
3119 1572 3438 1637 Zorobabel,
3469 1584 3524 1626 et
3569 1590 3661 1628 sa-

2081 1668 2288 1736 pientia
2334 1668 2504 1737 ipsius
2532 1667 2557 1722 ’ἒ
2586 1667 2724 1721 Num
2775 1666 3109 1720 subobscure
3146 1673 3203 1719 et
3247 1679 3354 1717 non
3381 1664 3527 1718 clare
3560 1666 3662 1719 tibi

399 1757 497 1827 φία
520 1774 536 1823 ;
563 1752 714 1827 Ἀρά
739 1772 822 1809 σοι
853 1755 1088 1826 μετρίως
1106 1753 1201 1806 καὶ
1223 1752 1284 1805 οὐ
1311 1750 1498 1821 σαφῶς
1523 1749 1634 1821 (49)
1651 1752 1980 1824 παριστάναι

2094 1760 2295 1814 videtur
2322 1759 2653 1829 hypostasim
2680 1772 2746 1812 ac
2771 1758 2933 1811 vitam
2957 1754 3202 1810 veritatis
3233 1755 3495 1827 iudicare,
3526 1770 3650 1809 cum

397 1850 547 1903 δοκεῖ
575 1847 674 1919 τὴν
709 1846 1010 1901 ὑπόστασιν
1055 1844 1151 1898 καὶ
1201 1841 1349 1914 ζωὴν
1396 1842 1500 1913 τῆς
1544 1842 1834 1914 ἀληθείας,
1891 1846 1983 1899 ὅτε

399 1938 533 2010 φησί
555 1956 569 1969 ο
606 1935 781 1991 Πᾶσα
800 1938 838 2005 ὴ
860 1933 935 2005 τῆ
957 1933 1071 2004 τὴν
1093 1933 1389 2002 ἀλήθειαν
1409 1933 1603 1999 καλεῖ,
1633 1933 1733 1987 καὶ
1757 1937 1791 1988 ὁ
1808 1936 1983 2003 οὐρα-

396 2030 506 2096 νὸς
526 2028 722 2097 αὐτὴν
741 2025 1000 2096 εὐλογεῖ,
1022 2025 1120 2079 καὶ
1144 2022 1342 2079 πάντα
1372 2023 1446 2078 τὰ
1473 2025 1618 2093 ἔργα
1638 2024 1864 2079 σείεται
1882 2026 1981 2081 καὶ

396 2122 628 2192 τρέμεις
669 2122 767 2185 Τίς
796 2122 855 2174 δὲ
879 2122 912 2190 ἡ
945 2118 1194 2189 ἀλήθεια,
1239 2117 1273 2187 ἢ
1316 2117 1347 2169 ό
1391 2115 1486 2170 τοῦ
1517 2117 1651 2171 Θεοῦ
1683 2118 1855 2188 Λόγος
1885 2121 1981 2173 καὶ

398 2214 545 2279 mg,
565 2215 631 2268 δι’
659 2206 721 2267 οῦ
742 2212 812 2266 τὰ
840 2213 1046 2277 arrived;
1073 2210 1222 2280 Ἐγὼ
1248 2210 1358 2282 γάρ
1378 2213 1516 2280 εἰμι,
1537 2210 1724 2282 φησὶν,
1752 2213 1792 2281 ἡ
1818 2212 1978 2280 ὁδός,

396 2306 498 2359 καὶ
528 2307 567 2376 ἠ
606 2304 878 2374 ἀλήθεια,
920 2304 1022 2358 καὶ
1058 2304 1097 2372 ἡ
1127 2301 1261 2370 ζωή.
1307 2302 1562 2374 Ἀλήθεια
1595 2303 1654 2356 δὲ
1681 2305 1784 2357 οὑκ
1809 2303 1977 2370 ἔστιν,

396 2399 446 2450 εί
481 2397 554 2469 μὴ
590 2400 624 2468 ἡ
655 2400 720 2450 ὲκ
749 2398 862 2467 (50)
893 2396 990 2450 τοῦ
1029 2393 1286 2466 ἀληθινοῦ
1322 2394 1566 2465 φυσικῶς
1593 2395 1688 2449 καὶ
1713 2395 1897 2461 ἀῖδίως
1921 2396 1981 2464 ἐξ

388 2488 564 2553 ιαὑτοῦ
594 2488 939 2561 γεννηθεῖσα.
969 2488 1063 2542 Διὸ
1099 2488 1350 2559 ἐπιφέρει
1386 2486 1594 2557 λέγων·
1637 2488 1983 2560 Εὐλογητὸς

398 2583 432 2635 ὁ
463 2581 611 2647 Θεὸς
635 2579 742 2649 τῆς
782 2580 1087 2647 ἀληθείας,
1134 2580 1196 2644 ὃς
1228 2580 1347 2634 ἐστι
1375 2583 1564 2657 Πατὴρ
1601 2585 1700 2655 τῆς
1725 2584 1983 2655 ἀληθείας

398 2670 657 2740 Χριστοῦ.
686 2668 920 2740 Χριστὸς
950 2670 1254 2741 ήάλήοεια,
1281 2670 1341 2726 ὃν
1373 2674 1524 2727 πᾶσα
1570 2674 1711 2746 πνοὴ
1764 2675 1980 2729 σέϐεται

2082 1851 2194 1906 ait:
2228 1850 2411 1905 Omnis
2439 1858 2585 1904 terra
2626 1849 2898 1903 veritatem
2938 1847 3166 1911 invocat,
3194 1854 3244 1899 et
3274 1843 3461 1898 caelum
3489 1844 3660 1913 ipsam

2083 1942 2360 2005 benedicit,
2391 1950 2439 1995 et
2460 1940 2638 1994 omnia
2657 1955 2813 2009 opera
2844 1937 3218 1992 concutiuntur
3246 1945 3297 1989 et
3329 1944 3558 1989 tremunt
3578 1934 3667 1989 ³⁸2

2083 2033 2341 2100 Quaenam
2369 2046 2500 2088 vero
2554 2039 2639 2086 est
2680 2030 2904 2095 veritas,
2937 2029 3039 2083 nisi
3080 2028 3174 2082 Dei
3208 2026 3443 2082 Verbum
3492 2036 3547 2080 et
3575 2025 3667 2079 Fi-

2082 2122 2206 2190 lius,
2240 2138 2337 2194 per
2382 2137 2541 2192 quem
2572 2121 2805 2177 omnia?
2836 2119 2951 2190 Ego
2994 2120 3155 2185 enim,
3180 2119 3375 2190 inquit,
3409 2135 3525 2173 sum
3555 2119 3664 2182 vin,

2080 2224 2129 2269 et
2169 2218 2396 2279 veritas,
2427 2223 2476 2269 et
2519 2215 2625 2269 vita
2655 2210 3020 2283 ’°-’°..Veritas
3036 2222 3214 2267 autem
3254 2227 3363 2266 non
3416 2220 3502 2265 est
3526 2211 3662 2265 anisi

2080 2322 2149 2361 ex
2177 2322 2328 2372 vero,
2369 2307 2692 2362 naturaliter
2727 2315 2783 2361 et
2825 2306 3154 2376 sempiterne
3183 2319 3252 2359 ex
3296 2304 3413 2373 ipso
3462 2303 3669 2373 genita.

2080 2396 2372 2468 Propterea
2390 2398 2577 2461 infert,
2593 2397 2781 2453 dicens
2800 2414 2813 2450 :
2835 2396 3146 2451 Benedictus
3180 2394 3321 2448 Deus
3349 2394 3585 2447 veritatis
3598 2391 3665 2455 ³¹,

2080 2491 2175 2560 qui
2222 2499 2307 2546 est
2347 2486 2512 2546 Pater
2546 2491 2790 2545 veritatis
2836 2488 3064 2544 Christi.
3114 2486 3326 2542 Veritas
3377 2484 3666 2549 Christus,

2081 2597 2242 2654 quem
2281 2584 2461 2638 omnis
2489 2581 2693 2637 halitus
2713 2581 2846 2636 colit
2868 2595 2933 2635 ac
2955 2579 3161 2635 tremit.
3189 2577 3368 2644 Quare
3398 2575 3546 2645 quod
3578 2576 3668 2629 vi-

2081 2690 2218 2731 vens
2246 2676 2318 2730 sit
2340 2673 2605 2741 Verbum,
2645 2683 2703 2727 et
2735 2688 2962 2743 persona
3014 2670 3278 2742 perfecta,
3308 2669 3668 2737 similiterque

398 2762 494 2815 καὶ
528 2760 742 2834 τρέμει.
770 2761 933 2815 Ὥστε
974 2763 1057 2815 ὅτι
1105 2762 1203 2833 μὲν
1236 2762 1345 2827 ζῶν
1382 2766 1411 2818 ό
1449 2765 1644 2833 Λόγος,
1682 2766 1777 2819 καὶ
1815 2767 1985 2839 πρόστ

2094 2763 2343 2836 Spiritus,
2383 2781 2448 2822 ea
2502 2780 2623 2837 quae
2664 2767 2825 2819 modo
2852 2764 2994 2825 dicta
3035 2771 3185 2827 sunt,
3218 2761 3432 2815 abunde
3467 2760 3670 2815 docere

398 2869 547 2906 ωπον
571 2851 795 2917 τέλειον,
809 2853 905 2906 καὶ
923 2852 984 2905 τὸ
1007 2855 1233 2925 Πνεῦμα
1251 2854 1534 2920 ὡσαύτως,
1558 2855 1718 2911 ἱκανὰ
1747 2858 1842 2911 καὶ
1867 2858 1980 2929 (Si)

400 2946 469 2998 τὰ
488 2944 584 2997 νῦν
616 2944 882 3016 εἰρημένα
919 2944 1151 3011 διδάξαιο
1184 2945 1345 3000 τύποι
1385 2947 1444 3001 δὲ
1470 2946 1800 3019 ἀνθρώπινοι
1832 2948 1984 3021 παρά

402 3036 522 3107 Θεῷ
553 3036 739 3090 πολλοὶ
759 3037 853 3090 καὶ
873 3037 1043 3103 ἄλλοι,
1072 3037 1169 3090 καὶ
1198 3034 1259 3090 ὀύ
1287 3037 1378 3091 διά
1407 3037 1569 3092 τοῦτο
1598 3040 1691 3094 τὸν
1721 3040 1854 3095 Θεὸν
1881 3042 1982 3095 ἀν-

402 3128 431 3180 0
440 3146 617 3201 ρωπον
640 3128 1114 3199 ύπολαμῦάνομεν,
1141 3125 1254 3182 οἷον
1275 3131 1324 3183 εί
1348 3131 1639 3201 πρόσωπον
1664 3132 1981 3203 ἀκούοιμεν,

401 3220 712 3292 ὀφθαλμούς
740 3238 798 3274 τε
822 3221 915 3274 καὶ
942 3214 1058 3273 ὦτα
1090 3221 1184 3274 καὶ
1209 3224 1401 3293 χεῖρας
1420 3223 1516 3275 καὶ
1545 3223 1733 3288 πόδας.
1766 3225 1901 3279 Οὐδὲ
1924 3227 1987 3279 τὸ

402 3312 725 3378 καθέζεσθαι
766 3315 822 3366 ὲν
850 3313 1067 3384 οὐρανῷ
1105 3313 1358 3387 καθάπερ
1405 3318 1463 3369 ἐν
1507 3315 1682 3388 θρόνῳ
1710 3317 1854 3387 (52),
1891 3320 1986 3372 καὶ

400 3402 498 3475 τὴν
546 3406 650 3476 γῆν
708 3406 996 3459 ὑποπόδιον
1047 3406 1156 3458 τῶν
1195 3406 1372 3460 ποδῶν
1425 3407 1590 3462 αὐτοῦ
1639 3410 1984 3482 πατουμένην

404 3495 730 3566 σωματικῶς
758 3496 900 3549 θέλει
927 3496 1106 3565 λέγειν
1140 3498 1268 3569 περὶ
1313 3497 1472 3564 Θεοῦ,
1509 3498 1625 3552 ἀλλ’
1657 3501 1734 3564 ὡς
1763 3501 1985 3555 ὑποκει-

405 3587 572 3658 μένην
608 3590 674 3658 τῇ
699 3587 850 3658 θεῖκῇ
880 3586 1117 3659 ἐξουσίᾳ.
1150 3586 1308 3642 Οὕτω
1334 3590 1391 3642 δὲ
1415 3590 1600 3652 πάλιν,
1621 3592 1718 3645 ἐὰν
1746 3592 1988 3666 ἀκούσῃς

400 3677 644 3749 γαστέρα
675 3678 768 3730 ἐπὶ
809 3678 965 3741 Θεοῦ,
1016 3679 1090 3750 μὴ
1129 3682 1342 3751 πτυρῇς
1364 3681 1441 3745 ὡς
1472 3683 1784 3752 σωματικόν
1815 3701 1867 3736 τι
1898 3687 1985 3738 ὲν·-

403 3767 740 3839 θυμούμενος
759 3786 772 3799 ο
792 3768 930 3823 ἀλλά
950 3771 1322 3840 πνευματικόν
1339 3788 1394 3824 τι
1417 3772 1599 3826 ὲννοού
1608 3790 1787 3843 μενος,
1810 3774 1988 3839 λέξεις

401 3875 457 3911 τι
483 3861 750 3931 κρεῖττον,
776 3858 909 3931 αὐτὸ
929 3859 988 3911 τὸ
1019 3859 1130 3930 (55)
1165 3862 1483 3930 γεννητικὸν
1508 3861 1604 3915 τοῦ
1643 3863 1778 3917 Θεοῦ
1810 3866 1989 3934 ἐμφα-

401 3949 511 4013 νῶς
559 3966 641 4002 σοι
689 3949 750 4014 ἐξ
797 3949 960 4002 αὐτοῦ
1003 3951 1569 4022 ἀοι-εοκαλυπτόμενον.⁴
1601 3953 1759 4008 Οὕτω
1798 3955 1980 4021 πάλιν,

403 4044 593 4114 χεῖρας
637 4041 852 4097 ἀκούων
901 4043 1057 4109 Θεοῦ,
1106 4043 1169 4097 τὸ
1218 4046 1498 4116 ποιητικὸν
1544 4047 1710 4100 αὑτοῦ
1751 4047 1985 4118 γνώριζε

408 4132 594 4201 σαφῶς
616 4148 632 4163 ’
667 4128 761 4195 οὖς
788 4133 864 4198 δὲ,
896 4134 958 4187 τὸ
981 4135 1303 4189 ἀκουστικὸν
1332 4136 1498 4190 αὐτοῦ
1519 4154 1533 4168 ·
1568 4138 1881 4210 ὀφθαλμοὺς
1904 4141 1982 4207 δὲ,

403 4223 468 4277 τὸ
492 4224 797 4297 διορατικόν
833 4224 944 4297 (54)
965 4244 981 4257 -
1020 4227 1321 4299 πτέρυγας,
1363 4228 1425 4281 τὸ
1454 4232 1840 4286 σκεπαστικὸν.
1874 4233 1986 4286 Καὶ

2080 2865 2327 2929 possunt.
2364 2856 2505 2912 Sunt
2565 2866 2748 2911 autem
2801 2855 3051 2910 humanae
3102 2853 3292 2909 formae
3319 2852 3459 2921 apud
3498 2851 3668 2906 Deum

2083 2950 2290 3015 multae,
2312 2957 2368 3005 et
2400 2950 2558 3015 aliae;
2592 2963 2697 3003 nec
2729 2955 3012 3018 propterea
3051 2945 3219 3000 Deum
3249 2944 3521 2999 hominem
3547 2956 3670 2998 esse

2086 3042 2499 3106 existimamus,
2549 3039 2781 3110 exempli
2821 3053 2987 3094 causa
3037 3036 3080 3092 si
3120 3036 3315 3091 faciem
3375 3034 3667 3096 audimus,

2087 3132 2388 3203 oculosque
2414 3143 2468 3187 et
2500 3146 2680 3199 aures,
2721 3140 2776 3185 et
2804 3144 3019 3194 man-us,
3046 3137 3101 3183 et
3155 3128 3340 3197 pedes.
3376 3125 3563 3196 Neque
3604 3125 3671 3178 de

2086 3226 2199 3281 Deo
2233 3225 2416 3280 dicere
2442 3224 2577 3290 vult,
2613 3223 2752 3294 quod
2786 3222 2841 3277 in
2873 3220 3011 3276 coelo
3050 3219 3195 3275 velut
3225 3218 3276 3273 in
3307 3217 3438 3273 sede
3459 3214 3667 3279 sedeat,

2088 3332 2264 3386 neque
2294 3317 2437 3386 quod
2468 3327 2610 3371 terra
2638 3330 2735 3370 ceu
2773 3312 2970 3385 pedum
3000 3311 3167 3380 ipsius
3194 3308 3484 3364 scabellum
3511 3306 3672 3360 modo

2087 3422 2349 3476 corporeo
2397 3407 2638 3461 calcetur
2667 3406 2733 3472 ³³,
2790 3404 2883 3459 sed
2953 3401 3098 3472 quod
3157 3401 3352 3455 divinae
3409 3396 3670 3468 potestati

2090 3499 2332 3569 subjecta
2356 3499 2446 3554 sit.
2486 3496 2577 3552 Sic
2616 3511 2824 3560 rursus,
2849 3496 2895 3550 si
2927 3502 3140 3548 uterum
3172 3491 3240 3546 de
3268 3490 3377 3543 Deo
3408 3487 3668 3552 audieris,

2093 3607 2163 3648 ne
2195 3593 2540 3648 conturberis
2569 3599 2825 3657 tanquam
2862 3600 3179 3655 corporeum
3218 3582 3348 3653 quid
3376 3581 3623 3650 cogitans
3651 3595 3666 3633 :

2092 3685 2187 3739 sed
2229 3683 2511 3752 spirituale
2553 3681 2807 3752 quiddam
2860 3678 3208 3748 intelligens,
3243 3672 3448 3744 aliquid
3479 3671 3673 3729 melius

2090 3775 2330 3829 dicturus
2377 3788 2458 3839 es,
2491 3772 2745 3826 nimirum
2790 3770 2961 3840 ipsam
3014 3769 3122 3823 vim
3159 3766 3255 3820 Dei
3302 3763 3669 3834 generativam

2092 3866 2188 3921 tibi
2228 3881 2294 3919 ex
2324 3865 2440 3934 ipso
2472 3863 2652 3935 palam
2683 3863 2976 3918 revelatam
3025 3873 3167 3913 esse.
3195 3856 3288 3911 Sic
3318 3855 3517 3910 iterum
3546 3867 3669 3907 cum

2091 3973 2282 4012 manus
2332 3956 2490 4011 audis
2536 3956 2656 4021 Dei,
2695 3971 2815 4010 eam
2849 3967 3011 4024 quam
3065 3949 3229 4006 habet
3280 3947 3390 4001 vim
3438 3944 3672 3999 faciendi

2087 4058 2275 4119 aperte
2307 4062 2610 4119 cognosce:
2645 4060 2831 4101 aurem
2867 4058 3017 4108 vero,
3040 4056 3161 4096 eam
3179 4056 3285 4111 qua
3305 4037 3562 4109 praeditus
3589 4045 3677 4090 est

2088 4141 2340 4195 audiendi
2367 4138 2676 4195 facultatem
2710 4154 2724 4191 :
2757 4136 2964 4202 oculos,
2987 4133 3097 4188 vim
3120 4131 3337 4188 videndi
3358 4146 3374 4183 :
3395 4129 3531 4190 alas,
3550 4142 3678 4196 pro-

2087 4231 2300 4302 tegendi
2357 4239 2706 4301 potestatem.
2741 4230 2921 4299 Atque
2979 4225 3085 4280 alia
3133 4221 3316 4279 omnia
3365 4217 3673 4288 singulatim

473 4361 947 4449 :tIGISnLXIxﬂné:
1024 4364 1264 4449 ’iAmos
1299 4382 1371 4429 Iv,
1408 4365 1497 4449 ῌ.
1553 4368 1598 4400 ²⁶
1624 4368 1749 4425 Ose.
1777 4387 1817 4437 I,
1845 4371 1898 4427 7.
1974 4372 1985 4403 ¹

2122 4370 2266 4426 Tim.
2289 4387 2331 4438 ι,
2364 4370 2455 4426 18.
2529 4371 2575 4403 ’⁸
2603 4368 2670 4425 Ill
2692 4369 2850 4425 Esdr.
2873 4382 2946 4435 iv,
2977 4365 3066 4421 56.
3141 4360 3257 4403 ¹⁹-³⁰
3284 4358 3443 4416 Joan.
3474 4372 3588 4427 xw,
3617 4356 3673 4411 6.

404 4432 451 4466 ³¹
483 4433 547 4488 Ill
578 4432 735 4489 Esdr.
772 4449 844 4497 iv,
870 4433 959 4489 40.
1036 4434 1081 4466 ³³
1112 4434 1213 4489 lsa.
1242 4451 1387 4502 mm,
1420 4438 1470 4491 1.

482 4570 596 4642 (45)
640 4571 783 4626 Editi
821 4580 873 4624 et
909 4584 1047 4642 mss.
1085 4572 1350 4635 nonnulli,
1387 4571 1527 4626 Οὔτε
1571 4572 1681 4641 γὰρ
1716 4571 1985 4642 ἰσοτιμίαν

2094 4571 2346 4635 ambigue
2373 4581 2421 4626 et
2452 4573 2689 4627 obscure.

406 4640 690 4712 ἀγγέλους,
720 4641 880 4695 male.
908 4640 1046 4712 Reg.
1081 4646 1373 4712 secundus,
1395 4642 1545 4712 061s
1573 4640 1683 4712 γὰρ
1722 4640 1993 4712 ἰσοτιμίαν

406 4711 676 4784 ἀγγέλοις,
713 4727 819 4784 non
853 4710 1064 4784 melius.
1096 4711 1278 4766 Codex
1306 4710 1459 4768 Colb.
1478 4711 1616 4767 Οὔτε
1634 4710 1745 4784 γὰρ
1769 4714 1850 4776 εἰς
1868 4710 1994 4765 ισο-

406 4782 593 4850 τιμίαν
627 4781 912 4849 ἀγγέλους,
946 4780 1103 4834 bene.

2175 4630 2288 4714 (50)
2324 4643 2464 4714 E_diti
2491 4645 2539 4695 εί
2569 4642 2644 4714 μὴ
2675 4644 2761 4696 ὲκ.
2791 4641 3017 4713 Antiqui
3051 4651 3159 4697 tres
3188 4640 3310 4696 libri
3344 4638 3395 4714 εἰ
3425 4637 3559 4714 μὴ·ῼὴ
3587 4630 3673 4714 ὲκ.

2174 4708 2287 4835 (51)
2340 4711 2481 4765 Editi
2513 4708 2581 4766 et'
2616 4708 2723 4767 duo
2776 4727 2909 4767 mss.
2940 4708 3044 4767 non
3079 4713 3233 4766 valde
3268 4708 3493 4778 antiqui
3516 4708 3675 4761 ἱκανὰ

2204 4822 2216 4835 .
2244 4786 2314 4835 At
2340 4783 2489 4835 lteaii
2513 4785 2802 4835 secundus.
2832 4784 3025 4835 tertius
3051 4793 3106 4835 et
3144 4788 3331 4835 sextus
3366 4796 3489 4834 cum
3520 4779 3672 4833 Colb.

2097 4779 2216 4836 καί.
2244 4786 2314 4836 At
2340 4783 2489 4850 Regii
2513 4785 2802 4846 secundus,
2832 4784 3025 4838 tertius
3051 4793 3106 4837 et
3144 4788 3331 4837 sextus
3366 4796 3489 4834 cum
3520 4779 3672 4833 Colb.

480 4850 1117 4931 @(i)_C_o_dex_unus_oﬁse
1135 4850 1307 4931 Θεοῦ.
1336 4852 1442 4931 Alii
1469 4868 1602 4931 mss.
1629 4862 1686 4931 e_t_
1708 4851 1838 4931 editi
1867 4851 1985 4905 οὔτε

2103 4854 2280 4931 ίκανεζ
2306 4851 2420 4931 καί.
2448 4853 2707 4931 Suspicor
2727 4863 2906 4906 autem
2941 4856 3012 4931 ita
3063 4863 3338 4931 auctorem
3371 4850 3675 4931 scripsisse,

409 4920 546 4991 Θεῷ.
573 4921 769 4991 Malim
795 4922 854 4974 ὲν
889 4920 1030 4991 Θεῷ,
1066 4923 1147 4975 vel
1173 4923 1328 4976 Θεόν.
1378 4923 1573 4976 Statim
1603 4925 1734 4977 editi
1779 4932 1990 4976 etmss.

411 4989 651 5112 Itonéiulli
703 4989 781 5061 τῷ
819 4990 1097 5060 λέγεσθαι.
1147 4991 1369 5065 Antiqui
1404 5003 1513 5047 tres
1539 4993 1665 5048 libri
1693 4995 1751 5045 ὲν
1794 4992 1873 5063 τῷ
1901 4992 1991 5046 λέ-

411 5077 511 5112 γεσ
547 5077 624 5112 αι.

409 5077 624 5130 γεσυαι.

482 5130 594 5201 (47)
629 5128 785 5192 Illud,
810 5130 956 5198 τότε,
991 5133 1066 5185 ita
1107 5132 1368 5204 scriptum
1402 5141 1738 5204 oportuerat,
1766 5142 1824 5187 ut
1870 5134 1988 5187 vir-
2020 5192 2025 5197 ,

411 5204 531 5274 gula
562 5213 856 5274 poneretur
884 5213 1006 5269 post
1036 5203 1263 5274 primam
1290 5203 1571 5274 syllabam.
1600 5205 1809 5258 Etenim
1832 5204 1984 5268 illud,

408 5273 470 5325 τό
498 5289 558 5325 τε
586 5272 651 5324 ad
698 5272 827 5325 illud
858 5274 952 5327 καὶ
984 5273 1048 5325 τό
1093 5272 1280 5328 referri
1313 5272 1510 5327 debere
1539 5285 1748 5328 constat
1790 5293 1803 5329 :
1844 5277 1988 5342 quod

410 5359 532 5464 (‘l‘lm
566 5346 833 5424 interpres
864 5359 973 5399 non
1005 5347 1333 5409 attenderet,
1362 5345 1580 5401 incaute
1606 5346 1809 5400 vertit:
1841 5344 1988 5398 Tunc

410 5431 442 5464 tt
467 5423 629 5464 acuti.

467 5414 629 5466 acuit.

409 5431 764 5558 “ibimus
781 5485 979 5558 siduo
1009 5500 1139 5558 mss.
1168 5484 1329 5558 δώσει
1353 5482 1580 5558 κύριος’
1627 5484 1988 5558 άαλθίί-ροίπί·

412 5571 530 5608 nus.
557 5556 741 5609 Codex
771 5554 924 5626 Corlh.
957 5565 1013 5609 et
1035 5556 1125 5609 alii
1160 5557 1269 5610 duo
1292 5553 1457 5625 Regii
1477 5555 1624 5626 δώῃ,
1665 5556 1749 5609 det
1776 5554 1854 5608 illi
1878 5553 1988 5608 Do-

410 5626 611 5688 minus;
660 5640 759 5679 nec
804 5625 966 5681 aliter
1016 5626 1249 5691 inllexm
1276 5640 1435 5681 sacro
1472 5625 1688 5693 legitur.

487 5694 596 5766 (t9)
638 5693 806 5752 Vetus
833 5696 971 5755 liber
998 5696 1151 5754 Colb.
1184 5696 1420 5768 μετρίως
1452 5694 1547 5751 καὶ
1572 5694 1799 5766 ἀσαφῶς
1819 5736 1833 5765 ,
1862 5711 1986 5751 num

2101 4939 2223 4975 cum
2265 4924 2337 4976 ita
2375 4923 2584 4989 legatur
2618 4924 2670 4976 in
2707 4938 2838 4977 mss.
2873 4924 3274 4992 antiquioribus
3312 4939 3323 4973 :
3370 4922 3462 4992 sed
3492 4934 3675 4992 vocem

2100 4994 2299 5063 ἱκανεῖ,
2332 4993 2589 5063 quoniam
2642 4992 2883 5048 insolens
2915 4990 3032 5047 erat
3058 5005 3113 5048 et
3146 4992 3381 5055 insolita,
3414 4990 3617 5044 idcirco
3644 5002 3674 5041 a

2097 5062 2628 5116 librariismutatam
2656 5078 2798 5117 esse.

2170 5132 2284 5209 (52)
2336 5132 3061 5209 Ειίἰιὶᾑκαθαπερεὶᾷθρόνῳ.
3113 5130 3491 5209 Antiqui_t_iuo
3533 5127 3672 5209 libri

2095 5199 2352 5274 καθάπερ
2377 5205 2436 5255 ὲν
2470 5201 2667 5274 θρόνῳ.
2719 5199 2912 5258 Statim
2947 5199 3075 5259 mss.
3117 5214 3227 5258 tres
3262 5199 3453 5256 ποδῶν
3486 5199 3673 5274 αὐτοῦ.

2094 5272 2215 5396 ἴοι
2249 5270 2417 5396 αὐῖοῦ
2452 5270 2517 5327 ἱιί
2551 5270 2713 5329 editis
2747 5277 3111 5331 desideratur.
3159 5274 3292 5344 Reg.
3329 5283 3554 5328 quartus
3579 5270 3671 5326 θέ-

2128 5362 2230 5396 εις.
2252 5362 2335 5396 ma
2362 5362 2410 5396 (Β.

2128 5362 2230 5407 εις,
2252 5347 2410 5397 male.

2167 5414 2282 5486 (5'5)
2305 5414 2450 5469 Editi
2475 5422 2529 5469 et
2564 5431 2657 5471 sex
2692 5431 2826 5471 mss.
2855 5412 3343 5487 XpETTTOVidDTOD,
3372 5412 3434 5487 τό
3471 5428 3486 5443 ·
3525 5410 3671 5487 qupd

2094 5482 2223 5553 quin
2260 5482 2578 5539 inendosum
2606 5489 2696 5551 sit,
2718 5502 2824 5540 non
2860 5482 3068 5540 dubito.
3099 5486 3278 5540 Codex
3300 5483 3451 5538 Colb.
3488 5482 3673 5551 κρεῖτ-

2092 5570 2219 5627 τον,
2238 5555 2372 5627 αὐτὸ
2400 5556 2484 5620 τό,
2508 5556 2670 5621 ipsam
2702 5559 2945 5627 gignendi
2986 5556 3316 5627 facultatem,
3344 5554 3565 5627 optime.

2166 5625 2282 5698 (54)
2314 5625 2446 5701 Reg.
2481 5623 2796 5701 quartus—1‘6
2826 5623 3100 5701 ὁρατικόν.
3157 5626 3357 5680 Ibidem
3415 5623 3558 5678 idem
3583 5633 3670 5675 ως

2094 5697 2196 5756 ἀει
2225 5696 2504 5769 πτέρυγας
2530 5697 2609 5754 δέ.
