3956 6216
316 271 422 328 759

1693 276 1751 332 S.
1792 274 2038 332 BASILII
2073 273 2290 330 MAGNI

3495 286 3622 343 780

312 403 534 451 servant
557 396 762 466 pariter
785 398 1056 467 propriam
1089 412 1152 452 ac
1181 400 1538 454 recnssimam
1571 398 1638 454 de
1669 399 1778 454 Deo
1813 401 1897 457 in-

2005 400 2066 454 τὰ
2095 400 2231 455 ἄλλα
2256 400 2435 454 πάντα
2461 394 2744 462 ὡσᾶύτως,
2774 397 3007 453 ἕκαστον
3041 400 3178 455 ίόίαν
3200 403 3363 468 σώζει
3384 403 3612 461 ἔννοιαν

314 488 686 560 telligentiam.
738 491 975 546 maxime
1007 491 1148 561 apud
1176 506 1270 546 eos
1300 493 1392 561 qui
1449 500 1595 547 recte
1649 496 1898 548 credunt.

313 581 544 636 Nomina
580 583 744 652 igitur
771 582 826 636 in
861 599 962 638 usu
1009 592 1137 638 sunt
1184 583 1493 639 hominibus
1527 585 1594 638 ad
1631 586 1904 653 cognitio-

313 688 436 729 nem
467 687 533 727 ae
555 673 957 729 distinctionem
988 673 1439 740 substantiarum,
1478 683 1572 728 aut
1605 676 1769 729 etiam
1814 691 1904 731 re-

313 780 453 829 rum,
495 779 559 819 ac
604 779 793 819 eorum
834 781 954 835 quae
999 766 1148 821 circa
1192 767 1527 821 substantias
1576 767 1893 833 excogitan-

316 865 421 910 tur.
446 854 633 926 Itaque
684 864 876 912 venter
905 857 958 910 in
993 857 1103 912 Deo
1133 873 1205 913 ne
1231 867 1282 913 te
1313 860 1391 912 rei
1435 860 1677 914 novitate
1711 869 1906 929 stupe-

314 945 496 1013 faciat,
526 961 649 1001 cum
683 961 783 1002 nec
806 963 998 1002 manus
1027 962 1128 1003 nec
1165 947 1269 1002 alia
1303 963 1423 1018 quae
1453 950 1708 1018 superius
1737 949 1902 1004 relata

315 1048 461 1107 sunt,
522 1049 575 1095 te
620 1049 982 1110 perterreant.
1021 1040 1254 1096 Proinde
1295 1057 1470 1111 neque
1521 1043 1805 1111 generatio
1848 1043 1901 1094 in

313 1128 424 1184 Deo
453 1131 742 1184 attonitum
767 1141 820 1186 te
846 1131 1058 1197 reddat,
1090 1145 1266 1201 neque
1314 1146 1502 1187 eorum
1544 1131 1636 1201 qui
1677 1131 1904 1187 audiunt

311 1235 658 1290 quemquam.

382 1312 436 1368 5.
468 1314 620 1380 Quod
655 1314 700 1368 si
752 1313 875 1383 quis
929 1314 1088 1369 timet
1129 1328 1198 1369 ne
1240 1315 1312 1370 sit
1352 1314 1406 1368 in
1444 1313 1556 1368 Deo
1605 1321 1903 1384 generante

305 1403 544 1469 all‘ectio,
574 1415 753 1474 potest
781 1416 836 1460 et
877 1407 1113 1461 creantis
1155 1407 1345 1461 timere
1388 1417 1618 1471 motum,
1644 1415 1698 1460 et
1749 1405 1900 1460 labo-

311 1511 449 1560 rem,
483 1505 539 1551 et
597 1497 838 1551 materia:
876 1498 1299 1566 assumptionem
1324 1537 1341 1564 ,
1381 1511 1436 1552 et
1485 1511 1642 1550 usum
1696 1498 1899 1551 instruo

311 1599 641 1644 mentorum.
680 1589 805 1644 Haac
861 1592 1005 1644 enim
1063 1591 1260 1645 adsunt
1287 1590 1636 1659 operantibus
1661 1588 1900 1643 homini-

308 1679 432 1734 bus.
464 1678 520 1735 Si
577 1695 707 1734 vero
748 1681 935 1735 istlttec
966 1680 1076 1734 Deo
1121 1697 1224 1735 non
1273 1682 1494 1745 adsunt,
1542 1695 1714 1748 neque
1745 1681 1896 1732 adest

2004 488 2301 560 ὀρθοτάτην
2333 489 2460 559 περὶ
2486 488 2645 550 Θεοῦ,
2666 488 2897 556 μάλιστα
2916 492 3030 554 τοῖς
3057 491 3235 562 ὀρθῶς
3252 495 3603 552 πιστεύουσι.

2005 580 2087 633 Τὰ
2115 576 2209 634 οὖν
2238 581 2479 652 ὀνόματα
2500 581 2691 653 χρῆσίς
2721 583 2868 636 ἐστιν
2898 582 3207 652 ἀνθρώποις
3234 586 3369 658 πρὸς
3389 589 3608 656 γνῶσιν

2009 671 2100 723 καὶ
2121 670 2399 742 διάκρισιν
2424 671 2537 740 (55)
2571 671 2787 735 οὐσιῶν,
2818 672 2852 743 ἢ
2883 673 2978 727 καὶ
3001 675 3343 746 πραγμάτων
3366 679 3464 731 καί
3485 679 3606 732 τῶν

2005 763 2133 834 περὶ
2170 763 2272 826 τὰς
2309 763 2496 828 οὐσίας
2542 764 2956 836 ἑπινοηθὲντων.
2995 768 3087 838 Μὴ
3111 765 3205 822 οὖν
3236 787 3296 822 σε
3337 769 3604 835 ξενιζέτω

2003 854 2217 925 γαστὴρ
2265 855 2358 907 ἐπὶ
2403 854 2568 908 Θεοῦ*
2601 855 2724 908 ἐπεὶ
2773 857 2911 927 μηδὲ
2949 857 3095 928 χεὶρ,
3149 859 3183 930 ἢ
3228 860 3297 913 τὰ
3342 861 3482 915 ἄλλα
3524 860 3602 914 τὰ

2004 946 2400 1017 προειρημένα.
2424 946 2632 1000 Οὐκοῦν
2652 945 2774 999 οὐδὲ
2798 947 3051 1020 γέννησις
3078 949 3170 1002 ἐπὶ
3196 950 3330 1004 Θεοῦ
3360 952 3608 1018 ξενίσειέ

2007 1054 2088 1100 σε,
2121 1038 2152 1107 ἢ
2185 1054 2310 1092 τινα
2333 1037 2444 1091 τῶν
2471 1039 2802 1092 ἀκουόντων.

2072 1296 2124 1350 5.
2159 1297 2225 1356 Εἰ,
2247 1297 2306 1350 δὲ
2335 1297 2506 1362 πάθος
2533 1299 2594 1352 ὲν
2622 1299 2742 1370 Θεῷ
2769 1299 3027 1368 γεννῶντι
3061 1302 3304 1369 φοϐεῖταί
3332 1305 3610 1368 τιςνξπι.

2001 1390 2098 1442 καὶ
2126 1389 2400 1453 κτίζοντος
2434 1389 2738 1462 φοϐηθῆναι
2780 1393 3016 1463 κίνησιν,
3059 1394 3154 1446 καὶ
3186 1396 3456 1464 κάματον,
3493 1399 3598 1451 καὶ

2001 1480 2305 1552 πρόσληψιν
2350 1481 2504 1553 ὕλης,
2546 1485 2642 1538 καὶ
2693 1485 2885 1556 χρείαν
2924 1487 3192 1556 ὁργάνων.
3244 1489 3431 1544 Ταῦτα
3476 1492 3596 1564 γὰρ

2000 1573 2088 1624 ἐπ’
2135 1572 2440 1643 ἀνθρώπων
2503 1574 3001 1646 δημιουργούντων.
3059 1575 3124 1632 Εἰ
3177 1579 3234 1633 δὲ
3295 1579 3474 1634 ταῦτα
3525 1584 3595 1635 οὐ

2002 1665 2256 1736 πρόσεστι
2293 1667 2432 1738 Θεῷ,
2463 1668 2585 1724 οὐδὲ
2618 1669 2790 1733 πάθος
2828 1673 2887 1723 ὲν
2922 1671 2999 1742 τῷ
3031 1675 3250 1742 γεννᾷν.
3296 1673 3592 1728 Ἀδύνατον

309 1767 525 1823 ιιίΐεοιὶο
570 1769 624 1823 in
675 1771 1004 1840 generando.
1045 1769 1185 1824 Fieri
1235 1770 1379 1824 enim
1435 1786 1541 1825 non
1582 1778 1789 1839 potest,
1845 1773 1897 1822 ul

2005 1754 2112 1824 γὰρ
2143 1756 2243 1827 τὴν
2278 1757 2466 1827 ἀπαθῆ
2499 1758 2664 1827 φύσιν
2705 1759 2869 1813 πάθει
2900 1765 3236 1833 περιπεσεῖν.
3263 1763 3328 1817 Τί
3361 1760 3457 1817 οὖν
3491 1782 3598 1834 φο·

1997 1845 2172 1898 δεῖταί
2220 1863 2304 1910 τις
2345 1847 2547 1916 φόϐον,
2591 1845 2653 1904 οὗ
2709 1853 2810 1904 οὐκ
2861 1851 2977 1904 ἔστι
3023 1852 3220 1920 φόϐος;
3276 1853 3410 1921 Θεὸς
3461 1856 3598 1910 οὺδδ

1995 1937 2204 2006 γεννῶν
2249 1939 2310 2003 ἐξ
2354 1941 2519 1994 αὑτοῦ
2567 1942 2728 2010 φύσει
2773 1943 2997 2012 πάσχει·
3035 1944 3110 2015 μὴ
3155 1945 3365 2013 γένοιτο
3392 1964 3405 1979 ·
3459 1947 3598 2002 οὔτε

1996 2028 2196 2093 κτίζων
2223 2031 2288 2082 ἐκ
2318 2030 2414 2084 τοῦ
2457 2033 2530 2102 μὴ
2560 2033 2711 2096 ὄντος
2744 2051 2822 2096 τι,
2865 2034 2899 2104 ἦ
2938 2034 2998 2086 τὸ
3036 2038 3144 2088 πᾶν
3171 2036 3308 2107 (56),
3340 2039 3548 2108 κάμνει
3569 2056 3588 2071 ο

2000 2119 2076 2191 μὴ
2113 2121 2324 2189 γένοιτο
2345 2162 2359 2187 ,
2405 2123 2542 2193 μηδὲ
2574 2124 2788 2196 ῥηθείη.
2835 2126 2898 2178 Εἰ
2923 2126 2980 2178 δὲ
3004 2126 3067 2178 τὸ
3098 2127 3157 2181 ἓν
3183 2126 3440 2198 φεύγεις,
3491 2131 3593 2185 καὶ

311 1870 504 1914 natura
530 1859 834 1914 aﬂ‘ectionis
857 1876 1052 1929 expers
1081 1863 1134 1914 in
1159 1861 1500 1915 aﬂectionem
1537 1861 1761 1916 incidat.
1787 1860 1897 1916 Cur

310 1949 475 2020 igitur
503 1952 656 2005 timet
677 1953 797 2019 quis
825 1952 1096 2016 timorem,
1141 1953 1230 2007 ubi
1276 1954 1436 2008 timor
1469 1968 1573 2006 non
1603 1953 1723 2008 est?
1756 1954 1898 2008 Deus

310 2058 487 2114 neque
516 2059 635 2097 cum
663 2059 726 2098 ex
762 2057 821 2097 se
853 2053 1045 2097 natura
1063 2053 1306 2111 generat,
1336 2044 1606 2099 aﬂ‘ectioni
1631 2045 1898 2099 obnoxius

310 2146 426 2201 est;
458 2135 640 2191 absit!
676 2150 851 2204 neque
881 2135 1111 2201 laborat,
1147 2150 1270 2190 cum
1310 2147 1404 2190 aut
1434 2136 1658 2204 aliquid,
1698 2147 1792 2191 aut
1819 2151 1900 2190 re-

309 2243 430 2282 rum
461 2229 870 2282 universitatem
905 2244 936 2282 e
979 2228 1150 2282 nihilo
1185 2236 1368 2282 creat:
1407 2227 1585 2293 absit,
1607 2243 1781 2296 neque
1817 2229 1899 2282 di-

310 2321 496 2375 catur!
528 2319 679 2387 Quod
703 2321 748 2375 si
773 2336 937 2374 unum
971 2319 1193 2391 refugis,
1221 2321 1383 2374 etiam
1415 2329 1625 2387 totum;
1658 2323 1701 2376 si
1727 2329 1898 2375 totum

308 2413 472 2485 317
508 2414 777 2477 similiter,
808 2413 972 2468 etiam
1004 2429 1200 2479 unum;
1241 2413 1288 2467 si
1320 2429 1485 2467 unum
1519 2414 1755 2467 humano
1784 2428 1900 2466 mo-

309 2521 394 2572 re,
425 2506 588 2560 etiam
619 2513 824 2570 totum;
855 2505 937 2559 sin
969 2514 1148 2559 autem
1175 2514 1345 2560 totum
1375 2520 1480 2559 non
1515 2507 1754 2560 humano
1784 2519 1901 2559 mo-

307 2611 389 2663 re,
421 2612 489 2652 ne
520 2613 684 2651 unum
742 2597 982 2666 quidem.
1010 2596 1224 2650 Etenim
1253 2597 1298 2650 si
1331 2596 1472 2650 Dens
1501 2612 1564 2651 ea
1603 2613 1724 2666 qua!
1748 2613 1780 2651 e
1814 2598 1898 2650 ni-

306 2688 422 2744 hilo
467 2697 744 2754 creantur,
799 2689 932 2743 l‘acit
985 2688 1284 2750 voluntate,
1335 2697 1506 2741 totum
1562 2688 1680 2742 sine
1716 2687 1899 2740 labore

308 2777 508 2848 efﬁcit;
539 2780 700 2850 idque
749 2782 890 2849 apud
939 2796 1038 2836 nos
1076 2797 1178 2834 non
1213 2790 1295 2835 est
1323 2780 1663 2835 incredibile.
1705 2780 1894 2834 Credi-

308 2870 471 2927 bilius
523 2883 706 2927 autem
755 2873 1025 2926 videbitur
1077 2872 1350 2935 omnibus,
1384 2873 1550 2925 Deum
1583 2887 1646 2926 ex
1677 2888 1733 2926 sc
1778 2873 1894 2939 ipso

310 2972 507 3015 natura
536 2961 716 3016 divina
757 2963 1022 3031 modoque
1064 2963 1230 3017 Deum
1264 2961 1489 3015 decente
1518 2962 1771 3029 genuisse
1801 2978 1893 3032 ge-

311 3052 534 3106 nuinum
589 3052 783 3118 lilium,
843 3052 1051 3107 honore
1089 3051 1371 3120 :nqualent,
1400 3053 1664 3120 aequalem
1696 3055 1887 3122 gloria.

312 3145 492 3200 throni
523 3144 764 3213 ejusdem
790 3155 1119 3209 consortem,
1151 3144 1543 3208 consiliarium,
1579 3156 1894 3213 cooperato-

311 3251 447 3303 rem,
482 3235 993 3290 consubstantialem
1047 3235 1193 3292 Patri
1239 3246 1295 3291 et
1353 3237 1479 3300 Deo,
1523 3252 1627 3291 non
1675 3237 1898 3294 diversae

310 3327 650 3392 substantiae,
681 3339 857 3396 neque
887 3325 1118 3381 alienum
1143 3327 1209 3382 ab
1253 3327 1370 3396 ejus
1411 3328 1524 3382 sola
1550 3328 1766 3384 deitate.
1802 3328 1896 3382 Sin

311 3418 514 3483 minus,
547 3432 613 3473 ne
644 3417 952 3473 adorandus
1002 3417 1220 3487 quidem
1272 3426 1378 3475 est.
1415 3416 1598 3488 Neque
1651 3419 1818 3484 enim,
1841 3427 1900 3473 ut

311 3511 576 3579 scriptum
609 3518 694 3564 est
719 3509 784 3575 ³³,
818 3510 974 3566 deum
1004 3509 1239 3564 alienum
1266 3510 1517 3565 adorabis
1550 3527 1564 3564 :
1603 3526 1778 3580 neque
1814 3525 1898 3564 re-

311 3613 526 3658 centem
554 3617 882 3672 quemquam
913 3602 1072 3656 deum
1101 3602 1378 3672 suspicere
1396 3603 1675 3672 jubemur.
1716 3602 1792 3657 Ne
1814 3603 1898 3658 di-

312 3709 410 3750 cas
439 3695 605 3765 igitur
636 3694 878 3749 additum
909 3709 1031 3750 esse
1061 3709 1284 3759 numen,
1324 3709 1502 3764 neque
1529 3693 1800 3748 silentium
1833 3698 1898 3750 de

311 3787 453 3844 Filio
493 3787 660 3842 fuisse
714 3787 853 3856 apud
908 3788 1198 3856 antiquos,
1230 3786 1385 3841 nobis
1434 3800 1562 3839 vero
1600 3785 1894 3839 revelatum

311 3893 454 3944 esse,
484 3877 532 3934 si
584 3877 742 3931 modo
794 3877 1087 3932 conﬁteare
1125 3875 1360 3931 Verbum
1418 3891 1596 3930 rerum
1647 3875 1895 3944 opiﬁcem

312 3966 535 4026 Filium.
565 3967 700 4023 Nam
733 3968 968 4023 Verbum
1003 3977 1269 4023 noverant
1292 3977 1496 4037 patres,
1532 3966 1622 4022 Dei
1661 3965 1895 4021 Verbum

313 4059 635 4127 adorabunt,
665 4067 718 4113 et
755 4073 879 4113 cum
917 4057 1098 4114 Verbo
1140 4057 1426 4129 Spiritum.
1466 4056 1651 4126 Neque
1683 4070 1899 4124 separes

312 4167 436 4208 eum
481 4151 548 4207 ab
595 4166 660 4207 eo
697 4149 791 4220 qui
835 4149 968 4205 dicit
1001 4166 1014 4202 :
1059 4148 1172 4219 Ego
1221 4149 1366 4204 Deus
1407 4148 1576 4209 solus.
1611 4157 1658 4202 et
1690 4163 1792 4201 non
1819 4155 1898 4201 est

312 4252 508 4314 prwter
536 4259 620 4297 me
653 4241 736 4309 “;
789 4250 848 4295 ut
898 4256 967 4296 ne
1019 4241 1321 4295 conviclum
1363 4240 1416 4294 in
1472 4239 1709 4305 Filium,
1742 4239 1896 4307 quasi

315 4334 458 4389 Deus
516 4350 623 4388 non
667 4342 836 4400 esset,
881 4333 1093 4401 cogaris
1152 4333 1577 4398 dicerezneque
1624 4328 1897 4399 disjnngas

1995 2213 2056 2265 τὸ
2083 2216 2191 2267 πᾶν
2223 2215 2335 2286 (57)
2360 2232 2374 2246 ο
2411 2219 2460 2269 εί
2486 2216 2548 2270 τὸ
2578 2219 2686 2271 πᾶν
2729 2219 2952 2288 ὁμοίως,
2984 2220 3080 2272 καὶ
3111 2220 3173 2273 τὸ
3211 2220 3273 2274 ἓν
3294 2237 3309 2252 ·
3353 2224 3405 2276 εί
3429 2223 3496 2276 τὺ
3527 2223 3592 2278 ἐν

1998 2306 2374 2378 ἀνθρωπίνως,
2408 2310 2504 2362 καὶ
2541 2309 2601 2362 τὸ
2636 2311 2776 2362 πᾶνο
2817 2312 2866 2363 εί
2901 2310 2959 2363 δὲ
2991 2311 3053 2364 τὸ
3086 2313 3193 2366 πᾶν
3219 2311 3319 2366 οὐκ
3365 2314 3592 2384 ἀνθρω-

1999 2399 2189 2465 πίνως,
2221 2400 2341 2453 οὐδὲ
2369 2402 2430 2453 τὸ
2446 2401 2524 2454 ἓν.
2554 2401 2617 2454 Εἰ
2644 2401 2754 2472 γὰρ
2787 2401 2854 2454 τὰ
2878 2402 2936 2468 ἐξ
2976 2401 3086 2474 (58)
3116 2403 3216 2456 οὐκ
3243 2405 3412 2458 ὄντων
3437 2407 3592 2459 ποιεῖ

2001 2493 2252 2564 βουλήσει
2280 2492 2436 2557 Θεὸς,
2463 2492 2524 2547 τὸ
2549 2495 2657 2547 πᾶν
2689 2493 2988 2564 ἀκαμάτως
3007 2513 3022 2527 ο
3077 2495 3173 2549 καὶ
3215 2497 3317 2550 οὐκ
3353 2497 3590 2550 ἄπιστον

1999 2583 2158 2638 τοῦτο
2184 2586 2313 2656 παρ’
2343 2587 2500 2655 ἡμῖν.
2541 2585 2867 2657 Πιστότερον
2895 2586 2940 2640 δ’
2967 2586 3034 2640 ἂν
3069 2590 3205 2642 πᾶσι
3236 2588 3381 2660 (59),
3423 2589 3491 2642 τὸ
3528 2590 3594 2654 ἐξ

1997 2677 2162 2730 αὑτοῦ
2195 2677 2354 2746 φύσει
2384 2677 2504 2749 θείᾳ
2533 2679 2629 2731 καὶ
2659 2677 2978 2750 θεοπρεπῶς
3007 2681 3397 2752 γεγεννηκέναι
3439 2683 3590 2736 ἀπα-

1999 2770 2107 2833 θῶς
2151 2769 2242 2822 τὸν
2289 2770 2420 2823 Θεὸν
2471 2771 2601 2824 Υἱὸν
2639 2772 2884 2842 γνήσιον,
2941 2771 3236 2845 ὁμότιμον,
3289 2773 3586 2845 ὁμόδοξοκ.

1998 2861 2306 2930 σύνθρονον,
2343 2861 2647 2932 σύμϐουλον
2699 2863 2796 2917 καὶ
2835 2865 3128 2935 συνεργὸν,
3171 2866 3456 2935 όμοούσιον
3508 2866 3593 2941 τῷ

1997 2955 2172 3024 Πατρὶ
2206 2956 2300 3007 καὶ
2333 2953 2471 3025 Θεῷ,
2501 2955 2597 3008 καὶ
2625 2955 2723 3025 οὐχ
2748 2957 3106 3027 έτεροούσιον,
3140 2957 3265 3011 οὐδὲ
3297 2959 3590 3029 ἀλλότριον

1993 3048 2090 3116 τῆς
2116 3047 2326 3100 ἐκείνου
2359 3047 2527 3118 μόνης
2556 3047 2831 3119 θεότητος.
2865 3050 2928 3102 Ei
2956 3049 3011 3102 δὲ
3050 3053 3123 3122 μή
3148 3067 3232 3118 γε,
3250 3051 3374 3104 οὐδὲ
3397 3069 3582 3122 7:990-

2003 3140 2254 3210 κυνητός.
2318 3139 2454 3194 Οὐδὲ
2513 3140 2623 3209 γὰρ
2667 3142 3064 3212 προσκυνήσεις
3115 3142 3222 3212 θεῷ
3273 3142 3588 3215 ἀλλοτρίῳ,

2000 3231 2310 3301 γέγραπται
2330 3248 2343 3261 ·
2367 3231 2488 3285 οὐδὲ
2517 3231 2830 3302 πρόσφατόν
2862 3250 2982 3286 τινα
3023 3233 3432 3304 παραδέξασθαι
3460 3235 3586 3289 θεὸν

1999 3322 2506 3393 παρακελευόμεθα.
2556 3323 2649 3394 Μὴ
2683 3323 2862 3376 τοίνυν
2900 3324 3024 3393 λέγε
3058 3324 3380 3397 προσθήκην
3423 3327 3590 3381 636d-

2001 3430 2226 3482 σματος,
2251 3413 2468 3483 μηδ’ὃτι
2494 3413 2802 3484 σεσιώπητο
2830 3418 2944 3479 τοῖς
2972 3415 3219 3478 παλαιοῖς
3236 3419 3264 3469 ὁ
3282 3416 3432 3481 Υἱὸς,
3449 3420 3592 3488 ἡμῖν

1997 3503 2053 3555 δὲ
2100 3503 2573 3566 ἀποκεκάλυπται,
2615 3505 2773 3576 εἴπερ
2806 3506 2978 3573 Λόγον
3008 3506 3342 3577 δημιουργὸν
3392 3508 3586 3578 ὁμολο-

1997 3598 2114 3664 γεῖς
2139 3596 2229 3649 τὸν
2257 3597 2404 3648 Υἱόν.
2434 3596 2605 3665 Λόγον
2631 3596 2740 3669 γὰρ
2772 3597 2994 3668 ᾔδεισαν
3020 3599 3068 3650 οἱ
3101 3599 3335 3670 πατέρες
3355 3639 3372 3663 ,
3408 3601 3588 3669 Λόγον

1998 3685 2133 3738 Θεοῦ
2172 3685 2563 3754 προσεκύνουν,
2602 3687 2696 3739 καὶ
2733 3687 2832 3741 σὺν
2869 3687 3028 3757 Λόγῳ
3060 3687 3122 3740 τὸ
3147 3688 3392 3759 Πνεῦμα.
3429 3691 3587 3762 Μηᾶ

1997 3777 2237 3850 χωρίσῃς
2265 3779 2426 3831 αὐτὸν
2455 3777 2563 3831 ἀπὸ
2589 3777 2684 3831 τοῦ
2712 3777 2981 3846 λέγοντος,
3025 3780 3174 3849 Ἐγὼ
3207 3779 3352 3846 Θεὸς
3366 3781 3583 3850 μόνος.

1997 3869 2096 3921 καὶ
2143 3870 2256 3922 οὐκ
2307 3869 2440 3924 ἐστι
2497 3868 2666 3938 πλὴν
2709 3869 2858 3938 ἐμοῦ
2884 3888 2898 3899 ·
2955 3871 3042 3924 ἴνα
3096 3871 3171 3942 μὴ
3237 3870 3584 3943 βλασφημεῖν

1997 3958 2345 4030 ἀναγκασθῇς
2390 3958 2480 4012 τὸν
2515 3959 2644 4014 Υίὸν
2687 3959 2762 4023 ὡς
2807 3960 2907 4013 οὐκ
2935 3959 3064 4014 ὄντα
3105 3961 3267 4015 Θεόν·
3304 3962 3439 4032 μηδὲ
3476 3981 3585 4032 χω-

1998 4050 2158 4123 ρίσῃς
2189 4049 2353 4104 αὐτὸν
2387 4049 2497 4103 ἀπὸ
2523 4050 2617 4104 τοῦ
2657 4051 2907 4120 λέγοντος
2926 4069 2938 4080 ·
2984 4052 3125 4120 Ἐγὼ
3151 4052 3422 4117 ἐξέτεινα
3472 4055 3585 4107 τὸν

1997 4139 2258 4206 οὐρανὸν
2291 4141 2501 4209 μόνος,
2534 4140 2622 4194 ἵνα
2670 4143 2746 4212 μὴ
2778 4141 2874 4194 καὶ
2902 4139 2995 4194 τοῦ
3031 4140 3364 4212 δημιουργὸν
3400 4141 3584 4209 λέγειν

1997 4229 2088 4285 τὸν
2113 4230 2241 4284 Υἱδν
2264 4232 2510 4302 ἀποστῇς
2533 4231 2642 4300 (60)
2664 4248 2677 4260 ’
2705 4232 2788 4285 ὅτι
2813 4233 2912 4302 τῆς
2941 4230 3035 4283 τοῦ
3072 4232 3234 4302 μόνου
3249 4231 3386 4287 Θεοῦ
3420 4233 3583 4303 δόξης

1999 4323 2145 4376 ὁτὸν
2198 4323 2426 4393 οὐρανὸν
2473 4322 2719 4386 ἐκτείνας
2765 4324 2825 4375 οὐ
2873 4322 3225 4394 κεχώρισται.
3276 4323 3487 4377 Οὐκοῦν
3524 4327 3583 4377 ἐν

313 4425 489 4495 ipsum
517 4424 585 4478 ab
608 4438 673 4478 eo
712 4423 802 4491 qui
823 4423 991 4477 dicit:
1026 4421 1140 4492 Ego
1180 4421 1392 4474 extendi
1441 4420 1626 4474 caelum
1656 4419 1798 4473 solus
1831 4419 1897 4504 ³⁸,

2006 4413 2119 4486 Υἱῷ
2179 4413 2346 4483 γνῶθι
2387 4413 2638 4487 Πατέρα,
2697 4416 2753 4466 ὲν
2799 4414 2976 4485 Πατρὶ
3030 4413 3250 4479 δόξασόν
3291 4414 3442 4468 Υίόν.
3487 4416 3584 4485 Μὴ

315 4526 376 4570 ut
408 4531 477 4570 ne
524 4515 688 4570 etiam
739 4514 934 4569 Filium
969 4523 1270 4568 creatorem
1305 4511 1486 4565 dicere
1535 4510 1771 4565 desinas.
1805 4479 1899 4563 Et:

315 4607 465 4668 enim
489 4607 682 4662 caelum
707 4607 797 4676 qui
813 4606 1074 4667 extendit,
1094 4619 1122 4658 a
1153 4604 1322 4659 solius
1347 4603 1437 4656 Dei
1469 4601 1638 4672 gloria
1675 4616 1898 4670 separa-

321 4706 408 4751 tus
434 4711 542 4751 non
575 4705 678 4752 est.
706 4695 886 4762 Quare
913 4695 965 4750 in
995 4693 1129 4748 Filio
1165 4693 1380 4749 Patrem
1410 4707 1644 4761 agnosce
1670 4707 1684 4744 :
1718 4694 1771 4745 in
1797 4691 1899 4745 Pa-

320 4799 404 4844 tre
451 4789 642 4845 Filium
683 4789 944 4859 gloriﬁca.
979 4787 1121 4842 Cave
1173 4786 1380 4840 dividas
1414 4800 1534 4854 quae
1575 4782 1740 4838 dividi
1786 4799 1892 4837 non

314 4890 563 4951 possunt,
604 4895 734 4935 cave
782 4880 999 4935 scindas
1054 4893 1173 4948 quae
1212 4891 1318 4932 non
1372 4876 1713 4931 scinduntur.
1758 4874 1891 4929 Nam

312 4972 522 5028 etiamsi
538 4972 691 5041 velis,
711 4988 816 5027 non
835 4972 1170 5027 scinduntur.
1187 4971 1501 5038 Quanquam
1518 4977 1770 5038 secantur
1789 4970 1895 5022 ha:-

386 5089 431 5122 ³³
459 5088 628 5144 Exod.
680 5105 773 5152 xx,
819 5089 875 5156 5,
909 5089 963 5144 5.
1041 5087 1087 5119 ³⁸
1108 5087 1263 5142 Deut.
1310 5099 1487 5148 xxx",
1541 5082 1635 5137 39.

385 5200 499 5274 (55)
552 5199 689 5274 Reg.
715 5207 940 5274 quartus
986 5197 1189 5274 γνῶσιν
1211 5196 1337 5274 καὶ.
1363 5195 1650 5268 διαίρεσιν.
1680 5194 1793 5251 Nec
1821 5196 1897 5250 ita

315 5268 491 5342 multo
510 5268 805 5342 post'Colb.
839 5271 982 5342 χεὶρ,
1019 5269 1152 5342 μηδὲ
1177 5271 1224 5342 τ’
1255 5268 1411 5342 ἄλλα.

388 5335 679 5414 (561Εαίιί
726 5341 759 5414 ἢ
814 5335 906 5394 καὶ
933 5335 1154 5394 ’πάν-ἔα.
1189 5341 1411 5408 Antiqui
1448 5347 1559 5392 tres
1598 5336 1720 5392 libri
1756 5335 1789 5408 ἢ
1839 5336 1898 5390 τό

532 5478 670 5551 Editi
699 5481 940 5550 φεύγεις,
975 5480 1108 5551 μηδὲ
1131 5479 1191 5533 τό
1223 5479 1304 5544 ἓν,
1333 5494 1493 5551 neque
1515 5492 1698 5551 unum.
1716 5475 1899 5551 Codex

319 5541 748 5630 (Ξοιιι.’φεύγεις,
771 5541 866 5606 καὶ
885 5541 948 5606 τὸ
975 5541 1085 5605 πᾶν
1111 5567 1125 5580 ο
1162 5541 1305 5620 quod
1325 5541 1516 5604 melius
1541 5547 1698 5603 nobis
1723 5549 1898 5604 visum

320 5629 409 5674 est
432 5629 487 5673 et
515 5635 722 5674 sanius.

391 5688 503 5758 (58)
528 5689 666 5745 sunt
687 5673 760 5744 at
793 5692 901 5761 γὰρ
933 5683 1010 5758 ἐξ.
1044 5692 1112 5749 At
1147 5708 1276 5748 mss.
1311 5691 1371 5744 Ei
1396 5673 1503 5762 γάρ
1527 5688 1598 5744 τὰ
1625 5689 1704 5754 ιε.

2009 4505 2239 4575 μερίσῃς
2282 4505 2350 4558 τὰ
2391 4503 2686 4574 ἀμέριστα,
2745 4503 2818 4573 μὴ
2855 4503 3003 4573 σχίζε
3034 4503 3101 4557 τὰ
3153 4505 3404 4573 ἄσχιστα.
3459 4503 3583 4556 Κᾶν

2001 4595 2110 4667 γὰρ
2143 4595 2326 4668 θέλῃς,
2366 4595 2426 4648 οὐ
2472 4595 2734 4665 σχίζεται.
2778 4595 2895 4650 Κᾶν
2937 4593 3308 4666 διαρραγῶσιν
3345 4595 3394 4647 oi
3427 4595 3580 4665 αἰρε-

2000 4687 2164 4750 τικοὶ,
2201 4687 2260 4739 οὐ
2307 4686 2702 4757 διαρῥήγνυται
2745 4689 2778 4757 ἡ
2822 4687 2994 4759 Τριάς
3024 4685 3166 4757 (61)’
3203 4685 3320 4738 ἀλλ’
3354 4685 3502 4737 ἐστιν
3549 4686 3581 4738 ὅ

2002 4780 2138 4844 ἐστι,
2171 4777 2276 4831 κᾶν
2300 4777 2507 4849 ἑτέροις
2541 4779 2614 4850 μὴ
2640 4778 2792 4849 δοκῇ.
2824 4780 3032 4850 Σπεῖρα
3062 4778 3171 4849 γάρ
3211 4779 3360 4831 ἐστιν
3380 4778 3414 4846 ή
3448 4776 3579 4843 ἁγία

1999 4872 2190 4944 Τριὰς,
2228 4873 2322 4925 καὶ
2366 4871 2666 4941 σεϐάσμιός
2699 4873 2846 4925 ἐστιν
2883 4874 2942 4924 ὲν
2983 4873 3082 4942 μιᾷ
3109 4871 3202 4924 καὶ
3227 4869 3382 4938 ἀϊδίῳ
3425 4868 3575 4941 665‘...

1999 4964 2098 5037 τὴν
2131 4964 2301 5034 αὐτὴν
2333 4965 2425 5018 καὶ
2471 4963 2600 5035 μίαν
2641 4964 2810 5035 μόνην
2847 4963 3078 5034 θεότητα
3110 4960 3388 5032 πανταχοῦ
3423 4977 3581 5033 περι-

1733 5083 1778 5114 ³⁸
1800 5081 1900 5137 Job
1939 5097 2015 5148 Ix,
2055 5081 2110 5137 8.

2058 5194 2186 5281 (59)
2241 5195 2467 5251 Veteres
2515 5194 2717 5266 aliquot
2782 5194 2928 5260 libri,
2973 5195 3299 5261 Πιστότερον
3359 5193 3426 5247 ἂι
3487 5193 3576 5262 εἴη

2007 5283 2166 5319 πασι.

2077 5336 2189 5408 (60)
2221 5335 2355 5405 Reg.
2376 5342 2631 5408 quartus
2657 5335 2751 5408 τὸν
2777 5335 2906 5388 Υξόν
2934 5335 3171 5408 ἀπιστῇς
3212 5352 3227 5366 ο
3263 5335 3404 5405 quod
3445 5334 3579 5403 quin

2005 5406 2316 5473 corruptum
2345 5406 2436 5465 sit,
2464 5421 2567 5457 non
2603 5407 2808 5458 dubito.

2076 5475 2190 5542 (6|)
2233 5475 2370 5548 Editi
2394 5475 2514 5548 Κᾶν
2545 5474 2941 5548 γὰρᾼθέλενις,-οὐ
2976 5477 3222 5548 σχίζεται
3244 5492 3259 5506 ο
3297 5474 3406 5548 κᾶν
3426 5475 3582 5548 διαρ-

2007 5548 2299 5627 ῥήγνυνται
2325 5545 2375 5596 οἱ
2406 5545 2696 5627 αἱρετικοὶ,
2732 5547 2806 5627 οὐ
2863 5545 3254 5627 ᾁαρρἠγχυῖαι
3284 5548 3318 5616 ἡ
3560 5561 3577 5576 ’

2007 5615 2101 5669 καὶ
2132 5615 2448 5684 σεϐάσμιος,
2472 5615 2608 5679 'etc.,
2632 5617 2838 5672 mulile.
2871 5615 3056 5673 ϐυθοὶ
3090 5617 3240 5673 Colb.
3266 5615 3320 5670 et
3345 5615 3436 5670 alii
3470 5616 3585 5670 duo

2009 5686 2160 5756 Regii
2196 5695 2253 5741 ut
2281 5685 2333 5740 in
2356 5697 2630 5742 contextu.
