3956 6216
326 317 421 371 761

1416 304 1788 361 Αῡγειιευδ
1830 302 2201 361 EUNOMIUM
2241 303 2370 359 LIB.
2414 304 2478 359 γ.

3497 301 3603 358 762

324 431 588 499 φέρουσα,
638 424 945 495 ἄρῤηκτος,
998 436 1291 490 ασχιστος,
1349 417 1685 489 ἀδιαίρετος,
1735 416 1913 470 πάντα

2029 416 2193 483 retici,
2220 430 2329 473 non
2360 425 2578 471 secatur
2597 414 2863 470 Trinitas:
2882 416 2975 470 sed
2999 423 3082 470 est
3104 416 3247 485 quod
3265 422 3368 479 est,
3386 417 3602 471 etiamsi

323 519 631 591 πληροῦσα,
673 517 852 570 πάντα
899 514 1250 585 περιέχουσα,
1302 513 1359 564 ὲν
1404 514 1571 565 πᾶσιν
1615 506 1769 574 οὖσα,
1812 510 1907 579 δη-

327 610 687 682 μιουργοῦσα,
723 606 1065 677 κυϐερνῶσα,
1100 604 1404 672 ἁγιάζουσα
1430 604 1522 656 καὶ
1547 601 1907 667 ζωοποιοῦσα.

318 704 473 772 Αῦτη
521 704 555 773 ἡ
606 701 727 755 θεία
773 699 869 751 καὶ
919 697 1344 768 θαυμασιωτάτη
1381 695 1649 764 πλοκὴοὺ
1687 696 1914 768 διαρῤή-

321 810 540 863 γνυται,
594 793 733 846 κατὰ
780 792 841 844 τὸ
870 790 1289 860 γεγραμμένον,
1328 789 1410 841 ὅτι
1479 788 1549 842 Τὸ
1581 789 1916 859 τρίπλοκον

320 884 625 952 σπαρτίον
644 885 715 937 οὺ
733 882 1196 950 διαρραγήσεται
1213 879 1349 951 ((32).
1375 880 1562 950 Τούτῳ
1577 879 1658 949 τῷ
1678 881 1915 951 νοήματι

323 952 481 1029 κα“ι’ὁ
507 976 774 1047 μακάριος
800 973 1012 1037 Παῦλος
1039 972 1266 1043 γράφων
1297 990 1399 1025 που
1430 973 1563 1043 πρὸς
1587 974 1714 1035 τοὺς
1741 971 1917 1043 ὀρθῶς

323 1068 684 1131 πιστεύοντας
728 1067 914 1136 ἔλεγεν
940 1083 953 1097 ·
1006 1068 1067 1120 Ἠ
1109 1064 1281 1134 χάρις
1333 1066 1437 1119 τοῦ
1478 1066 1699 1133 Κυρίου
1746 1063 1918 1134 ἡμῶν

338 1160 535 1230 Ἰησοῦ
567 1159 847 1228 Χριστοῦ,
879 1158 1031 1224 καὶὴ
1055 1156 1255 1226 ἀγάπη
1280 1157 1386 1211 τοῦ
1415 1156 1583 1220 Θεοῦ,
1615 1156 1715 1210 καὶ
1734 1158 1770 1224 ἡ
1799 1173 1918 1209 κοι-

320 1255 514 1307 νωνία
542 1252 650 1306 τοῦ
691 1252 865 1322 ἁγίου
900 1251 1249 1319 Πνεύματος
1272 1247 1424 1319 μετὰ
1458 1248 1701 1303 πάντων
1726 1246 1913 1317 ὑμῶν.

324 1346 499 1399 Ὅταν
525 1345 633 1415 γὰρ
662 1344 732 1397 τὰ
762 1344 941 1397 πάντα
967 1343 1260 1414 ὲνεργῆται
1288 1342 1398 1412 (63)
1428 1343 1531 1397 ὑπὸ
1548 1342 1642 1395 τοῦ
1665 1341 1800 1395 Θεοῦ
1829 1340 1916 1394 διὰ

334 1435 517 1507 Ἰησοῦ
564 1433 801 1507 Χριστοῦ
839 1436 896 1486 ὲν
939 1431 1241 1502 Πνεύματι,
1287 1431 1594 1501 ἀχώριστον
1644 1431 1754 1502 ὁρῶ
1802 1429 1916 1499 (64)

320 1528 426 1602 τὴν
471 1528 751 1599 ἐνέργειαν
781 1524 876 1578 τοῦ
927 1524 1165 1596 Πατρὸς,
1210 1524 1303 1577 καὶ
1337 1524 1430 1577 τοῦ
1477 1522 1629 1589 Υίοῦ,
1682 1523 1777 1576 καὶ
1822 1521 1917 1574 τοῦ

320 1620 489 1690 ἁγίου
524 1619 863 1690 Πνεύματος.
899 1619 1011 1671 Καὶ
1038 1617 1127 1671 διὰ
1160 1616 1320 1671 τοῦτο
1355 1618 1473 1670 ναοὶ
1507 1614 1643 1669 Θεοῦ
1669 1616 1764 1669 καὶ
1788 1614 1915 1668 Υἰοῦ

320 1714 424 1768 καὶ
455 1714 769 1785 Πνεῦμα-τος
813 1711 968 1779 ἁγίου
1019 1711 1128 1764 εἰσὶ
1172 1711 1372 1773 πάντες
1417 1711 1467 1762 ol
1509 1710 1677 1778 ἅγιοι,
1729 1710 1788 1761 ἐν
1836 1702 1919 1772 οἷς

2011 510 2132 565 aliis
2169 523 2276 564 non
2325 509 2592 563 videatur.
2625 507 2785 577 Spira
2814 507 2957 562 enim
2991 518 3078 563 est
3118 519 3306 563 sancta
3340 507 3602 574 Trinitas,

2011 612 2173 671 atque
2200 602 2429 657 colenda
2469 611 2553 655 est
2578 601 2631 655 in
2659 616 2762 655 una
2786 613 2842 656 et
2880 612 3083 659 aeterna
3129 600 3319 671 gloria,
3354 601 3607 656 eamdem

2012 702 2069 745 et
2111 707 2271 745 unam
2300 690 2473 745 solam
2514 690 2773 745 deitatem
2820 692 3020 761 ubique
3058 690 3475 758 circumferens,
3514 692 3602 746 in-

2014 783 2223 847 fracta,
2263 782 2611 847 insecabilis,
2665 782 2964 846 individua,
3030 782 3330 851 adimplens
3380 783 3602 848 omnia,

2015 874 2195 928 omnia
2217 876 2520 942 continens,
2539 874 2592 929 in
2615 876 2866 930 omnibus
2881 876 3165 940 exsiSIens,
3181 890 3392 941 creans,
3410 876 3605 946 guber-

2016 982 2177 1032 nans,
2199 968 2573 1032 sanctiﬁcans,
2598 978 2655 1022 et
2674 968 2978 1023 viviﬁcans.
3002 966 3231 1022 Divinus
3256 967 3347 1021 ille
3366 976 3421 1021 et
3438 967 3607 1021 maxi-

2017 1074 2103 1114 me
2143 1060 2494 1115 admirandus
2524 1074 2694 1114 nexus
2720 1074 2825 1115 non
2858 1058 3150 1128 rumpitur,
3170 1059 3329 1129 juxta
3368 1060 3421 1115 id
3459 1060 3606 1129 quod

2018 1152 2274 1221 scriptum
2314 1160 2398 1206 est
2430 1167 2446 1205 :
2476 1149 2771 1207 Funiculus
2810 1154 3006 1223 triplex
3036 1168 3140 1206 non
3169 1153 3604 1222 disrampetur“.

2018 1242 2161 1309 Quin
2203 1251 2259 1298 et
2290 1243 2484 1298 beatus
2516 1242 2716 1298 Paulus
2747 1258 2869 1298 cum
2906 1243 2958 1297 in
3001 1242 3143 1299 hanc
3181 1244 3509 1298 sententiam
3538 1242 3607 1298 ad

2016 1349 2111 1388 eos
2133 1334 2224 1404 qui
2254 1343 2403 1389 recte
2428 1334 2746 1401 credebant,
2774 1335 3066 1399 scriberet,
3094 1335 3263 1390 dicit:
3294 1334 3483 1390 Gratia
3509 1336 3611 1391 Do-

2016 1425 2143 1479 mini
2174 1425 2342 1479 nostri
2364 1424 2495 1479 Jesu
2525 1424 2747 1493 Christi,
2784 1436 2832 1480 et
2864 1425 3099 1480 cltaritas
3124 1425 3245 1491 Dei,
3286 1435 3337 1481 et
3373 1443 3607 1483 commu-

2017 1520 2213 1573 nicatio
2252 1520 2424 1573 sancti
2456 1517 2691 1587 Spiritus
2739 1534 2858 1572 cum
2904 1518 3147 1573 omnibus
3182 1519 3323 1573 vobis
3352 1519 3419 1574 ³⁷.
3469 1520 3604 1575 Cum

2016 1611 2159 1664 enim
2193 1609 2327 1664 ﬁant
2365 1610 2548 1664 omnia
2603 1624 2635 1663 a
2682 1610 2793 1665 Deo
2845 1624 2941 1679 per
2983 1609 3170 1665 Jesum
3222 1610 3500 1665 Christum
3546 1610 3603 1665 iu

2021 1700 2249 1770 Spiritu,
2275 1701 2697 1771 inseparabilem
2725 1700 2883 1755 video
2912 1701 3087 1755 Patris
3117 1712 3170 1754 et
3198 1699 3320 1754 Filii
3355 1711 3410 1755 et
3433 1706 3604 1758 sancti

318 1808 468 1860 οἰκεῖ
498 1808 531 1875 ή
569 1806 666 1875 μία
716 1804 926 1873 θεότης,
960 1804 1054 1857 καὶ
1091 1802 1193 1873 μία
1234 1803 1510 1872 κυριότης,
1554 1803 1648 1855 καὶ
1692 1801 1914 1871 ἁγιότης

2029 1793 2261 1862 Spiritus
2286 1793 2680 1862 Operationem.
2730 1792 2798 1846 Et
2841 1803 3127 1862 propterea
3179 1793 3379 1863 templa
3423 1794 3519 1849 Dei
3552 1804 3610 1850 et

323 1897 432 1967 μία
463 1896 674 1967 Πατρὸς
720 1896 815 1948 καὶ
850 1894 982 1947 Υἱοῦ
1012 1893 1108 1946 καὶ
1145 1894 1301 1961 ἁγίου
1324 1892 1663 1964 Πνεύματος,
1696 1892 1786 1947 διὰ
1827 1892 1919 1945 τὸν

320 1990 424 2040 ἕνα
454 1987 549 2041 τοῦ
585 1987 962 2058 βαπτίσματος
994 1985 1293 2056 ἁγιασμόν.

318 2252 487 2321 Πρὸς
528 2250 693 2321 τοὺς
721 2249 1051 2321 λέγοντας,
1106 2245 1195 2298 ὅτι
1255 2243 1553 2321 πολλάκις
1584 2243 1919 2321 χέγραπται

399 2314 535 2389 περὶ
576 2320 708 2373 Υίοῦ
738 2314 835 2372 καὶ
860 2318 1113 2389 Πατρὸς,
1163 2316 1293 2383 περὶ
1319 2314 1387 2367 δὲ
1430 2315 1537 2368 τοῦ
1575 2316 1921 2385 Πνεύματος

398 2388 572 2457 ἐντῷ
596 2392 972 2459 βαπτίσματι
997 2388 1209 2456 μόνον.

400 2485 455 2539 1.
503 2483 629 2536 Ἐὰν
684 2482 740 2536 δὲ
792 2481 924 2552 λέγῃ
963 2482 991 2533 6
1039 2477 1408 2549 Πατὴρ,“Ἐν
1458 2476 1586 2543 ταῖς
1635 2476 1922 2546 ἐσχάταις

323 2574 582 2646 ἡμέραις
599 2573 788 2643 ἐκχεῶ
808 2572 925 2627 ἀπὸ
950 2570 1059 2625 τοῦ
1082 2570 1428 2638 Πνεύματός
1448 2586 1567 2637 μου
1592 2568 1689 2620 ἐπὶ
1718 2566 1924 2621 πᾶσαν

321 2668 551 2737 σάρκα,
591 2668 644 2719 τί
690 2666 933 2736 εἴπωμεν
985 2663 1115 2735 περὶ
1165 2661 1258 2715 τοῦ
1298 2660 1461 2725 Υἱοῦ;
1510 2660 1584 2713 Οὐ
1614 2661 1921 2730 γέγραπται

324 2762 439 2832 γὰρ
480 2758 727 2813 ἐνταῦθα.
759 2758 885 2811 Ἐὰν
909 2757 965 2810 δὲ
989 2756 1121 2827 λέγῃ
1154 2755 1183 2805 6
1216 2755 1502 2825 προφήτης
1525 2768 1540 2781 ·
1587 2752 1741 2806 Ἐκεῖ
1772 2769 1920 2806 συν-

324 2854 611 2920 ήντησαν
655 2849 888 2918 ἔλαφοι,
956 2847 1055 2901 καὶ
1100 2843 1266 2900 εἶδον
1304 2844 1377 2898 τὰ
1409 2846 1701 2912 πρόσωπα
1733 2844 1923 2909 ἀλλή-

324 2950 486 3000 λωνο
517 2941 738 3013 ἀριθμῷ
762 2939 1098 3011 παρῆλθον,
1139 2939 1240 2992 καὶ
1269 2939 1379 3008 μία
1407 2936 1607 2991 αὐτῶν
1652 2939 1766 3007 οὺχ
1810 2939 1924 2991 ὐπ-

325 3038 603 3105 ελείφθη,
652 3033 801 3087 διότι
832 3033 1050 3100 Κύριος
1075 3030 1411 3084 ἐνετείλατο
1453 3028 1683 3094 αὐταῖς,
1728 3027 1826 3080 καὶ
1856 3027 1924 3080 τὸ

2026 1884 2152 1938 Filii
2177 1895 2231 1939 et
2255 1886 2428 1939 sancti
2456 1884 2692 1954 Spiritus
2726 1896 2852 1939 sunt
2877 1899 3066 1940 omnes
3092 1886 3288 1949 sancti,
3314 1886 3368 1940 in
3405 1887 3609 1957 quibus

2025 1974 2295 2029 inhabitat
2341 1990 2445 2029 una
2499 1976 2693 2039 deitas,
2744 1984 2801 2029 et
2848 1990 2953 2028 una
2998 1974 3321 2040 dominatio,
3371 1983 3427 2030 et
3492 1990 3605 2030 una

2028 2067 2290 2121 sanctitas
2332 2066 2511 2121 Patris
2536 2076 2592 2122 et
2621 2066 2743 2122 Filii
2776 2077 2833 2121 et
2874 2067 3111 2135 Spiritus
3141 2067 3355 2135 sancti,
3384 2075 3606 2137 propter

2028 2178 2190 2216 unam
2220 2162 2559 2233 baptismatis
2588 2162 3099 2217 sanctiﬁcationem.

2027 2253 2290 2307 Adversus
2331 2270 2416 2307 eos
2455 2254 2546 2323 qui
2602 2253 2785 2323 dicunt
2824 2254 3084 2320 scriptum
3119 2268 3249 2323 esse
3272 2254 3335 2305 de
3380 2250 3522 2305 Filio
3560 2262 3611 2306 et

2101 2323 2265 2377 Patre
2311 2321 2475 2393 stepe,
2509 2323 2573 2377 de
2601 2321 2808 2393 Spiritu
2848 2338 2971 2375 vero
3012 2323 3067 2376 in
3110 2321 3425 2391 baptismate
3471 2323 3611 2378 dun-

2100 2404 2267 2448 taxat.

2102 2485 2153 2538 1.
2189 2484 2340 2550 Quod
2382 2484 2424 2537 si
2468 2483 2629 2538 Pater
2667 2484 2846 2539 dixit:
2884 2483 2952 2537 In
2987 2483 3189 2537 ultimis
3221 2483 3406 2537 diebus
3439 2484 3611 2553 effun-

2029 2577 2152 2629 dam
2192 2575 2255 2627 de
2301 2573 2506 2641 Spiritu
2540 2590 2653 2627 meo
2703 2591 2861 2642 super
2894 2590 3095 2628 omnem
3144 2591 3358 2629 carnem
3388 2575 3453 2638 ³⁸,
3484 2574 3618 2643 quid

2030 2668 2098 2722 de
2136 2666 2271 2721 Filio
2305 2682 2491 2720 sumus
2537 2666 2773 2719 dicturi?
2804 2665 2904 2721 Hic
2950 2666 3097 2720 enim
3143 2665 3211 2720 de
3242 2682 3307 2721 eo
3350 2667 3613 2735 scriptum

2031 2774 2137 2813 non
2166 2768 2271 2812 est.
2315 2757 2373 2812 Si
2420 2772 2551 2813 vero
2602 2758 2863 2829 propheta
2912 2758 3076 2813 dicit:
3129 2756 3213 2811 Ibi
3262 2768 3615 2812 convenerunt

2031 2867 2213 2914 cervte,
2246 2859 2294 2905 et
2330 2851 2569 2905 viderunt
2589 2852 2754 2921 facies
2780 2852 2948 2905 altera
2978 2850 3201 2905 alterius
3232 2866 3252 2905 .'
3285 2851 3619 2907 transierunt

2032 2961 2270 3013 numero,
2300 2956 2348 2999 et
2382 2961 2490 2999 una
2518 2960 2703 2999 eorum
2733 2944 2923 2998 relicta
2953 2959 3057 2997 non
3095 2952 3193 3010 est,
3223 2944 3473 3012 quoniam
3505 2942 3616 2997 Do-

2031 3041 2206 3094 minus
2246 3037 2490 3109 prtecepit
2535 3037 2683 3107 ipsis,
2737 3046 2783 3091 et
2836 3035 3071 3104 Spiritus
3115 3035 3229 3104 ejus
3282 3034 3615 3105 congregavit

327 3128 578 3197 Πνεῦμα
605 3126 788 3180 αὐτοῦ
810 3123 1157 3194 συνήγαγεν
1182 3122 1369 3188 αὐτάς
1402 3120 1539 3193 (65)’
1573 3119 1675 3173 ποῦ
1704 3121 1733 3172 6
1756 3120 1881 3183 Υἱός
1908 3139 1921 3185 ;

2030 3152 2118 3189 eas
2148 3134 2228 3200 '9;
2261 3134 2347 3186 ubi
2381 3130 2587 3185 Filius?
2625 3130 2684 3186 Si
2725 3130 2909 3185 itidem
2955 3128 3121 3200 318
3152 3128 3284 3183 dicit
3320 3144 3333 3180 :
3382 3128 3615 3196 Spiritus

339 3222 471 3274 Ἐὰν
494 3220 551 3272 δὲ
575 3218 710 3289 λέγῃ
730 3234 743 3248 ο
780 3216 1023 3286 Πνεῦμα
1050 3215 1187 3284 παρ’
1210 3214 1353 3284 ἐμοῦ
1381 3213 1787 3278 ἐξελεύσεται,
1828 3212 1923 3265 καὶ

328 3310 535 3377 πνοὴν
577 3309 783 3363 πᾶσαν
814 3306 928 3378 ἐγὼ
960 3306 1252 3373 ἐποίησα·
1304 3303 1408 3357 ποῦ
1448 3305 1476 3356 6
1512 3304 1674 3369 Υἱός;
1717 3303 1839 3356 Ἐὰν
1871 3303 1930 3355 δὲ

328 3410 466 3477 λέγῃ
502 3408 530 3459 6
558 3405 753 3457 Δα6ί8’
800 3402 911 3456 Kal
966 3402 1032 3456 τὸ
1071 3401 1317 3471 Πνεῦμά
1364 3416 1480 3455 σου
1528 3399 1595 3454 τὸ
1626 3400 1794 3471 ἅγιον
1841 3386 1927 3470 μὴ

328 3496 675 3563 ἀντανέλῃς
725 3495 828 3548 ἀπ’
884 3493 1068 3563 ἐμοῦ’
1120 3492 1224 3563 ποῦ
1260 3494 1288 3545 6
1332 3492 1494 3556 Υἱός;
1544 3490 1669 3543 Ἐὰν
1715 3489 1848 3563 λέγῃ
1901 3491 1931 3543 6

329 3589 533 3651 αὐτός’
566 3586 833 3654 Καρδίαν
881 3585 1147 3653 καθαρὰν
1189 3584 1402 3636 κτίσον
1432 3583 1503 3635 ἐν
1541 3581 1671 3651 ἐμοὶ
1705 3585 1737 3635 ό
1764 3581 1926 3649 Θεὸς,

331 3683 432 3735 καὶ
478 3679 719 3749 Πνεῦμα
762 3679 936 3743 εὐθὲς
980 3677 1332 3747 ἐγκαίνισον
1375 3675 1444 3727 ἐν
1486 3674 1611 3739 τοῖς
1659 3671 1931 3743 eratcitth

332 3792 452 3845 μου
476 3790 488 3802 ·
522 3772 625 3825 ποῦ
666 3775 693 3825 6
719 3752 881 3835 Υἱόςς
926 3771 1050 3824 Ἐὰν
1078 3770 1135 3822 δὲ
1169 3769 1304 3841 λέγῃ
1332 3770 1359 3820 6
1386 3767 1547 3830 αὐτὸς
1579 3766 1741 3819 πάλιν
1767 3781 1780 3795 ⁸
1819 3764 1931 3817 Kal

333 3868 402 3921 τὸ
438 3864 682 3934 Πνεῦμα
719 3880 833 3917 σου
887 3864 954 3916 τὸ
1006 3862 1233 3931 ἀγαθὸν
1280 3859 1566 3928 ὁδηγήσει
1613 3876 1691 3929 με
1737 3858 1806 3911 ἐν
1852 3855 1931 3927 γῇ

336 3956 583 4022 εὐθείᾳ·
628 3953 729 4007 ποῦ
765 3955 793 4006 6
822 3953 987 4017 Υἱός;
1035 3952 1160 4003 Ἐὰν
1206 3952 1263 4003 δὲ
1313 3950 1447 4020 λέγῃ
1498 3953 1527 4004 6
1572 3951 1770 4013 αὐτός·
1819 3951 1929 4003 Καὶ

340 4049 641 4116 Πγεύματι
683 4040 1015 4114 ἡγεμονικῷ
1065 4040 1355 4109 στήριξόν
1398 4060 1500 4110 με·
1548 4042 1649 4095 ποῦ
1700 4042 1728 4093 ὁ
1763 4042 1928 4109 Υἱόςς

354 4138 481 4192 Ἐὰν
532 4137 589 4189 δὲ
637 4136 769 4207 λέγῃ
813 4138 842 4189 6
880 4134 1001 4189 Ἰὼϐ
1024 4148 1041 4163 ⁸
1078 4133 1321 4202 Πνεῦμα
1361 4132 1521 4187 θεῖον
1550 4133 1617 4185 τὸ
1667 4132 1934 4201 ποιῆσάν

2032 3224 2187 3277 exibit
2219 3240 2249 3275 α
2285 3239 2394 3288 me,
2425 3234 2471 3274 et
2498 3223 2684 3289 ﬂatum
2719 3237 2923 3274 onmem
2954 3237 3045 3288 ego
3074 3218 3236 3288 feci“
3260 3236 3275 3284 ;
3295 3218 3383 3273 ubi
3415 3217 3618 3274 Filius?

2032 3317 2089 3371 Si
2123 3332 2250 3369 vero
2291 3314 2456 3367 David
2488 3314 2619 3367 dicit
2651 3328 2664 3364 :
2708 3313 2772 3365 Et
2800 3311 3059 3375 Spiritum
3109 3321 3258 3364 tuum
3287 3322 3525 3365 sanctum
3554 3328 3617 3365 ne

2031 3407 2242 3476 auferas
2275 3424 2307 3459 a
2342 3421 2423 3459 me
2448 3404 2531 3469 “;
2561 3406 2651 3458 ubi
2688 3403 2899 3457 Filius?
2925 3403 3056 3457 Item
3088 3403 3131 3456 si
3163 3403 3250 3455 ille
3290 3402 3404 3472 ipse
3435 3402 3568 3456 dicit
3600 3420 3612 3454 :

2032 3495 2137 3552 Cor
2168 3496 2419 3550 mundum
2463 3511 2583 3547 crea
2618 3495 2673 3548 in
2709 3510 2808 3558 me,
2842 3492 2981 3546 Deus
3005 3531 3021 3556 ,
3052 3503 3099 3546 et
3131 3490 3387 3559 Spiritum
3420 3503 3617 3545 rectum

2031 3592 2219 3645 innovat
2268 3591 2324 3643 in
2373 3587 2651 3642 visceribus
2702 3586 2830 3639 meis
2857 3587 2952 3650 “;
2999 3584 3090 3638 ubi
3147 3584 3315 3638 Filius
3354 3583 3376 3636 ἳ
3409 3584 3617 3637 Rursus

2033 3682 2078 3736 si
2122 3683 2260 3735 idem
2304 3680 2491 3733 dicat:
2530 3677 2597 3729 Et
2633 3675 2863 3744 Spiritus
2910 3685 3030 3728 tuus
3078 3682 3240 3727 bonus
3273 3673 3494 3727 deducet
3536 3689 3618 3726 me

2032 3772 2088 3825 in
2118 3782 2255 3824 terra
2287 3782 2423 3823 recta
2451 3768 2534 3833 “;
2563 3768 2653 3822 ubi
2686 3766 2891 3821 Filius?
2918 3766 2974 3820 Si
3020 3766 3158 3820 idem
3190 3764 3321 3819 dicit
3350 3783 3363 3818 :
3401 3762 3469 3817 Et
3493 3765 3619 3834 Spi-

2033 3865 2135 3917 ritu
2188 3861 2469 3933 principali
2518 3860 2773 3929 con/frma
2819 3858 3009 3925 me“;
3060 3858 3154 3912 ubi
3198 3855 3369 3911 Filius
3400 3856 3424 3910 ?
3461 3858 3618 3924 Quod

2034 3958 2077 4011 si
2112 3956 2211 4011 Joh
2243 3955 2412 4009 dicit:
2458 3954 2691 4023 Spiritus
2734 3952 2948 4005 divinus
2991 3952 3081 4021 qui
3130 3967 3210 4003 me
3257 3950 3377 4019 fecit
3407 3949 3485 4016 η,
3525 3948 3617 4004 ubi

2033 4048 2202 4105 Filius
2234 4048 2258 4102 ἲ
2290 4046 2350 4102 Si
2399 4060 2587 4101 rursus
2631 4046 2771 4099 idem
2818 4043 2920 4097 Job
2962 4042 3130 4097 dicit:
3163 4041 3398 4110 Spiritus
3445 4050 3521 4095 est
3555 4041 3615 4094 in

2034 4144 2354 4209 hominibus,
2403 4143 2561 4212 ﬂatus
2615 4149 2790 4193 autem
2831 4137 3218 4206 Omnipotentis
3270 4146 3344 4191 est
3397 4138 3489 4208 qui
3535 4152 3618 4190 me

342 4246 446 4298 με’
483 4228 585 4281 ποῦ
614 4231 641 4280 6
673 4228 833 4293 Υἱὸς;
874 4226 1000 4279 Ἐὰν
1026 4224 1083 4278 δὲ
1117 4224 1249 4295 λέγῃ
1282 4227 1310 4276 6
1334 4223 1495 4287 αὐτὸς
1525 4222 1665 4275 Ἰώὸ-
1690 4222 1945 4291 Πνεῦμά

341 4324 517 4375 ἐστιν
547 4321 616 4372 ἐν
639 4317 901 4388 βροτοῖς,
933 4316 1089 4385 πνοὴ
1130 4317 1198 4369 δὲ
1241 4314 1720 4383 παντοκράτορός
1764 4315 1921 4367 ἐστιν

2038 4329 2294 4397 Spiritum
2328 4338 2474 4380 tuum
2501 4366 2517 4390 ,
2548 4335 2596 4379 et
2640 4325 2958 4378 creabuntur
2980 4361 2995 4387 ,
3033 4331 3079 4375 et
3111 4319 3383 4374 renovabis
3424 4318 3623 4389 faciem

342 4415 383 4479 ἡ
411 4410 791 4465 διδάσκουσα
817 4426 893 4479 με
913 4428 925 4439 ο
964 4408 1067 4460 ποῦ
1100 4410 1128 4461 6
1161 4408 1329 4471 Υἱός;
1375 4408 1498 4461 Ἐὰν
1534 4408 1590 4460 δὲ
1624 4408 1753 4479 λέγῃ
1781 4410 1808 4461 6
1832 4411 1921 4460 Δα-

2037 4431 2189 4473 terrtr
2211 4418 2255 4449 ⁸⁷
2284 4434 2299 4482 ;
2337 4416 2425 4471 ubi
2457 4416 2667 4471 Filius?
2694 4415 2825 4470 Item
2857 4415 2902 4469 si
2937 4413 3066 4468 dicit
3096 4432 3110 4468 :
3152 4411 3268 4477 Quo
3302 4412 3387 4465 ibo
3423 4428 3455 4464 a
3487 4408 3613 4480 Spi-

347 4503 434 4556 6ίδ
456 4520 470 4535 ·
518 4501 981 4567 Ἐξαποστελεῖς
1010 4500 1077 4554 τὸ
1100 4500 1343 4570 Πνεῦμα
1369 4515 1506 4563 σου,
1548 4500 1647 4552 καὶ
1688 4499 1921 4569 κτισθήι

2044 4513 2147 4564 ritu
2183 4521 2293 4575 tuo,
2330 4520 2377 4562 et
2422 4525 2525 4579 quo
2559 4526 2588 4561 a
2633 4508 2770 4577 [acie
2801 4516 2893 4559 tua
2936 4506 3138 4576 fugiant
3172 4502 3253 4557 ⁵θῖ
3287 4502 3376 4558 ubi
3412 4501 3620 4557 Filius?

348 4613 581 4658 aowat,
622 4595 719 4648 καὶ
764 4592 1130 4660 ἁνακαινιεῖς
1159 4593 1225 4646 τὸ
1260 4592 1587 4659 πρόσωπον
1630 4590 1743 4659 τῆς
1784 4590 1921 4661 γῆς⁴

2041 4602 2193 4669 Quod
2222 4602 2266 4655 si
2300 4601 2471 4655 dicit:
2519 4598 2610 4653 Vae
2652 4599 2751 4667 ﬁlii
2786 4604 3093 4662 desertores,
3123 4595 3235 4649 htec
3266 4594 3393 4648 dicit
3430 4591 3620 4646 Domi-

351 4688 455 4740 ποῦ
486 4691 514 4740 6
544 4688 700 4751 Υἱόςς
742 4686 868 4739 Ἐὰν
909 4685 966 4737 δὲ
1007 4684 1142 4757 λέγῃ
1164 4700 1179 4714 ⁸
1214 4682 1339 4736 Ποῦ
1384 4679 1651 4748 πορευθῶ
1674 4680 1792 4735 ἀπὸ
1828 4678 1921 4732 τοί

2040 4709 2139 4745 πολε
2165 4708 2182 4744 :
2215 4687 2434 4744 Fecistis
2470 4688 2744 4743 consilium
2770 4704 2875 4740 non
2902 4702 2996 4755 per
3024 4700 3128 4748 me,
3159 4695 3207 4739 et
3229 4683 3491 4752 pactiones
3516 4698 3620 4735 non

352 4782 694 4850 Πνεύματός
720 4794 857 4843 σου,
898 4777 995 4831 καὶ
1016 4777 1133 4831 ἀπὸ
1163 4775 1267 4829 τοῦ
1304 4772 1628 4843 προσώπου
1670 4790 1787 4827 σου
1816 4773 1921 4828 ποί

2038 4800 2133 4853 per
2163 4780 2419 4853 Spiritum
2450 4795 2621 4834 meum
2655 4773 2735 4841 ‘9:
2776 4778 2863 4832 ubi
2893 4776 3106 4833 Filius?
3131 4774 3341 4830 Rursus
3366 4774 3413 4831 si
3447 4772 3616 4828 dicit:

355 4872 557 4940 915m;
591 4870 693 4924 ποῦ
724 4874 752 4924 ὁ
778 4871 906 4933 Υἱός
930 4886 944 4934 ;
988 4869 1114 4922 Ἐὰν
1143 4867 1198 4921 δέ
1223 4866 1356 4937 λέγῃ
1375 4882 1388 4895 ·
1425 4864 1571 4918 Οὐαὶ
1591 4863 1771 4918 τέκνα
1791 4865 1921 4919 ἀπο

2044 4875 2111 4929 Et
2142 4875 2439 4944 egredietur
2462 4874 2606 4942 virga
2639 4872 2701 4924 de
2733 4870 2911 4924 radice
2934 4869 3102 4935 Jesse,
3144 4878 3194 4923 et
3220 4870 3319 4939 flos
3342 4866 3409 4922 de
3438 4866 3619 4919 radice

356 4962 589 5025 στάται,
628 4962 767 5015 τάδε
812 4962 975 5030 λέγει
1019 4961 1272 5028 Κύριοςο
1318 4956 1666 5020 Ἐποιήσατε
1698 4955 1921 5024 βουλὴι

2043 4969 2308 5031 ascendet,
2334 4976 2383 5019 et
2420 4966 2698 5033 requiescet
2731 4978 2888 5032 super
2921 4977 3040 5015 eum
3076 4960 3311 5029 Spiritus
3344 4959 3620 5029 sapientia

359 5055 432 5105 οὐ
464 5052 535 5107 δι’
564 5053 729 5122 ἐμοῦ,
760 5052 860 5107 καὶ
887 5051 1202 5119 συνθήκας
1235 5052 1307 5103 οὺ
1337 5049 1435 5103 διὰ
1461 5048 1569 5102 τοῦ
1604 5050 1921 5117 Ili-stipator

2043 5070 2087 5110 et
2118 5058 2436 5121 intellectus,
2470 5054 2701 5122 Spiritus
2731 5052 2939 5107 consilii
2970 5062 3017 5106 et
3047 5051 3401 5119 fortitudinis,
3447 5047 3624 5116 Spiri-

354 5161 476 5212 μου
496 5162 509 5177 ο
547 5144 650 5197 ποῦ
676 5146 705 5196 6
730 5144 857 5208 Υἱός
884 5161 899 5209 ;
948 5143 1075 5197 Ἐὰν
1114 5143 1171 5195 δὲ
1202 5142 1337 5214 λέγῃ
1361 5158 1374 5171 ·
1421 5140 1533 5195 Kal
1564 5138 1921 5203 ἐξελεύσετα

2045 5159 2127 5202 tus
2156 5146 2467 5217 cognitionis
2505 5154 2551 5199 et
2603 5145 2836 5213 pietatis,
2862 5153 2924 5197 "et
2949 5142 3162 5211 replebit
3190 5143 3358 5211 ipsum
3387 5139 3622 5208 Spiritus

355 5236 577 5304 ῥάϐδος
618 5238 687 5292 ἐκ
727 5237 837 5306 τῆς
872 5234 1039 5306 ῥίζης
1080 5235 1326 5299 Ἰεσσαὶ,
1366 5234 1464 5287 καὶ
1503 5231 1685 5299 ἄνθος
1728 5234 1797 5286 ἐκ
1835 5231 1921 5301 τῆι

2045 5238 2372 5319 timoris'Dei
2395 5236 2443 5268 '°
2468 5255 2482 5292 :
2514 5236 2787 5305 quomodo
2812 5234 3076 5304 separabo
3115 5232 3374 5305 Spiritum
3393 5231 3420 5285 ?
3446 5230 3503 5286 Si
3536 5229 3624 5284 iti-

436 5357 481 5388 ³⁸
518 5356 695 5415 Eccle.
723 5372 799 5421 IV,
833 5354 916 5409 12.
992 5353 1035 5385 ³⁷
1075 5353 1116 5406 ll
1136 5351 1265 5409 Cor.
1302 5369 1437 5417 xm,
1471 5353 1559 5406 1⁸5.
1637 5352 1680 5382 ³⁸
1717 5348 1833 5404 Joel
1875 5366 1914 5404 ιι

2033 5392 2048 5407 .
2155 5356 2198 5387 ³⁸
2222 5372 2321 5410 isa.
2348 5352 2803 5421 XXXIV,i5,16.i
2842 5350 2887 5382 ⁸ο
2914 5350 3018 5404 lsa.
3042 5365 3171 5413 Lm,
3214 5347 3303 5421 16.
3325 5417 3355 5421 _
3398 5346 3446 5421 “_
3478 5342 3621 5398 Psel.

366 5429 528 5491 1.,15.
605 5427 651 5460 δ’
678 5415 809 5482 ibid.
860 5425 946 5479 12.
1027 5424 1073 5456 ⁸³
1095 5423 1236 5479 Psal.
1261 5415 1431 5485 exul,
1467 5425 1554 5478 10.
1622 5422 1667 5453 ⁵⁵
1696 5420 1836 5475 Psal.
1871 5438 1921 5485 ι,

2029 5426 2061 5477 ι.
2137 5426 2183 5459 ⁸⁸
2222 5426 2323 5481 Job
2349 5415 2543 5488 simu,
2578 5415 2645 5478 4.
2706 5421 2750 5453 ⁸⁸
2773 5420 2875 5477 Job
2912 5436 3089 5485 xxxu,
3126 5420 3179 5473 8.
3254 5419 3299 5450 ⁸⁷
3324 5415 3469 5472 Psal.
3500 5429 3623 5479 cm,

367 5496 454 5551 30.
528 5498 574 5531 ⁴³
616 5498 754 5553 Psal.
801 5511 1065 5557 cxxxvm,
1105 5494 1158 5548 7.
1234 5494 1278 5525 δ’
1318 5496 1423 5548 lsa.
1474 5509 1616 5559 xxx,
1668 5493 1716 5545 1.
1793 5492 1841 5522 ⁸⁸
1880 5492 1921 5546 Is

2029 5511 2100 5560 sl,
2133 5497 2250 5550 1-5.

438 5587 549 5657 (69.)
576 5591 803 5646 Codices
831 5585 1069 5642 nonnulli
1090 5586 1190 5638 οὐκ
1215 5585 1688 5657 ἀποῤῥαγήσεται.
1717 5652 1741 5657 _

2118 5587 2234 5655 (65)
2272 5585 2409 5639 Editi
2439 5592 2694 5657 ct_nos_trt
2725 5595 2855 5636 mss.
2905 5576 3446 5657 συνήγαγεν-αὑτάς,
3500 5590 3626 5626 con-

582 5660 722 5733 Editi
755 5659 1078 5733 ἐνεργεῖται.
1111 5657 1180 5733 ᾼι
1210 5646 1521 5733 ιηηιίιξιιῂέ.
1541 5652 1864 5733 ’ἐνεργῆταιῖ

2048 5646 2282 5733 ριςὲςρὺὲι
2330 5672 2437 5708 eus.
2498 5652 2722 5733 Legitur
2779 5665 2906 5706 νθνο
2938 5646 3080 5719 ῬΜ
3122 5647 3262 5703 LXX
3321 5646 3626 5718 συνήγαγδν

380 5728 551 5850 ἅψαι)
588 5730 717 5802 Reg.
764 5723 989 5802 quartus
1028 5724 1333 5797 ἀχώριστον
1360 5724 1469 5795 ἐρῶ
1490 5764 1506 5793 ,
1534 5723 1921 5795 inseparabilen

419 5814 570 5854 tcum.
732 5848 735 5854 .
1852 5842 1853 5845 η
1911 5842 1915 5845 .

2049 5723 2214 5794 αὐτὰ,
2245 5724 2576 5798 congregavit
2610 5738 2692 5776 ea.

2037 4239 2183 4290 ducet
2212 4234 2291 4303 “;
2342 4235 2429 4289 ubi
2461 4234 2668 4288 Filius?
2700 4233 2853 4299 Quod
2882 4231 2927 4285 si
2966 4230 3134 4285 David
3172 4230 3303 4284 dicit
3333 4247 3346 4284 :
3386 4228 3611 4283 Emittes
