  <div class='ocr_page' id='page_1' title='image "/cluster/home/n/w/nwhite01/storage/ocr_20150623/29/mdp.39015012934371/795.png"; bbox 0 0 3956 6216; ppageno 0'>
   <div class='ocr_carea' id='block_1_1' title="bbox 329 325 436 382">
    <p class='ocr_par' dir='ltr' id='par_1_1' title="bbox 329 325 436 382">
     <span class='ocr_line' id='line_1_1' title="bbox 329 325 436 382; baseline 0.037 -3"><span class='ocrx_word' id='word_1_1' title='bbox 329 325 436 382; x_wconf 75' lang='grc'><strong><em>763</em></strong></span> 
     </span>
    </p>
   </div>
   <div class='ocr_carea' id='block_1_2' title="bbox 1670 310 2277 369">
    <p class='ocr_par' dir='ltr' id='par_1_2' title="bbox 1670 310 2277 369">
     <span class='ocr_line' id='line_1_2' title="bbox 1670 310 2277 369; baseline 0 -2"><span class='ocrx_word' id='word_1_2' title='bbox 1670 314 1731 369; x_wconf 88' lang='lat' dir='ltr'><strong><em>S.</em></strong></span> <span class='ocrx_word' id='word_1_3' title='bbox 1773 310 2019 369; x_wconf 71' lang='lat' dir='ltr'><strong><em>BASlLll</em></strong></span> <span class='ocrx_word' id='word_1_4' title='bbox 2057 311 2277 367; x_wconf 78' lang='lat' dir='ltr'><strong><em>MAGNI</em></strong></span> 
     </span>
    </p>
   </div>
   <div class='ocr_carea' id='block_1_3' title="bbox 3489 308 3607 367">
    <p class='ocr_par' dir='ltr' id='par_1_3' title="bbox 3489 308 3607 367">
     <span class='ocr_line' id='line_1_3' title="bbox 3489 308 3607 367; baseline 0.017 -2"><span class='ocrx_word' id='word_1_5' title='bbox 3489 308 3607 367; x_wconf 63' lang='grc'>764</span> 
     </span>
    </p>
   </div>
   <div class='ocr_carea' id='block_1_4' title="bbox 324 426 1909 503">
    <p class='ocr_par' dir='ltr' id='par_1_4' title="bbox 324 426 1905 503">
     <span class='ocr_line' id='line_1_4' title="bbox 324 426 1905 503; baseline -0.011 -8"><span class='ocrx_word' id='word_1_6' title='bbox 324 441 446 495; x_wconf 83' lang='lat' dir='ltr'><strong><em>dem</em></strong></span> <span class='ocrx_word' id='word_1_7' title='bbox 477 438 606 492; x_wconf 86' lang='lat' dir='ltr'><strong><em>dicit</em></strong></span> <span class='ocrx_word' id='word_1_8' title='bbox 640 455 652 491; x_wconf 90' lang='lat'><strong>:</strong></span> <span class='ocrx_word' id='word_1_9' title='bbox 698 435 927 503; x_wconf 76' lang='lat' dir='ltr'><strong><em>Spiritus</em></strong></span> <span class='ocrx_word' id='word_1_10' title='bbox 969 434 1181 489; x_wconf 87' lang='lat' dir='ltr'><strong><em>Domini</em></strong></span> <span class='ocrx_word' id='word_1_11' title='bbox 1206 447 1363 502; x_wconf 81' lang='lat' dir='ltr'><strong><em>super</em></strong></span> <span class='ocrx_word' id='word_1_12' title='bbox 1391 446 1492 494; x_wconf 87' lang='lat' dir='ltr'><strong><em>me,</em></strong></span> <span class='ocrx_word' id='word_1_13' title='bbox 1532 439 1742 498; x_wconf 83' lang='lat' dir='ltr'><strong><em>prapter</em></strong></span> <span class='ocrx_word' id='word_1_14' title='bbox 1764 426 1905 496; x_wconf 82' lang='lat' dir='ltr'><strong><em>quod</em></strong></span> 
     </span>
    </p>
   </div>
   <div class='ocr_carea' id='block_1_5' title="bbox 2012 426 3617 503">
    <p class='ocr_par' dir='ltr' id='par_1_5' title="bbox 2012 426 3617 496">
     <span class='ocr_line' id='line_1_5' title="bbox 2012 426 3617 496; baseline 0.004 -16"><span class='ocrx_word' id='word_1_15' title='bbox 2012 427 2173 496; x_wconf 76' lang='grc' dir='ltr'><em>ῥίζης</em></span> <span class='ocrx_word' id='word_1_16' title='bbox 2208 426 2596 495; x_wconf 79' lang='grc' dir='ltr'><em>ἀναϐήσεται,</em></span> <span class='ocrx_word' id='word_1_17' title='bbox 2636 427 2737 481; x_wconf 76' lang='grc' dir='ltr'><em>καὶ</em></span> <span class='ocrx_word' id='word_1_18' title='bbox 2764 426 3251 483; x_wconf 82' lang='grc' dir='ltr'><em>ἐπαναπαύσεται</em></span> <span class='ocrx_word' id='word_1_19' title='bbox 3283 429 3384 483; x_wconf 79' lang='grc' dir='ltr'><strong><em>ἐπ’</em></strong></span> <span class='ocrx_word' id='word_1_20' title='bbox 3414 432 3617 486; x_wconf 80' lang='grc' dir='ltr'><em>αὐτὸν</em></span> 
     </span>
    </p>
   </div>
   <div class='ocr_carea' id='block_1_6' title="bbox 326 519 1908 594">
    <p class='ocr_par' dir='ltr' id='par_1_6' title="bbox 326 519 1908 594">
     <span class='ocr_line' id='line_1_6' title="bbox 326 519 1908 594; baseline -0.007 -11"><span class='ocrx_word' id='word_1_21' title='bbox 326 529 481 585; x_wconf 64' lang='lat' dir='ltr'><strong><em>unxit</em></strong></span> <span class='ocrx_word' id='word_1_22' title='bbox 511 544 631 592; x_wconf 87' lang='lat' dir='ltr'><strong><em>me;</em></strong></span> <span class='ocrx_word' id='word_1_23' title='bbox 672 528 817 581; x_wconf 87' lang='lat' dir='ltr'><strong><em>misit</em></strong></span> <span class='ocrx_word' id='word_1_24' title='bbox 857 543 939 580; x_wconf 90' lang='lat' dir='ltr'><strong><em>me</em></strong></span> <span class='ocrx_word' id='word_1_25' title='bbox 978 536 1037 579; x_wconf 83' lang='lat' dir='ltr'><strong><em>ut</em></strong></span> <span class='ocrx_word' id='word_1_26' title='bbox 1078 524 1397 594; x_wconf 74' lang='lat' dir='ltr'><strong><em>pauperibus</em></strong></span> <span class='ocrx_word' id='word_1_27' title='bbox 1429 519 1848 589; x_wconf 76' lang='lat' dir='ltr'><strong><em>evangelisarem</em></strong></span> <span class='ocrx_word' id='word_1_28' title='bbox 1885 532 1908 572; x_wconf 88' lang='lat'><strong><em>:</em></strong></span> 
     </span>
    </p>
   </div>
   <div class='ocr_carea' id='block_1_7' title="bbox 326 612 1910 689">
    <p class='ocr_par' dir='ltr' id='par_1_7' title="bbox 326 612 1910 689">
     <span class='ocr_line' id='line_1_7' title="bbox 326 612 1910 689; baseline -0.008 -14"><span class='ocrx_word' id='word_1_29' title='bbox 326 632 386 675; x_wconf 87' lang='lat' dir='ltr'><strong><em>ut</em></strong></span> <span class='ocrx_word' id='word_1_30' title='bbox 437 620 779 689; x_wconf 78' lang='lat' dir='ltr'><strong><em>prtcdicarem</em></strong></span> <span class='ocrx_word' id='word_1_31' title='bbox 826 619 1043 685; x_wconf 74' lang='lat' dir='ltr'><strong><em>captivis</em></strong></span> <span class='ocrx_word' id='word_1_32' title='bbox 1091 617 1481 677; x_wconf 73' lang='lat' dir='ltr'><strong><em>remissionem,</em></strong></span> <span class='ocrx_word' id='word_1_33' title='bbox 1529 621 1581 666; x_wconf 90' lang='lat' dir='ltr'><strong><em>et</em></strong></span> <span class='ocrx_word' id='word_1_34' title='bbox 1619 612 1773 665; x_wconf 83' lang='lat' dir='ltr'><strong><em>ccccis</em></strong></span> <span class='ocrx_word' id='word_1_35' title='bbox 1828 612 1910 663; x_wconf 82' lang='lat' dir='ltr'><strong><em>vi-</em></strong></span> 
     </span>
    </p>
   </div>
   <div class='ocr_carea' id='block_1_8' title="bbox 325 702 1909 778">
    <p class='ocr_par' dir='ltr' id='par_1_8' title="bbox 325 702 1909 778">
     <span class='ocr_line' id='line_1_8' title="bbox 325 702 1909 778; baseline -0.008 -13"><span class='ocrx_word' id='word_1_36' title='bbox 325 726 441 765; x_wconf 85' lang='lat' dir='ltr'><strong><em>sum</em></strong></span> <span class='ocrx_word' id='word_1_37' title='bbox 468 709 513 741; x_wconf 80' lang='grc'><strong><em>⁵⁸</em></strong></span> <span class='ocrx_word' id='word_1_38' title='bbox 541 726 555 761; x_wconf 93' lang='lat'><strong>:</strong></span> <span class='ocrx_word' id='word_1_39' title='bbox 581 709 853 778; x_wconf 83' lang='lat' dir='ltr'><strong><em>quomodo</em></strong></span> <span class='ocrx_word' id='word_1_40' title='bbox 879 707 1144 777; x_wconf 83' lang='lat' dir='ltr'><strong><em>separabo</em></strong></span> <span class='ocrx_word' id='word_1_41' title='bbox 1170 703 1459 773; x_wconf 73' lang='lat' dir='ltr'><strong><em>Spiritum?</em></strong></span> <span class='ocrx_word' id='word_1_42' title='bbox 1484 702 1549 755; x_wconf 86' lang='lat' dir='ltr'><strong><em>Et</em></strong></span> <span class='ocrx_word' id='word_1_43' title='bbox 1572 713 1909 770; x_wconf 68' lang='lat' dir='ltr'><strong><em>quascunque</em></strong></span> 
     </span>
    </p>
   </div>
   <div class='ocr_carea' id='block_1_9' title="bbox 327 791 1907 855">
    <p class='ocr_par' dir='ltr' id='par_1_9' title="bbox 327 791 1907 855">
     <span class='ocr_line' id='line_1_9' title="bbox 327 791 1907 855; baseline -0.006 0"><span class='ocrx_word' id='word_1_44' title='bbox 327 802 454 855; x_wconf 82' lang='lat' dir='ltr'><strong><em>licet</em></strong></span> <span class='ocrx_word' id='word_1_45' title='bbox 486 816 609 855; x_wconf 89' lang='lat' dir='ltr'><strong><em>cum</em></strong></span> <span class='ocrx_word' id='word_1_46' title='bbox 655 800 834 854; x_wconf 90' lang='lat' dir='ltr'><strong><em>studio</em></strong></span> <span class='ocrx_word' id='word_1_47' title='bbox 874 813 941 854; x_wconf 85' lang='lat' dir='ltr'><strong><em>ac</em></strong></span> <span class='ocrx_word' id='word_1_48' title='bbox 981 796 1165 852; x_wconf 86' lang='lat' dir='ltr'><strong><em>labore</em></strong></span> <span class='ocrx_word' id='word_1_49' title='bbox 1209 795 1452 851; x_wconf 81' lang='lat' dir='ltr'><strong><em>invenire</em></strong></span> <span class='ocrx_word' id='word_1_50' title='bbox 1491 804 1602 847; x_wconf 87' lang='lat' dir='ltr'><strong><em>tum</em></strong></span> <span class='ocrx_word' id='word_1_51' title='bbox 1649 804 1681 847; x_wconf 75' lang='grc' dir='ltr'><strong><em>ε</em></strong></span> <span class='ocrx_word' id='word_1_52' title='bbox 1727 791 1907 846; x_wconf 84' lang='lat' dir='ltr'><strong><em>Veteri</em></strong></span> 
     </span>
    </p>
   </div>
   <div class='ocr_carea' id='block_1_10' title="bbox 327 885 1909 963">
    <p class='ocr_par' dir='ltr' id='par_1_10' title="bbox 327 885 1909 963">
     <span class='ocr_line' id='line_1_10' title="bbox 327 885 1909 963; baseline -0.007 -16"><span class='ocrx_word' id='word_1_53' title='bbox 327 895 632 963; x_wconf 86' lang='lat' dir='ltr'><strong><em>Scriptura,</em></strong></span> <span class='ocrx_word' id='word_1_54' title='bbox 667 901 777 945; x_wconf 90' lang='lat' dir='ltr'><strong><em>tum</em></strong></span> <span class='ocrx_word' id='word_1_55' title='bbox 822 906 853 945; x_wconf 78' lang='grc' dir='ltr'><strong><em>ε</em></strong></span> <span class='ocrx_word' id='word_1_56' title='bbox 895 890 1047 945; x_wconf 75' lang='lat' dir='ltr'><strong><em>Novo</em></strong></span> <span class='ocrx_word' id='word_1_57' title='bbox 1091 887 1463 952; x_wconf 80' lang='lat' dir='ltr'><strong><em>Testamento,</em></strong></span> <span class='ocrx_word' id='word_1_58' title='bbox 1497 887 1565 940; x_wconf 87' lang='lat' dir='ltr'><strong><em>de</em></strong></span> <span class='ocrx_word' id='word_1_59' title='bbox 1610 885 1815 952; x_wconf 94' lang='lat' dir='ltr'><strong><em>Spiritu</em></strong></span> <span class='ocrx_word' id='word_1_60' title='bbox 1853 890 1909 937; x_wconf 88' lang='lat' dir='ltr'><strong><em>et</em></strong></span> 
     </span>
    </p>
   </div>
   <div class='ocr_carea' id='block_1_11' title="bbox 328 975 1908 1050">
    <p class='ocr_par' dir='ltr' id='par_1_11' title="bbox 328 975 1908 1050">
     <span class='ocr_line' id='line_1_11' title="bbox 328 975 1908 1050; baseline -0.009 -10"><span class='ocrx_word' id='word_1_61' title='bbox 328 984 467 1040; x_wconf 81' lang='lat' dir='ltr'><strong><em>Filio</em></strong></span> <span class='ocrx_word' id='word_1_62' title='bbox 494 995 549 1040; x_wconf 90' lang='lat' dir='ltr'><strong><em>et</em></strong></span> <span class='ocrx_word' id='word_1_63' title='bbox 589 983 769 1037; x_wconf 86' lang='lat' dir='ltr'><strong><em>Patre.</em></strong></span> <span class='ocrx_word' id='word_1_64' title='bbox 802 982 925 1047; x_wconf 83' lang='lat' dir='ltr'><strong><em>Ave,</em></strong></span> <span class='ocrx_word' id='word_1_65' title='bbox 967 981 1141 1050; x_wconf 90' lang='lat' dir='ltr'><strong><em>gratia</em></strong></span> <span class='ocrx_word' id='word_1_66' title='bbox 1181 978 1359 1047; x_wconf 89' lang='lat' dir='ltr'><strong><em>plena,</em></strong></span> <span class='ocrx_word' id='word_1_67' title='bbox 1396 975 1654 1043; x_wconf 83' lang='lat' dir='ltr'><strong><em>Dominus</em></strong></span> <span class='ocrx_word' id='word_1_68' title='bbox 1685 984 1854 1028; x_wconf 86' lang='lat' dir='ltr'><strong><em>tecum</em></strong></span> <span class='ocrx_word' id='word_1_69' title='bbox 1887 988 1908 1026; x_wconf 85' lang='lat'><strong><em>:</em></strong></span> 
     </span>
    </p>
   </div>
   <div class='ocr_carea' id='block_1_12' title="bbox 325 1060 1909 1139">
    <p class='ocr_par' dir='ltr' id='par_1_12' title="bbox 325 1060 1909 1139">
     <span class='ocr_line' id='line_1_12' title="bbox 325 1060 1909 1139; baseline -0.009 -5"><span class='ocrx_word' id='word_1_70' title='bbox 325 1094 441 1134; x_wconf 87' lang='lat' dir='ltr'><strong><em>ecce</em></strong></span> <span class='ocrx_word' id='word_1_71' title='bbox 469 1079 606 1133; x_wconf 87' lang='lat' dir='ltr'><strong><em>enim</em></strong></span> <span class='ocrx_word' id='word_1_72' title='bbox 634 1077 895 1137; x_wconf 89' lang='lat' dir='ltr'><strong><em>concipies</em></strong></span> <span class='ocrx_word' id='word_1_73' title='bbox 918 1060 979 1129; x_wconf 81' lang='lat' dir='ltr'><strong><em>in</em></strong></span> <span class='ocrx_word' id='word_1_74' title='bbox 1017 1084 1195 1136; x_wconf 86' lang='lat' dir='ltr'><strong><em>utero,</em></strong></span> <span class='ocrx_word' id='word_1_75' title='bbox 1242 1081 1290 1125; x_wconf 86' lang='lat' dir='ltr'><strong><em>et</em></strong></span> <span class='ocrx_word' id='word_1_76' title='bbox 1320 1071 1493 1139; x_wconf 90' lang='lat' dir='ltr'><strong><em>paries</em></strong></span> <span class='ocrx_word' id='word_1_77' title='bbox 1530 1067 1702 1137; x_wconf 82' lang='lat' dir='ltr'><strong><em>[ilium</em></strong></span> <span class='ocrx_word' id='word_1_78' title='bbox 1733 1068 1803 1121; x_wconf 82' lang='grc'><strong><em>⁸³.</em></strong></span> <span class='ocrx_word' id='word_1_79' title='bbox 1839 1067 1909 1120; x_wconf 83' lang='grc' dir='ltr'><em>Ει</em></span> 
     </span>
    </p>
   </div>
   <div class='ocr_carea' id='block_1_13' title="bbox 327 1155 1909 1228">
    <p class='ocr_par' dir='ltr' id='par_1_13' title="bbox 327 1155 1909 1228">
     <span class='ocr_line' id='line_1_13' title="bbox 327 1155 1909 1228; baseline -0.011 -5"><span class='ocrx_word' id='word_1_80' title='bbox 327 1184 450 1223; x_wconf 84' lang='lat' dir='ltr'><strong><em>cum</em></strong></span> <span class='ocrx_word' id='word_1_81' title='bbox 511 1166 683 1221; x_wconf 78' lang='lat' dir='ltr'><strong><em>Maria</em></strong></span> <span class='ocrx_word' id='word_1_82' title='bbox 736 1167 939 1221; x_wconf 83' lang='lat' dir='ltr'><strong><em>diceret</em></strong></span> <span class='ocrx_word' id='word_1_83' title='bbox 982 1182 997 1219; x_wconf 89' lang='lat'><strong>:</strong></span> <span class='ocrx_word' id='word_1_84' title='bbox 1062 1161 1335 1228; x_wconf 81' lang='lat' dir='ltr'><strong><em>Quomodo</em></strong></span> <span class='ocrx_word' id='word_1_85' title='bbox 1378 1173 1687 1228; x_wconf 89' lang='lat' dir='ltr'><strong><em>cognoscam</em></strong></span> <span class='ocrx_word' id='word_1_86' title='bbox 1731 1155 1909 1221; x_wconf 80' lang='lat' dir='ltr'><strong><em>istud,</em></strong></span> 
     </span>
    </p>
   </div>
   <div class='ocr_carea' id='block_1_14' title="bbox 328 1248 1906 1331">
    <p class='ocr_par' dir='ltr' id='par_1_14' title="bbox 328 1248 1906 1331">
     <span class='ocr_line' id='line_1_14' title="bbox 328 1248 1906 1331; baseline -0.008 -17"><span class='ocrx_word' id='word_1_87' title='bbox 328 1258 753 1331; x_wconf 79' lang='lat' dir='ltr'><strong><em>quandoquidem</em></strong></span> <span class='ocrx_word' id='word_1_88' title='bbox 777 1259 944 1311; x_wconf 83' lang='lat' dir='ltr'><strong><em>virum</em></strong></span> <span class='ocrx_word' id='word_1_89' title='bbox 972 1271 1075 1308; x_wconf 89' lang='lat' dir='ltr'><strong><em>non</em></strong></span> <span class='ocrx_word' id='word_1_90' title='bbox 1097 1267 1352 1322; x_wconf 76' lang='lat' dir='ltr'><strong><em>cognosco</em></strong></span> <span class='ocrx_word' id='word_1_91' title='bbox 1371 1251 1396 1305; x_wconf 71' lang='lat'><strong><em>7</em></strong></span> <span class='ocrx_word' id='word_1_92' title='bbox 1413 1250 1546 1304; x_wconf 81' lang='lat' dir='ltr'><strong><em>dicit</em></strong></span> <span class='ocrx_word' id='word_1_93' title='bbox 1569 1250 1618 1303; x_wconf 87' lang='lat' dir='ltr'><strong><em>ei</em></strong></span> <span class='ocrx_word' id='word_1_94' title='bbox 1641 1248 1863 1319; x_wconf 75' lang='lat' dir='ltr'><strong><em>angelus</em></strong></span> <span class='ocrx_word' id='word_1_95' title='bbox 1889 1263 1906 1301; x_wconf 89' lang='lat'><strong>:</strong></span> 
     </span>
    </p>
   </div>
   <div class='ocr_carea' id='block_1_15' title="bbox 328 1339 1910 1424">
    <p class='ocr_par' dir='ltr' id='par_1_15' title="bbox 328 1339 1910 1424">
     <span class='ocr_line' id='line_1_15' title="bbox 328 1339 1910 1424; baseline -0.011 -15"><span class='ocrx_word' id='word_1_96' title='bbox 328 1353 566 1424; x_wconf 85' lang='lat' dir='ltr'><strong><em>Spiritus</em></strong></span> <span class='ocrx_word' id='word_1_97' title='bbox 598 1360 812 1405; x_wconf 78' lang='lat' dir='ltr'><strong><em>sanctus</em></strong></span> <span class='ocrx_word' id='word_1_98' title='bbox 840 1346 1158 1416; x_wconf 78' lang='lat' dir='ltr'><strong><em>superveniet</em></strong></span> <span class='ocrx_word' id='word_1_99' title='bbox 1184 1346 1236 1398; x_wconf 85' lang='lat' dir='ltr'><strong><em>in</em></strong></span> <span class='ocrx_word' id='word_1_100' title='bbox 1273 1353 1343 1410; x_wconf 86' lang='lat' dir='ltr'><strong><em>te,</em></strong></span> <span class='ocrx_word' id='word_1_101' title='bbox 1373 1353 1420 1396; x_wconf 91' lang='lat' dir='ltr'><strong><em>et</em></strong></span> <span class='ocrx_word' id='word_1_102' title='bbox 1449 1342 1614 1396; x_wconf 76' lang='lat' dir='ltr'><strong><em>virtus</em></strong></span> <span class='ocrx_word' id='word_1_103' title='bbox 1653 1339 1910 1393; x_wconf 79' lang='lat' dir='ltr'><strong><em>Altissimi</em></strong></span> 
     </span>
    </p>
   </div>
   <div class='ocr_carea' id='block_1_16' title="bbox 328 1431 1911 1503">
    <p class='ocr_par' dir='ltr' id='par_1_16' title="bbox 328 1431 1911 1503">
     <span class='ocr_line' id='line_1_16' title="bbox 328 1431 1911 1503; baseline -0.009 -4"><span class='ocrx_word' id='word_1_104' title='bbox 328 1443 659 1499; x_wconf 86' lang='lat' dir='ltr'><strong><em>obumbrabit</em></strong></span> <span class='ocrx_word' id='word_1_105' title='bbox 689 1442 784 1495; x_wconf 85' lang='lat' dir='ltr'><strong><em>tibi</em></strong></span> <span class='ocrx_word' id='word_1_106' title='bbox 804 1441 876 1495; x_wconf 81' lang='grc'><strong><em>⁸³.</em></strong></span> <span class='ocrx_word' id='word_1_107' title='bbox 907 1438 973 1493; x_wconf 85' lang='lat' dir='ltr'><strong><em>Et</em></strong></span> <span class='ocrx_word' id='word_1_108' title='bbox 1005 1453 1194 1492; x_wconf 86' lang='lat' dir='ltr'><strong><em>rursus</em></strong></span> <span class='ocrx_word' id='word_1_109' title='bbox 1215 1437 1354 1489; x_wconf 89' lang='lat' dir='ltr'><strong><em>idem</em></strong></span> <span class='ocrx_word' id='word_1_110' title='bbox 1383 1433 1603 1503; x_wconf 67' lang='lat' dir='ltr'><strong><em>angelus</em></strong></span> <span class='ocrx_word' id='word_1_111' title='bbox 1630 1433 1695 1487; x_wconf 83' lang='lat' dir='ltr'><strong><em>ad</em></strong></span> <span class='ocrx_word' id='word_1_112' title='bbox 1713 1431 1911 1500; x_wconf 80' lang='lat' dir='ltr'><strong><em>Joscplt</em></strong></span> 
     </span>
    </p>
   </div>
   <div class='ocr_carea' id='block_1_17' title="bbox 330 1527 1908 1598">
    <p class='ocr_par' dir='ltr' id='par_1_17' title="bbox 330 1527 1908 1598">
     <span class='ocr_line' id='line_1_17' title="bbox 330 1527 1908 1598; baseline -0.011 -6"><span class='ocrx_word' id='word_1_113' title='bbox 330 1538 465 1592; x_wconf 86' lang='lat' dir='ltr'><strong><em>dicit</em></strong></span> <span class='ocrx_word' id='word_1_114' title='bbox 494 1558 506 1591; x_wconf 89' lang='lat'><strong>:</strong></span> <span class='ocrx_word' id='word_1_115' title='bbox 546 1533 629 1588; x_wconf 88' lang='lat' dir='ltr'><strong><em>Ne</em></strong></span> <span class='ocrx_word' id='word_1_116' title='bbox 658 1535 842 1586; x_wconf 81' lang='lat' dir='ltr'><strong><em>timeas</em></strong></span> <span class='ocrx_word' id='word_1_117' title='bbox 873 1531 1108 1598; x_wconf 81' lang='lat' dir='ltr'><strong><em>accipere</em></strong></span> <span class='ocrx_word' id='word_1_118' title='bbox 1144 1527 1372 1582; x_wconf 80' lang='lat' dir='ltr'><strong><em>Mariam</em></strong></span> <span class='ocrx_word' id='word_1_119' title='bbox 1405 1527 1681 1594; x_wconf 85' lang='lat' dir='ltr'><strong><em>conjugem</em></strong></span> <span class='ocrx_word' id='word_1_120' title='bbox 1713 1536 1856 1577; x_wconf 85' lang='lat' dir='ltr'><strong><em>tuum</em></strong></span> <span class='ocrx_word' id='word_1_121' title='bbox 1886 1538 1908 1585; x_wconf 71' lang='grc' dir='ltr'><strong><em>ς</em></strong></span> 
     </span>
    </p>
   </div>
   <div class='ocr_carea' id='block_1_18' title="bbox 329 1613 1911 1698">
    <p class='ocr_par' dir='ltr' id='par_1_18' title="bbox 329 1613 1911 1698">
     <span class='ocr_line' id='line_1_18' title="bbox 329 1613 1911 1698; baseline -0.008 -17"><span class='ocrx_word' id='word_1_122' title='bbox 329 1644 453 1681; x_wconf 86' lang='lat' dir='ltr'><strong><em>nam</em></strong></span> <span class='ocrx_word' id='word_1_123' title='bbox 494 1626 634 1698; x_wconf 78' lang='lat' dir='ltr'><strong><em>quod</em></strong></span> <span class='ocrx_word' id='word_1_124' title='bbox 675 1626 733 1678; x_wconf 87' lang='lat' dir='ltr'><strong><em>in</em></strong></span> <span class='ocrx_word' id='word_1_125' title='bbox 780 1640 842 1678; x_wconf 92' lang='lat' dir='ltr'><strong><em>ea</em></strong></span> <span class='ocrx_word' id='word_1_126' title='bbox 879 1632 1187 1689; x_wconf 86' lang='lat' dir='ltr'><strong><em>conceptum</em></strong></span> <span class='ocrx_word' id='word_1_127' title='bbox 1237 1631 1348 1682; x_wconf 86' lang='lat' dir='ltr'><strong><em>est,</em></strong></span> <span class='ocrx_word' id='word_1_128' title='bbox 1398 1635 1430 1672; x_wconf 89' lang='lat' dir='ltr'><strong><em>a</em></strong></span> <span class='ocrx_word' id='word_1_129' title='bbox 1470 1613 1676 1685; x_wconf 80' lang='lat' dir='ltr'><strong><em>Spiritu</em></strong></span> <span class='ocrx_word' id='word_1_130' title='bbox 1728 1628 1911 1669; x_wconf 86' lang='lat' dir='ltr'><strong><em>sancto</em></strong></span> 
     </span>
    </p>
   </div>
   <div class='ocr_carea' id='block_1_19' title="bbox 329 1709 1911 1784">
    <p class='ocr_par' dir='ltr' id='par_1_19' title="bbox 329 1709 1911 1784">
     <span class='ocr_line' id='line_1_19' title="bbox 329 1709 1911 1784; baseline -0.009 -11"><span class='ocrx_word' id='word_1_131' title='bbox 329 1730 404 1774; x_wconf 87' lang='lat' dir='ltr'><strong><em>est</em></strong></span> <span class='ocrx_word' id='word_1_132' title='bbox 435 1718 503 1774; x_wconf 77' lang='lat'><strong><em>“.</em></strong></span> <span class='ocrx_word' id='word_1_133' title='bbox 547 1717 612 1773; x_wconf 85' lang='lat' dir='ltr'><strong><em>Et</em></strong></span> <span class='ocrx_word' id='word_1_134' title='bbox 658 1731 851 1771; x_wconf 88' lang='lat' dir='ltr'><strong><em>rursus</em></strong></span> <span class='ocrx_word' id='word_1_135' title='bbox 902 1715 1180 1784; x_wconf 69' lang='lat' dir='ltr'><strong><em>prOphetm</em></strong></span> <span class='ocrx_word' id='word_1_136' title='bbox 1231 1709 1395 1765; x_wconf 77' lang='lat' dir='ltr'><strong><em>verba</em></strong></span> <span class='ocrx_word' id='word_1_137' title='bbox 1433 1722 1710 1777; x_wconf 79' lang='lat' dir='ltr'><strong><em>exponens</em></strong></span> <span class='ocrx_word' id='word_1_138' title='bbox 1744 1722 1911 1761; x_wconf 84' lang='lat' dir='ltr'><strong><em>evan-</em></strong></span> 
     </span>
    </p>
   </div>
   <div class='ocr_carea' id='block_1_20' title="bbox 2006 517 3618 591">
    <p class='ocr_par' dir='ltr' id='par_1_20' title="bbox 2006 517 3618 591">
     <span class='ocr_line' id='line_1_20' title="bbox 2006 517 3618 591; baseline 0.002 -18"><span class='ocrx_word' id='word_1_139' title='bbox 2006 519 2249 588; x_wconf 77' lang='grc' dir='ltr'><strong><em>Πνεῦμα</em></strong></span> <span class='ocrx_word' id='word_1_140' title='bbox 2294 520 2515 590; x_wconf 70' lang='grc' dir='ltr'><em>σοφίας</em></span> <span class='ocrx_word' id='word_1_141' title='bbox 2556 519 2655 572; x_wconf 78' lang='grc' dir='ltr'><em>καὶ</em></span> <span class='ocrx_word' id='word_1_142' title='bbox 2708 517 3036 586; x_wconf 87' lang='grc' dir='ltr'><em>συνέσεως,</em></span> <span class='ocrx_word' id='word_1_143' title='bbox 3073 521 3314 591; x_wconf 79' lang='grc' dir='ltr'><strong><em>Πνεῦμα</em></strong></span> <span class='ocrx_word' id='word_1_144' title='bbox 3357 521 3618 587; x_wconf 79' lang='grc' dir='ltr'><em>,ϐουλῆς</em></span> 
     </span>
    </p>
   </div>
   <div class='ocr_carea' id='block_1_21' title="bbox 2009 609 3618 681">
    <p class='ocr_par' dir='ltr' id='par_1_21' title="bbox 2009 609 3618 681">
     <span class='ocr_line' id='line_1_21' title="bbox 2009 609 3618 681; baseline 0.002 -17"><span class='ocrx_word' id='word_1_145' title='bbox 2009 613 2107 665; x_wconf 81' lang='grc' dir='ltr'><strong><em>καί</em></strong></span> <span class='ocrx_word' id='word_1_146' title='bbox 2143 613 2381 681; x_wconf 73' lang='grc' dir='ltr'><em>ἰσχύος,</em></span> <span class='ocrx_word' id='word_1_147' title='bbox 2417 610 2662 679; x_wconf 81' lang='grc' dir='ltr'><em>Πνεῦμα</em></span> <span class='ocrx_word' id='word_1_148' title='bbox 2696 609 2974 680; x_wconf 87' lang='grc' dir='ltr'><em>γνώσεως</em></span> <span class='ocrx_word' id='word_1_149' title='bbox 3002 612 3101 666; x_wconf 83' lang='grc' dir='ltr'><em>καὶ</em></span> <span class='ocrx_word' id='word_1_150' title='bbox 3135 614 3470 679; x_wconf 80' lang='grc' dir='ltr'><em>εὐσεϐείας,</em></span> <span class='ocrx_word' id='word_1_151' title='bbox 3506 615 3618 668; x_wconf 68' lang='grc' dir='ltr'><em>καὶ</em></span> 
     </span>
    </p>
   </div>
   <div class='ocr_carea' id='block_1_22' title="bbox 2007 704 3610 776">
    <p class='ocr_par' dir='ltr' id='par_1_22' title="bbox 2007 704 3610 776">
     <span class='ocr_line' id='line_1_22' title="bbox 2007 704 3610 776; baseline -0.001 -18"><span class='ocrx_word' id='word_1_152' title='bbox 2007 704 2307 775; x_wconf 73' lang='grc' dir='ltr'><strong><em>ἐμπλήσει</em></strong></span> <span class='ocrx_word' id='word_1_153' title='bbox 2340 704 2529 758; x_wconf 85' lang='grc' dir='ltr'><em>αὐτὸν</em></span> <span class='ocrx_word' id='word_1_154' title='bbox 2558 705 2805 773; x_wconf 81' lang='grc' dir='ltr'><em>Πνεῦμα</em></span> <span class='ocrx_word' id='word_1_155' title='bbox 2854 704 3044 772; x_wconf 73' lang='grc' dir='ltr'><em>φόϐου</em></span> <span class='ocrx_word' id='word_1_156' title='bbox 3089 704 3240 758; x_wconf 85' lang='grc' dir='ltr'><em>Θεοῦ</em></span> <span class='ocrx_word' id='word_1_157' title='bbox 3263 719 3282 735; x_wconf 93' lang='grc'><strong><em>·</em></strong></span> <span class='ocrx_word' id='word_1_158' title='bbox 3328 704 3451 768; x_wconf 87' lang='grc' dir='ltr'><em>πῶς</em></span> <span class='ocrx_word' id='word_1_159' title='bbox 3499 724 3610 776; x_wconf 81' lang='grc' dir='ltr'><strong><em>χω-</em></strong></span> 
     </span>
    </p>
   </div>
   <div class='ocr_carea' id='block_1_23' title="bbox 2011 793 3617 868">
    <p class='ocr_par' dir='ltr' id='par_1_23' title="bbox 2011 793 3617 868">
     <span class='ocr_line' id='line_1_23' title="bbox 2011 793 3617 868; baseline -0.001 -19"><span class='ocrx_word' id='word_1_160' title='bbox 2011 797 2146 868; x_wconf 76' lang='grc' dir='ltr'><em>ρεσω</em></span> <span class='ocrx_word' id='word_1_161' title='bbox 2192 795 2255 848; x_wconf 82' lang='grc' dir='ltr'><em>τὸ</em></span> <span class='ocrx_word' id='word_1_162' title='bbox 2301 793 2563 867; x_wconf 78' lang='grc' dir='ltr'><em>Πνεῦμας</em></span> <span class='ocrx_word' id='word_1_163' title='bbox 2612 794 2742 848; x_wconf 77' lang='grc' dir='ltr'><strong><em>Ἐὰν</em></strong></span> <span class='ocrx_word' id='word_1_164' title='bbox 2777 793 2835 847; x_wconf 80' lang='grc' dir='ltr'><em>δὲ</em></span> <span class='ocrx_word' id='word_1_165' title='bbox 2882 793 3049 865; x_wconf 81' lang='grc' dir='ltr'><em>λέγῃ·</em></span> <span class='ocrx_word' id='word_1_166' title='bbox 3090 793 3337 862; x_wconf 82' lang='grc' dir='ltr'><em>Πνεῦμα</em></span> <span class='ocrx_word' id='word_1_167' title='bbox 3377 796 3617 863; x_wconf 79' lang='grc' dir='ltr'><strong><em>Κυρίου</em></strong></span> 
     </span>
    </p>
   </div>
   <div class='ocr_carea' id='block_1_24' title="bbox 2007 880 3615 954">
    <p class='ocr_par' dir='ltr' id='par_1_24' title="bbox 2007 880 3615 954">
     <span class='ocr_line' id='line_1_24' title="bbox 2007 880 3615 954; baseline 0 -16"><span class='ocrx_word' id='word_1_168' title='bbox 2007 885 2100 938; x_wconf 82' lang='grc' dir='ltr'><strong><em>ἐπ’</em></strong></span> <span class='ocrx_word' id='word_1_169' title='bbox 2128 883 2269 954; x_wconf 75' lang='grc' dir='ltr'><em>ἐμὲ,</em></span> <span class='ocrx_word' id='word_1_170' title='bbox 2304 880 2377 940; x_wconf 86' lang='grc' dir='ltr'><em>οὗ</em></span> <span class='ocrx_word' id='word_1_171' title='bbox 2419 886 2655 939; x_wconf 81' lang='grc' dir='ltr'><em>εῖνεκεν</em></span> <span class='ocrx_word' id='word_1_172' title='bbox 2693 882 2903 953; x_wconf 78' lang='grc' dir='ltr'><em>ἔχρισε</em></span> <span class='ocrx_word' id='word_1_173' title='bbox 2949 900 3048 953; x_wconf 88' lang='grc' dir='ltr'><strong><em>με,</em></strong></span> <span class='ocrx_word' id='word_1_174' title='bbox 3092 885 3615 953; x_wconf 85' lang='grc' dir='ltr'><em>εὐαγγελίσασθαι</em></span> 
     </span>
    </p>
   </div>
   <div class='ocr_carea' id='block_1_25' title="bbox 2009 975 3619 1047">
    <p class='ocr_par' dir='ltr' id='par_1_25' title="bbox 2009 975 3619 1047">
     <span class='ocr_line' id='line_1_25' title="bbox 2009 975 3619 1047; baseline 0.001 -19"><span class='ocrx_word' id='word_1_175' title='bbox 2009 977 2267 1047; x_wconf 78' lang='grc' dir='ltr'><strong><em>πτωχοῖς</em></strong></span> <span class='ocrx_word' id='word_1_176' title='bbox 2319 975 2665 1032; x_wconf 84' lang='grc' dir='ltr'><em>ἀπέσταλκέ</em></span> <span class='ocrx_word' id='word_1_177' title='bbox 2726 993 2835 1046; x_wconf 86' lang='grc' dir='ltr'><strong><em>με,</em></strong></span> <span class='ocrx_word' id='word_1_178' title='bbox 2900 976 3156 1044; x_wconf 81' lang='grc' dir='ltr'><em>κηρύξαι</em></span> <span class='ocrx_word' id='word_1_179' title='bbox 3203 976 3619 1046; x_wconf 70' lang='grc' dir='ltr'><em>αἰχμαλώτοις</em></span> 
     </span>
    </p>
   </div>
   <div class='ocr_carea' id='block_1_26' title="bbox 2009 1068 3618 1141">
    <p class='ocr_par' dir='ltr' id='par_1_26' title="bbox 2009 1068 3618 1141">
     <span class='ocr_line' id='line_1_26' title="bbox 2009 1068 3618 1141; baseline 0.001 -19"><span class='ocrx_word' id='word_1_180' title='bbox 2009 1068 2249 1139; x_wconf 67' lang='grc' dir='ltr'><em>ἄφεσιν,</em></span> <span class='ocrx_word' id='word_1_181' title='bbox 2290 1071 2391 1124; x_wconf 80' lang='grc' dir='ltr'><em>καὶ</em></span> <span class='ocrx_word' id='word_1_182' title='bbox 2441 1070 2697 1139; x_wconf 71' lang='grc' dir='ltr'><em>τυφλοῖς</em></span> <span class='ocrx_word' id='word_1_183' title='bbox 2727 1069 3100 1138; x_wconf 71' lang='grc' dir='ltr'><em>ἀνάϐλεψιν·</em></span> <span class='ocrx_word' id='word_1_184' title='bbox 3134 1069 3251 1134; x_wconf 82' lang='grc' dir='ltr'><em>πῶς</em></span> <span class='ocrx_word' id='word_1_185' title='bbox 3283 1071 3513 1141; x_wconf 71' lang='grc' dir='ltr'><em>χωρίσει)</em></span> <span class='ocrx_word' id='word_1_186' title='bbox 3544 1070 3618 1123; x_wconf 69' lang='grc' dir='ltr'><em>τὸ</em></span> 
     </span>
    </p>
   </div>
   <div class='ocr_carea' id='block_1_27' title="bbox 2008 1160 3618 1233">
    <p class='ocr_par' dir='ltr' id='par_1_27' title="bbox 2008 1160 3618 1233">
     <span class='ocr_line' id='line_1_27' title="bbox 2008 1160 3618 1233; baseline 0 -18"><span class='ocrx_word' id='word_1_187' title='bbox 2008 1160 2271 1232; x_wconf 81' lang='grc' dir='ltr'><em>Πνεῦμα;</em></span> <span class='ocrx_word' id='word_1_188' title='bbox 2307 1162 2417 1214; x_wconf 91' lang='lat' dir='ltr'><strong><em>Kal</em></strong></span> <span class='ocrx_word' id='word_1_189' title='bbox 2449 1162 2549 1215; x_wconf 80' lang='grc' dir='ltr'><em>ὅσα</em></span> <span class='ocrx_word' id='word_1_190' title='bbox 2596 1161 2901 1231; x_wconf 82' lang='grc' dir='ltr'><em>φιλοπόνως</em></span> <span class='ocrx_word' id='word_1_191' title='bbox 2942 1161 3167 1215; x_wconf 81' lang='grc' dir='ltr'><em>δυνατὸν</em></span> <span class='ocrx_word' id='word_1_192' title='bbox 3189 1162 3295 1215; x_wconf 82' lang='grc' dir='ltr'><strong><em>ἀπὸ</em></strong></span> <span class='ocrx_word' id='word_1_193' title='bbox 3330 1161 3433 1231; x_wconf 82' lang='grc' dir='ltr'><em>τῆς</em></span> <span class='ocrx_word' id='word_1_194' title='bbox 3462 1163 3507 1215; x_wconf 88' lang='grc' dir='ltr'><strong>Γ</strong></span> <span class='ocrx_word' id='word_1_195' title='bbox 3511 1179 3618 1233; x_wconf 83' lang='grc' dir='ltr'><em>ρα-</em></span> 
     </span>
    </p>
   </div>
   <div class='ocr_carea' id='block_1_28' title="bbox 2010 1252 3619 1325">
    <p class='ocr_par' dir='ltr' id='par_1_28' title="bbox 2010 1252 3619 1325">
     <span class='ocr_line' id='line_1_28' title="bbox 2010 1252 3619 1325; baseline 0.001 -19"><span class='ocrx_word' id='word_1_196' title='bbox 2010 1252 2118 1323; x_wconf 81' lang='grc' dir='ltr'><strong><em>φῆς</em></strong></span> <span class='ocrx_word' id='word_1_197' title='bbox 2143 1254 2243 1324; x_wconf 83' lang='grc' dir='ltr'><em>τῆς</em></span> <span class='ocrx_word' id='word_1_198' title='bbox 2269 1271 2331 1307; x_wconf 86' lang='grc' dir='ltr'><strong><em>τε</em></strong></span> <span class='ocrx_word' id='word_1_199' title='bbox 2361 1253 2606 1317; x_wconf 82' lang='grc' dir='ltr'><em>Παλαιᾶς</em></span> <span class='ocrx_word' id='word_1_200' title='bbox 2640 1253 2754 1325; x_wconf 88' lang='lat'><strong><em>(66)</em></strong></span> <span class='ocrx_word' id='word_1_201' title='bbox 2784 1254 2963 1325; x_wconf 78' lang='grc' dir='ltr'><em>εὑρεῖν</em></span> <span class='ocrx_word' id='word_1_202' title='bbox 2995 1254 3091 1307; x_wconf 81' lang='grc' dir='ltr'><em>καὶ</em></span> <span class='ocrx_word' id='word_1_203' title='bbox 3128 1254 3237 1307; x_wconf 81' lang='grc' dir='ltr'><strong><em>ἀπὸ</em></strong></span> <span class='ocrx_word' id='word_1_204' title='bbox 3267 1254 3368 1325; x_wconf 79' lang='grc' dir='ltr'><em>τῆς</em></span> <span class='ocrx_word' id='word_1_205' title='bbox 3390 1255 3619 1325; x_wconf 76' lang='grc' dir='ltr'><em>Καινῆς</em></span> 
     </span>
    </p>
   </div>
   <div class='ocr_carea' id='block_1_29' title="bbox 2008 1344 3616 1418">
    <p class='ocr_par' dir='ltr' id='par_1_29' title="bbox 2008 1344 3616 1418">
     <span class='ocr_line' id='line_1_29' title="bbox 2008 1344 3616 1418; baseline 0.001 -22"><span class='ocrx_word' id='word_1_206' title='bbox 2008 1361 2068 1397; x_wconf 91' lang='grc' dir='ltr'><strong><em>τε</em></strong></span> <span class='ocrx_word' id='word_1_207' title='bbox 2098 1344 2375 1417; x_wconf 81' lang='grc' dir='ltr'><em>Διαθήκης</em></span> <span class='ocrx_word' id='word_1_208' title='bbox 2422 1346 2554 1418; x_wconf 70' lang='grc' dir='ltr'><em>περ).</em></span> <span class='ocrx_word' id='word_1_209' title='bbox 2591 1345 2688 1399; x_wconf 82' lang='grc' dir='ltr'><strong><em>τοῦ</em></strong></span> <span class='ocrx_word' id='word_1_210' title='bbox 2720 1344 3043 1416; x_wconf 83' lang='grc' dir='ltr'><em>Πνεύματος</em></span> <span class='ocrx_word' id='word_1_211' title='bbox 3087 1346 3180 1398; x_wconf 77' lang='grc' dir='ltr'><em>καὶ</em></span> <span class='ocrx_word' id='word_1_212' title='bbox 3220 1345 3314 1398; x_wconf 80' lang='grc' dir='ltr'><strong><em>τοῦ</em></strong></span> <span class='ocrx_word' id='word_1_213' title='bbox 3344 1345 3480 1399; x_wconf 84' lang='grc' dir='ltr'>Υἱοῦ</span> <span class='ocrx_word' id='word_1_214' title='bbox 3512 1345 3616 1398; x_wconf 75' lang='grc' dir='ltr'><em>καὶ</em></span> 
     </span>
    </p>
   </div>
   <div class='ocr_carea' id='block_1_30' title="bbox 2009 1433 3616 1505">
    <p class='ocr_par' dir='ltr' id='par_1_30' title="bbox 2009 1433 3616 1505">
     <span class='ocr_line' id='line_1_30' title="bbox 2009 1433 3616 1505; baseline 0 -18"><span class='ocrx_word' id='word_1_215' title='bbox 2009 1435 2103 1487; x_wconf 80' lang='grc' dir='ltr'><strong><em>τοῦ</em></strong></span> <span class='ocrx_word' id='word_1_216' title='bbox 2131 1435 2362 1505; x_wconf 79' lang='grc' dir='ltr'><em>Πατρός.</em></span> <span class='ocrx_word' id='word_1_217' title='bbox 2402 1434 2600 1503; x_wconf 82' lang='grc' dir='ltr'><em>Χαῖρε,</em></span> <span class='ocrx_word' id='word_1_218' title='bbox 2648 1435 3112 1505; x_wconf 83' lang='grc' dir='ltr'><em>κεχαριτωμένη.</em></span> <span class='ocrx_word' id='word_1_219' title='bbox 3146 1437 3180 1489; x_wconf 83' lang='grc' dir='ltr'><em>ὁ</em></span> <span class='ocrx_word' id='word_1_220' title='bbox 3204 1435 3422 1502; x_wconf 81' lang='grc' dir='ltr'><em>Κύριος</em></span> <span class='ocrx_word' id='word_1_221' title='bbox 3450 1433 3616 1505; x_wconf 83' lang='grc' dir='ltr'><em>μετὰ</em></span> 
     </span>
    </p>
   </div>
   <div class='ocr_carea' id='block_1_31' title="bbox 2010 1526 3612 1597">
    <p class='ocr_par' dir='ltr' id='par_1_31' title="bbox 2010 1526 3612 1597">
     <span class='ocr_line' id='line_1_31' title="bbox 2010 1526 3612 1597; baseline -0.001 -15"><span class='ocrx_word' id='word_1_222' title='bbox 2010 1526 2126 1582; x_wconf 87' lang='grc' dir='ltr'><strong><em>σοῦ</em></strong></span> <span class='ocrx_word' id='word_1_223' title='bbox 2143 1544 2157 1557; x_wconf 96' lang='grc'><strong><em>·</em></strong></span> <span class='ocrx_word' id='word_1_224' title='bbox 2195 1526 2325 1581; x_wconf 74' lang='grc' dir='ltr'><em>ἰδοὺ</em></span> <span class='ocrx_word' id='word_1_225' title='bbox 2350 1529 2460 1597; x_wconf 86' lang='grc' dir='ltr'><strong><em>γὰρ</em></strong></span> <span class='ocrx_word' id='word_1_226' title='bbox 2481 1527 2778 1597; x_wconf 69' lang='grc' dir='ltr'><em>συλλήψῃ</em></span> <span class='ocrx_word' id='word_1_227' title='bbox 2803 1528 2876 1581; x_wconf 82' lang='grc' dir='ltr'><em>ἐν</em></span> <span class='ocrx_word' id='word_1_228' title='bbox 2897 1528 3133 1597; x_wconf 76' lang='grc' dir='ltr'><em>γαστρὶ,</em></span> <span class='ocrx_word' id='word_1_229' title='bbox 3163 1528 3260 1581; x_wconf 75' lang='grc' dir='ltr'><em>καὶ</em></span> <span class='ocrx_word' id='word_1_230' title='bbox 3280 1526 3424 1595; x_wconf 81' lang='grc' dir='ltr'><em>τέξῃ</em></span> <span class='ocrx_word' id='word_1_231' title='bbox 3444 1528 3612 1581; x_wconf 77' lang='grc' dir='ltr'><em>υἱόν.</em></span> 
     </span>
    </p>
   </div>
   <div class='ocr_carea' id='block_1_32' title="bbox 2010 1620 3612 1693">
    <p class='ocr_par' dir='ltr' id='par_1_32' title="bbox 2010 1620 3612 1693">
     <span class='ocr_line' id='line_1_32' title="bbox 2010 1620 3612 1693; baseline 0 -18"><span class='ocrx_word' id='word_1_232' title='bbox 2010 1622 2123 1675; x_wconf 85' lang='lat' dir='ltr'><strong><em>Kal</em></strong></span> <span class='ocrx_word' id='word_1_233' title='bbox 2141 1621 2241 1693; x_wconf 83' lang='grc' dir='ltr'><em>τῆς</em></span> <span class='ocrx_word' id='word_1_234' title='bbox 2260 1621 2479 1692; x_wconf 78' lang='grc' dir='ltr'><em>Μαρίας</em></span> <span class='ocrx_word' id='word_1_235' title='bbox 2501 1620 2789 1692; x_wconf 81' lang='grc' dir='ltr'><em>λεγούσης·</em></span> <span class='ocrx_word' id='word_1_236' title='bbox 2811 1622 2975 1675; x_wconf 84' lang='grc' dir='ltr'><em>Κατὰ</em></span> <span class='ocrx_word' id='word_1_237' title='bbox 2996 1622 3055 1674; x_wconf 88' lang='grc' dir='ltr'><strong><em>τί</em></strong></span> <span class='ocrx_word' id='word_1_238' title='bbox 3073 1620 3375 1691; x_wconf 86' lang='grc' dir='ltr'><em>γνώσομαι</em></span> <span class='ocrx_word' id='word_1_239' title='bbox 3397 1622 3612 1684; x_wconf 84' lang='grc' dir='ltr'><em>τοῦτο,</em></span> 
     </span>
    </p>
   </div>
   <div class='ocr_carea' id='block_1_33' title="bbox 2010 1711 3614 1783">
    <p class='ocr_par' dir='ltr' id='par_1_33' title="bbox 2010 1711 3614 1783">
     <span class='ocr_line' id='line_1_33' title="bbox 2010 1711 3614 1783; baseline -0.001 -18"><span class='ocrx_word' id='word_1_240' title='bbox 2010 1712 2140 1766; x_wconf 78' lang='grc' dir='ltr'><em>ἐπεὶ</em></span> <span class='ocrx_word' id='word_1_241' title='bbox 2189 1712 2379 1780; x_wconf 73' lang='grc' dir='ltr'><em>ἄνδρα</em></span> <span class='ocrx_word' id='word_1_242' title='bbox 2423 1714 2495 1767; x_wconf 90' lang='grc' dir='ltr'><em>οὐ</em></span> <span class='ocrx_word' id='word_1_243' title='bbox 2534 1711 2844 1782; x_wconf 84' lang='grc' dir='ltr'><em>γινώσκω;</em></span> <span class='ocrx_word' id='word_1_244' title='bbox 2887 1713 3037 1780; x_wconf 77' lang='grc' dir='ltr'><em>λέγει</em></span> <span class='ocrx_word' id='word_1_245' title='bbox 3081 1712 3218 1783; x_wconf 79' lang='grc' dir='ltr'><em>αὐτῇ</em></span> <span class='ocrx_word' id='word_1_246' title='bbox 3265 1715 3295 1765; x_wconf 86' lang='grc' dir='ltr'>ὁ</span> <span class='ocrx_word' id='word_1_247' title='bbox 3331 1711 3614 1780; x_wconf 78' lang='grc' dir='ltr'><em>ἄγγελος·</em></span> 
     </span>
    </p>
   </div>
   <div class='ocr_carea' id='block_1_34' title="bbox 331 1777 1909 1877">
    <p class='ocr_par' dir='ltr' id='par_1_34' title="bbox 331 1777 1909 1877">
     <span class='ocr_line' id='line_1_34' title="bbox 331 1777 1909 1877; baseline -0.01 -12"><span class='ocrx_word' id='word_1_248' title='bbox 331 1812 521 1877; x_wconf 73' lang='lat' dir='ltr'><strong><em>gelisla</em></strong></span> <span class='ocrx_word' id='word_1_249' title='bbox 556 1810 679 1863; x_wconf 86' lang='lat' dir='ltr'><strong><em>ait:</em></strong></span> <span class='ocrx_word' id='word_1_250' title='bbox 737 1805 803 1861; x_wconf 90' lang='lat' dir='ltr'><strong><em>Ut</em></strong></span> <span class='ocrx_word' id='word_1_251' title='bbox 860 1777 1248 1873; x_wconf 45' lang='lat' dir='ltr'><strong><em>adim-pleretur</em></strong></span> <span class='ocrx_word' id='word_1_252' title='bbox 1303 1802 1443 1871; x_wconf 83' lang='lat' dir='ltr'><strong><em>quod</em></strong></span> <span class='ocrx_word' id='word_1_253' title='bbox 1490 1802 1741 1867; x_wconf 86' lang='lat' dir='ltr'><strong><em>scriptum</em></strong></span> <span class='ocrx_word' id='word_1_254' title='bbox 1792 1808 1909 1852; x_wconf 89' lang='lat' dir='ltr'><strong><em>est:</em></strong></span> 
     </span>
    </p>
   </div>
   <div class='ocr_carea' id='block_1_35' title="bbox 2012 1777 3620 1877">
    <p class='ocr_par' dir='ltr' id='par_1_35' title="bbox 2012 1777 3620 1874">
     <span class='ocr_line' id='line_1_35' title="bbox 2012 1777 3620 1874; baseline -0.001 -15"><span class='ocrx_word' id='word_1_255' title='bbox 2012 1804 2253 1874; x_wconf 83' lang='grc' dir='ltr'><em>Πνεῦμα</em></span> <span class='ocrx_word' id='word_1_256' title='bbox 2286 1777 2458 1874; x_wconf 60' lang='grc' dir='ltr'><em>ἅγιον</em></span> <span class='ocrx_word' id='word_1_257' title='bbox 2488 1777 2883 1859; x_wconf 76' lang='grc' dir='ltr'><em>ἐπελεύσεται</em></span> <span class='ocrx_word' id='word_1_258' title='bbox 2919 1777 3021 1858; x_wconf 74' lang='grc' dir='ltr'><strong><em>ἐπὶ</em></strong></span> <span class='ocrx_word' id='word_1_259' title='bbox 3066 1804 3169 1870; x_wconf 88' lang='grc' dir='ltr'><em>σὲ,</em></span> <span class='ocrx_word' id='word_1_260' title='bbox 3192 1777 3311 1858; x_wconf 37' lang='grc' dir='ltr'><em>’,καί</em></span> <span class='ocrx_word' id='word_1_261' title='bbox 3346 1777 3620 1874; x_wconf 68' lang='grc' dir='ltr'><em>δῦναμις</em></span> 
     </span>
    </p>
   </div>
   <div class='ocr_carea' id='block_1_36' title="bbox 331 1890 1909 1967">
    <p class='ocr_par' dir='ltr' id='par_1_36' title="bbox 331 1890 1909 1963">
     <span class='ocr_line' id='line_1_36' title="bbox 331 1890 1909 1963; baseline -0.01 -5"><span class='ocrx_word' id='word_1_262' title='bbox 331 1902 468 1958; x_wconf 80' lang='lat' dir='ltr'><strong><em>Ecce</em></strong></span> <span class='ocrx_word' id='word_1_263' title='bbox 501 1901 677 1956; x_wconf 82' lang='lat' dir='ltr'><strong><em>Filius</em></strong></span> <span class='ocrx_word' id='word_1_264' title='bbox 701 1917 845 1956; x_wconf 87' lang='lat' dir='ltr'><strong><em>meus</em></strong></span> <span class='ocrx_word' id='word_1_265' title='bbox 874 1898 1092 1963; x_wconf 89' lang='lat' dir='ltr'><strong><em>electus,</em></strong></span> <span class='ocrx_word' id='word_1_266' title='bbox 1129 1895 1348 1949; x_wconf 87' lang='lat' dir='ltr'><strong><em>dilectus</em></strong></span> <span class='ocrx_word' id='word_1_267' title='bbox 1376 1910 1545 1956; x_wconf 87' lang='lat' dir='ltr'><strong><em>meus,</em></strong></span> <span class='ocrx_word' id='word_1_268' title='bbox 1578 1894 1632 1945; x_wconf 92' lang='lat' dir='ltr'><strong><em>in</em></strong></span> <span class='ocrx_word' id='word_1_269' title='bbox 1657 1907 1759 1960; x_wconf 88' lang='lat' dir='ltr'><strong><em>quo</em></strong></span> <span class='ocrx_word' id='word_1_270' title='bbox 1786 1890 1909 1943; x_wconf 88' lang='lat' dir='ltr'><strong><em>bene</em></strong></span> 
     </span>
    </p>
   </div>
   <div class='ocr_carea' id='block_1_37' title="bbox 2012 1890 3623 1967">
    <p class='ocr_par' dir='ltr' id='par_1_37' title="bbox 2021 1896 3623 1967">
     <span class='ocr_line' id='line_1_37' title="bbox 2021 1896 3623 1967; baseline -0.001 -17"><span class='ocrx_word' id='word_1_271' title='bbox 2021 1898 2304 1967; x_wconf 70' lang='grc' dir='ltr'><em>Ὑψίστου</em></span> <span class='ocrx_word' id='word_1_272' title='bbox 2334 1896 2685 1951; x_wconf 83' lang='grc' dir='ltr'><em>ἐπισκιάσει</em></span> <span class='ocrx_word' id='word_1_273' title='bbox 2738 1913 2858 1951; x_wconf 89' lang='grc' dir='ltr'><em>σοι.</em></span> <span class='ocrx_word' id='word_1_274' title='bbox 2908 1897 3021 1950; x_wconf 90' lang='lat' dir='ltr'><strong><em>Kal</em></strong></span> <span class='ocrx_word' id='word_1_275' title='bbox 3053 1896 3215 1951; x_wconf 82' lang='grc' dir='ltr'><em>πάλιν</em></span> <span class='ocrx_word' id='word_1_276' title='bbox 3250 1900 3280 1951; x_wconf 90' lang='grc' dir='ltr'><strong><em>ό</em></strong></span> <span class='ocrx_word' id='word_1_277' title='bbox 3313 1898 3482 1962; x_wconf 79' lang='grc' dir='ltr'><em>αὐτὸς</em></span> <span class='ocrx_word' id='word_1_278' title='bbox 3513 1899 3623 1967; x_wconf 58' lang='lat' dir='ltr'><strong><em>ay.</em></strong></span> 
     </span>
    </p>
   </div>
   <div class='ocr_carea' id='block_1_38' title="bbox 330 1982 1909 2065">
    <p class='ocr_par' dir='ltr' id='par_1_38' title="bbox 330 1982 1908 2065">
     <span class='ocr_line' id='line_1_38' title="bbox 330 1982 1908 2065; baseline -0.011 -15"><span class='ocrx_word' id='word_1_279' title='bbox 330 1996 695 2065; x_wconf 87' lang='lat' dir='ltr'><strong><em>complacitum</em></strong></span> <span class='ocrx_word' id='word_1_280' title='bbox 719 2001 793 2046; x_wconf 87' lang='lat' dir='ltr'><strong><em>est</em></strong></span> <span class='ocrx_word' id='word_1_281' title='bbox 817 1992 1008 2045; x_wconf 71' lang='lat' dir='ltr'><strong><em>anima:</em></strong></span> <span class='ocrx_word' id='word_1_282' title='bbox 1036 2004 1183 2051; x_wconf 72' lang='lat' dir='ltr'><strong><em>ntere,</em></strong></span> <span class='ocrx_word' id='word_1_283' title='bbox 1218 2001 1411 2055; x_wconf 86' lang='lat' dir='ltr'><strong><em>ponam</em></strong></span> <span class='ocrx_word' id='word_1_284' title='bbox 1446 1982 1705 2053; x_wconf 87' lang='lat' dir='ltr'><strong><em>Spiritum</em></strong></span> <span class='ocrx_word' id='word_1_285' title='bbox 1737 1997 1908 2035; x_wconf 89' lang='lat' dir='ltr'><strong><em>meum</em></strong></span> 
     </span>
    </p>
   </div>
   <div class='ocr_carea' id='block_1_39' title="bbox 2012 1982 3622 2065">
    <p class='ocr_par' dir='ltr' id='par_1_39' title="bbox 2012 1987 3622 2062">
     <span class='ocr_line' id='line_1_39' title="bbox 2012 1987 3622 2062; baseline 0 -18"><span class='ocrx_word' id='word_1_286' title='bbox 2012 1989 2166 2060; x_wconf 84' lang='grc' dir='ltr'><em>γελος</em></span> <span class='ocrx_word' id='word_1_287' title='bbox 2191 1990 2363 2059; x_wconf 81' lang='grc' dir='ltr'><em>λέγων</em></span> <span class='ocrx_word' id='word_1_288' title='bbox 2393 1990 2473 2062; x_wconf 83' lang='grc' dir='ltr'><em>τῷ</em></span> <span class='ocrx_word' id='word_1_289' title='bbox 2514 1989 2746 2060; x_wconf 82' lang='grc' dir='ltr'><em>Ἰωσήφ·</em></span> <span class='ocrx_word' id='word_1_290' title='bbox 2786 1987 2885 2057; x_wconf 81' lang='grc' dir='ltr'><strong><em>Μὴ</em></strong></span> <span class='ocrx_word' id='word_1_291' title='bbox 2917 1987 3187 2058; x_wconf 67' lang='grc' dir='ltr'><em>φοϐηθῇς</em></span> <span class='ocrx_word' id='word_1_292' title='bbox 3230 1990 3622 2058; x_wconf 73' lang='grc' dir='ltr'><em>παραλαϐεῖν</em></span> 
     </span>
    </p>
   </div>
   <div class='ocr_carea' id='block_1_40' title="bbox 330 2077 1909 2156">
    <p class='ocr_par' dir='ltr' id='par_1_40' title="bbox 330 2077 1909 2156">
     <span class='ocr_line' id='line_1_40' title="bbox 330 2077 1909 2156; baseline -0.01 -15"><span class='ocrx_word' id='word_1_293' title='bbox 330 2103 486 2156; x_wconf 82' lang='lat' dir='ltr'><strong><em>super</em></strong></span> <span class='ocrx_word' id='word_1_294' title='bbox 526 2090 695 2155; x_wconf 86' lang='lat' dir='ltr'><strong><em>ipsum</em></strong></span> <span class='ocrx_word' id='word_1_295' title='bbox 725 2084 792 2136; x_wconf 83' lang='lat'><strong><em>&quot;.</em></strong></span> <span class='ocrx_word' id='word_1_296' title='bbox 847 2083 1025 2151; x_wconf 77' lang='lat' dir='ltr'><strong><em>Atque</em></strong></span> <span class='ocrx_word' id='word_1_297' title='bbox 1061 2082 1113 2134; x_wconf 91' lang='lat' dir='ltr'><strong><em>in</em></strong></span> <span class='ocrx_word' id='word_1_298' title='bbox 1157 2078 1449 2147; x_wconf 76' lang='lat' dir='ltr'><strong><em>Evangelio</em></strong></span> <span class='ocrx_word' id='word_1_299' title='bbox 1486 2077 1745 2144; x_wconf 87' lang='lat' dir='ltr'><strong><em>scriptum</em></strong></span> <span class='ocrx_word' id='word_1_300' title='bbox 1779 2083 1860 2127; x_wconf 70' lang='lat' dir='ltr'><strong><em>est</em></strong></span> <span class='ocrx_word' id='word_1_301' title='bbox 1890 2088 1909 2125; x_wconf 89' lang='lat'><strong>:</strong></span> 
     </span>
    </p>
   </div>
   <div class='ocr_carea' id='block_1_41' title="bbox 2012 2077 3616 2156">
    <p class='ocr_par' dir='ltr' id='par_1_41' title="bbox 2012 2080 3616 2152">
     <span class='ocr_line' id='line_1_41' title="bbox 2012 2080 3616 2152; baseline -0.001 -16"><span class='ocrx_word' id='word_1_302' title='bbox 2012 2082 2248 2151; x_wconf 82' lang='grc' dir='ltr'><em>Μαριὰμ</em></span> <span class='ocrx_word' id='word_1_303' title='bbox 2279 2082 2393 2150; x_wconf 77' lang='grc' dir='ltr'><em>τὴν</em></span> <span class='ocrx_word' id='word_1_304' title='bbox 2421 2080 2676 2152; x_wconf 79' lang='grc' dir='ltr'><em>γυναῖκα</em></span> <span class='ocrx_word' id='word_1_305' title='bbox 2711 2094 2864 2135; x_wconf 89' lang='grc' dir='ltr'><em>σου·</em></span> <span class='ocrx_word' id='word_1_306' title='bbox 2908 2081 2977 2134; x_wconf 88' lang='grc' dir='ltr'><em>τὸ</em></span> <span class='ocrx_word' id='word_1_307' title='bbox 3021 2082 3132 2151; x_wconf 82' lang='grc' dir='ltr'><strong><em>γὰρ</em></strong></span> <span class='ocrx_word' id='word_1_308' title='bbox 3169 2081 3240 2135; x_wconf 78' lang='grc' dir='ltr'><em>ἐν</em></span> <span class='ocrx_word' id='word_1_309' title='bbox 3276 2081 3433 2149; x_wconf 78' lang='grc' dir='ltr'><em>αὐτῇ</em></span> <span class='ocrx_word' id='word_1_310' title='bbox 3470 2100 3616 2152; x_wconf 86' lang='grc' dir='ltr'><em>γεν-</em></span> 
     </span>
    </p>
   </div>
   <div class='ocr_carea' id='block_1_42' title="bbox 334 2163 1909 2248">
    <p class='ocr_par' dir='ltr' id='par_1_42' title="bbox 334 2163 1909 2248">
     <span class='ocr_line' id='line_1_42' title="bbox 334 2163 1909 2248; baseline -0.011 -16"><span class='ocrx_word' id='word_1_311' title='bbox 334 2176 565 2248; x_wconf 88' lang='lat' dir='ltr'><strong><em>Spiritus</em></strong></span> <span class='ocrx_word' id='word_1_312' title='bbox 596 2175 686 2228; x_wconf 88' lang='lat' dir='ltr'><strong><em>ubi</em></strong></span> <span class='ocrx_word' id='word_1_313' title='bbox 714 2174 856 2237; x_wconf 77' lang='lat' dir='ltr'><strong><em>vult,</em></strong></span> <span class='ocrx_word' id='word_1_314' title='bbox 891 2174 1078 2240; x_wconf 85' lang='lat' dir='ltr'><strong><em>spirat,</em></strong></span> <span class='ocrx_word' id='word_1_315' title='bbox 1115 2180 1164 2223; x_wconf 90' lang='lat' dir='ltr'><strong><em>et</em></strong></span> <span class='ocrx_word' id='word_1_316' title='bbox 1197 2185 1374 2222; x_wconf 80' lang='lat' dir='ltr'><strong><em>vocem</em></strong></span> <span class='ocrx_word' id='word_1_317' title='bbox 1416 2168 1533 2236; x_wconf 87' lang='lat' dir='ltr'><strong><em>ejus</em></strong></span> <span class='ocrx_word' id='word_1_318' title='bbox 1568 2167 1722 2219; x_wconf 88' lang='lat' dir='ltr'><strong><em>audis</em></strong></span> <span class='ocrx_word' id='word_1_319' title='bbox 1758 2180 1776 2218; x_wconf 90' lang='lat'><strong><em>:</em></strong></span> <span class='ocrx_word' id='word_1_320' title='bbox 1821 2163 1909 2216; x_wconf 88' lang='lat' dir='ltr'><strong><em>sed</em></strong></span> 
     </span>
    </p>
   </div>
   <div class='ocr_carea' id='block_1_43' title="bbox 2012 2163 3618 2248">
    <p class='ocr_par' dir='ltr' id='par_1_43' title="bbox 2012 2172 3618 2243">
     <span class='ocr_line' id='line_1_43' title="bbox 2012 2172 3618 2243; baseline -0.001 -15"><span class='ocrx_word' id='word_1_321' title='bbox 2012 2174 2195 2243; x_wconf 81' lang='grc' dir='ltr'><em>νηθὲν</em></span> <span class='ocrx_word' id='word_1_322' title='bbox 2236 2174 2303 2227; x_wconf 86' lang='grc' dir='ltr'><em>ἐκ</em></span> <span class='ocrx_word' id='word_1_323' title='bbox 2345 2173 2691 2241; x_wconf 81' lang='grc' dir='ltr'><em>Πνεῦματός</em></span> <span class='ocrx_word' id='word_1_324' title='bbox 2734 2172 2906 2225; x_wconf 84' lang='grc' dir='ltr'><em>ἐστιν</em></span> <span class='ocrx_word' id='word_1_325' title='bbox 2960 2172 3155 2240; x_wconf 81' lang='grc' dir='ltr'><em>ἁγίου.</em></span> <span class='ocrx_word' id='word_1_326' title='bbox 3208 2173 3319 2225; x_wconf 89' lang='lat' dir='ltr'><strong><em>Kal</em></strong></span> <span class='ocrx_word' id='word_1_327' title='bbox 3364 2173 3535 2225; x_wconf 74' lang='grc' dir='ltr'><em>πάλιν</em></span> <span class='ocrx_word' id='word_1_328' title='bbox 3583 2175 3618 2227; x_wconf 81' lang='grc' dir='ltr'>ὁ</span> 
     </span>
    </p>
   </div>
   <div class='ocr_carea' id='block_1_44' title="bbox 334 2254 1909 2337">
    <p class='ocr_par' dir='ltr' id='par_1_44' title="bbox 334 2254 1909 2329">
     <span class='ocr_line' id='line_1_44' title="bbox 334 2254 1909 2329; baseline -0.01 -7"><span class='ocrx_word' id='word_1_329' title='bbox 334 2268 502 2322; x_wconf 88' lang='lat' dir='ltr'><strong><em>nescis</em></strong></span> <span class='ocrx_word' id='word_1_330' title='bbox 530 2266 668 2320; x_wconf 88' lang='lat' dir='ltr'><strong><em>unde</em></strong></span> <span class='ocrx_word' id='word_1_331' title='bbox 697 2265 905 2328; x_wconf 84' lang='lat' dir='ltr'><strong><em>veniat,</em></strong></span> <span class='ocrx_word' id='word_1_332' title='bbox 931 2271 1023 2314; x_wconf 84' lang='lat' dir='ltr'><strong><em>aut</em></strong></span> <span class='ocrx_word' id='word_1_333' title='bbox 1046 2277 1143 2329; x_wconf 86' lang='lat' dir='ltr'><strong><em>quo</em></strong></span> <span class='ocrx_word' id='word_1_334' title='bbox 1171 2261 1347 2313; x_wconf 79' lang='lat' dir='ltr'><strong><em>vadat.</em></strong></span> <span class='ocrx_word' id='word_1_335' title='bbox 1391 2257 1482 2313; x_wconf 88' lang='lat' dir='ltr'><strong><em>Sic</em></strong></span> <span class='ocrx_word' id='word_1_336' title='bbox 1509 2269 1583 2311; x_wconf 91' lang='lat' dir='ltr'><strong><em>est</em></strong></span> <span class='ocrx_word' id='word_1_337' title='bbox 1614 2257 1784 2309; x_wconf 88' lang='lat' dir='ltr'><strong><em>onmis</em></strong></span> <span class='ocrx_word' id='word_1_338' title='bbox 1820 2254 1909 2324; x_wconf 85' lang='lat' dir='ltr'><strong><em>qui</em></strong></span> 
     </span>
    </p>
   </div>
   <div class='ocr_carea' id='block_1_45' title="bbox 2012 2254 3615 2337">
    <p class='ocr_par' dir='ltr' id='par_1_45' title="bbox 2012 2263 3615 2337">
     <span class='ocr_line' id='line_1_45' title="bbox 2012 2263 3615 2337; baseline -0.001 -17"><span class='ocrx_word' id='word_1_339' title='bbox 2012 2266 2404 2337; x_wconf 79' lang='grc' dir='ltr'><em>εὐαγγελιστὴς</em></span> <span class='ocrx_word' id='word_1_340' title='bbox 2433 2264 2753 2336; x_wconf 77' lang='grc' dir='ltr'><strong><em>ἑρμηνεύων</em></strong></span> <span class='ocrx_word' id='word_1_341' title='bbox 2797 2264 2865 2317; x_wconf 80' lang='grc' dir='ltr'><em>τὰ</em></span> <span class='ocrx_word' id='word_1_342' title='bbox 2917 2264 2975 2317; x_wconf 83' lang='grc' dir='ltr'><em>ἐν</em></span> <span class='ocrx_word' id='word_1_343' title='bbox 3004 2263 3085 2335; x_wconf 83' lang='grc' dir='ltr'><em>τῷ</em></span> <span class='ocrx_word' id='word_1_344' title='bbox 3115 2267 3370 2337; x_wconf 80' lang='grc' dir='ltr'><strong><em>προφήτῃ</em></strong></span> <span class='ocrx_word' id='word_1_345' title='bbox 3416 2265 3615 2334; x_wconf 83' lang='grc' dir='ltr'><em>λέγει·</em></span> 
     </span>
    </p>
   </div>
   <div class='ocr_carea' id='block_1_46' title="bbox 332 2344 1909 2428">
    <p class='ocr_par' dir='ltr' id='par_1_46' title="bbox 332 2344 1909 2425">
     <span class='ocr_line' id='line_1_46' title="bbox 332 2344 1909 2425; baseline -0.01 -10"><span class='ocrx_word' id='word_1_346' title='bbox 332 2368 488 2415; x_wconf 86' lang='lat' dir='ltr'><strong><em>natus</em></strong></span> <span class='ocrx_word' id='word_1_347' title='bbox 512 2367 641 2412; x_wconf 86' lang='lat' dir='ltr'><strong><em>este</em></strong></span> <span class='ocrx_word' id='word_1_348' title='bbox 672 2355 880 2425; x_wconf 85' lang='lat' dir='ltr'><strong><em>Spiritu</em></strong></span> <span class='ocrx_word' id='word_1_349' title='bbox 911 2353 979 2409; x_wconf 83' lang='lat'><strong><em>&quot;.</em></strong></span> <span class='ocrx_word' id='word_1_350' title='bbox 1016 2352 1083 2407; x_wconf 87' lang='lat' dir='ltr'><strong><em>Et</em></strong></span> <span class='ocrx_word' id='word_1_351' title='bbox 1117 2351 1365 2407; x_wconf 85' lang='lat' dir='ltr'><strong><em>similiter</em></strong></span> <span class='ocrx_word' id='word_1_352' title='bbox 1406 2351 1459 2404; x_wconf 89' lang='lat' dir='ltr'><strong><em>in</em></strong></span> <span class='ocrx_word' id='word_1_353' title='bbox 1492 2347 1818 2418; x_wconf 82' lang='lat' dir='ltr'><strong><em>Evangelio:</em></strong></span> <span class='ocrx_word' id='word_1_354' title='bbox 1852 2344 1909 2401; x_wconf 90' lang='lat' dir='ltr'><strong><em>Si</em></strong></span> 
     </span>
    </p>
   </div>
   <div class='ocr_carea' id='block_1_47' title="bbox 2012 2344 3619 2428">
    <p class='ocr_par' dir='ltr' id='par_1_47' title="bbox 2015 2355 3619 2428">
     <span class='ocr_line' id='line_1_47' title="bbox 2015 2355 3619 2428; baseline -0.003 -13"><span class='ocrx_word' id='word_1_355' title='bbox 2015 2358 2139 2415; x_wconf 86' lang='grc' dir='ltr'><strong><em>Ἵνα</em></strong></span> <span class='ocrx_word' id='word_1_356' title='bbox 2191 2356 2481 2426; x_wconf 72' lang='grc' dir='ltr'><em>πληρωθῇ</em></span> <span class='ocrx_word' id='word_1_357' title='bbox 2539 2355 2608 2410; x_wconf 84' lang='grc' dir='ltr'><em>τὸ</em></span> <span class='ocrx_word' id='word_1_358' title='bbox 2657 2356 3098 2428; x_wconf 79' lang='grc' dir='ltr'><em>γεγραμμένον·</em></span> <span class='ocrx_word' id='word_1_359' title='bbox 3155 2357 3311 2411; x_wconf 82' lang='grc' dir='ltr'><em>Ἰδοὺ</em></span> <span class='ocrx_word' id='word_1_360' title='bbox 3374 2361 3407 2411; x_wconf 86' lang='grc' dir='ltr'><strong><em>ό</em></strong></span> <span class='ocrx_word' id='word_1_361' title='bbox 3458 2358 3619 2424; x_wconf 85' lang='grc' dir='ltr'><em>Παῖς</em></span> 
     </span>
    </p>
   </div>
   <div class='ocr_carea' id='block_1_48' title="bbox 332 2442 1909 2520">
    <p class='ocr_par' dir='ltr' id='par_1_48' title="bbox 332 2442 1909 2520">
     <span class='ocr_line' id='line_1_48' title="bbox 332 2442 1909 2520; baseline -0.01 -13"><span class='ocrx_word' id='word_1_362' title='bbox 332 2468 451 2508; x_wconf 74' lang='lat' dir='ltr'><strong><em>vero</em></strong></span> <span class='ocrx_word' id='word_1_363' title='bbox 480 2466 574 2520; x_wconf 88' lang='lat' dir='ltr'><strong><em>ego</em></strong></span> <span class='ocrx_word' id='word_1_364' title='bbox 602 2450 654 2503; x_wconf 89' lang='lat' dir='ltr'><strong><em>in</em></strong></span> <span class='ocrx_word' id='word_1_365' title='bbox 688 2447 893 2516; x_wconf 88' lang='lat' dir='ltr'><strong><em>Spiritu</em></strong></span> <span class='ocrx_word' id='word_1_366' title='bbox 924 2446 1018 2500; x_wconf 85' lang='lat' dir='ltr'><strong><em>Dei</em></strong></span> <span class='ocrx_word' id='word_1_367' title='bbox 1043 2446 1201 2515; x_wconf 87' lang='lat' dir='ltr'><strong><em>ejicio</em></strong></span> <span class='ocrx_word' id='word_1_368' title='bbox 1233 2445 1521 2507; x_wconf 75' lang='lat' dir='ltr'><strong><em>daemonia,</em></strong></span> <span class='ocrx_word' id='word_1_369' title='bbox 1547 2442 1709 2509; x_wconf 87' lang='lat' dir='ltr'><strong><em>igitur</em></strong></span> <span class='ocrx_word' id='word_1_370' title='bbox 1736 2456 1909 2510; x_wconf 79' lang='lat' dir='ltr'><strong><em>perue-</em></strong></span> 
     </span>
    </p>
   </div>
   <div class='ocr_carea' id='block_1_49' title="bbox 2012 2442 3619 2520">
    <p class='ocr_par' dir='ltr' id='par_1_49' title="bbox 2012 2444 3619 2515">
     <span class='ocr_line' id='line_1_49' title="bbox 2012 2444 3619 2515; baseline 0.001 -17"><span class='ocrx_word' id='word_1_371' title='bbox 2012 2463 2126 2514; x_wconf 89' lang='grc' dir='ltr'><strong><em>μου</em></strong></span> <span class='ocrx_word' id='word_1_372' title='bbox 2159 2449 2192 2498; x_wconf 82' lang='grc' dir='ltr'>ό</span> <span class='ocrx_word' id='word_1_373' title='bbox 2221 2444 2542 2510; x_wconf 76' lang='grc' dir='ltr'><em>ἐκλεκτὸς,</em></span> <span class='ocrx_word' id='word_1_374' title='bbox 2582 2447 2615 2499; x_wconf 88' lang='grc' dir='ltr'><strong><em>ό</em></strong></span> <span class='ocrx_word' id='word_1_375' title='bbox 2666 2446 2975 2514; x_wconf 82' lang='grc' dir='ltr'><em>ἀγαπητός</em></span> <span class='ocrx_word' id='word_1_376' title='bbox 3016 2463 3136 2515; x_wconf 86' lang='grc' dir='ltr'><strong><em>μου</em></strong></span> <span class='ocrx_word' id='word_1_377' title='bbox 3156 2486 3171 2510; x_wconf 94' lang='grc'><strong><em>,</em></strong></span> <span class='ocrx_word' id='word_1_378' title='bbox 3206 2448 3294 2511; x_wconf 81' lang='grc' dir='ltr'><em>εὶς</em></span> <span class='ocrx_word' id='word_1_379' title='bbox 3324 2445 3399 2500; x_wconf 78' lang='grc' dir='ltr'><em>ὃν</em></span> <span class='ocrx_word' id='word_1_380' title='bbox 3426 2447 3619 2515; x_wconf 80' lang='grc' dir='ltr'><em>ηὐδό-</em></span> 
     </span>
    </p>
   </div>
   <div class='ocr_carea' id='block_1_50' title="bbox 330 2535 1909 2610">
    <p class='ocr_par' dir='ltr' id='par_1_50' title="bbox 330 2536 1908 2610">
     <span class='ocr_line' id='line_1_50' title="bbox 330 2536 1908 2610; baseline -0.008 -12"><span class='ocrx_word' id='word_1_381' title='bbox 330 2545 411 2598; x_wconf 83' lang='lat' dir='ltr'><strong><em>nit</em></strong></span> <span class='ocrx_word' id='word_1_382' title='bbox 440 2544 497 2597; x_wconf 89' lang='lat' dir='ltr'><strong><em>in</em></strong></span> <span class='ocrx_word' id='word_1_383' title='bbox 534 2559 621 2596; x_wconf 75' lang='lat' dir='ltr'><strong><em>vos</em></strong></span> <span class='ocrx_word' id='word_1_384' title='bbox 664 2557 881 2610; x_wconf 86' lang='lat' dir='ltr'><strong><em>regnum</em></strong></span> <span class='ocrx_word' id='word_1_385' title='bbox 926 2539 1017 2594; x_wconf 87' lang='lat' dir='ltr'><strong><em>Dei</em></strong></span> <span class='ocrx_word' id='word_1_386' title='bbox 1045 2539 1113 2593; x_wconf 85' lang='grc'><strong><em>⁸⁷.</em></strong></span> <span class='ocrx_word' id='word_1_387' title='bbox 1159 2539 1224 2592; x_wconf 82' lang='lat' dir='ltr'><strong><em>Et</em></strong></span> <span class='ocrx_word' id='word_1_388' title='bbox 1258 2552 1448 2590; x_wconf 78' lang='lat' dir='ltr'><strong><em>rursus</em></strong></span> <span class='ocrx_word' id='word_1_389' title='bbox 1478 2536 1741 2603; x_wconf 76' lang='lat' dir='ltr'><strong><em>scriptum</em></strong></span> <span class='ocrx_word' id='word_1_390' title='bbox 1779 2542 1863 2586; x_wconf 89' lang='lat' dir='ltr'><strong><em>est</em></strong></span> <span class='ocrx_word' id='word_1_391' title='bbox 1894 2550 1908 2586; x_wconf 89' lang='lat'><strong>:</strong></span> 
     </span>
    </p>
   </div>
   <div class='ocr_carea' id='block_1_51' title="bbox 2012 2535 3622 2610">
    <p class='ocr_par' dir='ltr' id='par_1_51' title="bbox 2012 2535 3622 2608">
     <span class='ocr_line' id='line_1_51' title="bbox 2012 2535 3622 2608; baseline 0.002 -18"><span class='ocrx_word' id='word_1_392' title='bbox 2012 2553 2208 2605; x_wconf 83' lang='grc' dir='ltr'><em>κησεν</em></span> <span class='ocrx_word' id='word_1_393' title='bbox 2240 2538 2278 2604; x_wconf 84' lang='grc' dir='ltr'><strong><em>ἡ</em></strong></span> <span class='ocrx_word' id='word_1_394' title='bbox 2324 2535 2495 2606; x_wconf 68' lang='grc' dir='ltr'><strong><em>ψυχή</em></strong></span> <span class='ocrx_word' id='word_1_395' title='bbox 2540 2553 2684 2605; x_wconf 85' lang='grc' dir='ltr'><em>μου,</em></span> <span class='ocrx_word' id='word_1_396' title='bbox 2738 2536 2907 2605; x_wconf 84' lang='grc' dir='ltr'><strong><em>θήσω</em></strong></span> <span class='ocrx_word' id='word_1_397' title='bbox 2960 2537 3027 2591; x_wconf 80' lang='grc' dir='ltr'><em>τὸ</em></span> <span class='ocrx_word' id='word_1_398' title='bbox 3069 2537 3313 2608; x_wconf 85' lang='grc' dir='ltr'><em>Πνεῦμὰ</em></span> <span class='ocrx_word' id='word_1_399' title='bbox 3355 2556 3480 2608; x_wconf 88' lang='grc' dir='ltr'><strong><em>μου</em></strong></span> <span class='ocrx_word' id='word_1_400' title='bbox 3517 2540 3622 2593; x_wconf 70' lang='grc' dir='ltr'><strong><em>ἐπ’</em></strong></span> 
     </span>
    </p>
   </div>
   <div class='ocr_carea' id='block_1_52' title="bbox 335 2627 1909 2703">
    <p class='ocr_par' dir='ltr' id='par_1_52' title="bbox 335 2627 1908 2703">
     <span class='ocr_line' id='line_1_52' title="bbox 335 2627 1908 2703; baseline -0.008 -13"><span class='ocrx_word' id='word_1_401' title='bbox 335 2635 502 2690; x_wconf 89' lang='lat' dir='ltr'><strong><em>Omne</em></strong></span> <span class='ocrx_word' id='word_1_402' title='bbox 532 2642 801 2703; x_wconf 89' lang='lat' dir='ltr'><strong><em>peccatum</em></strong></span> <span class='ocrx_word' id='word_1_403' title='bbox 827 2642 873 2685; x_wconf 86' lang='lat' dir='ltr'><strong><em>et</em></strong></span> <span class='ocrx_word' id='word_1_404' title='bbox 899 2632 1220 2699; x_wconf 82' lang='lat' dir='ltr'><strong><em>blasphemia</em></strong></span> <span class='ocrx_word' id='word_1_405' title='bbox 1249 2630 1548 2683; x_wconf 85' lang='lat' dir='ltr'><strong><em>remittetur</em></strong></span> <span class='ocrx_word' id='word_1_406' title='bbox 1569 2627 1865 2679; x_wconf 81' lang='lat' dir='ltr'><strong><em>hominibus</em></strong></span> <span class='ocrx_word' id='word_1_407' title='bbox 1890 2641 1908 2678; x_wconf 92' lang='lat'><strong><em>:</em></strong></span> 
     </span>
    </p>
   </div>
   <div class='ocr_carea' id='block_1_53' title="bbox 2012 2627 3621 2703">
    <p class='ocr_par' dir='ltr' id='par_1_53' title="bbox 2014 2629 3621 2702">
     <span class='ocr_line' id='line_1_53' title="bbox 2014 2629 3621 2702; baseline 0.001 -17"><span class='ocrx_word' id='word_1_408' title='bbox 2014 2631 2220 2685; x_wconf 80' lang='grc' dir='ltr'><em>αὐτόν.</em></span> <span class='ocrx_word' id='word_1_409' title='bbox 2256 2631 2368 2682; x_wconf 89' lang='lat' dir='ltr'><strong><em>Kal</em></strong></span> <span class='ocrx_word' id='word_1_410' title='bbox 2408 2632 2466 2683; x_wconf 82' lang='grc' dir='ltr'><em>ὲν</em></span> <span class='ocrx_word' id='word_1_411' title='bbox 2496 2629 2815 2700; x_wconf 78' lang='grc' dir='ltr'><em>Εὐαγγελίῳ</em></span> <span class='ocrx_word' id='word_1_412' title='bbox 2851 2630 3163 2701; x_wconf 81' lang='grc' dir='ltr'><em>γέγραπται</em></span> <span class='ocrx_word' id='word_1_413' title='bbox 3188 2648 3203 2663; x_wconf 93' lang='grc'><strong><em>·</em></strong></span> <span class='ocrx_word' id='word_1_414' title='bbox 3257 2632 3327 2685; x_wconf 88' lang='grc' dir='ltr'><strong><em>Τὸ</em></strong></span> <span class='ocrx_word' id='word_1_415' title='bbox 3364 2633 3621 2702; x_wconf 78' lang='grc' dir='ltr'><em>Πνεῦμα</em></span> 
     </span>
    </p>
   </div>
   <div class='ocr_carea' id='block_1_54' title="bbox 333 2717 1909 2795">
    <p class='ocr_par' dir='ltr' id='par_1_54' title="bbox 333 2717 1909 2795">
     <span class='ocr_line' id='line_1_54' title="bbox 333 2717 1909 2795; baseline -0.006 -13"><span class='ocrx_word' id='word_1_416' title='bbox 333 2737 390 2782; x_wconf 86' lang='lat' dir='ltr'><strong><em>at</em></strong></span> <span class='ocrx_word' id='word_1_417' title='bbox 425 2726 658 2795; x_wconf 85' lang='lat' dir='ltr'><strong><em>Spiritus</em></strong></span> <span class='ocrx_word' id='word_1_418' title='bbox 684 2723 1008 2794; x_wconf 80' lang='lat' dir='ltr'><strong><em>blasphemia</em></strong></span> <span class='ocrx_word' id='word_1_419' title='bbox 1033 2740 1135 2777; x_wconf 88' lang='lat' dir='ltr'><strong><em>non</em></strong></span> <span class='ocrx_word' id='word_1_420' title='bbox 1171 2724 1324 2776; x_wconf 84' lang='lat' dir='ltr'><strong><em>habet</em></strong></span> <span class='ocrx_word' id='word_1_421' title='bbox 1357 2721 1719 2775; x_wconf 86' lang='lat' dir='ltr'><strong><em>remissionem</em></strong></span> <span class='ocrx_word' id='word_1_422' title='bbox 1746 2718 1813 2771; x_wconf 81' lang='grc'><strong><em>⁵⁸.</em></strong></span> <span class='ocrx_word' id='word_1_423' title='bbox 1851 2717 1909 2772; x_wconf 78' lang='lat' dir='ltr'><strong><em>Et</em></strong></span> 
     </span>
    </p>
   </div>
   <div class='ocr_carea' id='block_1_55' title="bbox 2012 2717 3616 2795">
    <p class='ocr_par' dir='ltr' id='par_1_55' title="bbox 2015 2720 3616 2792">
     <span class='ocr_line' id='line_1_55' title="bbox 2015 2720 3616 2792; baseline 0.001 -17"><span class='ocrx_word' id='word_1_424' title='bbox 2015 2721 2167 2776; x_wconf 86' lang='grc' dir='ltr'><em>ὅπου</em></span> <span class='ocrx_word' id='word_1_425' title='bbox 2208 2721 2367 2775; x_wconf 79' lang='grc' dir='ltr'><em>θέλει</em></span> <span class='ocrx_word' id='word_1_426' title='bbox 2408 2720 2568 2787; x_wconf 85' lang='grc' dir='ltr'><em>πνεῖ,</em></span> <span class='ocrx_word' id='word_1_427' title='bbox 2598 2721 2696 2774; x_wconf 81' lang='grc' dir='ltr'><em>καὶ</em></span> <span class='ocrx_word' id='word_1_428' title='bbox 2731 2720 2847 2789; x_wconf 81' lang='grc' dir='ltr'><em>τὴν</em></span> <span class='ocrx_word' id='word_1_429' title='bbox 2887 2721 3100 2791; x_wconf 77' lang='grc' dir='ltr'><em>φωνὴν</em></span> <span class='ocrx_word' id='word_1_430' title='bbox 3122 2722 3309 2777; x_wconf 86' lang='grc' dir='ltr'><em>αὐτοῦ</em></span> <span class='ocrx_word' id='word_1_431' title='bbox 3343 2725 3616 2792; x_wconf 79' lang='grc' dir='ltr'><em>ἀκούεις,</em></span> 
     </span>
    </p>
   </div>
   <div class='ocr_carea' id='block_1_56' title="bbox 335 2810 1909 2886">
    <p class='ocr_par' dir='ltr' id='par_1_56' title="bbox 335 2810 1909 2886">
     <span class='ocr_line' id='line_1_56' title="bbox 335 2810 1909 2886; baseline -0.006 -14"><span class='ocrx_word' id='word_1_432' title='bbox 335 2815 391 2872; x_wconf 87' lang='lat' dir='ltr'><strong><em>in</em></strong></span> <span class='ocrx_word' id='word_1_433' title='bbox 426 2816 698 2886; x_wconf 84' lang='lat' dir='ltr'><strong><em>baptismo</em></strong></span> <span class='ocrx_word' id='word_1_434' title='bbox 733 2814 1018 2870; x_wconf 88' lang='lat' dir='ltr'><strong><em>descendit</em></strong></span> <span class='ocrx_word' id='word_1_435' title='bbox 1053 2813 1291 2882; x_wconf 81' lang='lat' dir='ltr'><strong><em>Spiritus</em></strong></span> <span class='ocrx_word' id='word_1_436' title='bbox 1327 2822 1582 2877; x_wconf 84' lang='lat' dir='ltr'><strong><em>sanctus,</em></strong></span> <span class='ocrx_word' id='word_1_437' title='bbox 1617 2821 1672 2864; x_wconf 90' lang='lat' dir='ltr'><strong><em>et</em></strong></span> <span class='ocrx_word' id='word_1_438' title='bbox 1714 2810 1909 2864; x_wconf 76' lang='lat' dir='ltr'><strong><em>mansit</em></strong></span> 
     </span>
    </p>
   </div>
   <div class='ocr_carea' id='block_1_57' title="bbox 2012 2810 3615 2886">
    <p class='ocr_par' dir='ltr' id='par_1_57' title="bbox 2014 2810 3615 2886">
     <span class='ocr_line' id='line_1_57' title="bbox 2014 2810 3615 2886; baseline 0.002 -18"><span class='ocrx_word' id='word_1_439' title='bbox 2014 2814 2151 2868; x_wconf 84' lang='grc' dir='ltr'><em>ἀλλ’</em></span> <span class='ocrx_word' id='word_1_440' title='bbox 2190 2815 2303 2868; x_wconf 81' lang='grc' dir='ltr'><em>οὐκ</em></span> <span class='ocrx_word' id='word_1_441' title='bbox 2334 2810 2503 2880; x_wconf 82' lang='grc' dir='ltr'><em>οἶδας</em></span> <span class='ocrx_word' id='word_1_442' title='bbox 2533 2813 2721 2867; x_wconf 85' lang='grc' dir='ltr'><em>πόθεν</em></span> <span class='ocrx_word' id='word_1_443' title='bbox 2756 2812 3013 2883; x_wconf 73' lang='grc' dir='ltr'><em>ἔρχεται,</em></span> <span class='ocrx_word' id='word_1_444' title='bbox 3063 2815 3162 2869; x_wconf 79' lang='grc' dir='ltr'><em>καὶ</em></span> <span class='ocrx_word' id='word_1_445' title='bbox 3211 2815 3332 2870; x_wconf 86' lang='grc' dir='ltr'><strong><em>ποῦ</em></strong></span> <span class='ocrx_word' id='word_1_446' title='bbox 3367 2815 3615 2886; x_wconf 79' lang='grc' dir='ltr'><em>ὑπάγει.</em></span> 
     </span>
    </p>
   </div>
   <div class='ocr_carea' id='block_1_58' title="bbox 336 2902 1909 2978">
    <p class='ocr_par' dir='ltr' id='par_1_58' title="bbox 336 2902 1909 2978">
     <span class='ocr_line' id='line_1_58' title="bbox 336 2902 1909 2978; baseline -0.006 -14"><span class='ocrx_word' id='word_1_447' title='bbox 336 2923 500 2978; x_wconf 88' lang='lat' dir='ltr'><strong><em>super</em></strong></span> <span class='ocrx_word' id='word_1_448' title='bbox 528 2924 651 2963; x_wconf 90' lang='lat' dir='ltr'><strong><em>eum</em></strong></span> <span class='ocrx_word' id='word_1_449' title='bbox 681 2909 763 2974; x_wconf 68' lang='grc' dir='ltr'><em>ης</em></span> <span class='ocrx_word' id='word_1_450' title='bbox 802 2907 980 2978; x_wconf 80' lang='lat' dir='ltr'><strong><em>angeli</em></strong></span> <span class='ocrx_word' id='word_1_451' title='bbox 1012 2921 1143 2960; x_wconf 83' lang='lat' dir='ltr'><strong><em>vero</em></strong></span> <span class='ocrx_word' id='word_1_452' title='bbox 1189 2906 1585 2961; x_wconf 87' lang='lat' dir='ltr'><strong><em>descendentes</em></strong></span> <span class='ocrx_word' id='word_1_453' title='bbox 1626 2902 1909 2958; x_wconf 80' lang='lat' dir='ltr'><strong><em>ministra-</em></strong></span> 
     </span>
    </p>
   </div>
   <div class='ocr_carea' id='block_1_59' title="bbox 2012 2902 3617 2978">
    <p class='ocr_par' dir='ltr' id='par_1_59' title="bbox 2018 2902 3617 2976">
     <span class='ocr_line' id='line_1_59' title="bbox 2018 2902 3617 2976; baseline 0.003 -20"><span class='ocrx_word' id='word_1_454' title='bbox 2018 2902 2216 2970; x_wconf 85' lang='grc' dir='ltr'><em>Οὕτως</em></span> <span class='ocrx_word' id='word_1_455' title='bbox 2258 2904 2391 2957; x_wconf 80' lang='grc' dir='ltr'><em>ἐστὶ</em></span> <span class='ocrx_word' id='word_1_456' title='bbox 2440 2903 2560 2971; x_wconf 85' lang='grc' dir='ltr'><strong><em>πᾶς</em></strong></span> <span class='ocrx_word' id='word_1_457' title='bbox 2598 2908 2634 2959; x_wconf 83' lang='grc' dir='ltr'><strong><em>ό</em></strong></span> <span class='ocrx_word' id='word_1_458' title='bbox 2683 2902 3120 2976; x_wconf 75' lang='grc' dir='ltr'><em>γεγεννημένος</em></span> <span class='ocrx_word' id='word_1_459' title='bbox 3157 2905 3226 2959; x_wconf 83' lang='grc' dir='ltr'><em>ἐκ</em></span> <span class='ocrx_word' id='word_1_460' title='bbox 3270 2908 3376 2958; x_wconf 85' lang='grc' dir='ltr'><strong><em>τοῦ</em></strong></span> <span class='ocrx_word' id='word_1_461' title='bbox 3416 2909 3617 2960; x_wconf 73' lang='grc' dir='ltr'><em>Πνεύο</em></span> 
     </span>
    </p>
   </div>
   <div class='ocr_carea' id='block_1_60' title="bbox 334 2995 1909 3071">
    <p class='ocr_par' dir='ltr' id='par_1_60' title="bbox 334 2996 1909 3071">
     <span class='ocr_line' id='line_1_60' title="bbox 334 2996 1909 3071; baseline -0.006 -14"><span class='ocrx_word' id='word_1_462' title='bbox 334 3002 542 3071; x_wconf 82' lang='lat' dir='ltr'><strong><em>hantei</em></strong></span> <span class='ocrx_word' id='word_1_463' title='bbox 567 3001 634 3054; x_wconf 80' lang='lat'><strong><em>&quot;.</em></strong></span> <span class='ocrx_word' id='word_1_464' title='bbox 679 2999 798 3067; x_wconf 84' lang='lat' dir='ltr'><strong><em>Quo</em></strong></span> <span class='ocrx_word' id='word_1_465' title='bbox 827 3013 1127 3071; x_wconf 81' lang='lat' dir='ltr'><strong><em>cognoscas</em></strong></span> <span class='ocrx_word' id='word_1_466' title='bbox 1169 2998 1393 3069; x_wconf 81' lang='lat' dir='ltr'><strong><em>angelos</em></strong></span> <span class='ocrx_word' id='word_1_467' title='bbox 1427 2997 1648 3068; x_wconf 88' lang='lat' dir='ltr'><strong><em>quidem</em></strong></span> <span class='ocrx_word' id='word_1_468' title='bbox 1683 2996 1909 3050; x_wconf 78' lang='lat' dir='ltr'><strong><em>descen-</em></strong></span> 
     </span>
    </p>
   </div>
   <div class='ocr_carea' id='block_1_61' title="bbox 2012 2995 3618 3071">
    <p class='ocr_par' dir='ltr' id='par_1_61' title="bbox 2012 2995 3618 3070">
     <span class='ocr_line' id='line_1_61' title="bbox 2012 2995 3618 3070; baseline 0.003 -21"><span class='ocrx_word' id='word_1_469' title='bbox 2012 3012 2234 3065; x_wconf 84' lang='grc' dir='ltr'><em>ματος·</em></span> <span class='ocrx_word' id='word_1_470' title='bbox 2268 2996 2365 3049; x_wconf 77' lang='grc' dir='ltr'><em>καὶ</em></span> <span class='ocrx_word' id='word_1_471' title='bbox 2404 2996 2605 3068; x_wconf 78' lang='grc' dir='ltr'><em>ὁμοίως</em></span> <span class='ocrx_word' id='word_1_472' title='bbox 2654 2999 2714 3051; x_wconf 79' lang='grc' dir='ltr'><em>ὲν</em></span> <span class='ocrx_word' id='word_1_473' title='bbox 2743 2995 2823 3068; x_wconf 80' lang='grc' dir='ltr'><em>τῷ</em></span> <span class='ocrx_word' id='word_1_474' title='bbox 2857 2997 3212 3070; x_wconf 82' lang='grc' dir='ltr'><em>Εὐαγγελίῳ·</em></span> <span class='ocrx_word' id='word_1_475' title='bbox 3261 3002 3334 3054; x_wconf 83' lang='lat' dir='ltr'><strong><em>Ei</em></strong></span> <span class='ocrx_word' id='word_1_476' title='bbox 3381 2998 3451 3053; x_wconf 83' lang='grc' dir='ltr'><em>δὲ</em></span> <span class='ocrx_word' id='word_1_477' title='bbox 3495 3001 3618 3069; x_wconf 72' lang='grc' dir='ltr'><strong><em>ἐγὼ</em></strong></span> 
     </span>
    </p>
   </div>
   <div class='ocr_carea' id='block_1_62' title="bbox 336 3070 1909 3182">
    <p class='ocr_par' dir='ltr' id='par_1_62' title="bbox 336 3070 1909 3157">
     <span class='ocr_line' id='line_1_62' title="bbox 336 3070 1909 3157; baseline -0.006 -10"><span class='ocrx_word' id='word_1_478' title='bbox 336 3070 526 3149; x_wconf 83' lang='lat' dir='ltr'><strong><em>dentes</em></strong></span> <span class='ocrx_word' id='word_1_479' title='bbox 555 3091 889 3157; x_wconf 88' lang='lat' dir='ltr'><strong><em>ministrare,</em></strong></span> <span class='ocrx_word' id='word_1_480' title='bbox 908 3070 1241 3145; x_wconf 81' lang='lat' dir='ltr'><strong><em>servitutem</em></strong></span> <span class='ocrx_word' id='word_1_481' title='bbox 1270 3096 1330 3142; x_wconf 88' lang='lat' dir='ltr'><strong><em>ut</em></strong></span> <span class='ocrx_word' id='word_1_482' title='bbox 1363 3086 1657 3143; x_wconf 87' lang='lat' dir='ltr'><strong><em>ostendant</em></strong></span> <span class='ocrx_word' id='word_1_483' title='bbox 1685 3103 1700 3142; x_wconf 88' lang='lat'><strong>:</strong></span> <span class='ocrx_word' id='word_1_484' title='bbox 1737 3084 1909 3155; x_wconf 75' lang='lat' dir='ltr'><strong><em>Spiri-</em></strong></span> 
     </span>
    </p>
   </div>
   <div class='ocr_carea' id='block_1_63' title="bbox 2012 3070 3618 3182">
    <p class='ocr_par' dir='ltr' id='par_1_63' title="bbox 2015 3087 3618 3162">
     <span class='ocr_line' id='line_1_63' title="bbox 2015 3087 3618 3162; baseline 0.004 -20"><span class='ocrx_word' id='word_1_485' title='bbox 2015 3087 2086 3142; x_wconf 82' lang='grc' dir='ltr'><em>ἐν</em></span> <span class='ocrx_word' id='word_1_486' title='bbox 2121 3089 2422 3158; x_wconf 85' lang='grc' dir='ltr'><em>Πνεύματι</em></span> <span class='ocrx_word' id='word_1_487' title='bbox 2462 3090 2613 3146; x_wconf 86' lang='grc' dir='ltr'><em>Θεοῦ</em></span> <span class='ocrx_word' id='word_1_488' title='bbox 2676 3090 2954 3147; x_wconf 79' lang='grc' dir='ltr'><em>ἐκϐάλλω</em></span> <span class='ocrx_word' id='word_1_489' title='bbox 3007 3092 3083 3146; x_wconf 86' lang='grc' dir='ltr'><strong><em>τὰ</em></strong></span> <span class='ocrx_word' id='word_1_490' title='bbox 3129 3091 3446 3162; x_wconf 78' lang='grc' dir='ltr'><em>δαιμόνια,</em></span> <span class='ocrx_word' id='word_1_491' title='bbox 3496 3094 3618 3162; x_wconf 77' lang='grc' dir='ltr'><em>ἄρα</em></span> 
     </span>
    </p>
   </div>
   <div class='ocr_carea' id='block_1_64' title="bbox 336 3177 1912 3251">
    <p class='ocr_par' dir='ltr' id='par_1_64' title="bbox 336 3177 1912 3251">
     <span class='ocr_line' id='line_1_64' title="bbox 336 3177 1912 3251; baseline -0.006 -12"><span class='ocrx_word' id='word_1_492' title='bbox 336 3192 451 3239; x_wconf 87' lang='lat' dir='ltr'><strong><em>tum</em></strong></span> <span class='ocrx_word' id='word_1_493' title='bbox 474 3197 602 3238; x_wconf 83' lang='lat' dir='ltr'><strong><em>vero</em></strong></span> <span class='ocrx_word' id='word_1_494' title='bbox 617 3196 779 3251; x_wconf 86' lang='lat' dir='ltr'><strong><em>super</em></strong></span> <span class='ocrx_word' id='word_1_495' title='bbox 803 3181 979 3250; x_wconf 88' lang='lat' dir='ltr'><strong><em>ipsum</em></strong></span> <span class='ocrx_word' id='word_1_496' title='bbox 1002 3180 1289 3245; x_wconf 87' lang='lat' dir='ltr'><strong><em>mansisse,</em></strong></span> <span class='ocrx_word' id='word_1_497' title='bbox 1313 3189 1393 3247; x_wconf 91' lang='lat' dir='ltr'><strong><em>ut,</em></strong></span> <span class='ocrx_word' id='word_1_498' title='bbox 1412 3177 1692 3233; x_wconf 88' lang='lat' dir='ltr'><strong><em>mansione</em></strong></span> <span class='ocrx_word' id='word_1_499' title='bbox 1708 3177 1912 3241; x_wconf 88' lang='lat' dir='ltr'><strong><em>audita,</em></strong></span> 
     </span>
    </p>
   </div>
   <div class='ocr_carea' id='block_1_65' title="bbox 338 3272 1913 3343">
    <p class='ocr_par' dir='ltr' id='par_1_65' title="bbox 338 3272 1913 3343">
     <span class='ocr_line' id='line_1_65' title="bbox 338 3272 1913 3343; baseline -0.005 -13"><span class='ocrx_word' id='word_1_500' title='bbox 338 3283 547 3331; x_wconf 63' lang='lat' dir='ltr'><strong><em>natura:</em></strong></span> <span class='ocrx_word' id='word_1_501' title='bbox 574 3273 693 3343; x_wconf 87' lang='lat' dir='ltr'><strong><em>ejus</em></strong></span> <span class='ocrx_word' id='word_1_502' title='bbox 731 3273 1040 3328; x_wconf 61' lang='lat' dir='ltr'><strong><em>libertatem</em></strong></span> <span class='ocrx_word' id='word_1_503' title='bbox 1074 3272 1370 3341; x_wconf 75' lang='lat' dir='ltr'><strong><em>intelligas.</em></strong></span> <span class='ocrx_word' id='word_1_504' title='bbox 1419 3272 1693 3341; x_wconf 88' lang='lat' dir='ltr'><strong><em>Scriptum</em></strong></span> <span class='ocrx_word' id='word_1_505' title='bbox 1733 3279 1913 3323; x_wconf 61' lang='lat' dir='ltr'><strong><em>autem</em></strong></span> 
     </span>
    </p>
   </div>
   <div class='ocr_carea' id='block_1_66' title="bbox 336 3361 1912 3434">
    <p class='ocr_par' dir='ltr' id='par_1_66' title="bbox 336 3361 1912 3434">
     <span class='ocr_line' id='line_1_66' title="bbox 336 3361 1912 3434; baseline -0.001 -15"><span class='ocrx_word' id='word_1_506' title='bbox 336 3375 423 3422; x_wconf 85' lang='lat' dir='ltr'><strong><em>est</em></strong></span> <span class='ocrx_word' id='word_1_507' title='bbox 458 3388 472 3422; x_wconf 87' lang='lat'>:</span> <span class='ocrx_word' id='word_1_508' title='bbox 524 3363 592 3419; x_wconf 87' lang='lat' dir='ltr'><strong><em>Et</em></strong></span> <span class='ocrx_word' id='word_1_509' title='bbox 632 3363 799 3419; x_wconf 86' lang='lat' dir='ltr'><strong><em>Pater</em></strong></span> <span class='ocrx_word' id='word_1_510' title='bbox 838 3366 896 3420; x_wconf 90' lang='lat' dir='ltr'><strong><em>in</em></strong></span> <span class='ocrx_word' id='word_1_511' title='bbox 936 3381 1017 3419; x_wconf 87' lang='lat' dir='ltr'><strong><em>me</em></strong></span> <span class='ocrx_word' id='word_1_512' title='bbox 1053 3381 1295 3428; x_wconf 88' lang='lat' dir='ltr'><strong><em>manens,</em></strong></span> <span class='ocrx_word' id='word_1_513' title='bbox 1342 3365 1454 3434; x_wconf 89' lang='lat' dir='ltr'><strong><em>ipse</em></strong></span> <span class='ocrx_word' id='word_1_514' title='bbox 1491 3361 1619 3426; x_wconf 77' lang='lat' dir='ltr'><strong><em>facit</em></strong></span> <span class='ocrx_word' id='word_1_515' title='bbox 1658 3378 1813 3431; x_wconf 88' lang='lat' dir='ltr'><strong><em>opera</em></strong></span> <span class='ocrx_word' id='word_1_516' title='bbox 1842 3362 1912 3417; x_wconf 81' lang='lat'><strong><em>“.</em></strong></span> 
     </span>
    </p>
   </div>
   <div class='ocr_carea' id='block_1_67' title="bbox 335 3453 1913 3527">
    <p class='ocr_par' dir='ltr' id='par_1_67' title="bbox 335 3453 1913 3527">
     <span class='ocr_line' id='line_1_67' title="bbox 335 3453 1913 3527; baseline -0.004 -13"><span class='ocrx_word' id='word_1_517' title='bbox 335 3458 407 3515; x_wconf 88' lang='lat' dir='ltr'><strong><em>Et</em></strong></span> <span class='ocrx_word' id='word_1_518' title='bbox 431 3472 618 3513; x_wconf 87' lang='lat' dir='ltr'><strong><em>rursus</em></strong></span> <span class='ocrx_word' id='word_1_519' title='bbox 647 3458 907 3527; x_wconf 89' lang='lat' dir='ltr'><strong><em>scriptum</em></strong></span> <span class='ocrx_word' id='word_1_520' title='bbox 932 3466 1018 3512; x_wconf 87' lang='lat' dir='ltr'><strong><em>est</em></strong></span> <span class='ocrx_word' id='word_1_521' title='bbox 1046 3474 1059 3510; x_wconf 91' lang='lat'><strong>:</strong></span> <span class='ocrx_word' id='word_1_522' title='bbox 1091 3455 1247 3510; x_wconf 81' lang='lat' dir='ltr'><strong><em>Jesus</em></strong></span> <span class='ocrx_word' id='word_1_523' title='bbox 1277 3466 1453 3510; x_wconf 87' lang='lat' dir='ltr'><strong><em>autem</em></strong></span> <span class='ocrx_word' id='word_1_524' title='bbox 1492 3453 1676 3523; x_wconf 87' lang='lat' dir='ltr'><strong><em>plenus</em></strong></span> <span class='ocrx_word' id='word_1_525' title='bbox 1710 3454 1913 3524; x_wconf 87' lang='lat' dir='ltr'><strong><em>Spiritu</em></strong></span> 
     </span>
    </p>
   </div>
   <div class='ocr_carea' id='block_1_68' title="bbox 338 3547 1920 3620">
    <p class='ocr_par' dir='ltr' id='par_1_68' title="bbox 338 3547 1920 3620">
     <span class='ocr_line' id='line_1_68' title="bbox 338 3547 1920 3620; baseline -0.003 -17"><span class='ocrx_word' id='word_1_526' title='bbox 338 3561 519 3603; x_wconf 89' lang='lat' dir='ltr'><strong><em>sancto</em></strong></span> <span class='ocrx_word' id='word_1_527' title='bbox 553 3565 786 3603; x_wconf 82' lang='lat' dir='ltr'><strong><em>reversus</em></strong></span> <span class='ocrx_word' id='word_1_528' title='bbox 813 3559 888 3604; x_wconf 86' lang='lat' dir='ltr'><strong><em>est</em></strong></span> <span class='ocrx_word' id='word_1_529' title='bbox 919 3566 952 3601; x_wconf 91' lang='lat' dir='ltr'><strong><em>a</em></strong></span> <span class='ocrx_word' id='word_1_530' title='bbox 977 3547 1143 3620; x_wconf 76' lang='lat'><strong><em>319</em></strong></span> <span class='ocrx_word' id='word_1_531' title='bbox 1170 3548 1429 3612; x_wconf 72' lang='lat' dir='ltr'><strong><em>Iordane,</em></strong></span> <span class='ocrx_word' id='word_1_532' title='bbox 1464 3555 1514 3602; x_wconf 89' lang='lat' dir='ltr'><strong><em>et</em></strong></span> <span class='ocrx_word' id='word_1_533' title='bbox 1547 3559 1695 3602; x_wconf 88' lang='lat' dir='ltr'><strong><em>actus</em></strong></span> <span class='ocrx_word' id='word_1_534' title='bbox 1724 3555 1798 3600; x_wconf 91' lang='lat' dir='ltr'><strong><em>est</em></strong></span> <span class='ocrx_word' id='word_1_535' title='bbox 1824 3561 1920 3615; x_wconf 88' lang='lat' dir='ltr'><strong><em>per</em></strong></span> 
     </span>
    </p>
   </div>
   <div class='ocr_carea' id='block_1_69' title="bbox 341 3637 1921 3709">
    <p class='ocr_par' dir='ltr' id='par_1_69' title="bbox 341 3637 1921 3709">
     <span class='ocr_line' id='line_1_69' title="bbox 341 3637 1921 3709; baseline -0.001 -16"><span class='ocrx_word' id='word_1_536' title='bbox 341 3637 603 3708; x_wconf 85' lang='lat' dir='ltr'><strong><em>Spiritum</em></strong></span> <span class='ocrx_word' id='word_1_537' title='bbox 625 3639 682 3692; x_wconf 89' lang='lat' dir='ltr'><strong><em>in</em></strong></span> <span class='ocrx_word' id='word_1_538' title='bbox 714 3640 1002 3705; x_wconf 85' lang='lat' dir='ltr'><strong><em>desertum,</em></strong></span> <span class='ocrx_word' id='word_1_539' title='bbox 1036 3640 1217 3692; x_wconf 84' lang='lat' dir='ltr'><strong><em>diebus</em></strong></span> <span class='ocrx_word' id='word_1_540' title='bbox 1243 3639 1594 3709; x_wconf 86' lang='lat' dir='ltr'><strong><em>quadraginta</em></strong></span> <span class='ocrx_word' id='word_1_541' title='bbox 1627 3647 1861 3691; x_wconf 90' lang='lat' dir='ltr'><strong><em>tentatus</em></strong></span> <span class='ocrx_word' id='word_1_542' title='bbox 1885 3653 1921 3691; x_wconf 87' lang='lat' dir='ltr'><strong><em>a</em></strong></span> 
     </span>
    </p>
   </div>
   <div class='ocr_carea' id='block_1_70' title="bbox 341 3728 1921 3800">
    <p class='ocr_par' dir='ltr' id='par_1_70' title="bbox 341 3728 1921 3800">
     <span class='ocr_line' id='line_1_70' title="bbox 341 3728 1921 3800; baseline -0.002 -15"><span class='ocrx_word' id='word_1_543' title='bbox 341 3730 552 3785; x_wconf 79' lang='lat' dir='ltr'><strong><em>diabolo</em></strong></span> <span class='ocrx_word' id='word_1_544' title='bbox 580 3730 646 3785; x_wconf 82' lang='lat'><strong><em>&quot;.</em></strong></span> <span class='ocrx_word' id='word_1_545' title='bbox 679 3730 746 3785; x_wconf 85' lang='lat' dir='ltr'><strong><em>Et</em></strong></span> <span class='ocrx_word' id='word_1_546' title='bbox 790 3732 989 3785; x_wconf 85' lang='lat' dir='ltr'><strong><em>iterum</em></strong></span> <span class='ocrx_word' id='word_1_547' title='bbox 1022 3748 1039 3787; x_wconf 88' lang='lat'><strong>:</strong></span> <span class='ocrx_word' id='word_1_548' title='bbox 1084 3730 1317 3800; x_wconf 82' lang='lat' dir='ltr'><strong><em>Accipite</em></strong></span> <span class='ocrx_word' id='word_1_549' title='bbox 1362 3728 1623 3798; x_wconf 89' lang='lat' dir='ltr'><strong><em>Spiritum</em></strong></span> <span class='ocrx_word' id='word_1_550' title='bbox 1657 3740 1921 3783; x_wconf 79' lang='lat' dir='ltr'><strong><em>sanctum.</em></strong></span> 
     </span>
    </p>
   </div>
   <div class='ocr_carea' id='block_1_71' title="bbox 346 3822 1921 3892">
    <p class='ocr_par' dir='ltr' id='par_1_71' title="bbox 346 3822 1921 3892">
     <span class='ocr_line' id='line_1_71' title="bbox 346 3822 1921 3892; baseline -0.003 -15"><span class='ocrx_word' id='word_1_551' title='bbox 346 3823 790 3891; x_wconf 81' lang='lat' dir='ltr'><strong><em>Quorumcungue</em></strong></span> <span class='ocrx_word' id='word_1_552' title='bbox 865 3824 1171 3878; x_wconf 87' lang='lat' dir='ltr'><strong><em>remiseritis</em></strong></span> <span class='ocrx_word' id='word_1_553' title='bbox 1230 3833 1444 3892; x_wconf 87' lang='lat' dir='ltr'><strong><em>peccata</em></strong></span> <span class='ocrx_word' id='word_1_554' title='bbox 1476 3862 1493 3889; x_wconf 98' lang='lat'><strong><em>,</em></strong></span> <span class='ocrx_word' id='word_1_555' title='bbox 1542 3822 1921 3886; x_wconf 87' lang='lat' dir='ltr'><strong><em>remittuntur;</em></strong></span> 
     </span>
    </p>
   </div>
   <div class='ocr_carea' id='block_1_72' title="bbox 350 3912 1896 3986">
    <p class='ocr_par' dir='ltr' id='par_1_72' title="bbox 350 3912 1896 3986">
     <span class='ocr_line' id='line_1_72' title="bbox 350 3912 1896 3986; baseline -0.001 -17"><span class='ocrx_word' id='word_1_556' title='bbox 350 3931 781 3986; x_wconf 85' lang='lat' dir='ltr'><strong><em>quorumcunque</em></strong></span> <span class='ocrx_word' id='word_1_557' title='bbox 814 3916 1167 3981; x_wconf 86' lang='lat' dir='ltr'><strong><em>retinueritis,</em></strong></span> <span class='ocrx_word' id='word_1_558' title='bbox 1196 3924 1393 3968; x_wconf 88' lang='lat' dir='ltr'><strong><em>retenta</em></strong></span> <span class='ocrx_word' id='word_1_559' title='bbox 1424 3924 1545 3968; x_wconf 89' lang='lat' dir='ltr'><strong><em>sunt</em></strong></span> <span class='ocrx_word' id='word_1_560' title='bbox 1575 3913 1644 3969; x_wconf 83' lang='grc'><strong><em>⁸³.</em></strong></span> <span class='ocrx_word' id='word_1_561' title='bbox 1692 3912 1761 3967; x_wconf 87' lang='lat' dir='ltr'><strong><em>Et</em></strong></span> <span class='ocrx_word' id='word_1_562' title='bbox 1799 3928 1896 3967; x_wconf 88' lang='lat' dir='ltr'><strong><em>rur</em></strong></span> 
     </span>
    </p>
   </div>
   <div class='ocr_carea' id='block_1_73' title="bbox 345 4010 1897 4081">
    <p class='ocr_par' dir='ltr' id='par_1_73' title="bbox 345 4010 1897 4081">
     <span class='ocr_line' id='line_1_73' title="bbox 345 4010 1897 4081; baseline -0.005 -14"><span class='ocrx_word' id='word_1_563' title='bbox 345 4027 478 4068; x_wconf 88' lang='lat' dir='ltr'><strong><em>sus:</em></strong></span> <span class='ocrx_word' id='word_1_564' title='bbox 520 4010 802 4067; x_wconf 85' lang='lat' dir='ltr'><strong><em>Veritatem</em></strong></span> <span class='ocrx_word' id='word_1_565' title='bbox 831 4011 974 4066; x_wconf 84' lang='lat' dir='ltr'><strong><em>vobis</em></strong></span> <span class='ocrx_word' id='word_1_566' title='bbox 1003 4012 1144 4077; x_wconf 82' lang='lat' dir='ltr'><strong><em>dico,</em></strong></span> <span class='ocrx_word' id='word_1_567' title='bbox 1188 4011 1395 4081; x_wconf 70' lang='lat' dir='ltr'><strong><em>expedit</em></strong></span> <span class='ocrx_word' id='word_1_568' title='bbox 1431 4011 1573 4064; x_wconf 79' lang='lat' dir='ltr'><strong><em>vobis</em></strong></span> <span class='ocrx_word' id='word_1_569' title='bbox 1619 4018 1674 4062; x_wconf 89' lang='lat' dir='ltr'><strong><em>ut</em></strong></span> <span class='ocrx_word' id='word_1_570' title='bbox 1701 4023 1796 4077; x_wconf 91' lang='lat' dir='ltr'><strong><em>ego</em></strong></span> <span class='ocrx_word' id='word_1_571' title='bbox 1832 4024 1897 4061; x_wconf 78' lang='lat' dir='ltr'><strong><em>va</em></strong></span> 
     </span>
    </p>
   </div>
   <div class='ocr_carea' id='block_1_74' title="bbox 345 4101 1895 4174">
    <p class='ocr_par' dir='ltr' id='par_1_74' title="bbox 345 4101 1895 4174">
     <span class='ocr_line' id='line_1_74' title="bbox 345 4101 1895 4174; baseline -0.003 -16"><span class='ocrx_word' id='word_1_572' title='bbox 345 4108 508 4172; x_wconf 89' lang='lat' dir='ltr'><strong><em>dam;</em></strong></span> <span class='ocrx_word' id='word_1_573' title='bbox 534 4107 722 4159; x_wconf 90' lang='lat' dir='ltr'><strong><em>etenim</em></strong></span> <span class='ocrx_word' id='word_1_574' title='bbox 750 4106 798 4159; x_wconf 89' lang='lat' dir='ltr'><strong><em>si</em></strong></span> <span class='ocrx_word' id='word_1_575' title='bbox 832 4122 924 4174; x_wconf 86' lang='lat' dir='ltr'><strong><em>ego</em></strong></span> <span class='ocrx_word' id='word_1_576' title='bbox 963 4122 1067 4160; x_wconf 88' lang='lat' dir='ltr'><strong><em>non</em></strong></span> <span class='ocrx_word' id='word_1_577' title='bbox 1097 4106 1296 4170; x_wconf 80' lang='lat' dir='ltr'><strong><em>abiero,</em></strong></span> <span class='ocrx_word' id='word_1_578' title='bbox 1344 4101 1661 4156; x_wconf 86' lang='lat' dir='ltr'><strong><em>Paracletus</em></strong></span> <span class='ocrx_word' id='word_1_579' title='bbox 1691 4117 1794 4154; x_wconf 90' lang='lat' dir='ltr'><strong><em>non</em></strong></span> <span class='ocrx_word' id='word_1_580' title='bbox 1837 4115 1895 4154; x_wconf 84' lang='lat' dir='ltr'><strong><em>ve</em></strong></span> 
     </span>
    </p>
   </div>
   <div class='ocr_carea' id='block_1_75' title="bbox 346 4191 1892 4267">
    <p class='ocr_par' dir='ltr' id='par_1_75' title="bbox 346 4191 1892 4267">
     <span class='ocr_line' id='line_1_75' title="bbox 346 4191 1892 4267; baseline -0.003 -17"><span class='ocrx_word' id='word_1_581' title='bbox 346 4198 451 4251; x_wconf 84' lang='lat' dir='ltr'><strong><em>niet</em></strong></span> <span class='ocrx_word' id='word_1_582' title='bbox 493 4198 562 4251; x_wconf 90' lang='lat' dir='ltr'><strong><em>ad</em></strong></span> <span class='ocrx_word' id='word_1_583' title='bbox 607 4214 729 4265; x_wconf 80' lang='lat' dir='ltr'><strong><em>vos,</em></strong></span> <span class='ocrx_word' id='word_1_584' title='bbox 777 4196 1011 4267; x_wconf 86' lang='lat' dir='ltr'><strong><em>Spiritus</em></strong></span> <span class='ocrx_word' id='word_1_585' title='bbox 1057 4195 1329 4260; x_wconf 81' lang='lat' dir='ltr'><strong><em>veritatis,</em></strong></span> <span class='ocrx_word' id='word_1_586' title='bbox 1377 4194 1469 4266; x_wconf 90' lang='lat' dir='ltr'><strong><em>qui</em></strong></span> <span class='ocrx_word' id='word_1_587' title='bbox 1512 4210 1546 4247; x_wconf 89' lang='lat' dir='ltr'><strong><em>a</em></strong></span> <span class='ocrx_word' id='word_1_588' title='bbox 1594 4191 1750 4246; x_wconf 81' lang='lat' dir='ltr'><strong><em>Patre</em></strong></span> <span class='ocrx_word' id='word_1_589' title='bbox 1794 4206 1892 4260; x_wconf 89' lang='lat' dir='ltr'><strong><em>pro</em></strong></span> 
     </span>
    </p>
   </div>
   <div class='ocr_carea' id='block_1_76' title="bbox 345 4286 576 4342">
    <p class='ocr_par' dir='ltr' id='par_1_76' title="bbox 345 4286 576 4342">
     <span class='ocr_line' id='line_1_76' title="bbox 345 4286 576 4342; baseline 0.009 -2"><span class='ocrx_word' id='word_1_590' title='bbox 345 4286 482 4342; x_wconf 89' lang='lat' dir='ltr'><strong><em>cedit</em></strong></span> <span class='ocrx_word' id='word_1_591' title='bbox 510 4287 576 4342; x_wconf 77' lang='lat'><strong><em>“.</em></strong></span> 
     </span>
    </p>
   </div>
   <div class='ocr_carea' id='block_1_77' title="bbox 2020 3177 3617 3251">
    <p class='ocr_par' dir='ltr' id='par_1_77' title="bbox 2020 3177 3617 3251">
     <span class='ocr_line' id='line_1_77' title="bbox 2020 3177 3617 3251; baseline 0.004 -18"><span class='ocrx_word' id='word_1_592' title='bbox 2020 3177 2288 3248; x_wconf 72' lang='grc' dir='ltr'><em>ἔφθασεν</em></span> <span class='ocrx_word' id='word_1_593' title='bbox 2311 3180 2406 3250; x_wconf 73' lang='grc' dir='ltr'><strong><em>ἐφ’</em></strong></span> <span class='ocrx_word' id='word_1_594' title='bbox 2425 3180 2584 3251; x_wconf 87' lang='grc' dir='ltr'><em>ὑμᾶς</em></span> <span class='ocrx_word' id='word_1_595' title='bbox 2610 3182 2652 3250; x_wconf 75' lang='grc' dir='ltr'><strong><em>ἡ</em></strong></span> <span class='ocrx_word' id='word_1_596' title='bbox 2673 3182 2966 3247; x_wconf 80' lang='grc' dir='ltr'><em>βασιλεία</em></span> <span class='ocrx_word' id='word_1_597' title='bbox 2989 3183 3095 3238; x_wconf 89' lang='grc' dir='ltr'><strong><em>τοῦ</em></strong></span> <span class='ocrx_word' id='word_1_598' title='bbox 3112 3184 3281 3238; x_wconf 85' lang='grc' dir='ltr'><em>Θεοῦ.</em></span> <span class='ocrx_word' id='word_1_599' title='bbox 3314 3185 3425 3237; x_wconf 77' lang='lat' dir='ltr'><strong><em>Kal</em></strong></span> <span class='ocrx_word' id='word_1_600' title='bbox 3445 3185 3617 3239; x_wconf 81' lang='grc' dir='ltr'><em>πάλιν</em></span> 
     </span>
    </p>
   </div>
   <div class='ocr_carea' id='block_1_78' title="bbox 2019 3268 3618 3347">
    <p class='ocr_par' dir='ltr' id='par_1_78' title="bbox 2019 3268 3618 3347">
     <span class='ocr_line' id='line_1_78' title="bbox 2019 3268 3618 3347; baseline 0.006 -25"><span class='ocrx_word' id='word_1_601' title='bbox 2019 3268 2332 3341; x_wconf 78' lang='grc' dir='ltr'><em>γέγραπται</em></span> <span class='ocrx_word' id='word_1_602' title='bbox 2354 3287 2370 3302; x_wconf 95' lang='grc'><strong><em>·</em></strong></span> <span class='ocrx_word' id='word_1_603' title='bbox 2406 3269 2586 3327; x_wconf 84' lang='grc' dir='ltr'><em>Πᾶσα</em></span> <span class='ocrx_word' id='word_1_604' title='bbox 2633 3273 2889 3342; x_wconf 80' lang='grc' dir='ltr'><em>ἁμαρτία</em></span> <span class='ocrx_word' id='word_1_605' title='bbox 2938 3276 3036 3329; x_wconf 82' lang='grc' dir='ltr'><em>καὶ</em></span> <span class='ocrx_word' id='word_1_606' title='bbox 3079 3275 3447 3346; x_wconf 66' lang='grc' dir='ltr'><em>,ϐλασφημία</em></span> <span class='ocrx_word' id='word_1_607' title='bbox 3497 3280 3618 3347; x_wconf 66' lang='lat' dir='ltr'><strong><em>d3:-</em></strong></span> 
     </span>
    </p>
   </div>
   <div class='ocr_carea' id='block_1_79' title="bbox 2020 3362 3617 3440">
    <p class='ocr_par' dir='ltr' id='par_1_79' title="bbox 2020 3362 3617 3440">
     <span class='ocr_line' id='line_1_79' title="bbox 2020 3362 3617 3440; baseline 0.005 -23"><span class='ocrx_word' id='word_1_608' title='bbox 2020 3362 2299 3430; x_wconf 81' lang='grc' dir='ltr'><em>εθήσεται</em></span> <span class='ocrx_word' id='word_1_609' title='bbox 2345 3364 2472 3431; x_wconf 88' lang='grc' dir='ltr'><em>τοῖς</em></span> <span class='ocrx_word' id='word_1_610' title='bbox 2503 3365 2857 3434; x_wconf 84' lang='grc' dir='ltr'><em>ἀνθρώποις,</em></span> <span class='ocrx_word' id='word_1_611' title='bbox 2912 3369 2951 3437; x_wconf 77' lang='grc' dir='ltr'><strong><em>ἠ</em></strong></span> <span class='ocrx_word' id='word_1_612' title='bbox 2998 3367 3067 3420; x_wconf 85' lang='grc' dir='ltr'><em>δὲ</em></span> <span class='ocrx_word' id='word_1_613' title='bbox 3108 3369 3215 3422; x_wconf 90' lang='grc' dir='ltr'><strong><em>τοῦ</em></strong></span> <span class='ocrx_word' id='word_1_614' title='bbox 3259 3372 3617 3440; x_wconf 87' lang='grc' dir='ltr'><em>Πνεύματος</em></span> 
     </span>
    </p>
   </div>
   <div class='ocr_carea' id='block_1_80' title="bbox 2015 3454 3616 3531">
    <p class='ocr_par' dir='ltr' id='par_1_80' title="bbox 2015 3454 3616 3531">
     <span class='ocr_line' id='line_1_80' title="bbox 2015 3454 3616 3531; baseline 0.004 -24"><span class='ocrx_word' id='word_1_615' title='bbox 2015 3454 2382 3523; x_wconf 67' lang='grc' dir='ltr'><em>,βλασφημία</em></span> <span class='ocrx_word' id='word_1_616' title='bbox 2437 3454 2549 3526; x_wconf 85' lang='grc'>(67)</span> <span class='ocrx_word' id='word_1_617' title='bbox 2605 3458 2718 3510; x_wconf 88' lang='grc' dir='ltr'><em>οὐκ</em></span> <span class='ocrx_word' id='word_1_618' title='bbox 2776 3458 2903 3526; x_wconf 76' lang='grc' dir='ltr'><em>ἔχει</em></span> <span class='ocrx_word' id='word_1_619' title='bbox 2958 3457 3197 3527; x_wconf 62' lang='grc' dir='ltr'><em>ἄφεσιν.</em></span> <span class='ocrx_word' id='word_1_620' title='bbox 3251 3460 3362 3513; x_wconf 87' lang='lat' dir='ltr'><strong><em>Kal</em></strong></span> <span class='ocrx_word' id='word_1_621' title='bbox 3415 3462 3476 3513; x_wconf 83' lang='grc' dir='ltr'><em>ὲν</em></span> <span class='ocrx_word' id='word_1_622' title='bbox 3532 3461 3616 3531; x_wconf 79' lang='grc' dir='ltr'><em>τῷ</em></span> 
     </span>
    </p>
   </div>
   <div class='ocr_carea' id='block_1_81' title="bbox 2017 3544 3614 3622">
    <p class='ocr_par' dir='ltr' id='par_1_81' title="bbox 2017 3544 3614 3622">
     <span class='ocr_line' id='line_1_81' title="bbox 2017 3544 3614 3622; baseline 0.004 -23"><span class='ocrx_word' id='word_1_623' title='bbox 2017 3545 2352 3617; x_wconf 81' lang='grc' dir='ltr'><em>βαπτίσματι</em></span> <span class='ocrx_word' id='word_1_624' title='bbox 2397 3548 2638 3617; x_wconf 83' lang='grc' dir='ltr'><em>κατῆλθε</em></span> <span class='ocrx_word' id='word_1_625' title='bbox 2672 3548 2736 3603; x_wconf 80' lang='grc' dir='ltr'><em>τὸ</em></span> <span class='ocrx_word' id='word_1_626' title='bbox 2762 3544 2990 3620; x_wconf 78' lang='grc' dir='ltr'><em>Πνεῦμα</em></span> <span class='ocrx_word' id='word_1_627' title='bbox 3020 3549 3084 3603; x_wconf 84' lang='grc' dir='ltr'><em>τὸ</em></span> <span class='ocrx_word' id='word_1_628' title='bbox 3115 3550 3293 3619; x_wconf 69' lang='grc' dir='ltr'><em>ἅγιον,</em></span> <span class='ocrx_word' id='word_1_629' title='bbox 3322 3553 3420 3605; x_wconf 80' lang='grc' dir='ltr'><em>καὶ</em></span> <span class='ocrx_word' id='word_1_630' title='bbox 3451 3551 3614 3622; x_wconf 79' lang='grc' dir='ltr'><em>ἔμει-</em></span> 
     </span>
    </p>
   </div>
   <div class='ocr_carea' id='block_1_82' title="bbox 2015 3637 3614 3717">
    <p class='ocr_par' dir='ltr' id='par_1_82' title="bbox 2015 3637 3614 3717">
     <span class='ocr_line' id='line_1_82' title="bbox 2015 3637 3614 3717; baseline 0.005 -27"><span class='ocrx_word' id='word_1_631' title='bbox 2015 3653 2106 3690; x_wconf 90' lang='grc' dir='ltr'><strong><em>νεν</em></strong></span> <span class='ocrx_word' id='word_1_632' title='bbox 2134 3637 2219 3691; x_wconf 74' lang='grc' dir='ltr'><strong><em>ἐπ’</em></strong></span> <span class='ocrx_word' id='word_1_633' title='bbox 2252 3638 2414 3693; x_wconf 80' lang='grc' dir='ltr'><em>αὐτόν</em></span> <span class='ocrx_word' id='word_1_634' title='bbox 2442 3655 2458 3673; x_wconf 78' lang='grc' dir='ltr'><strong><em>ο</em></strong></span> <span class='ocrx_word' id='word_1_635' title='bbox 2504 3641 2554 3693; x_wconf 80' lang='lat' dir='ltr'><strong><em>oi</em></strong></span> <span class='ocrx_word' id='word_1_636' title='bbox 2585 3640 2645 3693; x_wconf 82' lang='grc' dir='ltr'><em>δὲ</em></span> <span class='ocrx_word' id='word_1_637' title='bbox 2672 3640 2893 3709; x_wconf 77' lang='grc' dir='ltr'><em>ἄγγελοι</em></span> <span class='ocrx_word' id='word_1_638' title='bbox 2935 3641 3287 3707; x_wconf 80' lang='grc' dir='ltr'><em>κατελθόντες</em></span> <span class='ocrx_word' id='word_1_639' title='bbox 3321 3645 3614 3717; x_wconf 75' lang='grc' dir='ltr'><em>διηκόνουν</em></span> 
     </span>
    </p>
   </div>
   <div class='ocr_carea' id='block_1_83' title="bbox 2017 3730 3614 3804">
    <p class='ocr_par' dir='ltr' id='par_1_83' title="bbox 2017 3730 3614 3804">
     <span class='ocr_line' id='line_1_83' title="bbox 2017 3730 3614 3804; baseline 0.004 -20"><span class='ocrx_word' id='word_1_640' title='bbox 2017 3730 2188 3802; x_wconf 83' lang='grc' dir='ltr'><em>αὐτῷ.</em></span> <span class='ocrx_word' id='word_1_641' title='bbox 2228 3733 2348 3787; x_wconf 86' lang='grc' dir='ltr'><em>Ἰνα</em></span> <span class='ocrx_word' id='word_1_642' title='bbox 2377 3732 2522 3804; x_wconf 83' lang='grc' dir='ltr'><em>γνῷς</em></span> <span class='ocrx_word' id='word_1_643' title='bbox 2543 3772 2560 3797; x_wconf 92' lang='grc'><strong><em>,</em></strong></span> <span class='ocrx_word' id='word_1_644' title='bbox 2611 3734 2695 3787; x_wconf 82' lang='grc' dir='ltr'><em>ὅτι</em></span> <span class='ocrx_word' id='word_1_645' title='bbox 2742 3735 2791 3787; x_wconf 84' lang='lat' dir='ltr'><strong><em>oi</em></strong></span> <span class='ocrx_word' id='word_1_646' title='bbox 2837 3735 3059 3804; x_wconf 77' lang='grc' dir='ltr'><em>ἄγγελοι</em></span> <span class='ocrx_word' id='word_1_647' title='bbox 3094 3736 3448 3801; x_wconf 81' lang='grc' dir='ltr'><em>κατελθόντες</em></span> <span class='ocrx_word' id='word_1_648' title='bbox 3499 3737 3614 3792; x_wconf 77' lang='grc' dir='ltr'><em>δια-</em></span> 
     </span>
    </p>
   </div>
   <div class='ocr_carea' id='block_1_84' title="bbox 2018 3822 3613 3902">
    <p class='ocr_par' dir='ltr' id='par_1_84' title="bbox 2018 3822 3613 3902">
     <span class='ocr_line' id='line_1_84' title="bbox 2018 3822 3613 3902; baseline 0.005 -25"><span class='ocrx_word' id='word_1_649' title='bbox 2018 3822 2289 3889; x_wconf 77' lang='grc' dir='ltr'><em>κονοῦσιν,</em></span> <span class='ocrx_word' id='word_1_650' title='bbox 2337 3824 2425 3880; x_wconf 78' lang='grc' dir='ltr'><em>ἵνα</em></span> <span class='ocrx_word' id='word_1_651' title='bbox 2472 3825 2573 3896; x_wconf 83' lang='grc' dir='ltr'><em>τὴν</em></span> <span class='ocrx_word' id='word_1_652' title='bbox 2613 3825 2859 3881; x_wconf 85' lang='grc' dir='ltr'><em>δουλείαν</em></span> <span class='ocrx_word' id='word_1_653' title='bbox 2903 3826 3118 3892; x_wconf 78' lang='grc' dir='ltr'><em>δείξωσι</em></span> <span class='ocrx_word' id='word_1_654' title='bbox 3144 3846 3158 3859; x_wconf 90' lang='grc'><strong><em>·</em></strong></span> <span class='ocrx_word' id='word_1_655' title='bbox 3201 3829 3264 3883; x_wconf 82' lang='grc' dir='ltr'><em>τὸ</em></span> <span class='ocrx_word' id='word_1_656' title='bbox 3292 3830 3350 3883; x_wconf 83' lang='grc' dir='ltr'><em>δὲ</em></span> <span class='ocrx_word' id='word_1_657' title='bbox 3382 3830 3613 3902; x_wconf 75' lang='grc' dir='ltr'><em>Πνεῦμα</em></span> 
     </span>
    </p>
   </div>
   <div class='ocr_carea' id='block_1_85' title="bbox 2020 3912 3612 3989">
    <p class='ocr_par' dir='ltr' id='par_1_85' title="bbox 2020 3912 3612 3989">
     <span class='ocr_line' id='line_1_85' title="bbox 2020 3912 3612 3989; baseline 0.007 -23"><span class='ocrx_word' id='word_1_658' title='bbox 2020 3912 2235 3984; x_wconf 71' lang='grc' dir='ltr'><em>ἔμεινεν</em></span> <span class='ocrx_word' id='word_1_659' title='bbox 2274 3915 2360 3967; x_wconf 73' lang='grc' dir='ltr'><strong><em>ἐπ’</em></strong></span> <span class='ocrx_word' id='word_1_660' title='bbox 2386 3914 2570 3982; x_wconf 78' lang='grc' dir='ltr'><em>αὐτὸν,</em></span> <span class='ocrx_word' id='word_1_661' title='bbox 2617 3915 2706 3969; x_wconf 85' lang='grc' dir='ltr'><strong><em>τνα</em></strong></span> <span class='ocrx_word' id='word_1_662' title='bbox 2730 3915 2832 3988; x_wconf 78' lang='grc' dir='ltr'><em>τὴν</em></span> <span class='ocrx_word' id='word_1_663' title='bbox 2874 3918 3041 3989; x_wconf 83' lang='grc' dir='ltr'><em>μονὴν</em></span> <span class='ocrx_word' id='word_1_664' title='bbox 3081 3920 3342 3985; x_wconf 76' lang='grc' dir='ltr'><em>ἀκούσας,</em></span> <span class='ocrx_word' id='word_1_665' title='bbox 3395 3921 3612 3977; x_wconf 74' lang='grc' dir='ltr'><em>ἐλευθε-</em></span> 
     </span>
    </p>
   </div>
   <div class='ocr_carea' id='block_1_86' title="bbox 2022 4006 3609 4086">
    <p class='ocr_par' dir='ltr' id='par_1_86' title="bbox 2022 4006 3609 4086">
     <span class='ocr_line' id='line_1_86' title="bbox 2022 4006 3609 4086; baseline 0.008 -28"><span class='ocrx_word' id='word_1_666' title='bbox 2022 4006 2146 4086; x_wconf 84' lang='grc' dir='ltr'><em>ρίαν</em></span> <span class='ocrx_word' id='word_1_667' title='bbox 2169 4007 2370 4079; x_wconf 80' lang='grc' dir='ltr'><em>νοήσῃς</em></span> <span class='ocrx_word' id='word_1_668' title='bbox 2395 4006 2498 4077; x_wconf 82' lang='grc' dir='ltr'><em>τῆς</em></span> <span class='ocrx_word' id='word_1_669' title='bbox 2534 4006 2749 4077; x_wconf 81' lang='grc' dir='ltr'><em>φύσεως</em></span> <span class='ocrx_word' id='word_1_670' title='bbox 2779 4009 2947 4063; x_wconf 77' lang='grc' dir='ltr'><em>αὑτοῦ</em></span> <span class='ocrx_word' id='word_1_671' title='bbox 2981 4012 3114 4081; x_wconf 88' lang='grc'>(68).</span> <span class='ocrx_word' id='word_1_672' title='bbox 3159 4012 3472 4084; x_wconf 79' lang='grc' dir='ltr'><em>Γέγραπται</em></span> <span class='ocrx_word' id='word_1_673' title='bbox 3510 4014 3609 4069; x_wconf 80' lang='grc' dir='ltr'><em>δέ·</em></span> 
     </span>
    </p>
   </div>
   <div class='ocr_carea' id='block_1_87' title="bbox 2018 4097 3607 4174">
    <p class='ocr_par' dir='ltr' id='par_1_87' title="bbox 2018 4097 3607 4174">
     <span class='ocr_line' id='line_1_87' title="bbox 2018 4097 3607 4174; baseline 0.006 -23"><span class='ocrx_word' id='word_1_674' title='bbox 2018 4097 2133 4151; x_wconf 76' lang='grc' dir='ltr'><strong><em>Καὶ</em></strong></span> <span class='ocrx_word' id='word_1_675' title='bbox 2160 4101 2193 4152; x_wconf 86' lang='grc' dir='ltr'><em>ὁ</em></span> <span class='ocrx_word' id='word_1_676' title='bbox 2221 4098 2423 4167; x_wconf 83' lang='grc' dir='ltr'><em>Πατὴρ</em></span> <span class='ocrx_word' id='word_1_677' title='bbox 2457 4098 2528 4152; x_wconf 82' lang='grc' dir='ltr'><em>ἐν</em></span> <span class='ocrx_word' id='word_1_678' title='bbox 2564 4100 2691 4169; x_wconf 81' lang='grc' dir='ltr'><em>ἐμοὶ</em></span> <span class='ocrx_word' id='word_1_679' title='bbox 2718 4101 2938 4170; x_wconf 84' lang='grc' dir='ltr'><em>μένων,</em></span> <span class='ocrx_word' id='word_1_680' title='bbox 2964 4104 3121 4156; x_wconf 86' lang='grc' dir='ltr'><em>ποιεῖ</em></span> <span class='ocrx_word' id='word_1_681' title='bbox 3140 4104 3213 4158; x_wconf 85' lang='grc' dir='ltr'><em>τὰ</em></span> <span class='ocrx_word' id='word_1_682' title='bbox 3236 4104 3382 4174; x_wconf 77' lang='grc' dir='ltr'><em>ἔργα</em></span> <span class='ocrx_word' id='word_1_683' title='bbox 3399 4108 3607 4174; x_wconf 78' lang='grc' dir='ltr'><em>αὑτός.</em></span> 
     </span>
    </p>
   </div>
   <div class='ocr_carea' id='block_1_88' title="bbox 2002 4188 3611 4265">
    <p class='ocr_par' dir='ltr' id='par_1_88' title="bbox 2002 4188 3611 4265">
     <span class='ocr_line' id='line_1_88' title="bbox 2002 4188 3611 4265; baseline 0.006 -23"><span class='ocrx_word' id='word_1_684' title='bbox 2002 4188 2126 4243; x_wconf 61' lang='lat' dir='ltr'><strong><em>dial</em></strong></span> <span class='ocrx_word' id='word_1_685' title='bbox 2158 4189 2320 4243; x_wconf 84' lang='grc' dir='ltr'><em>πάλιν</em></span> <span class='ocrx_word' id='word_1_686' title='bbox 2357 4191 2669 4264; x_wconf 80' lang='grc' dir='ltr'><em>γέγραπται</em></span> <span class='ocrx_word' id='word_1_687' title='bbox 2693 4209 2707 4223; x_wconf 93' lang='grc'><strong><em>·</em></strong></span> <span class='ocrx_word' id='word_1_688' title='bbox 2755 4193 2985 4261; x_wconf 82' lang='grc' dir='ltr'><em>Ἰησοῦς</em></span> <span class='ocrx_word' id='word_1_689' title='bbox 3032 4193 3103 4248; x_wconf 86' lang='grc' dir='ltr'><em>δὲ</em></span> <span class='ocrx_word' id='word_1_690' title='bbox 3143 4195 3384 4265; x_wconf 83' lang='grc' dir='ltr'><em>πλήρης</em></span> <span class='ocrx_word' id='word_1_691' title='bbox 3421 4199 3611 4252; x_wconf 78' lang='grc' dir='ltr'><em>Πνεῦ-</em></span> 
     </span>
    </p>
   </div>
   <div class='ocr_carea' id='block_1_89' title="bbox 2016 4283 3609 4357">
    <p class='ocr_par' dir='ltr' id='par_1_89' title="bbox 2016 4283 3609 4357">
     <span class='ocr_line' id='line_1_89' title="bbox 2016 4283 3609 4357; baseline 0.004 -20"><span class='ocrx_word' id='word_1_692' title='bbox 2016 4300 2208 4354; x_wconf 89' lang='grc' dir='ltr'><em>ματος</em></span> <span class='ocrx_word' id='word_1_693' title='bbox 2258 4283 2431 4353; x_wconf 81' lang='grc' dir='ltr'><em>ἁγίου</em></span> <span class='ocrx_word' id='word_1_694' title='bbox 2489 4284 2875 4355; x_wconf 70' lang='grc' dir='ltr'><em>ὑπέστρεψεν</em></span> <span class='ocrx_word' id='word_1_695' title='bbox 2932 4286 3051 4340; x_wconf 77' lang='grc' dir='ltr'><strong><em>ἀπὸ</em></strong></span> <span class='ocrx_word' id='word_1_696' title='bbox 3112 4287 3410 4357; x_wconf 82' lang='grc' dir='ltr'><em>Ἰορδάνου</em></span> <span class='ocrx_word' id='word_1_697' title='bbox 3433 4328 3450 4351; x_wconf 92' lang='grc'><strong><em>,</em></strong></span> <span class='ocrx_word' id='word_1_698' title='bbox 3506 4292 3609 4343; x_wconf 75' lang='grc' dir='ltr'><strong><em>καὶ</em></strong></span> 
     </span>
    </p>
   </div>
   <div class='ocr_carea' id='block_1_90' title="bbox 345 4376 3613 4451">
    <p class='ocr_par' dir='ltr' id='par_1_90' title="bbox 345 4376 3613 4451">
     <span class='ocr_line' id='line_1_90' title="bbox 345 4376 3613 4451; baseline 0.001 -17"><span class='ocrx_word' id='word_1_699' title='bbox 345 4378 524 4449; x_wconf 74' lang='grc' dir='ltr'><em>ἤγετο</em></span> <span class='ocrx_word' id='word_1_700' title='bbox 544 4381 614 4434; x_wconf 83' lang='grc' dir='ltr'><em>ἐν</em></span> <span class='ocrx_word' id='word_1_701' title='bbox 636 4379 714 4446; x_wconf 87' lang='grc' dir='ltr'><em>τῷ</em></span> <span class='ocrx_word' id='word_1_702' title='bbox 729 4382 1025 4451; x_wconf 87' lang='grc' dir='ltr'><em>Πνεύματι</em></span> <span class='ocrx_word' id='word_1_703' title='bbox 1039 4383 1127 4447; x_wconf 83' lang='grc' dir='ltr'><em>εις</em></span> <span class='ocrx_word' id='word_1_704' title='bbox 1155 4379 1270 4448; x_wconf 83' lang='grc' dir='ltr'><em>τὴν</em></span> <span class='ocrx_word' id='word_1_705' title='bbox 1283 4380 1531 4449; x_wconf 80' lang='grc' dir='ltr'><em>ἔρημον,</em></span> <span class='ocrx_word' id='word_1_706' title='bbox 1555 4378 1785 4449; x_wconf 67' lang='grc' dir='ltr'><em>’ἡμέρας</em></span> <span class='ocrx_word' id='word_1_707' title='bbox 1801 4376 2254 4445; x_wconf 81' lang='grc' dir='ltr'><em>τεσσαράκοντα</em></span> <span class='ocrx_word' id='word_1_708' title='bbox 2286 4376 2397 4447; x_wconf 84' lang='grc'>(69)</span> <span class='ocrx_word' id='word_1_709' title='bbox 2433 4376 2849 4447; x_wconf 78' lang='grc' dir='ltr'><em>πειραζόμενος</em></span> <span class='ocrx_word' id='word_1_710' title='bbox 2884 4380 3000 4434; x_wconf 82' lang='grc' dir='ltr'><strong><em>ὑπὸ</em></strong></span> <span class='ocrx_word' id='word_1_711' title='bbox 3025 4380 3134 4435; x_wconf 91' lang='grc' dir='ltr'><strong><em>τοῦ</em></strong></span> <span class='ocrx_word' id='word_1_712' title='bbox 3156 4380 3440 4435; x_wconf 82' lang='grc' dir='ltr'><em>διαϐόλου</em></span> <span class='ocrx_word' id='word_1_713' title='bbox 3462 4399 3479 4413; x_wconf 94' lang='grc'><strong><em>·</em></strong></span> <span class='ocrx_word' id='word_1_714' title='bbox 3514 4386 3613 4437; x_wconf 74' lang='grc' dir='ltr'><em>καὶ</em></span> 
     </span>
    </p>
   </div>
   <div class='ocr_carea' id='block_1_91' title="bbox 347 4467 3611 4543">
    <p class='ocr_par' dir='ltr' id='par_1_91' title="bbox 347 4467 3611 4543">
     <span class='ocr_line' id='line_1_91' title="bbox 347 4467 3611 4543; baseline 0.002 -22"><span class='ocrx_word' id='word_1_715' title='bbox 347 4468 753 4525; x_wconf 56' lang='grc' dir='ltr'><em>πάλινἋάὸἳτε</em></span> <span class='ocrx_word' id='word_1_716' title='bbox 766 4471 1008 4540; x_wconf 87' lang='grc' dir='ltr'><em>Πνεῦμα</em></span> <span class='ocrx_word' id='word_1_717' title='bbox 1021 4470 1208 4541; x_wconf 84' lang='grc' dir='ltr'><em>ἅγιον.</em></span> <span class='ocrx_word' id='word_1_718' title='bbox 1218 4473 1320 4525; x_wconf 67' lang='lat' dir='ltr'><strong><em>&quot;Ar</em></strong></span> <span class='ocrx_word' id='word_1_719' title='bbox 1333 4487 1510 4524; x_wconf 88' lang='grc' dir='ltr'><em>τινων</em></span> <span class='ocrx_word' id='word_1_720' title='bbox 1524 4468 1715 4539; x_wconf 68' lang='grc' dir='ltr'><em>ἀφῆτε</em></span> <span class='ocrx_word' id='word_1_721' title='bbox 1729 4469 1837 4536; x_wconf 82' lang='grc' dir='ltr'><em>τὰς</em></span> <span class='ocrx_word' id='word_1_722' title='bbox 1847 4468 2156 4538; x_wconf 81' lang='grc' dir='ltr'><em>ἁμαρτίας,</em></span> <span class='ocrx_word' id='word_1_723' title='bbox 2170 4467 2461 4537; x_wconf 63' lang='grc' dir='ltr'><em>ἀφέωνται</em></span> <span class='ocrx_word' id='word_1_724' title='bbox 2477 4467 2586 4539; x_wconf 82' lang='lat'><strong><em>(70)</em></strong></span> <span class='ocrx_word' id='word_1_725' title='bbox 2596 4486 2609 4499; x_wconf 95' lang='grc'><strong><em>·</em></strong></span> <span class='ocrx_word' id='word_1_726' title='bbox 2627 4469 2704 4523; x_wconf 83' lang='grc' dir='ltr'><em>ἄν</em></span> <span class='ocrx_word' id='word_1_727' title='bbox 2714 4488 2892 4525; x_wconf 83' lang='grc' dir='ltr'><em>τινων</em></span> <span class='ocrx_word' id='word_1_728' title='bbox 2902 4470 3176 4541; x_wconf 82' lang='grc' dir='ltr'><em>κρατῆτε,</em></span> <span class='ocrx_word' id='word_1_729' title='bbox 3192 4472 3611 4543; x_wconf 78' lang='grc' dir='ltr'><em>κεκράτηνται.</em></span> 
     </span>
    </p>
   </div>
   <div class='ocr_carea' id='block_1_92' title="bbox 348 4557 3615 4635">
    <p class='ocr_par' dir='ltr' id='par_1_92' title="bbox 348 4557 3615 4635">
     <span class='ocr_line' id='line_1_92' title="bbox 348 4557 3615 4635; baseline 0.002 -19"><span class='ocrx_word' id='word_1_730' title='bbox 348 4562 459 4616; x_wconf 88' lang='lat' dir='ltr'><strong><em>Kal</em></strong></span> <span class='ocrx_word' id='word_1_731' title='bbox 474 4562 654 4617; x_wconf 80' lang='grc' dir='ltr'><em>πάλιν·</em></span> <span class='ocrx_word' id='word_1_732' title='bbox 681 4562 799 4631; x_wconf 85' lang='grc' dir='ltr'><em>Τὴν</em></span> <span class='ocrx_word' id='word_1_733' title='bbox 817 4562 1106 4631; x_wconf 79' lang='grc' dir='ltr'><em>ἀλήθειαν</em></span> <span class='ocrx_word' id='word_1_734' title='bbox 1130 4562 1272 4633; x_wconf 87' lang='grc' dir='ltr'><em>ὑμῖν</em></span> <span class='ocrx_word' id='word_1_735' title='bbox 1291 4559 1466 4632; x_wconf 83' lang='grc' dir='ltr'><em>λέγω,</em></span> <span class='ocrx_word' id='word_1_736' title='bbox 1480 4560 1768 4631; x_wconf 70' lang='grc' dir='ltr'><em>συμφέρει</em></span> <span class='ocrx_word' id='word_1_737' title='bbox 1782 4560 1924 4630; x_wconf 85' lang='grc' dir='ltr'><em>ὑμῖν</em></span> <span class='ocrx_word' id='word_1_738' title='bbox 1943 4560 2045 4613; x_wconf 81' lang='grc' dir='ltr'><em>ἵνα</em></span> <span class='ocrx_word' id='word_1_739' title='bbox 2063 4557 2176 4627; x_wconf 71' lang='grc' dir='ltr'><strong><em>ἐγὼ</em></strong></span> <span class='ocrx_word' id='word_1_740' title='bbox 2202 4558 2458 4612; x_wconf 83' lang='grc' dir='ltr'><em>ἀπέλθω·</em></span> <span class='ocrx_word' id='word_1_741' title='bbox 2478 4558 2586 4611; x_wconf 82' lang='grc' dir='ltr'><strong><em>ἐὰν</em></strong></span> <span class='ocrx_word' id='word_1_742' title='bbox 2602 4558 2712 4628; x_wconf 77' lang='grc' dir='ltr'><em>γὰρ</em></span> <span class='ocrx_word' id='word_1_743' title='bbox 2726 4561 2840 4629; x_wconf 88' lang='grc' dir='ltr'><strong><em>ἐγὼ</em></strong></span> <span class='ocrx_word' id='word_1_744' title='bbox 2853 4560 2938 4630; x_wconf 77' lang='grc' dir='ltr'><em>μὴ</em></span> <span class='ocrx_word' id='word_1_745' title='bbox 2956 4562 3216 4629; x_wconf 82' lang='grc' dir='ltr'><em>ἀπέλθω,</em></span> <span class='ocrx_word' id='word_1_746' title='bbox 3241 4567 3275 4619; x_wconf 82' lang='grc' dir='ltr'><strong><em>ό</em></strong></span> <span class='ocrx_word' id='word_1_747' title='bbox 3295 4565 3615 4635; x_wconf 75' lang='grc' dir='ltr'><em>Παρὰ-κλη-</em></span> 
     </span>
    </p>
   </div>
   <div class='ocr_carea' id='block_1_93' title="bbox 347 4651 3245 4726">
    <p class='ocr_par' dir='ltr' id='par_1_93' title="bbox 347 4651 3245 4726">
     <span class='ocr_line' id='line_1_93' title="bbox 347 4651 3245 4726; baseline 0.001 -18"><span class='ocrx_word' id='word_1_748' title='bbox 347 4670 452 4722; x_wconf 82' lang='grc' dir='ltr'><strong><em>τος</em></strong></span> <span class='ocrx_word' id='word_1_749' title='bbox 477 4657 588 4709; x_wconf 85' lang='grc' dir='ltr'><em>οὐκ</em></span> <span class='ocrx_word' id='word_1_750' title='bbox 625 4656 936 4711; x_wconf 85' lang='grc' dir='ltr'><em>ἐλεύσεται</em></span> <span class='ocrx_word' id='word_1_751' title='bbox 962 4656 1112 4726; x_wconf 83' lang='grc' dir='ltr'><em>πρὸς</em></span> <span class='ocrx_word' id='word_1_752' title='bbox 1135 4653 1311 4726; x_wconf 84' lang='grc' dir='ltr'><em>ὑμᾶς,</em></span> <span class='ocrx_word' id='word_1_753' title='bbox 1341 4655 1407 4709; x_wconf 85' lang='grc' dir='ltr'><em>τὸ</em></span> <span class='ocrx_word' id='word_1_754' title='bbox 1437 4654 1683 4725; x_wconf 87' lang='grc' dir='ltr'><em>Πνεῦμα</em></span> <span class='ocrx_word' id='word_1_755' title='bbox 1712 4652 1823 4723; x_wconf 78' lang='grc' dir='ltr'><em>τῆς</em></span> <span class='ocrx_word' id='word_1_756' title='bbox 1846 4653 2152 4723; x_wconf 80' lang='grc' dir='ltr'><em>ἀληθείας,</em></span> <span class='ocrx_word' id='word_1_757' title='bbox 2187 4652 2219 4706; x_wconf 82' lang='grc' dir='ltr'>ὃ</span> <span class='ocrx_word' id='word_1_758' title='bbox 2250 4651 2409 4721; x_wconf 84' lang='grc' dir='ltr'><em>παρὰ</em></span> <span class='ocrx_word' id='word_1_759' title='bbox 2436 4651 2543 4705; x_wconf 88' lang='grc' dir='ltr'><strong><em>τοῦ</em></strong></span> <span class='ocrx_word' id='word_1_760' title='bbox 2582 4653 2813 4722; x_wconf 79' lang='grc' dir='ltr'><em>Πατρός</em></span> <span class='ocrx_word' id='word_1_761' title='bbox 2843 4656 3245 4724; x_wconf 77' lang='grc' dir='ltr'><em>ἐκπορεύεται.</em></span> 
     </span>
    </p>
   </div>
   <div class='ocr_carea' id='block_1_94' title="bbox 419 4783 1909 4860">
    <p class='ocr_par' dir='ltr' id='par_1_94' title="bbox 419 4789 1865 4859">
     <span class='ocr_line' id='line_1_94' title="bbox 419 4789 1865 4859; baseline -0.001 -12"><span class='ocrx_word' id='word_1_762' title='bbox 419 4796 463 4827; x_wconf 74' lang='grc'><strong><em>³⁸</em></strong></span> <span class='ocrx_word' id='word_1_763' title='bbox 500 4794 606 4852; x_wconf 88' lang='lat' dir='ltr'><strong><em>lsa.</em></strong></span> <span class='ocrx_word' id='word_1_764' title='bbox 633 4810 744 4857; x_wconf 70' lang='lat' dir='ltr'><strong><em>ut,</em></strong></span> <span class='ocrx_word' id='word_1_765' title='bbox 778 4795 828 4849; x_wconf 86' lang='lat' dir='ltr'><strong><em>l.</em></strong></span> <span class='ocrx_word' id='word_1_766' title='bbox 904 4795 950 4827; x_wconf 80' lang='grc'>⁸⁸</span> <span class='ocrx_word' id='word_1_767' title='bbox 985 4793 1120 4850; x_wconf 89' lang='lat' dir='ltr'><strong><em>an.</em></strong></span> <span class='ocrx_word' id='word_1_768' title='bbox 1149 4810 1189 4859; x_wconf 91' lang='grc' dir='ltr'><strong><em>ι,</em></strong></span> <span class='ocrx_word' id='word_1_769' title='bbox 1221 4792 1314 4859; x_wconf 77' lang='grc'><strong><em>28,</em></strong></span> <span class='ocrx_word' id='word_1_770' title='bbox 1346 4792 1438 4847; x_wconf 75' lang='lat'><strong><em>3!.</em></strong></span> <span class='ocrx_word' id='word_1_771' title='bbox 1529 4792 1575 4824; x_wconf 86' lang='grc'><strong><em>⁸³</em></strong></span> <span class='ocrx_word' id='word_1_772' title='bbox 1613 4791 1744 4846; x_wconf 90' lang='lat' dir='ltr'><strong><em>ibid.</em></strong></span> <span class='ocrx_word' id='word_1_773' title='bbox 1771 4789 1865 4855; x_wconf 69' lang='grc'><strong><em>54,</em></strong></span> 
     </span>
    </p>
   </div>
   <div class='ocr_carea' id='block_1_95' title="bbox 2012 4783 3606 4860">
    <p class='ocr_par' dir='ltr' id='par_1_95' title="bbox 2054 4783 3606 4860">
     <span class='ocr_line' id='line_1_95' title="bbox 2054 4783 3606 4860; baseline 0.01 -20"><span class='ocrx_word' id='word_1_774' title='bbox 2054 4790 2122 4860; x_wconf 8' lang='grc'><strong><em>7⁸⁸</em></strong></span> <span class='ocrx_word' id='word_1_775' title='bbox 2162 4788 2350 4844; x_wconf 81' lang='lat' dir='ltr'><strong><em>Matth.</em></strong></span> <span class='ocrx_word' id='word_1_776' title='bbox 2392 4805 2432 4853; x_wconf 88' lang='grc' dir='ltr'><strong><em>ι,</em></strong></span> <span class='ocrx_word' id='word_1_777' title='bbox 2473 4788 2564 4860; x_wconf 75' lang='lat'><strong><em>20.</em></strong></span> <span class='ocrx_word' id='word_1_778' title='bbox 2669 4793 2691 4822; x_wconf 82' lang='grc'><strong><em>³</em></strong></span> <span class='ocrx_word' id='word_1_779' title='bbox 2753 4792 2940 4849; x_wconf 80' lang='lat' dir='ltr'><strong><em>Mattn.</em></strong></span> <span class='ocrx_word' id='word_1_780' title='bbox 2983 4783 3349 4859; x_wconf 68' lang='grc' dir='ltr'><em>ιιι,17’;15ιι.</em></span> <span class='ocrx_word' id='word_1_781' title='bbox 3380 4791 3517 4860; x_wconf 73' lang='grc' dir='ltr'><em>ιῦι,</em></span> <span class='ocrx_word' id='word_1_782' title='bbox 3553 4798 3606 4856; x_wconf 72' lang='grc'><em>1.</em></span> 
     </span>
    </p>
   </div>
   <div class='ocr_carea' id='block_1_96' title="bbox 348 4859 1909 4931">
    <p class='ocr_par' dir='ltr' id='par_1_96' title="bbox 348 4862 1852 4931">
     <span class='ocr_line' id='line_1_96' title="bbox 348 4862 1852 4931; baseline -0.003 -12"><span class='ocrx_word' id='word_1_783' title='bbox 348 4865 399 4898; x_wconf 81' lang='grc'><strong><em>³⁸</em></strong></span> <span class='ocrx_word' id='word_1_784' title='bbox 435 4864 592 4921; x_wconf 82' lang='lat' dir='ltr'><strong><em>Joan.</em></strong></span> <span class='ocrx_word' id='word_1_785' title='bbox 625 4881 709 4926; x_wconf 87' lang='lat' dir='ltr'><strong><em>ut,</em></strong></span> <span class='ocrx_word' id='word_1_786' title='bbox 736 4865 788 4921; x_wconf 89' lang='lat'><strong><em>8.</em></strong></span> <span class='ocrx_word' id='word_1_787' title='bbox 865 4866 911 4898; x_wconf 83' lang='grc'><strong>⁵⁷</strong></span> <span class='ocrx_word' id='word_1_788' title='bbox 950 4865 1142 4920; x_wconf 86' lang='lat' dir='ltr'><strong><em>Matth.</em></strong></span> <span class='ocrx_word' id='word_1_789' title='bbox 1172 4879 1270 4927; x_wconf 72' lang='lat' dir='ltr'><strong><em>xu,</em></strong></span> <span class='ocrx_word' id='word_1_790' title='bbox 1344 4863 1435 4918; x_wconf 75' lang='lat'><strong><em>28.</em></strong></span> <span class='ocrx_word' id='word_1_791' title='bbox 1510 4862 1557 4895; x_wconf 82' lang='grc'><strong><em>⁸⁸</em></strong></span> <span class='ocrx_word' id='word_1_792' title='bbox 1595 4862 1731 4931; x_wconf 84' lang='lat' dir='ltr'><strong><em>ibid.</em></strong></span> <span class='ocrx_word' id='word_1_793' title='bbox 1761 4862 1852 4916; x_wconf 78' lang='grc'><strong><em>51.</em></strong></span> 
     </span>
    </p>
   </div>
   <div class='ocr_carea' id='block_1_97' title="bbox 2012 4859 3608 4931">
    <p class='ocr_par' dir='ltr' id='par_1_97' title="bbox 2012 4859 3608 4931">
     <span class='ocr_line' id='line_1_97' title="bbox 2012 4859 3608 4931; baseline 0.007 -15"><span class='ocrx_word' id='word_1_794' title='bbox 2012 4859 2322 4931; x_wconf 27' lang='lat' dir='ltr'><strong><em>Matthxi&quot;,</em></strong></span> <span class='ocrx_word' id='word_1_795' title='bbox 2361 4862 2447 4915; x_wconf 76' lang='grc'><strong><em>16.</em></strong></span> <span class='ocrx_word' id='word_1_796' title='bbox 2522 4859 2569 4893; x_wconf 77' lang='grc'><strong>⁸⁸</strong></span> <span class='ocrx_word' id='word_1_797' title='bbox 2602 4860 2789 4917; x_wconf 83' lang='lat' dir='ltr'><strong><em>Matth.</em></strong></span> <span class='ocrx_word' id='word_1_798' title='bbox 2828 4880 2903 4930; x_wconf 83' lang='lat' dir='ltr'><strong><em>tv,</em></strong></span> <span class='ocrx_word' id='word_1_799' title='bbox 2932 4865 3021 4919; x_wconf 82' lang='lat' dir='ltr'><strong><em>ll.</em></strong></span> <span class='ocrx_word' id='word_1_800' title='bbox 3097 4866 3141 4897; x_wconf 81' lang='lat'>“</span> <span class='ocrx_word' id='word_1_801' title='bbox 3178 4864 3335 4925; x_wconf 81' lang='lat' dir='ltr'><strong><em>Joan.</em></strong></span> <span class='ocrx_word' id='word_1_802' title='bbox 3365 4859 3608 4931; x_wconf 44' lang='lat' dir='ltr'><strong><em>x1310.</em></strong></span> 
     </span>
    </p>
   </div>
   <div class='ocr_carea' id='block_1_98' title="bbox 353 4930 2098 5003">
    <p class='ocr_par' dir='ltr' id='par_1_98' title="bbox 353 4930 2098 5003">
     <span class='ocr_line' id='line_1_98' title="bbox 353 4930 2098 5003; baseline -0.001 -14"><span class='ocrx_word' id='word_1_803' title='bbox 353 4935 400 4966; x_wconf 82' lang='lat'>“</span> <span class='ocrx_word' id='word_1_804' title='bbox 430 4934 563 4989; x_wconf 84' lang='lat' dir='ltr'><strong><em>Luc.</em></strong></span> <span class='ocrx_word' id='word_1_805' title='bbox 596 4951 671 5002; x_wconf 85' lang='lat' dir='ltr'><strong><em>IV,</em></strong></span> <span class='ocrx_word' id='word_1_806' title='bbox 703 4935 847 5000; x_wconf 70' lang='grc'><em>1,,2.</em></span> <span class='ocrx_word' id='word_1_807' title='bbox 922 4936 966 4967; x_wconf 83' lang='grc'>⁸⁸</span> <span class='ocrx_word' id='word_1_808' title='bbox 992 4936 1150 4991; x_wconf 80' lang='lat' dir='ltr'><strong><em>Joan.</em></strong></span> <span class='ocrx_word' id='word_1_809' title='bbox 1227 4950 1319 5003; x_wconf 79' lang='lat' dir='ltr'><strong><em>xx,</em></strong></span> <span class='ocrx_word' id='word_1_810' title='bbox 1350 4933 1440 5002; x_wconf 68' lang='lat'><strong><em>22,</em></strong></span> <span class='ocrx_word' id='word_1_811' title='bbox 1465 4931 1556 4989; x_wconf 74' lang='lat'><strong><em>25.</em></strong></span> <span class='ocrx_word' id='word_1_812' title='bbox 1633 4932 1678 4963; x_wconf 79' lang='lat'><strong>“</strong></span> <span class='ocrx_word' id='word_1_813' title='bbox 1706 4930 1863 4989; x_wconf 81' lang='lat' dir='ltr'><strong><em>Joan.</em></strong></span> <span class='ocrx_word' id='word_1_814' title='bbox 1898 4947 2014 4998; x_wconf 75' lang='grc' dir='ltr'><em>ινι,</em></span> <span class='ocrx_word' id='word_1_815' title='bbox 2045 4932 2098 4988; x_wconf 88' lang='lat'><strong><em>7.</em></strong></span> 
     </span>
    </p>
   </div>
   <div class='ocr_carea' id='block_1_99' title="bbox 422 5047 1909 5143">
    <p class='ocr_par' dir='ltr' id='par_1_99' title="bbox 422 5047 1909 5143">
     <span class='ocr_line' id='line_1_99' title="bbox 422 5047 1909 5143; baseline -0.001 -24"><span class='ocrx_word' id='word_1_816' title='bbox 422 5065 535 5143; x_wconf 69' lang='lat' dir='ltr'><strong><em>(eo)</em></strong></span> <span class='ocrx_word' id='word_1_817' title='bbox 562 5064 704 5143; x_wconf 65' lang='lat' dir='ltr'><strong><em>nam</em></strong></span> <span class='ocrx_word' id='word_1_818' title='bbox 736 5066 842 5143; x_wconf 72' lang='grc' dir='ltr'><em>τῆς</em></span> <span class='ocrx_word' id='word_1_819' title='bbox 884 5067 1197 5143; x_wconf 54' lang='lat' dir='ltr'><strong><em>putatae...</em></strong></span> <span class='ocrx_word' id='word_1_820' title='bbox 1249 5066 1344 5120; x_wconf 75' lang='grc' dir='ltr'><em>καὶ</em></span> <span class='ocrx_word' id='word_1_821' title='bbox 1373 5064 1505 5143; x_wconf 69' lang='grc' dir='ltr'><strong><em>Υἱοῦ</em></strong></span> <span class='ocrx_word' id='word_1_822' title='bbox 1544 5047 1635 5117; x_wconf 58' lang='grc' dir='ltr'><em>και</em></span> <span class='ocrx_word' id='word_1_823' title='bbox 1682 5063 1909 5143; x_wconf 59' lang='grc' dir='ltr'><em>Πατρός.</em></span> 
     </span>
    </p>
   </div>
   <div class='ocr_carea' id='block_1_100' title="bbox 2012 5047 3601 5143">
    <p class='ocr_par' dir='ltr' id='par_1_100' title="bbox 2024 5065 3601 5143">
     <span class='ocr_line' id='line_1_100' title="bbox 2024 5065 3601 5143; baseline 0.011 -26"><span class='ocrx_word' id='word_1_824' title='bbox 2024 5065 2352 5143; x_wconf 59' lang='lat' dir='ltr'><strong><em>blasphemia</em></strong></span> <span class='ocrx_word' id='word_1_825' title='bbox 2397 5065 2485 5143; x_wconf 81' lang='lat' dir='ltr'><strong><em>in_</em></strong></span> <span class='ocrx_word' id='word_1_826' title='bbox 2516 5065 2795 5143; x_wconf 59' lang='lat' dir='ltr'><strong><em>Spiritum,</em></strong></span> <span class='ocrx_word' id='word_1_827' title='bbox 2851 5071 3140 5143; x_wconf 78' lang='lat' dir='ltr'><strong><em>convictum</em></strong></span> <span class='ocrx_word' id='word_1_828' title='bbox 3195 5074 3255 5128; x_wconf 86' lang='lat' dir='ltr'><strong><em>in</em></strong></span> <span class='ocrx_word' id='word_1_829' title='bbox 3313 5074 3601 5142; x_wconf 77' lang='lat' dir='ltr'><strong><em>Spiritum.</em></strong></span> 
     </span>
    </p>
   </div>
   <div class='ocr_carea' id='block_1_101' title="bbox 351 5136 3607 5221">
    <p class='ocr_par' dir='ltr' id='par_1_101' title="bbox 351 5136 3607 5221">
     <span class='ocr_line' id='line_1_101' title="bbox 351 5136 3607 5221; baseline 0.002 -30"><span class='ocrx_word' id='word_1_830' title='bbox 351 5136 576 5206; x_wconf 76' lang='grc' dir='ltr'><em>Διιιίᾴυί</em></span> <span class='ocrx_word' id='word_1_831' title='bbox 626 5146 742 5221; x_wconf 74' lang='lat' dir='ltr'><strong><em>tres</em></strong></span> <span class='ocrx_word' id='word_1_832' title='bbox 791 5136 913 5221; x_wconf 67' lang='lat' dir='ltr'><strong><em>libri</em></strong></span> <span class='ocrx_word' id='word_1_833' title='bbox 940 5139 1249 5221; x_wconf 37' lang='lat' dir='ltr'><strong><em>.tit_&#39;legere</em></strong></span> <span class='ocrx_word' id='word_1_834' title='bbox 1268 5137 1432 5221; x_wconf 52' lang='lat' dir='ltr'><strong><em>estin</em></strong></span> <span class='ocrx_word' id='word_1_835' title='bbox 1462 5136 1918 5221; x_wconf 32' lang='lat' dir='ltr'><strong><em>cor-ttex‘t&#39;uxlllud,</em></strong></span> <span class='ocrx_word' id='word_1_836' title='bbox 2079 5137 2210 5221; x_wconf 57' lang='lat'><strong><em>_(682</em></strong></span> <span class='ocrx_word' id='word_1_837' title='bbox 2242 5136 2597 5221; x_wconf 58' lang='lat' dir='ltr'><strong><em>Codexpolb.</em></strong></span> <span class='ocrx_word' id='word_1_838' title='bbox 2628 5149 2692 5221; x_wconf 79' lang='lat' dir='ltr'><strong><em>et_</em></strong></span> <span class='ocrx_word' id='word_1_839' title='bbox 2714 5139 2849 5220; x_wconf 66' lang='lat' dir='ltr'><strong><em>Reg.</em></strong></span> <span class='ocrx_word' id='word_1_840' title='bbox 2886 5138 3077 5199; x_wconf 85' lang='lat' dir='ltr'><strong><em>tertius</em></strong></span> <span class='ocrx_word' id='word_1_841' title='bbox 3102 5136 3417 5218; x_wconf 72' lang='grc' dir='ltr'><em>ἐλευθερίαν</em></span> <span class='ocrx_word' id='word_1_842' title='bbox 3472 5150 3607 5221; x_wconf 63' lang='grc' dir='ltr'><em>νοής</em></span> 
     </span>
    </p>
   </div>
   <div class='ocr_carea' id='block_1_102' title="bbox 352 5204 1909 5281">
    <p class='ocr_par' dir='ltr' id='par_1_102' title="bbox 352 5204 1909 5281">
     <span class='ocr_line' id='line_1_102' title="bbox 352 5204 1909 5281; baseline -0.004 -19"><span class='ocrx_word' id='word_1_843' title='bbox 352 5204 790 5281; x_wconf 76' lang='grc' dir='ltr'><em>κεχαριτωμένη,</em></span> <span class='ocrx_word' id='word_1_844' title='bbox 822 5209 896 5281; x_wconf 80' lang='lat' dir='ltr'><strong><em>ita</em></strong></span> <span class='ocrx_word' id='word_1_845' title='bbox 939 5204 1144 5281; x_wconf 57' lang='lat' dir='ltr'><strong><em>Latine&#39;</em></strong></span> <span class='ocrx_word' id='word_1_846' title='bbox 1161 5206 1391 5281; x_wconf 82' lang='lat' dir='ltr'><strong><em>reddidit</em></strong></span> <span class='ocrx_word' id='word_1_847' title='bbox 1433 5217 1625 5260; x_wconf 88' lang='lat' dir='ltr'><strong><em>auctor</em></strong></span> <span class='ocrx_word' id='word_1_848' title='bbox 1656 5204 1909 5281; x_wconf 48' lang='lat' dir='ltr'><strong><em>Vulgata,</em></strong></span> 
     </span>
    </p>
   </div>
   <div class='ocr_carea' id='block_1_103' title="bbox 2012 5204 2822 5281">
    <p class='ocr_par' dir='ltr' id='par_1_103' title="bbox 2031 5204 2822 5281">
     <span class='ocr_line' id='line_1_103' title="bbox 2031 5204 2822 5281; baseline 0.006 -4"><span class='ocrx_word' id='word_1_849' title='bbox 2031 5204 2214 5281; x_wconf 56' lang='grc' dir='ltr'><strong><em>σηέεὸ</em></strong></span> <span class='ocrx_word' id='word_1_850' title='bbox 2246 5206 2349 5281; x_wconf 68' lang='grc' dir='ltr'><strong><em>Ξῆς</em></strong></span> <span class='ocrx_word' id='word_1_851' title='bbox 2383 5204 2822 5281; x_wconf 68' lang='grc' dir='ltr'><strong><em>φύσεωςαὺτοῢῖ</em></strong></span> 
     </span>
    </p>
   </div>
   <div class='ocr_carea' id='block_1_104' title="bbox 353 5274 3610 5413">
    <p class='ocr_par' dir='ltr' id='par_1_104' title="bbox 353 5274 3610 5413">
     <span class='ocr_line' id='line_1_104' title="bbox 353 5274 3610 5362; baseline 0.005 -33"><span class='ocrx_word' id='word_1_852' title='bbox 353 5274 711 5360; x_wconf 63' lang='grc' dir='ltr'><em>ρνᾶιὶαριέηα</em></span> <span class='ocrx_word' id='word_1_853' title='bbox 737 5274 900 5362; x_wconf 44' lang='grc' dir='ltr'><em>εξειίἰ,</em></span> <span class='ocrx_word' id='word_1_854' title='bbox 940 5278 1174 5347; x_wconf 88' lang='lat' dir='ltr'><strong><em>gratiosa</em></strong></span> <span class='ocrx_word' id='word_1_855' title='bbox 1199 5295 1219 5358; x_wconf 61' lang='grc' dir='ltr'><strong>ς</strong></span> <span class='ocrx_word' id='word_1_856' title='bbox 1247 5277 1507 5356; x_wconf 55' lang='grc' dir='ltr'><em>είίἰμιιιᾳί</em></span> <span class='ocrx_word' id='word_1_857' title='bbox 1530 5274 1924 5356; x_wconf 33' lang='grc' dir='ltr'><em>ρταιὶαβάόηαια</em></span> <span class='ocrx_word' id='word_1_858' title='bbox 2070 5274 2217 5347; x_wconf 72' lang='grc'>’(69)</span> <span class='ocrx_word' id='word_1_859' title='bbox 2244 5274 2507 5339; x_wconf 75' lang='lat' dir='ltr'><strong><em>Punctum</em></strong></span> <span class='ocrx_word' id='word_1_860' title='bbox 2542 5280 2810 5344; x_wconf 86' lang='lat' dir='ltr'><strong><em>reperitur</em></strong></span> <span class='ocrx_word' id='word_1_861' title='bbox 2851 5280 2903 5335; x_wconf 88' lang='lat' dir='ltr'><strong><em>in</em></strong></span> <span class='ocrx_word' id='word_1_862' title='bbox 2944 5282 3150 5353; x_wconf 90' lang='lat' dir='ltr'><strong><em>aliquot</em></strong></span> <span class='ocrx_word' id='word_1_863' title='bbox 3182 5286 3462 5342; x_wconf 86' lang='lat' dir='ltr'><strong><em>codicibus</em></strong></span> <span class='ocrx_word' id='word_1_864' title='bbox 3481 5301 3610 5357; x_wconf 84' lang='lat' dir='ltr'><strong><em>post</em></strong></span> 
     </span>
     <span class='ocr_line' id='line_1_105' title="bbox 354 5346 3607 5413; baseline 0.004 -12"><span class='ocrx_word' id='word_1_865' title='bbox 354 5349 587 5409; x_wconf 85' lang='lat' dir='ltr'><strong><em>es:aln.</em></strong></span> <span class='ocrx_word' id='word_1_866' title='bbox 632 5360 799 5413; x_wconf 78' lang='lat' dir='ltr'><strong><em>gratis</em></strong></span> <span class='ocrx_word' id='word_1_867' title='bbox 839 5348 1054 5403; x_wconf 80' lang='lat' dir='ltr'><strong><em>dilecta.</em></strong></span> <span class='ocrx_word' id='word_1_868' title='bbox 1091 5347 1329 5402; x_wconf 81' lang='lat' dir='ltr'><strong><em>Subinde</em></strong></span> <span class='ocrx_word' id='word_1_869' title='bbox 1379 5347 1510 5401; x_wconf 83' lang='lat' dir='ltr'><strong><em>edlll</em></strong></span> <span class='ocrx_word' id='word_1_870' title='bbox 1540 5346 1636 5399; x_wconf 74' lang='grc' dir='ltr'><em>καὶ</em></span> <span class='ocrx_word' id='word_1_871' title='bbox 1670 5360 1774 5413; x_wconf 85' lang='grc' dir='ltr'><strong><em>της</em></strong></span> <span class='ocrx_word' id='word_1_872' title='bbox 1802 5346 1925 5399; x_wconf 88' lang='grc' dir='ltr'><strong><em>Μα-</em></strong></span> <span class='ocrx_word' id='word_1_873' title='bbox 2030 5360 2217 5400; x_wconf 79' lang='lat' dir='ltr'><strong><em>vocem</em></strong></span> <span class='ocrx_word' id='word_1_874' title='bbox 2281 5348 2714 5413; x_wconf 82' lang='grc' dir='ltr'><em>τεσσαράκοντα,</em></span> <span class='ocrx_word' id='word_1_875' title='bbox 2774 5361 2833 5405; x_wconf 85' lang='grc' dir='ltr'><strong><em>ιιι</em></strong></span> <span class='ocrx_word' id='word_1_876' title='bbox 2890 5367 3255 5413; x_wconf 86' lang='lat' dir='ltr'><strong><em>moneremur.</em></strong></span> <span class='ocrx_word' id='word_1_877' title='bbox 3314 5356 3607 5413; x_wconf 83' lang='lat' dir='ltr'><strong><em>Dominum</em></strong></span> 
     </span>
    </p>
   </div>
   <div class='ocr_carea' id='block_1_105' title="bbox 354 5364 3608 5500">
    <p class='ocr_par' dir='ltr' id='par_1_105' title="bbox 354 5364 3608 5500">
     <span class='ocr_line' id='line_1_106' title="bbox 354 5364 3607 5421; baseline 0.004 -20"><span class='ocrx_word' id='word_1_878' title='bbox 354 5364 587 5409; x_wconf 85' lang='lat' dir='ltr'><strong><em>es:an1.</em></strong></span> <span class='ocrx_word' id='word_1_879' title='bbox 632 5364 799 5418; x_wconf 85' lang='lat' dir='ltr'><strong><em>gram</em></strong></span> <span class='ocrx_word' id='word_1_880' title='bbox 839 5364 1054 5403; x_wconf 84' lang='lat' dir='ltr'><strong><em>auecta.</em></strong></span> <span class='ocrx_word' id='word_1_881' title='bbox 1091 5364 1329 5402; x_wconf 74' lang='lat' dir='ltr'><strong><em>Suntnae</em></strong></span> <span class='ocrx_word' id='word_1_882' title='bbox 1379 5364 1510 5401; x_wconf 84' lang='lat' dir='ltr'><strong><em>eum</em></strong></span> <span class='ocrx_word' id='word_1_883' title='bbox 1540 5364 1636 5399; x_wconf 82' lang='grc' dir='ltr'><strong><em>και</em></strong></span> <span class='ocrx_word' id='word_1_884' title='bbox 1670 5364 1774 5413; x_wconf 84' lang='grc' dir='ltr'><strong><em>της</em></strong></span> <span class='ocrx_word' id='word_1_885' title='bbox 1803 5364 1925 5399; x_wconf 81' lang='grc' dir='ltr'><strong><em>Μα-</em></strong></span> <span class='ocrx_word' id='word_1_886' title='bbox 2030 5364 2217 5400; x_wconf 81' lang='lat' dir='ltr'><strong><em>vocem</em></strong></span> <span class='ocrx_word' id='word_1_887' title='bbox 2281 5364 2714 5419; x_wconf 83' lang='grc' dir='ltr'><em>τεσσαρακοντα,</em></span> <span class='ocrx_word' id='word_1_888' title='bbox 2774 5364 2833 5405; x_wconf 89' lang='grc' dir='ltr'><strong><em>ιιι</em></strong></span> <span class='ocrx_word' id='word_1_889' title='bbox 2890 5367 3255 5421; x_wconf 87' lang='lat' dir='ltr'><strong><em>moneremur,</em></strong></span> <span class='ocrx_word' id='word_1_890' title='bbox 3314 5364 3607 5414; x_wconf 82' lang='lat' dir='ltr'><strong><em>Dominum</em></strong></span> 
     </span>
     <span class='ocr_line' id='line_1_107' title="bbox 357 5414 3608 5500; baseline 0.004 -28"><span class='ocrx_word' id='word_1_891' title='bbox 357 5416 501 5500; x_wconf 72' lang='grc' dir='ltr'><em>ρίας.</em></span> <span class='ocrx_word' id='word_1_892' title='bbox 528 5415 728 5500; x_wconf 72' lang='lat' dir='ltr'><strong><em>Vocula</em></strong></span> <span class='ocrx_word' id='word_1_893' title='bbox 754 5419 849 5500; x_wconf 74' lang='grc' dir='ltr'><strong><em>καί</em></strong></span> <span class='ocrx_word' id='word_1_894' title='bbox 903 5419 1055 5474; x_wconf 86' lang='lat' dir='ltr'><strong><em>deest</em></strong></span> <span class='ocrx_word' id='word_1_895' title='bbox 1083 5417 1147 5500; x_wconf 82' lang='lat' dir='ltr'><strong><em>_in</em></strong></span> <span class='ocrx_word' id='word_1_896' title='bbox 1179 5416 1393 5500; x_wconf 57' lang='lat' dir='ltr'><strong><em>nostris</em></strong></span> <span class='ocrx_word' id='word_1_897' title='bbox 1437 5416 1744 5500; x_wconf 45' lang='lat' dir='ltr'><strong><em>codicibus.</em></strong></span> <span class='ocrx_word' id='word_1_898' title='bbox 1771 5414 1928 5481; x_wconf 84' lang='lat' dir='ltr'><strong><em>Quod</em></strong></span> <span class='ocrx_word' id='word_1_899' title='bbox 2031 5417 2512 5500; x_wconf 41' lang='lat' dir='ltr'><strong><em>perﬂant-tragulis</em></strong></span> <span class='ocrx_word' id='word_1_900' title='bbox 2532 5422 2647 5500; x_wconf 63' lang='lat' dir='ltr'><strong><em>dies</em></strong></span> <span class='ocrx_word' id='word_1_901' title='bbox 2673 5436 2779 5500; x_wconf 77' lang='lat' dir='ltr'><strong><em>non</em></strong></span> <span class='ocrx_word' id='word_1_902' title='bbox 2811 5421 2975 5477; x_wconf 77' lang='lat' dir='ltr'><strong><em>fuisse</em></strong></span> <span class='ocrx_word' id='word_1_903' title='bbox 3009 5433 3275 5480; x_wconf 88' lang='lat' dir='ltr'><strong><em>tentatum</em></strong></span> <span class='ocrx_word' id='word_1_904' title='bbox 3305 5445 3320 5480; x_wconf 88' lang='lat'><strong>:</strong></span> <span class='ocrx_word' id='word_1_905' title='bbox 3352 5429 3445 5481; x_wconf 80' lang='lat' dir='ltr'><strong><em>sed</em></strong></span> <span class='ocrx_word' id='word_1_906' title='bbox 3473 5442 3608 5484; x_wconf 83' lang='lat' dir='ltr'><strong><em>eum</em></strong></span> 
     </span>
    </p>
   </div>
   <div class='ocr_carea' id='block_1_106' title="bbox 358 5484 3609 5567">
    <p class='ocr_par' dir='ltr' id='par_1_106' title="bbox 358 5484 3609 5567">
     <span class='ocr_line' id='line_1_108' title="bbox 358 5484 3609 5567; baseline 0.005 -28"><span class='ocrx_word' id='word_1_907' title='bbox 358 5484 541 5566; x_wconf 63' lang='lat' dir='ltr'><strong><em>autem</em></strong></span> <span class='ocrx_word' id='word_1_908' title='bbox 568 5489 648 5567; x_wconf 61' lang='lat' dir='ltr'><strong><em>ait</em></strong></span> <span class='ocrx_word' id='word_1_909' title='bbox 693 5489 1148 5567; x_wconf 75' lang='lat' dir='ltr'><strong><em>_scriptor,_verba</em></strong></span> <span class='ocrx_word' id='word_1_910' title='bbox 1178 5487 1303 5567; x_wconf 63' lang='lat' dir='ltr'><strong><em>illa,</em></strong></span> <span class='ocrx_word' id='word_1_911' title='bbox 1334 5484 1508 5567; x_wconf 43' lang='lat' dir='ltr'><strong><em>Eata</em></strong></span> <span class='ocrx_word' id='word_1_912' title='bbox 1554 5484 1932 5567; x_wconf 39' lang='lat' dir='ltr'><strong><em>&#39;ti‘hl‘ti‘mottat</em></strong></span> <span class='ocrx_word' id='word_1_913' title='bbox 2025 5484 2390 5567; x_wconf 66' lang='lat' dir='ltr'><strong><em>quadraginta</em></strong></span> <span class='ocrx_word' id='word_1_914' title='bbox 2410 5488 2546 5567; x_wconf 81' lang='lat' dir='ltr'><strong><em>_dies</em></strong></span> <span class='ocrx_word' id='word_1_915' title='bbox 2581 5490 2633 5542; x_wconf 88' lang='lat' dir='ltr'><strong><em>in</em></strong></span> <span class='ocrx_word' id='word_1_916' title='bbox 2662 5491 2878 5567; x_wconf 70' lang='lat' dir='ltr'><strong><em>deserto</em></strong></span> <span class='ocrx_word' id='word_1_917' title='bbox 2902 5504 3320 5563; x_wconf 86' lang='lat' dir='ltr'><strong><em>commoratum,</em></strong></span> <span class='ocrx_word' id='word_1_918' title='bbox 3352 5506 3469 5552; x_wconf 83' lang='lat' dir='ltr'><strong><em>tum</em></strong></span> <span class='ocrx_word' id='word_1_919' title='bbox 3502 5500 3609 5555; x_wconf 82' lang='lat' dir='ltr'><strong><em>de-</em></strong></span> 
     </span>
    </p>
   </div>
   <div class='ocr_carea' id='block_1_107' title="bbox 355 5555 2972 5625">
    <p class='ocr_par' dir='ltr' id='par_1_107' title="bbox 355 5555 2972 5625">
     <span class='ocr_line' id='line_1_109' title="bbox 355 5555 2972 5625; baseline 0.003 -15"><span class='ocrx_word' id='word_1_920' title='bbox 355 5555 547 5622; x_wconf 62' lang='lat' dir='ltr'><strong><em>soi&#39;rro;</em></strong></span> <span class='ocrx_word' id='word_1_921' title='bbox 574 5555 757 5613; x_wconf 67' lang='lat' dir='ltr'><strong><em>Mariae</em></strong></span> <span class='ocrx_word' id='word_1_922' title='bbox 788 5555 930 5625; x_wconf 77' lang='lat' dir='ltr'><strong><em>esse,</em></strong></span> <span class='ocrx_word' id='word_1_923' title='bbox 961 5559 1015 5614; x_wconf 91' lang='lat' dir='ltr'><strong><em>in</em></strong></span> <span class='ocrx_word' id='word_1_924' title='bbox 1041 5572 1108 5613; x_wconf 90' lang='lat' dir='ltr'><strong><em>eo</em></strong></span> <span class='ocrx_word' id='word_1_925' title='bbox 1131 5571 1252 5612; x_wconf 83' lang='lat' dir='ltr'><strong><em>eum</em></strong></span> <span class='ocrx_word' id='word_1_926' title='bbox 1274 5555 1389 5611; x_wconf 77' lang='lat' dir='ltr'><strong><em>falli</em></strong></span> <span class='ocrx_word' id='word_1_927' title='bbox 1422 5565 1658 5610; x_wconf 89' lang='lat' dir='ltr'><strong><em>constat.</em></strong></span> <span class='ocrx_word' id='word_1_928' title='bbox 1691 5555 1930 5618; x_wconf 87' lang='lat' dir='ltr'><strong><em>Etenim,</em></strong></span> <span class='ocrx_word' id='word_1_929' title='bbox 2025 5571 2173 5611; x_wconf 87' lang='lat' dir='ltr'><strong><em>mum</em></strong></span> <span class='ocrx_word' id='word_1_930' title='bbox 2196 5571 2226 5608; x_wconf 87' lang='lat' dir='ltr'><strong><em>a</em></strong></span> <span class='ocrx_word' id='word_1_931' title='bbox 2246 5556 2459 5611; x_wconf 83' lang='lat' dir='ltr'><strong><em>diabolo</em></strong></span> <span class='ocrx_word' id='word_1_932' title='bbox 2489 5568 2751 5615; x_wconf 86' lang='lat' dir='ltr'><strong><em>tentatum</em></strong></span> <span class='ocrx_word' id='word_1_933' title='bbox 2785 5561 2972 5618; x_wconf 80' lang='lat' dir='ltr'><strong><em>fuisse.</em></strong></span> 
     </span>
    </p>
   </div>
   <div class='ocr_carea' id='block_1_108' title="bbox 358 5625 1909 5698">
    <p class='ocr_par' dir='ltr' id='par_1_108' title="bbox 358 5627 1907 5698">
     <span class='ocr_line' id='line_1_110' title="bbox 358 5627 1907 5698; baseline 0.001 -20"><span class='ocrx_word' id='word_1_934' title='bbox 358 5636 623 5698; x_wconf 49' lang='lat' dir='ltr'><strong><em>quaerat</em></strong></span> <span class='ocrx_word' id='word_1_935' title='bbox 652 5630 933 5698; x_wconf 81' lang='lat' dir='ltr'><strong><em>scriptoris</em></strong></span> <span class='ocrx_word' id='word_1_936' title='bbox 983 5627 1468 5698; x_wconf 65' lang='lat' dir='ltr'><strong><em>diligentia,\terba</em></strong></span> <span class='ocrx_word' id='word_1_937' title='bbox 1502 5627 1618 5682; x_wconf 66' lang='lat' dir='ltr'><strong><em>hac</em></strong></span> <span class='ocrx_word' id='word_1_938' title='bbox 1664 5641 1772 5681; x_wconf 91' lang='lat' dir='ltr'><strong><em>non</em></strong></span> <span class='ocrx_word' id='word_1_939' title='bbox 1805 5641 1907 5682; x_wconf 89' lang='lat' dir='ltr'><strong><em>sun</em></strong></span> 
     </span>
    </p>
   </div>
   <div class='ocr_carea' id='block_1_109' title="bbox 2012 5625 3616 5698">
    <p class='ocr_par' dir='ltr' id='par_1_109' title="bbox 2031 5625 3616 5698">
     <span class='ocr_line' id='line_1_111' title="bbox 2031 5625 3616 5698; baseline 0.01 -19"><span class='ocrx_word' id='word_1_940' title='bbox 2031 5694 2062 5698; x_wconf 87' lang='lat'><strong><em>_</em></strong></span> <span class='ocrx_word' id='word_1_941' title='bbox 2100 5625 2212 5697; x_wconf 89' lang='lat'><strong><em>(70)</em></strong></span> <span class='ocrx_word' id='word_1_942' title='bbox 2244 5625 2385 5698; x_wconf 86' lang='lat' dir='ltr'><strong><em>Editi</em></strong></span> <span class='ocrx_word' id='word_1_943' title='bbox 2432 5628 2726 5695; x_wconf 81' lang='grc' dir='ltr'><em>ἀφέωνται.</em></span> <span class='ocrx_word' id='word_1_944' title='bbox 2751 5630 2857 5685; x_wconf 80' lang='lat' dir='ltr'><strong><em>Kal</em></strong></span> <span class='ocrx_word' id='word_1_945' title='bbox 2886 5633 3071 5689; x_wconf 84' lang='grc' dir='ltr'><em>πάλιν.</em></span> <span class='ocrx_word' id='word_1_946' title='bbox 3113 5635 3294 5691; x_wconf 78' lang='lat' dir='ltr'><strong><em>Codex</em></strong></span> <span class='ocrx_word' id='word_1_947' title='bbox 3334 5636 3497 5694; x_wconf 87' lang='lat' dir='ltr'><strong><em>Colb.</em></strong></span> <span class='ocrx_word' id='word_1_948' title='bbox 3556 5651 3616 5695; x_wconf 83' lang='lat' dir='ltr'><strong><em>et</em></strong></span> 
     </span>
    </p>
   </div>
   <div class='ocr_carea' id='block_1_110' title="bbox 360 5694 1909 5783">
    <p class='ocr_par' dir='ltr' id='par_1_110' title="bbox 360 5694 1873 5783">
     <span class='ocr_line' id='line_1_112' title="bbox 360 5694 1873 5783; baseline 0 0"><span class='ocrx_word' id='word_1_949' title='bbox 360 5694 1181 5783; x_wconf 51' lang='grc' dir='ltr'><strong><em>ιιεὲενὲεμέειιξγίεξνξτῖιίξ-</em></strong></span> <span class='ocrx_word' id='word_1_950' title='bbox 1215 5694 1377 5783; x_wconf 59' lang='lat'><strong><em>&quot;.48.;</em></strong></span> <span class='ocrx_word' id='word_1_951' title='bbox 1443 5763 1472 5776; x_wconf 88' lang='lat'><strong><em>..</em></strong></span> <span class='ocrx_word' id='word_1_952' title='bbox 1595 5765 1645 5783; x_wconf 61' lang='grc' dir='ltr'><em>η.</em></span> <span class='ocrx_word' id='word_1_953' title='bbox 1858 5765 1873 5783; x_wconf 83' lang='grc'><strong><em>,</em></strong></span> 
     </span>
    </p>
   </div>
   <div class='ocr_carea' id='block_1_111' title="bbox 2012 5694 3612 5783">
    <p class='ocr_par' dir='ltr' id='par_1_111' title="bbox 2029 5694 3612 5783">
     <span class='ocr_line' id='line_1_113' title="bbox 2029 5694 3612 5783; baseline 0.008 -32"><span class='ocrx_word' id='word_1_954' title='bbox 2029 5694 2413 5783; x_wconf 51' lang='grc' dir='ltr'><em>Βςςζιιμίιξξιιε</em></span> <span class='ocrx_word' id='word_1_955' title='bbox 2440 5694 2499 5752; x_wconf 81' lang='lat' dir='ltr'><strong><em>ut</em></strong></span> <span class='ocrx_word' id='word_1_956' title='bbox 2526 5700 2580 5753; x_wconf 88' lang='lat' dir='ltr'><strong><em>in</em></strong></span> <span class='ocrx_word' id='word_1_957' title='bbox 2609 5712 2889 5783; x_wconf 47' lang='lat' dir='ltr'><strong><em>contentu.</em></strong></span> <span class='ocrx_word' id='word_1_958' title='bbox 2916 5706 3121 5783; x_wconf 70' lang='lat' dir='ltr'><strong><em>Statim</em></strong></span> <span class='ocrx_word' id='word_1_959' title='bbox 3149 5707 3281 5783; x_wconf 77' lang='lat' dir='ltr'><strong><em>editi</em></strong></span> <span class='ocrx_word' id='word_1_960' title='bbox 3323 5706 3455 5761; x_wconf 73' lang='grc' dir='ltr'><strong><em>Ἐὰν</em></strong></span> <span class='ocrx_word' id='word_1_961' title='bbox 3494 5694 3612 5783; x_wconf 81' lang='grc' dir='ltr'><em>γὰρ</em></span> 
     </span>
    </p>
   </div>
   <div class='ocr_carea' id='block_1_112' title="bbox 441 5763 1909 5846">
    <p class='ocr_par' dir='ltr' id='par_1_112' title="bbox 441 5763 1909 5841">
     <span class='ocr_line' id='line_1_114' title="bbox 441 5763 1909 5841; baseline 0.005 -22"><span class='ocrx_word' id='word_1_962' title='bbox 441 5763 553 5836; x_wconf 76' lang='grc'>(67)</span> <span class='ocrx_word' id='word_1_963' title='bbox 574 5763 754 5825; x_wconf 77' lang='lat' dir='ltr'><strong><em>Codex</em></strong></span> <span class='ocrx_word' id='word_1_964' title='bbox 799 5767 949 5826; x_wconf 77' lang='lat' dir='ltr'><strong><em>Coll).</em></strong></span> <span class='ocrx_word' id='word_1_965' title='bbox 979 5769 1015 5838; x_wconf 78' lang='grc' dir='ltr'><strong>ἠ</strong></span> <span class='ocrx_word' id='word_1_966' title='bbox 1040 5766 1097 5821; x_wconf 77' lang='grc' dir='ltr'><em>δὲ</em></span> <span class='ocrx_word' id='word_1_967' title='bbox 1120 5766 1201 5832; x_wconf 81' lang='grc' dir='ltr'><strong><em>είς</em></strong></span> <span class='ocrx_word' id='word_1_968' title='bbox 1233 5766 1296 5824; x_wconf 78' lang='grc' dir='ltr'><em>τὸ</em></span> <span class='ocrx_word' id='word_1_969' title='bbox 1330 5763 1558 5839; x_wconf 78' lang='grc' dir='ltr'><em>Πνεῦμα</em></span> <span class='ocrx_word' id='word_1_970' title='bbox 1593 5765 1909 5841; x_wconf 78' lang='grc' dir='ltr'><em>βλασφημία</em></span> 
     </span>
    </p>
   </div>
   <div class='ocr_carea' id='block_1_113' title="bbox 2012 5763 3473 5846">
    <p class='ocr_par' dir='ltr' id='par_1_113' title="bbox 2037 5763 3473 5846">
     <span class='ocr_line' id='line_1_115' title="bbox 2037 5763 3473 5846; baseline 0.004 -27"><span class='ocrx_word' id='word_1_971' title='bbox 2037 5763 2435 5843; x_wconf 47' lang='grc' dir='ltr'><strong><em>μὴ’ὲγώηιῖεε.</em></strong></span> <span class='ocrx_word' id='word_1_972' title='bbox 2461 5781 2689 5840; x_wconf 83' lang='lat' dir='ltr'><strong><em>quartus</em></strong></span> <span class='ocrx_word' id='word_1_973' title='bbox 2721 5772 2843 5830; x_wconf 79' lang='grc' dir='ltr'><strong><em>Ἐὰν</em></strong></span> <span class='ocrx_word' id='word_1_974' title='bbox 2869 5773 2979 5846; x_wconf 76' lang='grc' dir='ltr'><em>γὰρ</em></span> <span class='ocrx_word' id='word_1_975' title='bbox 3018 5774 3128 5846; x_wconf 74' lang='grc' dir='ltr'><strong><em>ἐγὼ</em></strong></span> <span class='ocrx_word' id='word_1_976' title='bbox 3154 5777 3253 5846; x_wconf 75' lang='grc' dir='ltr'><em>μή,</em></span> <span class='ocrx_word' id='word_1_977' title='bbox 3292 5789 3473 5836; x_wconf 64' lang='grc' dir='ltr'><em>καις,</em></span> 
     </span>
    </p>
   </div>
  </div>
