3956 6216
328 358 444 416 763

1435 357 1813 415 ADVERSUS
1852 352 2227 414 EUNOMIUM
2263 357 2394 413 LIB.
2434 359 2502 417 ν.

3505 362 3608 418 766

408 478 465 528 2.
511 474 637 529 Ἐὰν
681 473 738 527 δὲ
789 472 1020 542 λέγωσιν
1048 488 1062 503 ⁸
1124 473 1207 526 Οὐ
1239 473 1421 528 λαλεῖ
1458 475 1562 543 ἀφ’
1603 474 1825 528 ἑαυτοῦ
1864 491 1911 526 τι

2105 472 2347 543 2.;Quod
2376 473 2421 528 si
2448 474 2667 528 dicant:
2693 473 2816 529 Non
2842 474 3079 544 loquitur
3100 492 3131 528 a
3151 474 3320 545 seipso
3346 475 3609 546 Spiritus,

323 563 601 635 Πνεῦμα,
638 565 773 619 ἀλλ’
810 562 929 618 ὅσα
974 564 1051 619 ἂν
1087 566 1323 635 ἀκούσῃ
1358 564 1622 635 λαλήσει
1648 583 1663 597 ·
1699 565 1930 636 λέγομεν

321 658 547 719 αὐτοῖς·
578 657 714 711 Οὐδὲ
754 658 783 709 6
811 657 939 720 Υἱὸς
964 657 1056 726 ἀφ’
1082 657 1277 711 ἑαυτοῦ
1311 657 1496 710 λαλεῖ·
1529 658 1690 712 Ἀλλ’
1725 661 1758 711 ό
1786 659 1931 726 πέμ-

320 753 458 817 ψας
483 764 580 817 με,
616 747 769 819 φησὶ,
801 749 1029 817 Πατὴρ,
1071 747 1304 815 ἐκεῖνός
1346 767 1450 819 μοι
1502 745 1634 802 εἷπε
1675 750 1731 802 τί
1775 751 1926 802 εἴπω

320 841 434 894 καὶ
475 841 534 894 τί
573 841 858 909 λαλήσω·
913 842 1094 895 πάντα
1143 841 1254 913 γὰρ
1291 842 1390 895 ὃσα
1430 842 1583 897 λαλεῖ
1613 844 1674 896 τὸ
1704 844 1928 914 Πνεῦμα

318 932 431 984 καὶ
454 934 484 985 6
508 932 659 996 Υἱὸς,
689 932 781 986 τοῦ
811 932 945 986 Θεοῦ
980 935 1087 985 εἱσι
1118 933 1296 1002 λόγια.
1325 933 1438 987 Kal
1461 933 1549 986 διὰ
1577 934 1734 988 τοῦτο
1753 935 1928 990 Πᾶσα

317 1024 546 1092 Γραφὴ
578 1026 985 1089 θεόπνευστος
1011 1026 1108 1078 καὶ
1132 1025 1434 1095 ὠφέλιμός
1465 1026 1638 1081 ἐστιν
1656 1068 1671 1091 ,
1700 1027 1817 1080 ἀπὸ
1830 1027 1924 1082 τοῦ

317 1114 655 1184 Πνεύματος
704 1114 1019 1185 λαληθεῖσα.
1059 1117 1170 1170 Kal
1210 1115 1320 1188 γὰρ
1350 1117 1571 1190 ἀληθῶς
1608 1119 1765 1172 τοῦτο
1816 1119 1926 1172 δεί-

316 1224 494 1260 κνυσι
532 1208 607 1279 μὴ
640 1203 780 1261 εἶναι
826 1209 889 1261 τὸ
917 1209 1145 1280 Πνεῦμα
1177 1210 1418 1281 κτίσμα,
1472 1210 1659 1281 ἐπειδὴ
1709 1212 1857 1264 πᾶσα
1889 1214 1923 1284 ἡ

315 1300 530 1370 λογικὴ
578 1299 757 1365 κτίσις
796 1301 930 1355 ποτὲ
961 1302 1055 1371 ἀφ’
1088 1302 1290 1372 ἑαυτῆς
1332 1302 1449 1372 (71)
1481 1301 1651 1367 λαλεῖ,
1700 1305 1832 1357 ποτὲ
1854 1305 1925 1358 τὰ

314 1390 426 1444 τοῦ
459 1391 617 1458 Θεοῦ,
647 1393 723 1456 ὡς
768 1394 897 1447 ὅταν
929 1393 1063 1467 λέγῃ
1096 1393 1341 1458 Παῦλος·
1375 1395 1516 1462 Περὶ
1559 1393 1679 1449 τῶν
1705 1395 1922 1464 παρθέ-

313 1501 454 1539 νων
481 1485 773 1554 ἐπιταγὴν
793 1486 1014 1554 Κυρίου
1041 1489 1154 1540 οὐκ
1182 1486 1323 1556 ἔχω,
1353 1486 1596 1556 γνώμην
1615 1486 1684 1539 δὲ
1714 1486 1923 1558 δίδωμι

312 1571 412 1637 ὡς
437 1572 772 1643 ἠλεημένος
799 1574 918 1628 ὑπὸ
959 1577 1205 1644 Κυρίου.
1248 1576 1376 1642 Τοῖς
1408 1576 1483 1629 δὲ.
1507 1577 1619 1649 (72)
1665 1594 1919 1649 γεγαμη-

314 1665 475 1717 κόσι
502 1666 900 1738 παραγγέλλω
939 1669 1051 1722 οὐκ
1083 1667 1219 1738 ἐγὼ,
1259 1669 1396 1724 ἀλλ’
1423 1672 1456 1723 ό
1489 1671 1737 1738 Κύριος·
1772 1673 1867 1726 καὶ
1892 1674 1921 1726 ὁ

315 1759 622 1829 προφήτης
640 1776 653 1790 ·
690 1762 753 1814 Ὦ
785 1761 985 1828 Κύριε,
1013 1761 1181 1829 πλὴν
1208 1762 1462 1832 κρίματα
1490 1764 1744 1831 λαλήσω
1769 1765 1921 1833 πρὸς

2032 564 2125 618 sed
2159 580 2482 635 quacunque
2514 565 2747 619 audierit
2770 566 3011 638 loquetur
3043 567 3129 634 ⁶⁸;
3168 568 3299 638 ipsis
3328 570 3558 626 dicimus
3588 589 3606 628 :

2031 655 2216 728 Neque
2247 655 2419 712 Filius
2450 673 2483 712 ιι
2523 658 2702 729 seipso
2734 658 2979 728 loquitur
3012 679 3026 714 :
3068 660 3175 716 Sed
3214 662 3305 731 qui
3336 677 3416 716 me
3460 663 3613 717 misit-

2030 749 2217 819 Pater,
2260 752 2456 821 inquit,
2512 753 2602 808 ille
2643 738 2772 808 mihi
2820 754 2957 808 dixit
3002 754 3130 824 quid
3167 755 3343 809 dicam
3382 765 3432 809 et
3478 757 3608 824 quid

2028 841 2215 913 loquar
2236 842 2280 873 ⁸⁸
2307 861 2320 896 :
2353 842 2535 896 omnia
2562 842 2705 896 enim
2734 856 3071 911 quaecunque
3096 842 3332 911 Spiritus
3357 850 3413 897 et
3435 841 3607 898 Filius

2029 932 2343 1000 loquuntur,
2386 933 2481 989 Dei
2527 940 2653 985 sunt
2684 931 2925 987 oracula.
2976 932 3043 985 Et
3096 946 3218 986 eam
3275 934 3344 987 ob
3382 947 3607 988 causam

2029 1020 2215 1078 Omnis
2270 1023 2550 1092 Scriptura
2596 1024 2849 1078 divinitus
2906 1025 3201 1093 inspirata,
3251 1026 3411 1079 etiam
3460 1026 3607 1081 utilis

2026 1125 2100 1166 est
2133 1114 2200 1179 ⁸⁷,
2247 1115 2447 1185 quippe
2477 1130 2639 1185 quam
2675 1114 2886 1170 locutus
2922 1115 2990 1171 sit
3018 1113 3272 1185 Spiritus.
3306 1116 3418 1172 Hoc
3446 1133 3602 1172 nam-

2026 1222 2131 1275 que
2165 1222 2300 1262 vere
2353 1208 2589 1262 ostendit
2640 1205 2903 1275 Spiritum
2949 1222 3058 1261 non
3102 1221 3224 1262 esse
3268 1219 3599 1276 creaturam,

2023 1299 2278 1368 quoniam
2322 1298 2605 1354 rationalis
2645 1297 2824 1352 omnis
2865 1308 3114 1353 creatura
3155 1299 3315 1354 modo
3362 1314 3393 1353 a
3429 1301 3605 1370 seipsa

2022 1390 2282 1461 loquitur,
2323 1389 2483 1445 modo
2510 1404 2573 1444 ea
2608 1405 2727 1460 qua:
2755 1389 2849 1445 Dei
2877 1399 3026 1457 sunt,
3058 1400 3116 1444 ut
3149 1405 3273 1445 cum
3300 1390 3434 1445 dicit
3464 1390 3607 1445 Pau—

2022 1483 2106 1539 lus
2147 1501 2163 1537 :
2210 1483 2290 1539 De
2330 1482 2620 1554 uirginibus
2667 1498 2843 1537 autem
2883 1494 3203 1553 prteceptum
3239 1482 3453 1537 Domini
3498 1501 3605 1540 non

2021 1576 2222 1641 habeo;
2254 1576 2533 1628 consilium
2582 1586 2756 1629 tamen
2789 1575 2857 1626 do
2888 1584 3142 1645 tanquam
3175 1574 3602 1629 misericordiam

2021 1679 2325 1723 consecutus
2350 1684 2382 1721 α
2417 1666 2640 1721 Domino
2658 1666 2723 1720 ⁸⁸.
2754 1667 2821 1720 At
2848 1667 2915 1721 iis
2946 1668 3036 1738 qui
3062 1669 3400 1723 matrimonio
3424 1669 3605 1738 juncti

2020 1769 2141 1812 sunt
2164 1759 2410 1828 praecipio
2437 1773 2539 1811 non
2562 1774 2677 1828 ego,
2702 1761 2792 1812 sed
2819 1754 3076 1813 Dominus
3099 1759 3164 1812 ⁸³.
3197 1758 3264 1814 Et
3299 1761 3601 1831 propheta:

304 1849 404 1903 oé
435 1865 448 1878 ·
496 1828 554 1904 ξι
581 1828 681 1905 γὸτι
730 1853 968 1920 ἀσεϐεῖς
998 1828 1542 1924 pasees};qu
1590 1828 1683 1910 καὶ
1717 1828 1911 1911 «cultv:

2024 1848 2069 1903 0
2109 1849 2334 1904 Domine
2359 1890 2375 1914 ,
2409 1849 2752 1902 nihilominus
2777 1849 2990 1920 judicia
3033 1850 3223 1915 loquar
3256 1828 3325 1906 αά
3360 1828 3449 1917 te;
3475 1854 3603 1924 quid

318 1941 401 1995 Οῑ
417 1959 541 2010 μοι,
585 1942 797 2014 μῆτερ,
830 1947 911 2013 ὡς
951 1947 1088 2000 τινα
1117 1947 1180 2016 μ’
1206 1947 1439 2014 haec;
1476 1949 1615 2003 Ποτὲ
1642 1949 1699 2003 δὲ
1734 1949 1915 2021 λέγει·

318 2034 482 2089 Τάδε
507 2035 668 2106 λέγει
686 2040 920 2107 Κύριος.
953 2041 1065 2094 Kal
1088 2040 1218 2093 ποτὲ
1239 2042 1448 2111 Μωσῆς
1465 2057 1481 2073 ·
1528 2043 1920 2112 Ἰσχνόφωνος

311 2126 431 2180 καὶ
454 2127 936 2200 ,βραδύγλωσσός
962 2135 1077 2202 εἰμι
1099 2131 1232 2203 ἐγώ.
1264 2133 1402 2187 Ποτὲ
1422 2132 1479 2187 δὲ
1501 2136 1529 2187 6
1549 2135 1712 2201 αὐτός
1730 2153 1744 2166 ·
1774 2136 1920 2191 Τάδε

309 2218 492 2290 λέγει
522 2223 771 2290 Κύριος·
819 2224 1286 2288 Ἐξαπόστειλον
1324 2226 1431 2280 τὸν
1471 2228 1627 2282 λαόν
1647 2246 1787 2297 μου,
1818 2229 1918 2283 ἵνα

305 2329 424 2379 μοι
455 2315 783 2384 λατρεύσῃ.
821 2316 895 2368 Τὸ
940 2317 998 2370 δὲ
1042 2317 1269 2388 Πνεῦμα
1301 2318 1399 2388 οὐχ
1449 2317 1641 2383 οὕτως.
1690 2320 1763 2373 Οὐ
1809 2319 1917 2392 γὰρ

312 2404 459 2458 ποτὲ
503 2405 571 2460 τὰ
616 2407 812 2460 ἑαυτοῦ
843 2408 1011 2478 λέγει,
1059 2410 1191 2463 ποτὲ
1224 2410 1281 2464 δὲ
1312 2410 1381 2463 τὰ
1419 2411 1514 2464 τοῦ
1545 2412 1680 2466 Θεοῦ
1701 2430 1716 2444 ·
1759 2413 1918 2467 τοῦτο

309 2496 431 2569 γὰρ
466 2491 536 2568 ἦν
585 2497 905 2570 κτίσματος,
954 2500 1117 2555 Ἀλλὰ
1148 2502 1327 2555 πάντα
1371 2501 1438 2555 τὰ
1476 2502 1570 2556 τοῦ
1600 2504 1917 2574 Πνεῦματος

308 2586 416 2641 τοῦ
453 2586 589 2642 Θεοῦ
611 2590 718 2643 εἰσι
738 2590 894 2659 λόγια
911 2608 925 2621 ·
951 2591 1150 2662 ὁμοίως
1164 2592 1261 2645 καὶ
1276 2590 1344 2645 τὰ
1370 2591 1465 2646 τοῦ
1495 2592 1607 2665 (74)
1637 2594 1789 2647 Υἰοῦ.
1819 2594 1917 2648 Διὰ

309 2673 485 2728 τοῦτο
513 2676 632 2731 οὐδὲ
656 2679 685 2731 6
707 2678 837 2743 Υἱὸς
860 2679 1011 2733 λαλεῖ
1037 2681 1132 2749 ἀφ’
1160 2680 1375 2735 ἑαυτοῦ.
1419 2682 1481 2735 '0
1517 2680 1628 2754 γὰρ
1673 2683 1914 2754 πέμψας

310 2781 412 2833 με,
446 2766 605 2838 φησὶ,
650 2768 877 2839 Πατὴρ,
906 2770 1140 2837 ἐκεῖνός
1166 2789 1269 2840 μοι
1294 2770 1427 2828 εἷπε
1454 2776 1514 2828 τι
1547 2776 1694 2829 εἴπω
1725 2775 1825 2829 καὶ
1857 2776 1914 2829 τί

280 2858 612 2937 πλαλήσω·
650 2862 712 2914 οὐ
758 2862 1078 2933 μανθάνων,
1112 2863 1271 2918 τοῦτο
1313 2866 1420 2940 γὰρ
1448 2864 1516 2939 ἦν
1550 2866 1775 2931 ἀτελοῦς
1820 2868 1914 2921 καὶ

310 2951 604 3023 ἀμαθοῦς·
663 2954 776 3008 ἀλλ’
814 2957 896 3009 ὅτι
946 2957 1046 3010 ὅσα
1083 2959 1113 3011 6
1146 2958 1357 3031 Πατὴρ,
1409 2959 1498 3014 διὰ
1542 2960 1637 3014 τοῦ
1677 2961 1807 3014 Υἱοῦ
1854 2961 1948 3024 ὲν,

314 3038 611 3111 Πνεύματι
639 3040 809 3113 λαλεῖ.
839 3045 953 3098 Kal
982 3044 1144 3099 πάλιν
1169 3047 1517 3120 γέγραπται·
1549 3049 1759 3116 Οὐδεὶς
1789 3047 1913 3105 οἵδε

2022 1950 2097 1996 est
2159 1949 2297 2011 quod
2353 1942 2500 2011 impii
2552 1957 2799 2011 prospere
2856 1953 3020 2012 agunt
3072 1943 3156 1998 7°?
3208 1943 3276 1997 Et
3344 1960 3535 2000 rursus
3582 1966 3601 2005 :

2021 2033 2142 2088 Heu
2172 2051 2275 2100 me,
2321 2045 2488 2089 mater
2521 2035 2543 2087 .’
2590 2034 2796 2105 qualem
2842 2051 2923 2088 me
2955 2037 3203 2105 peperisti
3228 2037 3308 2091 τιι
3344 2036 3605 2093 Nonnun-

2020 2140 2180 2192 quam
2197 2135 2378 2179 autem
2400 2126 2505 2180 ait:
2532 2124 2662 2179 Htec
2679 2126 2806 2179 dicit
2828 2125 3086 2181 Dominus
3104 2127 3175 2182 ".
3204 2127 3270 2182 Et
3295 2129 3609 2203 aliquando

2018 2215 2232 2286 Moyses
2269 2236 2282 2272 :
2329 2214 2531 2270 (ἐναεὶιὶ
2566 2232 2685 2273 voce
2731 2226 2779 2271 et
2815 2222 2970 2270 tarda
3020 2218 3201 2300 lingua
3242 2237 3336 2291 ego
3381 2238 3501 2275 sum
3531 2222 3601 2281 ⁷³η.

2017 2306 2316 2375 Aliquando
2335 2323 2465 2363 vero
2488 2308 2536 2364 is
2567 2309 2685 2378 ipse
2714 2327 2727 2364 :
2756 2307 2887 2362 Ηωι
2913 2310 3041 2362 dicit
3073 2311 3330 2366 Dominus
3358 2326 3375 2364 :
3403 2311 3600 2370 Emitte

2016 2402 2265 2470 populum
2301 2417 2493 2470 meum,
2533 2411 2590 2455 ut
2636 2401 2765 2455 mihi
2807 2406 2997 2456 serviat
3024 2403 3090 2458 ⁷⁸.
3143 2403 3382 2474 Spiritus
3415 2417 3596 2465 autem

2018 2507 2122 2546 nou
2152 2494 2252 2546 sic.
2293 2492 2409 2547 Non
2452 2494 2597 2548 enim
2641 2494 2801 2549 modo
2826 2509 2923 2549 sua
2945 2536 2961 2561 ,
2995 2495 3154 2550 modo
3185 2511 3306 2565 quae
3345 2497 3441 2553 Dei
3467 2510 3596 2558 sunt

2018 2586 2284 2656 loquitur;
2317 2590 2367 2642 id
2404 2603 2640 2658 namque
2680 2589 2915 2658 pertinet
2936 2589 3003 2642 ad
3026 2598 3355 2645 creaturam.
3386 2590 3590 2648 Verum

2016 2684 2195 2737 omnia
2230 2684 2467 2754 Spiritus
2505 2686 2688 2750 verba,
2737 2684 2834 2739 Dei
2865 2685 3088 2739 oracula
3120 2677 3302 2743 sunt';
3339 2687 3594 2745 similiter

2014 2785 2070 2832 et
2100 2776 2221 2831 Filii
2259 2779 2423 2832 dit-ta.
2442 2776 2799 2846 .Quapropter
2822 2792 2888 2829 ne
2924 2774 3096 2830 Filius
3119 2777 3334 2847 quidem
3362 2793 3394 2833 a
3417 2777 3598 2850 seipso

2015 2866 2275 2938 loquitur.
2306 2868 2408 2941 Qui
2436 2870 2576 2921 enim
2608 2868 2752 2921 misit
2784 2885 2866 2921 me
2896 2866 3081 2936 Pater,
3106 2871 3303 2941 inquit,
3339 2872 3430 2926 ille
3461 2872 3597 2927 mihi

2015 2936 2147 3012 diuit
2182 2959 2310 3028 quid
2343 2936 2516 3011 dicam
2541 2967 2590 3012 et
2618 2957 2747 3026 quid
2775 2956 2965 3027 loquar
2985 2958 3056 3024 ⁷⁸,
3088 2936 3200 3014 ιιοᾶ
3246 2963 3391 3030 quod
3418 2963 3597 3017 disce-

2014 3059 2142 3104 ret:
2171 3050 2276 3104 hoc
2309 3049 2454 3102 enim
2494 3047 2798 3118 imperfecti
2844 3056 2965 3102 erat
3001 3057 3058 3103 et
3099 3050 3396 3106 nescientis
3434 3068 3448 3105 :
3495 3054 3593 3107 sed

309 3133 390 3187 τὰ
423 3134 537 3188 τοῦ
568 3130 905 3204 ἀνθρώπου,
935 3139 989 3192 εὶ
1009 3138 1097 3208 μὴ
1122 3139 1190 3193 τὸ
1211 3140 1448 3212 πνεῦμα
1467 3142 1574 3197 τοῦ
1596 3143 1911 3213 ἀνθρώπου

2018 3141 2160 3211 quod
2196 3154 2533 3211 quaecunque
2559 3139 2722 3195 Pater
2745 3138 3006 3209 loquitur,
3033 3154 3130 3211 per
3157 3139 3353 3196 Filium
3386 3143 3440 3196 in
3471 3142 3597 3212 Spi-

310 3225 381 3279 τὸ
421 3227 499 3281 ὲν
528 3227 721 3294 αὐτῷ·
757 3229 911 3284 οὕτω
954 3230 1055 3285 καὶ
1099 3232 1175 3286 τὰ
1200 3232 1308 3288 τοῦ
1335 3235 1485 3290 Θεοῦ
1521 3235 1723 3304 οὐδεὶς
1754 3237 1907 3306 ἔγνω

2018 3238 2120 3290 r‘itu
2152 3234 2426 3302 loquatur.
2462 3232 2529 3288 Et
2566 3247 2755 3287 rursus
2796 3233 3059 3303 scriptum
3084 3241 3169 3288 est
3213 3247 3231 3288 :
3278 3231 3449 3288 Nemo
3494 3251 3591 3289 no-

309 3321 365 3372 εὶ
401 3317 499 3389 μὴ
538 3319 606 3374 τὸ
632 3321 874 3393 Πνεῦμα
919 3325 1028 3379 τοῦ
1073 3327 1262 3382 Θεοῦ·
1310 3329 1404 3382 καὶ
1447 3327 1644 3382 πάλιν·
1702 3328 1773 3382 Τὸ
1795 3328 1906 3399 γὰρ

310 3413 567 3483 Πνεῦμα
585 3414 1010 3486 πάντα-ἐρευνᾶ
1028 3418 1165 3492 (75),
1190 3421 1288 3476 καὶ
1312 3422 1388 3476 τὰ
1401 3420 1563 3490 ,ϐάθη
1589 3422 1696 3476 τοῦ
1731 3423 1901 3478 Θεοῦ.

322 3503 457 3558 Ἐὰν
511 3504 567 3558 δὲ
593 3505 844 3576 λέγωσιν,
889 3511 970 3565 ὅτι
1006 3511 1069 3564 τὸ
1099 3512 1340 3583 ἐρευνῶν
1377 3513 1479 3567 οὐκ
1516 3508 1646 3577 οἶδε,
1694 3514 1787 3568 καὶ
1816 3513 1904 3568 διὰ
1948 3540 1949 3543 η

307 3593 478 3647 τοῦτο
508 3595 706 3669 ἐρευνᾷ
729 3617 741 3631 ·
778 3600 1033 3673 ἐροῦμεν,
1069 3604 1153 3657 ὅτι
1200 3604 1295 3658 καὶ
1340 3607 1370 3659 6
1413 3605 1546 3669 Θεὸς
1576 3605 1775 3678 ἐρευνᾷ
1802 3604 1906 3673 τὰς

309 3687 548 3757 καρδίας
568 3689 677 3743 τῶν
700 3690 1028 3764 ἀνθρώπων.
1061 3696 1173 3750 Kal
1195 3696 1286 3751 διὰ
1311 3696 1422 3752 τῶν
1459 3699 1758 3771 προφητῶν
1785 3700 1902 3771 (76)

310 3775 500 3844 λέγει·
573 3778 910 3849 Ἐρευνήσω
965 3784 1081 3853 τὴν
1152 3784 1542 3859 Ἰερουσαλὴμ
1591 3792 1745 3860 μετὰ
1792 3790 1903 3845 τοῦ

307 3867 576 3936 λύχνου.
619 3871 729 3924 Καὶ
762 3873 923 3929 πάλιν
972 3876 1318 3950 γέγραπται·
1363 3882 1488 3935 Οὐκ
1536 3881 1757 3948 οἴδατε,
1809 3882 1902 3938 ὅτι

310 3954 387 4008 τὰ
424 3956 676 4027 σώματα
710 3962 880 4032 ὑμῶν
918 3968 1065 4033 ναὸς
1113 3968 1220 4023 τοῦ
1248 3971 1319 4023 ἐν
1344 3971 1489 4041 ὑμῖν
1518 3973 1691 4043 ἁγίου
1714 3975 1901 4029 Πνεύ-

308 4050 504 4116 ματός
540 4049 732 4118 ἐστιν,
763 4050 836 4110 οὗ
867 4056 1036 4126 ἔχετε
1063 4060 1183 4114 ἀπὸ
1227 4062 1333 4115 τοῦ
1361 4064 1545 4129 Θεοῦ;
1583 4065 1676 4119 καὶ
1705 4066 1895 4121 πάλιν·

309 4141 437 4193 οὐκ
466 4141 686 4210 οιδατε,
720 4144 811 4200 ὅτι
843 4149 992 4215 ναὸς
1030 4152 1179 4206 Θεοῦ
1219 4155 1380 4219 ἐστε,
1420 4156 1520 4210 καὶ
1557 4157 1626 4211 τὸ
1655 4158 1901 4228 Πνεῦμα

313 4230 423 4284 τοῦ
452 4233 600 4286 Θεοῦ
628 4235 698 4288 ἐν
729 4238 873 4308 ὑμῖν
895 4243 1084 4309 aluei;
1110 4247 1203 4298 καὶ
1232 4248 1392 4301 πάλιν
1409 4265 1424 4279 ·
1471 4249 1657 4319 Ὑμεῖς
1680 4250 1750 4305 δὲ
1782 4251 1897 4324 (77)

312 4325 429 4377 οὐκ
477 4324 623 4378 ἐστὲ
681 4328 754 4380 ἐν
808 4332 1004 4399 σαρκὶ,
1066 4335 1205 4391 ἀλλ’
1250 4338 1322 4393 ἐν
1350 4341 1669 4411 Πνεύματι,
1731 4343 1897 4413 ειπερ

313 4418 559 4487 Πνεῦμα
587 4420 735 4475 Θεοῦ
757 4424 997 4480 οὶκεῖἐν
1024 4428 1185 4498 ὑμῖν.
1217 4432 1327 4486 Kal
1359 4433 1521 4488 πάλιν
1545 4436 1893 4508 γέγραπται·

2014 3329 2081 3383 vit
2113 3344 2231 3398 qua:
2278 3326 2507 3379 hominis
2536 3334 2680 3390 sunt,
2716 3325 2820 3379 nisi
2864 3326 3086 3392 spiritus
3114 3324 3364 3394 hominis,
3404 3326 3495 3398 qui
3535 3328 3594 3384 in

2009 3422 2124 3490 ipso
2157 3428 2275 3475 est:
2314 3420 2390 3472 sic
2434 3418 2593 3473 etiam
2635 3433 2753 3488 qua:
2786 3416 2885 3471 Dei
2923 3425 3068 3483 sunt,
3111 3434 3260 3472 nemo
3300 3420 3441 3474 novit
3488 3420 3594 3474 nisi

2012 3510 2247 3580 Spiritus
2290 3508 2388 3565 Dei
2425 3508 2494 3564 ⁷⁸.
2547 3508 2617 3563 Et
2650 3510 2891 3563 iterum:
2950 3507 3183 3574 Spiritus
3225 3509 3364 3563 enim
3413 3514 3593 3565 omnia

2010 3613 2298 3671 scrutatur,
2339 3602 2501 3656 etiam
2546 3599 2813 3671 profunda
2858 3598 2954 3654 Dei
2984 3599 3050 3653 ".
3102 3599 3259 3667 Quod
3311 3602 3357 3657 si
3408 3603 3593 3658 dicant

2010 3710 2135 3751 eum
2165 3695 2256 3766 qui
2280 3702 2561 3750 scrutatur
2590 3706 2929 3762 nequaquam
2955 3706 3138 3760 nosse,
3163 3693 3232 3747 ob
3256 3692 3417 3764 idque
3437 3710 3593 3750 scru-

2011 3789 2153 3850 tari;
2212 3787 2456 3841 dicemus
2505 3783 2676 3838 Deum
2741 3798 2959 3853 quoque
3007 3786 3240 3839 scrutari
3310 3787 3590 3844 hominum

2009 3874 2173 3929 corda
2194 3873 2262 3927 ’3.
2286 3873 2354 3925 lit
2383 3886 2479 3940 per
2508 3868 2802 3939 prophetas
2836 3867 2968 3923 dicit
2993 3887 3008 3923 :
3041 3868 3334 3924 Scrutabor
3361 3870 3591 3928 Jerusa-

2006 3967 2170 4022 salem
2194 3981 2311 4019 cum
2332 3963 2636 4018 lucerna".
2663 3961 2729 4016 Et
2753 3961 2952 4017 iterum
2978 3962 3236 4029 scriptum
3260 3971 3372 4018 est:
3401 3961 3593 4022 Nesci.

2008 4062 2075 4114 tis
2121 4059 2262 4130 quod
2305 4073 2528 4127 corpora
2555 4065 2731 4110 vestra
2759 4054 3010 4125 templum
3055 4065 3178 4109 sunt
3211 4056 3506 4114 habitantis
3534 4062 3593 4116 its

2007 4151 2148 4208 vobis
2189 4150 2423 4222 Spiritus
2472 4149 2667 4215 sancti,
2719 4165 2874 4220 quem
2926 4147 3128 4202 habetis
3172 4166 3204 4204 a
3258 4148 3374 4207 Deo
3409 4153 3592 4211 "itm

2004 4259 2222 4300 rursum
2252 4262 2266 4298 :
2299 4242 2530 4298 Nescitis
2551 4244 2690 4313 quod
2719 4243 2963 4311 templum
2990 4242 3085 4297 Dei
3105 4244 3252 4313 estis,
3284 4256 3332 4300 et
3355 4245 3589 4318 Spiritus

2003 4336 2322 4408 Dei-habitat
2337 4337 2393 4391 in
2414 4338 2556 4391 vobis
2574 4335 2660 4390 ⁸¹ἳ
2685 4336 2747 4391 Et
2771 4350 2958 4390 rursus
2975 4351 2991 4389 :
3007 4333 3110 4388 Vos
3131 4348 3308 4391 autem
3334 4355 3440 4393 non
3458 4339 3587 4394 estis

2005 4430 2060 4484 in
2090 4444 2269 4497 carne,
2304 4428 2395 4483 sed
2422 4429 2477 4482 in
2505 4425 2732 4497 Spiritu,
2758 4427 3016 4496 siquidem
3047 4425 3282 4496 Spiritus
3310 4428 3407 4483 Dei
3436 4429 3588 4485 habi-

321 4509 425 4562 Καὶ
454 4511 645 4566 ταῦτά
684 4531 843 4584 τινες
868 4513 1008 4588 ᾖτε,
1052 4520 1190 4574 ἀλλ’
1236 4524 1684 4592 ἀπελούσασθε,
1728 4526 1897 4598 ἡγιά-

2015 4531 2084 4576 tat
2112 4522 2169 4576 in
2194 4520 2333 4576 uobis
2358 4520 2429 4573 κη
2455 4517 2525 4573 Ει
2546 4532 2736 4573 rursus
2754 4519 3014 4587 scriptum
3042 4530 3160 4574 est:
3195 4517 3264 4573 Et
3285 4522 3398 4576 luet:
3420 4526 3596 4584 eratis.

313 4600 522 4687 οςᾷητε,
540 4602 678 4657 ἀλλ’
701 4604 1077 4677 ἐδικαιώθητε
1093 4611 1163 4664 ἐν
1177 4611 1258 4678 τῷ
1279 4615 1521 4685 ὀνόματι
1542 4616 1650 4672 τοῦ
1667 4618 1894 4687 Κυρίου

315 4685 427 4758 (78)
464 4689 657 4759 Ἰησοῦ
676 4694 954 4763 Χριστοῦ,
978 4698 1076 4753 καὶ
1093 4700 1165 4754 ἐν
1192 4697 1274 4770 τῷ
1295 4706 1593 4776 Πνεύματι
1614 4706 1720 4762 τοῦ
1745 4685 1894 4763 Θεοῦ
1929 4782 1939 4790 _

2000 4613 2240 4686 quidam,
2279 4609 2446 4682 320
2482 4609 2574 4664 sed
2599 4608 2766 4663 abluti
2790 4611 2942 4676 estis,
2966 4612 3060 4666 sed
3089 4613 3407 4681 sanetiﬁcati
3437 4615 3583 4681 estis,

2002 4706 2094 4761 sed
2111 4702 2402 4775 justiﬁcati
2430 4703 2554 4759 estis
2591 4703 2650 4757 in
2684 4703 2895 4758 nomine
2930 4702 3143 4758 Domini
3169 4702 3301 4759 Iesu
3340 4704 3582 4775 Christi,

389 4818 623 4911 idean.
645 4828 886 4911 ,χιιι-,Λίῗκ
918 4830 1191 4911 _.“_Joan.
1223 4852 1322 4903 xu,
1355 4838 1443 4911 49.
1521 4839 1568 4872 "
1600 4839 1642 4893 ll
1662 4841 1804 4897 Tim.
1827 4852 1910 4906 Ill,

2015 4880 2051 4911 ,γ
2107 4839 2154 4873 ⁸⁸
2185 4839 2367 4911 lCor.
2388 4856 2482 4903 vn,
2504 4839 2597 4911 25.
2680 4838 2892 4911 “ibid.
2927 4840 3015 4895 10.
3093 4840 3140 4872 ⁷ο
3172 4840 3374 4899 Jerem.
3401 4861 3499 4911 xu,
3526 4848 3581 4905 1.

393 4887 823 4974 Ιςςειηι-εν,
866 4901 964 4974 Α⁷²
996 4900 1198 4974 Jerem.
1225 4887 1470 4973 siin—'2'.
1565 4887 2083 4974 '5'rfiou'."ii,"io.

318 4972 380 5050 ru,
414 4960 500 5050 ita.
574 4960 783 5050 metu.
857 4970 942 5024 to.
1017 4973 1066 5050 ζ·
1107 4960 1242 5031 l’sal.
1291 4960 1387 5044 vii,
1418 4960 1531 5046 io;
1572 4960 1956 5050 JeEIJfain',
2001 4960 2096 5037 io.

316 5030 514 5093 111,16.
589 5033 811 5092 "italu.
888 5042 1075 5109 \‘lll,9.

388 5164 506 5240 (Ἠ),
531 5166 665 5240 Editi
690 5170 784 5240 ἀφ’
808 5172 1020 5230 ἑαυτοῦ.
1040 5175 1221 5233 Codex
1249 5176 1403 5234 Colb.
1434 5185 1489 5233 et
1513 5177 1605 5234 alii
1634 5179 1742 5235 duo
1773 5180 1884 5236 lie-

316 5235 404 5311 8ξὶΔ
414 5235 510 5311 αφ’
530 5235 755 5311 εαυτῆς,
793 5245 946 5298 bene.

388 5307 500 5391 (72)
527 5307 750 5391 Legitur
797 5314 851 5368 in
901 5316 1177 5391 impressis
1203 5317 1357 5391 libris
1393 5317 1727 5391 ἠλεημένος·
1761 5323 1879 5385 τοῖς

314 5375 374 5430 δέ
395 5387 499 5451 _:_§t
525 5381 579 5433 in
609 5375 784 5436 iribus
816 5399 944 5440 mss.
978 5375 1074 5451 ita,
1108 5398 1167 5441 ut
1195 5375 1480 5444 edidimu's.

385 5446 497 5525 (l3)
523 5451 704 5505 Codex
736 5451 885 5509 Colb.
909 5457 962 5509 τί
991 5446 1070 5515 ἔτι
1094 5458 1332 5525 ἀσεϐεῖς,
1373 5476 1469 5513 cur
1502 5460 1677 5516 adhuc
1705 5478 1884 5517 secun-

317 5517 617 5594 da‘l_‘o_rtuna
641 5531 851 5594 utentur
873 5526 1063 5594 impii?

379 5586 503 5670 ς’ῐῆ
533 5590 671 5671 [illiti
711 5594 806 5646 καὶ
832 5586 956 5650 τοῦ.
977 5599 1048 5652 At
1070 5600 1241 5671 nostri
1277 5610 1482 5669 septem
1519 5616 1650 5656 mss.
1676 5603 1771 5656 καὶ
1812 5603 1881 5658 τὰ

316 5661 430 5736 ξοῡ,
459 5661 701 5736 similiter
729 5680 933 5736 quoque
981 5669 1135 5722 verba
1168 5667 1300 5724 Filii
1327 5661 1546 5725 oracula
1580 5685 1699 5726 sunt
1758 5672 1877 5731 Dei.

319 5724 600 5806 ηυξ-ηεᾱίμὶ
633 5724 757 5806 οὔτε
783 5724 1083 5806 ὁ.Ἀιιιὶ‹ιιιί
1115 5751 1226 5793 tres
1249 5741 1369 5794 libri
1397 5741 1519 5794 οὐδὲ
1541 5745 1591 5797 6.

391 5794 499 5868 (75)
545 5801 763 5873 Antiqui
802 5818 909 5865 tres
968 5794 1093 5866 liliri
1122 5810 1299 5866 πάντα
1323 5794 1693 5884 ἐρευνᾷξνοχ
1744 5815 1877 5870 πάν-

2190 4910 2237 4944 ⁷¹⁵
2280 4912 2447 4967 Exod.
2482 4926 2536 4974 ν,
2573 4910 2623 4963 1.
2723 4909 2772 4940 ’⁸
2812 4910 2968 4965 Joan.
3000 4926 3099 4976 xu,
3127 4911 3216 4966 49.
3312 4913 3361 4955 ⁷⁸

2197 4983 2242 5014 ⁷⁸
2277 4982 2439 5052 Soph.
2486 4999 2526 5045 ι,
2566 4981 2653 5034 l2.
2741 4979 2791 5013 δυ
2823 4979 2846 5034 l
2878 4981 3002 5037 Cor.
3028 4995 3105 5048 rt,
3142 4981 3230 5038 l9.

3451 4916 3580 4975 Cor.

3336 4982 3381 5016 ⁸³
3402 4985 3428 5041 1
3451 4988 3578 5046 Cor.

1986 5181 2499 5260 tta._t_lesit_ler_abatur
2522 5185 2576 5242 in
2590 5187 2860 5260 “vulgatis.

2060 5253 2173 5323 (76)
2210 5252 2396 5330 l_Jbi_et
2450 5257 2504 5330 in
2532 5252 2729 5330 editis'
2745 5270 2801 5315 et
2835 5262 2889 5315 in
2926 5275 3074 5330 mss.
3104 5260 3305 5330 legitur
3348 5261 3438 5316 διὰ
3465 5261 3577 5317 τῶν

1986 5322 2300 5404 ςπροςρητῷν,
2319 5324 2677 5404 Qniribelisius
2697 5331 2848 5404 malit
2870 5329 2961 5385 διὰ
2983 5329 3078 5404 τοῦ
3107 5322 3390 5404 προφήτου
3415 5348 3562 5401 cum,

1980 5396 2178 5464 inquit,
2205 5396 2494 5472 SOphOnite
2520 5400 2684 5455 unius
2712 5402 2874 5457 verba
2900 5396 3247 5472 proferantur
3274 5396 3294 5458 Ξ
3322 5404 3417 5459 sed
3456 5396 3566 5459 mi;

1980 5480 2086 5542 ror_
2132 5475 2337 5518 tantam
2381 5467 2727 5542 diligentiam
2782 5486 2814 5525 a
2858 5467 3187 5529 Cbmbellsio
3249 5472 3458 5542 requiri
3504 5473 3565 5531 in

1980 5536 2270 5657 scriptore}
2282 5538 2394 5656 lqui
2417 5553 2479 5592 se
2496 5536 2694 5597 minus
2727 5541 3042 5617 diligentem
3075 5542 3130 5599 in
3156 5551 3271 5600 toto
3289 5536 3406 5615 ,s'uo
3439 5558 3574 5617 ope-

1982 5619 2041 5657 re
2063 5617 2238 5657 OSICIH
2261 5622 2273 5657 I
2304 5644 2319 5657 .

1982 5619 2041 5659 re
2063 5616 2319 5659 ostendit.

2060 5675 2181 5755 (77)_
2200 5673 2419 5755 Veteres
2452 5678 2565 5737 duo
2597 5680 2719 5736 libri
2749 5683 2907 5755 ὑμεῖς
2932 5682 3009 5738 δέ.
3049 5682 3251 5740 Vocula
3272 5683 3331 5738 δέ
3360 5684 3417 5741 in
3450 5685 3573 5742 vul-

1988 5747 2518 5817 gatisde‘sideratur.

1999 5815 2016 5897 ξ
2060 5815 2169 5889 (78)
2194 5815 2371 5873 Codex
2406 5819 2564 5879 Coll).
2593 5831 2647 5883 et
2680 5823 2980 5925 alterﬁeg.
3010 5825 3221 5898 Κυρίου
3251 5824 3432 5897 ήμῶν.
