3956 6216
397 315 495 370 Τῑι

1171 313 1227 366 S.
1270 311 1512 366 BASlLll
1545 307 1764 364 ‘MAGNI
1793 303 2158 362 ADVERSUS
2202 304 2563 362 EUNOMIUM
2600 306 2726 361 LlB.
2760 306 2825 362 γ.

3535 311 3645 366 772

403 446 529 504 pars
557 429 782 499 singulis
829 427 1108 497 dispertita
1130 429 1301 484 elﬁcit
1343 439 1400 482 ut
1434 426 1689 482 divinitus
1735 424 1920 479 vivant
1948 436 1957 474 :

2073 419 2235 474 αὐτοῦ
2283 421 2526 492 δυνάμει.
2563 423 2672 476 Καὶ
2714 422 2942 492 πάρεστι
2986 421 3258 492 πανταχοῦ
3297 421 3372 492 τῷ
3421 423 3628 492 ἐκπέμ-

401 524 495 580 sed
528 531 638 577 tota
667 520 807 575 illius
839 520 1039 576 virtute
1077 520 1265 574 vivunt
1302 520 1573 574 universa.
1605 519 1780 588 Atque
1808 516 1960 571 adest

402 615 622 683 ubique,
658 611 924 667 emittenti
971 612 1144 681 ipsum
1180 614 1286 668 Deo
1330 611 1695 673 assimilatas,
1729 622 1851 662 cum
1883 620 1964 660 se-

402 700 634 756 cundum
686 700 899 754 modum
942 714 1050 769 quo
1102 711 1205 766 est,
1266 709 1376 755 tum
1407 699 1700 756 secundum
1747 697 1962 752 modum

401 807 512 862 quo
538 792 737 862 ubique
767 802 826 847 et
858 791 912 846 in
937 792 1187 847 omnibus
1210 791 1458 847 similiter
1487 801 1590 846 est.
1635 789 1700 844 Et
1721 787 1961 852 Gabriel,

401 882 529 936 dum
561 881 741 937 Mariae
770 883 1017 937 nuntium
1051 881 1285 938 faustum
1330 881 1586 945 deferret,
1620 889 1783 950 atque
1824 880 1963 934 alius

402 973 532 1028 alibi
579 973 813 1044 cuipiam
843 983 1174 1039 sanctorum,
1221 983 1275 1030 et
1313 972 1535 1043 quilibet
1582 972 1962 1043 prophetarum

400 1079 521 1120 cum
553 1065 954 1131 vaticinaretur,
977 1064 1244 1120 etPaulus
1263 1079 1384 1118 cum
1408 1061 1592 1117 Romae
1611 1061 1961 1130 Evangelium

400 1155 738 1224 praedicaret,
789 1165 843 1210 et
892 1154 1124 1211 Iacobus
1185 1157 1240 1210 in
1292 1153 1618 1219 Jerusalem,
1652 1163 1708 1208 et
1749 1153 1963 1207 Marcus

398 1246 763 1312 Alexandriae,
795 1258 851 1303 et
882 1247 1021 1302 alius
1050 1248 1154 1301 alia
1187 1246 1239 1300 in
1267 1247 1506 1312 civitate,
1535 1243 1964 1314 adimplebantur

286 1341 295 1376 ἓ
400 1335 605 1407 Spiritu
631 1356 643 1390 :
672 1339 865 1407 quippe
885 1337 1222 1393 intervallum
1249 1337 1454 1391 nullum
1485 1335 1804 1405 prohibebat
1828 1349 1962 1404 quo-

402 1429 577 1482 minus
596 1438 832 1496 tempore
856 1429 1042 1482 eodem
1065 1428 1252 1482 eadem
1283 1427 1455 1496 gratia
1485 1426 1658 1480 ﬁeret.
1688 1424 1792 1481 Per
1818 1425 1962 1478 hunc

400 1520 562 1574 etiam
595 1519 816 1590 quilibet
840 1531 1151 1574 sanctorum
1185 1519 1316 1575 deus
1341 1527 1440 1573 est.
1484 1517 1692 1573 Dictum
1716 1525 1797 1572 est
1820 1517 1960 1572 enim

401 1626 431 1663 a
458 1609 567 1666 Deo
602 1611 668 1664 ad
707 1610 855 1680 ipsos
890 1628 903 1666 :
942 1608 1052 1680 Ego
1075 1611 1185 1663 dixi
1216 1626 1235 1664 .'
1267 1609 1357 1664 Dii
1382 1610 1526 1675 estis,
1549 1619 1595 1663 et
1624 1609 1724 1678 ﬁlii
1751 1605 1961 1662 Επειδὶ

401 1717 578 1754 omnes
607 1701 690 1767 ";
747 1711 841 1755 et:
898 1701 1036 1755 Deus
1079 1703 1294 1755 deorum
1319 1740 1334 1764 ,
1373 1708 1683 1755 sanctorum
1736 1699 1962 1764 scilicet,

2064 528 2217 564 ποντι
2247 512 2378 565 αὐτὸ
2406 512 2524 581 Θεῷ
2557 513 2928 584 ὁμοιούμενον,
2962 514 3056 565 καὶ
3083 512 3224 566 κατὰ
3261 512 3319 565 τὸ
3352 509 3513 578 εἶναι,
3548 523 3647 568 καὶ

2065 602 2207 655 κατὰ
2246 603 2306 655 τὸ
2338 604 2612 674 πανταχοῦ
2653 606 2744 658 καὶ
2787 607 2844 657 ὲν
2895 606 3060 656 πᾶσιν
3090 604 3287 674 ὁμοίως
3333 599 3490 658 εἶναι.
3530 607 3645 658 Καὶ

2065 694 2540 765 εὐαγγελιζόμενος
2573 695 2668 767 τὴν
2716 696 2949 768 Μαριὰμ
2983 697 3010 747 ό
3043 695 3302 768 Γαϐριὴλ,
3355 698 3448 749 καὶ
3481 697 3647 759 ἄλλος

2063 785 2295 857 ἀλλαχοῦ
2336 803 2456 840 τινα
2495 787 2601 839 τῶν
2645 787 2850 856 ἁγίων·
2885 787 2976 840 καὶ
3021 785 3376 858 προφητεύων
3409 786 3647 851 ἕκαστος

2063 874 2168 929 τῶν
2215 876 2509 948 προφητῶν
2536 895 2549 907 ·
2585 877 2680 930 καὶ
2712 877 2925 940 Παῦλος
2957 879 3013 930 ἐν
3059 875 3247 949 Ῥώμῃ
3294 861 3648 943 εύαγγελιζό-

2066 986 2222 1038 μενος
2247 986 2259 998 ·
2294 970 2390 1022 καὶ
2423 969 2675 1033 Ἰάκωϐος
2699 971 2756 1022 ἐν
2792 969 3142 1040 Ἰερουσαλήμ
3165 982 3181 996 '
3212 968 3305 1021 καὶ
3330 968 3562 1038 Μάρκος
3589 970 3648 1019 ἐν

2077 1059 2451 1132 Ἀλεξανδρείᾳ
2481 1079 2493 1090 ·
2527 1061 2619 1114 καὶ
2653 1060 2811 1123 ἄλλος
2841 1062 2897 1112 έν
2930 1059 3063 1132 ἄλλῃ
3099 1059 3271 1122 πόλει,
3307 1057 3649 1127 ἐπληροῦντο

2063 1150 2140 1221 τῷ
2172 1150 2470 1221 Πνεύματι,
2506 1151 2716 1214 οὐδενὸς
2757 1151 3119 1221 διαστήματος
3151 1147 3450 1210 κωλύοντος
3483 1150 3542 1201 ἐν
3567 1147 3648 1216 τῷ

2065 1239 2214 1309 αύτῷ
2241 1241 2580 1311 ἐνεργεῖσθαι
2606 1241 2703 1310 τὴν
2737 1240 2904 1310 αὐτὴν
2932 1239 3106 1310 χάριν.
3134 1237 3243 1289 Καὶ¹
3266 1237 3386 1299 θεός
3409 1237 3528 1289 ἐστι
3556 1235 3648 1288 διὰ

2061 1329 2220 1383 τοῦτο
2250 1332 2478 1394 ἕκαστος
2508 1331 2615 1384 τῶν
2646 1331 2834 1399 ἁγίων.
2879 1330 3107 1401 Εἴρηται
3140 1328 3248 1398 γὰρ
3277 1325 3412 1398 πρὸς
3439 1326 3648 1389 αὐτοὺς

2061 1421 2213 1493 παρὰ
2246 1422 2338 1475 τοῦ
2389 1422 2556 1476 Θεοῦ·
2607 1421 2747 1492 Ἐγὼ
2802 1417 2958 1484 εἶπα,
3003 1420 3135 1474 Θεοί
3178 1420 3338 1482 ἐστε,
3381 1417 3480 1470 καὶ
3521 1416 3643 1469 υἱοὶ

2074 1511 2355 1580 Ὑψίστου
2429 1513 2649 1578 πάντες
2670 1529 2686 1545 ·
2762 1512 2876 1574 καὶ,
2949 1510 3092 1576 Θεὸς
3155 1509 3325 1572 θεῶν,
3393 1508 3643 1578 δηλονότι

2060 1600 2167 1656 τῶν
2205 1603 2394 1672 ἁγίων,
2460 1605 2676 1672 Κύριος
2708 1603 3016 1672 ἐλάλησε·
3083 1603 3197 1666 καὶ,
3279 1601 3644 1671 Ὀςςθήσεται

2063 1696 2095 1746 ὁ
2136 1693 2279 1761 Θεὸς
2320 1695 2436 1748 τῶν
2480 1695 2630 1749 θεῶν
2676 1696 2747 1748 ἑν
2777 1695 2962 1762 Σιὼν,
2993 1695 3230 1767 δηλονότι
3281 1694 3388 1747 τῶν
3440 1692 3640 1761 ἁγίων.

399 1789 653 1844 Dominus
683 1790 886 1855 locutus
910 1799 985 1844 est
1009 1791 1092 1856 9°;
1119 1799 1172 1844 et
1203 1807 1218 1844 :
1265 1788 1534 1844 Videbitur
1568 1790 1624 1844 in
1665 1787 1796 1844 Sion
1824 1787 1957 1844 Deut

2075 1784 2310 1858 Ἀνάγκη
2337 1787 2393 1840 δὲ
2446 1787 2506 1840 τὸ
2539 1787 2682 1852 θεοῖς
2733 1787 2904 1843 αἴτιον
2959 1787 3051 1840 τοῦ
3106 1787 3262 1850 θεοὺς
3310 1781 3447 1838 εἶναι
3496 1784 3646 1837 θεῖον

399 1888 616 1936 deorum
644 1882 688 1916 ⁹⁷
715 1924 731 1949 ,
757 1891 1066 1937 sanctorum
1105 1880 1372 1936 videlicet.
1407 1879 1641 1937 Necesse
1672 1890 1754 1936 est
1784 1889 1962 1936 autem

399 1984 522 2026 eum
555 1970 648 2040 qui
677 1971 780 2025 diis
806 1985 970 2025 causa
992 1980 1075 2024 est
1098 1979 1157 2024 ut
1183 1969 1254 2026 dii
1283 1969 1417 2035 sint,
1438 1967 1700 2040 Spiritum
1727 1970 1960 2024 divinum

394 2076 538 2130 esse,
567 2072 623 2117 et
657 2077 720 2117 es
757 2061 866 2116 Deo
893 2076 1033 2116 esse.
1087 2060 1156 2116 Ut
1212 2060 1358 2115 enim
1395 2060 1539 2130 quod
1592 2061 1963 2116 cremantibus

397 2167 562 2207 causa
612 2161 698 2208 est
749 2167 847 2207 cur
896 2161 1156 2217 crement,
1204 2151 1260 2205 id
1313 2166 1564 2207 cremans
1595 2165 1715 2207 esse
1742 2165 1962 2207 necesse

394 2254 514 2310 est;
543 2253 598 2298 et
627 2243 769 2313 quod
796 2243 998 2298 sanctis
1032 2257 1192 2298 causa
1217 2251 1299 2298 est
1325 2258 1420 2297 cur
1435 2243 1607 2298 sancti
1629 2244 1756 2309 sint,
1781 2243 1835 2298 id
1862 2258 1954 2298 ne-

399 2335 636 2390 cessario
682 2345 929 2388 sanctum
987 2340 1069 2389 est
1103 2349 1119 2388 :
1178 2333 1255 2388 ita
1294 2341 1348 2387 et
1387 2347 1510 2389 eum
1548 2334 1643 2404 qui
1677 2333 1780 2390 diis
1801 2349 1962 2390 causa

397 2430 481 2476 est
510 2432 570 2476 ut
601 2422 676 2477 dii
723 2424 862 2488 sint,
913 2423 1079 2478 Deum
1119 2437 1240 2478 esse
1275 2437 1497 2480 necesse
1538 2434 1641 2480 est.
1694 2423 1784 2480 Sic
1833 2439 1962 2480 sane

399 2525 521 2564 cum
556 2509 660 2566 tale
685 2511 883 2567 bonum
920 2519 974 2566 et
1020 2511 1196 2566 divina
1231 2513 1499 2578 possessio
1537 2511 1774 2582 Spiritus
1797 2512 1956 2583 322

397 2601 488 2667 sit,
536 2601 648 2670 jam
685 2601 763 2654 illi
810 2600 1059 2670 credens,
1110 2602 1386 2658 Christum
1415 2604 1506 2673 qui
1542 2603 1686 2658 hunc
1712 2603 1914 2672 prabet
1940 2641 1956 2666 ,

399 2707 643 2762 quaerere
691 2706 758 2746 ne
808 2691 1021 2747 timeas.
1068 2689 1237 2746 Nemo
1275 2693 1412 2746 enim
1444 2701 1615 2762 potest
1641 2692 1814 2746 dicere
1846 2690 1959 2745 Do~

399 2786 599 2837 minum
649 2782 855 2848 Jesum,
909 2782 1013 2837 nisi
1066 2782 1124 2837 in
1167 2781 1372 2851 Spiritu
1397 2793 1578 2838 sancto
1605 2783 1672 2836 ⁸³.
1704 2781 1958 2852 thuam

397 2876 562 2930 vitam
588 2874 722 2929 indit
752 2874 985 2952 Spiritus
1017 2874 1074 2929 in
1101 2873 1320 2930 alterius
1347 2874 1777 2941 subsistentiam,
1803 2889 1865 2930 ea
1893 2875 1959 2929 ab

399 2967 519 3035 ipso
542 2981 649 3021 non
675 2975 977 3034 separatur,
1005 2967 1100 3020 sed
1121 2966 1569 3036 quemadmodum
1600 2967 1740 3038 ignis
1766 2977 1848 3022 est
1868 2981 1960 3022 ca-

398 3054 578 3111 liditas
605 3058 800 3125 partim
829 3054 937 3121 illa,
967 3071 1087 3126 quae
1121 3055 1174 3110 in
1200 3072 1266 3112 eo
1289 3065 1393 3124 est,
1429 3058 1626 3127 partim
1655 3058 1766 3124 illa,
1791 3072 1957 3128 quam

2063 1877 2284 1948 Πνεῦμα
2317 1878 2410 1932 καὶ
2433 1879 2496 1932 ὲκ
2517 1879 2651 1933 Θεοῦ
2678 1873 2816 1934 εἶναι
2844 1879 2974 1951 (95).
3021 1879 3108 1943 Ὠς
3137 1878 3245 1950 γὰρ
3273 1880 3386 1940 τοῖς
3407 1893 3642 1930 καυστι-

2067 1973 2184 2034 κοῖς
2213 1970 2381 2023 αίτιον
2407 1971 2500 2025 τοῦ
2528 1974 2851 2035 καυστικοὺς
2883 1969 3042 2035 εἶναι,
3087 1971 3299 2040 ἀνάγκη
3339 1970 3643 2023 καυστικὸν

2061 2060 2220 2130 εἶναι,
2256 2067 2349 2120 καὶ
2376 2066 2438 2120 τὸ
2467 2065 2644 2133 ἁγίοις
2675 2066 2848 2119 αἴτιον
2881 2065 2974 2118 τοῦ
3009 2063 3200 2133 ἁγίους
3239 2060 3381 2116 εἶναι
3417 2063 3642 2130 ἀνάγκη

2061 2154 2213 2223 ἅγιον
2243 2152 2383 2210 εἶναι
2407 2171 2417 2184 ·
2451 2155 2591 2209 οὕτω
2623 2155 2716 2209 καὶ
2739 2155 2799 2207 τὸ
2824 2155 2965 2218 θεοῖς
3002 2152 3172 2208 αἴτιον
3195 2153 3288 2206 τοῦ
3313 2152 3472 2216 θεοὺς
3497 2148 3642 2205 εῖναι

2060 2247 2270 2320 ἀνάγκη
2300 2248 2431 2302 Θεὸν
2464 2246 2600 2302 εἶναι
2637 2247 2769 2318 (94).
2824 2246 2978 2300 Οῦτω
3025 2245 3091 2318 δὴ
3129 2245 3373 2299 τοιούτου
3422 2242 3638 2312 ἀγαθοῦ

2061 2340 2152 2393 καὶ
2180 2339 2321 2393 θείου
2355 2339 2504 2404 ὄντος
2535 2339 2814 2410 κτήματος
2842 2338 2934 2392 τοῦ
2966 2337 3303 2409 Πνεύματος,
3331 2336 3640 2398 πιστεύσας

2060 2430 2159 2504 ἤδη
2182 2430 2275 2502 τῷ·
2292 2429 2539 2502 τοιούτῳ,
2582 2430 2818 2501 Χριστὸν
2845 2429 2935 2484 τὸν
2966 2429 3155 2483 τούτου
3179 2429 3416 2501 χορηγὸν
3442 2426 3642 2498 ἐπιζη-

2059 2525 2170 2575 τεῖν
2196 2523 2272 2594 μὴ
2300 2522 2492 2577 δειλία.
2539 2523 2750 2589 Οὐδεὶς
2777 2522 2888 2592 γὰρ
2914 2522 3161 2576 δύναται
3192 2522 3386 2575 εἰπεῖν
3417 2523 3648 2589 Κύριον·

2073 2615 2302 2684 Ἰησοῦν
2323 2618 2378 2670 εί
2413 2615 2501 2685 μὴ
2535 2615 2604 2669 ἐν
2630 2616 2929 2685 Πνεύματι
2965 2615 3129 2685 ἁγίῳ.
3160 2615 3269 2667 Καὶ
3294 2615 3362 2685 ἣν
3387 2614 3646 2685 προΐεται

2059 2706 2114 2759 δὲ
2134 2705 2279 2777 ζωὴν
2301 2707 2382 2769 εἰς
2407 2705 2565 2760 άλλου
2601 2705 2894 2758 ὑπόστασιν
2932 2705 2994 2757 τὸ
3023 2704 3266 2774 Πνεῦμα,
3306 2704 3368 2756 ού
3400 2703 3642 2774 χωρίζε-

2059 2813 2150 2850 ται
2179 2797 2364 2865 αὐτοῦ,
2396 2795 2509 2851 ἁλλ’
2533 2796 2721 2867 ὥσπερ
2755 2795 2925 2866 πυρὸς
2953 2795 3013 2848 τὸ
3034 2796 3132 2865 μέν
3161 2796 3306 2848 ἐστιν
3335 2796 3369 2864 ἡ
3397 2792 3646 2847 συνοῦσα

2061 2887 2350 2960 θερμότης,
2407 2888 2467 2942 τὸ
2491 2889 2569 2952 δὲ,
2611 2889 2678 2960 ἢν
2701 2888 2928 2959 παρέχει
2960 2885 3038 2957 τῷ
3071 2886 3243 2949 ὕδατι,
3270 2887 3304 2955 ἢ
3334 2885 3509 2955 ἑτέρῳ
3528 2886 3649 2936 τινὶ

2059 2979 2166 3034 τῶν
2194 2979 2478 3046 τοιούτων,
2508 2979 2650 3034 οὕτω
2673 2979 2766 3034 καὶ
2792 2980 2922 3034 αὐτὸ
2961 2981 3053 3032 καὶ
3084 2981 3143 3034 ὲν
3173 2977 3350 3048 ἑαυτῷ
3391 2978 3510 3049 ἔχει
3539 2977 3646 3048 τὴν

2059 3067 2205 3142 ζωήν
2224 3088 2239 3102 ·
2264 3073 2359 3126 καὶ
2377 3071 2426 3125 οί
2445 3071 2764 3142 μετέχοντες
2779 3068 2943 3124 αὐτοῦ
2967 3070 3099 3136 ζῶσι
3120 3067 3458 3142 θεοπρεπῶς,
3494 3065 3648 3136 ζωὴν

397 3160 553 3215 aquae
575 3153 669 3200 aut
695 3145 850 3199 alteri
894 3145 972 3200 rei
1001 3145 1260 3214 ejusmodi
1281 3147 1553 3218 impertit:
1599 3147 1679 3202 sic
1728 3148 1802 3202 ita
1830 3161 1957 3218 quo-

2065 3160 2211 3216 θείαν
2235 3163 2330 3215 καὶ
2361 3161 2610 3233 οὐράνιον
2642 3161 2989 3232 κεκτημένοι.
3020 3161 3204 3214 Πάντα
3231 3159 3340 3232 γὰρ
3371 3161 3427 3211 ὲν
3461 3157 3648 3228 ἑαυτῷ

396 3251 502 3306 que
533 3236 664 3306 ipse,
690 3245 745 3291 et
768 3237 820 3290 in
851 3238 1143 3306 semetipso
1165 3239 1326 3292 vitam
1353 3239 1551 3306 habet;
1586 3248 1642 3294 et
1671 3242 1761 3308 qui
1790 3240 1956 3309 ipsius

399 3333 536 3384 tiunt
569 3328 879 3399 participes,
907 3329 963 3394 ii,
997 3338 1052 3384 ut
1080 3329 1207 3385 deos
1235 3330 1411 3395 decet,
1453 3330 1658 3394 vivunt,
1692 3332 1852 3386 vitam
1875 3332 1956 3388 di-

397 3422 576 3476 vinam
610 3437 671 3476 ac
703 3422 981 3478 cceleslem
1018 3432 1419 3492 comparantes.
1464 3423 1599 3476 Nam
1631 3423 1955 3479 immortalia

396 3512 578 3566 omnia
606 3511 656 3566 in
680 3511 860 3582 seipso
891 3512 1150 3580 continet,
1179 3522 1414 3569 mentem
1441 3528 1678 3579 omnem,
1712 3514 1955 3584 angelum

395 3618 634 3667 omnem,
669 3603 902 3658 animam
930 3619 1143 3659 omnem
1179 3623 1194 3660 :
1226 3613 1278 3661 et
1311 3621 1434 3661 cum
1477 3605 1612 3662 bene
1641 3620 1700 3661 se
1739 3607 1954 3673 habeat,

399 3709 506 3748 non
538 3695 735 3764 quaerit
761 3695 1138 3758 mutationem,
1171 3711 1343 3765 neque
1387 3697 1788 3766 migrationem,
1835 3713 1956 3752 cum

396 3784 451 3838 in
477 3785 652 3853 seipso
681 3784 873 3838 habeat
899 3784 1099 3839 omnia.
1125 3784 1229 3840 Sed
1264 3800 1362 3840 nec
1380 3786 1562 3854 augeri
1587 3787 1955 3878 quwrithum

397 3877 470 3932 sit
509 3875 956 3946 perfecussimus.
982 3875 1321 3947 Quapmpter
1337 3886 1391 3932 et
1409 3877 1548 3947 apud
1577 3877 1750 3948 ipsum
1773 3875 1954 3934 omnia

396 3978 520 4024 sunt
542 3967 802 4037 perfecta,
821 3968 1083 4031 charitas,
1107 3969 1380 4038 gaudium,
1401 3983 1525 4035 pax,
1559 3969 1775 4037 lenitas,
1802 3970 1952 4025 boni-

397 4071 498 4126 tas,
525 4060 804 4130 sapientia,
852 4058 1229 4130 intelligentia,
1273 4061 1582 4126 consilium,
1617 4063 1804 4130 tutela,
1835 4063 1952 4133 pie-

397 4164 501 4220 tas,
536 4153 789 4223 cognitio,
822 4153 1212 4218 sanctiﬁcatio,
1255 4154 1571 4223 redemptio,
1607 4154 1739 4213 lides
1763 4197 1780 4225 ,
1834 4172 1957 4228 ope-

395 4246 631 4300 rationes
656 4245 1040 4314 potentiarum,
1065 4245 1405 4301 sanationum
1431 4247 1590 4314 dona,
1614 4257 1668 4304 et
1695 4264 1952 4318 quaecun-

394 4349 500 4404 que
529 4335 612 4389 his
646 4335 862 4391 similia.
895 4335 1040 4392 Nihil
1067 4336 1121 4391 in
1149 4351 1207 4392 se
1245 4336 1406 4392 habet
1462 4339 1741 4394 adventitii
1774 4359 1788 4396 :
1856 4344 1952 4398 sed

393 4430 556 4486 habet
583 4430 762 4486 omnia
787 4427 1134 4498 sempiterne,
1164 4437 1418 4498 tanquam
1451 4430 1545 4485 Dei
1585 4430 1840 4501 Spiritus,
1901 4445 1954 4489 et

2062 3250 2130 3305 τὰ
2172 3249 2413 3307 ἀθάνατα
2457 3250 2733 3322 περιέχει·
2774 3249 2899 3304 νοῦν
2939 3249 3142 3313 πάντα,
3178 3248 3405 3318 ἄγγελον
3434 3248 3648 3308 πάντα,

2061 3341 2234 3415 ψυχὴν
2277 3344 2477 3405 πᾶσαν,
2536 3340 2632 3394 καλ⁸
2681 3339 2803 3394 οὐδὲ
2831 3339 2984 3412 ζητεῖ
3039 3339 3358 3418 μεταϐολὴν,
3404 3334 3465 3391 εὖ
3496 3338 3647 3408 ἕχον,

2061 3434 2182 3487 οὐδὲ
2223 3432 2522 3504 μετελθεῖν,
2559 3432 2735 3486 πάντα
2777 3432 2906 3502 παρ’
2936 3429 3112 3500 ἐαυτῷ
3163 3429 3303 3500 ἔχον.
3347 3426 3489 3480 Ἀλλ’
3522 3427 3650 3480 οἱ.δέ

2063 3523 2286 3596 αὔξησιν
2314 3524 2580 3597 ἐπιζητεῖ,
2610 3524 2942 3578 τελειότατον
2979 3524 3059 3577 δν.
3095 3523 3186 3576 Διὸ
3209 3523 3302 3575 καὶ
3325 3521 3456 3592 παρ’
3492 3520 3650 3588 αὐτῷ

2064 3617 2237 3672 πάντα
2287 3617 2489 3683 τέλεια,
2523 3618 2735 3691 ἀγάπη,
2785 3619 2948 3690 χαρὰ,
2999 3617 3209 3688 εἰρήνη,
3262 3612 3648 3686 μακροθυμία,

2063 3708 2415 3782 χρηστότης,-
2437 3709 2619 3779 σοφία,
2656 3709 2890 3775 σύνεσις,
2935 3707 3118 3778 βουλὴ,
3147 3705 3434 3774 ἀσφάλεια,
3481 3704 3649 3756 εύσέ-

2062 3796 2204 3864 ϐεια,
2234 3799 2457 3867 γνῶσις,
2496 3796 2787 3868 ἁγιασμὸς,
2814 3795 3207 3867 ἀπολύτρωσις,
3243 3791 3450 3856 πίστις,
3482 3793 3647 3861 ἐνερ-

2061 3891 2284 3961 γήματα
2343 3889 2649 3960 δυνάμεων,
2705 3887 3017 3960 χαρίσματα
3072 3884 3336 3956 ίαμάτων,
3376 3883 3472 3936 καὶ
3539 3884 3648 3935 ὅσα

2060 3979 2270 4044 τούτοις
2311 3979 2696 4073 παραπλήσια·
2744 3978 2895 4032 οὐδὲν
2937 3977 3059 4048 ἔχον
3102 3977 3161 4030 ὲν
3200 3973 3378 4044 ἐαυτῷ
3403 3975 3645 4044 ἐπίκτη-

2061 4089 2152 4126 τον
2171 4089 2183 4102 ·
2213 4071 2327 4126 ἀλλ’
2366 4059 2553 4135 ἅῖδίως
2585 4071 2761 4126 πάντα
2794 4069 2939 4140 ἔχον,
2973 4069 3048 4132 ὡς
3086 4066 3312 4138 Πνεῦμα
3339 4065 3502 4133 Θεοῦ,
3542 4067 3650 4119 καὶ

2062 4163 2122 4229 ἐξ
2137 4164 2301 4218 αὑτοῦ
2331 4163 2569 4235 πεφηνὸς
2597 4163 2734 4236 (95),
2763 4165 2933 4217 αίτιον
2962 4161 3122 4216 αὐτὸν
3143 4160 3265 4232 ἕχον
3289 4161 3365 4223 ῶς
3389 4158 3504 4230 (96)
3531 4176 3652 4231 πη-

2062 4256 2162 4325 γὴν
2197 4254 2412 4322 ἑαυτοῦ,
2468 4254 2718 4310 κάκεῖθεν
2776 4252 3044 4324 πηγάζον.
3082 4253 3241 4324 Πηγὴ
3272 4251 3330 4304 δὲ
3378 4251 3476 4304 καὶ
3505 4250 3650 4303 αὐτὸ

2059 4344 2168 4398 τῶν
2208 4346 2619 4418 προειρημένων
2669 4344 2906 4414 ἀγαθῶν.
2954 4344 3115 4398 Ἀλλὰ
3157 4343 3220 4397 τὸ
3245 4343 3342 4414 μὲν
3395 4343 3463 4395 ὲκ
3499 4341 3646 4395 Θεοῦ

2061 4436 2304 4508 πηγάζον
2340 4437 2699 4491 ὲνυπόστατόν
2742 4439 2855 4490 ἐστι
2878 4453 2891 4468 ·
2937 4436 3007 4490 τὰ
3062 4436 3118 4489 δὲ
3157 4435 3214 4503 ἐξ
3242 4435 3406 4489 αὐτοῦ
3445 4435 3651 4505 πηγὰ-

391 4522 460 4575 ab
489 4523 604 4592 ipso
629 4533 932 4590 emergens,
975 4533 1193 4573 causam
1228 4521 1398 4588 ipsum
1421 4521 1628 4578 habens
1663 4525 1805 4579 sicut
1837 4525 1955 4580 fon-

2064 4527 2220 4593 ζοντα
2266 4528 2534 4598 ἐνέργειαι
2587 4529 2751 4582 αὐτοῦ
2811 4531 2936 4584 εἱσι.
2986 4527 3156 4581 Τοῦτο
3185 4528 3249 4580 τὸ
3296 4525 3526 4596 Πνεῦμα
3577 4528 3649 4580 τὸ

394 4622 502 4666 tem
540 4611 645 4680 sui,
685 4617 740 4665 et
767 4611 890 4666 inde
921 4623 1170 4666 manans.
1220 4607 1366 4666 Fons
1399 4620 1576 4667 autem
1611 4621 1664 4668 et
1709 4615 1822 4685 ipse
1864 4631 1955 4672 eo-

393 4717 512 4756 rum
551 4715 671 4770 qute
708 4709 832 4756 ante
860 4700 1145 4758 retulimus
1173 4702 1460 4757 bonorum.
1493 4703 1654 4772 Atqui
1709 4706 1852 4774 quod
1886 4723 1952 4762 ex

395 4791 504 4847 Deo
529 4797 733 4858 manat,
779 4789 836 4844 id
889 4789 1170 4858 subsistit;
1220 4805 1340 4861 quae
1368 4805 1495 4847 vero
1518 4807 1585 4848 ex
1615 4807 1682 4849 eo
1709 4807 1950 4863 manant,

2060 4617 2212 4687 ἅγιον
2255 4619 2468 4691 ἐξέχεεν
2497 4621 2582 4691 ἐφ’
2613 4621 2762 4692 ἡμᾶς
2800 4619 3067 4685 πλουσίως
3103 4622 3133 4674 ὁ
3163 4619 3294 4683 Θεὸς
3325 4617 3414 4672 διὰ
3453 4617 3643 4688 Ἰησοῦ

2059 4711 2295 4780 Χριστοῦ
2321 4731 2335 4744 ·
2363 4712 2595 4785 ἐξέχεεν,
2621 4715 2722 4767 οὐκ
2755 4713 2967 4767 ἔκτισεν
3009 4711 3154 4784 (97)·
3186 4711 3503 4782 ἐχαρίσατο,
3533 4711 3648 4764 οὐκ

2061 4803 2344 4874 εποίησεν·
2391 4804 2610 4871 ἔδωκεν,
2657 4806 2755 4859 οὐκ
2797 4803 3245 4876 ἐδημιούργησεν.
3289 4804 3383 4855 Ἐκ
3419 4800 3650 4854 παραὶ-

462 4948 680 5005 "Psal.
722 4965 905 5016 uxxr,
935 4950 986 5005 6.
1062 4951 1109 4983 ”
1164 4950 1301 5006 Psal.
1339 4966 1498 5017 xm,
1536 4952 1584 5006 l.
1661 4953 1704 4984 ”
1752 4952 1894 5011 Psal.
1942 4978 1957 5016 1

2064 4977 2172 5024 tm,
2214 4961 2267 5015 8.
2341 4960 2385 4990 ⁸⁸
2415 4959 2430 5011 I
2463 4957 2588 5012 Cor.
2629 4973 2723 5022 χιι,
2762 4957 2811 5010 5.

465 5091 578 5160 (9'5)
609 5089 748 5160 Editi
778 5087 868 5160 καὶ
895 5089 1026 5144 Θεὸν
1058 5087 1215 5144 εἶναι.
1263 5089 1334 5144 Αι
1368 5091 1537 5146 nostri
1581 5101 1786 5160 septem
1819 5109 1951 5149 mss.

397 5155 489 5216 xui.
518 5155 583 5214 ὲκ
599 5159 738 5213 Θεοῦ
762 5155 919 5212 εἶναι.

465 5231 578 5303 (94)
607 5231 782 5286 Codex
816 5229 966 5303 _(_Zu_lb_.
999 5228 1139 5303 θεῖον
1177 5225 1334 5303 εἶναι,
1375 5231 1610 5286 divinum
1662 5245 1822 5285 esse.-.
1849 5231 1956 5289 Alii

395 5295 488 5356 sei
520 5295 650 5357 nise.
689 5308 745 5355 et
767 5299 897 5354 editi
923 5299 1054 5352 Θεὸν
1085 5295 1245 5364 εἶναι,
1278 5299 1441 5354 Deum
1467 5316 1593 5354 esse.
1766 5364 1769 5365 ν

467 5371 579 5441 (95)
627 5371 758 5439 Reg.
796 5368 1041 5442 tertius_
1069 5369 1128 5437 ἐξ
1173 5370 1366 5442 ἑαυτοῦ
1407 5371 1668 5442 πεφηνὸς.
1708 5369 1811 5424 Alii
1857 5371 1962 5442 tino

399 5455 525 5496 mss.
551 5435 604 5495 et
627 5435 759 5496 ediii
789 5436 850 5502 ἐξ
879 5435 1066 5507 αὑτοῦ,
1090 5435 1155 5496 ea:
1188 5443 1297 5509 ipso
1327 5439 1436 5496 Deo
1484 5435 1764 5510 emergens,
1808 5441 1964 5510 eﬁul-

460 5525 538 5568 ns,
567 5519 732 5564 recte.

791 5597 1058 5636 secundus
1083 5589 1136 5650 et
1167 5579 1357 5634 tertius
1395 5577 1565 5632 αἴτιον
1602 5593 1779 5650 εανρ
1820 5597 1957 5650 εχων

397 5645 494 5710 ὦς,
522 5645 626 5718 etc.
658 5648 796 5703 Editi
832 5665 958 5705 vero
1009 5661 1062 5704 et
1106 5649 1237 5718 Reg.
1292 5651 1511 5718 quintus
1560 5645 1757 5707 αἴτιον
1794 5645 1955 5706 αἷτὸν

397 5719 539 5788 ἔχον,
581 5715 745 5773 Deum
770 5721 962 5775 habens
1002 5715 1239 5789 causam,
1272 5715 1494 5789 optime.
1764 5721 1770 5727 ’

2445 5094 2560 5168 οὐκ-
2575 5092 2816 5168 {lgna-5!.
2856 5091 3091 5168 ’ἔδωὲεγέ
3125 5090 3224 5143 Οὐκ

2068 5161 2175 5224 σεν.
2219 5161 2315 5219 ‘Ex
2364 5162 2936 5235 aapalkﬂiou.__€oder_r
2975 5161 3129 5215 Colb.
3179 5169 3235 5235 et
3277 5161 3407 5226 Heg.
3441 5176 3636 5235 sextus

2063 5237 2194 5292 utin
2221 5229 2514 5298 contextu;
2573 5229 2670 5286 nec
2704 5231 2860 5284 aliter
2913 5232 3177 5298 interpres
3221 5229 3446 5298 legerat.
3475 5231 3636 5295 Quod

2062 5305 2424 5362 Combeﬁsius
2449 5304 2550 5357 hoc
2576 5301 2698 5355 loco
2726 5302 2804 5355 ait
2831 5318 2844 5351 :
2874 5298 3192 5352 Eunomium
3215 5301 3310 5350 hoc
3342 5301 3513 5364 capite
3541 5303 3637 5351 ni-

2063 5377 2140 5430 hil
2170 5374 2340 5440 feriri,
2372 5373 2462 5427 sed
2484 5371 2800 5426 catholicum
2830 5371 3045 5440 instrui,
3075 5369 3384 5436 ﬁrmarique
3423 5370 3478 5420 in
3523 5369 3636 5436 fide

2062 5438 2276 5500 deit‘att's
2311 5442 2565 5510 Spiritus,
2608 5451 2655 5494 et
2693 5438 3033 5510 tractatulum
3085 5454 3204 5510 esse
3246 5454 3478 5510 seorsum
3515 5440 3637 5510 edi-

2059 5526 2191 5579 tum,
2222 5525 2276 5568 ut
2295 5507 2412 5566 sunt
2443 5510 2705 5565 Basiliani
2744 5509 2835 5561 alii
2878 5509 2933 5561 in
2974 5508 3254 5579 Ascelicis,
3284 5508 3466 5579 de‘eo
3504 5507 3642 5560 nolo

2084 5575 2203 5638 luti:
2226 5598 2347 5637 cum
2371 5596 2436 5636 eo
2480 5579 2807 5634 contendere
2841 5596 2852 5630 :
2891 5578 2984 5630 sed
3008 5587 3185 5630 utrum
3220 5577 3332 5629 haec
3369 5575 3639 5636 lucutua,

2084 5601 2296 5712 i‘uJ'i‘tt‘ula
2337 5651 2621 5712 Basiliisit,
2648 5649 2700 5703 in
2731 5647 3052 5702 Praefatione
3081 5646 3406 5700 inouiretur.

2105 5671 2154 5712 lll

2061 5601 2131 5638 nu
2151 5601 2203 5638 lc
2226 5601 2347 5637 cum
2371 5601 2436 5636 eo
2480 5601 2807 5634 consenuere
2841 5601 2852 5630 :
2891 5601 2984 5630 seu
3008 5601 3185 5630 Utrum
3220 5601 3332 5629 "ac
3369 5601 3406 5627 ιι

2061 5601 2296 5712 tm'Jil‘t'ula
2337 5651 2621 5716 Basiliisit,
2648 5649 2700 5703 in
2731 5647 3052 5702 Praefatione
3081 5646 3406 5700 inouiretur.
