4068 6204
1539 374 1982 385 ..ο-.-γο-σ-ο-...ο

637 588 1104 744 VITA
1264 587 1422 782 S,
1570 587 2344 749 BASILII
2431 591 3090 753 MAGNI

267 1299 678 1389 Propositum
713 1299 891 1389 mihi
911 1309 1008 1389 est
1054 1297 1118 1362 in
1172 1297 1292 1361 hac
1330 1293 1832 1382 pertractatione
1881 1294 2034 1389 quid
2085 1295 2360 1380 gesserit
2401 1308 2464 1364 et
2506 1295 2845 1389 scripserit
2990 1295 3288 1389 Basilius,
3318 1302 3544 1370 obser-

191 1405 320 1459 vato
357 1383 555 1478 quam
605 1387 1096 1478 accuratissime
1139 1396 1366 1473 potero
1410 1395 1800 1478 temporum
1820 1383 2076 1478 ordine,
2129 1383 2785 1478 exponere._0_rdinis
2810 1384 2985 1478 enim
3028 1388 3088 1454 in
3119 1389 3319 1457 rebus
3349 1391 3549 1478 gestis

192 1471 565 1548 enarrandis
608 1489 785 1543 tanta
827 1477 1030 1542 virtus
1071 1471 1190 1568 est,
1235 1483 1309 1568 ut
1346 1493 1476 1538 non
1519 1471 2026 1568 sol-umiacilius
2073 1473 2291 1568 animo
2340 1475 2806 1568 percipiantur,
2851 1474 3006 1539 dum
3037 1497 3228 1544 suum
3268 1471 3547 1568 qumque

193 1572 392 1635 locum
434 1569 745 1632 decenter
781 1576 1024 1654 tenent,
1063 1564 1173 1629 sed
1221 1561 1415 1628 etiam
1459 1559 1648 1646 pretii
1697 1560 2052 1654 plurimum
2102 1559 2373 1654 accedat
2408 1559 2850 1654 aut'_decedal,
2884 1574 3082 1654 prout
3113 1577 3259 1654 apte
3285 1559 3547 1636 secusve

193 1659 606 1723 collocantur.
646 1653 974 1721 Permulta
1015 1664 1189 1731 sunt,
1234 1669 1519 1738 quorum
1556 1648 1808 1715 consilii
1846 1648 2011 1738 ratio
2054 1649 2313 1738 penitus
2364 1651 2610 1734 latebit,
2641 1651 2694 1717 si
2733 1671 2769 1716 a
2808 1648 2926 1716 suo
2967 1648 3356 1722 divellantur
3383 1668 3544 1725 tem-

198 1767 385 1832 pore;
419 1743 547 1809 alia
593 1744 855 1832 laudem
905 1743 1095 1832 longe
1158 1737 1518 1817 exiliorem,
1558 1738 1866 1832 nonnulla
1912 1737 2107 1803 etiam
2150 1737 2586 1832 difﬁciliorem
2629 1738 2964 1807 habebunt
3017 1744 3541 1832 excusationem.

196 1824 348 1914 Quin
387 1832 585 1898 etiam
631 1843 805 1898 recte
833 1831 999 1897 facta
1025 1824 1169 1894 'vim
1233 1840 1294 1894 et
1334 1836 1636 1917 naturam
1679 1824 2116 1917 amittunt,_ac
2163 1827 2432 1917 virtutes
2498 1848 2970 1914 nonnunquam
3011 1829 3448 1917 invertuntur,
3495 1833 3548 1901 si

197 1923 334 2010 quis
375 1931 645 2010 eventus
674 1921 817 1986 loco
857 1939 986 1985 non
1033 1939 1151 1984 suo
1184 1925 1511 2010 narretur.
1557 1913 1850 1980 Charitas
1870 1913 2311 2010 ABasilii,_.qui_
2337 1917 2803 2010 patrimonium
2843 1927 2908 1984 et
2966 1918 3150 1987 initio
3207 1913 3547 1990 monastici

201 2001 496 2088 instituti,
540 2021 610 2074 et
643 2015 868 2075 decem
899 2017 1040 2093 post
1083 2005 1292 2084 annis,
1332 2001 1509 2087 gravi
1555 2013 1823 2088 urgente
1861 2001 2054 2084 fame,
2104 2001 2460 2088 distribuit,
2507 2025 2783 2092 magnus
2822 2026 2962 2073 esse
3027 2027 3244 2077 naevus
3292 2011 3550 2079 videtur

201 2101 256 2166 in
307 2119 526 2166 severo
564 2096 970 2185 paupertatis
1002 2094 1396 2185 legjslatore,
1425 2111 1707 2177 eumque
1747 2111 2060 2185 arguere,
2091 2094 2437 2185 quodnon
2477 2094 2692 2185 statim
2725 2115 2792 2160 se
2839 2095 3146 2166 omnibus
3188 2097 3384 2166 rebus
3421 2120 3546 2166 nu-

201 2188 457 2254 daverit.
505 2178 633 2252 Séd
682 2178 736 2250 si
765 2197 1036 2250 matrem
1082 2181 1460 2248 Emmeliam
1510 2188 1845 2274 grassante
1884 2178 1987 2245 illa
2031 2179 2199 2247 fame
2239 2182 2475 2274 obiisse
2513 2184 3022 2268 demonstretur,
3065 2198 3329 2274 accepta
3372 2189 3548 2256 illius

207 2290 404 2366 morte
440 2274 820 2366 hairedita_s,
867 2285 937 2339 ut
975 2292 1115 2366 mos
1163 2281 1302 2366 erat
1342 2281 1708 2366 temporum
1748 2266 2046 2366 illorum,
2085 2278 2150 2335 et
2179 2271 2397 2338 statim
2439 2271 2505 2338 in
2546 2292 2867 2360 pauperes
2898 2266 3128 2358 ell'usa,
3170 2266 3549 2366 promptum

207 2365 411 2432 Basilii
461 2362 542 2429 ad
599 2363 814 2430 omnia
845 2359 1248 2449 projicienda
1291 2357 1586 2449 animum
1624 2358 1928 2422 declarat.

284 2454 409 2521 Hoc
449 2473 661 2519 unum
713 2444 1060 2541 demultis
1088 2448 1450 2541 exemplum
1481 2444 1720 2541 affero,
1766 2455 1836 2510 ut
1875 2445 2202 2541 neminem
2243 2448 2564 2541 deterreat
2592 2449 2856 2541 legendi
2895 2459 2958 2541 et
2999 2451 3426 2541 investigandi
3457 2453 3552 2521 la-

207 2544 334 2608 lior.
371 2544 684 2628 Suscepta
726 2539 898 2606 enim
939 2536 1137 2624 hujus
1199 2532 1341 2602 vita:
1373 2533 1730 2632 scribenda?
1773 2532 1961 2632 ratio,
2018 2544 2359 2632 propterea
2385 2537 2558 2623 quod
2587 2532 2949 2632 in'obcuris
2986 2540 3185 2608 rebus
3225 2532 3552 2630 explican-

202 2633 292 2698 dis
329 2652 492 2719 seepe
536 2622 859 2719 versatur,
909 2622 1044 2694 non
1082 2637 1254 2692 tanta
1295 2626 1619 2719 voluptate
1671 2622 1738 2686 in
1805 2622 2128 2719 legendo“
2145 2623 2408 2719 retinet,
2459 2637 2707 2719 quanta
2723 2625 2954 2719 libera
2991 2639 3056 2694 et
3101 2629 3240 2698 sine
3282 2622 3554 2704 salebris

206 2709 759 2787 tluens'narratio.
800 2717 938 2782 Non
984 2727 1222 2804 tamen,
1270 2723 1340 2779 ut
1378 2709 1678 2804 equidem
1723 2709 1982 2797 opinor,
2021 2709 2649 2804 ofﬁcientuobsjcuraa
2675 2713 3105 2803 difﬁcilesque
3133 2719 3550 2804 quaestiones,

209 2810 262 2873 in
303 2808 538 2897 quibus
578 2808 911 2897 interdum
959 2801 1385 2882 morabimur,
1428 2799 2129 2897 quonimushgermana
2161 2799 2375 2865 Basilii
2416 2799 2682 2897 effigies
2701 2813 2848 2868 ante
2875 2799 3097 2897 oculos
3129 2799 3385 2897 depicta
3408 2828 3554 2873 ver-

206 2885 394 2964 setu'r,
428 2895 851 2982 Uunicuique
898 2893 960 2958 in
1002 2901 1306 2982 promptu
1349 2885 1472 2955 erit
1512 2885 1742 2982 eximia
1773 2886 1892 2982 illa
1933 2887 2159 2982 pietas,
2198 2898 2290 2982 tot
2335 2885 2584 2982 naturae
2628 2891 2968 2982 _dona,q_tot
3006 2885 3318 2965 doctrinm
3357 2913 3553 2962 orna-

209 2998 409 3052 “14.31111
447 2986 508 3050 in
554 2974 824 3050 latebris
868 2974 1261 3070 recondens;
1307 2974 1888 3070 summacharitas
1917 2996 1994 3070 ne
2037 2975 2101 3040 in
2144 2976 2494 3046 solitudine
2532 2978 2796 3059 Quidem
2823 2979 3163 3048 discedens
3195 2982 3274 3048 ab
3305 3003 3553 3070 augenv

209 3075 300 3140 .iis
343 3074 646 3141 Ecclesia:
679 3071 1092 3148 utilitatibus,
1139 3067 1202 3134 in
1275 3063 1634 3154 sacerdotio
1677 3074 1922 3154 autem,
1952 3063 2129 3154 inter
2195 3077 2547 3154 perpetuos
2594 3078 2657 3134 et
2696 3088 2922 3153 graves
2959 3070 3225 3138 morbos
3265 3063 3425 3137 non'
3442 3071 3557 3138 uni

211 3162 520 3248 Ecclesiae,
572 3163 684 3227 sed
728 3158 1028 3248 pluribus
1061 3155 1204 3248 aliis
1247 3152 1744 3248 regendis,_imo
1788 3152 2241 3248 pacificandis
2267 3152 2467 3248 totius
2514 3155 3046 3248 orbisEcclesiis
3072 3157 3318 3248 intenta
3355 3159 3557 3248 :ani-

213 3245 345 3319 nius
384 3251 445 3317 in
487 3241 895 3338 amplissimo
936 3247 1244 3338 graduet
1279 3264 1536 3338 summa
1567 3243 1756 3338 fama;
1794 3241 2165 3338 celebritate
2206 3243 2736 3338 demississimus,
2779 3245 2843 3311 in
2871 3246 3277 3338 defendendo
3303 3247 3555 3334 episco-

213 3351 389 3424 patus
423 3339 579 3427 jure
606 3328 994 3427 'magnusét
1029 3332 1353 3413 sublimis,
1397 3331 1462 3396 in
1502 3328 1797 3427 colendis
1837 3330 2139 3427 amicitiis
2178 3331 2355 3427 omni
2404 3332 2808 3427 humanitate
2848 3334 3192 3423 expolitus,
3231 3328 3435 3403 facilis
3477 3339 3554 3404 ad

211 3419 652 3516 deponendam
695 3419 1143 3516 oﬂensionem,
1186 3441 1571 3516 semperque
1615 3419 1692 3484 ad
1741 3419 2085 3516 placandos
2126 3420 2423 3516 homines
2471 3441 2599 3487 non
2646 3419 3443 3516 amicos—paratissimus:
3492 3425 3559 3492 in

213 3508 483 3604 propriis
530 3513 948 3583 contumeliis
998 3531 1254 3604 summa
1294 3508 1524 3604 lenitas
1586 3517 1650 3604 et
1693 3509 2152 3604 mansuetudo,
2204 3509 2571 3604 teterrimas
2635 3508 2991 3604 calumnias
3044 3521 3108 3604 et
3138 3533 3400 3604 sparsos
3444 3535 3560 3602 per

217 3595 409 3672 lotum
454 3606 686 3672 orbem
736 3604 1015 3669 famosos
1073 3600 1328 3666 libellos
1394 3595 1650 3664 silentio
1717 3597 1834 3686 per
1881 3605 2012 3663 tres
2059 3617 2260 3663 annos
2307 3600 2682 3686 perferens:
2738 3599 2802 3665 in
2868 3595 3294 3669 defendendis
3339 3595 3557 3668 aut-em

210 3693 431 3760 Christi
459 3692 740 3782 injuriis
779 3689 974 3757 animi
1042 3687 1356 3782 lortitudo
1398 3696 1461 3754 et
1499 3683 1887 3782 constantia,
1930 3705 2127 3772 quam
2177 3683 2321 3782 non
2368 3687 2600 3782 easilii,
2635 3707 2766 3756 non
2802 3689 3033 3757 mortis
3072 3691 3389 3779 pericula,
3425 3709 3559 3758 non

211 3782 400 3849 ullius
438 3775 778 3871 potestatis
813 3791 1024 3847 metus
1064 3799 1099 3844 a
1145 3776 1413 3844 veritate
1454 3775 1666 3863 palam
1697 3785 1761 3840 et
1805 3785 2025 3861 aperte
2073 3775 2487 3863 praedicanda
2516 3777 2997 3846 deterruerunt.

723 4067 968 4133 CAPUT
1004 4066 1326 4133 PRIMUM.
1866 4101 1903 4148 Α
1935 4063 2092 4124 velut
2117 4080 2184 4123 ex
2210 4059 2538 4140 composito
2572 4061 2838 4123 coivisse.
2873 4061 3006 4144 Ipse
3031 4062 3284 4126 Basilius
3305 4083 3425 4126 non
3448 4063 3561 4125 ob-

295 4163 336 4227 l.
358 4165 424 4227 S.
449 4165 721 4228 Basilius
751 4163 1048 4224 (lassor-eae
1071 4158 1436 4222 nasciturll
1464 4158 1653 4238 quue
1678 4159 1841 4220 circa

286 4264 507 4306 annum
529 4245 674 4308 329.
700 4243 796 4304 Ill.
826 4245 908 4304 De
928 4242 1097 4304 illius
1112 4242 1271 4302 avis.
1297 4239 1370 4300 ιν
1401 4241 1486 4299 De
1508 4247 1687 4319 patre
1721 4238 1842 4299 Ba-

288 4327 428 4386 silio
457 4335 514 4388 et
556 4334 748 4387 matre
794 4325 1117 4384 Emmetiu.
1158 4323 1225 4381 V.
1267 4319 1495 4382 Bas-itii
1541 4319 1654 4381 sub
1704 4322 1840 4381 avia

291 4407 560 4467 Murrina
583 4424 654 4467 ac
665 4403 886 4466 deinde
900 4402 1008 4464 sub
1023 4411 1203 4482 patre
1222 4402 1490 4481 puerilis
1511 4400 1833 4482 institutio.

291 4485 384 4547 Vl.
420 4484 763 4548 Caesaream
793 4479 1612 4563 Cappadorum'mittiturad
1637 4479 1841 4563 studia

302 4563 602 4631 litterarum,
611 4565 773 4638 idque
785 4559 972 4618 multis
986 4561 1266 4617 rationum
1275 4559 1547 4614 momentis
1557 4559 1840 4630 probatur.

292 4662 335 4723 l.
364 4659 654 4723 Sanctum
671 4659 954 4722 Basilium
970 4656 1323 4720 Cmsareaein
1338 4656 1704 4736 Cappadocia
1730 4673 1841 4715 na-

210 4748 326 4801 tum
345 4760 481 4803 esse
497 4741 784 4803 discimus
800 4738 1056 4799 maxime
1073 4755 1143 4797 ex
1156 4736 1439 4814 Gregorio
1455 4737 1840 4807 Nazianzeno,

204 4823 300 4902 qui
316 4841 452 4883 eum
473 4821 825 4902 nominatim
840 4827 865 4894 (
873 4837 910 4880 ιι
913 4817 1182 4902 )Cappad
1189 4835 1356 4877 ocem
1371 4817 1839 4902 appellat,seque

205 4896 257 4962 et
277 4902 564 4963 Basilium
580 4900 978 4978 dicit(b),cum
993 4896 1063 4978 ei;
1076 4896 1284 4978 eadem
1301 4897 1487 4977 patria
1500 4896 1839 4978 indiversas

200 4982 477 5062 regiones
511 4976 797 5044 discendi
820 4997 1000 5042 causa
1015 4976 1327 5050 abiissent,
1351 4994 1559 5038 rursus
1593 4976 1841 5039 Athenis

281 5159 374 5240 (α)
408 5157 552 5224 Naz.
585 5177 682 5241 ep.
715 5158 779 5224 6.
1315 5156 1387 5230 (ὁ)
1419 5170 1520 5234 0r.
1549 5153 1650 5216 20.

1925 4169 2099 4214 scure
2133 4150 2394 4211 declarat
2423 4157 2621 4210 natum
2645 4169 2710 4212 se
2746 4169 2876 4212 esse
2915 4155 3203 4215 Caesareae
3228 4155 3287 4215 in
3321 4154 3564 4214 homilia

1923 4242 1991 4302 in
2010 4239 2305 4303 Gordium
2326 4249 2671 4320 martyrem,
2702 4258 2760 4302 n.
2787 4241 2845 4299 2.
2875 4242 3134 4303 Patriam
3161 4259 3325 4302 suam
3351 4243 3410 4302 in
3435 4243 3559 4321 epi-

1925 4328 2094 4390 stolis
2120 4329 2200 4392 76
2231 4335 2289 4388 et
2319 4326 2396 4387 96
2427 4327 2682 4408 appellat
2722 4329 3176 4409 Cappodociam.
3215 4330 3332 4392 Sed
3364 4339 3559 4392 tamen

1925 4418 2104 4498 hujus
2122 4415 2378 4477 nominis
2402 4418 2687 4478 honorem
2712 4418 2822 4497 ipsi
2846 4417 3027 4479 etiam
3049 4419 3236 4479 Ponto
3262 4417 3556 4481 defert.“-

1925 4505 2040 4567 lius
2071 4514 2240 4584 pater
2272 4505 2544 4580 Basilius,
2566 4506 2674 4566 etsi
2709 4523 2863 4584 saepe
2895 4507 2952 4566 in
2985 4506 3419 4587 Cappadociam
3455 4525 3554 4568 ve-

1926 4595 2528 4674 niebat,praecipuum
2554 4604 2750 4656 tamen
2768 4600 2825 4656 in
2843 4594 3028 4656 Ponto
3049 4596 3420 4659 domicilium
3443 4598 3534 4658 col

1925 4685 2240 4755 locaverat;
2263 4683 2558 4764 siquidem
2578 4682 2838 4746 Macrine
2861 4685 3124 4747 moriens
3145 4687 3226 4747 ait
3246 4689 3401 4768 apud
3426 4686 3568 4749 Gre-

1925 4774 2158 4852 gorium
2189 4774 2518 4852 Nyssenum
2547 4773 2620 4853 (ei
2646 4775 2827 4853 patris
2852 4775 2942 4834 sui
2966 4776 3180 4836 famam
3211 4785 3377 4839 extra
3401 4779 3562 4839 Pon~

1924 4873 2043 4923 tum
2069 4862 2341 4922 diffusam
2366 4879 2483 4922 non
2500 4860 2978 4944 fuisse,satisque
2997 4864 3084 4925 illi
3102 4865 3362 4927 fuissein
3379 4865 3569 4946 patria

1922 4952 2107 5013 decus
2137 4951 2396 5030 assequi.
2430 4949 2627 5012 Basilii
2683 4951 2865 5014 frater
2921 4955 3244 5035 Gregorius
3309 4955 3564 5035 patriam

2061 5157 2134 5234 (ο)
2177 5153 2290 5218 Vit.
2327 5154 2392 5218 S.
2429 5153 2653 5232 Macta,
2694 5157 2826 5223 192.

266 5337 287 5356 '
319 5337 580 5410 Auctore
607 5335 821 5410 Damno
867 5332 1172 5394 Prudentio
1205 5335 1454 5410 κει-δυο.
1486 5335 1605 5405 qui,
1632 5333 1856 5391 Juliano
1889 5331 2161 5390 Garnerio
2189 5332 2308 5404 jam
2355 5347 2507 5392 anno
2539 5333 2694 5403 1725,
2731 5337 2823 5395 die
2851 5337 2884 5392 3
2904 5337 3082 5402 Junii,
3124 5336 3418 5410 defuncto,
3443 5338 3571 5396 edim

196 5407 376 5467 tionis
404 5407 769 5466 absolvenda:
796 5421 992 5464 curam
1032 5409 1298 5480 suscepit.

541 5588 798 5652 PmiOL.
845 5587 960 5659 Gn.
1002 5587 1223 5652 XXIX.

3165 5607 3204 5654 α
