4068 6204
1497 308 1689 374 VITA
1732 308 1796 375 8.
1841 309 2147 378 BASILII.
3441 335 3513 389 Ix

156 445 326 509 silium
351 442 460 505 sibi
487 442 727 534 plenius
750 443 1008 534 Athenis
1031 445 1348 534 cognitum
1378 442 1566 507 fuisse
1583 445 1749 526 dicit,
1773 454 1815 505 A
1833 447 2207 510 eherrimam
2227 448 2464 528 ipsique
2504 448 2772 513 maxime
2815 466 2969 530 prop
2980 452 3139 515 riam
3182 456 3509 534 eripuerit.

158 554 268 597 cum
313 543 482 596 antea
541 531 783 611 ignotus
814 551 932 595 non
962 532 1190 597 fuisset.
1224 532 1369 596 Sese
1400 541 1595 597 autem
1620 535 1763 597 alibi
1842 534 1975 591 Nam
2000 552 2120 593 cum
2148 537 2273 595 aliae
2291 537 2534 595 civitates
2547 538 2670 595 aliis
2695 540 3131 611 ornamentis,oel
3152 531 3514 618 antiqiiismet

158 644 253 686 non
278 624 541 684 videntur
564 622 829 703 novisse,
852 640 1026 702 quam
1062 622 1123 683 in
1154 623 1548 705 Cappadocia.
1846 625 1998 682 novis
2022 626 2347 697 glorientur,
2375 634 2556 700 prout,
2590 627 2801 701 opinor,
2831 629 2911 685 vel
2932 629 3197 697 historiis,
3230 633 3313 689 vel
3337 633 3494 693 rebus

218 716 274 774 3°
322 711 541 773 Scribit
570 710 829 774 Basilius
858 711 921 773 in
946 712 1121 792 epist.
1153 713 1223 777 51
1247 731 1313 775 se
1337 730 1372 773 a
1392 712 1583 792 prima
1596 722 1766 776 aetate
1850 716 2212 795 quibusdam
2240 718 2507 780 visendis
2534 725 2765 780 ornato:
2793 725 2935 782 sunt
2970 739 2983 782 :
3020 722 3175 783 hanc
3204 730 3417 787 contra
3436 734 3507 790 ut

156 802 407 866 nutritum
433 801 622 863 fuisse
654 800 713 862 iu
736 800 1143 863 amoreDianii
1165 802 1765 894 episcopiCaesarien-
1850 822 2027 894 arma
2048 808 2143 867 vel
2163 807 2488 887 tragoedias
2508 814 2665 869 nota:
2680 809 2955 886 quaedam
2978 814 3158 889 atque
3205 812 3501 894 insignia,

154 896 239 972 sis,
270 901 319 954 et
353 890 772 952 considerasse
832 908 1006 972 quam
1046 899 1205 955 esset
1235 891 1341 954 ille
1397 890 1489 953 vir
1528 900 1772 973 aspectu
1850 895 1938 955 sic
1954 892 2509 974 litterarumgloria
2529 897 2807 959 nobilitat
2826 896 3261 979 illustremque
3276 890 3502 969 reddit.

153 980 571 1073 venerabilis‘,_et
605 988 917 1073 postquam
949 979 1137 1073 adfuit
1166 982 1341 1073 ratio,
1393 981 1564 1073 illum
1590 982 1772 1073 etiam
1878 1070 1889 1073 Α
1933 982 2095 1045 Nihil
2126 992 2215 1045 est
2242 984 2332 1045 bis
2364 984 2426 1046 in
2450 984 2649 1047 verbis
2669 986 2830 1065 quod
2855 989 3506 1073 nonCmsareaeCappa-

155 1092 210 1137 ex
234 1069 611 1135 interioribus
641 1070 1487 1151 boniscognovisse,illiusque
1507 1071 1775 1135 delecta—
1860 1070 2072 1133 docum
2107 1072 2329 1152 optime
2352 1082 2658 1156 congruat;
2686 1075 2973 1138 nonnulla
3003 1078 3065 1137 in
3096 1077 3340 1141 alteram
3353 1069 3505 1146 Cae-

153 1172 255 1223 tum
302 1159 758 1223 consuetudine.
819 1160 914 1218 Ἐκ
943 1164 1160 1241 πρώτης
1188 1162 1405 1231 ἡλικίας
1450 1164 1759 1244 συνετράφη,

1895 1178 2085 1222 aream
2119 1162 2320 1241 inepte
2351 1180 2595 1242 prorsus
2636 1181 2705 1225 ac
2744 1163 3039 1227 inurbane
3068 1165 3226 1228 dicta
3276 1178 3501 1236 essent.

150 1260 215 1327 τῷ
241 1253 356 1329 περῖ
425 1252 589 1306 αὐτὸν
622 1248 895 1330 φίλτρῳ...
921 1251 1037 1308 ἐπεὶ
1065 1249 1120 1307 δέ
1150 1274 1240 1327 μοι
1290 1252 1477 1309 λοιπὸν
1504 1255 1593 1309 καὶ
1617 1256 1646 1310 ὁ
1674 1252 1756 1310 λο-

1901 1250 2013 1312 atis
2043 1259 2177 1331 apte
2199 1251 2518 1329 Gregorius
2548 1253 2785 1329 urbem,
2814 1254 2875 1314 in
2924 1273 3040 1335 qua
3060 1255 3413 1337 loquebatur
3447 1268 3507 1323 et

151 1365 229 1419 γος
287 1340 473 1417 παρῆν,
530 1342 651 1395 τότε
722 1338 787 1407 δὴ
819 1340 905 1396 καὶ
933 1340 1036 1396 ἀπὸ
1063 1344 1166 1396 τῶν
1195 1340 1291 1409 τῆς
1343 1341 1530 1422 ψυχῆς
1562 1341 1757 1420 ἀγαθῶε

1902 1358 1998 1402 oce
2015 1348 2071 1401 et
2091 1358 2266 1403 manu
2280 1342 2599 1421 designans
2612 1343 3508 1429 dicebat,Hano,inquam,illu—

155 1432 283 1488 αὐτὸν
344 1429 707 1507 ἐπεγίνωσκον
738 1429 825 1485 καὶ
854 1482 857 1483 ν
885 1427 1103 1509 ἔχαιρον
1169 1432 1325 1490 αὐτοῦ
1384 1436 1453 1507 τῇ
1509 1433 1761 1503 συνουσίᾳ,

1891 1436 2032 1493 trem
2056 1432 2520 1495 civitatem.Non
2540 1432 3119 1514 putatTillemontius
3136 1427 3497 1501 hancCaesa-

156 1520 218 1581 Ex
246 1519 329 1581 his
384 1518 604 1596 colligo
662 1517 946 1581 Basilium
1000 1517 1281 1581 Caesareae
1329 1518 1772 1581 adolescentem
1861 1538 2020 1581 ream
2057 1540 2091 1582 a
2113 1520 2331 1583 studiis
2352 1522 2703 1599 litterarum,
2730 1530 2849 1586 uta
2880 1524 3182 1605 praecipuo
3208 1526 3375 1589 urbis
3397 1545 3503 1591 or-

156 1608 388 1687 pluribus
404 1608 586 1669 annis
608 1615 1038 1668 commoratum
1060 1606 1488 1688 fuisse,ibique
1506 1610 1651 1668 satis
1676 1609 1775 1669 diu
1859 1618 2161 1690 namento,
2186 1609 2411 1671 laudari
2432 1610 2734 1674 debuisse.
2770 1612 2890 1673 Sed
2915 1621 2980 1674 ut
3009 1615 3279 1676 omittam
3306 1614 3505 1681 Euse-

155 1699 455 1776 educatum,
487 1704 555 1757 ut
578 1708 784 1777 posset
815 1714 881 1757 se
911 1695 971 1756 in
1003 1697 1258 1759 amando
1274 1697 1481 1759 Dianio
1509 1698 1770 1759 etconsi-
1798 1706 1831 1755 Β
1858 1697 2153 1779 bium,qui
2171 1700 2557 1779 Cappadociae
2581 1701 2865 1781 praesules
2884 1702 3156 1765 doctrina
3178 1704 3339 1766 inter
3357 1707 3506 1769 alios

157 1786 557 1848 derandaillius
579 1786 697 1847 oris
715 1786 1018 1865 majestate
1039 1787 1330 1848 nutritum
1352 1785 1769 1849 dicere.Tille-
1856 1788 2142 1851 enituisse
2176 1796 2427 1851 testatur
2462 1790 2575 1872 (α),
2607 1790 2738 1871 ipse
2759 1791 3013 1853 Basilius
3050 1791 3318 1872 Gregorii
3338 1796 3506 1858 testi-

157 1876 395 1956 montius,
421 1884 485 1937 ut
506 1877 675 1937 hunc
699 1875 896 1937 locum
916 1876 1189 1955 explicet,
1214 1875 1501 1937 Basilium
1525 1878 1773 1957 conjicit
1856 1879 2053 1938 monio
2084 1897 2256 1940 suum
2282 1880 2350 1941 ad
2350 1880 2641 1959 jungit,et
2670 1880 3085 1961 litteris,inter
3106 1884 3313 1963 patriae
3327 1903 3505 1949 orna-

156 1967 435 2028 admodum
461 1967 758 2027 infantem
798 1964 1127 2055 Caesaream
1159 1984 1192 2027 a
1237 1965 1582 2044 parentibus
1613 1986 1768 2029 non-
1856 1976 2077 2041 menta,
2109 1969 2358 2048 palmam
2381 1969 2501 2031 dat.
2537 1970 2633 2031 Sic
2648 1969 2809 2030 enim
2839 1970 2916 2033 de
2946 1972 3046 2032 illo
3071 1979 3226 2033 statu
3243 1974 3509 2055 loquitur

157 2074 413 2136 nunquam
445 2063 751 2136 portatum
783 2054 990 2118 fuisse.
1019 2055 1137 2117 Sed
1162 2055 1341 2135 hujus
1385 2056 1766 2135 conjectum,
1858 2056 2053 2135 (b),in
2080 2076 2256 2138 quem
2300 2058 2590 2120 divisione
2616 2060 3011 2140 Cappadociae
3058 2054 3447 2141 redigebatur
3482 2083 3500 2129 :

157 2164 257 2226 quae
281 2164 379 2206 sua
406 2152 632 2224 sponte
667 2162 874 2234 parum
910 2145 1180 2224 congruit
1220 2144 1504 2221 infantiae,
1543 2145 1769 2207 nullum
1850 2144 2269 2225 Spectaculum
2286 2148 2695 2225 [tectissimum
2715 2150 3505 2234 factaest,inquit,quwpri-

156 2235 338 2316 profert
365 2243 795 2311 argumentum
830 2233 1218 2297 doctissimus
1264 2237 1526 2315 scriptor
1552 2252 1565 2297 :
1596 2243 1770 2315 atque
1853 2242 2075 2297 ustum
2097 2238 2167 2298 de
2187 2237 2471 2300 litteratis
2496 2243 2797 2314 oiris,tum
2814 2240 2889 2303 de
2903 2240 3044 2302 aliis
3069 2242 3260 2323 bonis,
3282 2244 3504 2323 quibus

154 2324 345 2385 etiamsi
375 2323 712 2404 proferret,
755 2342 898 2384 num
931 2343 996 2385 se
1025 2324 1088 2384 in
1128 2324 1380 2386 amando
1411 2331 1469 2386 et
1516 2325 1769 2387 videndo
1854 2324 2154 2403 0pulentae
2182 2326 2358 2390 urbes
2387 2328 3425 2408 abundant,gloriabatur.Similiter
3440 2332 3506 2395 in

158 2413 327 2475 Dianio
348 2413 643 2474 nutritum
660 2421 868 2501 posset
898 2413 1118 2488 dicere,
1136 2432 1317 2492 quem
1340 2429 1769 2496 nonnunquam
1854 2414 2027 2493 epist.
2050 2417 2149 2490 74,
2180 2434 2240 2480 n.
2262 2416 2321 2490 3,
2347 2418 2685 2481 litterarum
2706 2418 3087 2492 studia,intar
3108 2439 3178 2484 ea
3200 2441 3335 2501 quae
3356 2424 3505 2484 civi-

158 2504 313 2564 infans
331 2503 587 2564 vidisset
614 2499 781 2592 7Nec
798 2501 1172 2564 Tillemontio
1199 2502 1395 2565 favent
1418 2503 1545 2565 haec
1570 2504 1764 2579 verba,
1855 2502 1957 2563 tati
1989 2522 2209 2566 nomen
2240 2512 2300 2567 et
2347 2506 2563 2568 famam
2596 2517 2971 2588 pepererant,
3001 2499 3300 2592 praecipue
3330 2529 3502 2574 com-

152 2596 371 2669 aprima
399 2600 583 2654 etate
610 2611 629 2651 :
662 2591 887 2671 optime
910 2592 1070 2654 enim
1097 2592 1448 2655 referuntur
1471 2593 1549 2655 ad
1571 2594 1770 2657 adole-
1856 2601 2165 2655 memorat.
2202 2596 2331 2667 Qua
2351 2604 2547 2657 autem
2584 2604 2710 2659 erat
2764 2597 3099 2661 urbanitate
3153 2591 3499 2681 Gregorius,

153 2683 423 2745 sccntiam.
442 2683 604 2744 Nam
638 2691 696 2743 et
725 2699 857 2758 quae
877 2685 1773 2763 sequuntur,postquamad/uit
1856 2701 1997 2744 num
2031 2684 2235 2762 potuit,
2263 2683 2548 2747 Caesareae
2576 2688 2822 2749 nomine
2842 2689 3500 2767 pronuntiato,audito-

154 2776 295 2844 ratio,
320 2771 673 2834 delectabar
702 2770 868 2832 illius
885 2771 1315 2834 consuetudine
1334 2790 1455 2833 non
1485 2771 1559 2834 de
1577 2773 1769 2836 adole-
1855 2790 1951 2833 res
1980 2772 2326 2850 admonere,
2360 2793 2480 2837 non
2511 2792 2643 2836 eam
2666 2774 3020 2854 Caesaream,
3047 2778 3106 2837 in
3139 2798 3251 2857 qua
3276 2781 3504 2842 oratio-

153 2863 365 2928 scentia,
399 2862 504 2923 sed
533 2862 621 2922 de
650 2860 806 2922 virili
829 2870 1003 2924 aetate
1048 2862 1243 2942 accipi
1298 2860 1542 2943 debent,
1577 2881 1773 2944 neque
1859 2880 1992 2923 nem
2027 2862 2303 2945 habebat,
2336 2865 2441 2926 sed
2464 2864 2759 2927 illustrem
2784 2865 2945 2927 illam
2969 2866 3030 2927 in
3052 2866 3363 2929 Palaestina
3408 2869 3501 2929 ci-

152 2953 284 3012 enim
315 2954 672 3013 adolescens
729 2951 985 3014 Basilius
1032 2951 1095 3012 in
1138 2950 1330 3013 Dianii
1388 2952 1831 3017 consuetudi-C
1856 2950 2093 3013 vitatem
2122 2971 2157 3014 a
2179 2971 2244 3015 se
2267 2954 2616 3033 designari?
2646 2957 2961 3037 Nunquam
2996 2974 3131 3018 eum
3164 2963 3281 3019 tam
3322 2957 3499 3020 inur-

152 3060 261 3103 nem
322 3042 642 3121 admissus,
703 3041 808 3103 sed
868 3046 1181 3121 postquam
1252 3039 1435 3104 rediit
1488 3041 1763 3104 Athenis.
1855 3043 2006 3104 bane
2038 3052 2274 3125 tamque
2325 3045 2530 3125 pingui
2589 3048 2855 3110 Minerva
2911 3046 3175 3109 locutum
3228 3046 3497 3114 credam.

152 3130 368 3193 Virilem
393 3141 623 3193 aetatem
658 3130 945 3193 similiter
991 3131 1261 3210 designat
1308 3133 1367 3193 in
1398 3133 1577 3212 epist.
1622 3131 1762 3213 223,
1852 3132 1998 3206 Quae
2026 3142 2357 3215 sequuntur
2387 3135 2462 3197 de
2484 3134 2817 3197 litterarum
2862 3136 3097 3216 studiis,
3150 3154 3271 3197 non
3304 3137 3501 3200 minus

154 3220 235 3281 ubi
261 3239 322 3282 se
350 3219 518 3281 aliam
554 3240 623 3281 ex
658 3220 777 3282 alia
806 3220 1140 3283 doctrinam
1158 3225 1216 3280 ἓν
1246 3229 1315 3300 τῇ
1344 3228 1435 3279 τοῦ
1458 3223 1620 3301 Λόγου
1638 3244 1767 3298 συμ-
1850 3222 2125 3285 inornata
2148 3232 2209 3285 et
2235 3223 2481 3305 illepida
2532 3234 2758 3302 essent,
2791 3226 2839 3287 si
2865 3228 2938 3289 ad
2999 3225 3325 3289 Caesaream
3374 3229 3499 3290 Pa-

153 3312 416 3388 πληρώσει,
443 3330 579 3373 cum
626 3310 891 3373 adolevit
918 3312 1100 3386 ratio,
1158 3330 1279 3373 non
1332 3318 1619 3386 mutasse,
1660 3311 1767 3373 sed
1850 3312 2095 3375 laestinaa
2148 3313 2571 3388 referrentur;
2647 3333 2784 3377 cum
2863 3315 3287 3392 Caesarienses,
3348 3334 3501 3397 quos

152 3409 363 3478 accepta
391 3400 463 3463 ab
490 3402 622 3463 avia
644 3408 703 3462 et
747 3411 937 3463 matre
972 3401 1262 3483 principia
1284 3400 1607 3464 retinuisse
1654 3400 1765 3464 de-
1848 3400 2263 3483 alloquebatur
2285 3402 2628 3484 Gregorius,
2663 3402 2813 3466 banc
2831 3404 3092 3486 laudem,
3117 3413 3181 3467 ut
3196 3406 3324 3485 jam
3349 3404 3496 3483 dixi,

153 3490 325 3551 claret.
1849 3490 1981 3554 aliis
2014 3491 2348 3555 civitatibus
2374 3512 2494 3555 non
2525 3494 2953 3558 concederent.

216 3580 447 3643 t°ldem
480 3581 742 3643 efficitur
765 3598 834 3643 es
857 3578 1002 3660 ipsis
1032 3578 1302 3657 Gregorii
1324 3578 1767 3660 verbis,quibus
1920 3584 2056 3647 Non
2081 3582 2473 3645 omittendum
2534 3583 2693 3663 quod
2723 3582 2889 3644 addit
2940 3580 3299 3663 Gregorius:
3354 3583 3497 3648 Jam

156 3678 259 3746 post
279 3669 508 3732 Billium
544 3668 1685 3733 etBaroniumTillemontiusCaesaream
1705 3670 1765 3731 in
1849 3687 1986 3750 quae
2014 3680 2372 3751 sequuntur,
2399 3674 2447 3734 ii
2475 3679 2785 3753 exponant
2824 3674 2933 3751 qui
2961 3678 3018 3736 et
3046 3691 3181 3735 eum
3226 3675 3392 3754 apud
3440 3692 3502 3737 se

156 3756 427 3821 Palestina
459 3760 713 3822 indicari
743 3758 1082 3821 arbitratur.
1122 3758 1218 3821 Sic
1240 3759 1422 3838 igitur
1444 3759 1766 3838 Gregorius
1848 3762 2214 3824 erudierunt
2239 3770 2299 3825 et
2327 3764 2599 3841 fructum
2629 3781 2711 3825 ea;
2731 3766 2922 3843 ipsius
2950 3763 3291 3826 eruditione
3319 3782 3498 3845 cepe-

156 3845 199 3906 in
225 3851 477 3911 oratione
498 3868 682 3931 qnam
714 3848 788 3911 de
816 3848 1018 3911 Basilii
1047 3848 1321 3912 laudibus
1342 3848 1545 3912 habuit
1568 3851 1766 3913 Caesa-
1846 3858 2011 3934 runt,
2047 3861 2312 3933 quantus
2334 3853 2622 3916 videlicet
2640 3854 2972 3932 magistris,
2999 3860 3261 3931 quantus
3288 3872 3498 3934 (equa-

158 3952 283 3999 rete:
318 3938 432 3996 Ἐπὶ
492 3947 592 4007 τὴν
628 3941 936 4019 Καισαρέων
966 3938 1122 3995 πόλιν
1171 3939 1461 4020 ἐπείγεται,
1508 3941 1614 3997 τῶν
1643 3939 1764 4017 τῇδε

1891 3942 2007 4004 ibus
2036 3949 2204 4023 esset,
2249 3949 2361 4004 etc.
2420 3944 2555 4005 Non
2607 3952 2882 4024 superest
2934 3941 3279 4022 ambigendi
3330 3942 3497 4006 locus

158 4024 346 4095 μεθέξων
375 4026 786 4105 παιδευτηρίων,
818 4029 1017 4094 ταυτην
1048 4026 1103 4084 δὲ
1157 4026 1301 4107 λέγω
1344 4030 1444 4096 τὴν
1502 4035 1764 4109 περιφοινῆ

1893 4033 1999 4095 tris
2031 4031 2499 4095 Caesariensibus
2550 4033 2679 4095 haec
2712 4032 3007 4095 narranda
3038 4030 3359 4112 Gregorius
3390 4051 3493 4095 re-

160 4135 200 4168 τε
252 4120 331 4171 καὶ
392 4118 661 4195 ἡμετέραν
711 4116 851 4196 (ἐπεὶ
900 4118 989 4173 καὶ
1030 4122 1134 4174 τῶν
1193 4118 1337 4194 ἐμῶν
1398 4118 1574 4198 λόγων
1632 4118 1765 4187 αὕτη

1899 4131 2079 4203 nquat
2114 4122 2223 4199 ;iis
2246 4122 2343 4203 qui
2376 4121 2551 4201 longe
2568 4123 2779 4184 remoti
2814 4133 3007 4198 erant,
3044 4141 3242 4203 neque
3274 4141 3345 4184 ex
3388 4122 3498 4185 Ba-

162 4207 437 4281 ἀθ-ἡγεμὼν
498 4208 588 4263 καὶ
646 4204 1008 4287 διδάσκαλος),
1063 4207 1163 4275 τὴν
1206 4211 1310 4287 οὐχ
1371 4209 1530 4277 ἧττον
1589 4207 1767 4287 ὶόγων

1893 4210 1969 4271 ilii
1996 4211 2333 4274 eruditione
2364 4212 2658 4291 majorem
2690 4231 2864 4293 quam
2897 4210 3031 4274 aliae
3076 4212 3348 4273 civitates
3386 4211 3499 4273 uti-

160 4294 472 4369 μτιτξόπολιν,
505 4297 540 4364 ἢ
572 4302 683 4351 τῶν
711 4297 919 4352 πόλεων
950 4300 1026 4352 ὧν
1069 4297 1396 4372 ὑπέρκειται,
1429 4300 1515 4355 καὶ
1545 4296 1662 4355 καθ’
1694 4298 1766 4354 ὧν

1902 4308 2075 4362 tatem
2100 4309 2518 4382 perceperant,
2545 4319 2621 4363 an
2639 4301 2713 4364 iis
2744 4321 2894 4382 quos
2922 4299 3334 4381 alloquebatur
3355 4298 3498 4363 Gre-

160 4382 253 4459 ξχει
278 4384 366 4451 τὴν
394 4383 725 4442 δυναστείαν·
774 4386 838 4454 ἢν
872 4385 927 4442 εἴ
959 4408 1039 4449 τις
1071 4393 1161 4443 τοῦ
1189 4387 1245 4443 ἐν
1302 4386 1484 4467 λόγοις
1543 4390 1766 4468 κράτους

1891 4389 2077 4471 orius,
2107 4391 2327 4472 quique
2359 4398 2419 4453 et
2448 4391 2654 4455 Basilii
2683 4391 3011 4453 studiorum
3058 4397 3334 4471 poterant
3364 4407 3495 4451 me-

161 4470 554 4554 ἆποττερήοειεν,
591 4477 884 4555 ἀφῃρηκὼς
918 4475 1063 4533 ἔσται
1097 4477 1222 4533 αὐτὸ
1273 4478 1335 4532 τὸ
1393 4476 1679 4535 κάλλιστόν
1711 4496 1767 4534 τε

1890 4470 2397 4560 ιὶηἰεεθ,ὀῑί11ἰι]δ
2433 4479 2706 4543 doctrina
2746 4498 2854 4560 per
2884 4487 2967 4543 tot
3024 4470 3214 4540 annos
3279 4476 3496 4539 imbuti

162 4560 570 4628 ιιίἱδικώτατον,
632 4563 847 4626 ’Ἂλλαι
876 4566 975 4640 μὲν
1006 4566 1105 4644 γὰρ
1162 4566 1267 4623 τῶν
1324 4563 1533 4623 πόϐεων
1582 4566 1766 4630 ἄλλοις

1888 4577 2105 4633 ierant.
2140 4570 2285 4633 Cum
2314 4568 2493 4650 igitur
2528 4570 2620 4631 his
2643 4568 2837 4631 verbis
2884 4570 3149 4631 Caesarea
3179 4566 3494 4648 Cappado-

164 4648 437 4722 ἀγάλλονται
461 4653 933 4734 καλλωπίσμαοιν,
970 4657 1005 4723 ἢ
1029 4654 1305 4727 παλαιοῖς,
1339 4656 1375 4724 ἢ
1421 4656 1586 4730 νέοις,
1618 4656 1764 4719 ὅπως

1886 4679 1982 4720 um
2014 4648 2425 4737 dignoscatur,
2451 4659 2748 4721 immerito
2790 4656 3003 4738 quaerit
3048 4655 3492 4736 Tillemontius,

163 4736 208 4787 ἓν
242 4752 377 4809 οἴμαι
414 4749 514 4798 τῶν
544 4742 900 4819 διηγημάτων
930 4743 1131 4824 ἔχωσιν
1198 4745 1233 4813 ἢ
1289 4751 1395 4802 τῶν
1453 4745 1760 4824 ὁρωμένων,

1885 4767 1954 4810 ur
1982 4736 2329 4830 Gregorius,
2362 4736 2463 4829 qui
2495 4749 2779 4811 Caesarem
2812 4736 3169 4827 perorabat,
3200 4745 3490 4809 Basilium

162 4825 255 4919 ἷῇἒε
282 4829 419 4907 λόγοι
443 4834 507 4887 τὸ
537 4832 848 4911 γνώρισμα,
884 4832 1061 4911 ὥσπερ
1098 4833 1152 4888 ἒν
1177 4848 1294 4900 τοῖς
1324 4834 1508 4901 ὅπλοις
1567 4836 1602 4903 ἢ
1645 4847 1762 4898 τοῖς

1886 4857 1910 4899 u
1936 4838 2087 4900 hanc
2106 4825 2326 4899 urbem
2346 4825 2648 4917 conceptis
2679 4825 2879 4898 verbis
2901 4833 3134 4898 venisse
3157 4825 3280 4897 non
3314 4835 3492 4919 dicat;

378 4922 440 4975 τὰ
482 4923 753 4993 infantia.
788 4909 1154 4993 Cicesaream,
1187 4929 1253 4983 ut
1279 4921 1626 4985 scholarum
1646 4942 1764 4984 ur-
1852 4945 1957 4989 cur
1979 4945 2096 4987 non
2125 4946 2255 4989 eam
2289 4909 2585 5007 designet,
2630 4925 2748 4988 nisi
2781 4924 3077 5006 ejusmodi
3131 4926 3306 5004 notis,
3362 4909 3497 5007 qua;

165 5002 231 5091 iis
248 5004 399 5068 illius
424 5014 736 5087 particeps
764 5016 937 5084 esset,
971 5010 1296 5086 contendit,
1329 5012 1486 5074 hanc
1518 5013 1771 5091 inquam
1854 5018 2063 5079 saltem
2096 5017 2150 5077 ei
2173 5034 2310 5078 cum
2335 5002 2520 5080 altera
2549 5002 2829 5078 Caesarea
2848 5033 3199 5079 communes
3231 5002 3371 5079 sint.

166 5088 416 5188 illustrem
448 5100 856 5188 civitatem,et
876 5088 1615 5175 nostrumlnammeoruni
1632 5118 1777 5181 quo-
1940 5104 2055 5168 Sed
2087 5106 2244 5168 idem
2278 5105 2661 5167 doctissimus
2692 5106 2949 5188 scriptor
2980 5107 3093 5168 hoc
3121 5104 3491 5186 potissimum

168 5194 255 5277 que
271 5184 606 5277 studiorum
625 5185 754 5248 duo:
767 5194 826 5249 et
869 5190 1170 5277 magistra
1189 5190 1447 5268 exstitit,
1483 5207 1621 5270 qua
1649 5209 1771 5253 non
1860 5205 2206 5276 argumento
2231 5195 2623 5277 nititur.quod
2643 5184 2983 5276 Gregorius,
3011 5184 3322 5277 postquam
3362 5196 3497 5259 Cae-

171 5274 332 5365 nina:
345 5274 541 5365 littera
551 5292 695 5365 rum
705 5282 882 5355 atque
892 5276 1383 5358 doctrinaequam
1396 5279 1770 5361 urbiumqui-
1853 5274 2081 5348 saream
2100 5304 2263 5349 suam
2285 5301 2417 5349 esse
2429 5274 2798 5363 dixit,statim
2817 5285 2992 5349 addat
3008 5274 3142 5347 ideo
3154 5274 3321 5347 suam
3336 5303 3495 5365 esse,

171 5354 541 5457 httpratccllit
573 5372 631 5425 et
656 5363 1029 5457 dominatur,
1072 5354 1413 5447 metropolis
1449 5388 1463 5430 :
1502 5354 1683 5447 quam
1715 5373 1771 5436 si
1853 5376 1992 5456 quia
2020 5376 2102 5438 ibi
2123 5375 2338 5439 litteris
2378 5354 2621 5457 operam
2669 5376 2950 5440 dederat:
2990 5375 3187 5454 Hanc,
3214 5354 3491 5457 inquom,

174 5452 277 5518 illis
291 5450 799 5533 dwtrinwpoima
822 5452 1339 5536 spoliaverit,rem
1359 5457 1627 5521 omnium
1637 5462 1765 5540 ραι·
1854 5450 2151 5529 illustrem
2168 5450 2491 5546 civitatein,
2518 5476 2573 5533 et
2592 5473 3038 5547 nostram;nam
3058 5450 3331 5530 meorum
3349 5450 3496 5548 quo;

239 5606 311 5689 (α)
334 5610 400 5673 In
428 5610 564 5677 Vita
598 5612 837 5695 Consb,
866 5631 997 5697 cap.
1018 5615 1117 5685 43.
1934 5627 2013 5708 (b)
2048 5624 2163 5710 Ep.
2197 5626 2302 5693 76.
