4068 6204
371 321 525 371 XVIII

1762 300 2349 372 PROLEGOMENA.

370 445 514 509 Cum
546 462 615 506 ex
649 442 741 504 his
770 458 901 522 quae
923 438 1269 521 praecedunt
1295 447 1352 501 et
1396 448 1746 520 sequuntur,
1785 449 1907 502 tum
1939 455 2008 499 ex
2033 444 2069 492 Α
2093 441 2449 503 accuratius.
2484 443 2648 505 ldem
2685 442 3010 505 discrimen
3043 444 3397 507 observatur
3423 444 3483 507 in
3513 443 3744 507 oratio-

369 532 636 616 plurihus
657 530 789 592 aliis
807 529 1077 609 Gregorii
1099 528 1247 590 locis
1278 527 1807 591 demonstrandum
1838 527 2011 590 nobis

368 632 456 685 est
484 624 701 700 ἀζύγοος
734 620 890 696 illos,
928 619 984 680 id
1018 626 1110 680 est
1158 618 1383 679 solutos
1436 631 1496 679 et
1537 618 1662 698 jugi
1711 627 2008 699 expertes,

365 709 946 774 anachoretasfuisse
961 708 1087 769 sive
1109 707 1380 769 homines
1404 710 1888 786 contemplationi
1912 707 2011 768 de-

367 802 544 881 ditos,
580 798 843 877 migadus
877 816 1039 869 vero,
1078 805 1306 858 ascetas
1338 797 1397 857 in
1425 796 1673 875 agendis
1704 796 1885 857 rebus
1904 816 2010 858 oc-

367 899 609 969 cupatos
635 909 647 950 :
687 906 793 948 nec
821 884 1169 963 Gregorium
1195 885 1559 947 deliberasse
1584 895 1779 946 utrum
1817 903 2014 946 mona-

366 981 572 1043 sticam
604 984 805 1054 vitam,
839 995 911 1037 an
947 975 1263 1036 saeculares
1285 975 1581 1037 tumultus
1610 975 2010 1055 amplectere-

367 1081 481 1140 tur,
520 1066 622 1127 sed
650 1085 719 1127 ex
744 1064 979 1125 duobus
1001 1075 1337 1125 ascetarum
1375 1063 1720 1141 generibus,
1757 1082 2010 1143 quorum

367 1158 463 1218 alii
498 1151 1013 1234 contemplationi,
1057 1152 1157 1213 alii
1207 1152 1429 1214 actioni
1480 1161 1632 1214 totos
1673 1171 1737 1214 se
1768 1152 2007 1221 dabant,

365 1256 559 1309 utrum
591 1252 972 1323 sequeretur.

448 1336 601 1395 Luce
633 1331 855 1393 clarius
891 1338 981 1391 est
1014 1332 1227 1407 aeno»;
1272 1340 1329 1392 et
1378 1331 1639 1409 migades
1682 1330 1800 1392 duo
1828 1331 2012 1393 fuisse

362 1424 628 1484 instituta
654 1421 961 1481 hominum
998 1422 1119 1483 Deo
1152 1428 1659 1483 consecratorum.
1696 1420 1840 1480 Nam
1875 1438 2007 1479 cum

361 1512 678 1591 Gregorius
701 1508 1067 1571 deliberaret
1097 1517 1292 1570 utrum
1327 1508 1598 1587 eligeret,
1625 1511 1748 1587 jam
1783 1516 2007 1569 statue-

361 1611 448 1663 rat
479 1619 610 1661 sese
642 1603 762 1662 Deo
786 1615 1161 1671 consecrare,
1201 1607 1262 1657 ut
1294 1615 1366 1657 ex
1398 1597 1490 1659 his
1530 1596 1726 1659 verbis
1751 1595 2009 1678 perSpici

368 1700 559 1772 potest
592 1707 605 1751 :

468 1798 713 1851 Animum
738 1793 1003 1866 premebat
1034 1809 1166 1849 nam
1192 1792 1379 1863 gravis
1414 1792 1565 1848 turbo
1596 1809 1757 1848 mevim

465 1878 607 1933 Dum
637 1889 814 1946 quaero
836 1875 1048 1947 primas
1076 1874 1134 1928 in
1160 1872 1309 1928 bonis
1345 1872 1596 1946 quidnam
1622 1874 1790 1943 ferat.

466 1960 510 2011 A
542 1970 702 2011 carne
724 1953 927 2009 dudum
957 1954 1167 2023 longius
1206 1954 1450 2009 recedere

464 2038 728 2094 Statutum
766 2034 1051 2095 habebam.
1079 2040 1302 2106 tuncque
1324 2032 1584 2104 ﬁrmabar
1605 2033 1793 2105 magis.

467 2115 820 2187 Ateogitanti
848 2116 914 2171 de
954 2116 1058 2170 viis
1084 2114 1256 2185 gratis
1294 2114 1426 2176 Deo.

471 2196 904 2252 Prmtantiorem
935 2211 1040 2250 non
1069 2199 1184 2252 erat
1204 2199 1505 2266 promptum
1533 2192 1670 2249 mihi

468 2276 743 2349 Reperire.

442 2374 715 2437 Haerebat
741 2391 882 2451 ergo
933 2371 1252 2451 Gregorius
1278 2390 1396 2432 non
1430 2371 1585 2432 inter
1617 2368 2003 2429 monasticam

365 2474 423 2527 et
450 2463 794 2525 smeularem
823 2461 1025 2541 vitam,
1060 2460 1164 2522 sed
1194 2461 1353 2524 inter
1375 2458 1853 2521 anachoreticam
1884 2457 2008 2517 sive

362 2551 880 2631 contemplativam
932 2560 990 2610 et
1033 2564 1360 2613 aetuosam.
1406 2547 1567 2621 Quos
1596 2546 1756 2608 enim
1784 2547 2004 2623 ἂζύγους

368 2650 557 2721 vocat,
592 2658 799 2702 eorum
836 2639 1089 2701 instituzi
1112 2641 1385 2719 exempta
1408 2656 1477 2699 ex
1508 2637 1636 2697 Elia
1663 2643 1722 2696 et
1754 2634 1891 2694 filiis
1910 2636 2010 2696 Jo-

365 2730 560 2793 nadab
588 2737 647 2791 et
665 2731 890 2791 Joanne
916 2727 1174 2808 Baptista
1197 2723 1811 2807 repetiuRetrahehaI
1834 2722 1998 2783 illum

364 2822 437 2882 ab
471 2821 580 2881 hac
611 2816 731 2879 vita
760 2816 1095 2878 litterarum
1121 2834 1423 2878 sacrarum
1456 2811 1869 2892 amor,quibus
1901 2831 2005 2873 ex-

365 2907 635 2969 colendis
657 2924 775 2966 non
806 2905 975 2967 valde
1005 2904 1310 2984 appositus
1339 2920 1610 2965 eremus:
1637 2900 1899 2980 illudque
1922 2900 2009 2960 in-

365 2996 664 3059 commodi
689 2996 747 3055 in
772 2994 1068 3074 ejusmodi
1100 2992 1449 3054 hominibus
1478 2988 2003 3070 reperiebat,quod

366 3087 617 3147 multum
661 3082 1055 3162 sibimetipsis
1101 3081 1479 3161 prodessent,
1510 3087 1569 3139 at
1598 3076 1731 3138 aliis
1775 3094 2001 3157 nequa-

364 3193 566 3253 quam.
592 3172 728 3233 Haec
751 3172 1013 3251 profecto
1037 3171 1530 3231 anachoretarum
1557 3175 1613 3228 et
1634 3165 2003 3245 contempla—

362 3263 510 3323 tioni
541 3259 876 3321 deditorum
904 3257 1211 3319 hominum
1246 3258 1488 3339 propria
1519 3264 1843 3334 sunt,quos
1871 3273 1999 3316 me-

360 3352 475 3411 rito
503 3360 672 3410 vocat
699 3348 943 3427 ἀζύγους,
979 3361 1039 3407 ut
1068 3347 1167 3427 qui
1196 3346 1269 3409 ab
1293 3346 1456 3409 omni
1477 3346 1623 3425 jugo
1655 3343 1855 3413 liberi,
1892 3362 2002 3405 nec

362 3440 498 3501 ullis
527 3454 770 3519 prorsus
792 3436 1048 3497 vinculis
1072 3435 1299 3498 astricti
1329 3445 1554 3497 essent.
1580 3432 1747 3506 Quod
1773 3442 2002 3513 spectat

361 3530 431 3590 ad
471 3523 895 3606 migades,sive
928 3542 1033 3587 eos
1063 3526 1318 3601 quicum
1346 3524 1476 3586 aliis
1508 3523 1855 3602 miscentur,
1882 3541 2000 3582 non

362 3615 618 3679 dillicilis
636 3623 727 3677 est
755 3614 1197 3693 interpretatio.
1228 3613 1367 3675 Illos
1389 3613 1548 3675 enim
1580 3611 1803 3672 ibidem
1834 3620 2004 3671 vocat

360 3706 704 3785 πρακτικούς,
740 3703 798 3763 id
827 3712 917 3763 est
945 3711 1246 3783 actuosos,
1278 3721 1502 3782 eosque
1525 3700 1849 3781 plurimum
1872 3699 2004 3759 aliis

361 3794 669 3876 prodesse,
725 3801 785 3854 at
824 3792 885 3853 in
919 3792 1147 3871 magnis
1184 3791 1538 3853 tumultibus
1567 3789 1792 3851 versari
1834 3787 2002 3850 dicit.

361 3885 558 3956 Quare
574 3881 833 3943 mediam
851 3880 1011 3943 inter
1033 3889 1315 3961 utrosque
1338 3879 1489 3941 viam
1523 3886 1762 3940 secutus
1794 3876 2003 3947 est,vel

363 3972 555 4052 potius
578 3980 896 4051 utrumque
920 3969 1255 4031 institutum
1288 3969 1465 4030 simul
1496 3967 1825 4047 conjunxit,
1859 3974 1924 4027 ut
1950 3974 2007 4027 et

359 4062 690 4125 litterarum
714 4076 1017 4121 sacrarum
1048 4057 1263 4120 studiis
1303 4065 1362 4120 et
1392 4057 1661 4120 fovenda;
1689 4062 2001 4138 parentum

359 4150 689 4213 senectutis
708 4147 902 4210 ofﬁcio
932 4146 1327 4211 satisfaceret.

441 4243 611 4319 Saepe
637 4238 784 4300 alias
804 4236 879 4299 de
907 4236 1117 4298 iisdem
1146 4235 1482 4314 migadibus
1504 4235 1625 4315 agit
1656 4234 1997 4314 Gregorius,

361 4349 430 4391 ac
456 4329 678 4406 ubique
707 4327 769 4388 in
803 4344 932 4388 eam
969 4343 1147 4406 quam
1179 4325 1441 4387 diximus
1468 4323 1859 4386 sententiam.
1902 4322 2003 4386 Sic

360 4418 622 4501 loquitur
651 4418 711 4478 in
741 4415 1008 4478 oratione
1046 4417 1067 4478 1
1111 4434 1126 4478 1
1166 4416 1275 4474 Κᾶν
1332 4415 1409 4472 ἔτι
1462 4412 1690 4493 ἀκριϐῶς
1724 4412 2000 4489 ἐξιτᾶσῃς,

359 4510 480 4567 ὅσον
510 4512 571 4565 τὸ
601 4508 765 4585 μέσον
815 4514 919 4563 τῶν
971 4505 1026 4562 ἐν
1069 4506 1334 4583 συζυγίαις
1386 4506 1516 4582 πρὸς
1551 4504 1666 4566 τοὺς
1704 4503 1943 4581 ἀγάμους
1984 4522 2000 4577 ;

365 4596 472 4656 Κᾶν
501 4597 703 4660 τούτοις
756 4593 940 4669 πάλιν,
1002 4599 1107 4650 τῶν
1166 4598 1262 4660 τῆς
1306 4592 1530 4672 ἐρημίας
1576 4592 1707 4667 πρὸς
1738 4592 1860 4654 τοὺς
1889 4612 1999 4647 κοι-

361 4687 614 4747 νωνικοὺς
644 4686 731 4741 καὶ
781 4681 1008 4763 μιγάδας
1043 4697 1059 4713 ⁸
1122 4688 1229 4739 τῶν
1272 4681 1645 4757 ἔξητασμένων
1674 4680 1761 4737 καὶ
1817 4676 1996 4735 διαϐε-

359 4773 605 4842 ϐηκότων
668 4773 720 4830 ἰν
776 4773 986 4851 θεωρίᾳ⁷
1046 4774 1178 4851 πρὸς
1236 4773 1355 4835 τοὺς
1409 4770 1595 4834 ἁπλῶς
1654 4769 1997 4826 κατευθύνον-

358 4890 475 4931 τας.
514 4865 689 4941 Quod
714 4865 770 4925 si
798 4865 1153 4925 accuratius
1182 4881 1309 4925 rem
1341 4863 1671 4943 inpendas,
1705 4869 1999 4941 quantum

355 4957 713 5017 intervallum
733 4956 870 5012 inter
892 4954 1198 5026 conjugatos
1219 4959 1270 5012 et
1295 4955 1503 5012 calibs:
1525 4956 1556 5012 7
1583 4952 1676 5012 Ea:
1700 4953 1786 5011 his
1808 4967 2001 5010 rursus

355 5049 609 5118 quantum
644 5042 783 5098 inter
816 5054 903 5095 eos
931 5039 1024 5112 qui
1078 5039 1135 5093 in
1164 5054 1341 5096 eremo
1369 5049 1674 5103 versantur,
1708 5045 1756 5096 et
1789 5052 1875 5094 eos
1907 5035 2002 5110 qui

356 5142 644 5184 communes
674 5131 802 5183 sunt
853 5138 919 5179 ac
972 5121 1215 5193 migades
1236 5139 1256 5179 :
1297 5122 1442 5179 inter
1498 5137 1583 5179 eos
1616 5122 1712 5195 qui
1757 5126 2003 5179 accurate

357 5213 550 5284 degunt
603 5217 651 5265 et
681 5209 739 5265 in
784 5205 1237 5277 contemplatione
1296 5207 1662 5278 profecerunt,
1702 5211 1751 5262 et
1795 5218 1879 5261 eos
1913 5203 2004 5276 qui

357 5290 1129 5376 simpliciterrectamviam
1143 5289 1653 5369 ineunt.Migades
1684 5307 1827 5369 ergo
1849 5289 2005 5351 inter

366 5389 617 5454 caelibes
647 5395 707 5451 et
738 5383 1117 5449 continentes
1145 5392 1561 5464 recensentur,
1594 5400 1715 5444 non
1738 5399 1912 5445 secus
1931 5398 2001 5444 ac

361 5485 478 5567 ipsi
507 5482 882 5547 anachoreta
904 5496 922 5557 ;
947 5477 1053 5541 sed
1086 5474 1264 5559 primi
1289 5473 1623 5555 simplicius
1649 5475 1877 5555 vivunt,
1901 5471 2002 5536 isti

436 5646 535 5814 ill
554 5645 665 5797 3::
691 5640 799 5791 ii:

2096 547 2169 589 ne
2193 529 2271 589 9‘3
2313 551 2325 589 :
2384 533 2442 589 Οἱ
2492 533 2763 605 μοναδικοὶ
2823 536 2908 590 καὶ
2956 533 3196 612 μιγέδες,
3236 539 3281 591 οἱ
3313 540 3408 601 τῆς
3441 534 3745 604 ἁπλότητος

2096 621 2181 674 σαὶ
2225 626 2319 686 τῆς
2380 619 2670 699 ἀκριϐείας,
2727 620 2841 679 ὅσοι
2906 626 3004 689 τῆς
3057 625 3276 702 θεωρίας
3337 625 3424 680 καὶ
3482 624 3594 681 ὅσοι
3647 626 3747 693 τῆς

2096 709 2353 784 πράξεως.
2418 707 2704 771 Solitarii
2763 718 2818 772 et
2861 711 3150 791 migades,
3210 714 3318 791 qui
3372 713 3748 793 simpliciter

2094 799 2294 861 vivitis,
2328 806 2377 856 et
2403 801 2498 871 qui
2521 809 2791 864 accurate;
2823 804 2916 876 qui
2944 804 3405 876 contemplationi,
3437 812 3485 859 ct
3512 806 3608 877 qui
3644 824 3747 863 ac-

2094 883 2229 937 tioni
2257 898 2343 939 vos
2371 882 2534 940 datis.

2176 983 2311 1043 Haec
2354 991 2552 1043 autem
2616 982 2816 1059 verba,
2865 988 2910 1039 οἱ
2962 983 3238 1059 μονιδικοι
3271 988 3355 1041 καὶ
3388 986 3630 1067 μιγάδες,
3656 988 3742 1050 sic

2096 1078 2292 1139 reddit
2320 1078 2841 1159 Billius,m0nachi
2872 1087 2923 1139 et
2949 1080 3015 1139 in
3038 1078 3323 1139 sodalitio
3346 1081 3637 1142 viventes.
3666 1084 3746 1141 At

2096 1166 2357 1245 profecto
2384 1167 2680 1241 migadum
2707 1166 2950 1227 nomine
2972 1185 3090 1227 non
3119 1166 3400 1246 intelligit
3418 1166 3743 1245 Gregorius

2093 1256 2446 1318 ctenobitas.
2482 1255 2624 1318 Nam
2649 1256 2962 1318 cmuobitze
2995 1256 3251 1317 mediam
3284 1257 3441 1317 illam
3464 1258 3611 1318 viam
3642 1258 3741 1319 in-

2097 1352 2187 1405 ter
2204 1346 2594 1406 anachoretas
2623 1355 2684 1405 et
2730 1344 2992 1421 migades
3043 1346 3347 1418 tenebant,
3399 1364 3575 1422 quam
3608 1346 3742 1427 ipse

2094 1432 2413 1512 Gregorius
2441 1434 2805 1513 sequendam
2837 1432 2951 1492 sibi
2984 1450 3115 1494 esse
3136 1432 3504 1497 duxit.Unde
3539 1435 3599 1495 in
3632 1454 3741 1497 ea-

2094 1524 2228 1583 dem
2263 1523 2529 1584 oratione
2555 1523 2635 1583 ait
2667 1522 2994 1583 caenobitas
3018 1523 3075 1582 In
3109 1526 3354 1601 zEgypto
3388 1524 3566 1585 simul
3608 1543 3744 1586 esse

2094 1610 2374 1672 eremitas
2405 1621 2459 1672 et
2499 1611 2783 1689 migades.
2821 1612 2945 1672 Duo
2989 1611 3148 1671 enim
3191 1611 3500 1690 distinguit
3532 1632 3738 1675 mona-

2092 1700 2339 1762 chorum
2371 1720 2592 1777 genera
2613 1701 2671 1761 in
2700 1699 3023 1761 solitudine
3044 1701 3361 1762 viventium
3398 1723 3412 1764 :
3446 1708 3504 1761 Οἱ
3529 1707 3627 1778 μὲν
3647 1710 3743 1763 τὸν

2033 1792 2265 1856 Βπάντη
2326 1789 2610 1866 μοναδικόν
2666 1811 2723 1845 τε
2780 1795 2866 1845 καὶ
2942 1789 3165 1865 ἄμικτον
3222 1790 3553 1856 διαθλοῦιτες
3598 1796 3738 1870 βίον,

2096 1880 2305 1945 ἑαυτοῖς
2336 1882 2518 1954 μόνοις
2564 1879 2981 1958 προσλαλοῦντες
3033 1881 3119 1935 καὶ
3148 1888 3224 1952 τῴ
3271 1888 3406 1954 Θεῷ,
3454 1886 3540 1939 καὶ
3584 1895 3742 1943 τοῦτο

2094 1969 2254 2042 μόνον
2285 1968 2487 2044 κόσμον
2533 1967 2748 2047 εἰδότες,
2794 1967 2917 2024 ὅσον
2976 1968 3029 2023 ἐν
3088 1975 3156 2045 τῇ
3199 1970 3391 2048 ἐρημίᾳ
3448 1975 3739 2050 γνωρίζου-

2094 2080 2198 2120 σιν,
2254 2061 2313 2116 Οἱ
2374 2057 2426 2113 δὲ
2485 2060 2644 2115 νόπον
2702 2058 2914 2135 ἀγάπης
2972 2065 3039 2133 τῇ
3100 2061 3345 2131 κοινωνίᾳ
3399 2059 3731 2142 στέργοντες,

2090 2146 2337 2225 ἐρημικοί
2366 2170 2419 2203 τε
2472 2150 2606 2223 ὁμοῦ
2654 2149 2742 2204 καὶ
2793 2146 3034 2225 μιγάδες.
3094 2147 3363 2220 Quorum
3412 2150 3527 2210 alii
3556 2149 3736 2213 vllam

2081 2254 2313 2311 prorsus
2362 2240 2688 2304 solitariam,
2747 2238 2889 2296 etab
2937 2239 3212 2295 hominum
3258 2241 3505 2298 societate
3553 2258 3729 2298 remo-

2088 2331 2201 2380 tam
2244 2329 2429 2396 agunt,
2497 2326 2586 2381 sui
2652 2325 2893 2397 ipsorum
2946 2332 3157 2382 tantum
3215 2335 3263 2383 et
3326 2328 3425 2382 Dei
3478 2328 3739 2401 colloquio

2086 2410 2350 2480 fruentes.
2410 2419 2568 2483 atque
2632 2410 2767 2466 hanc
2822 2410 3082 2467 duntaxat
3159 2417 3319 2466 terra:
3373 2418 3585 2484 partem
3631 2427 3739 2485 pro

2089 2495 2282 2551 mundo
2332 2496 2597 2553 habentes.
2659 2512 2823 2567 quam
2877 2496 2939 2550 in
2968 2494 3260 2553 solitudine
3306 2498 3573 2565 cognitam
3632 2498 3735 2553 ha-

2090 2579 2236 2636 bent.
2284 2581 2398 2636 Alii
2429 2593 2609 2637 autem
2646 2579 2930 2636 charitatis
2976 2580 3133 2651 legem
3168 2597 3263 2651 per
3322 2582 3737 2637 communionem

2088 2672 2136 2720 et
2197 2666 2505 2722 societatem
2569 2665 2816 2733 colentes,
2880 2664 3119 2721 solitarii
3174 2666 3330 2721 simul
3382 2674 3430 2722 et
3494 2666 3737 2737 migades

2086 2748 2407 2813 sunt.lllud
2437 2751 2614 2810 etiam
2649 2749 2920 2810 laudatur
2948 2767 2981 2809 a
3008 2749 3299 2828 Gregorio
3332 2752 3408 2829 (α)
3446 2752 3503 2811 in
3532 2768 3733 2812 mona-

2092 2843 2225 2904 chis
2255 2840 2640 2904 Nazianzenis
2676 2862 2689 2905 ἒ
2748 2843 2923 2919 Μέτρι
2978 2849 3075 2910 τῆς
3119 2846 3191 2907 εἷς
3236 2847 3296 2901 τὸ
3328 2852 3505 2901 κοινὸν
3541 2844 3726 2917 ἐπιμι-

2091 2936 2199 3001 ξίας
2243 2940 2330 2993 καὶ
2360 2938 2785 3016 ὑποχωρήσεως,
2852 2942 2949 3002 τῆς
2991 2937 3086 3010 μὲν
3130 2938 3251 2998 τοὺς
3307 2936 3497 3001 ἄλλους
3541 2935 3732 2993 παιδα-

2089 3031 2391 3108 γωγούτι“ης²
2426 3033 2521 3097 τὴς
2580 3027 2635 3084 δέ
2679 3030 2754 3103 τῷ
2799 3030 3063 3104 Πνεύμκτι
3109 3030 3594 3106 μυσταγωγόύσης,
3641 3032 3731 3085 καὶ

2087 3131 2185 3191 τῆς
2217 3126 2315 3200 μὲν
2368 3127 2423 3179 ἐν
2478 3131 2557 3199 τῷ
2609 3127 2769 3197 κοινῲ
2820 3126 2879 3180 τὸ
2930 3122 3138 3180 ἅκοινον
3186 3124 3578 3203 quihusdam,
3629 3130 3730 3191 τῆς

2022 3200 2143 3274 ϐδὲ
2195 3219 2249 3274 ἐν
2300 3225 2376 3292 τῷ
2428 3218 2635 3293 ἄμίκτῳ
2692 3220 2753 3273 τὸ
2813 3215 3130 3298 φιλάδελφον
3189 3219 3273 3273 καὶ
3332 3216 3725 3296 φιλάνθρωπον,

2085 3310 2271 3368 Modus
2325 3321 2437 3367 tunc
2495 3310 2551 3364 in
2604 3324 2873 3367 commune
2919 3307 3240 3383 prodeundi,
3278 3314 3384 3362 tum
3428 3307 3730 3374 secedendi,

2086 3397 2246 3462 illud,
2312 3395 2384 3453 ad
2444 3396 2581 3452 alios
2619 3392 2996 3455 instituendos.
3052 3392 3169 3463 hoc,
3239 3398 3298 3449 ut
3345 3394 3449 3465 ipsi
3487 3392 3732 3465 Spiritus

2087 3482 2349 3555 mysteriis
2392 3480 2724 3546 imbuuntur,
2759 3486 2921 3551 atque
2958 3479 3039 3534 ita
3069 3484 3379 3549 utrumque,
3430 3485 3477 3531 el
3508 3478 3569 3533 in
3585 3493 3730 3534 com-

2088 3568 2235 3623 muni
2270 3565 2608 3625 solitudinem
2650 3569 2882 3631 servent,
2931 3572 2976 3616 et
3017 3562 3076 3618 in
3108 3561 3389 3619 solitudine
3427 3562 3729 3632 fraternam

2088 3652 2569 3715 benevolentiam
2595 3657 2647 3710 et
2673 3644 3350 3718 charitolem.Quamvis
3373 3664 3513 3722 ergo
3546 3647 3733 3725 miga-

2088 3743 2194 3805 des
2218 3742 2399 3805 iidem
2419 3741 2721 3804 interdum
2747 3740 2867 3799 sint
2886 3739 3039 3819 apud
3068 3738 3383 3798 nonnullos
3405 3738 3731 3817 scriptores

2087 3856 2156 3899 ac
2180 3835 2515 3908 ccenobitze,
2549 3843 2607 3896 at
2630 3841 2792 3896 certe
2810 3830 3094 3909 Gregorio
3117 3848 3235 3891 non
3259 3837 3452 3910 potest
3474 3830 3600 3892 haec
3627 3830 3726 3890 in-

2090 3930 2436 4012 terpretatio
2449 3927 2675 4007 afﬁngi,
2706 3925 2881 4006 quiin
2894 3922 3205 3986 coanobilis
3236 3922 3531 4003 migadum
3548 3923 3726 4012 vitam

2087 4011 2220 4081 cum
2265 4019 2763 4081 anachoretarum
2828 4014 3097 4074 instituto
3148 4012 3428 4092 conjungi
3462 4011 3727 4078 volebat.

2088 4111 2241 4182 Quin
2272 4110 2449 4170 etiam
2480 4106 2801 4169 Maximum
2851 4102 3295 4184 philosophum,
3326 4102 3427 4181 qui
3461 4104 3727 4182 profecto

2087 4198 2383 4261 coanobita
2413 4215 2532 4259 non
2558 4192 2815 4272 erat,sed
2841 4191 3035 4273 potius
3055 4209 3190 4253 erro
3209 4189 3447 4271 quidam
3480 4200 3539 4252 et
3564 4194 3726 4271 fugi-

2088 4288 2429 4369 tivus,inter
2446 4284 2711 4365 migades
2734 4290 3007 4345 numerat
3022 4281 3121 4361 (b).
3136 4280 3303 4342 Hunc
3321 4279 3480 4341 enim
3502 4280 3723 4356 laudat,

2086 4379 2241 4459 quod
2271 4382 2329 4436 τὸ
2357 4379 2668 4435 κοινωνικὸν
2696 4376 2786 4431 καὶ
2817 4373 3116 4451 ἐπίμικτον,
3167 4371 3534 4444 institutum,
3569 4372 3729 4449 quod

2084 4458 2420 4530 societatem
2441 4464 2585 4528 colit
2611 4470 2667 4527 et
2695 4462 3113 4540 permiscetur,
3145 4458 3469 4522 ereiuiticaa
3490 4468 3551 4521 et
3577 4459 3728 4521 soli-

2026 4594 2066 4644 ο
2089 4557 2254 4620 tariaa
2285 4557 2414 4617 vitae
2447 4552 2797 4635 praetulerit.

2162 4661 2232 4720 V.
2270 4658 2405 4720 Haec
2437 4655 2705 4737 pluribus
2733 4652 3052 4715 referenda
3094 4650 3396 4725 duximus,
3451 4660 3515 4712 ut
3546 4660 3605 4713 et
3651 4652 3729 4714 de

2082 4749 2371 4831 Gregorio
2403 4756 2461 4809 et
2485 4747 2561 4808 de
2591 4744 2808 4807 Basilio
2832 4741 3455 4823 sciremus,quodnam
3480 4749 3611 4805 vita:
3630 4762 3731 4822 ge-

2082 4859 2200 4902 nus
2229 4840 2378 4901 alter
2400 4835 2828 4915 elegerit,alter
2855 4835 2915 4896 in
2946 4832 3322 4895 monasteriis
3352 4833 3474 4893 suis
3496 4835 3727 4894 consti—

2083 4930 2442 4992 tuerit.Nam
2478 4925 2738 4986 medium
2765 4923 2911 4985 illud
2944 4921 3103 4984 inter
3129 4924 3512 4983 anarlioretas
3534 4922 3728 4984 etmi-

2083 5022 2265 5099 gades
2286 5014 2808 5096 institutum,quod
2829 5011 3148 5090 Gregorius
3162 5010 3731 5091 tantifaciebat,ipse

2084 5110 2262 5169 etiam
2291 5105 2547 5168 Basilius
2593 5104 2656 5165 in
2711 5101 3084 5165 monasteriis
3129 5101 3255 5162 suis
3285 5101 3561 5163 instituit.
3595 5102 3730 5163 Non

2085 5197 2246 5261 enim
2264 5197 2421 5259 hanc
2445 5194 2645 5259 Basilii
2664 5193 2898 5255 laudem
2922 5190 3299 5272 praetermisit
3314 5189 3732 5271 Gregorius,ut

2081 5306 2152 5352 ex
2189 5288 2280 5349 bis
2314 5284 2511 5350 verbis
2541 5283 2936 5364 perspicimus
2965 5281 3046 5362 (ο)
3086 5300 3101 5342 :
3134 5289 3237 5339 Τοῦ
3268 5281 3435 5340 τοίνυν
3468 5281 3730 5360 ἐρημικοῡ

2080 5381 2194 5457 βίου
2252 5380 2339 5436 καὶ
2379 5383 2472 5435 τοῦ
2521 5375 2743 5455 μιγάδος
2795 5371 3122 5453 μαχομένων
3164 5371 3295 5449 πρὸς
3339 5369 3608 5441 ἀλλήλους
3651 5372 3728 5435 ὡς

2080 5472 2146 5528 τὰ
2187 5467 2365 5527 πολλὰ
2415 5467 2504 5525 καὶ
2556 5464 2932 5541 διϊσταμένων,
2994 5460 3084 5517 καὶ
3118 5458 3389 5538 οὐδετέρου
3419 5462 3633 5525 πάντως
3692 5461 3729 5531 ἢ

2165 5631 2245 5713 (ο)
2272 5628 2449 5695 0m.
2478 5627 2582 5694 so.
