4068 6204
1715 277 1896 342 VITA
1941 276 2000 338 S.

2050 274 2346 338 BASILII.
3594 292 3703 342 xxx

315 435 375 477 to
401 417 594 499 καλὸν,
631 420 664 487 ἢ
695 420 755 475 τὸ
786 417 986 498 φαῦλον
1036 417 1384 491 ἀνεπίμικτον
1428 415 1672 496 ἔχοντος·
1709 415 1845 472 ἀλλὰ
1871 417 1964 465 τοῦ

2063 404 2373 468 ξτθιηίιίοω
2394 405 2521 466 vitae
2542 405 3129 468 commodazarcebat
3151 401 3700 473 incommodaBasi-

305 513 405 585 μὲν
460 509 701 588 ἡσυχίου
761 510 859 583 μὲν
918 508 1069 569 ὄντος
1123 506 1350 580 μᾶλλον,
1404 509 1491 563 καὶ
1540 506 1956 574 καθεστηκότος,

303 602 390 655 καὶ
443 607 560 671 Θεῷ
615 599 956 675 συνάγοντος·
992 599 1085 652 οὒκ
1111 597 1308 674 ἀτὺφου
1338 595 1393 651 δὲ
1422 595 1505 652 διὰ
1556 598 1615 652 τὸ
1647 601 1743 661 τῆς
1769 595 1958 672 ἀρετῆς

303 688 663 744 ἀϐασάνιστον
719 689 808 743 καὶ
865 688 1200 765 ἀσύγκριτον
1264 694 1357 742 τοῦ
1408 685 1462 740 δὲ
1531 684 1960 762 πρακτικωτέρου

302 780 401 851 μὲν
435 777 646 851 μᾶλλον
693 779 778 832 καὶ
829 774 1265 855 χρησιμωτέρου,
1290 776 1352 830 τὸ
1411 771 1700 852 Θορυϐὡδες
1744 772 1802 829 οὗ
1833 772 1927 851 φεύ
1959 806 1962 809 -

305 888 516 943 γονης,
576 867 666 922 καὶ
699 867 914 928 τούτους
946 864 1132 943 ἄριστα
1163 861 1496 932 κατήλλαξεν
1554 861 1818 923 ἆλλτλοις
1875 860 1962 913 καὶ

305 956 682 1034 συνεκέρασεν·
740 955 1042 1031 ἁσκητήρια
1097 956 1186 1010 καὶ
1257 954 1591 1029 μοναστήρια
1647 949 1962 1024 δειμάμενος

310 1046 430 1123 μὲν,
465 1046 525 1101 οὗ
555 1043 739 1120 πόῤῥω
769 1042 822 1098 δὲ
854 1047 961 1098 τῶν
991 1048 1320 1099 κοινωνικῶν
1390 1043 1479 1098 καὶ
1535 1038 1798 1118 μιγάδων,
1847 1035 1961 1095 οὒδέ

312 1135 488 1211 ὥσπερ
509 1155 639 1211 τειχ
647 1136 710 1203 ίῳ
723 1134 824 1187 τινὶ
845 1132 993 1205 μέσῳ
1015 1130 1182 1186 ταῦτα
1196 1127 1484 1203 διαλαϐὼν,
1505 1131 1592 1185 καὶ
1606 1129 1699 1183 ἀπ’
1713 1125 1963 1196 ἀλλήλων

319 1225 578 1300 χωρίσας,
605 1220 745 1277 ἀλλὰ
767 1220 992 1287 πλησίον
1015 1222 1251 1294 συνάψας
1270 1220 1358 1274 καὶ
1389 1216 1680 1288 διαζεύξας
1715 1216 1806 1272 ἵνα
1829 1217 1965 1290 μήτε

322 1315 373 1366 τὸ
401 1310 699 1390 φιλόσοφον
721 1309 1081 1375 ἀκοινώνητον
1110 1314 1167 1388 ᾖ,
1200 1309 1339 1383 μήτε
1369 1309 1428 1362 το
1457 1308 1747 1382 πρακτικὸν
1777 1304 1962 1383 ἀφιλό-

323 1424 492 1478 ws-ov.
577 1401 738 1462 Cum
787 1400 983 1478 igitur
1039 1396 1315 1458 solitaria
1375 1400 1526 1470 vita,
1568 1403 1627 1456 et
1701 1412 1774 1456 ea
1832 1411 1969 1473 quae

333 1488 562 1544 societate
595 1487 825 1558 gaudet,
871 1491 935 1544 ut
984 1485 1278 1558 plurimum
1309 1486 1454 1543 inter
1505 1501 1561 1543 se
1615 1483 1964 1546 diuiderent,

332 1597 384 1631 se
439 1586 748 1649 pugnarent
791 1595 804 1634 :
880 1585 1171 1648 neuti-aque
1231 1577 1460 1642 omnino,
1527 1576 1610 1631 vel
1662 1571 1962 1634 commoda,

324 1668 395 1721 uel
419 1669 748 1723 incommoda
779 1683 884 1724 sua
927 1682 1075 1737 pura
1105 1670 1156 1721 et
1195 1665 1437 1721 immista
1487 1665 1706 1721 haberet
1737 1680 1754 1724 ;
1784 1677 1965 1717 verum

2047 494 2104 554 lii
2139 512 2279 555 cura
2299 495 2356 554 in
2383 494 2470 555 eis
2492 495 3040 572 erudiendis;cujus
3061 496 3150 556 rei
3176 497 3522 575 prreclarum
3547 499 3692 560 indi-

2045 583 2201 642 rium
2224 593 2311 642 est
2336 584 2591 662 epistola
2605 593 2827 656 octava,
2858 604 3035 659 quam
3057 586 3355 665 paulisper
3368 587 3576 648 abesse
3598 609 3698 649 co-

2043 681 2206 732 actus
2229 672 2486 752 scripsit,
2525 682 2583 733 ut
2614 689 2714 736 eos
2734 674 2804 734 ad
2831 675 3185 736 evertendas
3218 677 3570 738 Arianorum
3589 697 3694 739 ar-

2045 761 2236 838 gutias
2266 762 2682 824 communiret.
2721 762 2979 824 Dubium
3016 783 3131 824 non
3168 773 3256 825 est
3289 767 3432 846 quin
3457 767 3607 829 socii
3639 776 3696 829 et

2045 849 2374 912 imitatores
2405 852 2606 912 Basilii
2638 852 2859 913 fuerint
2894 872 3029 914 cum
3054 854 3113 913 in
3160 855 3272 916 ﬁde
3297 855 3692 931 defendi-uda,

2048 947 2166 999 tum
2201 939 2259 1000 in
2283 940 2415 1000 aliis
2445 940 3088 1021 rebus,quasEcclesiaa
3106 962 3281 1004 causa
3305 945 3485 1022 gessit
3515 946 3574 1006 in
3606 965 3696 1006 so-

2048 1027 2314 1091 litudine.
2351 1032 2520 1092 Certe
2540 1049 2656 1091 non
2692 1030 3146 1109 aliosdesignat,
3173 1051 3306 1094 cum
3339 1033 3496 1094 aitin
3517 1038 3690 1114 epist.

2050 1119 2150 1198 51,
2181 1137 2238 1178 n.
2267 1120 2324 1190 2,
2359 1138 2422 1180 se
2455 1139 2591 1180 cum
2619 1121 2819 1182 multis
2841 1124 2899 1182 in
2937 1120 3324 1201 patriaDeum
3350 1123 3696 1185 timentibus

2048 1203 2446 1267 insolabiliter
2475 1208 2758 1288 doluisse,
2795 1211 2954 1290 quod
2987 1210 3233 1272 Dianius
3262 1210 3531 1273 formulae
3547 1215 3696 1275 Con-

2050 1294 2432 1376 stantinopoli
2464 1297 2653 1357 allatae
2683 1298 3156 1378 subscripsisset.
3188 1300 3376 1380 Atque
3409 1302 3530 1365 haec
3555 1301 3692 1382 qui-

2051 1383 2185 1444 dem
2212 1385 2285 1445 de
2317 1386 2538 1447 Basilio
2571 1387 2816 1466 ejusque
2838 1388 3172 1467 discipulis.

2130 1480 2206 1536 At
2241 1476 2391 1536 forte
2413 1476 2486 1537 de
2518 1477 2806 1554 Gregorio
2833 1477 3091 1538 dubitari
3115 1478 3531 1557 possit,utrum
3553 1498 3616 1540 se
3635 1481 3692 1541 in

2051 1565 2474 1628 monasterium
2507 1565 2824 1645 receperit.
2866 1565 3081 1628 Verum
3107 1569 3337 1628 etiamsi
3370 1568 3689 1637 asceticum

2048 1655 2374 1719 institutum
2406 1659 2464 1718 in
2491 1659 2752 1738 paternis
2780 1658 3006 1720 aedibus
3039 1660 3418 1734 excoluisset,
3454 1661 3601 1722 nihil
3637 1662 3692 1720 id

318 1760 411 1814 illa
462 1758 636 1826 magis
692 1757 911 1829 quidem
942 1755 1247 1827 tranquilla
1287 1759 1338 1811 et
1395 1753 1690 1825 composita
1719 1753 1874 1810 esset.
1905 1765 1969 1804 ac
1993 1743 2027 1791 Β
2051 1747 2124 1807 de
2156 1750 2284 1826 ejus
2308 1755 2576 1808 votorum
2605 1749 2995 1827 perpetuitate
3017 1749 3697 1817 detraheret,necidcir-

317 1849 423 1904 Deo
486 1849 706 1903 animos
766 1846 1038 1917 copulant
1078 1861 1091 1903 :
1135 1852 1395 1901 eceteram
1451 1844 1514 1900 ob
1572 1859 1693 1899 eam
1748 1857 1968 1897 causam

313 1940 456 2004 fatu
501 1953 614 1991 non
655 1941 886 2001 careret,
916 1935 1056 2006 quod
1087 1935 1265 1991 virtus
1305 1949 1411 1990 non
1438 1934 1838 2005 explorantur,
1871 1945 1968 1985 nec

309 2030 366 2081 in
393 2025 855 2096 comparationem
893 2023 1096 2080 veniret
1142 2043 1155 2088 ;
1200 2024 1313 2080 hac
1341 2030 1525 2079 autem
1554 2023 1722 2092 magis
1758 2019 1970 2092 quidem

310 2125 538 2171 actuosa
559 2123 608 2168 et
637 2115 793 2170 utilis
822 2122 975 2176 esset,
1009 2129 1195 2171 verum
1222 2131 1253 2168 a
1287 2113 1596 2170 tumultibus
1627 2113 1800 2168 minus
1831 2109 1969 2164 libs-

309 2224 370 2259 να
407 2228 420 2259 :
459 2206 722 2275 protelare
758 2220 847 2259 eas
883 2206 1031 2260 inter
1054 2223 1106 2258 se
1153 2202 1525 2260 reconciliavit
1552 2219 1612 2258 ac
1640 2201 1969 2274 permiscuit,

306 2299 532 2370 pietatis
562 2298 822 2354 nimirum
850 2298 1140 2369 gymnasia
1179 2302 1228 2352 et
1285 2296 1607 2353 monasteria
1667 2300 1968 2357 astruens,

310 2405 426 2442 non
457 2393 637 2443 tamen
690 2387 840 2457 longe
881 2386 1255 2458 discrepantia
1312 2387 1379 2442 ab
1434 2385 1502 2443 iis
1529 2399 1645 2457 qua
1671 2383 1974 2440 societatem

309 2479 520 2536 colunt.
584 2485 630 2532 et
689 2476 1115 2547 permiscentur;
1175 2492 1266 2531 nec
1311 2476 1453 2531 velut
1535 2488 1688 2530 muro
1726 2471 1975 2543 quopiam

310 2567 594 2637 interjecto
631 2564 739 2621 hac
793 2565 1038 2621 instituta
1094 2565 1425 2636 distinguens
1485 2573 1645 2636 atque
1691 2580 1723 2616 a
1780 2577 1835 2618 se
1884 2561 1977 2616 in-

307 2659 491 2711 uicem
542 2671 820 2725 separans,
883 2670 1072 2711 verum
1121 2671 1279 2725 prope
1332 2653 1660 2724 conjungens
1716 2668 1777 2706 ac
1835 2651 1970 2706 diri-

311 2761 469 2801 mens
502 2761 518 2800 :
549 2752 604 2798 ut
660 2760 757 2800 nec
817 2745 1189 2815 contemplatio
1238 2741 1736 2799 communicationis
1783 2756 1974 2812 expers

311 2843 481 2897 esset,
541 2850 630 2889 nec
695 2834 839 2889 actio
896 2833 1332 2904 contemplatione
1385 2839 1611 2889 careret.
1673 2831 1972 2888 Existimat

309 2923 741 2985 Tillemontius
772 2923 1278 2985 anachoretarum
1303 2923 1461 2983 aedes
1493 2938 1676 3002 prope
1699 2919 1972 2983 ccenohia

313 3033 354 3074 a
395 3013 604 3075 Basilio
628 3013 812 3075 fuisse
836 3022 1183 3074 exstructas.
1221 3012 1284 3073 In
1314 3032 1431 3093 quo
1465 3011 1705 3092 quidem
1734 3010 1972 3090 decepit

2051 1855 2120 1896 co
2154 1837 2339 1897 videri
2372 1836 2635 1907 deberet,
2664 1846 2765 1898 aut
2793 1838 3176 1900 continentiae
3200 1839 3568 1918 professione
3590 1842 3696 1901 ob-

2050 1925 2288 1989 strictus
2312 1942 2432 1987 non
2465 1925 2671 1999 fuisse,
2707 1936 2805 1986 aut
2839 1947 2954 1987 non
2979 1946 3044 1988 se
3075 1928 3354 1990 omnibus
3380 1929 3561 1991 rebus
3590 1948 3693 2008 pro

2051 2011 2284 2075 Christo
2309 2014 2590 2077 nudasse.
2621 2015 2775 2086 Quot
2805 2017 2962 2075 enim
2988 2015 3178 2078 tribus
3213 2019 3419 2096 primis
3464 2020 3698 2086 saeculis

2052 2103 2347 2182 ejusmodi
2370 2106 2542 2166 vitam
2563 2112 2699 2166 ante
2720 2115 3016 2166 exstructa
3040 2108 3400 2169 monasteria
3421 2118 3694 2187 egerunt,

2054 2195 2129 2254 de
2159 2193 2375 2273 quibus
2403 2201 2596 2254 tamen
2628 2194 2744 2255 dici
2771 2214 2885 2256 non
2922 2205 3110 2274 potest
3137 2199 3294 2277 quod
3346 2199 3420 2259 de
3451 2198 3691 2268 Basilio.

2055 2281 2364 2362 Gregorio,
2397 2282 2626 2345 Joanne
2658 2285 3078 2364 Chrysostomo
3102 2295 3159 2346 et
3188 2287 3320 2348 aliis
3355 2289 3696 2367 pronuntiat

2053 2372 2502 2452 Thomassinus,
2535 2372 2692 2434 nulla
2716 2392 2817 2434 eos
2868 2376 2980 2434 voti
3039 2376 3392 2437 necessitate
3423 2377 3695 2438 astrictos

2058 2459 2428 2532 fuisse?Quis
2456 2461 2683 2523 dubitet
2705 2463 2848 2543 quin
2872 2462 3264 2543 S.Cyprianus
3287 2473 3576 2546 perpetuo
3600 2484 3697 2527 se-

2060 2567 2124 2608 se
2147 2549 2491 2628 obligaverit
2521 2561 2674 2630 voto,
2701 2569 2836 2612 cum
2879 2552 3032 2612 bona
3052 2571 3159 2613 sua
3185 2554 3546 2634 pauperibus
3567 2554 3696 2616 dis-

2062 2639 2287 2714 tribuit,
2321 2659 2390 2700 ac
2420 2641 2847 2701 continentiam
2869 2641 3062 2703 adhuc
3094 2646 3694 2708 catechumenusam-

2059 2731 2264 2809 plexus
2287 2729 2655 2792 est?Miratur
2673 2731 3151 2792 Pontiustantum
3179 2733 3238 2792 in
3262 2737 3692 2798 catechumeno

2057 2817 2548 2880 fervoremJnter
2565 2818 2709 2896 ﬁdei
2737 2819 3101 2899 suw,inquit,
3123 2822 3327 2898 prima
3348 2824 3694 2886 rudimenta

2055 2905 2217 2968 nihil
2237 2906 2410 2967 aliud
2427 2906 2810 2968 crediditDeo
2827 2906 3293 2986 dignum,quam
3316 2911 3371 2970 si
3389 2916 3702 2973 continen-

2057 2995 2217 3056 tiam
2232 3002 2528 3058 tueretur.
2544 2994 2718 3070 .Quis
2729 3012 2999 3075 unquam
3016 2999 3174 3057 tanti
3190 2999 3484 3060 miraculi
3497 3006 3703 3062 memi-

313 3121 461 3165 eum
487 3101 642 3163 Billii
675 3103 1222 3183 interpretatio,qui
1252 3083 1348 3164 hic
1380 3083 1614 3183 quoque
1647 3083 1969 3162 cmnobitas

2063 3087 2145 3146 nit
2177 3083 2201 3145 ?
2232 3086 2437 3165 Inepta
2468 3102 2710 3162 prorsus
2733 3093 2793 3146 et
2821 3085 3078 3147 absurda
3126 3085 3410 3149 laudandi
3434 3089 3610 3171 ratio,
3645 3090 3697 3152 si

314 3193 625 3270 migadum
658 3191 902 3252 nomine
927 3190 1239 3252 intellexit.
1294 3191 1396 3254 Sic
1447 3191 1609 3252 enim
1658 3189 1964 3252 reddidit:

320 3282 548 3338 Pietatis
582 3281 852 3336 nimirum
891 3279 1170 3352 gymnasia
1223 3285 1272 3337 et
1299 3280 1630 3336 monasteria
1669 3285 1967 3345 exstruens,

315 3387 438 3426 non
475 3377 658 3424 tamen
692 3371 845 3440 longo
881 3369 1162 3426 interuallo
1191 3368 1254 3423 ab
1284 3369 1353 3422 iis
1387 3368 1474 3441 qui
1503 3369 1565 3425 in
1597 3366 1849 3424 sodalitio
1888 3369 1968 3424 vi-

317 3470 500 3524 vunt.
538 3461 850 3524 Refellitur
879 3460 1003 3521 haec
1035 3460 1445 3540 interpretatio
1492 3479 1559 3521 ex
1622 3466 1742 3520 tota
1774 3459 1973 3520 Basilii

324 3551 600 3623 historia,
650 3567 828 3626 quem
881 3548 1196 3610 cmoobitis
1227 3548 1535 3628 prmfuisse
1569 3555 1820 3626 constat,
1856 3567 1975 3611 non

321 3639 707 3701 anachoretis
739 3656 923 3718 prope
975 3637 1300 3702 cmnobitas
1331 3638 1688 3700 constitutis.
1748 3636 1978 3699 Deinde

317 3746 465 3790 vero
497 3727 796 3805 migadum
828 3728 1072 3787 nomine
1097 3745 1213 3787 non
1241 3726 1573 3801 cmnobitaa,
1610 3725 1712 3787 sed
1764 3735 1978 3787 ascetaz

324 3818 545 3880 actioni
575 3815 784 3887 dediti,
817 3824 878 3874 ut
929 3816 987 3874 in
1020 3815 1432 3894 superioribus
1460 3815 1628 3888 locis,
1665 3815 1970 3894 designan-

325 3917 470 3966 tur:
526 3921 638 3965 nec
694 3904 1083 3964 anaclioretas
1169 3904 1421 3966 Basilius
1482 3921 1666 3984 prope
1712 3903 1975 3983 migades

321 3995 634 4057 constituit
661 4013 674 4052 :
705 3993 809 4054 sed
837 4002 1160 4073 utrumque
1185 3994 1517 4056 institutum
1547 3994 1706 4055 nullo
1734 4012 1974 4072 prorsus

327 4103 502 4144 muro
534 4083 897 4162 diremptum
932 4100 1063 4142 esse
1111 4083 1317 4157 voluit,
1362 4083 1571 4163 sicque
1626 4090 1969 4163 utrumque,

326 4173 624 4235 coenobiis
655 4171 1062 4246 exstruendis,
1100 4172 1434 4250 conjunxit,
1472 4181 1535 4233 ut
1559 4189 1672 4233 nex
1708 4174 1972 4233 anacho-

325 4271 590 4323 retarum
618 4261 856 4321 deesset
887 4259 1171 4335 solitudo,
1206 4279 1313 4322 nec
1366 4259 1660 4340 migadum
1712 4261 1975 4323 ofﬁciosa

326 4350 611 4420 charitas,
634 4351 960 4429 primorum
991 4359 1187 4411 autem
1240 4350 1476 4412 abesset
1522 4350 1704 4412 fastus
1734 4351 1973 4432 pericu-

330 4442 485 4516 lum,
515 4448 572 4499 et
595 4437 995 4517 posteriorum
1029 4439 1340 4502 tumultus.

411 4577 579 4641 Idem
614 4595 757 4655 ergo
784 4579 1147 4658 propositum
1174 4579 1282 4641 fuit
1313 4579 1598 4658 Gregorio
1637 4590 1699 4642 et
1741 4580 1981 4643 Basilio.

329 4665 580 4748 Utrique
604 4667 991 4729 solitudinem
1024 4687 1158 4728 cum
1178 4671 1365 4731 sacris
1381 4669 1600 4732 litteris
1623 4671 1985 4750 conjungere

327 4755 556 4817 volenti
575 4775 686 4817 nec
697 4757 1194 4818 anachoretarum
1209 4758 1642 4822 arridebatvita
1667 4777 1777 4822 nec
1793 4761 1982 4839 miga—

329 4847 503 4908 dum.
539 4850 625 4908 Ac
657 4848 732 4906 de
761 4845 978 4907 Basilio
1009 4847 1249 4927 quidem
1285 4856 1448 4909 certa
1479 4860 1536 4910 et
1562 4849 1862 4929 explorata
1888 4868 1986 4911 res

328 4941 450 5006 est,
487 4952 622 4994 eum
668 4932 887 4995 vixisse
913 4933 971 4994 in
1008 4934 1362 4995 monasterio
1409 4943 1468 4996 et
1521 4935 1833 5015 discipulis
1861 4934 1986 4997 suis

331 5021 609 5084 eamdem
642 5022 881 5084 vivendi
935 5023 1184 5085 formam
1219 5024 1677 5104 praescripsisse,
1714 5042 1889 5106 quam
1921 5024 1982 5085 in

334 5112 720 5173 monasteriis
750 5114 975 5192 Egypti
999 5112 1246 5185 viderat,
1283 5113 1365 5175 ita
1387 5125 1450 5175 ut
1481 5133 1591 5176 nec
1626 5114 1987 5179 necessariis

332 5201 410 5262 ad
444 5219 643 5263 sacras
665 5201 896 5263 litteras
919 5200 1234 5281 praesidiis,
1269 5209 1334 5263 ut
1379 5204 1776 5284 anachoreta),
1811 5221 1984 5265 care-

335 5299 499 5364 rent,
531 5308 645 5351 nec
669 5299 733 5350 ut
773 5290 1062 5369 migades,
1117 5292 1366 5352 nimium
1434 5293 1735 5355 charitatis
1774 5293 1988 5354 ofﬁciis

339 5379 886 5455 mersareutur,sed
906 5380 1333 5442 meditarentur
1348 5388 1413 5441 ut
1430 5382 1993 5463 primi,prodessent

339 5477 406 5530 ut
438 5468 716 5532 secundi.
750 5467 883 5548 Ipse
916 5469 1258 5532 monasterii
1289 5469 1439 5532 situs
1487 5470 1772 5534 afferebat
1792 5471 1996 5533 omnia

429 5635 515 5709 (a)
561 5628 772 5694 Carm.
819 5631 890 5692 de
925 5629 1082 5695 vita.

2051 3173 2807 3254 continentiamCyprianus
2822 3187 3174 3254 perpetuam
3189 3194 3305 3236 non
3319 3182 3695 3255 voverat,sed

2053 3264 2125 3324 ad
2151 3271 2385 3341 tempus
2408 3262 3475 3343 colebat.QuareetiamsiGregorium
3498 3285 3698 3330 mona-

2055 3350 2237 3412 steria
2268 3369 2385 3411 non
2418 3349 2786 3429 habuissent,
2825 3369 2941 3411 non
2973 3350 3198 3413 idcirco
3221 3371 3496 3430 magnum
3547 3355 3693 3417 illud

2054 3446 2466 3502 ornamentum
2504 3441 2829 3501 mounstico
2865 3440 3139 3502 instituto
3172 3441 3326 3522 eripi
3349 3444 3696 3523 posset.Sed

2059 3539 2254 3591 tamen
2287 3527 2527 3608 probari
2562 3537 2752 3609 potest
2770 3547 2908 3590 eum
2932 3547 3050 3589 non
3077 3529 3384 3593 minimam
3404 3533 3539 3596 vitae
3560 3552 3698 3614 par-

2058 3627 2177 3682 tem
2210 3618 2268 3679 in
2295 3619 2656 3679 monasterio
2674 3617 3099 3679 traduxisseJn
3125 3623 3482 3682 monasterio
3499 3622 3701 3684 Basilii

2060 3716 2459 3771 commoratus
2517 3717 2606 3769 est
2653 3708 2998 3788 aliquandiu
3029 3718 3343 3790 antequam
3399 3712 3704 3793 presbyter

2056 3803 2386 3871 crearetur,
2422 3807 2478 3857 et
2507 3798 2739 3877 qualem
2775 3799 2858 3858 ibi
2892 3799 3064 3858 vitam
3087 3801 3296 3876 egerit,
3333 3801 3570 3879 egregie
3597 3804 3702 3864 de-

2057 3887 2264 3949 scribit
2284 3887 2344 3947 in
2366 3887 2508 3965 ep.8
2530 3894 2588 3947 et
2611 3887 2671 3949 9.
2709 3885 2875 3948 Unde
2901 3906 3018 3948 non
3060 3887 3358 3950 immerito
3379 3890 3622 3952 Basilius
3643 3893 3704 3952 in

2056 3976 2231 4057 epist.
2269 3975 2408 4049 223,
2437 3994 2495 4038 n.
2524 3977 2584 4047 5,
2612 3983 2858 4037 testatur
2872 3994 3074 4037 secum
3101 3976 3160 4036 in
3185 3979 3703 4042 monasterioGre-

2056 4066 2287 4145 gorium
2314 4063 2469 4125 idem
2494 4065 2627 4125 vitae
2681 4065 3015 4127 institutum
3048 4075 3315 4127 secutum
3349 4084 3500 4127 esse.
3534 4067 3703 4148 Fugit

2058 4153 2386 4234 Gregorius
2411 4154 2471 4214 in
2504 4155 2774 4216 eamdem
2799 4154 3181 4216 solitudinem
3211 4155 3518 4236 presbyter
3538 4176 3702 4219 crea-

2057 4241 2343 4306 tus.Haud
2364 4244 2488 4304 scio
2511 4243 2656 4303 anin
2677 4242 3059 4303 solitudinem
3086 4242 3429 4304 monasterii
3449 4261 3514 4304 se
3535 4263 3705 4307 rece-

2059 4334 2234 4415 perit,
2267 4352 2401 4395 cum
2440 4353 2649 4395 rursus
2678 4333 2741 4394 in
2764 4343 3027 4396 montem
3050 4334 3197 4411 fugit
3219 4341 3350 4413 post
3372 4337 3702 4398 ordinatio-

2000 4448 2044 4499 ι)
2063 4443 2197 4486 nem
2224 4423 2623 4486 Sasimensem
2652 4425 2869 4504 (a),aut
2887 4441 3021 4484 cum
3044 4440 3198 4483 anno
3223 4424 3341 4485 375
3362 4425 3700 4491 Seleuciam

2067 4514 2336 4594 secessit,
2361 4523 2426 4575 ut
2455 4513 2612 4595 quod
2641 4514 2865 4575 dudum
2889 4513 3234 4575 decreverat
3272 4513 3498 4575 amico
3518 4525 3576 4578 et
3601 4536 3706 4581 ne-

2065 4603 2220 4682 gotia
2249 4603 2474 4682 fugere,
2510 4603 2569 4664 id
2605 4602 2838 4664 tandem
2872 4601 3204 4682 perliceret.
3245 4601 3361 4665 Sed
3391 4615 3554 4669 certe
3586 4608 3705 4671 du-

2067 4691 2235 4754 hilari
2269 4711 2388 4754 non
2418 4700 2610 4773 potest
2631 4691 2799 4772 quin,
2823 4691 3074 4770 abjectis
3103 4693 3708 4777 Constantinopolita-

2068 4801 2158 4844 nae
2204 4783 2490 4845 Ecclesiai
2527 4781 2966 4861 gubernaculis,
3021 4781 3142 4843 ruri
3203 4786 3475 4847 monachi
3529 4789 3702 4851 vitam

2065 4871 2278 4950 egerit,
2311 4881 2372 4933 ut
2406 4880 2653 4934 testatur
2673 4870 3091 4951 Hieronymus,
3146 4881 3203 4933 et
3233 4893 3368 4935 cum
3401 4880 3706 4940 monachis

2064 4960 2294 5038 vixerit,
2321 4971 2383 5022 ut
2417 4961 2703 5024 discimus
2733 4979 2800 5022 ex
2832 4960 3135 5037 Facundo,
3167 4962 3274 5027 lib.
3297 4981 3402 5037 vn,
3435 4985 3488 5030 c.
3518 4969 3579 5030 7.

2706 5053 2948 5120 CAPUT
2985 5058 3050 5120 V.

2067 5149 2191 5215 I.S.
2203 5149 2479 5214 Basilius
2490 5170 2619 5214 cum
2630 5150 3281 5216 EustathioSebasteno
3292 5157 3563 5218 amicitia
3579 5175 3713 5220 con-

2150 5234 2444 5312 iungitur.
2480 5234 2549 5295 II.
2581 5232 2790 5307 Qualis
2812 5234 2909 5312 uir
2944 5234 3175 5312 exstitit
3205 5233 3580 5299 Eustathius.
3605 5235 3708 5301 III.

2156 5310 2396 5392 Decepit
2408 5311 3713 5380 etiamS.EusebiumSamusatensemEusta-

2151 5393 2474 5474 thiuskﬁdei
2489 5395 2838 5474 studiumiet
2852 5393 3232 5474 sanctitatem
3248 5411 3378 5474 pro:
3396 5413 3459 5457 se
3477 5397 3708 5474 ferens.

2153 5470 2255 5536 IV.
2288 5470 2631 5538 Damnatus
2674 5473 2919 5536 videtur
2945 5473 3135 5549 fuisse
3164 5474 3230 5536 in
3248 5470 3513 5539 concilio
3544 5479 3713 5541 Gan-
