4068 6204
1662 246 1841 310 VITA
1890 248 1951 310 S.
1998 244 2293 311 BASILII.

3543 264 3698 312 XXXI

322 376 485 460 paria
512 374 808 458 rependit.
840 375 1275 457 Distinguenda
1297 395 1445 460 ergo
1469 379 1596 444 haec
1617 380 1868 461 epistola
1891 380 1970 444 14
1989 386 2026 437 Α
2050 378 2613 458 conci_oies,quanto
2634 382 2833 458 magis
2852 397 2957 439 nos
2980 396 3059 441 ea;
3077 379 3224 459 ipsis
3241 379 3541 446 rebus‘lAc
3555 400 3691 446 ma-

318 466 387 528 sb
418 484 491 528 ea
522 483 695 547 quam
715 464 887 527 initio
911 483 1186 529 secessus
1207 466 1492 549 scriptam
1516 488 1634 533 una
1654 487 1787 532 cum
1809 471 1962 535 Gre-

317 554 465 635 gorii
496 572 791 636 responso
823 553 1158 617 amisimus.

392 645 461 706 2ο
482 644 862 725 Perspicitur
904 663 975 707 ex
1006 645 1280 724 Gregorii
1311 645 1561 727 epistola
1591 651 1650 728 '7,
1678 666 1813 710 eum
1838 648 1963 729 jam

2035 467 2238 554 jorem
2251 475 2485 546 partem
2493 469 3025 549 praetermittemus
3037 468 3307 531 aliarum
3322 487 3693 554 rerumque:

2048 553 2255 618 multa'
2281 556 2455 619 nobis
2477 557 2885 634 contigerunt,
2909 557 3147 638 pudore
3161 559 3465 623 deterriti.
3489 553 3693 628 Tertio

2050 643 2259 706 eadem
2292 644 2367 707 de
2397 664 2463 707 re
2483 646 2802 725 Gregorius
2820 646 3058 727 scripsit
3082 647 3185 726 (ὸ),
3208 648 3311 709 sed
3338 668 3453 711 non
3480 652 3689 716 eodem

318 736 376 795 in
406 733 738 797 solitudine
768 731 975 796 Basilii
993 743 1423 797 commoratum
1449 736 1654 813 fuisse,
1682 755 1816 799 cum
1841 737 1967 803 haec
2051 732 2249 794 modo.
2280 733 2551 796 Declarat
2603 735 2761 797 enim
2812 754 2878 796 se
2926 753 3041 797 non
3082 736 3306 798 salibus
3338 746 3399 798 ut
3430 747 3606 803 antea
3635 751 3695 805 et

317 822 472 884 inter
504 828 827 903 utrumque
876 822 1312 885 scriberentur.
1346 823 1664 906 Postquam
1690 825 1848 889 enim
1873 826 1965 889 fe-

2046 821 2198 901 jocis
2220 821 2669 903 indulgere,sed
2692 824 2847 885 serio
2873 824 3050 905 loqui.
3085 824 3261 889 Grata
3278 829 3691 894 recordatione

316 911 705 1000 stivejocatus
722 910 890 974 estin
911 913 1187 974 Ponticas
1204 912 1503 995 tenebras,
1529 915 1588 976 in
1605 915 1786 977 situm
1807 915 1968 978 illius
2048 920 2286 1000 renovat
2315 912 2374 972 in
2398 912 2600 974 animo
2632 912 2761 974 dies
2793 932 2924 974 cum
2948 914 3159 975 Basilio
3184 915 3509 1000 traductos,
3539 922 3695 1000 psal-

314 999 677 1076 solitudinis,
707 1020 882 1082 quam
902 1000 1159 1064 Basilius
1182 1021 1336 1083 pene
1356 1002 1611 1067 insulam
1646 1023 1777 1067 esse
1806 1005 1968 1068 dixe-

314 1094 490 1169 rat,et
509 1091 571 1151 in
595 1090 845 1151 ﬂuvium
872 1108 1048 1171 quem
1076 1109 1209 1153 cum
1235 1088 1551 1173 Strymone
1572 1112 1958 1175 comparave-

311 1186 430 1255 rat;
464 1189 593 1243 tum
631 1198 777 1240 vero
808 1180 932 1240 ait:
967 1178 1047 1238 ’Ἀ
1085 1181 1182 1257 μὲν
1210 1183 1300 1239 οὗν
1331 1185 1496 1258 ἡμεῖς
1547 1184 1796 1260 σύνισμεν
1838 1198 1958 1249 ταῖς

315 1271 414 1325 τῶν
477 1270 743 1349 μακάρων
799 1271 983 1339 νήσοις
1037 1273 1328 1336 ταύταις...
1384 1275 1549 1335 ταῦτά
1624 1273 1757 1336 ἐστι,
1814 1275 1961 1349 Qum

310 1358 492 1438 igitur
506 1360 740 1421 scimus
754 1357 829 1421 de
848 1357 976 1421 illis
1012 1357 1319 1438 fortunate
1340 1379 1477 1424 rum
1507 1364 1797 1428 insulis...
1830 1366 1959 1427 haec

313 1455 466 1511 sunt.
495 1447 631 1511 Jam
673 1466 813 1526 ergo
849 1447 1134 1510 Basilium
1159 1449 1438 1513 inviserat
1468 1450 1810 1533 Gregorius,
1847 1474 1961 1517 nec

313 1537 632 1619 quidquam
671 1537 930 1614 dicebat,
959 1539 1116 1619 quod
1141 1558 1258 1602 non
1285 1541 1591 1603 oculorum
1617 1543 1959 1608 testimonio

310 1628 604 1707 cognitum
665 1626 937 1702 haberet,
966 1636 1027 1690 ut
1057 1629 1321 1691 declarat
1369 1649 1472 1693 vos
1513 1629 1717 1696 Graeca
1773 1636 1955 1692 σύνισ-

2049 999 2275 1062 modias
2308 1011 2364 1063 et
2394 1000 2647 1083 vigilias,
2672 1003 2941 1084 fratrum,
2969 1023 3115 1085 quos
3137 1004 3389 1067 Basilius
3421 999 3689 1071 adsum»

2049 1107 2211 1150 mum
2245 1091 2483 1171 pictatis
2517 1092 2826 1167 evellebat,
2855 1093 3232 1155 concordiam
3262 1104 3319 1156 et
3351 1096 3685 1162 animorum

2044 1179 2560 1263 conjunctionem,
2594 1180 2842 1263 scriptas
2871 1201 2987 1244 una
3036 1202 3167 1244 cum
3220 1183 3435 1248 Basilio
3487 1206 3690 1250 mona-

2042 1269 2205 1331 sticae
2237 1270 2375 1332 vitm
2408 1273 2569 1351 leges
2601 1280 2660 1333 et
2690 1272 2949 1354 regulas,
2983 1290 3166 1334 sacra:
3207 1274 3530 1354 Scriptura;
3559 1287 3687 1340 stu-

2045 1357 2235 1434 dium,
2269 1369 2329 1422 et
2364 1380 2644 1423 manuum
2707 1361 2995 1423 laborem.
3059 1360 3210 1425 Sunt
3264 1363 3358 1425 hae
3418 1365 3687 1444 Gregorii

2047 1456 2164 1510 tres
2196 1449 2407 1512 litterae
2438 1450 2519 1511 ita
2555 1450 2708 1513 inter
2743 1470 2807 1511 se
2841 1469 3026 1526 nexa),
3063 1461 3123 1512 ut
3163 1451 3362 1514 divelli
3415 1472 3532 1515 non
3559 1474 3685 1535 pos~

2043 1538 2203 1601 sint:
2240 1550 2299 1601 et
2330 1558 2462 1601 cum
2500 1558 2705 1603 earum
2738 1540 3185 1602 scribendarum
3207 1544 3369 1622 origo
3394 1561 3465 1604 ex
3483 1544 3685 1607 Basilii

2043 1627 2291 1708 epistola
2329 1629 2401 1690 14
2430 1637 2554 1690 orta
2589 1628 2689 1710 sit,
2724 1630 2936 1691 merito
2958 1631 3265 1693 statuimus
3282 1633 3436 1695 banc
3456 1635 3683 1714 episto-

309 1718 603 1791 psv.Certe
623 1720 952 1795 Gregorius
975 1719 1174 1782 Basilii
1195 1719 1573 1784 solitudinem
1598 1722 1954 1802 sicjocando
1980 1756 2017 1805 Β
2043 1715 2157 1776 lam
2191 1735 2310 1779 non
2344 1718 2510 1779 initio
2571 1736 2844 1780 secessus
2891 1720 3169 1802 scriptam
3202 1720 3408 1803 fuisse,
3441 1723 3545 1786 sed
3572 1724 3680 1785 ali-

309 1805 610 1888 describit,
642 1814 712 1869 ut
742 1825 877 1869 eum
922 1807 1006 1869 ibi
1046 1809 1173 1889 jam
1214 1818 1508 1873 moratum
1541 1829 1674 1874 esse
1706 1813 1951 1893 liqueat.
2039 1814 2182 1885 quot
2213 1805 2384 1870 annis
2416 1806 2661 1888 elapsi-“>-

306 1894 412 1957 Sed
444 1896 607 1976 quod
643 1914 773 1958 rem
805 1915 1170 1979 causamque
1202 1901 1458 1963 maxime
1488 1903 1951 1985 continet,post-

306 2003 468 2063 quam
496 1986 652 2047 satis
692 1986 931 2066 jocatus
963 1994 1073 2068 est,
1108 1988 1231 2050 ait:
1271 1988 1360 2052 Tu
1391 1997 1618 2067 autem,
1649 1994 1952 2074 siquidem

304 2074 584 2153 hosjocos
608 2094 789 2158 aequo
808 2079 1016 2140 animo
1034 2080 1391 2159 feras,recte
1406 2082 1746 2158 feceris;sin
1757 2100 1948 2164 secus,

298 2164 471 2245 plura
489 2184 739 2247 quoque
776 2168 1199 2249 adiungemus.
1224 2168 1368 2231 Cum
1393 2169 1650 2233 Basilius
1681 2170 1954 2251 Gregorii

296 2254 477 2335 jocos,
511 2264 579 2316 ut
608 2274 723 2337 par
752 2267 899 2337 erat,
926 2258 1284 2339 accepisset,
1306 2268 1427 2322 tum
1467 2278 1601 2322 eum
1634 2259 1954 2341 Gregorius

304 2343 380 2404 sic
409 2346 739 2424 compellat
774 2346 835 2408 in
868 2347 987 2408 alia
1016 2348 1273 2427 epistola
1305 2348 1390 2431 (a)
1423 2370 1436 2413 :
1472 2350 1776 2426 Quoniam
1820 2370 1953 2432 quae

292 2434 553 2511 jocantes
577 2434 667 2496 ad
699 2442 757 2497 te
782 2437 1164 2516 scripsimus,
1201 2456 1375 2518 aequo
1406 2440 1614 2502 animo
1636 2439 1786 2519 fers,
1818 2460 1946 2519 age,

300 2540 424 2601 quae
450 2530 817 2605 sequuntur,
851 2526 1237 2607 adjiciamus,
1272 2527 1346 2590 ab
1394 2529 1653 2592 Aomero
1699 2530 1948 2593 initium

302 2612 605 2676 ducentes.

369 2700 542 2792 lianc
552 2721 676 2784 age
690 2705 1094 2785 progrediens
1110 2706 1426 2770 internum
1442 2708 1941 2792 concine,quaeso,

373 2788 689 2854 Ornatam
714 2810 729 2855 :

301 2880 604 2959 tugurium
666 2881 941 2946 videlicet
970 2891 1114 2946 tecto
1156 2892 1215 2946 et
1240 2887 1452 2963 ianuis
1479 2886 1947 2964 carens,focum

298 2970 446 3048 ignis
463 2976 520 3032 et
538 2972 713 3050 fumi
740 2978 1067 3053 expertem,
1075 2976 1340 3054 parietes
1352 2978 1487 3056 igni
1506 2979 1948 3053 exsiccatosme

2118 1894 2362 1978 Decepit
2396 1896 2668 1959 eruditos
2699 1898 2854 1959 viros
2878 1898 3199 1981 descriptio
3221 1900 3558 1963 solitudinis
3582 1905 3683 1965 Ba-

2038 1983 2177 2059 silii,
2211 1986 2317 2048 sed
2350 1996 2544 2048 tamen
2578 2007 2653 2048 ne
2705 1987 2803 2050 illa
2854 1989 3094 2070 quidem
3129 1989 3363 2052 indiciis
3395 2000 3577 2072 caret,
3608 2012 3676 2053 ex

2037 2072 2254 2153 quibus
2277 2074 2472 2137 locum
2489 2076 2776 2156 Gregorio
2795 2085 2996 2140 notum
3016 2078 3200 2141 fuisse
3209 2080 3678 2159 judicemus.Suc

2040 2164 2196 2224 enim
2231 2166 2433 2227 omnia
2483 2166 2751 2247 depingit
2798 2167 3073 2242 Basilius,
3105 2167 3193 2230 sic
3225 2169 3339 2230 loci
3370 2171 3679 2231 commoda

2037 2264 2433 2333 exaggerat,et
2459 2256 2533 2318 iis
2565 2274 2695 2338 qua;
2724 2256 3171 2319 incommodaet
3198 2258 3527 2338 injucunda
3549 2279 3678 2320 esse

2038 2341 2356 2424 debebant,
2390 2346 2565 2406 aliam
2600 2346 2783 2407 veluti
2810 2346 3056 2408 formam
3088 2346 3325 2409 dicendi
3360 2347 3562 2429 lepore
3588 2350 3679 2411 af-

2038 2431 2227 2512 ﬁngit,
2264 2442 2326 2495 ut
2363 2453 2732 2516 nequaquam
2769 2436 3038 2498 videatur
3077 2437 3267 2499 amico
3318 2436 3505 2517 ignoti
3564 2439 3674 2500 loci

2034 2520 2435 2600 cognitionem
2460 2524 2845 2603 injicere,sed
2870 2524 3064 2605 potius
3094 2544 3225 2586 cum
3246 2544 3317 2588 eo
3341 2527 3677 2607 perurbane

2033 2617 2088 2670 et
2119 2609 2427 2693 eleganter
2449 2613 2775 2676 colludere.
2801 2614 3028 2676 Deinde
3050 2632 3187 2676 vero
3211 2614 3354 2677 dum
3379 2616 3461 2677 ait
3486 2635 3552 2678 se
3574 2636 3674 2678 nc-

2027 2699 2204 2777 gotiis
2227 2700 2577 2765 distractum
2609 2712 2954 2783 exspectare
2977 2723 3094 2766 non
3119 2722 3292 2785 posse
3315 2705 3455 2769 dum
3478 2706 3676 2768 veniat

2031 2786 2378 2871 Gregorius,
2404 2810 2675 2869 quaenam
2698 2792 2863 2854 illum
2894 2793 3126 2871 negotia
3148 2793 3206 2854 in
3230 2792 3486 2856 Pontum
3518 2796 3676 2858 cele-

2029 2877 2177 2940 riter
2205 2880 2504 2960 proﬁcisci
2536 2880 2845 2962 cogebant,
2883 2881 2995 2945 nisi
3027 2882 3515 2960 monasteriijam
3537 2904 3674 2947 con-

2031 2968 2239 3029 structi
2274 2986 2415 3030 cura
2441 2966 2603 3033 ?Sed
2636 2987 2767 3032 cum
2799 2969 3055 3050 primum
3088 2971 3359 3046 secessit,
3387 2991 3504 3035 non
3534 2992 3669 3035 eum

298 3057 400 3120 luti
417 3063 615 3139 guttis
653 3062 1038 3142 impetamur,
1064 3062 1342 3127 Tantalis
1372 3065 1601 3129 similes
1625 3067 2004 3146 eademque“
2032 3056 2266 3135 negotia
2300 3057 2360 3119 in
2393 3061 2644 3121 Pontum
2678 3068 2987 3140 vocarunt,
3012 3058 3115 3122 sed
3150 3061 3312 3121 solus
3335 3080 3503 3123 amor
3523 3062 3669 3124 soli-

297 3126 463 3227 paeni:
480 3126 1101 3231 mulctalimimirum
1121 3160 1186 3215 in
1208 3126 1383 3233 aquis
1401 3126 1943 3232 tumentia;

2034 3126 2277 3211 tudinis.
2312 3151 2738 3211 Demonstrant
2768 3150 2944 3211 etiam
2973 3126 3291 3212 'assuetum
3346 3150 3509 3227 huic,
3543 3152 3671 3213 loco

298 3240 465 3299 etiam
480 3240 631 3302 illas
660 3246 716 3302 et
727 3242 987 3303 miseras
1001 3242 1331 3322 epulas,ad
1343 3262 1498 3323 quas
1511 3263 1544 3307 e
1564 3244 1940 3325 Cappadocia

299 3329 477 3389 vocati
489 3347 707 3391 sumus
731 3347 853 3391 non
870 3337 1166 3413 tanquam
1191 3333 1272 3395 ad
1291 3333 1778 3415 LotOptiagorum
1802 3336 1936 3397 ino-

299 3421 475 3497 piam,
500 3422 606 3483 sed
656 3423 825 3483 velut
868 3423 952 3484 ad
1007 3423 1248 3487 Alcinoi
1278 3442 1547 3487 mensam
1578 3444 1689 3489 nos
1717 3429 1859 3490 novi
1884 3435 1941 3492 et

305 3516 615 3571 aerumnosi
636 3512 1217 3592 naufragiJIemini
1242 3516 1405 3577 enim
1418 3533 1605 3595 panes
1629 3515 1764 3579 illos
1779 3524 1832 3581 et
1850 3520 1942 3595 iu-

305 3602 571 3673 sculatsic
582 3603 749 3662 enim
768 3605 1186 3678 nominantur)
1199 3622 1581 3686 ,semperque
1592 3608 1937 3683 meminero,

306 3688 560 3751 dentibus
583 3696 753 3753 circa
775 3689 1128 3772 fragmenta
1148 3694 1939 3777 collabescentibus,acpos~-

302 3784 385 3866 tea
402 3796 525 3841 sese
546 3779 948 3861 erigentibus,
982 3783 1120 3846 velu
1130 3794 1273 3864 tque
1294 3802 1369 3847 ea:
1397 3802 1559 3847 caeno
1581 3788 1935 3866 emergenti-

302 3864 565 3943 δωρείας
580 3879 648 3932 tu
657 3869 884 3933 scilicet
900 3871 1221 3936 sublimius
1234 3864 1938 3957 exaggerabis,propriis

303 3972 493 4037 nempe
511 3959 970 4022 calamitatibus
990 3979 1099 4024 ora
1110 3964 1295 4025 tionis
1317 3963 1807 4045 magnitudinem
1828 3966 1940 4029 tibi

304 4048 828 4127 suppeditantibus.
867 4049 1093 4125 Quibus
1137 4054 1265 4114 nisi
1292 4071 1513 4133 magna
1533 4052 1645 4115 illa
1687 4072 1939 4135 vereque

305 4151 616 4215 pauperum
640 4141 923 4202 studiosa
958 4146 1152 4204 mater
1176 4148 1285 4203 tua
1307 4160 1418 4205 nos
1435 4160 1615 4221 quam
1637 4142 1940 4208 celerrime

311 4226 929 4310 liberasset,nobisque
943 4237 1297 4309 tempestate
1307 4234 1554 4310 iactatis
1564 4235 1727 4295 velut
1734 4241 1943 4312 portus

310 4317 999 4399 erstitissetjampridem
1013 4322 1362 4399 apuapiros
1386 4339 1513 4385 esse
1532 4323 1836 4385 desiissem
1845 4342 1937 4399 us,

312 4402 438 4479 fidei
461 4405 736 4470 Ponticae
748 4412 994 4471 nomine
1012 4427 1133 4471 non
1151 4412 1451 4489 majorem
1472 4413 1711 4475 laudem
1740 4431 1940 4476 conse-

2024 3237 2286 3297 animum
2312 3237 2436 3299 haec
2455 3239 2634 3299 verba
2658 3238 2743 3319 (p.
2768 3238 3083 3318 94):Quod
3104 3256 3304 3302 autem
3332 3242 3669 3304 maximum

2023 3324 2092 3387 de
2110 3323 2221 3386 hoc
2243 3327 2370 3388 loco
2410 3326 2613 3389 dicere
2641 3346 2983 3407 possumus,
3011 3330 3171 3393 illud
3192 3338 3303 3412 est,
3328 3331 3508 3413 quod,
3533 3348 3670 3394 cum

2022 3413 2093 3476 ob
2114 3419 2265 3477 situs
2290 3420 2803 3496 opportunitatem
2827 3419 2914 3480 ad
2938 3437 3140 3482 omnes
3179 3420 3424 3497 fructus
3460 3425 3668 3503 pro/c-

2025 3504 2244 3567 rendos
2262 3506 2514 3569 idoneus
2530 3507 2834 3581 sit,unum
2849 3512 3120 3571 omnium
3142 3510 3292 3572 mihi
3301 3512 3670 3586 iucundissi-

2026 3611 2190 3655 mum
2211 3595 2467 3673 quietem
2500 3614 2567 3658 ac
2602 3597 3115 3677 tranquillitatem
3147 3601 3289 3680 alit,
3317 3618 3443 3663 non
3470 3600 3667 3663 solum

2025 3692 2318 3763 quatenus
2341 3684 2415 3747 ab
2430 3686 3056 3750 urbanistumultibus
3073 3689 3229 3751 liber
3250 3690 3469 3770 est,sed
3488 3693 3668 3753 etiam

2023 3774 2167 3851 quia
2191 3793 2262 3833 ne
2276 3776 2568 3838 viatorem
2589 3778 2831 3857 quidem
2848 3780 3041 3839 ullum
3056 3780 3144 3839 ad
3159 3796 3269 3841 nos
3286 3782 3664 3854 transmittit,

2017 3864 2075 3924 si
2121 3880 2219 3925 eos
2266 3866 2552 3945 excipias.
2615 3873 2721 3934 qui
2769 3870 2932 3929 inter
2976 3867 3317 3930 venandum
3361 3870 3667 3931 nobiseum

2021 3956 2369 4015 miscentur.
2406 3954 2567 4016 Nam
2614 3965 2835 4036 praeter
2856 3956 3096 4038 reliqua
3121 3959 3285 4034 feras
3310 3959 3498 4020 etiam
3528 3977 3669 4019 enu-

2019 4044 2278 4123 trit,non
2308 4062 2484 4107 ursos
2501 4052 2606 4107 aut
2631 4045 2802 4127 lupos
2820 4055 3048 4109 vestros
3081 4047 3262 4128 (absit
3288 4046 3301 4108 !
3326 4047 3373 4127 ),
3403 4047 3508 4110 sed
3538 4065 3662 4109 cer-

2024 4149 2237 4195 vorum
2255 4139 2433 4215 atque
2452 4133 2828 4198 silvestrium
2859 4154 3178 4218 caprarum
3201 4134 3667 4216 greges,lepore-

2023 4230 2257 4301 sque,et
2277 4225 2332 4284 si
2354 4225 2506 4303 quid
2535 4225 2629 4287 his
2649 4226 3039 4287 simileJVum
3066 4227 3262 4306 igitur
3286 4225 3665 4305 cogitas,quo

2026 4332 2133 4393 ego
2150 4315 2408 4395 periculi
2422 4316 2639 4380 stultus
2651 4321 3085 4395 venerim,cum
3105 4317 3666 4396 huiusmodisedr-m

2036 4405 2341 4479 Tiberina,
2376 4408 2537 4470 orbis
2584 4416 2895 4469 terrarum
2946 4411 3261 4480 barathro,
3291 4414 3668 4468 commutare

314 4504 558 4571 quentes,
595 4515 779 4577 quam
803 4500 1248 4562 miserationem
1298 4508 1617 4565 νηουεηιεε,
1659 4500 1935 4580 Quonam
1967 4494 2007 4544 ί)
2024 4498 2425 4574 pertinaciter
2441 4496 2649 4558 vellem
2678 4498 2897 4577 ?quem
2930 4499 3013 4558 ad
3042 4496 3235 4557 locum
3256 4514 3416 4557 nunc
3437 4514 3663 4576 prope-

304 4595 448 4651 porro
476 4584 629 4640 modo
658 4587 871 4642 steriles
900 4588 1020 4645 illos
1076 4587 1285 4655 hortos,
1312 4590 1638 4665 oleribusque
1692 4597 1938 4649 carentes

304 4678 895 4753 prater-ibo,Augiteque
910 4682 1092 4751 [imum
1110 4699 1136 4735 e
1155 4680 1304 4739 domo
1337 4698 1584 4756 expurget
1604 4690 1711 4738 tum
1729 4700 1835 4758 quo
1852 4699 1939 4741 eos

307 4760 645 4835 minimus,
670 4780 793 4821 eum
811 4772 1112 4823 montosum
1127 4767 1261 4824 illud
1273 4768 1604 4840 plaustrum.
1629 4775 1677 4823 et
1700 4785 1793 4840 ego
1822 4773 1939 4826 vin°

308 4851 576 4925 ἀσπάσιον,
600 4863 655 4912 et
676 4863 756 4921 lu.
790 4859 999 4929 facetus
1030 4860 1208 4926 homo,
1240 4860 1331 4917 hoc
1354 4861 1575 4925 cervice,
1602 4861 1937 4934 manibusque

312 4947 403 5013 his,
431 4966 541 5021 qua
560 4951 792 5009 laborum
821 4955 1050 5026 uestigia
1078 4956 1359 5013 etiamnum
1374 4958 1577 5028 ferunt,
1606 4956 1936 5015 traheremus

317 5032 359 5093 (ο
383 5037 518 5086 terra
556 5041 605 5089 et
643 5036 742 5104 sol,
764 5054 795 5090 ο
824 5038 912 5093 uir
940 5046 988 5091 et
1022 5038 1196 5097 uirtus
1219 5040 1238 5093 .’
1260 5041 1486 5112 paulum
1522 5038 1777 5114 quiddam
1797 5056 1937 5097 more

317 5116 497 5185 tragico
524 5120 874 5189 mlanabo).
904 5138 1009 5178 non
1034 5128 1099 5181 ut
1128 5123 1522 5197 Hellespontum
1566 5125 1934 5197 jungeremus.

316 5200 401 5258 sed
416 5209 480 5262 ut
501 5214 878 5287 praruptum
900 5214 960 5269 et
974 5210 1348 5288 praecipitem
1368 5212 1562 5272 locum
1581 5226 1932 5289 exaequare-

319 5300 452 5352 ltus.
482 5292 709 5357 Harum
731 5312 947 5359 rerum
978 5302 1462 5363 commemoratio
1478 5306 1531 5360 si
1551 5309 1606 5362 te
1633 5300 1939 5379 ofensura

319 5391 419 5438 nos
435 5384 751 5464 est,utique
768 5402 877 5450 nec
922 5388 1115 5451 noszsi
1132 5396 1333 5453 autem
1351 5390 1755 5469 offensionem
1771 5407 1849 5455 ea:
1864 5406 1937 5455 ea

387 5560 453 5625 (ι)
480 5549 613 5617 Nu.
645 5570 742 5636 ep.
768 5556 827 5621 8.

2021 4586 2188 4646 ranti
2211 4589 2445 4647 veniam
2494 4587 2683 4649 dabis.
2716 4587 2872 4650 Nam
2905 4587 3177 4667 profecto
3227 4602 3334 4647 nec
3367 4585 3664 4647 Alcmoron

2023 4676 2289 4736 inventis
2328 4674 2744 4737 Echinadibus
2797 4676 3064 4756 amplius
3112 4676 3401 4737 aberrare
3449 4676 3660 4739 voluit.

2104 4763 2297 4825 Unum
2324 4764 2495 4825 nobis
2520 4773 2700 4826 restat
2726 4766 3167 4847 explicandum,
3195 4783 3300 4826 cur
3326 4766 3585 4828 Basilius
3605 4765 3663 4826 in

2022 4855 2273 4915 Pontum
2312 4853 2718 4933 proﬁciscens,
2746 4866 2946 4936 speret
2973 4874 3036 4916 se
3070 4855 3305 4918 tandem
3342 4856 3661 4937 aliquando

2022 4940 2199 5002 ﬁnem
2235 4942 2557 5004 oberrandi
2581 4944 2896 5018 facturum,
2930 4946 3103 5023 quasi
3136 4952 3277 5008 tunc
3311 4946 3562 5024 primum
3598 4964 3662 5004 se

2019 5031 2079 5091 in
2104 5030 2488 5093 solitudinem
2513 5036 2971 5115 reciperet.Non
2995 5035 3164 5099 valde
3187 5034 3445 5096 difﬁcilis
3460 5034 3663 5096 etobs-

2022 5126 2183 5183 trusa
2215 5139 2311 5181 res
2341 5131 2449 5181 est.
2487 5123 2763 5196 Quamvis
2795 5126 2951 5187 enim
2992 5125 3245 5188 Basilius
3274 5123 3657 5187 solitudinem

2021 5227 2186 5271 suam
2223 5212 2279 5271 in
2307 5210 2538 5273 deliciis
2562 5213 2831 5291 haberet,
2869 5234 3002 5277 eum
3045 5226 3242 5277 tamen
3273 5213 3346 5275 ab
3372 5213 3475 5275 illa
3507 5232 3657 5273 non-

2022 5317 2325 5379 nunquam
2360 5318 2552 5363 causze
2580 5303 2880 5383 graviores
2929 5305 3386 5377 abstraxerunt;
3418 5311 3657 5365 coactus

2021 5395 2108 5451 est
2131 5388 2701 5473 Constantinopolim
2727 5390 3529 5479 proﬁciscianno359.Venit
3547 5390 3656 5458 Nar

2098 5559 2175 5639 (ὁ)
2206 5560 2352 5624 st.
2384 5577 2483 5642 ep.
2508 5564 2569 5626 9.
