4068 6204
1529 234 1717 304 VITA
1760 239 1821 303 S.
1871 232 2172 307 BASILII.

3379 252 3602 313 XXXVII

228 375 394 439 bant.
433 373 499 438 2°
533 376 763 439 Citabat
794 375 1150 441 Athanasius
1182 375 1356 456 hujus
1405 374 1633 436 decreti
1683 374 1931 435 sociosa
1960 375 2214 437 Juliano.
2274 375 2411 438 Erat
2471 374 2630 437 enim
2672 372 2815 435 illud
2867 381 3120 457 tempus,
3156 375 3266 439 etsi
3324 378 3604 445 omnibus

227 466 591 528 llacedunim
624 476 680 527 et
712 466 956 529 Achaim
986 465 1299 545 episcopos
1335 482 1569 535 omnes,
1592 465 1690 544 qui
1718 462 1877 523 idem

235 558 441 637 procul
494 557 677 619 dubio
728 558 787 616 in
821 556 1089 616 conciliis
1113 555 1233 617 suis
1265 562 1610 615 statuerant.
1641 558 1711 614 At
1736 553 1878 613 nihil

228 665 473 728 prorsus
518 647 757 708 dicebat
814 644 889 705 de
940 644 1194 706 aliarum
1245 643 1533 723 gentium,
1578 660 1792 723 nempe
1820 640 1883 701 in

227 735 418 797 Gallia
434 736 793 815 etHispania
819 744 875 795 et
903 731 1701 813 ubique,episcopis,quibus
1721 730 1878 792 idem

230 826 528 905 placuisse
554 823 883 885 testaturin
917 822 1160 904 epistola
1182 823 1252 881 ad
1291 819 1876 884 Rulﬁnianum.Num

228 915 415 993 igitur
448 912 511 975 S.
551 912 931 973 Athanasium
966 912 1234 972 dicemus
1266 920 1344 970 tut
1380 908 1735 990 synodorum
1771 908 1877 968 de-

230 1014 393 1064 creta
445 1002 897 1083 imprudentem
952 1001 1251 1074 omisisse,
1285 1008 1385 1060 aut
1442 997 1747 1077 Basilimn,
1784 997 1882 1077 qui

228 1093 395 1153 illius
421 1092 739 1170 epistulam
766 1091 822 1151 in
847 1088 1123 1151 manibus
1149 1088 1494 1159 habebat,et
1518 1086 1884 1167 exposcenti-

229 1182 343 1241 bus
371 1182 604 1242 solebat
655 1179 1003 1258 ostendere,
1038 1180 1173 1258 quid
1212 1179 1271 1239 in
1308 1196 1377 1238 ea
1410 1176 1693 1255 scriptum
1728 1186 1885 1236 esset

229 1270 566 1331 nescit‘isse
593 1275 620 1332 ?
644 1269 704 1331 ld
754 1268 1021 1349 profecto
1073 1264 1397 1328 verisimile
1428 1284 1543 1325 non
1576 1264 1659 1325 ﬁt.
1694 1264 1886 1335 Quare

233 1361 409 1438 longe
446 1359 632 1420 satius
682 1367 771 1418 est
818 1358 1127 1437 epistolam
1162 1354 1222 1418 S.
1263 1353 1572 1417 Athanasii
1603 1354 1882 1433 scriptam

233 1449 479 1529 quidem
520 1470 531 1521 ι
564 1457 652 1506 ost
708 1446 967 1527 synodus
1002 1445 1057 1505 in
1086 1443 1339 1524 Egypto
1373 1453 1430 1504 et
1460 1440 1807 1504 Macedonia
1834 1452 1890 1501 et

232 1539 459 1599 Achaia
488 1535 820 1597 celebratas
870 1534 1231 1606 existimare,
1268 1531 1371 1593 sed
1401 1539 1710 1608 antequam
1749 1547 1891 1591 con-

231 1627 367 1687 ciiia
391 1628 608 1687 eadem
635 1625 710 1685 de
733 1642 798 1685 re
822 1625 879 1683 in
906 1622 1186 1703 Hispania
1218 1632 1273 1683 et
1300 1620 1486 1684 Gallia
1512 1629 1571 1682 et
1594 1620 1722 1679 aliis
1748 1618 1890 1679 locis

1967 462 2311 526 Christianis
2363 464 2702 545 molestum,
2741 461 3084 525 orthodoxis
3112 471 3305 526 tamen
3357 466 3428 527 ad
3462 464 3601 539 ﬁdei

1966 554 2292 627 catholicae,
2341 572 2514 634 quam
2564 552 2863 613 haereticis
2917 552 3326 617 defensionem
3379 555 3603 633 erroris

1966 630 2374 703 commodius:
2392 641 2510 703 Sed
2551 651 2744 701 tamen
2771 660 2900 702 cum
2927 660 3031 702 sua
3053 653 3266 729 sponte
3290 663 3406 706 non
3428 630 3605 726 repn-

1967 738 2128 803 unat,
2166 744 2227 790 ut
2261 730 2579 809 Gregorius
2612 729 3035 810 paciﬁcationis
3079 750 3253 795 causa
3285 736 3461 796 etiam
3493 734 3603 796 sub

1962 819 2196 883 Juliano
2216 819 2484 881 formula;
2501 819 2674 880 alicui
2696 838 2810 879 non
2837 838 2994 881 sanae
3007 822 3423 903 subscripserit
3446 846 3461 899 ;
3481 832 3603 886 tum

1964 927 2101 970 vero
2135 928 2265 970 eum
2296 918 2435 969 tunc
2463 909 2885 989 subscripsisse
2918 910 3042 987 huic
3065 912 3318 974 maxime
3349 914 3605 976 demon-

1967 1005 2113 1057 strat
2144 998 2317 1071 ratio,
2340 997 2494 1078 quod
2528 998 2801 1058 monachi
2829 995 3178 1061 Nazianzeni
3207 1003 3400 1063 statim
3429 1013 3608 1081 atque

1969 1085 2317 1166 subscripsit
2341 1084 2413 1146 ab
2437 1086 2566 1164 eius
2586 1087 3009 1148 communione
3040 1087 3469 1167 discesserunt,
3497 1112 3606 1159 nec

1971 1184 2164 1235 tamen
2199 1185 2333 1236 ante
2365 1175 2509 1236 illud
2544 1174 2701 1251 quod
2733 1175 2850 1235 dixi
2885 1183 3116 1257 tempus
3168 1178 3605 1246 discesserunt.

2050 1264 2327 1325 Nonduﬂi
2362 1263 2623 1346 profecto
2652 1265 2927 1325 monachi
2957 1266 3356 1331 discesserant
3384 1289 3417 1331 a
3449 1290 3608 1334 com-

1975 1352 2255 1413 munione
2307 1351 2571 1432 episcopi
2627 1352 3002 1429 Nazianzeni,
3037 1374 3170 1415 cum
3225 1357 3610 1438 Gregoriuse

1978 1442 2159 1502 Ponto
2183 1442 2423 1505 rediens
2443 1460 2597 1503 anno
2623 1441 2741 1503 362
2758 1461 3045 1504 summam
3070 1442 3350 1511 Ecclesiae
3369 1447 3609 1512 Nazian-

1972 1548 2134 1591 zenaa
2163 1532 2540 1591 concordiam
2595 1530 2863 1592 laudaret
2917 1535 2973 1593 in
3026 1536 3287 1598 secunda
3342 1541 3611 1603 oratione

1974 1624 2057 1698 (p.
2084 1618 2449 1699 48).Recens
2472 1626 2598 1680 erat
2617 1619 2908 1681 tumultus
2931 1639 3066 1681 cum
3085 1622 3608 1691 scriberetoratio-

233 1716 633 1789 haberentur,
662 1723 761 1774 aut
786 1712 995 1801 saltem
1033 1711 1679 1801 habitanuntiarentur
1701 1708 1886 1801 Atha-
1916 1753 1950 1801 Β
1977 1726 2107 1801 nem
2138 1708 2395 1801 tertiam,
2417 1707 2761 1801 quaa_prima
2788 1718 2881 1768 est
2911 1710 2969 1769 in
2990 1710 3312 1774 lulianum.
3337 1715 3420 1775 Ibi
3448 1716 3606 1778 enim

233 1806 503 1864 nasio.30
530 1804 845 1865 Rationem
878 1800 1074 1863 reddit
1104 1799 1492 1878 Basilius,cur
1515 1797 1885 1859 Eustathium

1984 1798 2058 1857 sic
2093 1797 2461 1877 loquitur(p.
2498 1795 2630 1870 53):
2672 1797 2795 1853 Εἴθε
2854 1821 2943 1872 μοι
2974 1808 3067 1857 τοῦ
3124 1806 3294 1883 χοροῦ
3349 1804 3506 1884 μέρος
3542 1807 3607 1876 ἦν

235 1892 300 1953 ad
324 1911 498 1952 suam
526 1890 1018 1952 communionem
1043 1888 1375 1949 admisisse!
1398 1888 1547 1951 .Non
1583 1887 1738 1946 enim
1767 1885 1887 1946 dif-

237 1983 389 2043 licile
402 1993 497 2042 est
511 1979 882 2042 Eustathinm
901 1996 988 2039 rei
1008 1977 1097 2037 bis
1114 1978 1206 2039 his
1220 1977 1522 2056 depictum
1538 1990 1886 2053 agnoscere:

230 2071 463 2145 Siquos
476 2062 1586 2146 aliquando,inquitBasiliusabArio
1599 2066 1891 2139 magistro

227 2160 535 2237 profectos
555 2158 577 2216 ἱ
585 2175 622 2217 n
634 2157 1114 2217 communionem
1131 2155 1208 2213 ad
1216 2151 1782 2225 misimus,morbnm
1797 2152 1820 2211 i
1827 2169 1891 2212 n-

232 2250 379 2308 timo
409 2246 602 2307 corde
623 2243 996 2306 occultantes
1018 2250 1067 2304 et
1091 2244 1199 2321 pia
1231 2244 1412 2303 verba
1444 2241 1891 2321 loquentes,aut

228 2344 393 2399 certe
422 2337 502 2396 iis
523 2353 661 2414 qua:
683 2352 717 2394 a
737 2333 910 2395 nobis
934 2330 1288 2393 dicebantur
1308 2349 1429 2393 non
1450 2336 1887 2410 repugnantes,

234 2430 318 2488 ita
341 2430 747 2501 suscepimus:
773 2440 907 2482 cum
931 2439 1052 2482 non
1077 2437 1251 2482 omne
1268 2420 1340 2482 de
1353 2420 1571 2482 talibus
1579 2420 1886 2496 judicium

226 2515 405 2575 nobis
419 2515 569 2591 ipsis
580 2510 1180 2591 permitteremussed
1193 2510 1704 2587 sententiamque
1718 2508 1891 2586 prius

228 2606 357 2663 lata
383 2603 463 2663 de
484 2600 615 2663 illis
635 2602 836 2677 fuerat
855 2619 890 2657 a
911 2597 1190 2679 patribus
1212 2597 1455 2677 nostris,
1476 2613 1887 2676 sequeremur.

230 2688 368 2771 Ego
388 2696 557 2751 enim
574 2707 709 2750 cum
725 2690 1086 2767 accepissem
1102 2685 1332 2748 litteras
1351 2687 1684 2747 beatissimi
1698 2689 1892 2765 patris

1972 1899 2191 1943 κάκεῖνο
2234 1889 2295 1943 τὸ
2353 1888 2622 1962 σύστημα,
2671 1884 2698 1941 ὅ
2730 1889 2823 1942 σόν
2853 1889 2988 1963 ἡμῖν
3020 1889 3150 1955 τέως
3184 1897 3261 1967 τῷ
3291 1901 3406 1971 Θεῴ
3435 1919 3605 1974 προσ-

1975 1974 2095 2033 άδον
2156 1978 2213 2031 oo’
2272 1974 2520 2043 κίϐδηλον
2573 1973 2741 2052 ᾠδὴν,
2802 1976 2917 2032 οὗδὲ
2994 1975 3273 2057 ἀδόκιμον,
3330 1984 3463 2041 ἀλλὰ
3521 1992 3608 2043 καὶ

1975 2066 2071 2131 τῆς
2099 2062 2266 2130 δεξιᾶς
2320 2086 2449 2122 ποτε
2480 2066 2715 2127 στάσεως
2763 2062 3091 2147 ἀξιούμενον,
3126 2072 3358 2129 πιστεύω
3415 2073 3469 2129 δὲ
3526 2073 3609 2133 ὅτι

1972 2156 2057 2242 ita?
2091 2150 2206 2228 μετ’
2238 2152 2417 2231 ὀλίγον
2462 2153 2911 2228 ἀξιωθησόμενον,
2965 2155 3058 2212 οὐκ
3115 2156 3224 2215 οἶδ’
3279 2158 3358 2216 ὅτι
3418 2162 3607 2242 παθὸν²

1973 2240 2217 2322 ἐξαίφνης
2304 2243 2687 2321 μεθαρμόζεταί
2778 2263 2834 2297 τε
2908 2246 2989 2299 καὶ
3064 2248 3468 2321 μετατάττεταυ
3523 2240 3608 2310 καὶ

1975 2328 2089 2386 οὒδὲ
2145 2332 2245 2386 ὑπὸ
2299 2335 2396 2395 τῆς
2469 2331 2815 2411 εὺφροσύνης,
2862 2332 2890 2387 ὃ
2935 2336 3023 2389 καὶ
3082 2338 3331 2412 θαυμάζω
3384 2340 3609 2418 μᾶλλον,

1976 2421 2050 2509 εἷςἶ
2076 2422 2262 2476 tat-3th
2294 2420 2530 2501 ἔρχεται,
2562 2420 2753 2500 Atque
2782 2422 3014 2509 utinam
3040 2422 3151 2487 ille
3173 2442 3409 2509 quoque
3432 2438 3616 2496 coetus

1973 2507 2051 2569 ad
2069 2509 2320 2601 chorum
2343 2515 2615 2601 nostrum
2640 2527 2704 2569 se
2723 2508 3103 2601 adjungeret,
3130 2515 3260 2595 qui,
3282 2507 3417 2580 cum
3438 2521 3617 2601 prius

1974 2597 2314 2691 cantionem
2335 2598 2810 2691 haudquaquam
2834 2597 3239 2664 adulterinum
3254 2597 3617 2691 atque—igno-

1974 2686 2153 2746 bilem
2177 2685 2487 2775 nobiscum
2512 2685 2629 2748 Deo
2651 2688 3058 2768 accineret,ac
3078 2692 3291 2756 dextro
3309 2685 3616 2775 quondam

231 2780 591 2869 Athanasii.
719 2786 911 2869 .ratus
935 2793 1174 2869 trecenae
1196 2776 1885 2869 essetantum‘virumse-
1979 2777 2188 2869 ordine
2206 2774 2429 2869 dignus
2456 2774 2806 2848 haberetur,
2832 2783 3009 2854 atque
3036 2781 3245 2859 etiam,
3270 2774 3338 2844 ut
3357 2787 3612 2869 conﬁde,

228 2873 335 2948 qui
360 2868 438 2929 ob
460 2884 672 2928 eorum
692 2867 799 2944 qui
814 2865 1021 2946 legem
1054 2862 1897 2953 tulerantmuctoritatem,si-
1983 2862 3620 2953 brerihabebitur,haa(lscinquareeommotus,repente

232 2957 491 3036 malque
518 2958 769 3035 cupiens
788 2953 1224 3033 paciﬁcationis
1248 2951 1574 3014 mercedem
1598 2953 1898 3042 consequi,
1982 2962 2222 3014 cantum
2237 2954 2305 3014 in
2319 2952 2634 3042 diversum
2651 2955 3110 3037 mutat,alioque
3122 2960 3321 3039 gradu
3335 2951 3513 3042 atque
3524 2982 3619 3025 or-

230 3048 417 3127 ﬁdem
443 3045 620 3105 illam
636 3044 980 3123 conﬁtentes
997 3043 1362 3104 ascribebam
1379 3040 1901 3102 numero’rommu-
1922 3112 1958 3127 η
1983 3043 2125 3103 dine
2143 3059 2267 3102 sese
2277 3040 2711 3117 collocat;acnc
2733 3047 2807 3105 ob
2824 3062 3196 3109 communem
3209 3040 3445 3127 quidem
3457 3052 3614 3115 laeti-

230 3112 1170 3221 hicatornmAdduxerunIergo
1191 3129 1473 3221 Basiliam
1494 3112 1959 3190 Athanasiilit-C
1986 3134 2139 3221 (iam
2173 3132 2354 3209 (quod
2383 3112 2565 3193 etiam
2601 3140 2803 3221 magis
2835 3136 3043 3204 mirari
3079 3112 3305 3200 adduci
3329 3112 3619 3221 potest-ut

233 3236 409 3302 tene,
444 3230 514 3283 ut
566 3239 703 3281 cum
758 3219 1059 3281 Eustathio
1106 3217 1607 3291 communicaret;
1641 3226 1699 3277 et
1728 3225 1899 3278 ante-

236 3334 420 3397 quam
459 3313 570 3374 bas
620 3310 918 3392 acciperet
967 3310 1216 3381 litteras,
1251 3308 1515 3397 inceitus
1543 3317 1671 3368 erat
1704 3318 1899 3397 utrum

238 3394 543 3466 Enstathii
577 3402 1061 3460 communionem
1099 3416 1286 3459 necne
1318 3396 1677 3457 admitteret.
1705 3394 1765 3457 ld
1790 3414 1897 3456 au-

238 3504 361 3554 tem
396 3491 653 3552 minime
678 3490 952 3568 congruit
985 3506 1138 3548 anno
1166 3488 1306 3548 371.
1334 3488 1504 3549 Tunc
1524 3486 1682 3547 enim
1710 3483 1902 3545 nullas

241 3582 540 3654 habebat,
578 3590 677 3639 aut
712 3580 919 3639 saltem
970 3576 1165 3639 nullas
1194 3573 1311 3637 sibi
1343 3574 1564 3636 habere
1596 3574 1904 3636 videbatur

239 3670 603 3750 ambigendi
636 3683 881 3730 causas:
909 3674 966 3728 et
984 3684 1114 3728 cum
1149 3666 1326 3741 longe
1347 3674 1483 3725 ante
1510 3681 1731 3725 annum
1757 3662 1897 3734 371,

240 3761 416 3821 ﬁrma
440 3779 583 3821 cum
609 3756 916 3819 Eustathio
936 3753 1360 3817 communione
1383 3761 1439 3813 et
1462 3752 1719 3815 amicitia
1751 3771 1900 3813 con-

236 3851 487 3929 junetus
520 3856 721 3923 esset;
755 3862 1131 3922 nequaquam
1175 3862 1311 3903 eum
1344 3841 1558 3903 littera:
1589 3843 1702 3904 hoc
1747 3859 1902 3904 anno

241 3950 517 4020 acceptae
548 3937 622 3998 ad
658 3938 811 3996 hanc
842 3932 1331 3995 communionem
1352 3931 1669 4020 adducere
1702 3939 1905 4010 potue-

244 4018 407 4089 runt;
443 4026 570 4090 Sed
600 4042 733 4085 cum
766 4022 1123 4085 Eustathius.
1152 4039 1307 4082 anno
1340 4018 1479 4094 360,
1506 4020 1903 4100 subscripsis-

245 4128 333 4178 set
366 4115 651 4177 formula
702 4108 1392 4190 Constantinopolitanae,
1431 4126 1499 4170 ac
1528 4107 1640 4171 sub
1672 4109 1903 4172 Ju!iano

248 4208 478 4267 redire:
511 4224 586 4266 ex
620 4201 910 4266 Dardania
932 4201 1016 4280 (in
1048 4200 1198 4260 hanc
1221 4199 1380 4260 enim
1408 4199 1711 4278 regionem
1744 4200 1902 4260 releo

249 4304 421 4373 gatus
476 4294 722 4368 fuerat),
753 4308 963 4368 magna
1014 4286 1362 4350 deliberatio
1418 4288 1625 4350 incidit
1662 4288 1903 4359 Basilio,

1982 3220 2289 3280 nobiscum
2311 3220 2851 3299 conjungatarﬂis
2868 3232 3031 3284 certe
3055 3220 3458 3303 vocibus,¢um
3482 3231 3621 3293 hac-

1984 3318 2156 3369 tenus
2183 3306 2302 3370 Deo
2317 3311 2657 3371 cantionem
2673 3314 2966 3375 acciuerat
2988 3316 3520 3381 nobiseumsubilo
3541 3320 3620 3383 ad

1984 3398 2173 3458 aliam
2197 3402 2668 3459 communionem
2687 3404 3280 3480 prorumpit.recens
3302 3424 3433 3468 esse
3458 3409 3618 3470 indi-

1985 3486 2517 3549 catmonachorum
2545 3487 2895 3549 factum.His
2911 3491 3238 3571 addespem
3257 3494 3494 3556 illorum
3518 3514 3618 3558 re-

1983 3574 2163 3649 ditus,
2190 3593 2484 3636 summam
2517 3574 2845 3649 lenitatem,
2870 3595 2986 3658 qua
3016 3598 3120 3640 eos
3152 3589 3214 3639 ut
3233 3582 3498 3645 membra
3517 3602 3622 3646 sua

1986 3664 2445 3752 c‘omplectilurl;
2471 3673 2529 3725 et
2550 3665 2702 3745 quod
2733 3666 2812 3725 ait
2836 3666 2897 3726 in
2921 3677 3068 3730 orat.
3101 3668 3261 3749 12,p.
3292 3672 3424 3752 l96,
3452 3681 3509 3734 et
3529 3690 3618 3738 or.

1995 3752 2085 3827 19,
2124 3773 2181 3832 p.
2215 3751 2355 3827 29⁷,
2390 3752 2713 3814 monachos
2743 3754 3007 3816 omnium
3034 3767 3364 3836 postremos
3395 3751 3624 3823 disces-

1986 3842 2158 3903 sisse.
2196 3840 2273 3901 Ex
2291 3843 2383 3902 his
2407 3851 2598 3902 autem
2626 3842 2801 3903 simul
2827 3846 3112 3924 probatur
3132 3865 3248 3907 non
3275 3849 3460 3911 multo
3484 3859 3622 3913 ante

1987 3931 2214 3991 subscri
2225 3930 3027 4011 psisseGregorium.Nam,si
3044 3937 3622 4019 subscripsissetsub

1986 4020 2329 4083 Constantio
2360 4038 2517 4083 anno
2567 4021 2685 4084 360
2719 4023 2802 4083 vel
2838 4024 2978 4104 361,
3011 4028 3313 4105 quomodo
3348 4031 3623 4091 monachi

1990 4109 2455 4187 indignationem
2490 4128 2655 4171 suam
2688 4130 2876 4190 usque
2916 4112 2988 4173 ad
3038 4132 3257 4177 annum
3304 4116 3418 4181 363
3444 4121 3624 4180 corde

1990 4202 2343 4277 pressissent
2369 4202 2395 4258 ?
2426 4205 2526 4259 aut
2555 4200 2604 4260 si
2639 4201 2842 4261 tandiu
2876 4213 3245 4281 presserunt,
3271 4223 3379 4268 cur
3407 4207 3625 4271 disces-

1988 4305 2219 4376 sionem
2240 4288 2431 4350 subito
2458 4294 2519 4352 et
2538 4290 2826 4370 praecipiti
2854 4293 3627 4376 consilioattribuitGrego-

250 4386 619 4462 quibusnam
656 4378 1096 4443 conditionibus
1137 4397 1270 4439 cum
1304 4396 1373 4439 eo
1414 4377 1899 4440 communicaret.
1989 4378 2112 4436 rius
2133 4383 2161 4438 ‘t
2182 4375 2436 4438 Eosdem
2462 4378 2992 4440 Vocatcalidiorem
3015 4380 3297 4443 Ecclesiae
3313 4375 3623 4463 partemin

252 4474 396 4535 Nam
437 4492 579 4535 cum
608 4489 674 4532 se
707 4470 958 4532 Basilius
992 4468 1200 4529 eadem
1228 4467 1301 4528 de
1333 4482 1507 4527 causa
1535 4466 1611 4526 ab
1643 4465 1906 4546 episcopi
1931 4465 1972 4513 Ι)
1991 4465 2258 4526 oratione
2286 4470 2379 4546 t9,
2407 4486 2537 4547 pag.
2567 4469 2707 4529 997.
2736 4470 3073 4530 Generatim
3096 4472 3171 4531 de
3192 4473 3467 4535 omnibus
3490 4494 3623 4536 mo-

251 4562 649 4627 Casariensis
680 4557 1098 4621 communione
1129 4555 1500 4631 removisset,
1525 4563 1752 4616 temere
1772 4572 1903 4618 cum

253 4652 577 4715 Eustathio
608 4648 1051 4711 communicare
1081 4663 1199 4706 non
1245 4643 1472 4707 debuit.
1506 4643 1699 4715 Quare
1731 4645 1909 4724 digna

256 4760 351 4803 res
384 4748 522 4802 erat
540 4739 619 4800 de
639 4754 757 4819 qua
784 4738 856 4797 ad
889 4734 1278 4798 Athanasium
1302 4733 1551 4794 referret
1579 4752 1593 4794 :
1621 4750 1729 4794 nec
1750 4733 1905 4794 aliud

259 4841 505 4912 tempus
540 4828 737 4907 magis
776 4825 1058 4887 idoneum
1093 4822 1185 4883 his
1236 4822 1395 4884 inter
1439 4822 1822 4884 Athanasium
1855 4832 1912 4885 et

260 4919 552 4981 Basiliam
589 4914 801 4977 litteris
832 4912 1121 4993 assignari
1157 4918 1370 4992 potest.

338 5008 427 5071 IX
476 5008 597 5067 lter
620 5006 680 5066 in
700 5007 949 5068 Pontum
974 5000 1208 5064 videtur
1236 4999 1574 5081 suscepisse
1593 4998 1913 5079 Gregorius

263 5097 369 5158 sub
391 5096 584 5157 ﬁnem
605 5091 838 5173 imperii
858 5090 1075 5152 Iuliani
1100 5109 1117 5171 ;
1142 5107 1365 5170 nempe
1382 5106 1516 5149 cum
1543 5088 1727 5169 ipsius
1749 5098 1915 5170 pater

266 5197 430 5260 eum
448 5184 600 5245 satis
621 5198 732 5263 per
747 5197 821 5242 se
840 5178 1280 5261 patet,absente
1302 5176 1657 5258 subscripsit
1678 5177 1912 5239 cuidam

268 5268 565 5353 Somnia,
586 5287 718 5352 que
751 5285 993 5348 magnas
1022 5269 1083 5329 in
1116 5266 1369 5329 ecclesia
1394 5265 1756 5328 Nazianzena
1787 5275 1913 5328 tur-

270 5362 371 5424 δυ
388 5359 814 5433 commorith
834 5357 1146 5420 monachis
1166 5357 1545 5419 locnmdedit
1562 5355 1636 5417 ab
1652 5357 1917 5439 episcopi

278 5447 816 5514 snicommnnione
855 5444 1232 5509 discedendi.
1278 5444 1500 5510 Mirum
1543 5463 1686 5508 sane
1714 5465 1783 5508 ac
1826 5448 1917 5509 vix

278 5541 562 5603 credibile
591 5533 894 5619 ejusmodi
924 5535 1391 5616 subscriptionis
1438 5534 1774 5615 exemplum
1806 5536 1915 5601 sub

605 5699 876 5764 Panos.
919 5696 1040 5763 Gn.
1081 5695 1304 5761 XXIX.

1993 4553 2202 4614 nachis
2224 4557 2302 4616 ait
2322 4555 2379 4616 in
2405 4567 2555 4618 orat.
2582 4559 2647 4617 2|
2666 4604 2681 4630 ,
2710 4576 2765 4635 p.
2792 4558 2931 4636 388,
2961 4576 3062 4619 eos
3084 4559 3142 4620 in
3165 4561 3296 4623 aliis
3316 4563 3493 4625 rebus
3518 4583 3623 4645 pa-

1991 4651 2153 4705 catus
2173 4652 2232 4705 et
2262 4645 2599 4706 moderatos
2630 4663 2783 4720 esse,
2815 4646 2922 4706 hac
2958 4646 3016 4706 in
3042 4665 3107 4709 re
3140 4648 3305 4712 lenes
3335 4661 3393 4714 et
3421 4653 3625 4717 faciles

1994 4750 2113 4795 non
2136 4750 2292 4813 esse,
2325 4751 2460 4795 cum
2493 4751 2601 4814 per
2629 4734 2927 4795 silentium
2950 4746 3009 4796 et
3033 4739 3290 4816 quietem
3325 4741 3430 4804 Dei
3451 4763 3631 4809 causa

1995 4822 2401 4903 proditur,sed
2422 4822 2684 4885 bellaces
2702 4833 2757 4883 et
2779 4822 2838 4883 in
2860 4826 3235 4906 conﬂigendo
3266 4847 3434 4893 acres
3456 4847 3514 4895 et
3536 4836 3628 4897 fe-

1996 4931 2191 4976 roces.
2226 4914 2369 4976 Cum
2402 4911 2497 4974 his
2520 4930 2637 4973 non
2663 4912 2914 5002 quadrat
2944 4913 3345 4981 dissimulatio
3368 4922 3629 5002 plurium

1996 5018 2311 5075 annorum,
2344 5020 2518 5082 quam
2582 5000 2891 5063 monachis
2940 5004 3324 5069 Nazianzenis
3370 5000 3636 5074 attribuit

1995 5089 2435 5166 Tillementius,
2456 5108 2589 5153 eum
2614 5089 2967 5169 Gregorium
2990 5093 3101 5155 sub
3124 5095 3467 5163 Constantio
3495 5100 3635 5163 exi-

1998 5179 2198 5241 stimat
2223 5179 2677 5259 subscripsisse.

2085 5271 2381 5359 Praeterea
2400 5286 2641 5359 causam
2674 5270 3094 5335 subscribendi
3119 5292 3237 5336 non
3258 5277 3472 5359 repetit
3491 5277 3636 5344 Gre-

1999 5358 2205 5450 gorius
2226 5376 2296 5419 ex
2309 5356 2495 5439 jussis
2517 5358 2654 5420 aula
2676 5360 2955 5440 profectis
2967 5370 3067 5423 aut
3089 5379 3162 5425 ex
3178 5356 3379 5428 rerum
3404 5377 3638 5450 pertur-

1999 5447 2265 5523 batione,
2299 5465 2430 5529 quae
2460 5454 2600 5510 tunc
2646 5466 2882 5511 summa
2930 5450 3060 5528 fuit,
3092 5452 3201 5514 sed
3231 5472 3302 5518 ex
3337 5447 3636 5521 desiderio

2000 5537 2166 5619 pacis
2196 5544 2255 5597 et
2293 5537 2730 5599 communionis
2787 5556 2921 5599 cum
2975 5538 3277 5604 nonnullis
3333 5545 3631 5612 incunda.

3238 5720 3273 5763 ο
