4068 6204
1977 331 2575 403 PROLEGOMENA.

484 470 657 531 Patet
685 467 745 529 id
776 486 846 531 ex
878 468 971 531 his
1002 467 1200 532 verbis
1230 477 1387 532 orat.
1419 469 1491 532 19
1521 470 1605 549 (p.
1631 469 1773 550 297)
1802 489 1815 533 :
1856 476 2002 552 Παρὰ
2036 481 2185 531 τούΑ
2290 470 2474 542 Quam
2512 490 2630 531 non
2665 472 2841 532 modo
2889 473 3039 535 citra
3088 467 3507 546 ambitionem,
3540 468 3646 533 sed
3680 474 3855 534 etiam

483 559 804 637 θερμοτέρου
855 561 1044 639 μέρους
1088 558 1186 627 τῆς
1224 559 1547 626 Ἐκχλνισίας
1577 564 2102 639 κατεστασιάσϐημεν

2216 578 2331 619 non
2361 560 2615 621 libenter
2654 560 2960 621 ordinatus
2990 562 3188 635 fuerit,
3225 580 3292 621 ex
3326 560 3572 638 epistola
3606 562 3664 624 ll
3707 561 3855 622 Gre-

485 650 759 727 γράμματι
792 648 1085 712 κλαπέντες
1143 650 1230 705 καὶ
1278 650 1479 726 ῥήμασι
1527 664 1803 728 τεχνικοῖς
1836 654 1907 714 εἰς
1953 677 2112 720 πονη-

2213 649 2363 727 gorii
2384 648 2796 728 perspicimus.
2815 651 2898 710 Tu
2910 668 3151 731 quoque
3168 660 3382 730 captus
3400 650 3688 728 es,inquit
3706 652 3861 713 Basi-

484 740 579 816 ρὰν
609 739 909 800 κοινωνίαν,
935 738 983 797 Α
997 734 1385 812 ferventiore
1407 735 1697 799 Ecclesiae
1715 750 1892 818 parte
1912 744 1983 803 ob
2002 761 2130 804 eam
2216 738 2312 817 lio,
2341 738 2843 816 quemadmodum
2875 749 2928 801 et
2963 758 3069 803 nos
3101 741 3551 819 circumscripti
3579 762 3590 797 :
3618 743 3861 819 quando

486 842 729 887 causam
749 826 959 886 seditio
971 827 1034 885 in
1051 842 1161 885 nos
1183 825 1449 886 excitata
1462 827 1740 905 est,quod
1750 846 1845 889 scr
1856 830 1979 905 ipto
1990 848 2130 909 quo-
2215 829 2459 906 quidem
2473 828 2553 888 ad
2562 827 3009 907 presbyterium
3026 832 3327 908 pertracti
3337 832 3775 908 sumus.Atque
3796 831 3861 891 id

483 914 621 976 dam
646 921 701 976 et
724 913 1280 993 artiﬁciOsisoerbis
1303 913 1757 995 circumscripti
1765 919 1852 991 ,iu
1874 937 2128 998 pravam
2213 916 2450 994 quidem
2473 938 2508 974 (ι
2529 917 2702 977 nobis
2730 934 2851 977 non
2876 918 3291 997 expetebatur.
3313 916 3464 978 Nam
3485 927 3741 996 uterque
3761 919 3858 979 al-

483 1011 823 1066 societatem
843 1004 1134 1081 pertracti
1156 1004 1511 1079 fuissemus.
1534 1003 1685 1065 Hinc
1706 1008 1879 1066 etiam
1913 1007 2125 1087 Grego-
2212 1003 2407 1068 ἐπὶ..ςί
2425 1001 3173 1084 aliicuipiam,locupletes
3190 1014 3498 1066 essetestes
3516 1024 3857 1086 possumus,

483 1093 611 1153 rius
636 1094 712 1154 ait
748 1091 806 1151 in
830 1091 1099 1153 oratione
1141 1092 1209 1153 12
1237 1096 1325 1170 (p.
1362 1093 1495 1173 196)
1526 1094 1853 1157 Ecclesiam
1886 1095 2127 1158 Nazian-
2208 1108 2387 1168 quam
2410 1090 2579 1152 nobis
2600 1092 3235 1173 cordiessetpedestris
3250 1093 3633 1172 pdilosophia
3658 1095 3835 1157 humi
3848 1123 3857 1131 -

484 1201 685 1242 zenam
728 1192 863 1241 ante
919 1180 1067 1241 illud
1122 1180 1473 1257 dissidium,
1503 1202 1699 1244 arcam
1753 1184 1875 1246 Noe
1934 1188 2126 1248 vocari
2210 1197 2325 1259 que
2345 1182 2646 1258 depressa.
2688 1183 2769 1242 Ex
2797 1182 3002 1259 primis
3026 1180 3294 1261 ejusdem
3330 1184 3598 1262 epistolae
3623 1185 3854 1262 verbis,

480 344 726 398 XXXVIII

485 1273 714 1333 solitam
744 1289 897 1345 esse,
938 1280 1000 1330 ut
1029 1289 1157 1350 quas
1191 1272 1463 1332 universi
1498 1272 1659 1334 orbis
1689 1274 1970 1336 diluvium
2005 1276 2128 1338 sola

485 1360 809 1439 effugisset.
846 1360 992 1431 Sed,
1027 1359 1077 1419 si
1108 1360 1436 1440 episcopus
1487 1360 1806 1441 Gregorius
1832 1362 1940 1424 sub
1972 1365 2119 1427 Gon-

484 1450 699 1510 stantio
725 1450 1079 1510 Arianorum
1114 1448 1338 1510 artibus
1367 1450 1793 1525 succubuerat,
1817 1473 1932 1513 non
1957 1455 2125 1516 video

486 1558 592 1599 cur
621 1539 945 1600 Ecclesiam
978 1535 1408 1599 Nazianzenam
1444 1540 1599 1601 mala
1640 1543 1977 1604 communia
2013 1544 2123 1603 mi-

484 1632 647 1687 nime
679 1626 940 1704 attigisse
972 1628 1222 1687 dicatur.

563 1715 634 1776 Χ.
662 1713 883 1776 Juliani
915 1733 1075 1775 mors
1105 1714 1384 1775 divinitus
1418 1716 1636 1778 Basilio
1662 1719 1916 1781 revelata
1947 1721 2127 1784 fuisse

2208 1268 2498 1347 Epistolas
2514 1276 2629 1332 tum
2639 1289 2697 1347 pi
2714 1273 2990 1332 owmium
3006 1271 3377 1346 laudiuouid
3388 1278 3591 1333 autem
3609 1280 3852 1333 tuorum

2208 1376 2330 1419 non
2350 1358 2953 1437 laudandum‘tliquet
2973 1359 3259 1421 Basilium
3291 1362 3552 1439 priorem
3574 1361 3853 1442 scripsis-

2210 1465 2372 1519 se,ac
2390 1445 2672 1526 Gregorio
2692 1465 2840 1508 onus
2859 1448 2971 1509 sibi
2998 1448 3076 1508 im
3086 1448 3274 1529 positu
3311 1501 3337 1508 _.
3364 1449 3853 1527 signiﬁcassc,vel

2211 1537 2405 1615 potius
2450 1537 2836 1615 ingemuisse.
2865 1538 3036 1597 lllum
3073 1538 3232 1597 enim
3267 1541 3606 1599 consolatur
3624 1537 3853 1617 Grego-

2213 1625 2335 1684 rius
2362 1642 2377 1701 ;
2403 1634 2461 1687 et
2483 1626 2761 1702 quoniam
2789 1625 2843 1684 id
2873 1626 3090 1685 factum
3136 1636 3245 1697 est,
3266 1629 3420 1705 quod
3454 1626 3704 1689 fortasse
3736 1648 3854 1689 non

2210 1714 2337 1775 ﬁeri
2362 1713 2754 1794 praestitisset,
2782 1715 3093 1775 terendum
3126 1734 3257 1776 esse
3279 1717 3499 1791 staluit,
3516 1734 3728 1796 prtesei
3745 1721 3853 1778 tim

484 1804 834 1883 dicitur;sed
860 1823 990 1864 cum
1017 1812 1181 1864 tanta
1209 1807 1785 1868 circumstantiarum
1817 1810 2112 1883 varietate,

2209 1803 2281 1865 ob
2308 1811 2538 1883 tempus
2570 1803 2817 1876 multas,
2844 1803 3055 1884 inquit,
3093 1807 3158 1867 in
3182 1823 3290 1866 uos
3313 1812 3590 1867 excitans
3619 1805 3855 1868 lucreti-

482 1903 549 1954 ut
575 1893 801 1955 referre
860 1912 976 1952 non
1024 1892 1227 1972 libeat,
1257 1912 1395 1969 quae
1451 1912 1520 1953 ea
1549 1896 1625 1955 de
1655 1913 1721 1956 re
1756 1896 2035 1976 leguntur
2065 1900 2112 1959 ir.

2210 1910 2410 1954 carum
2436 1892 2685 1973 linguas
2712 1912 2728 1968 ;
2760 1892 2991 1968 μάλιστα
3020 1897 3104 1950 διὰ
3134 1898 3226 1951 τὸν
3258 1899 3440 1971 καιρὸν
3474 1896 3674 1959 ποΑλάς
3708 1900 3851 1971 ἡμῖν

485 1984 787 2045 Chronico
820 1982 1259 2057 Alexandrino,
1284 1982 1438 2062 apud
1481 1992 1750 2046 sanctum
1806 1985 2124 2049 Damasce-

483 2092 625 2133 num
662 2077 719 2133 in
750 2070 905 2133 libro
957 2071 1039 2131 De
1069 2071 1464 2148 imaginibus,
1500 2074 1597 2153 qui
1658 2073 1853 2136 Vitam
1906 2078 2127 2138 Basilii

481 2163 554 2221 ab
587 2160 859 2222 Helladio
914 2160 1195 2241 scriptam
1259 2159 1423 2235 citat,
1461 2170 1519 2222 et
1577 2162 1634 2223 in
1702 2164 1924 2226 Basilii
1990 2165 2125 2227 Vita

480 2248 902 2331 Amphilochio
932 2250 1260 2329 supposita.

559 2345 646 2401 Ex
670 2341 761 2401 his
790 2338 986 2401 verbis
1005 2339 1286 2400 secundae
1314 2339 1600 2402 orationis
1623 2340 1893 2421 Gregorii
1922 2346 1989 2405 in
2010 2346 2122 2407 Ju-

480 2429 737 2508 lianum,
765 2428 905 2488 Haec
925 2427 1038 2489 tibi
1066 2430 1340 2491 Basilius
1371 2436 1431 2492 et
1454 2431 1805 2510 Gregorius,
1834 2432 2125 2511 colligunt

479 2517 694 2578 eruditi
726 2516 835 2577 viri
869 2517 1219 2594 Gregorium
1254 2536 1287 2578 a
1318 2516 1536 2579 Basilio
1568 2518 1839 2598 adjutum
1860 2520 2041 2582 fuisse
2062 2521 2123 2583 in

478 2607 571 2667 his
599 2605 970 2667 orationibus
987 2607 1442 2686 componendis.
1470 2605 1809 2669 Probabilis
1829 2628 1973 2671 sane
1998 2611 2122 2672 haec

477 2696 823 2775 conjectura
849 2717 863 2766 ;
900 2705 1111 2755 etcum
1137 2696 1457 2775 Gregorius
1472 2714 1604 2758 sese
1626 2703 1888 2777 paterna:
1910 2698 2123 2760 domus

479 2784 866 2845 sollicitudini
917 2784 1215 2845 interdum
1258 2785 1489 2865 eripere
1522 2787 1765 2859 soleret,
1800 2788 2030 2848 videtur
2057 2790 2117 2851 in

475 2871 725 2935 Pontum
744 2876 981 2935 venisse
999 2882 1128 2953 pnst
1143 2882 1394 2935 mortem
1410 2873 1657 2954 Juliani,
1679 2885 1735 2937 et
1753 2876 1959 2937 Basilii
1980 2898 2118 2938 con-

473 2963 607 3050 silio
628 2964 698 3024 ad
735 2964 884 3024 hanc
918 2962 1428 3024 elucubrationem
1459 2983 1599 3024 usus
1631 2964 1813 3027 fusse.

1101 3084 1340 3148 CAPUT
1383 3086 1480 3148 IX.

479 3198 520 3247 Ι.
553 3197 845 3259 Presbyter
867 3199 1088 3259 creatur
1112 3197 1365 3247 Basilius.
1396 3198 1463 3246 II.
1509 3196 1815 3248 Ordinatus
1833 3213 1982 3250 anno
2005 3204 2114 3252 564.

541 3259 639 3309 III.
662 3258 743 3309 De
760 3262 947 3320 prima
972 3258 1119 3324 illius
1156 3262 1406 3309 oratione
1431 3263 1482 3309 el
1529 3259 1704 3324 tribus
1745 3265 1999 3324 epistolis.
2023 3265 2114 3315 IV.

545 3325 701 3370 Pacis
752 3334 913 3371 causa
965 3322 1158 3370 secedit
1210 3325 1267 3370 in
1314 3325 1570 3371 Pontum.
1623 3323 1683 3372 V.
1734 3322 1889 3374 Redit
1936 3329 2117 3376 Cresa-

540 3396 710 3442 rcam,
766 3388 823 3431 ut
868 3382 1011 3432 lianc
1054 3384 1321 3433 ecclesiam
1392 3384 1606 3433 Valente
1650 3385 1972 3437 adveniente
2018 3389 2113 3438 de-

538 3444 754 3513 fendat.
804 3446 1166 3513 VI._S§ce§sio
1227 3447 1749 3513 ponendagexcunte
1799 3462 1946 3499 anno
1995 3452 2109 3513 564,

535 3513 633 3557 aut
662 3510 883 3557 ineunte
905 3510 1014 3558 565.
1044 3511 1264 3557 Brittius
1283 3524 1431 3559 anno
1454 3510 1563 3559 565.

555 3614 599 3673 1.
630 3611 909 3690 Deplorat
931 3610 1250 3688 Gregorius
1281 3611 1463 3691 (a),ut
1485 3630 1759 3690 magnum
1780 3614 1966 3675 aetatis
1990 3633 2111 3676 sua;

474 3701 699 3767 vitium,
728 3700 884 3775 quod
919 3717 1076 3778 smpe
1102 3701 1157 3760 in
1191 3701 1585 3762 electionibus
1608 3702 1769 3762 nulla
1790 3702 2111 3765 haberetur

477 3789 759 3850 doctrinae
776 3800 834 3847 et
858 3789 1185 3849 sanctitatis
1207 3790 1378 3861 ratio,
1404 3811 1472 3850 ac
1500 3791 1771 3851 homines
1795 3802 2005 3853 neutro
2025 3792 2111 3853 iti-

474 3878 677 3939 structi
695 3879 905 3955 preesid
918 3879 972 3938 io
984 3878 1053 3938 ad
1070 3878 1464 3938 sacerdotium
1484 3879 1677 3938 subito
1692 3881 2106 3962 aveherentur,

472 3976 531 4026 et
550 3968 741 4047 primo
774 3968 902 4027 loco
933 3968 1258 4044 constituti,
1290 3967 1569 4027 nteliores
1594 3986 1658 4028 se
1682 3988 1748 4027 ac
1780 3970 2110 4031 sanctiores

472 4056 1040 4138 despicerent,quasi
1064 4076 1200 4117 cum
1228 4057 1513 4135 dignitate
1535 4057 1883 4136 sapientiam
1903 4067 2109 4120 etern-

472 4146 758 4209 ditionem
808 4146 1200 4224 accepissent.
1235 4143 1362 4206 Non
1394 4146 1482 4207 sic
1512 4146 1783 4220 Basilius,
1819 4149 1921 4208 sed
1956 4166 2109 4227 prae-

468 4238 688 4319 scripto
712 4234 1038 4297 canonibus
1058 4234 1267 4295 ordine
1284 4235 1355 4293 ad
1383 4235 1780 4296 sacerdotium
1816 4240 2106 4315 pervenit;

467 4337 526 4389 et
555 4347 689 4388 cum
722 4345 921 4388 sacros
946 4325 1131 4386 libros
1164 4323 1381 4403 populo
1415 4324 1677 4404 legisset,
1710 4325 1768 4385 in
1803 4326 2109 4407 presbyte-

2210 1984 2485 2059 αἱρετικῶν
2516 1982 2868 2059 ἐπεισάγοντι
2903 1983 3173 2060 γλώσσας.

2288 2070 2358 2131 ll.
2396 2069 2547 2133 Satis
2574 2072 2733 2133 inter
2764 2072 3034 2133 eruditos
3072 2074 3347 2133 convenit
3378 2073 3655 2135 Basilium
3684 2093 3846 2135 anno

2208 2160 2327 2224 36‘2
2357 2160 2767 2241 presbyterum
2818 2160 2999 2221 fuisse
3048 2163 3408 2223 ordinatum.
3454 2164 3741 2225 Baronius
3788 2173 3851 2225 et

2208 2250 2595 2312 Hermantius
2618 2266 2693 2311 ex
2716 2248 2961 2328 epistola
2984 2250 3158 2311 modo
3183 2250 3418 2312 laudata
3439 2251 3726 2331 colligunt
3746 2270 3843 2311 oro

2206 2338 2469 2398 dinatum
2510 2339 2676 2399 illum
2709 2337 2890 2398 fuisse
2908 2337 3120 2399 eodem
3152 2339 3275 2401 fere
3308 2352 3575 2420 tempore
3599 2360 3666 2401 ac
3699 2346 3835 2403 (ἐι-θ·
3892 2391 3906 2405 .

2208 2427 2436 2507 gorium
2466 2447 2481 2504 ;
2517 2428 2758 2506 conjicit
2796 2428 3207 2490 Tillemontius
3223 2429 3527 2505 Basiliuin,
3558 2449 3691 2490 cum
3717 2434 3845 2492 Ca:-

2207 2535 2439 2580 saream
2462 2518 2721 2578 venisset
2744 2527 3056 2596 aagrotante
3084 2518 3399 2592 Dianio,ibi
3423 2538 3609 2599 usque
3633 2520 3704 2579 ad
3730 2520 3852 2580 ele-

2205 2607 2466 2668 ctionem
2491 2604 2737 2667 Eusebii
2756 2618 3042 2669 moratum
3058 2619 3284 2681 esse,et
3304 2610 3376 2668 ab
3400 2609 3847 2688 Eusebio,l'orte

2207 2696 2445 2757 hortatu
2478 2694 2747 2775 Gregorii
2780 2698 2986 2777 patris,
3020 2705 3314 2758 retentum
3367 2709 3425 2757 et
3470 2696 3843 2760 ordinatum.

2283 2783 2685 2846 Timiditatem
2704 2785 2892 2863 injicit
2908 2784 3214 2847 hominum
3235 2786 3717 2847 doctissimorum
3741 2807 3843 2847 an-

2201 2875 2470 2953 ctoritas,
2505 2876 2826 2950 quominus
2857 2874 2930 2935 ab
2961 2876 3050 2936 eis
3081 2876 3426 2937 dissentiam
3455 2898 3468 2934 :
3505 2880 3610 2937 sed
3644 2888 3842 2937 tamen

2202 2963 2713 3041 cogordissentire
2744 2965 2941 3043 Atque
2964 2966 3106 3027 illud
3127 2965 3368 3045 quidem
3397 2975 3560 3025 certo
3584 2976 3846 3027 statuere

2138 3053 2177 3102 C
2203 3053 2500 3132 videntur,
2533 3053 2727 3113 serius
2757 3052 3039 3115 Basilittm
3086 3057 3418 3116 ordinatum
3452 3056 3634 3115 fuisse
3662 3074 3841 3135 quam

2202 3143 2577 3220 Gregorium.
2607 3140 2735 3201 Non
2759 3143 2954 3206 minus
2978 3136 3359 3224 perspicuum
3384 3153 3441 3203 et
3472 3144 3839 3222 exploratum

2201 3242 2291 3293 est
2321 3250 2454 3292 eum
2490 3249 2604 3292 non
2637 3249 2669 3290 a
2699 3229 2932 3306 Diania,
2972 3243 3035 3294 ut
3073 3234 3309 3313 quidam
3366 3234 3697 3302 voluerunt,
3732 3236 3843 3295 sed

2197 3321 2272 3382 ab
2303 3320 2562 3383 Eusebio
2586 3321 2920 3382 ordinatum
2949 3323 3157 3385 fuisse.
3185 3324 3333 3385 Nam
3366 3322 3611 3385 Dianius
3634 3324 3843 3403 paucis

2198 3411 2506 3472 mensibus
2534 3418 2666 3491 post
2685 3410 2954 3491 Gregorii
2978 3413 3413 3473 ordinationem
3438 3423 3707 3473 mortuus
3720 3423 3837 3491 est,

2194 3518 2307 3564 nec
2331 3519 2467 3562 cum
2493 3519 2565 3561 eo
2599 3500 2853 3561 Basilius
2880 3502 2954 3561 ab
2986 3520 3143 3563 anno
3172 3501 3316 3573 360,
3340 3501 3453 3562 nisi
3473 3501 3534 3560 in
3567 3510 3838 3563 extremo

2197 3592 2404 3652 morbo
2437 3589 2915 3653 communicavit.
2949 3590 3067 3654 Sed
3100 3590 3258 3671 quod
3292 3590 3727 3652 ordinationem
3757 3595 3833 3653 ad

2192 3699 2411 3742 annum
2436 3678 2553 3743 362
2574 3678 2865 3755 referunt,
2892 3678 2949 3741 id
2982 3680 3195 3741 vellem
3225 3679 3486 3741 vincibili
3505 3679 3706 3761 aliqua
3729 3698 3831 3742 ra-

2196 3771 2356 3832 tione
2378 3772 2735 3831 tirmassent.
2759 3766 2904 3830 Nam
2928 3768 3217 3831 Basilium
3244 3768 3525 3832 Caesarea)
3547 3788 3735 3850 usque
3756 3764 3834 3832 ad

2192 3860 2548 3923 electioncm
2578 3857 2821 3920 Eusebii
2870 3868 3160 3919 moratum
3195 3877 3348 3933 esse,
3377 3861 3717 3937 conjectura
3746 3868 3841 3922 est

2194 3950 2357 4011 nulla
2383 3967 2625 4030 prorsus
2643 3948 2786 4009 fulta
2806 3948 3161 4025 ratione,vel
3187 3949 3383 4028 potius
3401 3949 3599 4010 Basilii
3631 3951 3838 4011 solitu-

2194 4040 2227 4101 d
2241 4040 2354 4100 inis
2368 4038 2814 4111 amori,etcuras
2840 4040 3185 4100 monasterii
3205 4038 3453 4118 regendi
3469 4056 3833 4118 repugnans,

2193 4147 2328 4190 cum
2358 4128 2688 4209 praesertim
2719 4128 2971 4189 fateatur
3022 4127 3439 4190 Tillemontius
3496 4140 3729 4208 tempus
3770 4130 3834 4190 in

2191 4218 2301 4280 hac
2334 4219 2629 4280 electione
2678 4217 3153 4280 dissensionibus
3183 4226 3505 4279 extractum
3538 4217 3745 4280 fuisse.

2273 4308 2414 4384 Sed,
2448 4312 2606 4390 quod
2646 4326 2741 4370 me
2776 4307 3031 4369 maxime
3060 4309 3324 4371 deterret
3350 4308 3424 4368 ab
3457 4310 3565 4369 hac
3592 4309 3832 4388 ample-

465 4434 671 4478 rorum
699 4435 767 4477 ac
799 4416 1017 4477 deinde
1046 4414 1108 4475 in
1160 4396 1574 4492 episcoporum
1608 4396 1894 4474 cathedra
1924 4396 2105 4494 sedit,

2203 4401 2408 4460 ctenda
2438 4398 2746 4478 opinione,
2772 4396 3043 4479 pluribus
3074 4398 3369 4460 rationum
3396 4397 3711 4459 momentis
3730 4399 3834 4460 ad-

468 4524 585 4565 non
622 4507 909 4566 honorem
953 4520 1248 4583 quaerens,
1282 4505 1384 4563 sed
1420 4501 1492 4562 ab
1526 4504 1750 4562 honore
1781 4504 2102 4583 quaesitus;

467 4612 578 4654 nec
622 4594 694 4654 ab
746 4593 1107 4672 hominibus,
1140 4593 1244 4653 sed
1277 4611 1307 4651 a
1343 4593 1465 4653 Deo
1498 4591 1741 4669 gratiam
1776 4592 2103 4671 accipiens.

464 4682 745 4744 Basilium
779 4681 1437 4760 l’hilostorgiustb)jam
1462 4699 1618 4741 anno
1641 4680 1757 4743 359
1789 4680 2101 4742 diaconum

460 4771 636 4832 fuisse
657 4783 819 4852 putat
844 4791 857 4833 ε
886 4772 1159 4833 Socrates
1176 4771 1387 4850 (δ),αυί
1421 4788 1555 4831 cum
1577 4771 1795 4832 Basilio
1819 4768 1862 4833 S
1912 4768 2096 4852 Chry-

463 4862 700 4921 sostomi
753 4862 945 4922 amico
997 4866 1265 4923 nostrum
1316 4859 1645 4933 confundit,
1678 4861 1751 4922 ad
1780 4860 1932 4920 hanc
1966 4878 2101 4921 eum

459 4950 808 5028 dignitatem
831 4969 865 5010 a
885 4952 948 5012 S.
975 4949 1207 5011 Maletio
1239 4958 1505 5010 evectum
1531 4958 1750 5010 narrat.
1777 4948 1896 5011 Sed
1913 4946 2102 5010 Tille-

460 5040 719 5102 montius
743 5058 817 5100 ne
840 5040 1152 5099 diaconum
1179 5038 1423 5117 qnidem
1447 5038 1628 5099 fuisse
1653 5037 1936 5100 Basiliam
1959 5056 2100 5118 pro-

459 5131 556 5191 bat
581 5147 653 5190 ex
685 5128 1025 5190 testimonio
1049 5126 1424 5198 Nazianzeni,
1450 5128 1554 5206 qui
1587 5131 1642 5187 in
1669 5135 1784 5188 tam
1828 5135 2100 5193 accurata

455 5219 913 5297 ordinum,qttos
927 5216 1189 5278 exercuit
1212 5213 2096 5294 Basilius,enumeratione,non

453 5308 752 5370 omisisset
777 5307 1171 5379 diaconatum,
1199 5306 1247 5364 si
1281 5306 1338 5363 iit
1375 5306 1484 5363 hoc
1514 5326 1747 5385 quoque
1768 5305 1955 5384 gradu
1979 5304 2095 5366 mi-

452 5399 786 5460 nistrasset.

536 5566 608 5631 (a)
636 5557 798 5622 Orat.
828 5558 926 5620 20.

527 5641 610 5722 (b)
639 5638 771 5704 Lib.
803 5655 885 5716 tv,
919 5657 974 5700 c.
1012 5637 1107 5701 12.

2191 4491 2399 4565 ducor,
2424 4500 2484 4550 ut
2511 4487 2795 4553 Basilium
2833 4505 2989 4549 anne
3016 4488 3134 4549 36i
3163 4487 3277 4548 sub
3312 4488 3556 4549 Valente
3587 4489 3832 4548 credam

2188 4581 2525 4642 ordinatum
2548 4578 2751 4640 fuisse.
2794 4585 2851 4637 1°
2881 4579 3012 4657 Ipsa
3042 4576 3316 4656 Gregorii
3338 4575 3517 4638 verba
3544 4575 3832 4639 Basiliam

2191 4672 2581 4743 monentis,ut
2605 4668 2718 4729 sibi
2735 4675 2936 4728 caveat
2944 4669 3290 4747 prtesertim
3317 4666 3391 4729 ob
3414 4675 3644 4746 tempus
3664 4667 3832 4727 mul-

2188 4768 2278 4819 tas
2296 4763 2357 4819 in
2374 4755 3259 4838 nos,inquit(d),hwreticorum
3273 4756 3681 4835 excitansliug
3691 4774 3830 4835 uas;

2190 4847 2335 4922 haec,
2361 4846 2811 4929 inquam,vcrba
2833 4846 3096 4911 Valentis
3123 4845 3376 4926 imperio
3402 4845 3653 4906 miriﬁce
3675 4864 3829 4906 con-

2188 4937 2656 5012 gruunt,Juliani
2688 4953 2826 4998 vero
2849 4951 3246 5016 nequaquam.
3270 4933 3417 4996 Nam
3451 4936 3560 4995 sub
3588 4932 3828 4996 Iuliano

2187 5025 2349 5087 nulla
2366 5026 2439 5088 ab
2471 5026 2771 5088 haereticis
2790 5027 3055 5107 pericula
3076 5024 3336 5086 maxima
3372 5024 3445 5085 ab
3469 5025 3831 5104 imperatore

2181 5125 2445 5196 apostata
2475 5116 2852 5179 exstiterunt.
2879 5114 3001 5177 Sub
3056 5114 3300 5175 Valente
3344 5122 3544 5175 autem
3577 5113 3829 5175 heresis

2181 5207 2375 5268 statim
2398 5208 2676 5269 verticem
2707 5206 2964 5285 sustulit,
2992 5213 3051 5267 et
3077 5202 3254 5282 ignis,
3285 5206 3388 5285 qui
3410 5204 3687 5268 steviente
3710 5205 3826 5267 Ju-

2181 5298 2324 5360 liani
2346 5298 2761 5378 persecutione
2778 5293 3119 5377 suppositus
3148 5294 3335 5356 cineri
3361 5293 3696 5367 videbatur,
3722 5294 3825 5359 de-

2180 5406 2300 5450 nuo
2321 5389 2561 5453 exarsit.
2587 5390 2738 5451 Nota
2759 5388 3019 5467 profecto
3044 5402 3140 5444 res
3164 5393 3254 5445 est
3282 5394 3342 5446 et
3372 5385 3446 5446 ab
3470 5387 3597 5465 ipso
3629 5382 3823 5451 Tille-

2257 5556 2334 5717 Elci)
2368 5550 2495 5615 Lib.
2530 5566 2611 5630 tv,
2644 5568 2695 5609 c.
2734 5548 2832 5611 26.

2323 5636 2342 5716 )
2376 5635 2518 5697 Νη.
2553 5649 2652 5711 ep.
2686 5632 2785 5693 tt.

2323 5635 2518 5716 )Naz.
2553 5649 2652 5711 ep.
2686 5632 2785 5693 tt.
