4068 6204
1575 338 1760 435 itm
1808 374 1866 433 δ.
1909 370 2207 433 BASILII.

3490 388 3615 437 XLV

240 507 375 569 noti
396 511 454 567 et
487 507 636 587 ipse,
672 503 867 583 inquit
900 503 1013 587 (a),
1043 522 1153 586 pro
1191 504 1481 568 mediocri
1510 522 1647 568 mea
1677 521 1880 569 rerum
1906 509 1944 559 Α
2049 504 2216 577 Quod
2241 506 2597 575 aitBasilius
2625 510 2706 583 td)
2734 506 3314 580 Eustathium’lioma
3340 504 3612 578 attulisse

237 596 480 675 notitia,
504 611 698 655 unam
723 611 848 655 esse
875 592 1161 657 Ecclesiis
1192 596 1417 657 nostris
1437 596 1665 657 auxilii
1694 600 1881 674 viam,

232 687 285 751 si
313 684 629 745 nobiscum
669 683 1016 762 conspirent
1040 680 1449 746 Occidentales
1480 685 1762 765 episcopi.

312 772 612 835 Videntur
638 780 761 833 tres
793 772 971 851 legati
1002 772 1110 833 sub
1138 780 1402 836 extrema
1432 774 1699 835 autumni
1731 781 1888 835 tem-

231 881 377 947 pora
424 881 589 924 anno
619 861 739 924 365
772 860 1020 940 profecti
1070 880 1225 925 esse.
1258 860 1405 924 Nam
1446 880 1578 927 cum
1614 861 1893 928 Liberius

228 953 447 1015 obierit
482 970 645 1014 anno
678 949 818 1029 3‘36,
844 966 1101 1031 cumque
1132 950 1305 1031 legati
1333 971 1449 1012 non
1477 952 1668 1016 solum
1696 953 1771 1014 ab
1794 970 1888 1031 eo,

229 1042 335 1104 sed
363 1041 545 1103 etiam
571 1038 646 1101 ab
669 1038 969 1120 episcopis
986 1036 1187 1115 italiae,
1221 1039 1457 1116 Africae,
1490 1040 1693 1104 Gallias
1713 1050 1770 1103 et
1792 1038 1879 1102 Si-

1973 594 2220 669 litteras,
2257 618 2387 679 quae
2419 616 2552 659 eum
2588 599 2645 661 in
2673 600 3076 679 episcopatum
3113 594 3527 677 restituebant,
3552 594 3607 655 id

1973 683 2047 744 de
2070 685 2282 747 litteris
2302 686 2522 749 Liberii
2545 687 2765 748 dictum
2783 686 3101 760 videtur,in
3115 683 3615 769 quibusl.ibcrius

1972 770 2284 836 Eustathio
2311 789 2368 836 et
2392 774 2623 837 duobus
2642 776 2774 837 aliis
2798 778 3003 854 legatis
3024 776 3312 837 honorem
3336 770 3615 846 babet,ut

1976 862 2218 942 collegis
2237 864 2359 924 suis
2383 882 2449 925 ac
2475 864 2752 944 legitimis
2771 865 3089 947 episcopis;
3119 882 3230 924 nec
3255 878 3502 924 necesse
3525 868 3615 921 est

1974 970 2106 1015 cum
2144 953 2393 1015 Baronio
2443 954 2588 1015 alias
2623 955 2846 1018 litteras
2877 954 3271 1016 comminisci.
3324 950 3419 1013 Sic
3451 947 3609 1019 enim

1974 1041 2221 1103 Basilius
2265 1042 2473 1105 litteris
2506 1043 2745 1106 Damasi
2777 1045 3178 1123 episcopatum
3232 1040 3615 1109 Antiocheam

229 1131 381 1193 Ciliae
415 1132 651 1192 litteras
693 1129 1001 1191 attulerint
1048 1128 1214 1190 initio
1246 1129 1405 1191 veris
1434 1130 1572 1191 anni
1597 1131 1737 1205 367,
1772 1147 1892 1191 non
1975 1129 2257 1192 Ecclesia:
2280 1133 2523 1194 Paulino
2548 1134 2786 1195 attribui
2812 1134 2957 1193 dicit
2984 1134 3091 1213 (ε),
3125 1130 3264 1212 quia
3296 1129 3370 1189 ad
3408 1127 3609 1199 Pauli-

229 1221 377 1283 satis
418 1218 777 1281 habuissent
804 1218 982 1307 spatii
1019 1218 1091 1307 ad
1126 1227 1207 1279 tot
1250 1237 1318 1280 ac
1352 1228 1539 1282 tantas
1570 1238 1667 1283 res
1696 1220 1889 1281 conﬁ-
1979 1238 2115 1281 num
2138 1222 2450 1295 Damasus,
2479 1232 2542 1289 ut
2564 1223 2633 1283 ad
2658 1223 2983 1307 legitimum
3013 1220 3358 1307 episcopum
3388 1216 3611 1279 scribe-

230 1309 508 1389 ciendas,
529 1308 583 1369 si
599 1308 794 1369 serius
820 1305 1065 1385 profecti
1093 1307 1362 1372 fuissent.
1397 1308 1710 1371 Probabile
1729 1314 1889 1370 enim
1975 1307 2094 1369 bat.
2122 1308 2290 1371 Unde
2308 1309 2482 1372 etiam
2507 1312 2727 1373 eaedem
2754 1312 2968 1375 litterae
2981 1317 3264 1372 vocantur
3281 1308 3605 1387 cujusdam

232 1408 323 1461 est
353 1399 496 1462 illos
522 1399 633 1458 bas
664 1396 961 1476 regiones,
996 1404 1061 1456 ut
1105 1395 1400 1460 existimat
1446 1396 1885 1473 Tillemontius,
1971 1400 2352 1479 principatus
2375 1408 2591 1461 tessera
2609 1403 2673 1479 (ft
2706 1400 3039 1474 Quinetiam
3066 1406 3412 1460 cumsancto
3434 1396 3609 1458 Atha.

230 1488 538 1553 autsimul
574 1503 949 1566 peragrasse,
979 1494 1077 1545 aut
1106 1485 1315 1549 saltem
1350 1485 1617 1549 laborem
1646 1488 1805 1549 inter
1826 1506 1891 1549 se
1977 1487 2139 1549 nasio
2165 1506 2346 1567 agens
2367 1489 2439 1549 de
2465 1489 2845 1551 restituentis
2873 1492 2934 1551 S.
2963 1489 3197 1553 tteletio
3220 1488 3448 1566 ovibus,
3468 1502 3613 1568 quas

235 1577 490 1658 partitos
522 1592 685 1639 esse.
1700 1663 1710 1665 _
1762 1664 1767 1665 γ
1976 1578 2257 1639 Paulinus
2285 1578 2687 1651 abstraXerat,
2719 1580 2871 1640 idem
2905 1581 2983 1640 ait
3011 1582 3086 1660 (gi
3122 1578 3416 1665 placuisse
3442 1572 3614 1665 Occi-

315 1665 453 1728 Dixi
486 1666 712 1744 legatos
761 1662 1017 1725 rediisse
1064 1680 1247 1726 verno
1276 1672 1543 1745 tempore
1575 1663 1714 1727 anni
1744 1664 1884 1743 367,
1972 1665 2329 1739 dentalibus,
2361 1676 2423 1729 ut
2447 1668 2664 1731 litterae
2681 1686 2793 1750 per
2814 1668 3051 1730 beatum
3073 1662 3385 1731 Silvanum
3404 1663 3613 1726 allata

232 1756 375 1837 quia
410 1755 745 1815 redeuntes
790 1751 1014 1816 Liberii
1052 1751 1284 1814 litteras
1319 1753 1569 1815 concilio
1591 1751 1888 1836 Tyanensi
1975 1755 2527 1819 testantnrﬂeletii
2555 1764 2750 1818 autem
2774 1757 3045 1820 Liberius
3070 1752 3616 1817 nonalitervidetur

232 1843 733 1923 obtulerunt,cui
756 1842 913 1904 aliud
950 1851 1183 1924 tempus
1210 1843 1494 1925 assignari
1528 1861 1647 1906 non
1673 1849 1884 1923 potest.
1912 1919 1945 1928 ᾳ
1972 1844 2381 1925 episcopatum
2424 1846 2833 1921 confirmasse,
2869 1865 3042 1928 quam
3092 1845 3254 1906 illum
3286 1843 3444 1904 inter
3465 1841 3615 1902 alios

234 1938 294 1999 In
329 1936 451 1996 hac
485 1919 647 1995 enim
683 1930 905 2013 synodo
930 1919 1208 1993 statutum
1239 1919 1357 2013 (lt):
1383 1919 1721 2013 utepiscopi
1747 1937 1889 1992 ante
1912 1919 1948 1969 ⁸
1971 1919 2285 2015 episcopos
2318 1935 2647 1997 salutando.
2677 1935 2792 1999 Sed
2820 1919 3035 2003 si'haac
3057 1934 3390 1997 admittitur
3410 1930 3615 2011 conje-

229 2027 475 2087 exitum
526 2023 717 2095 ceris,
750 2020 808 2081 id
843 2028 936 2080 est
965 2029 1100 2082 ante
1130 2022 1344 2081 aestatis
1375 2021 1606 2082 calores
1633 2018 1884 2082 Tarsum

232 2113 466 2177 Ciliciae
516 2110 928 2173 convenirent.
966 2108 1088 2169 lloc
1117 2117 1311 2169 autum
1364 2127 1519 2171 anne
1551 2109 1661 2173 367
1686 2107 1885 2170 conti-

229 2204 394 2282 gisse
429 2209 616 2281 patet,
646 2200 787 2280 quia
825 2197 1133 2278 probabile
1168 2217 1281 2258 non
1337 2208 1429 2261 est
1479 2200 1714 2278 legatos
1750 2206 1885 2277 post

231 2292 465 2352 obitum
514 2286 771 2361 Liberii,
806 2286 908 2371 qui
962 2304 1166 2348 mense
1208 2284 1549 2368 Septembri
1579 2305 1734 2349 anno
1767 2286 1884 2352 366

234 2389 514 2442 mortuus
546 2386 667 2450 est,
703 2386 816 2437 tam
857 2375 959 2437 diu
993 2385 1249 2437 moratos
1284 2394 1438 2458 esse,
1473 2387 1533 2437 ut
1564 2395 1682 2437 non
1715 2376 1883 2439 redi-

230 2479 365 2531 rent
398 2466 520 2528 nisi
558 2483 716 2527 anno
747 2465 886 2528 368.

312 2556 561 2618 Ριιωῐιιὶι
591 2555 729 2616 huic
758 2553 1015 2616 concilio
1042 2552 1335 2615 Eusebius
1360 2553 1887 2624 Caesariensisnec

233 2647 485 2710 dubium
503 2643 761 2722 estquia
800 2661 935 2704 eum
969 2650 1211 2707 secutus
1238 2642 1313 2703 sit
1338 2641 1616 2721 Basilius,
1642 2657 1743 2711 aut
1763 2649 1884 2706 sal-

232 2748 376 2811 tem,
403 2746 469 2797 ut
488 2737 554 2800 in
584 2733 720 2800 aliis
751 2734 959 2807 rebus,
980 2734 1061 2793 ita
1090 2731 1151 2793 in
1196 2732 1306 2794 hoc
1338 2734 1603 2810 cogendo
1629 2735 1883 2797 concilio

230 2829 356 2888 suis
384 2843 531 2887 eum
570 2820 843 2885 consiliis
885 2820 1130 2902 iuverit.
1194 2819 1431 2901 Synodo
1490 2823 1886 2885 interfuerunt

1971 2032 2135 2115 ctura
2154 2042 2258 2105 pro
2274 2024 2707 2115 Eustathio,qui
2730 2025 2889 2086 inter
2906 2025 3219 2115 episcopos
3238 2022 3507 2115 primusa

1972 2110 2139 2173 berio
2164 2110 2855 2194 nominatur,legendum
2882 2115 2991 2176 erit
3019 2113 3404 2185 Meletiomec
3427 2111 3497 2189 (Σ)
3517 2110 3615 2170 nl-

1973 2199 2085 2282 lus,
2118 2201 2218 2282 qui
2272 2203 2535 2265 secundo
2592 2205 2720 2265 loco
2771 2204 3080 2277 salutatur,
3111 2205 3263 2265 alius
3294 2200 3406 2261 erit
3436 2215 3610 2279 quam

1970 2286 2668 2373 Hierosolymitanus,qui
2692 2310 2825 2354 cum
2848 2293 2912 2355 δ.
2939 2292 3169 2355 Meletio
3197 2285 3613 2369 conjunctissi-

1971 2396 2104 2440 mus
2149 2380 2273 2441 fuit.
2308 2380 2454 2442 Illud
2489 2390 2685 2443 tamen
2744 2385 2999 2445 occurrit
3035 2377 3421 2450 incommodi,
3455 2374 3610 2458 quod

1971 2469 2261 2550 episcopi,
2287 2489 2436 2549 quos
2457 2469 2786 2551 alloquitur
2814 2470 3107 2546 Liberius,
3136 2468 3615 2546 subscripserunt

1969 2557 2243 2619 formula:
2304 2560 2991 2641 Constantinopolitanae.
3048 2558 3368 2635 Pcrjuriis,
3424 2553 3617 2635 inquit

1974 2646 2516 2728 (n.3t,t'nfrunt1em
2535 2644 3419 2727 inducti.subscripsistis.Unde
3435 2644 3608 2704 etiam

1967 2735 2224 2799 reditum
2256 2735 2371 2797 illis
2394 2736 2466 2797 ad
2482 2740 2779 2797 saniorem
2799 2746 3054 2803 mentem
3072 2736 3397 2816 gratulatur
3429 2731 3611 2793 Porro

1968 2844 2075 2887 nec
2096 2822 2137 2888 S
2196 2824 2462 2887 Meletius
2484 2826 2717 2886 videtur
2742 2843 2997 2905 unquam
3024 2820 3171 2886 hanc
3193 2824 3421 2901 culpam
3442 2839 3571 2884 com
3587 2853 3609 2866 -

232 2915 597 2981 Athanasius
688 2916 963 2994 Ancyrae,
1022 2910 1289 2991 Pelagius
1341 2912 1671 2977 Laodiceae.
1724 2913 1883 2975 Zeno
1976 2915 2264 2976 meruisse
2289 2932 2397 2975 uec
2423 2912 2484 2976 S.
2508 2914 2922 2997 Cyrillus.Set|
2951 2914 3076 2977 tunc
3099 2911 3413 2974 diﬂicultas
3439 2908 3613 2970 facile

232 3005 389 3087 Tyri,
428 3004 653 3067 Paulus
684 3001 936 3081 Emesa,
967 3000 1208 3064 Otreius
1240 3000 1538 3074 Melitiute,
1564 3003 1889 3079 Gregorius
1973 3003 2234 3063 solvitur.
2272 3004 2401 3065 Non
2447 3004 2603 3063 enim
2642 3004 2965 3079 putandum
3003 3011 3089 3063 est
3125 3002 3277 3063 inter
3301 2998 3613 3087 episcopos

234 3085 516 3160 Nazianzi
542 3092 715 3155 etalii
742 3090 1209 3172 complures,qui
1233 3091 1343 3151 sub
1368 3091 1611 3151 Joviano
1636 3090 1889 3152 consub-
1972 3094 2049 3155 59
2080 3111 2227 3171 quos
2260 3103 2533 3153 recenset
2590 3093 2882 3163 Liberius.
2920 3092 3147 3153 nullum
3181 3090 3363 3151 fuisse
3394 3087 3465 3149 ab
3500 3085 3613 3148 huc

234 3184 517 3247 stantiale
540 3180 998 3242 retinendumin
1019 3180 1270 3241 concilio
1291 3181 1943 3250 Antiochcnodccre-c
1973 3199 2133 3242 utero
2166 3180 2486 3260 integrum.
2518 3182 2795 3262 Plerique
2827 3182 2937 3243 hoc
2968 3180 3388 3244 commiserant
3415 3198 3427 3239 :
3455 3174 3610 3256 quod

232 3284 465 3335 verant.
502 3275 653 3336 Cum
679 3270 847 3331 lectae
872 3268 1708 3331 fuisseut‘Liberiietaliorum
1745 3270 1873 3349 epi-
1961 3270 2099 3333 satis
2126 3270 2237 3332 fuit
2264 3281 2322 3332 ut
2360 3290 2463 3332 eos
2490 3269 2762 3334 Liberius
2793 3271 2880 3333 sic
2908 3270 3331 3351 alloquerctur.
3373 3264 3613 3347 Alioqui

233 3381 557 3441 scaporum
588 3360 823 3429 litteras,
853 3378 1082 3420 summo
1132 3378 1339 3420 omnes
1368 3360 1583 3436 gaudio
1616 3360 1876 3421 exsulta-
1966 3379 2038 3421 ne
2061 3379 2214 3421 unus
2240 3360 2486 3437 quidem
2515 3361 2571 3421 in
2602 3370 2721 3420 ιοιυ
2744 3358 2989 3423 Oriente
3014 3358 3204 3438 excipi
3234 3366 3452 3437 posset,
3478 3372 3611 3416 cum

232 3462 393 3525 runt,
426 3467 499 3514 ac
533 3448 753 3511 laetitiae
778 3466 900 3509 sua;
948 3446 1242 3509 Ecclesias
1277 3447 1539 3511 Orientis
1588 3448 1877 3509 certiores
1962 3449 2183 3512 Liberii
2204 3449 2454 3527 epistola
2480 3448 2774 3510 universis
2806 3445 3070 3515 Orientis
3093 3446 3391 3528 episcopis
3421 3444 3619 3505 ortho-

232 3541 457 3615 l‘ecere,
496 3539 726 3601 indicto
757 3538 816 3598 in
869 3537 1075 3599 urbem
1106 3536 1461 3599 Tarsensem
1494 3546 1628 3598 ante
1655 3539 1873 3598 exitum
1964 3539 2137 3599 doris
2173 3538 2456 3617 inscripta
2486 3538 2576 3599 sit.

233 3632 389 3692 reris
414 3628 677 3691 concilio
710 3636 771 3689 ut
792 3645 899 3708 pax
927 3626 1188 3686 omnium
1208 3646 1501 3687 consensu
1522 3628 1880 3689 firmaretur.
2049 3627 2297 3689 Litteris
2333 3626 2550 3690 Liberii
2588 3629 2866 3708 adjuncta
2894 3637 3017 3689 erat
3050 3627 3196 3688 fides
3215 3625 3320 3691 cui
3356 3620 3614 3684 subscri-

232 3721 347 3782 Sed
371 3721 536 3781 hanc
558 3717 848 3800 synodum
869 3714 1076 3777 haberi
1101 3716 1286 3776 vetuit
1309 3716 1886 3793 Valens,acpra:ter-
1970 3715 2083 3796 psit
2116 3715 2483 3777 Eustathius.
2509 3715 2568 3777 ld
2608 3718 2731 3796 ipse
2771 3716 3044 3779 Liberius
3076 3722 3161 3785 (n.
3190 3715 3313 3795 I)et
3346 3709 3615 3797 pluribus

232 3828 300 3871 ea
330 3829 472 3870 cum
502 3807 749 3887 jamjam
801 3804 1221 3885 congreganda
1254 3815 1431 3868 esset.
1464 3806 1699 3883 triginta
1728 3825 1882 3885 qua-
1969 3803 2115 3866 locis
2142 3806 2396 3866 Basilius
2440 3806 2534 3886 (It)
2571 3813 2861 3867 testantur
2916 3805 3081 3876 Quod
3117 3813 3308 3864 autem
3343 3801 3613 3874 ltasi'lius,

233 3899 543 3960 tunrAsize
567 3896 834 3976 episcopi
858 3896 916 3955 in
940 3894 1107 3956 Caria
1131 3895 1468 3973 congregati
1493 3895 1851 3956 consubstan
1968 3913 2073 3955 seu
2110 3895 2301 3973 potius
2327 3895 2667 3957 Orientales
2692 3896 2776 3956 sic
2806 3894 2879 3956 de
2912 3894 3217 3956 Eustathio
3251 3894 3575 3971 loquuntur
3601 3906 3615 3947 :

234 3989 370 4049 tiale
401 3988 779 4066 rejecerunt,
813 4004 880 4046 ac
931 3984 1266 4058 formulam,
1302 4002 1430 4063 qua:
1468 3984 1797 4046 Antiochiae
1829 3994 1887 4046 et
1975 3982 2271 4058 Quanam
2300 3993 2497 4045 (xulem
2536 3986 2591 4046 ei
2616 3988 2924 4065 proposita
2957 3986 3186 4062 fuerint
3212 4004 3246 4043 a
3280 3982 3627 4043 beatissimo

232 4078 535 4139 Seleucia:
561 4076 931 4156 promulgata
955 4074 1164 4145 fuerat,
1189 4083 1372 4134 ratam
1399 4092 1527 4133 esse
1552 4076 1883 4135 voluerunt.
1971 4073 2246 4151 episcopo
2275 4072 2538 4142 Liberio,
2567 4083 2621 4135 ct
2654 4074 3009 4153 quilmsnom
3045 4090 3327 4133 assensus
3346 4072 3432 4130 sit
3455 4072 3626 4156 igno-

233 4165 348 4227 Hos
375 4155 701 4246 episcopos
722 4164 793 4224 ab
817 4162 1231 4235 amplectenda
1255 4162 1743 4224 cousuhstantiali
1770 4182 1887 4224 non
1972 4176 2172 4219 ramus.
2199 4162 2309 4218 nisi
2333 4164 2474 4234 quod
2497 4164 2781 4236 (pistillum
2804 4163 2991 4220 attulit
3015 4177 3129 4236 qua
3148 4178 3264 4216 eum
3292 4155 3623 4220 restituebat.

232 4257 554 4335 scrupulus
570 4254 813 4335 quidam
838 4253 1260 4314 deterruit.se«l
1287 4254 1597 4313 sententiae
1613 4254 1887 4333 pravitas,
1974 4276 2130 4333 eaque
2153 4269 2365 4316 ostrum
2405 4263 2630 4318 concilio
2677 4264 2945 4334 Tyanensi
2977 4263 3031 4315 in
3058 4276 3219 4317 suum
3248 4258 3418 4313 locum
3462 4256 3621 4311 mti-

233 4364 361 4423 qu:e
391 4354 562 4405 tanta
593 4343 703 4405 fuit
736 4343 792 4403 in
826 4343 919 4404 his
949 4341 1322 4422 regionibus,
1354 4349 1418 4401 ut
1450 4342 1696 4403 miretur
1726 4342 1892 4404 Basio
1976 4354 2137 4407 tutus-
2159 4355 2261 4423 est;
2292 4345 2432 4408 in'le
2459 4347 2787 4424 colliginun
2813 4348 2983 4405 debet
3014 4344 3295 4407 Basilium
3321 4342 3623 4420 ignorasse

234 4436 340 4496 lius
364 4437 434 4513 te)
457 4454 621 4495 anno
654 4432 770 4494 375
799 4433 1110 4505 estinte,si
1142 4438 1247 4512 qni
1278 4431 1527 4491 omnino
1561 4438 1623 4491 in
1650 4435 1882 4493 Asiana
1908 4435 2024 4495 Did
2051 4434 2207 4513 quod
2243 4436 2508 4514 p'uribus
2531 4436 2680 4496 locis
2702 4438 2773 4514 (i)
2796 4434 3113 4515 exprobrat
3135 4430 3462 4503 Eustathio,
3486 4447 3619 4487 eum

234 4531 425 4585 tractu
447 4530 626 4584 extra
646 4522 839 4585 labem
867 4521 1287 4583 haereticorum
1310 4523 1455 4580 sint.
1492 4519 1758 4592 Quantus
1778 4524 1885 4581 Ba—
1971 4527 2176 4587 Roma:
2200 4524 2340 4585 fidei
2361 4524 2613 4585 Niczenie
2634 4524 2834 4586 subsci
2851 4520 3086 4604 ipsisse:
3117 4540 3247 4581 nam
3276 4522 3385 4581 hoc
3410 4520 3536 4597 ipso
3561 4517 3619 4576 in

232 4612 349 4671 silii
382 4611 563 4671 dolor
588 4612 874 4671 exstiterit
909 4608 1147 4690 optimis
1181 4608 1449 4670 consiliis
1481 4609 1636 4669 exitu
1673 4628 1883 4671 caren-
1972 4621 2098 4676 loco
2127 4612 2207 4673 ait
2233 4633 2365 4673 eum
2411 4614 2758 4695 depopulari
2794 4614 2968 4674 fidem
2994 4611 3068 4673 ob
3098 4628 3273 4691 quam
3308 4617 3622 4686 suscepti-5

233 4702 410 4771 tibus,
497 4700 687 4760 facilis
781 4700 1125 4779 conjectura
1199 4706 1309 4759 est.
1385 4696 1533 4768 Quid
1601 4698 1887 4779 deinceps
1973 4702 2225 4769 cst.Sed
2261 4724 2392 4765 cum
2424 4705 2607 4765 multa
2650 4704 2764 4763 alia
2807 4697 3626 4774 intcrL’ilmriumt-tlegatns

231 4809 426 4868 usque
476 4792 550 4851 ιιι
602 4791 1008 4870 episcopatum
1044 4790 1113 4849 ad
1168 4787 1645 4869 pacificationem
1682 4789 1887 4852 Eccle-
1973 4793 2455 4858 intercchissent
2484 4793 2609 4872 (eos
2633 4794 2793 4853 enim
2830 4810 2947 4850 non
2981 4789 3150 4850 facile
3182 4786 3421 4849 admisit
3453 4785 3625 4845 Libe-

233 4879 456 4941 siarum
495 4880 821 4949 navaverit,
857 4878 1029 4955 phne
1064 4878 1389 4940 nescimus.
1412 4876 1485 4938 At
1509 4896 1641 4941 eum
1664 4878 1738 4939 de
1768 4881 1890 4941 suis
1978 4886 2121 4959 rius,
2161 4896 2309 4947 teste
2334 4888 2580 4946 Socrate
2615 4882 2701 4963 [i].
2732 4899 2844 4941 nun
2873 4879 3032 4959 parvi
3057 4879 3306 4940 intereat
3330 4874 3621 4937 ‘I'IccfesI't's

230 4967 544 5028 laboribus
578 4970 721 5029 nihil
760 4967 1061 5029 remisisse.
1106 4966 1504 5047 perspicimus
1535 4986 1600 5027 ex
1633 4967 1728 5029 liis
1751 4988 1881 5048 quae
1971 4976 2312 5055 signiﬁcari
2332 4975 2687 5054 quibusnam
2712 4970 3159 5034 conditionibus
3178 4974 3494 5044 susceptus
3517 4983 3615 5026 es-

231 5076 410 5137 θυρη
442 5058 519 5117 ab
550 5059 651 5117 ἱηυ
690 5058 847 5118 ἀίειᾶ
884 5056 1215 5115 Γθίυιίιῐιιιδ-
1254 5073 1386 5115 cum
1420 5056 1724 5116 A'ltanasii
1752 5061 1879 5119 An-
1960 5076 2043 5127 set
2074 5065 2452 5127 Eustathius.
2477 5061 2725 5138 Conjicit
2755 5057 3019 5120 eruditus
3042 5060 3236 5120 editor
3268 5055 3535 5116 litterarii
3560 5074 3613 5114 m

231 5147 429 5226 (ιτειηὶ
466 5158 660 5207 morte
712 5163 984 5225 magnum
1039 5143 1375 5223 prtesidium
1408 5144 1723 5209 amisisset.
1963 5156 2318 5218 Pontiﬁcum
2356 5157 2777 5231 Romanorum,
2805 5148 3111 5230 Basilum,
3138 5165 3272 5208 cum
3298 5143 3612 5225 θρίςιηιιιιῃ

2047 5336 2131 5413 (Γ)
2164 5336 2274 5414 Ερο
2308 5332 2449 5414 916-

2051 5425 2132 5497 (gt
2162 5413 2271 5495 Ep.
2306 5413 2408 5475 67.

2166 5494 2288 5589 ἔξρέ
2318 5492 2462 5573 ἳ44,
2491 5508 2553 5551 u.
2586 5492 2638 5550 5.
2678 5488 2819 5564 263,
2856 5508 2914 5549 n.
2948 5490 3006 5550 3.

2057 5576 2130 5736 ὅ)
2166 5574 2316 5639 Ibid.

2082 5658 2131 5736 ⁷)
2159 5653 2290 5719 Lib.
2324 5668 2407 5728 tv,
2440 5671 2497 5715 c.
2534 5650 2631 5714 t2.

308 5327 395 5484 tit

330 5401 389 5484 ὁ)
422 5401 699 5478 Sozam,
730 5403 839 5466 lib.
876 5420 960 5483 Vl,
984 5419 1039 5463 c.
1072 5401 1164 5464 12.

301 5492 375 5566 (ιι
410 5484 522 5566 ιιξρ.
560 5488 709 5552 218.

304 5568 391 5650 (d)
413 5568 532 5650 Ep.
572 5568 721 5650 265,
758 5586 821 5631 ιι.
857 5568 922 5650 ἔξ.

298 5646 380 5727 (e)
408 5645 521 5729 Bp.
556 5645 809 5731 214,1).
858 5646 917 5710 2.
