4068 6204
1513 290 1699 353 VITA
1745 290 1806 351 s.
1852 285 2151 350 BASILII.
3451 307 3579 357 ιω,

157 426 350 486 latiam
384 428 770 490 extenderet.
808 427 989 490 Ridet
1013 426 1252 507 quidem
1286 425 1591 487 Athanasii
1620 425 1810 483 minas
1831 429 1867 474 A
1894 437 2025 480 cres
2060 422 2300 482 habenti
2329 426 2426 498 (cl,
2457 430 2518 483 et
2539 421 2989 503 episcopalibus
3015 424 3175 486 curis
3200 425 3552 504 jamdudum

158 515 565 578 Basiliusﬁed
586 537 724 577 num
753 534 1000 578 necesse
1016 515 1120 575 fuit
1138 534 1270 575 enm
1292 516 1637 594 episcopum
1658 531 1815 590 esse,
1902 508 2170 569 (listticto
2193 519 2250 570 et
2272 509 2344 571 ab
2371 520 2544 573 tet-ate
2568 513 2892 593 Sophronii
2916 523 2973 572 et
2999 512 3247 590 Aburgii
3272 515 3552 578 remotis-

158 616 213 665 ut
244 624 309 667 se
334 607 538 666 minas
561 606 763 667 ridere
795 606 1050 677 diceret,
1078 624 1187 666 nec
1213 604 1361 665 adeo
1388 622 1635 680 puerum
1662 621 1815 680 esse,
1902 595 2074 656 simo.
2112 598 2185 659 At
2216 599 2513 675 quadrant
2546 600 2770 680 optime
2791 601 3113 682 Theologo,
3149 602 3249 682 qui
3276 603 3555 666 omnibus

158 706 213 753 ut
244 698 373 757 haec
402 696 701 756 terricnla
733 695 1062 757 formidet?
1089 693 1291 773 Neque
1314 693 1487 753 etiam
1516 692 1812 771 episcopa‘

157 786 265 844 lem
290 786 725 845 auctoritatem
753 783 1189 859 sibiarrogabat
1213 784 1318 861 ta),
1346 800 1479 841 cum
1502 782 1742 842 nomine
1762 797 1820 839 e-

166 874 394 953 pisropi
438 875 562 946 sui,
591 877 695 954 qui
720 877 849 951 ipso
871 872 1223 934 dominante
1243 874 1562 931 dominari
1600 869 1717 930 sibi
1738 873 1821 930 ri-

158 966 438 1043 debatur,
483 965 716 1023 vicinos
735 963 1043 1041 episcopos
1071 962 1143 1021 ad
1166 959 1578 1023 defensionem
1600 959 1816 1018 verita-

157 1051 221 1108 tis
251 1051 604 1121 advocaret,
636 1051 828 1130 iisque
860 1067 1061 1108 curam
1092 1047 1498 1110 Ecclesiarum
1535 1046 1817 1107 deferret.

238 1136 626 1200 [Caesarius
642 1137 917 1217 Gregorii
940 1136 1289 1197 Nazianzeni
1315 1136 1681 1205 frater,anno
1704 1135 1820 1199 368

157 1246 187 1285 θ
207 1225 425 1288 Nicaeae
458 1228 656 1288 ruinis
684 1226 1041 1288 mirabiliter
1071 1235 1359 1287 servatus.
1398 1225 1500 1285 Dei
1526 1225 1819 1285 beneﬁcio

155 1317 220 1373 ad
249 1316 474 1376 anima:
506 1319 762 1376 salutem
796 1315 905 1389 uti,
928 1327 984 1375 et
1007 1315 1401 1394 areipublicm
1436 1315 1819 1374 administra—

157 1407 312 1465 tione
348 1407 654 1466 recedere
677 1414 967 1465 staIUerat
993 1408 1096 1482 (ὸ).
1124 1406 1238 1466 Sed
1269 1404 1548 1484 praeclaro
1574 1403 1821 1464 consilio

156 1514 314 1553 mors
338 1494 581 1554 obstitit
610 1509 782 1573 paulo
808 1504 936 1571 post
961 1494 1411 1573 superveniens.
1439 1492 1649 1553 Mortui
1684 1513 1820 1571 pre-

157 1585 756 1663 tiosissimaquaaqne
777 1582 1189 1644 etservietulii
1210 1582 1481 1643 homines
1494 1584 1683 1643 servis
1702 1602 1819 1642 non

157 1673 443 1733 meliores
466 1672 888 1751 diripuere,ac
906 1671 1256 1751 paucissima
1273 1673 1615 1751 parentibus
1637 1690 1825 1731 reser-

1904 685 2084 774 rebus
2112 706 2242 749 sese
2275 689 2595 751 nudaverat
2642 699 2699 751 et
2728 692 3116 753 monasticam
3144 692 3329 755 vitam
3365 695 3552 774 proli-

1908 773 2169 844 tebatur,
2208 787 2263 836 et
2301 776 2626 857 Sophronii
2655 799 2725 841 ac
2753 779 3003 859 Aburgii
3026 781 3273 861 aequalis
3304 773 3453 848 erat.
3485 784 3554 845 2°

1905 861 2249 953 Theologus
2281 885 2415 927 cum
2452 868 2632 930 totius
2664 877 2921 947 paternae
2957 870 3173 931 domus
3194 883 3550 953 curam,tum

1906 950 1964 1009 in
2008 952 2214 1029 primis
2249 954 2431 1033 hujus
2464 957 2869 1019 molestissimi
2900 959 3127 1039 negotii
3156 950 3554 1040 pondns’suso

1908 1042 2101 1116 tinuit,
2138 1056 2197 1103 ut
2229 1047 2490 1126 perspici
2520 1057 2712 1127 potest
2732 1069 2798 1110 ex
2833 1051 2963 1129 ejns
2996 1052 3259 1114 carmine
3277 1054 3351 1115 de
3375 1055 3556 1118 rebus

1906 1132 2049 1194 suis.
2073 1133 2226 1227 llinc
2260 1136 2668 1227 sta-timetque
2705 1139 2893 1199 audiit
2924 1140 3122 1202 fratris
3153 1141 3308 1204 bona
3342 1143 3551 1227 diripi,

1907 1222 2300 1315 patrocinium
2336 1223 2662 1305 Sophronii
2715 1228 3077 1307 imploravit,
3114 1236 3287 1310 eique
3316 1222 3554 1315 scripsit

1909 1312 2223 1386 epistolam
2263 1314 2359 1375 18.

1989 1398 2094 1459 Vix
2132 1411 2326 1462 autem
2352 1403 2598 1463 dubium
2632 1424 2763 1467 esse
2790 1408 2975 1486 possit
3001 1411 3141 1489 quin
3176 1411 3266 1471 hae
3288 1411 3556 1492 epistola

1907 1497 2043 1547 ante
2067 1496 2473 1581 episcopatum
2496 1494 2693 1555 Basilii
2719 1496 2955 1575 scriptae
2973 1498 3371 1581 sint.Scriptae
3393 1502 3551 1563 enim

1907 1587 2043 1635 sunt
2070 1596 2182 1637 non
2210 1580 2395 1641 multo
2424 1592 2554 1661 post
2578 1591 2828 1645 mortem
2854 1588 3118 1668 Caasarii,
3141 1594 3240 1665 qui
3259 1580 3414 1652 anno
3439 1590 3555 1653 368

1908 1675 2165 1760 exeunte
2189 1679 2288 1760 aut
2317 1670 2435 1732 369
2471 1670 2717 1733 ineunte
2749 1672 2898 1735 obiit
2925 1696 2940 1750 ;
2974 1677 3269 1756 siquidem
3300 1680 3554 1760 spatium

154 1770 536 1841 varnnt,quae
554 1762 752 1821 statim
782 1761 1140 1842 pauperibus
1165 1762 1483 1822 distributa
1503 1760 1814 1823 sunt.Cum
1848 1792 1883 1841 Β
1910 1772 2024 1813 non
2055 1753 2257 1847 habuit
2282 1753 3160 1845 eaperticiendi,quaetempore
3176 1753 3423 1847 periculi
3441 1778 3557 1829 sta.

159 1869 311 1910 enim
350 1853 630 1911 moriens
664 1850 913 1911 dixisset
937 1850 1267 1911 Caesarius.
1302 1849 1428 1911 illeo
1457 1852 1661 1911 omnia
1686 1852 1818 1911 volo

159 1959 277 2001 esse
295 1940 872 2019 puuperum,t‘rater
894 1940 1054 1999 illius
1076 1938 1499 2017 Gregorius,ad
1522 1958 1697 2020 quem
1726 1947 1815 2000 to-

160 2041 209 2087 ta
230 2029 454 2090 domus
480 2028 833 2089 sollicitudo
852 2028 1075 2088 redibat
1093 2029 1274 2106 ,pinm
1303 2030 1649 2090 mandatum
1665 2048 1821 2089 sum-

161 2138 245 2177 ma
269 2118 575 2196 religione
602 2114 998 2197 ρει-[θώμεθηέ
1025 2118 1198 2177 simul
1217 2118 1492 2195 prodiere
1516 2136 1817 2177 commen-

157 2207 261 2265 titii
277 2207 536 2287 quidam
554 2205 1029 2282 creditores,qui
1047 2205 1357 2284 pecuniam
1373 2225 1404 2267 a
1421 2224 1487 2266 se
1501 2204 1816 2268 Caesarium

156 2296 470 2375 accepisse
504 2297 802 2356 dicerent.
842 2294 943 2354 His
975 2295 1168 2353 statim
1191 2295 1615 2357 numerabatur
1639 2296 1816 2370 quid-

159 2386 293 2465 quid
330 2386 650 2465 petebant,
684 2383 952 2459 quandiu
1001 2385 1107 2443 l'uit
1134 2384 1291 2444 unde
1326 2386 1817 2457 absolverentur;

162 2475 308 2534 unde
325 2473 663 2537 nonnullos
678 2472 1184 2552 pmnitebat,qnod
1206 2473 1335 2551 plus
1353 2493 1465 2533 non
1484 2492 1571 2552 pet
1585 2473 1816 2535 iisscnt.

160 2566 267 2624 Sed
290 2583 433 2623 cum
478 2561 753 2641 quotidie
787 2561 1080 2638 ejusmodi
1119 2561 1526 2639 sycophanta}.
1556 2562 1679 2621 sive
1712 2562 1822 2620 im-

156 2652 628 2732 probitate,sive
646 2664 765 2711 tem
778 2669 981 2729 porum
1001 2650 1237 2712 miseria
1254 2660 1818 2731 cogentepeterent,

166 2762 414 2803 necesse
432 2742 553 2803 fuit
568 2739 1139 2819 negareﬁepulsam
1159 2741 1822 2819 passilitesintulernnt,

162 2852 227 2892 ac
249 2832 618 2910 Gregorium
656 2829 716 2889 in
754 2829 1037 2889 maximas
1066 2848 1361 2890 aerumnas
1408 2831 1819 2909 conjecertint.

236 2922 517 2995 Basilius,
552 2920 653 2997 qui
677 2939 773 2978 res
791 2918 1073 2979 adversas
1095 2917 1364 2997 Gregorii
1388 2937 1524 2979 suas
1550 2919 1821 2999 proprias

160 3030 283 3071 esse
307 3010 600 3079 ducebat,
626 3008 1006 3067 commendat
1034 3007 1196 3067 illius
1223 3027 1453 3068 causam
1479 3008 1817 3087 Sophronia

1908 1842 2250 1906 tizerat.Nec
2279 1865 2422 1908 sane
2446 1849 2773 1911 verisimile
2799 1861 2887 1913 est
2904 1842 3344 1919 commen'titios
3365 1858 3556 1919 credi-

1909 1939 2084 2025 tores,
2097 1933 2199 2013 qui
2224 1935 2313 1995 his
2332 1935 2547 1998 litteris
2564 1941 2872 2002 materiam
2892 1944 3320 2025 dederunt,diu
3336 1945 3556 2009 otiosos

1907 2021 2164 2116 sedisse,
2199 2043 2267 2116 a_c
2302 2044 2417 2086 non
2455 2028 2651 2089 statim
2704 2032 3079 2094 occasionem
3113 2021 3457 2116 arripuisse.
3491 2035 3556 2099 In

1906 2112 2171 2202 carmine
2203 2112 2471 2193 Gregorii
2504 2116 2581 2178 de
2604 2117 2788 2180 rebus
2807 2120 2953 2195 suis,
2980 2124 3143 2202 quod
3166 2112 3305 2186 ante
3324 2143 3552 2187 annum

1906 2198 2020 2262 372
2045 2201 2322 2262 collocari
2348 2205 2696 2285 debet,qnia
2722 2208 2980 2270 nullaibi
3000 2198 3227 2274 mentio
3251 2231 3552 2276 aerumna-

1906 2305 2035 2348 rum
2062 2290 2520 2369 Sasimensium,
2544 2311 2663 2354 non
2690 2304 2882 2358 tamen
2905 2299 3085 2361 multo
3112 2314 3274 2377 ante,
3304 2303 3555 2383 quiaca-

1908 2395 2014 2436 nos
2037 2388 2092 2437 et
2113 2396 2287 2457 rugas
2312 2393 2762 2463 commemorat;
2789 2386 2849 2445 in
2868 2386 3557 2466 hoc,inquam,carmine

1908 2466 2229 2546 molestias,
2259 2486 2393 2547 quae
2422 2468 2619 2531 fratris
2652 2482 2900 2534 mortem
2935 2484 3155 2539 secutas
3179 2490 3337 2554 sunt,
3370 2480 3555 2542 inter-

1907 2555 2049 2647 dum
2086 2562 2148 2647 ut
2175 2558 2506 2647 praeteritas
2536 2560 2737 2634 deﬂet,
2764 2561 3066 2626 interdum
3102 2578 3161 2627 ut
3196 2577 3551 2647 prmsentes.

1912 2642 2026 2705 Sed
2090 2644 2213 2738 hoc
2261 2646 2415 2707 forte
2474 2647 2857 2711 tribuendum
2920 2642 3212 2716 carminis
3249 2657 3551 2738 licentiae;

1911 2741 2086 2812 atque
2138 2734 2366 2796 etiamsi
2423 2736 2684 2799 nondum
2743 2757 2899 2800 anno
2951 2740 3056 2803 371
3099 2744 3412 2807 defunctus
3463 2734 3556 2807 bis

1909 2825 2192 2912 germanis
2221 2824 2428 2885 fuisset
2458 2826 2821 2904 Gregorius;
2856 2848 2972 2890 non
3020 2830 3237 2894 idcirco
3287 2836 3553 2912 epistola

1908 2909 2109 2971 Basilii
2141 2913 2211 2972 ad
2249 2913 2358 2973 hoc
2389 2921 2625 2993 tempus
2655 2916 3010 2981 dill‘erendte
3042 2929 3260 2982 essent'
3297 2909 3401 2984 sed
3437 2942 3547 2984 ne-

1906 3001 2126 3076 gotium
2160 3002 2264 3063 diu
2299 3012 2655 3081 protractum
2693 3006 2878 3067 videri
2904 3008 3171 3072 deberet.

164 3104 319 3162 ubi;
349 3073 1044 3175 εουειδὶιιίηοροιδιεηιω
1096 3098 1393 3174 ριωῑρυιο,
1442 3073 1878 3159 Πειιὶυηδιιιειιδ
1913 3073 1930 3076 ’
1984 3073 2335 3151 νι.δυιυιιιῖς
2382 3092 2616 3153 tandem
2642 3095 3006 3172 gravissimis
3029 3100 3189 3161 curis
3210 3102 3549 3164 Basiliusad

157 3201 210 3251 et
236 3209 301 3251 se
332 3200 391 3250 et
422 3187 790 3267 Gregorium
818 3186 874 3245 in
901 3186 1197 3263 ejusmodi
1250 3186 1502 3263 negotiis
1555 3188 1819 3267 hospites
1903 3180 2278 3257 complexum
2312 3180 2559 3242 Eusebii
2590 3184 3024 3247 Samosatensis
3057 3192 3548 3270 properavitJam

163 3299 288 3340 esse
318 3289 381 3340 et
417 3278 818 3357 peregrinos;
878 3274 1263 3354 quamobrem
1313 3274 1638 3353 Saphronii
1674 3295 1817 3353 pru-
1904 3286 2034 3327 sese
2062 3270 2479 3347 hocpromisso
2504 3271 2901 3335 obstrinxerat
2930 3279 3229 3354 praeterito
3255 3299 3411 3342 anno
3438 3302 3455 3357 ;
3482 3301 3551 3345 ac

160 3370 375 3429 deutize
407 3363 796 3427 statuendum
824 3364 1126 3442 relinquit,
1154 3369 1310 3442 quoi
1339 3365 1633 3443 optimum
1660 3364 1816 3425 factu

160 3458 253 3530 sit,
277 3467 343 3517 ut
375 3456 472 3516 his
526 3452 820 3513 molestiis
876 3451 1227 3513 liberentur.
1258 3456 1542 3515 Craterum
1571 3464 1731 3532 rogat
1767 3463 1827 3515 ut

161 3566 227 3605 ea
256 3547 328 3605 dc
353 3564 423 3606 re
448 3552 742 3622 agatcmn
768 3542 984 3601 comite
1013 3542 1527 3621 thesaurorum,ac
1552 3541 1824 3621 Gregorii

162 3637 354 3696 verbis
383 3636 661 3694 declarat
715 3649 851 3691 eum
895 3641 1158 3710 paratum
1222 3649 1352 3691 esse
1407 3630 1696 3711 quidquid
1751 3632 1824 3692 de

164 3726 329 3785 bonis
360 3723 615 3786 Ca'sarii
655 3721 948 3801 reliquum
984 3727 1095 3793 est,
1131 3721 1340 3780 .ersrio
1374 3721 1616 3793 cedere,
1649 3722 1821 3781 modo

167 3828 460 3894 patronus
497 3812 699 3872 aerarii
732 3811 1089 3888 respondeat
1120 3810 1192 3869 iis
1224 3814 1318 3889 qui
1353 3809 1727 3889 adoriuntur,
1765 3817 1824 3873 et

170 3904 562 3983 probationes
591 3902 879 3980 requirat.

243 3997 303 4055 ln
338 3993 623 4055 eamdem
645 3994 864 4069 scripta
886 3992 1241 4050 sententiam
1264 3990 1513 4067 epistola
1536 4010 1819 4067 sequens,

168 4104 336 4165 quam
384 4085 590 4143 minus
622 4078 935 4140 commode
983 4075 1398 4139 Tillemontius
1454 4087 1515 4139 et
1565 4080 1662 4140 alii
1724 4098 1823 4140 re-

169 4180 363 4234 terunt
396 4174 471 4232 ad
505 4169 746 4248 negotia
776 4165 1058 4244 Gregorio
1091 4168 1357 4247 Nysseno
1386 4168 1647 4229 exhibita
1671 4188 1826 4230 anno

172 4264 305 4324 3'25.
341 4262 483 4336 Agit
515 4259 677 4319 enim
730 4259 804 4317 de
846 4255 1055 4317 iisdem
1098 4274 1341 4336 prorsus
1370 4257 1551 4318 rebus
1574 4276 1641 4319 ac
1675 4277 1824 4338 prae-

170 4353 419 4412 cedens.

250 4444 313 4503 In
340 4452 599 4519 utraque
622 4436 870 4517 epistola
893 4436 1463 4516 Gregoriusvocatur
1477 4436 1819 4516 episcopus,

176 4549 369 4611 neque
390 4530 504 4590 bac
530 4528 590 4587 in
612 4544 680 4588 re
702 4527 1041 4607 discrepant
1063 4525 1451 4605 manuscripti
1480 4525 1717 4586 codices
1746 4525 1822 4587 ab

178 4622 379 4681 editis.
430 4616 553 4680 Sed
584 4618 689 4678 bas
716 4634 892 4678 voces
924 4616 1174 4694 margini
1206 4615 1504 4696 appositas
1532 4615 1736 4695 fuisse,
1762 4623 1825 4675 ut

176 4710 469 4787 Tbeologi
502 4716 670 4788 pater
690 4706 1119 4784 designaretur,
1139 4725 1207 4766 ac
1235 4706 1375 4765 inde
1398 4704 1456 4764 in
1483 4713 1821 4765 contextum

179 4797 732 4882 irrepsissemnultis
746 4796 1038 4856 rationum
1057 4796 1372 4855 momentis
1387 4794 1670 4873 probatur
1699 4793 1827 4854 Non

182 4894 333 4952 enirn
377 4890 456 4949 de
489 4888 780 4964 Gregorio
812 4884 1088 4965 episcopo
1108 4883 1384 4962 agiturin
1416 4885 1506 4943 his
1538 4883 1823 4964 epistolis,

183 4984 281 5041 sed
310 4982 389 5040 de
417 4979 554 5057 ejus
578 4976 723 5049 ﬁlio,
754 4977 851 5055 qui
887 4974 1145 5034 nondum
1180 4974 1497 5052 episcopus
1529 4983 1676 5033 erat.
1707 4973 1830 5035 t°ls

184 5090 355 5151 quem
379 5066 766 5130 commendat
786 5064 1296 5143 Basilius,panper
1313 5072 1459 5141 erat,
1481 5062 1831 5151 jamdudum

186 5150 352 5220 sitan
375 5160 647 5239 quietam
673 5172 853 5233 agere
877 5160 1395 5227 statuerat,vetere
1416 5170 1549 5211 cum
1571 5150 1833 5231 Sophro-

191 5252 280 5309 nio
302 5246 648 5324 etAburgio
663 5242 925 5308 amicitia
945 5242 1304 5321 conjunctus
1326 5239 1617 5303 erat.Htec
1640 5251 1834 5302 autem

196 5339 432 5400 minime
451 5342 797 5418 congruunt
822 5331 1108 5411 Gregorio
1131 5331 1283 5409 patri
1307 5348 1452 5410 opes
1474 5349 1591 5391 non
1617 5329 1839 5391 medio-

276 5509 364 5589 (e)
392 5510 528 5574 Nu.
564 5526 665 5589 θρα
703 5504 808 5589 2.5-

272 5584 354 5669 (ὸ)
388 5591 523 5655 Nu.
554 5584 649 5654 or.
688 5584 792 5651 10.

455 5710 729 5773 Ρλτιοι..
776 5707 895 5771 GI.
944 5697 1163 5768 χχιχ.

1908 3375 2101 3417 moras
2124 3359 2364 3437 quidem
2389 3359 2577 3421 fames
2599 3371 2656 3420 et
2676 3363 2869 3423 morbi
2891 3374 2950 3425 et
2976 3365 3171 3427 hiems
3197 3369 3543 3437 attulerunt.

1910 3447 2011 3505 sed
2049 3464 2424 3540 nequaquam
2454 3450 3179 3540 consiliuminfregerunt,
3210 3469 3271 3517 ut
3294 3461 3550 3540 perspici

1909 3544 2099 3614 potest
2125 3554 2195 3596 ex
2227 3555 2291 3595 sn
2303 3538 2639 3615 perioribns
2662 3540 3154 3616 epistolisuuare
3171 3566 3286 3607 non
3299 3538 3548 3611 dubium

1909 3632 1998 3720 est
2018 3626 2158 3704 quin
2184 3626 2339 3704 quod
2371 3637 2483 3720 tam
2509 3641 2918 3720 asseveranter
2935 3634 3305 3712 promiserat,
3317 3646 3551 3720 tamque

1907 3715 2178 3775 sitienter
2212 3716 2646 3795 concupiverat,
2682 3717 2739 3777 id
2772 3738 2927 3780 anno
2958 3723 3075 3783 369
3104 3736 3418 3788 exsecutus
3449 3715 3545 3791 sit.

1910 3805 2200 3898 Prmterea
2252 3821 2342 3898 ex_
2384 3806 2557 3898 epist.
2623 3806 2722 3898 34,
2759 3827 2909 3898 quae
2942 3819 3082 3872 ante
3142 3814 3547 3898 episcopatum

1908 3896 2130 3971 scripta
2161 3903 2271 3967 est,
2306 3892 2585 3955 Basilium
2620 3896 2681 3956 in
2734 3896 2977 3959 Eusebii
3025 3892 3407 3980 congressum
3442 3926 3547 3968 ve-

1910 3984 2071 4044 nisse
2107 3984 2545 4062 cognoscimus.
2582 3988 2865 4046 Precatur
2907 3998 3064 4050 enim
3098 3989 3309 4069 Deum,
3348 4004 3409 4056 ut
3435 3996 3547 4058 sibi

1907 4072 2206 4165 dignetur
2250 4075 2471 4165 iter-um
2510 4074 2831 4153 perutilem
2883 4076 3143 4142 Eusebii
3162 4100 3543 4165 congressum

1909 4163 2245 4253 concedere.
2282 4160 2433 4223 llinc
2458 4165 2631 4253 etiam
2658 4165 2716 4226 in
2750 4186 2843 4244 ep.
2876 4169 3013 4248 157,
3040 4188 3170 4250 quae
3202 4160 3420 4253 scripta
3456 4185 3547 4239 est

1910 4268 2067 4311 anno
2092 4251 2207 4314 373
2229 4252 2600 4326 exeunte,sic
2620 4255 2944 4317 Eusebium
2972 4251 3546 4339 alloquiturzvouam

1851 4351 1892 4400 D
1909 4340 2156 4403 moleste
2171 4344 2384 4403 tulisse
2405 4359 2500 4403 nte
2515 4346 2886 4424 putas,quod
2916 4353 3018 4408 tuo
3046 4367 3370 4428 congressu
3389 4372 3546 4430 pra:-

1910 4436 2089 4492 terita
2109 4439 2317 4491 aestate
2338 4437 2637 4493 caruerim
2666 4433 2694 4493 .9
2710 4436 2905 4514 Atqui
2932 4454 3008 4496 ne
3026 4435 3167 4498 aliis
3182 4440 3419 4514 quidem
3436 4461 3545 4505 an-

1908 4524 2005 4581 nis
2039 4537 2392 4600 congressus
2438 4520 2580 4582 talis
2615 4526 2871 4597 exstitit,
2905 4527 3062 4587 mihi
3090 4535 3156 4590 ut
3197 4531 3543 4595 satietatem

1909 4610 2178 4689 afferret.
2204 4609 2529 4673 Eusebium
2550 4629 2692 4690 ergo
2712 4611 2957 4674 Basilius
2976 4634 3092 4676 non
3115 4618 3301 4680 semel
3321 4619 3549 4695 invisit;

1912 4702 2019 4761 sed
2041 4718 2171 4762 cum
2192 4700 2380 4761 semel
2415 4708 2636 4761 tantum
2675 4701 2734 4763 in
2768 4706 3109 4783 episcopatu
3136 4706 3248 4768 hoc
3268 4708 3381 4771 iter
3411 4731 3547 4775 sus-

1912 4790 2164 4869 ceperit,
2203 4807 2417 4868 nempe
2475 4808 2631 4850 anno
2687 4791 2826 4872 372,
2875 4792 3036 4853 aliud
3096 4796 3286 4875 primo
3346 4800 3549 4866 itineri

1913 4890 2147 4958 tempus
2176 4878 2595 4955 assignandum
2630 4890 2719 4941 est
2748 4890 2884 4942 ante
2907 4882 3343 4966 episcopatum.

1994 4972 2315 5062 Postquam
2345 4966 2525 5062 rediit
2541 4968 2793 5031 Basilius
2824 4972 2885 5062 in
2918 4973 3373 5062 Cappadociam,
3401 5001 3551 5045 nova

1918 5057 2220 5148 calamitas
2242 5056 2529 5148 Ecclesiis
2554 5061 2915 5148 supervenit,
2938 5080 3009 5124 ex
3040 5082 3159 5145 qua
3174 5056 3457 5148 majorem
3490 5072 3552 5134 in

1920 5150 2161 5209 modum
2186 5146 2497 5227 ingemuit.
2517 5146 2727 5209 Ariani
2756 5149 2918 5213 enim
2946 5146 3278 5219 Ecclesium
3295 5156 3553 5223 Tarsen-

1922 5256 2048 5301 sem
2073 5245 2512 5317 occupaverunt
2532 5237 2642 5317 (εἰ),
2678 5257 2797 5301 uno
2823 5259 2894 5302 ex
2926 5241 3051 5305 suis
3075 5249 3133 5306 in
3153 5245 3307 5309 hanc
3347 5249 3556 5319 sedem

1924 5328 2200 5409 imposito
2225 5333 2357 5407 post
2386 5334 2638 5388 mortem
2668 5326 2913 5408 Silvani,
2938 5333 3039 5411 qui
3071 5347 3206 5396 ante
3228 5335 3341 5401 iter
3363 5338 3562 5402 Basilii

2007 5495 2383 5659 a
