4068 6204
450 311 548 359 LVI

1783 294 2378 362 PROLEGOMENA.

453 436 780 498 Caesaream
807 428 1289 521 advolasse._Sed
1311 437 1505 521 tamen
1531 427 1675 521 nihil
1698 428 1973 521 videntur
1990 432 2097 521 hac
2121 444 2157 487 Α
2185 433 2372 521 Deum
2402 444 2700 514 precetur,
2752 435 2929 514 eique
2960 436 3200 516 quinam
3233 440 3418 516 magis
3447 441 3651 504 idonei
3692 440 3834 521 sint,

448 525 509 586 in
532 542 601 586 re
630 529 849 602 prater
880 538 1107 581 morem
1138 515 1523 598 Cappadocia
1543 516 1780 579 fecisse.
1816 517 1977 581 Idem
2007 520 2099 581 le-

449 624 662 677 cerunt
692 631 849 675 anno
882 610 1023 692 373,
1048 626 1182 671 cum
1214 607 1396 669 falsus
1426 611 1503 668 de
1530 606 1730 669 Basilii
1755 617 1943 670 morte
1988 628 2094 670 ru-

451 723 581 766 mor
612 703 823 764 allatus
858 707 1041 774 esset,
1077 706 1143 760 ut
1173 696 1564 777 perspicimus
1586 714 1659 759 ex
1682 697 1929 777 epistola
1957 698 2093 779 141,

447 813 506 857 n.
543 794 607 856 2.
642 796 835 856 Nemo
859 807 1000 851 sane
1026 786 1243 849 dixerit
1276 795 1418 848 tunc
1448 804 1550 848 eos
1584 784 1799 848 litteris
1829 788 1974 849 cleri
1996 808 2091 849 vo-

448 893 609 946 catos
636 882 843 944 fuisse.

527 973 817 1038 Curidem
845 976 1076 1032 mortuo
1092 965 1352 1028 Eusebio
1375 966 1618 1027 credam
1643 966 2092 1046 evenisse,pr.'e-

447 1077 537 1129 ter
564 1060 963 1127 testimonium
997 1056 1264 1133 Gregorii
1290 1055 1793 1132 Nazianzeni,quo
1807 1056 1928 1134 jam
1952 1076 2092 1118 usus

444 1175 601 1229 sum,
626 1151 785 1215 aliud
806 1149 1055 1212 rationis
1079 1154 1447 1208 momentum
1472 1146 1860 1225 suppeditant
1883 1146 2093 1208 littera

442 1243 713 1322 Gregorii
772 1238 1039 1318 episcopi
1068 1236 1141 1297 ad
1178 1235 1421 1297 eosdem
1454 1236 1787 1314 episcOpos.
1830 1236 1902 1297 Hi
1928 1236 2087 1297 enim

445 1332 798 1413 Gregorium
819 1332 1145 1393 Casaream
1170 1325 1530 1413 advocarunt
1555 1325 1777 1403 (a),sed
1804 1333 1918 1385 tam
1948 1344 2085 1405 per-

445 1412 765 1494 functorie,
804 1428 866 1480 ut
896 1435 1009 1479 nec
1032 1416 1241 1477 adesse
1272 1412 1439 1476 illum
1474 1422 1752 1494 oportere
1781 1415 2083 1491 significa-

443 1522 603 1587 rent,
640 1529 751 1572 nec
773 1526 885 1589 qua
913 1508 988 1568 de
1018 1524 1103 1577 re,
1133 1512 1233 1565 aut
1264 1522 1381 1582 quo
1447 1512 1738 1582 tempore.
1777 1505 2084 1566 Permole—

442 1611 598 1663 stum
632 1601 689 1661 id
724 1600 827 1659 fuit
860 1596 1086 1676 optimo
1119 1592 1249 1655 seni
1278 1614 1290 1649 :
1324 1600 1382 1653 at
1441 1592 1707 1671 profecto
1771 1593 2082 1654 molestum

441 1708 574 1753 esse
598 1708 715 1750 non
742 1684 1068 1758 debuisset,
1106 1683 1156 1744 si
1182 1683 1304 1761 jam
1358 1680 1548 1754 illum,
1604 1680 1811 1741 itidem
1843 1690 1903 1742 ut
1937 1682 2083 1742 alios

2175 520 2567 600 judicandum
2600 523 2923 604 relinquat.
2953 525 3082 585 Non
3112 526 3284 586 modo
3311 527 3423 587 sibi
3445 528 3678 591 videtur
3696 530 3836 594 Gre-

2179 611 2381 689 gorius
2414 612 2525 673 hac
2554 611 2684 693 lege
2710 630 2826 674 non
2858 611 3173 689 obstringi,
3209 616 3313 676 sed
3349 618 3532 679 etiam
3559 620 3838 683 Ecclesia

2180 699 2532 762 Casariensi
2550 719 2619 762 ac
2637 702 2937 781 episcopis
2963 702 3178 763 minari
3204 723 3322 764 non
3346 705 3603 787 dubitat,
3626 729 3691 769 se
3719 729 3833 772 non

2177 788 2663 864 adfuturum,nec
2678 790 3026 870 participem
3053 809 3256 853 eorum
3281 796 3515 857 consilii
3536 798 3826 874 futurum,

2176 877 2226 938 si
2252 896 2357 938 sua
2391 898 2509 939 non
2542 879 2737 939 vincat
2767 879 3085 953 sententia,
3120 882 3167 941 si
3200 901 3377 962 quem
3402 885 3583 947 alium
3612 888 3826 951 Basilio

2177 968 2511 1046 praferant.
2540 967 2690 1029 Huic
2727 978 2924 1029 autem
2957 969 3171 1047 agendi
3203 971 3422 1034 rationi
3468 993 3585 1037 non
3645 977 3818 1039 modo

2174 1057 2350 1117 venia
2375 1056 2648 1137 debetur,
2676 1058 2780 1117 sed
2809 1058 2988 1120 etiam
3026 1061 3148 1119 laus
3182 1060 3456 1129 maxima,
3486 1064 3661 1144 eique
3686 1067 3817 1145 pal-

2176 1162 2328 1205 mam
2362 1146 2462 1206 dat
2492 1144 2814 1224 Gregorius
2859 1146 3015 1207 tilius
3048 1147 3131 1226 (tl)
3178 1149 3335 1210 inter
3364 1160 3578 1213 catera
3637 1144 3819 1233 patris

2176 1235 2461 1313 praclare
2493 1236 2663 1296 facta.
2692 1236 2839 1296 Nam
2865 1253 2997 1295 cum
3023 1236 3291 1297 omnium
3325 1239 3399 1299 de
3416 1238 3619 1303 Basilii
3644 1243 3819 1306 virtu«

2173 1322 2330 1383 tibus
2353 1324 2583 1402 judicia
2606 1324 3042 1402 consentirent,
3059 1342 3126 1386 ac
3142 1326 3277 1388 luce
3294 1327 3516 1390 clarius
3540 1343 3794 1394 essetne
3816 1371 3822 1376 -

2174 1412 2393 1473 minem
2425 1413 2605 1475 alium
2633 1413 2762 1473 sine
2787 1432 3021 1473 summo
3047 1413 3243 1492 legum
3276 1417 3816 1483 ecclesiasticarum

2169 1511 2514 1583 contemptu
2570 1502 2711 1577 eligi
2747 1519 2962 1581 posse;
2997 1501 3319 1581 Gregorius
3350 1525 3421 1567 eo
3446 1513 3565 1569 tam
3601 1514 3821 1575 acriter

2169 1590 2546 1652 defendendo
2582 1610 2693 1653 nec
2721 1593 2857 1670 jura
2887 1610 2997 1651 nec
3031 1591 3364 1656 libertatem
3397 1598 3813 1678 suffragiorum

2166 1680 2503 1749 attentabat,
2540 1681 2643 1741 sed
2682 1681 2875 1759 potius
2906 1699 2938 1741 a
2971 1680 3325 1745 factionibus
3347 1693 3405 1745 et
3435 1690 3811 1768 praposteris

440 1779 773 1857 episcopos,
804 1776 880 1836 de
914 1790 1077 1833 more
1108 1770 1308 1832 clerus
1355 1768 1682 1830 invitasset.
1726 1770 1890 1831 Tunc
1921 1771 2077 1831 enim
2107 1769 2377 1850 Bstudiis
2436 1771 2507 1829 ad
2569 1770 2991 1832 ecclesiastica
3064 1772 3330 1835 utilitatis
3387 1776 3805 1855 cogitationem

442 1885 689 1929 necesse
719 1883 836 1926 non
868 1864 1097 1935 fuisset,
1127 1868 1191 1921 ut
1219 1857 1600 1920 clerilitteris
1615 1857 1834 1921 addita
1853 1859 2079 1939 epiSCo-

440 1976 644 2040 porum
682 1957 893 2017 littera
940 1950 1172 2029 singula
1219 1956 1491 2040 accurate
1547 1957 2072 2040 persequerentur.

519 2046 592 2111 II.
627 2050 773 2110 Cum
807 2042 1166 2124 pravideret
1184 2037 1557 2100 venerandus
1589 2055 1795 2111 senex,
1830 2038 1886 2098 id
1917 2042 2072 2118 quod

438 2156 547 2199 usu
580 2136 797 2209 evenit,
832 2132 993 2194 varia
1015 2131 1323 2191 hominum
1350 2126 1546 2187 studia
1566 2126 1627 2186 in
1650 2124 1924 2205 eligendo
1948 2130 2039 2207 epi

434 2243 618 2306 scopo
635 2226 852 2297 futura,
875 2221 1138 2284 declarat
1154 2218 1231 2294 (ὁ)
1250 2216 1552 2297 episcopis
1572 2216 1872 2306 neminem
1893 2236 1959 2279 se
1980 2218 2053 2279 ha

447 2305 611 2395 bere,
647 2331 825 2391 quem
860 2309 1078 2373 Basilio
1113 2307 1395 2389 praferre
1428 2305 1637 2395 possit,
1689 2306 1816 2367 viro
1848 2316 1904 2366 et
1950 2306 2081 2367 vita

431 2394 745 2468 sanctitate
776 2410 837 2464 et
865 2400 1148 2462 doctrina
1169 2394 1506 2478 prastantia
1528 2394 1703 2474 longe
1732 2413 1912 2474 super
1933 2395 2077 2457 alios

433 2513 641 2556 omnes
674 2489 1002 2555 eminenti:
1065 2504 1177 2549 nec
1208 2486 1368 2547 illius
1399 2483 1669 2565 corporis
1703 2483 2074 2547 debilitatem

432 2584 674 2645 obstare
715 2581 981 2654 debere;
1015 2594 1150 2639 cum
1205 2575 1526 2658 episcopus
1579 2586 1902 2655 quaratur,
1958 2594 2073 2636 non

431 2674 675 2755 athleta,
715 2691 782 2733 ac
815 2678 1103 2752 praterea
1130 2666 1238 2729 Dei
1267 2665 1452 2755 virtus
1481 2664 1545 2724 in
1576 2664 1873 2755 ejusmodi
1906 2664 2044 2755 inlit-

429 2765 632 2826 mitate
651 2752 1211 2824 eluceat.Promittit
1230 2773 1297 2817 se
1325 2753 1689 2828 adfuturum,
1724 2752 1775 2812 si
1802 2752 1912 2813 hoc
1944 2754 2045 2812 suf

424 2851 672 2931 fragium
704 2849 1094 2931 recipiant,ac
1119 2862 1360 2925 operam
1386 2842 1474 2905 eis
1522 2841 1798 2931 daturum
1829 2841 1921 2931 vel
1952 2847 2039 2931 spi

2164 1858 2427 1919 omnium
2459 1858 2689 1920 animos
2718 1859 3059 1921 revocabat.

2242 1945 2360 2008 Has
2383 1948 2568 2026 patris
2590 1948 2816 2009 litteras
2841 1949 3401 2029 indicatGregorius
3428 1956 3665 2034 (egcum
3692 1960 3801 2021 ait:

2164 2037 2431 2098 Litteras
2450 2036 2767 2116 scribebat,
2794 2041 3092 2105 monebat.
3114 2040 3397 2120 populum
3424 2049 3805 2116 conciliabat.

2160 2126 2521 2218 sacerdotes,
2555 2144 2687 2218 cum
2720 2126 2901 2218 alios,
2934 2136 3060 2188 tum
3088 2147 3183 2218 eos
3214 2136 3320 2209 qui
3369 2135 3585 2195 altaris
3639 2147 3809 2218 sunt,

2162 2213 2593 2294 obtestabatur,
2623 2214 3004 2296 decernebat,
3026 2217 3351 2281 ordinabat
3377 2223 3551 2284 etiam
3576 2213 3809 2299 absens,

2161 2304 2545 2394 canitieisuaa
2565 2301 2672 2363 hoc
2699 2304 2904 2394 dabat,
2940 2315 3004 2364 ut
3035 2307 3198 2385 apud
3219 2310 3480 2391 alienas,
3516 2319 3805 2394 tanquam

2160 2393 2329 2469 apud
2358 2410 2501 2454 suos
2526 2393 2892 2454 auctoritate
2927 2402 3227 2459 uteretur.
3261 2397 3487 2469 Quibus
3514 2419 3582 2462 ex
3613 2393 3808 2465 verbis

2160 2480 2361 2560 colligi
2393 2481 2575 2561 possit
2598 2500 2718 2541 non
2753 2481 2904 2542 duas
2933 2491 3210 2545 tantuma
3264 2498 3468 2549 sancto
3491 2508 3659 2563 sene,
3693 2494 3799 2554 sed

2162 2572 2361 2651 plures
2382 2571 2527 2631 alias
2562 2571 2844 2633 Ecclesia
2894 2570 3242 2635 Casariensi
3273 2577 3529 2658 scriptas
3588 2581 3794 2646 fuisse.

2157 2660 2481 2751 Yidebatur
2502 2661 2651 2722 hanc
2670 2662 2745 2751 ab
2766 2680 2834 2722 eo
2866 2660 3333 2726 sollicitudinem
3346 2686 3593 2745 poscere
3614 2671 3797 2751 hujus

2152 2748 2435 2811 Ecclesia
2463 2759 2671 2812 status.
2705 2750 2844 2811 Erat
2873 2753 3032 2812 enim
3067 2770 3273 2831 magna
3308 2757 3645 2820 animorum
3674 2748 3793 2822 dis-

2151 2840 2373 2902 sensio.
2392 2839 2671 2902 Basilium
2696 2839 2973 2901 omnibus
2993 2843 3795 2920 praeferebantselectissima

431 2928 550 3003 ritu
581 2942 671 3003 vel
695 2928 970 3020 corpore:
1006 2936 1098 2996 sin
1128 2942 1328 2996 autem
1382 2932 1562 2993 certis
1620 2929 2066 3020 conditionibue
2153 2939 2210 2989 et
2242 2928 2558 3020 purissima
2589 2947 2725 3020 pars
2784 2929 3009 3009 populi,
3041 2931 3355 2994 universus
3383 2935 3584 2999 clerus
3611 2948 3667 2999 et
3696 2958 3798 3001 as-

424 3032 517 3094 via
548 3016 915 3111 capessenda
937 3026 1036 3106 sit,
1075 3042 1140 3085 ac
1170 3023 1698 3111 factionescontra
1728 3018 2059 3097 aequitatem
2089 3105 2120 3111 _
2150 3025 2293 3111 ccta
2324 3038 2342 3111 ξ
2368 3016 2472 3078 sed
2509 3016 3358 3111 invidebantetoppugnabant
3384 3024 3790 3103 magistratus,

420 3105 778 3197 conﬂentur,
807 3115 1143 3193 gavisurum
1177 3130 1242 3171 se
1272 3110 1427 3190 quod
1461 3107 1637 3197 fuerit
1662 3115 2055 3197 contemptus.
2082 3105 2123 3153 Ο
2145 3124 2213 3197 ac
2245 3106 2455 3197 infima
2475 3105 2663 3197 plebis
2681 3106 3065 3197 perditissimi
3083 3110 3306 3190 quique
3328 3132 3461 3173 cum
3485 3115 3796 3194 magistra-

498 3193 836 3271 Honoritice
857 3204 1129 3267 invitatus
1151 3200 1223 3261 ab
1250 3197 1519 3259 Ecclesia
1545 3195 1894 3259 Casariensi
1916 3195 2036 3259 Gre
2143 3193 2302 3285 tibus
2324 3194 2649 3275 conjuncti,
2687 3203 2775 3285 et,
2822 3196 2981 3285 quod
3018 3197 3278 3260 inimicis
3333 3193 3641 3281 religionis
3684 3206 3793 3285 jo-

422 3298 622 3378 gorius
658 3300 727 3375 lc)
759 3297 1126 3358 demonstrat
1183 3285 1672 3378 Casariensibus,
1735 3286 1936 3378 quanti
1968 3286 2061 3378 sit

421 3374 713 3450 momenti
730 3384 938 3447 electio
952 3379 1381 3463 episcopi,cum
1396 3375 1455 3437 in
1474 3374 2055 3458 omnibusEcclesiis,

421 3488 542 3540 tum
577 3476 831 3538 maxime
862 3476 921 3533 in
962 3468 1306 3533 Casariensi
1364 3466 1611 3527 aliarum
1659 3464 2055 3528 Ecclesiarum

423 3566 952 3629 matre.Summum
976 3559 1266 3639 signiﬁcat
1296 3555 1569 3618 veniendi
1599 3554 1795 3625 adeos
1826 3554 2055 3617 deside-

418 3661 596 3732 rium,
622 3658 670 3718 si
707 3673 810 3737 per
845 3650 1119 3714 morbum
1145 3657 1203 3711 et
1223 3647 1455 3737 senium
1478 3644 2052 3737 liceat;sed_interim

420 3750 679 3810 declarat
704 3732 774 3807 ex
799 3744 938 3804 viris
969 3739 1302 3822 principatu
1326 3736 1701 3815 (iignis,quos
1726 3732 2055 3797 inEcclesia

416 3837 763 3901 Casariensi
796 3834 997 3915 plures
1031 3848 1163 3891 esse
1195 3846 1310 3888 non
1374 3826 1692 3905 inficiatur,
1748 3827 2050 3915 neminem

410 3927 633 3990 Basilio
668 3912 932 4006 praferri
954 3919 1176 3980 debere
1202 3936 1215 3989 ;
1247 3933 1504 3991 eumque
1527 3931 1725 3975 coram
1748 3912 1868 4006 Deo
1899 3922 2052 4006 teste

414 4003 713 4080 asseverat
736 4024 792 4076 et
813 4013 941 4073 vita
970 4017 1027 4070 et
1054 4008 1340 4068 doctrinae
1361 4005 1671 4064 sanctitate
1709 4004 1798 4065 vel
1832 4003 2047 4081 solum,

407 4112 495 4170 vel
528 4107 791 4170 omnium
823 4100 1076 4163 maxime
1099 4104 1297 4177 aptum
1323 4092 1588 4173 esse,qui
1607 4092 1935 4155 Ecclesiam
1957 4091 2050 4152 his

417 4194 856 4259 molestissimis
910 4186 1276 4268 temporibus
1305 4182 1617 4261 gubernet.
1674 4182 1872 4261 Atque
1926 4182 2051 4243 hac

413 4287 626 4352 scribit
649 4286 811 4346 clero
839 4291 898 4343 et
926 4274 1249 4354 monachis,
1277 4270 1647 4334 ethonoratis
1672 4290 1738 4333 ac
1784 4271 1964 4332 curia
1994 4280 2052 4333 et

408 4379 694 4439 universa
728 4370 909 4455 plebi.
948 4367 1012 4431 Si
1045 4365 1157 4428 sibi
1216 4362 1635 4455 assentiantiir,
1680 4368 1860 4441 atque
1889 4361 2048 4455 _hac

2141 3284 2317 3347 candi
2349 3284 2655 3345 materiam
2686 3283 2882 3351 dabat.
2919 3284 3035 3365 ipsi
3060 3286 3240 3348 etiam
3272 3291 3564 3371 episcopi.

2220 3372 2358 3433 Erat
2388 3392 2531 3435 sane
2555 3373 2965 3444 metuendum,
2994 3393 3069 3436 ne
3090 3377 3327 3457 Ariani,
3359 3380 3464 3455 qui
3485 3399 3643 3443 anno
3666 3382 3787 3443 365

2142 3464 2422 3528 Ecclesia
2443 3465 2796 3527 Casariensi
2819 3466 3067 3527 insidias
3088 3471 3793 3551 struxerant,dissensio-

2144 3554 2317 3616 nibus
2344 3556 2711 3619 laborantem
2745 3564 3108 3635 occuparent
3133 3565 3192 3618 et
3214 3562 3794 3635 everterent.Quare

2139 3643 2462 3726 Gregorius
2489 3664 2626 3707 cum
2653 3645 2917 3707 nondum
2941 3645 3155 3708 adesse
3185 3658 3484 3727 posset,ac
3508 3650 3791 3732 prasidio

2139 3753 2254 3795 non
2306 3734 2593 3796 mediocri
2630 3747 2866 3813 tempus
2899 3751 3075 3813 egere
3117 3734 3481 3814 intelligeret
3515 3740 3621 3820 (ἶ),
3655 3759 3790 3802 ma-

2136 3841 2315 3902 gnum
2348 3842 2421 3886 ex
2444 3823 2691 3889 Oriente
2717 3823 2920 3884 lumen
2941 3825 3210 3905 accersit,
3233 3824 3296 3889 S.
3322 3825 3648 3889 Eusebium
3674 3832 3790 3893 Sa-

2138 3922 2534 3993 mosatenum,
2598 3913 2796 3974 missis
2858 3932 2964 3993 per
3021 3912 3395 3977 Eustathium
3465 3917 3786 3980 diaconum

2135 4000 2371 4074 litteris,
2406 4003 2464 4063 in
2512 4000 2728 4083 quibus
2758 4002 3130 4065 demonstrat
3165 4015 3385 4085 quanto
3417 4020 3694 4069 versetur
3722 4010 3785 4069 in

2140 4091 2403 4170 periculo
2426 4092 2809 4155 Casariensis
2828 4090 3411 4175 Ecclesia,rogatque
3429 4106 3495 4159 ut
3509 4095 3668 4158 illius
3685 4116 3791 4159 ve-

2139 4181 2258 4242 niat
2278 4181 2521 4256 auxilio,
2553 4199 2623 4243 ac
2653 4180 2966 4243 exantlatis
3010 4199 3115 4262 pro
3153 4183 3420 4247 Ecclesia
3478 4185 3789 4249 laboribus

2136 4271 2291 4333 hunc
2316 4271 2493 4333 etiam
2515 4270 2777 4350 adjiciat.
2803 4272 3097 4332 Caterum
3120 4272 3344 4335 habere
3369 4292 3435 4336 se
3453 4292 3572 4354 pra
3593 4276 3787 4339 oculis

2132 4360 2344 4435 virum,
2370 4361 2483 4442 ipsi
2510 4358 2766 4423 Eusebio
2788 4378 2907 4422 non
2929 4360 3409 4442 ignotum,quem
3435 4365 3493 4427 si
3509 4364 3787 4429 obtinere

411 4468 621 4529 vicerit
642 4449 958 4534 sententia,
994 4455 1313 4539 pollicetur
1340 4469 1405 4512 se
1432 4450 1773 4512 adfuturum
1813 4450 2046 4531 spiritu.
2080 4464 2118 4511 υ
2134 4468 2473 4529 possumus,
2510 4449 2723 4529 inquit,
2751 4452 2873 4511 scio
2918 4453 3322 4529 ac‘quisituros
3350 4472 3455 4514 nos
3485 4474 3776 4531 magnam

391 4558 638 4635 jamque
665 4556 726 4615 in
755 4560 1130 4615 antecessum
1163 4560 1373 4635 manus
1392 4540 1731 4635 imponere:
1759 4539 1855 4600 sin
1870 4540 2034 4635 aliud

397 4630 699 4725 quidpiam
731 4642 849 4704 illis
878 4640 1129 4721 placeat,
1156 4652 1222 4697 ac
1242 4630 1514 4725 sodalitia
1543 4638 1604 4692 et
1635 4630 2036 4725 cognationes

396 4718 647 4812 vigeant,
674 4740 775 4792 aut
804 4718 1143 4811 promiscua
1172 4721 1342 4812 turba
1377 4738 1590 4812 parum
1635 4719 1747 4781 loci
1803 4718 2034 4797 legibus

396 4811 812 4884 ecclesiasticis
840 4818 1156 4896 relinquat,
1183 4811 1531 4893 participem
1551 4827 1617 4872 se
1644 4826 1851 4871 eorum
1882 4827 2029 4871 con-

392 4912 511 4974 silii
533 4930 651 4973 non
675 4911 962 4971 futurum.

476 5003 609 5064 Non
632 4997 856 5080 putavit
886 4993 1205 5072 Gregorius
1257 4987 1697 5080 observandum
1755 5004 1888 5080 esse
1919 4988 2032 5080 hoc

2120 4543 2285 4617 apud
2320 4541 2510 4602 Deum
2545 4539 2870 4618 ﬁduciam,
2904 4546 3084 4617 atque
3106 4544 3173 4603 in
3191 4543 3503 4622 populum,
3529 4548 3634 4622 qui
3661 4563 3778 4606 nos

2118 4629 2460 4708 advocavit,
2495 4629 2851 4705 bene/icium
2880 4632 3219 4692 maximum
3245 4632 3602 4694 collaturus.
3623 4635 3773 4696 Hor-

2120 4728 2274 4777 tatur
2308 4726 2367 4777 ut
2394 4718 2585 4797 ruptis
2611 4716 2889 4778 omnibus
2912 4720 3097 4780 moris
3131 4720 3510 4783 incommoda
3552 4721 3771 4785 hiemis

2116 4813 2465 4868 antevertat.
2502 4804 2664 4867 Hanc
2694 4806 3031 4887 epistolam,
3070 4827 3200 4888 qua
3248 4810 3406 4870 inter
3433 4809 3768 4874 Basilianas

2116 4896 2440 4975 reperitur,
2471 4914 2644 4955 nemo
2674 4896 2797 4974 jam
2826 4894 2952 4957 fere
2986 4906 3099 4979 est,
3133 4900 3234 4978 qui
3266 4897 3551 4978 Gregorio
3582 4904 3726 4963 resti
3748 4942 3768 4950 -

2118 4985 2397 5045 tuendam
2432 5003 2548 5044 non
2582 4984 2854 5047 fateatur.

393 5074 712 5167 loco,quod
741 5085 994 5149 Basilius
1025 5082 1230 5143 utilius
1258 5099 1324 5143 ac
1356 5077 1538 5173 satius
1569 5095 1704 5138 esse
1743 5076 1919 5137 docet
1967 5078 2026 5138 in
2196 5074 2472 5173 Accurrit
2497 5077 3556 5173 sanctus“martyriqCappad‘ociam;
3584 5080 3774 5173 idque

391 5164 715 5261 cpia—290,
751 5185 812 5237 ut
841 5175 998 5236 dicto
1023 5170 1363 5232 testimonio
1382 5168 1574 5230 studia
1602 5170 1875 5266 vitentur,
1911 5184 2022 5266 nec
2113 5173 2280 5266 certo
2308 5164 2531 5264 scimus
2557 5184 2634 5266 [er
2667 5164 2926 5266 cpistgla
3058 5166 3376 5266 Basilii,‘et
3409 5169 3782 5266 “testimo-

388 5250 709 5351 quisquam
748 5264 1089 5335 contendat,
1127 5269 1190 5320 ut
1216 5278 1320 5321 sua
1352 5261 1547 5320 vincat
1573 5257 1894 5336 sententia,
1917 5256 2021 5318 sed
2108 5253 2209 5315 nio
2242 5250 2515 5332 Gregorii
2547 5253 2669 5334 (g),
2705 5253 2804 5334 qui
2828 5251 3121 5332 Spiritum
3153 5263 3420 5317 sanctum
3451 5254 3523 5317 ab
3558 5264 3786 5322 exteris

460 5442 541 5507 tu)
572 5427 711 5493 ΝΜ.
740 5446 836 5508 ep.
860 5425 961 5488 93.

459 5512 548 5591 (b)
577 5511 783 5591 ibid.“

2184 5423 2261 5492 te)
2287 5413 2441 5480 Ibid.

2298 5494 2615 5591 Basil‘.“ep.
2648 5494 2747 5557 47.

2194 5585 2277 5658 (g)
2304 5575 2408 5641 0r.
2441 5574 2541 5636 20.

456 5595 555 5755 ἓὲὀ
570 5589 679 5739 ﬁt;
715 5588 818 5735 i3:
