4068 6204
1634 284 1813 353 VITA
1857 289 1919 351 8.
1974 290 2275 354 BASILII.
3521 312 3644 363 LVII

248 422 609 503 regionibus
631 423 790 486 viros
808 424 1031 505 pietate
1049 423 1244 486 claros
1276 431 1334 487 et
1352 425 1481 488 zelo
1504 425 1821 504 ﬂagrantes
1835 421 1907 485 ad
1931 431 1967 481 Α
1993 421 2303 488 conﬂasse.
2341 421 2444 485 sed
2493 424 2617 503 jam
2649 431 2823 486 antea
2868 426 3192 487 conﬂatum
3228 429 3641 492 confirmasse.

248 513 599 592 ungendum
625 513 910 576 Basilinm
930 512 1218 575 excitasse
1232 512 1642 577 testatur.Non
1662 511 1908 574 dubium
1992 509 2121 573 Non
2138 530 2276 592 ergo
2302 513 2693 575 interfuerant
2715 514 3100 595 ordinationi,
3123 534 3235 577 nec
3254 517 3474 579 Basilio
3510 537 3638 580 ma-

246 604 507 681 estquin
529 603 680 665 tanti
701 602 842 664 ﬁdei
865 602 1202 665 defensoris
1216 605 1531 683 praesentia
1557 602 1751 663 lucem
1779 601 1911 663 red-
1994 619 2106 663 nus
2137 601 2564 683 imposuerant,
2609 622 2719 665 nec
2751 623 2887 665 cum
2934 623 3005 666 eo
3031 607 3638 671 communicaveraut.

248 691 472 753 diderit
493 691 783 754 Ecclesiae
815 691 1259 772 Caesariensi,et
1281 693 1499 754 multos
1532 711 1598 754 ex
1625 692 1808 765 curia,
1844 710 1912 753 ac
1998 692 2236 754 Pondus
2266 692 2431 753 adilit
2459 694 2596 754 huic
2624 694 2935 755 sententiae
2965 712 3170 755 eorum
3202 694 3473 758 Caesarea
3504 705 3641 759 ante

244 776 397 842 forte
429 783 614 843 etiam
645 801 716 842 ex
744 781 891 861 ipsis
914 780 1213 862 episcopis
1232 780 1307 842 ad
1335 781 1633 843 saniorem
1663 787 1911 843 senten—
1996 778 2317 842 Eusebium
2352 782 2665 844 discessio.
2700 781 2816 846 Cur
2847 783 3006 845 enim
3030 782 3345 860 Eusebius,
3375 786 3471 847 cui
3504 786 3639 847 lon-

244 870 383 931 tiam
408 870 754 933 adduxerit.
781 868 927 931 Nam
968 878 1217 932 testatur
1244 868 1569 949 Gregorius
1596 870 1685 951 (α)
1715 868 1909 948 Spiri-
1995 885 2135 946 gum
2165 870 2277 931 iter
2308 872 2712 950 peragendum
2739 874 3092 947 erat,serius
3114 882 3311 935 tamen
3345 894 3515 954 quam
3543 874 3639 935 isti

247 968 368 1020 tum
395 969 674 1022 sanctum
698 959 935 1022 abunde
959 960 1189 1021 vicisse.
1215 960 1335 1022 Sed
1356 968 1555 1021 tamen
1588 959 1746 1021 illius
1778 978 1909 1020 mo-
1995 958 2291 1039 discessit,
2343 961 2453 1022 nisi
2504 960 2641 1038 quia
2688 980 2822 1024 sese
2874 972 3295 1042 proruperunt,
3329 964 3525 1025 statim
3570 982 3640 1025 ac

247 1048 385 1110 uitis
416 1058 480 1109 et
515 1048 852 1110 hortatibus
895 1048 1097 1129 plures
1150 1048 1417 1129 episcopi
1472 1067 1587 1109 non
1638 1048 1912 1110 videntur
1996 1047 2179 1109 victos
2196 1066 2260 1109 se
2280 1068 2412 1111 esse
2433 1050 2754 1114 viderunt?
2775 1051 2923 1113 Illud
2949 1051 3124 1112 etiam
3148 1061 3496 1131 argumento
3521 1059 3635 1125 est,

245 1138 534 1201 cessisse.
566 1136 714 1199 Nan:
748 1156 883 1199 cum
906 1155 1116 1199 eorum
1151 1138 1529 1218 numero,qui
1560 1137 1907 1218 episcopum

246 1230 679 1311 proclamaturi
727 1238 917 1305 erant,
975 1246 1129 1289 unus
1176 1231 1419 1291 deesset
1449 1230 1524 1290 ad
1559 1230 1906 1291 canonicam

243 1320 639 1400 electionem,
675 1318 949 1381 Nazianzi
976 1317 1293 1399 episcopus
1318 1317 1401 1398 (ὁ)
1436 1336 1552 1378 non
1580 1318 1773 1379 solum
1805 1336 1906 1379 se-

243 1418 511 1481 nectute,
550 1409 655 1470 sed
702 1408 876 1469 etiam
932 1406 1139 1468 morbo
1208 1407 1453 1481 fractus,
1526 1408 1908 1486 animamque

240 1519 451 1579 agens,
484 1502 601 1561 iter
639 1498 883 1579 aggredi
928 1518 1048 1559 non
1080 1497 1393 1571 dubitavit,
1428 1507 1489 1559 ut
1541 1498 1764 1560 calculo
1794 1518 1902 1561 suo

1996 1136 2223 1215 insigne
2252 1139 2480 1219 aliquid
2509 1141 2617 1201 hos
2662 1140 2973 1221 episcopos
3003 1141 3242 1212 fecisse,
3271 1143 3426 1220 quod
3459 1143 3638 1221 hujus

1992 1226 2383 1288 dissensionis
2409 1235 2551 1291 totae
2572 1229 2838 1292 civitates
2861 1239 2919 1291 et
2943 1230 3141 1310 populi
3169 1231 3486 1310 participes
3514 1232 3639 1293 fue-

1990 1319 2411 1397 runt,ejusque
2437 1318 2594 1379 fama
2613 1319 2685 1380 ad
2705 1327 2961 1380 remotas
2983 1318 3313 1399 provincias
3336 1321 3631 1400 pervenit,

1991 1412 2049 1465 ut
2080 1416 2288 1485 postea
2319 1406 2809 1471 videbimus.Non
2836 1428 2983 1488 opus
3013 1417 3101 1470 est
3132 1409 3330 1472 verbis
3359 1410 3637 1472 refellere

1991 1494 2343 1575 Baronii(e)
2410 1498 2789 1567 sententiam.
2854 1498 2956 1578 qui
3008 1498 3211 1559 Basilii
3262 1500 3637 1562 adversarios

243 1592 612 1652 electionem
669 1591 924 1668 juvaret.
980 1586 1215 1666 Colligit
1262 1586 1680 1649 Tillemontius
1712 1606 1781 1650 ex
1813 1584 1905 1649 hl's
1989 1584 2172 1646 fuisse
2198 1586 2517 1659 existimat,
2549 1606 2665 1648 non
2701 1606 2803 1649 eos
2833 1606 2985 1664 quos
3017 1587 3271 1649 diximus
3294 1589 3632 1669 episcopos,

241 1681 445 1742 verbis
503 1679 779 1758 Gregorii
840 1677 1177 1741 necessaria
1227 1676 1408 1739 fuisse
1456 1677 1526 1739 ad
1556 1678 1903 1739 canonicam
1988 1674 2093 1735 sed
2119 1676 2432 1754 praesidem
2468 1675 2955 1757 Cappadocim,et
2985 1677 3135 1739 alios
3159 1678 3301 1739 huic
3328 1680 3636 1757 proximos

241 1770 612 1831 electionem
644 1767 886 1846 majoris
918 1766 1102 1846 partis
1152 1766 1568 1846 episcoporum
1598 1766 1879 1846 suffragia
1932 1803 1965 1851 Β
1989 1762 2281 1825 ϐαεεανεω
2298 1773 2627 1845 agentes,et
2654 1769 2958 1829 civitatem
2983 1766 3279 1845 susdeque
3297 1769 3636 1847 miscentes,

242 1858 410 1931 Quod
435 1858 685 1939 quidem
713 1876 784 1917 eo
806 1854 1150 1932 diligentius
1178 1855 1535 1916 servandum
1560 1861 1684 1916 erat
1705 1855 1765 1917 in
1788 1856 1908 1918 ele-
1987 1858 2053 1914 ut
2080 1855 2145 1915 in
2173 1862 2441 1935 graliam
2475 1855 2702 1916 Ariani
2733 1858 3115 1934 imperatoris
3139 1855 3298 1917 alius
3328 1864 3636 1919 crearetur

241 1948 438 2009 ctione
466 1947 705 2027 Basilii,
739 1944 901 2025 quod
929 1962 1046 2005 non
1065 1944 1255 2005 solum
1287 1945 1485 2024 plures
1515 1946 1777 2026 episcOpi
1810 1949 1903 2007 in-
1985 1945 2319 2022 episcopus.

240 2038 662 2108 tercedebant,
683 2036 788 2096 sed
823 2034 999 2095 etiam
1027 2034 1340 2113 adjunctos
1370 2052 1573 2094 secum
1608 2034 1906 2097 habebant
2067 2030 2166 2092 IV.
2193 2032 2321 2105 Quo
2355 2032 2610 2094 Basilius
2641 2053 2795 2094 anno
2829 2033 3139 2097 ordinatus
3165 2034 3491 2108 fuerit,non
3520 2053 3636 2096 una

241 2130 629 2205 magistratus
660 2134 717 2185 et
749 2123 1189 2205 perditissimos
1211 2141 1479 2203 quosque
1501 2123 1683 2186 cives.
1987 2130 2076 2182 est
2106 2122 2450 2183 criticorum
2486 2124 2782 2184 sententia
2818 2145 2830 2186 :
2885 2124 3177 2186 Baronius
3225 2134 3282 2186 et
3312 2126 3633 2187 Bollandus

322 2215 763 2280 Proﬁciscente
794 2222 964 2293 patre
994 2212 1234 2290 scripsit
1262 2211 1579 2291 Gregorius
1622 2213 1709 2291 (ο)
1737 2213 1809 2274 ad
1836 2214 1897 2276 S.
1985 2228 2143 2273 anno
2176 2214 2294 2275 369
2327 2212 2662 2273 ordinatum
2684 2213 2865 2274 fuisse
2882 2214 3276 2285 contendunt;
3304 2232 3460 2275 anno
3489 2214 3628 2287 370,

240 2305 591 2376 Eusebium,
620 2305 792 2379 cujus
839 2301 1031 2363 zelum
1065 2309 1122 2362 et
1152 2301 1403 2363 sudores
1443 2301 1645 2363 laudat
1673 2310 1733 2363 et
1763 2320 1897 2381 gra-
1986 2300 2261 2362 Petavius
2286 2309 2343 2361 et
2371 2300 2811 2364 Tillemontius.
2845 2302 3005 2365 Nihil
3034 2321 3238 2364 moror
3261 2303 3502 2381 Pagium
3532 2304 3634 2384 qui

241 2406 352 2457 tam
390 2400 517 2459 Deo
546 2393 928 2462 libertatem;
982 2390 1158 2469 eique
1192 2398 1502 2470 acceptum
1534 2391 1719 2454 refert
1744 2393 1899 2471 quod
1986 2388 2422 2451 ordinationem
2457 2391 2653 2452 differt
2688 2410 2878 2472 usque
2933 2392 3004 2452 ad
3051 2410 3274 2455 annum
3308 2393 3412 2456 371
3461 2412 3476 2468 ;
3508 2393 3633 2454 haec

240 2486 421 2564 patris
451 2491 741 2544 senectus
769 2491 1052 2542 renovata
1103 2478 1283 2541 fuerit
1314 2499 1328 2539 :
1366 2479 1524 2540 unde
1555 2480 1732 2542 etiam
1768 2498 1895 2542 rem
1988 2477 2148 2539 enim
2184 2480 2382 2558 opinio
2415 2489 2571 2542 stare
2622 2501 2738 2542 non
2792 2489 3004 2561 potest.
3056 2482 3141 2544 Ex
3172 2481 3404 2545 duabus
3431 2491 3629 2544 autem

236 2594 302 2636 ex
331 2572 643 2635 sententia
685 2586 1098 2632 successuram
1151 2576 1351 2648 sperat
1386 2585 1400 2630 :
1464 2567 1696 2629 veniam
1733 2570 1895 2649 petit,
1986 2567 2120 2629 aliis
2148 2568 2463 2631 sententiis
2493 2570 2668 2649 longe
2702 2571 2903 2650 potior
2926 2570 3162 2634 videtur
3194 2589 3264 2632 ea
3312 2590 3487 2650 quam
3521 2572 3631 2633 de-

241 2664 399 2745 quod
428 2682 555 2724 non
589 2668 864 2723 accurrat
883 2658 959 2721 ad
994 2658 1131 2737 ejus
1154 2657 1529 2737 complexum
1550 2658 1766 2735 linguis
1786 2658 1901 2719 im-
1987 2657 2175 2721 fendit
2204 2659 2639 2720 Tillemontius.

234 2753 559 2833 proborum
582 2750 830 2825 cedens;
852 2748 957 2810 sed
985 2748 1157 2827 paulo
1186 2757 1315 2826 post
1332 2756 1646 2809 venturum
1681 2766 1747 2809 se
1774 2766 1903 2827 pro-
2069 2748 2130 2808 l°
2157 2747 2384 2811 Pendet
2413 2748 2802 2811 ordinationis
2833 2768 3027 2811 annus
3084 2767 3154 2811 ex
3189 2750 3399 2811 mortis
3448 2769 3627 2813 anno.

238 2842 438 2913 mittil,
476 2841 645 2916 quod
679 2850 878 2900 tamen
914 2836 1236 2916 perfecisse
1270 2855 1385 2897 non
1435 2836 1689 2901 videtur.
1745 2836 1904 2899 Vicit
1985 2837 2227 2900 Constat
2257 2837 2415 2897 enim
2476 2838 2757 2899 Basilium
2818 2838 3123 2920 praefuisse
3155 2839 3235 2918 (f)
3261 2850 3395 2900 octo
3443 2858 3632 2901 annos

237 2932 474 2993 abunde
505 2930 767 3009 Spiritus
798 2935 1041 2989 sanctus
1075 2943 1180 3003 per
1209 2923 1533 2987 Eusebium
1583 2936 1641 2988 et
1671 2927 1893 3005 Grego-
1984 2927 2268 2989 Ecclesiae
2293 2928 2647 2990 Caesariensi
2676 2938 2735 2989 et
2774 2931 2854 3008 (g)
2888 2947 3111 2990 nonum
3144 2929 3464 3009 incepisse.
3501 2930 3631 2991 Non

239 3022 533 3098 rium,qui
557 3039 691 3079 cum
723 3016 1019 3087 vehiculo,
1053 3025 1335 3094 tanquam
1362 3016 1896 3097 mortuusleretro,
1988 3018 2182 3077 minus
2212 3025 2437 3077 certum
2492 3026 2551 3078 et
2608 3018 2974 3098 eXploratum
3035 3022 3129 3080 est
3184 3017 3347 3098 quod
3380 3025 3635 3079 testatur

242 3110 563 3189 impositus
608 3110 841 3185 fuisset,
876 3124 948 3167 ex
979 3104 1181 3166 labore
1216 3105 1366 3167 vires
1413 3105 1628 3179 traxit;
1664 3117 1725 3166 et
1764 3124 1899 3169 cum
1921 3168 1959 3189 η
1985 3107 2309 3185 Gregorius
2341 3105 2641 3186 Nyssenus
2693 3107 2798 3182 (h),
2856 3126 3066 3169 novem
3098 3115 3198 3169 aut
3244 3106 3454 3169 decem
3506 3114 3635 3185 post

244 3218 363 3260 rem
396 3198 647 3278 egregie
680 3194 1179 3276 ailmiuistrasset,
1222 3213 1294 3255 ac
1334 3192 1698 3275 dimicasset,
1734 3196 1898 3257 Basi-
1920 3192 1960 3218 “
1989 3195 2181 3256 Basilii
2218 3204 2467 3258 mortem
2498 3196 3157 3270 mensibus,concilium
3177 3195 3511 3260 Antiochiae
3532 3198 3636 3257 ha-

242 3289 515 3370 liumque
562 3290 620 3348 in
668 3288 881 3346 throno
934 3284 1309 3362 collocasset,
1360 3284 1565 3345 firmus
1595 3303 1663 3346 ac
1702 3286 1901 3347 valens
1983 3284 2169 3347 bitum
2197 3286 2402 3358 fuisse,
2430 3286 2634 3348 sedata
2666 3291 3105 3368 persecutione.
3128 3288 3321 3361 Quare
3355 3305 3486 3350 cum
3522 3289 3632 3348 Ba-

242 3379 484 3439 domum
524 3376 729 3454 rediit,
764 3376 969 3435 oculos
1012 3382 1244 3434 erectos
1295 3372 1519 3434 habens
1552 3392 1587 3435 a
1617 3393 1896 3436 manuum
1982 3374 2150 3436 silius
2174 3375 2389 3436 obierit
2414 3374 2691 3438 Calendis
2743 3378 3033 3458 Januarii,
3066 3380 3125 3439 id
3148 3378 3309 3457 quod
3334 3396 3368 3439 a
3392 3378 3633 3439 nemine

242 3467 633 3543 impositione
660 3475 717 3525 et
747 3463 1047 3535 unctione,
1082 3473 1258 3542 atque
1300 3463 1474 3524 etiam
1505 3462 1577 3523 ab
1611 3462 1770 3524 illius
1794 3465 1897 3544 qui
1980 3473 2325 3544 negatur,ac
2349 3465 2603 3545 proinde
2626 3465 2738 3526 hoc
2754 3465 3261 3547 concilium,quod
3290 3484 3495 3528 novem
3530 3476 3635 3528 aut

235 3557 575 3637 angebatur
606 3554 802 3634 capite
835 3552 1170 3613 roboratus.
1981 3554 2187 3615 decem
2208 3555 2509 3615 mensibus
2525 3565 2655 3634 post
2670 3556 2800 3635 ejus
2816 3565 3068 3617 mortem
3086 3555 3351 3617 habitum
3386 3567 3630 3627 est,non

316 3646 417 3709 Ill.
456 3646 802 3709 lnvidorum
838 3641 1041 3703 Basilii
1075 3641 1291 3701 mirum
1345 3648 1402 3702 in
1460 3644 1698 3707 modum
1732 3646 1900 3707 furor
1986 3644 2384 3723 potueriluisi
2432 3646 2769 3724 Septembri
2821 3655 2921 3705 aut
2948 3644 3187 3709 Octobri
3221 3663 3427 3706 mense
3466 3655 3631 3707 cele-

237 3738 481 3815 exarsit,
523 3735 625 3795 ubi
649 3743 895 3796 conatus
929 3750 1068 3791 suos
1098 3732 1155 3791 in
1208 3739 1445 3792 ventum
1483 3734 1702 3796 eti'usos
1734 3736 1899 3796 vidc-
1984 3732 2177 3799 brari;
2219 3743 2279 3792 ut
2303 3733 2375 3793 de
2407 3734 2690 3807 concilio,
2721 3733 2803 3795 ita
2831 3735 2906 3797 de
2931 3735 3131 3797 Basilii
3162 3734 3539 3796 ordinatione
3575 3748 3630 3794 et

240 3837 373 3887 runt
409 3846 422 3887 :
465 3826 803 3905 plagarum,
829 3839 979 3903 quas
1000 3818 1115 3881 sibi
1146 3820 1255 3881 hac
1286 3820 1579 3886 electione
1613 3825 1899 3887 videban-
1988 3831 2174 3883 morte
2194 3823 2612 3885 statuemus.Si
2634 3823 2957 3885 concilium
2978 3824 3309 3885 referamus
3324 3823 3395 3886 ad
3410 3841 3632 3884 annum

240 3926 330 3976 tur
348 3910 1082 3993 accepisse,ignominiam
1107 3910 1264 3971 ferre
1281 3929 1396 3971 non
1418 3922 1756 3991 potuerunt.
1784 3914 1899 3977 [ta-
1987 3911 2311 3991 378,paulo
2342 3921 2473 3992 post
2501 3921 2750 3973 mortem
2786 3912 3046 3975 Valentis
3077 3917 3176 3992 qui
3205 3914 3300 3974 die
3330 3914 3365 3974 9
3389 3913 3635 3992 Augusti

243 4025 354 4084 que
372 4023 499 4065 non
525 4004 720 4063 solum
752 4000 1037 4061 conviciis
1065 3998 1414 4078 Gregorium
1465 4003 1814 4085 episcopum
1847 4015 1903 4067 et
1986 4002 2183 4081 periit;
2211 4021 2323 4061 mo'
2344 4021 2370 4063 s
2394 4003 2598 4065 Basilii
2626 4004 2699 4064 ad
2732 4004 2873 4065 anni
2906 4004 3021 4067 378
3053 4005 3313 4081 initium,
3335 4002 3634 4065 ordinatio

242 4093 579 4157 maledictis
600 4089 1095 4163 vcxavcrnnt,sed
1119 4089 1297 4151 etiam
1321 4090 1899 4157 ordinatiouiinter-
1984 4091 2057 4152 ad
2088 4110 2307 4152 annum
2353 4093 2471 4156 369
2502 4094 2837 4156 referenda.
2873 4093 2934 4156 Si
2965 4094 3285 4155 concilium
3329 4093 3635 4153 differatur

234 4203 389 4263 esse,
419 4192 482 4243 et
516 4200 653 4241 cum
699 4178 911 4239 Basilio
943 4179 1392 4240 communicare
1438 4181 1779 4248 uoluerunt.
1817 4189 1898 4248 De
1984 4179 2054 4239 ad
2088 4199 2311 4241 annum
2349 4180 2487 4254 379,
2538 4184 2841 4247 ordinatio
2893 4194 2951 4244 et
2984 4203 3144 4244 mors
3176 4181 3379 4243 Basilii
3417 4180 3637 4257 pariter

231 4274 397 4335 factis
422 4271 583 4350 patri
618 4269 907 4329 conviciis
930 4287 1048 4328 non
1080 4266 1219 4330 silet
1246 4266 1570 4347 Gregorius
1599 4274 1710 4353 (ιι),
1742 4274 1896 4335 nlte-
1982 4287 2099 4330 uno
2120 4290 2277 4330 anno
2302 4271 2496 4333 serius
2510 4272 3068 4345 collocandaQuod
3090 4279 3315 4350 spectat
3334 4270 3407 4331 ad
3426 4268 3633 4335 conci-

232 4382 359 4423 rum
384 4371 593 4423 autem
618 4358 846 4419 facinus
870 4357 1290 4437 praetermittit.
1312 4358 1430 4420 Sed
1459 4359 1605 4421 illud
1632 4381 1749 4423 non
1783 4363 1893 4424 ob-

229 4470 401 4515 scure
439 4447 850 4529 perspicimus
878 4465 945 4506 ex
967 4446 1145 4525 ep.48
1166 4448 1235 4505 ad
1256 4446 1580 4509 Eusebium
1614 4449 1892 4514 Samosa-

1981 4359 2156 4430 lium,
2183 4360 2427 4438 egregie
2461 4361 2668 4440 probat
2708 4361 3125 4423 Tillemontius
3172 4359 3486 4439 episcopos
3519 4359 3636 4421 446

1980 4449 2253 4531 (totidem
2301 4451 2461 4511 enim
2498 4451 2636 4513 huic
2685 4452 2943 4512 concilio
2976 4449 3317 4511 interfuisse
3374 4456 3530 4527 patet
3561 4466 3630 4508 ex

237 4528 451 4603 tenumﬁ
474 4539 579 4599 ubi
606 4536 861 4600 Basilius
880 4536 963 4596 sic
983 4535 1246 4612 loquitur
1275 4554 1288 4597 :
1342 4535 1548 4599 Nostri
1576 4550 1774 4602 autem
1795 4561 1897 4621 spe
1920 4528 1959 4578 θ
1985 4528 2343 4600 collectione
2365 4540 2674 4617 Holstenii)
2698 4559 2816 4602 non
2846 4539 3106 4616 potuisse
3126 4538 3280 4599 intra
3304 4537 3449 4598 duos
3470 4556 3633 4598 men-

235 4640 289 4691 e:
305 4629 767 4709 exspectatione
790 4642 914 4686 non
933 4627 1219 4686 exstitere
1244 4626 1541 4688 meliores.
1580 4627 1903 4699 Nam,cum

232 4722 447 4781 statim
466 4726 600 4796 post
623 4731 923 4794 egressum
940 4720 1111 4775 tuum
1132 4714 1745 4791 advenissent,multa
1772 4722 1904 4800 qui-

231 4811 368 4870 dem
394 4808 613 4870 liistia
636 4804 870 4877 dixere,
900 4802 1091 4864 multa
1114 4804 1295 4864 etiam
1311 4803 1534 4882 fecere,
1561 4824 1632 4869 ac
1655 4810 1901 4871 tandem

231 4899 670 4965 discesserunt,
678 4894 918 4973 ﬁrmato
938 4890 1105 4954 nobis
1124 4890 1555 4957 schismate.Ex
1584 4903 1903 4977 postremis

238 4986 575 5049 testimonii
610 4982 806 5043 verbis
827 4981 1159 5061 colligimus
1178 4981 1518 5064 episcopos,
1537 4986 1675 5047 dum
1706 4986 1898 5051 Caesa-

232 5096 395 5139 ream
433 5084 568 5155 post
594 5091 899 5150 egressum
925 5070 1167 5133 Eusebii
1186 5071 1709 5153 veniunt,minime
1728 5096 1859 5139 com
1874 5113 1897 5125 -

236 5167 588 5226 municasse
620 5180 754 5223 cum
791 5160 1030 5229 Basilio;
1057 5176 1167 5220 nec
1199 5167 1321 5221 tum
1357 5162 1613 5241 primum
1638 5166 1901 5229 schisma

309 5328 395 5403 ta}
424 5323 570 5386 Nae.
613 5341 705 5384 or.
730 5320 833 5403 QQ.

338 5398 393 5477 bl
426 5406 551 5469 Na:
612 5421 706 5465 or.
747 5402 843 5473 19,
882 5398 985 5462 20.

337 5488 390 5565 ε)
426 5487 713 5565 Νειβρ.
746 5482 851 5543 99.

423 5566 539 5631 0r.
570 5564 676 5628 19.

328 5642 387 5728 ej
417 5645 511 5711 Ad
546 5663 655 5712 an.
693 5642 835 5711 370.

1987 4644 2086 4688 ses
2117 4647 2185 4689 ex
2211 4628 2388 4689 variis
2419 4628 2651 4691 exsiliis
2710 4629 3083 4693 Antiochiam
3118 4626 3460 4700 convenire,
3496 4645 3629 4687 cum

1988 4720 2317 4796 praesertim
2354 4737 2585 4779 summa
2614 4727 2770 4780 esset
2800 4736 3003 4779 rerum
3041 4718 3098 4778 in
3123 4717 3389 4785 Oriente,
3419 4716 3631 4778 tristis-

1986 4804 2136 4866 sima
2158 4807 2323 4867 clade
2347 4805 3312 4887 accepta,perturbatio.Praeterea
3334 4806 3398 4867 in
3420 4805 3629 4869 eadem

1987 4895 2342 4958 collectione
2374 4899 2440 4976 (i)
2475 4898 2761 4959 habemus
2814 4896 3130 4958 nonnullas
3160 4895 3635 4974 subscriptiones

1987 4985 2431 5066 episcoporum,
2470 4986 2625 5047 inter
2674 5005 2818 5067 quas
2879 4986 3096 5065 legitur
3146 5004 3364 5047 nomen
3401 4982 3633 5062 Eulogii

1986 5073 2289 5134 Edesseni
2310 5075 2381 5135 At
2404 5075 2452 5136 is
2479 5075 2674 5136 adhuc
2711 5075 3022 5157 presbyter
3051 5075 3377 5139 Antinoum
3411 5074 3635 5152 relega-

1987 5171 2078 5223 tus
2100 5165 2208 5222 sub
2244 5163 2699 5237 V’alente,rediit
2719 5165 3007 5229 Edessam
3029 5183 3172 5246 pace
3191 5163 3446 5243 reddita,
3481 5168 3631 5224 teste

2068 5324 2138 5402 (Ι)
2166 5323 2303 5386 Naz.
2331 5342 2514 5385 carm.
2551 5324 2652 5388 65.

2064 5408 2139 5483 ω)
2177 5408 2350 5484 Nysa.
2384 5404 2500 5466 Vit.
2539 5403 2732 5468 Macr.

2061 5487 2149 5561 (Ii)
2180 5483 2333 5546 Ibid.

2063 5566 2127 5645 ti)
2166 5563 2340 5629 Tom.
2367 5568 2414 5643 1,
2449 5584 2583 5650 pag.
2621 5567 2757 5633 176.
