4068 6204
1800 295 2199 361 PROLEGOM
2208 300 2308 365 EN
2311 296 2381 363 Α.

433 430 814 497 Theodoreto
846 434 1219 515 (a),etBarse
1242 440 1479 496 mortuo
1494 432 1818 497 Ecclesiam
1838 433 2091 496 Edesse—
2111 441 2152 490 Α
2176 434 2463 517 interfuit;
2495 454 2629 497 nam
2664 434 2985 515 Gregorius
3016 430 3416 494 Nazianzenus
3446 430 3518 509 (Ι)
3546 428 3821 493 morbum

440 540 577 583 nam
615 526 900 605 suscepit,
928 543 997 587 ac
1020 524 1329 587 ordinatus
1360 543 1393 586 a
1424 522 1487 586 S.
1512 523 1769 586 Eusebio
1802 521 2084 585 Samosa-
2169 541 2342 585 suum
2377 534 2637 600 excusat,
2671 544 2779 587 cur
2810 542 2925 585 una
2972 541 3110 585 cum
3144 541 3214 584 eo
3264 522 3427 601 justa
3477 522 3825 601 persolvere

438 609 591 671 tensi
613 610 795 673 fuisse
815 611 1139 674 ferebatur.
1170 611 1275 674 His
1300 612 1453 674 adde
1485 612 1739 674 reditum
1774 611 2086 673 confesso-
2171 614 2387 675 Basilio
2420 633 2534 675 non
2572 614 2782 695 possit.
2814 612 3032 676 Sedata
3088 630 3227 689 ergo
3278 620 3403 672 erat
3452 611 3823 691 persecutio,

436 714 568 758 rum
600 716 633 759 a
667 698 964 781 plerisque
990 700 1295 762 historicis
1333 700 1613 763 Gratiano
1646 708 1959 781 acceptum
1984 717 2084 761 re-
2168 701 2389 782 alioqui
2419 722 2533 763 non
2562 721 2745 765 ausus
2796 713 2955 764 esset
2998 700 3319 780 Gregorius
3350 701 3658 777 Nyssenus
3692 719 3823 760 uia-

438 785 998 852 ferriBevocatosa
1019 788 1269 851 Valente
1293 789 1499 851 dicunt
1520 789 1776 851 Ruﬁnus
1800 798 1859 851 et
1881 788 2087 850 Hiero-
2171 810 2301 867 gnaa
2331 792 2559 853 civitati
2591 792 2814 853 vultum
2846 810 3019 853 suum
3052 790 3370 851 ostendere
3398 807 3413 863 ;
3468 805 3535 852 ac
3572 788 3828 867 proinde

438 878 818 956 nymus.Sed,
849 878 899 940 si
918 877 979 939 id
1002 879 1302 939 concessit
1339 877 1580 954 Valens,
1608 878 1931 959 perpaucis
1952 885 2088 939 ante
2172 879 2407 942 Valenti
2432 881 2725 960 superfuit
2754 880 3032 942 Basilius.

443 979 694 1029 mortem
729 966 1033 1029 mensibus
1058 968 1497 1042 concessit,nec
1521 968 1771 1048 proinde
1798 968 1941 1028 satis
1960 985 2089 1046 spa-
2250 970 2436 1033 Sumit
2459 972 2635 1033 etiam
2672 971 3088 1033 Tillemontius
3116 969 3452 1049 argumenti
3476 970 3633 1048 loco,
3663 968 3824 1048 quod

446 1056 510 1117 tii
539 1056 669 1130 fuit,
696 1057 1091 1119 utconcilium
1114 1076 1181 1118 ex
1200 1066 1282 1118 tot
1302 1056 1450 1119 locis
1474 1076 1593 1119 uno
1614 1066 1713 1117 aut
1736 1057 1923 1118 altero
1958 1064 2089 1135 post
2169 1060 2252 1120 ait
2280 1059 2601 1138 Gregorius
2644 1062 2732 1140 (g)
2767 1080 2832 1122 se
2877 1059 3454 1138 ConstantinOpolim
3493 1059 3823 1137 profectum

439 1145 630 1226 ipsius
662 1153 914 1208 mortem
949 1164 1153 1207 mense
1177 1155 1516 1225 cogeretur.
2170 1166 2326 1221 esse,
2359 1168 2479 1211 non
2500 1151 2906 1227 praalerfortis
2926 1148 3094 1210 illius
3108 1149 3387 1210 veritatis
3404 1157 3822 1227 propugnato-

523 1234 590 1296 20
621 1236 819 1297 Multae
848 1253 945 1297 res
975 1244 1154 1313 gestae
1178 1235 1657 1315 Basilii,quarum
1681 1236 1896 1297 seriem
1922 1235 2087 1295 dein-
2168 1239 2519 1318 ris,quiqae
2540 1240 2697 1300 nihil
2721 1257 2985 1317 unquam
3009 1238 3181 1299 aliud
3198 1239 3324 1299 nisi
3345 1240 3513 1316 piam
3543 1246 3601 1299 et
3644 1237 3822 1299 salu-

440 1341 583 1403 ceps
613 1332 905 1399 texemus,
970 1324 1245 1404 inprimis
1296 1325 1657 1404 persecutio,
1714 1343 1893 1401 quam
1926 1343 2082 1385 anno
2170 1335 2356 1387 tarem
2381 1327 2515 1389 orbi
2537 1331 2825 1389 universo
2846 1328 3495 1406 doctrinamspiravit,
3535 1326 3818 1388 volunta-

440 1412 546 1476 3'7l
590 1424 651 1474 et
678 1412 797 1475 372
819 1413 1543 1493 sustinuit,necessitatem
1566 1413 2081 1475 aﬂ‘eruntordina—
2168 1424 2283 1476 tem
2318 1418 2629 1497 animique
2676 1418 3067 1479 sententiam.
3106 1414 3381 1487 Quamvis
3415 1416 3530 1476 huc
3576 1415 3820 1477 accedat

440 1502 617 1563 tionis
647 1501 709 1563 in
740 1521 964 1563 annum
997 1504 1120 1564 370
1158 1502 1558 1565 conferendas.
1616 1501 1889 1564 Nondum
1922 1502 2079 1562 enim
2166 1501 2552 1583 Theophanis
2582 1504 2928 1584 auctoritas,
2967 1522 3175 1565 vereor
3225 1512 3419 1563 tamen
3443 1513 3504 1563 ut
3535 1503 3681 1565 satis
3715 1504 3819 1565 fir-

438 1590 588 1653 duos
610 1592 986 1672 episcopatus
1031 1610 1221 1654 annos
1277 1602 1613 1655 emeruerat
1644 1591 1917 1661 Basilius,
1945 1611 2079 1653 cum
2166 1588 2325 1652 inum
2353 1594 2433 1653 sit
2465 1592 3074 1672 argnmentum,quod
3100 1611 3171 1652 ex
3198 1590 3468 1670 Gregorii
3496 1591 3695 1651 verbis
3721 1592 3823 1653 de-

439 1677 655 1741 Valens
676 1684 1002 1743 Caesaream
1023 1681 1359 1744 venit.Nam
1384 1682 1681 1761 insumpta
1707 1682 2083 1760 episc0patus
2167 1680 2329 1742 ducit
2347 1680 2925 1744 Tillemontius.Non
2953 1682 3107 1743 enim
3131 1700 3195 1741 se
3222 1681 3423 1742 Basilii
3445 1681 3692 1742 consilio
3712 1683 3825 1741 hac

441 1768 606 1830 inifia
636 1769 697 1829 in
743 1769 1164 1843 recolligendis
1221 1771 1635 1851 episcoporum
1690 1770 2081 1850 Cappadocia!
2106 1808 2141 1857 Β
2168 1770 2223 1828 in
2254 1788 2319 1831 re
2352 1790 2519 1831 usum
2554 1791 2691 1833 esse
2720 1773 2861 1832 dicit
2890 1772 3235 1849 Gregorius,
3272 1771 3373 1831 sed
3415 1772 3819 1849 conjecturam

440 1859 698 1919 animis:
735 1860 890 1940 quod
937 1860 1040 1921 ubi
1091 1878 1162 1921 ex
1207 1860 1503 1923 sententia
1564 1860 1845 1932 confecit,
1884 1862 2079 1920 statim
2165 1858 2304 1919 facit
2334 1878 2407 1921 ex
2440 1879 2675 1923 summo
2728 1861 2887 1922 illius
2914 1860 3217 1921 catholicae
3257 1860 3541 1920 doctrina)
3589 1877 3820 1939 amore,

2166 1966 2272 2007 cur
2303 1950 2354 2010 ei
2417 1969 2535 2010 non
2590 1951 3004 2030 displicuerint
3056 1950 3320 2027 suscepti
3350 1950 3421 2009 ad
3454 1948 3823 2009 liberandam

2164 2038 2741 2119 Constantinopolim
2777 2039 3036 2101 labores.

2245 2123 2535 2207 Opinatus
2554 2136 2642 2189 est
2664 2128 2958 2189 Baronius
2976 2128 3251 2189 Basilium
3274 2126 3372 2188 die
3398 2128 3467 2189 14
3483 2125 3643 2189 Junii
3662 2128 3827 2188 ordi-

2169 2224 2370 2276 natum
2403 2217 2607 2289 fuisse,
2636 2228 2698 2280 et
2728 2237 2862 2279 cum
2894 2218 3050 2279 inter
3080 2216 3242 2276 illius
3296 2215 3729 2277 ordinationem
3764 2226 3825 2277 et

2168 2304 2406 2367 Eusebii
2433 2307 2770 2369 decessoris
2798 2317 3050 2369 mortem
3092 2305 3315 2387 aliquid
3340 2305 3638 2367 efﬂuxerit
3664 2316 3821 2367 tem-

2170 2395 2613 2472 poris,mortem
2640 2397 2882 2459 Eusebii
2908 2396 3103 2476 rejicit
3124 2396 3185 2457 in
3216 2416 3439 2457 annum
3473 2395 3820 2475 praeceden-

2169 2486 2517 2555 tem.Sed,si
2538 2487 2787 2548 obiisset
2816 2485 3110 2548 Eusebius
3138 2502 3294 2546 anno
3319 2484 3699 2565 praacedenti,
3726 2487 3823 2546 vix

2169 2574 2358 2635 serius
2415 2576 2751 2656 Septembri
2810 2575 3097 2645 obiisset;
3160 2574 3453 2650 siquidem
3500 2572 3825 2652 Gregorius

2168 2661 2572 2727 Nazianzenus
2596 2666 2917 2727 Eusebium
2967 2663 3714 2727 Samosatenseminvitans
3747 2662 3823 2725 ad

2170 2754 2547 2834 electionem,
2584 2756 2856 2815 hortatur
2893 2765 2954 2815 ut
2988 2754 3204 2816 hiemis
3237 2753 3614 2814 incommoda
3644 2764 3823 2815 ante-

2169 2852 2377 2904 vertat.
2440 2847 2512 2904 At
2568 2843 2815 2904 nimium
2867 2852 3024 2905 esset
3080 2842 3455 2903 intervallum
3519 2862 3552 2903 a
3614 2862 3821 2905 mense

2173 2931 2513 3011 Septembri
2530 2950 2717 3013 usque
2735 2932 2807 2994 ad
2834 2934 2991 2994 diem
3038 2932 3111 2994 14
3134 2933 3312 2994 Junii.
3346 2932 3566 2992 Eadem
3594 2935 3826 2995 ratione

2176 3020 2457 3100 probatur
2486 3022 2926 3084 ordinationem
2978 3021 3075 3082 die
3126 3025 3200 3081 14
3247 3020 3410 3083 Junii
3458 3023 3667 3083 factam
3704 3042 3825 3084 non

437 312 583 363 LVIII

440 1966 755 2027 aggressus
814 1958 902 2010 est
950 1950 1021 2010 ad
1058 1949 1534 2031 paciﬁcationem
1569 1952 1991 2023 Ecclesnarum,
2028 1958 2081 2009 et

443 2048 564 2099 tum
627 2056 760 2099 cum
822 2039 1086 2103 mitteret
1142 2041 1508 2103 Dorotheum
1562 2041 1619 2100 in
1670 2038 2079 2113 Occidentem,

442 2128 881 2208 persecutionis
911 2138 1103 2190 terror
1122 2128 1528 2192 denuntiatus.

446 2248 449 2249 ν
522 2219 647 2281 Nec
698 2219 826 2280 leve
876 2227 1288 2296 argumentum
1319 2218 1698 2281 Tillemontio
1746 2218 2085 2299 suppeditat

444 2305 1945 2389 ordinatioDemophiliConstantinopolitani,quam
1978 2311 2083 2368 Ba-

441 2398 611 2461 silius
638 2396 699 2458 in
766 2397 1014 2477 epistola
1048 2398 1123 2478 (ὁ)
1157 2400 1359 2479 paucis
1417 2398 1724 2460 mensibus
1756 2408 1887 2477 post
1916 2415 2080 2459 suam

442 2488 629 2568 ipsius
646 2487 1078 2549 ordinationem
1102 2489 1322 2568 scripta
1343 2488 1577 2549 nuntiat
1600 2487 1941 2563 Eusebio,si
1966 2488 2082 2547 mi-

444 2596 555 2639 nus
578 2584 643 2638 ut
662 2576 1481 2656 recentissimam,saltem,ut
1504 2577 1767 2639 nondum
1790 2579 2083 2656 cognitam

442 2668 504 2728 in
530 2666 924 2747 Cappadocia,
978 2685 1111 2728 cum
1166 2666 1463 2729 Eusebius
1515 2668 1575 2727 in
1616 2668 1843 2747 Syriam
1883 2667 2083 2730 rediit.

446 2757 644 2829 Quare
662 2756 974 2836 utriusque
986 2756 1618 2831 ordinationis,Basi|ii
1644 2764 1703 2819 et
1724 2755 2083 2837 Demophili,

448 2844 608 2907 idem
636 2844 763 2907 fere
794 2853 1025 2925 tempus
1048 2844 1281 2907 videtur
1301 2846 1508 2908 fuisse.
1545 2848 1729 2908 Porro
1756 2846 2083 2924 Demophili

447 2934 888 2998 ordinationem
922 2938 1225 3014 pertinere
1246 2934 1321 2995 ad
1346 2954 1567 2997 annum
1597 2933 1885 3014 370,inde
1905 2942 2085 3014 patet,

450 3025 609 3105 quod
642 3022 947 3086 Eudoxius
976 3025 1109 3104 ejus
1130 3026 1416 3088 decessor
1445 3031 1541 3103 (e),
1576 3025 1677 3106 qui
1709 3024 1859 3084 hanc
1880 3024 2086 3085 sedem

449 3114 749 3175 invaserat
794 3131 952 3174 anno
1003 3113 1143 3187 360,
1208 3113 1484 3175 undecim
1519 3114 1691 3176 annis
1723 3112 2087 3191 impietatem
2174 3110 2376 3172 fuisse.
2413 3111 2720 3182 Quomodo
2742 3111 2902 3173 enim
2928 3131 3043 3173 uno
3066 3112 3274 3173 saltem
3310 3129 3516 3172 mense
3537 3121 3675 3173 ante
3709 3112 3825 3173 hoc

449 3220 613 3262 suam
637 3200 1006 3274 exercuit,ac
1036 3200 1456 3266 Valentiniano
1487 3202 1725 3264 tertium
1754 3209 1812 3262 et
1846 3201 2149 3263 Valentec
2177 3208 2409 3279 tempus
2461 3201 2675 3261 hiemis
2706 3200 3084 3263 incommoda
3118 3201 3425 3262 metuisset
3456 3200 3782 3280 Gregorius
3802 3206 3829 3262 ?

446 3293 688 3353 tertium
720 3288 1066 3351 consulibus
1101 3287 1271 3352 obiit.
2174 3288 2457 3359 Quamvis
2473 3298 2665 3350 autem
2695 3289 2755 3350 in
2780 3290 3217 3369 Martyrologiis
3237 3287 3490 3352 Usuardi
3516 3300 3576 3351 et
3598 3291 3830 3354 Adonis

528 3375 636 3440 His
656 3378 955 3440 rationum
982 3378 1297 3441 momentis
1319 3379 1611 3441 nonnulla
1642 3378 1756 3440 alia
1774 3378 1939 3442 addit
1958 3378 2083 3441 Til-
2173 3377 2301 3438 dies
2324 3378 2510 3438 festus
2527 3379 2733 3440 Basilii
2754 3380 2827 3441 ad
2850 3379 3012 3441 Junii
3046 3380 3345 3440 decimum
3368 3390 3641 3459 quartum
3665 3380 3829 3443 diem

2172 3478 2444 3547 ponatur;
2468 3487 2586 3529 non
2615 3477 2809 3531 tamen
2832 3488 2967 3530 eum
2989 3468 3105 3529 duo
3124 3468 3210 3529 illi
3234 3469 3560 3547 scriptores
3592 3471 3702 3531 hac
3726 3471 3827 3533 die

2174 3557 2507 3619 ordinatum
2542 3559 2765 3629 dicunt,
2818 3559 3110 3639 longeque
3161 3560 3526 3637 probabilius
3556 3561 3831 3622 estbunc

2174 3644 2330 3706 diem
2364 3647 2600 3728 festum,
2633 3648 2732 3728 qui
2759 3647 3035 3710 Calendis
3085 3646 3353 3711 Januarii
3383 3648 3677 3710 celebrari
3708 3669 3829 3711 non

2176 3736 2657 3814 poterat,idcirco
2679 3738 2739 3799 in
2760 3739 3001 3799 Junium
3022 3757 3287 3799 mensem
3306 3740 3594 3817 rejectum
3611 3739 3825 3803 fuisse.

2175 3824 2368 3896 Quare
2392 3826 2577 3888 multo
2607 3828 2979 3890 commodius
3011 3828 3338 3890 Eusebium
3369 3828 3526 3890 circa
3559 3848 3830 3891 mensem

448 3468 790 3531 lemontius.
819 3467 1029 3530 Narrat
1044 3469 1447 3552 Hieronymus
1469 3472 1529 3533 in
1551 3471 1702 3533 libro
1731 3473 1808 3534 De
1825 3474 2085 3553 scripto-

447 3557 617 3621 ribus
638 3558 1063 3622 ecclesiasticis
1079 3558 1361 3622 Basiliam
1388 3560 1609 3623 obiisse
1631 3560 1741 3622 sub
1761 3564 2042 3625 Gratiano
2071 3580 2083 3622 :

452 3648 608 3730 quod
640 3647 881 3728 quidem
937 3648 1186 3728 intelligi
1242 3669 1361 3711 non
1396 3658 1611 3732 potest,
1648 3651 1759 3712 nisi
1793 3652 1867 3712 de
1900 3652 2089 3713 inter-

450 3738 609 3819 jecto
641 3737 800 3800 inter
829 3737 1094 3801 Valentis
1128 3748 1379 3801 mortem
1420 3748 1478 3801 et
1497 3740 1815 3802 Theodosii
1840 3742 2087 3803 electio-

449 3846 586 3889 nem
618 3838 910 3910 tempore.

533 3915 729 3998 Objici
756 3924 954 3998 posset
984 3921 1142 3995 quod
1169 3919 1248 3979 ait
1276 3917 1338 3979 in
1369 3918 1581 3982 eodem
1616 3918 1772 3980 libro
1796 3918 2089 4000 Hierony-
2171 3912 2412 3976 Junium
2447 3914 2673 3978 obiisse
2723 3916 3021 3977 existimat
3064 3915 3505 3995 Tillemontius,
3538 3918 3828 3980 Basilium

450 4026 583 4069 mus
607 4017 879 4069 sanctum
906 4006 1165 4087 Ephrem
1190 4006 1300 4068 sub
1328 4006 1581 4070 Valente
1600 4015 1899 4070 mortuum
1936 4028 2090 4073 esse,
2174 4016 2372 4064 autem
2409 4023 2610 4066 mense
2643 4005 2979 4086 Septembri
3014 4006 3352 4068 ordinatum
3388 4006 3593 4068 fuisse.
3628 4017 3832 4086 Atque

451 4097 621 4173 Nam,
649 4115 782 4158 cum
804 4095 1471 4175 exstetsanctiEphrem
1506 4098 1698 4158 oratio
1724 4097 1799 4159 de
1825 4096 2096 4159 laudibus
2180 4093 2331 4153 haud
2356 4096 2480 4154 scio
2503 4113 2576 4155 an
2598 4094 2774 4155 etiam
2799 4096 2997 4176 aptius
3021 4096 3333 4156 dilieratur
3355 4116 3537 4174 usque
3562 4098 3631 4158 ad
3668 4118 3844 4160 men-

451 4184 873 4266 Basilii.ipsius
893 4182 1068 4246 etiam
1101 4184 1301 4246 Basilii
1332 4202 1494 4245 mors
1522 4184 1632 4245 sub
1660 4185 1871 4245 eodem
1897 4186 2095 4265 impe-
2177 4199 2306 4242 sem
2341 4182 2658 4245 Octobrem
2722 4184 3040 4257 ordinatio,
3094 4185 3164 4244 ad
3217 4204 3390 4264 quam
3426 4186 3679 4247 invitans
3712 4190 3841 4252 Eu-

451 4284 648 4338 ratore
677 4292 748 4337 ac
778 4273 1030 4354 proinde
1052 4274 1125 4334 ad
1154 4273 1393 4335 initium
1439 4275 1580 4336 anni
1614 4275 1733 4337 378
1756 4275 2097 4337 essetrefe-
2181 4270 2409 4331 sebium
2462 4274 2787 4350 Gregorius
2830 4273 3158 4346 metuebat,
3197 4294 3268 4334 ne
3325 4274 3410 4334 illi
3463 4276 3843 4341 incommoda

452 4364 789 4456 renda.Sed
821 4365 883 4426 in
910 4364 1495 4456 hacgorationetanta
1524 4372 1612 4456 est
1642 4363 1705 4426 S.
1732 4362 1994 4456 Ephrem
2026 4364 2100 4424 de
2128 4408 2167 4456 Ο
2188 4360 2723 4456 hiemissubeunda
2738 4364 3073 4431 essent,nisi
3094 4374 3321 4456 tuature
3339 4366 3845 4456 proficisceretur.

453 4454 1009 4536 Valenteloquendi
1031 4454 1366 4528 libertas,ut
1396 4471 1533 4517 eum
1560 4454 1695 4516 huic
1728 4454 2102 4533 superfuisse
2128 4450 2159 4456 ⁷
2187 4450 2360 4510 Aliud
2391 4469 2583 4512 causae
2603 4471 2735 4513 esse
2760 4473 2875 4516 non
2908 4464 3048 4533 puto
3075 4473 3179 4514 cur
3212 4454 3535 4532 Gregorius
3590 4455 3848 4518 Nazian-

453 4545 802 4625 imperatori
823 4546 1033 4607 merito
1056 4545 1355 4607 existimet
1377 4541 2105 4607 Tillemontius.Testatur
2187 4558 2369 4600 zenus
2386 4551 2517 4603 octo
2544 4550 2768 4603 tantum
2792 4562 2981 4603 annos
3007 4544 3204 4604 Basilii
3226 4544 3601 4624 episcopatus
3624 4563 3850 4609 nume-

451 4632 868 4697 Theodoretus
919 4634 1008 4715 (ά)
1044 4634 1412 4696 Arinthaeum
1466 4632 1816 4694 interfuisse
1849 4632 1941 4693 his
1976 4651 2105 4712 quae
2188 4640 2300 4707 ret,
2334 4630 2447 4690 nisi
2479 4631 2641 4712 quia,
2667 4650 2800 4692 cum
2835 4651 2968 4694 sero
2986 4632 3666 4695 ordinatusl'ueritanno
3699 4637 3848 4709 370,

453 4722 746 4804 Trajanus
776 4723 1086 4787 liberrime
1111 4724 1256 4786 dixit
1285 4722 1689 4795 Valenti,cum
1722 4722 1772 4781 is
1804 4724 2102 4782 Constan—
2190 4736 2513 4795 paucorum
2550 4720 2846 4781 mensium
2880 4720 3081 4783 habita
3138 4722 3291 4781 ratio
3348 4742 3463 4783 non
3512 4723 3639 4783 fuit.
3696 4722 3855 4787 Hinc

454 4813 705 4893 tinopoli
731 4821 1073 4876 versaretur
1094 4832 1251 4875 anno
1282 4815 1427 4876 378.
1465 4812 1632 4875 Tunc
1660 4829 1801 4888 ergo
1844 4810 2105 4871 nondum

456 4900 685 4964 obierat
705 4902 962 4965 Basilius
997 4904 1099 4983 (e),
1137 4904 1237 4984 qui
1289 4902 1506 4965 mortui
1537 4900 1828 4965 Arinthaai
1860 4917 2103 4961 uxorem

455 4991 667 5053 litteris
695 4991 819 5053 suis
841 4993 1183 5055 consolatus
1213 5002 1329 5056 est.

532 5082 599 5145 In
618 5079 970 5161 Gregorium
984 5081 1312 5163 Nyssenum
1335 5082 1635 5163 praecipue
1658 5078 1882 5143 exarsit
1902 5097 2105 5159 perse-

452 5169 739 5254 cutio,qui
762 5189 796 5232 e
820 5170 1095 5233 manibus
1116 5170 1371 5234 militum
1403 5168 1938 5251 elapsus,latebras
1962 5185 2102 5254 perf

454 5252 624 5342 sequi
646 5252 889 5323 coactus
936 5269 1049 5325 est.
1106 5258 1269 5322 Idem
1324 5268 1522 5323 tamen
1572 5256 1873 5340 exsequiis
1908 5252 2105 5320 Basilii

559 5432 626 5510 α)
654 5430 816 5510 Hist.
850 5429 957 5494 lib.
990 5446 1066 5509 Iv,
1096 5448 1153 5494 c.
1189 5430 1285 5496 18.

557 5509 996 5686 lib.
1018 5609 1105 5686 tl,
1138 5611 1192 5658 ο.
1243 5591 1336 5671 14;
1383 5589 1618 5655 Sozom.
1659 5589 1764 5653 lib.
1800 5607 1877 5672 vi,
1913 5607 1969 5654 c.
1995 5590 2095 5654 l5.

656 5668 792 5741 Lib.
822 5690 900 5754 Iv,
934 5691 991 5741 ο.
1016 5668 1118 5740 30.

2192 4807 2364 4867 etiam
2379 4806 2652 4885 Basilius,
2681 4812 2951 4890 quamvis
2978 4812 3175 4874 multa:
3191 4830 3515 4890 gravesque
3530 4816 3854 4875 subessent

2191 4912 2383 4956 causa;
2403 4896 2668 4959 Eusebio
2705 4910 2836 4979 post
2866 4902 3304 4962 ordinationem
3338 4902 3666 4981 scribendi,
3708 4921 3851 4965 sero

2192 4994 2388 5045 tamen
2413 4985 2471 5046 id
2498 4986 2661 5067 fecit,
2718 5008 2784 5051 eo
2830 4991 2989 5071 quod
3034 4990 3415 5071 Cappadoces
3439 4989 3512 5051 ad
3546 4991 3848 5069 ejusmodi

2190 5074 2405 5137 itinera
2456 5077 2651 5138 hieme
2701 5079 3012 5141 subeunda
3067 5080 3358 5141 tardiores
3390 5090 3610 5141 essent.
3646 5079 3851 5159 Objici

2192 5174 2392 5245 posset
2415 5166 2749 5231 Eudoxium
2766 5170 2924 5232 circa
2946 5189 3208 5232 mensem
3224 5170 3433 5230 Maium
3450 5169 3669 5231 obiisse
3687 5190 3850 5233 anno

2192 5255 2329 5336 370,
2366 5275 2479 5319 nec
2502 5267 2697 5322 tamen
2719 5260 2793 5323 de
2815 5259 2974 5323 illius
2992 5278 3341 5322 successore
3362 5259 3683 5340 quidquam
3705 5261 3851 5323 alla-

2289 5426 2340 5507 e)
2374 5426 2482 5508 Ep.
2516 5427 2661 5493 269.

2260 5427 2348 5667 ίςέ
2369 5507 2639 5654 1332?:

2320 5512 2343 5586 )
2369 5507 2506 5571 Nax.
2544 5527 2639 5586 ep.
2670 5508 2771 5574 37.

2288 5590 2348 5668 g)
2380 5588 2485 5654 0r.
2522 5588 2626 5653 20.
