4068 6204
444 292 587 340 LXIV

1797 283 2383 348 PROLEGOMENA.

445 433 592 496 pare
618 414 824 479 sedem
875 417 1622 500 Constantinopolitanam,
1673 437 1741 482 ac
1770 420 2087 482 simulacro
2109 425 2146 474 Α
2172 416 2453 481 invidiam
2478 423 2722 499 Basilio,
2758 432 2821 484 ut
2846 423 3073 486 homini
3124 421 3551 491 immoderato,
3597 439 3812 484 crean-

443 505 700 584 quodam
756 507 990 587 pietatis
1023 517 1082 571 et
1129 518 1307 571 rectae
1357 509 1494 570 fidei
1545 510 1890 591 perfecisse,
1928 519 1992 571 ut
2022 519 2080 571 et

441 593 802 658 dissidentes
833 597 1087 660 civitatis
1118 611 1316 678 partes
1348 600 1407 659 in
1442 619 1622 660 unum
1648 602 2077 680 coalescerent,

442 692 501 744 et
525 703 594 746 ex
626 685 838 747 vicinis
860 689 1160 768 episcopis
1187 688 1457 750 nonnulli
1488 689 1762 750 eamdem
1794 689 2081 768 conjunc-

444 774 662 836 tionem
685 793 777 835 am
789 776 1210 852 plecterentur.
1246 782 1460 841 Narrat
1492 778 1568 840 de
1592 779 1908 840 schismate
1929 779 2083 859 epis-

443 881 728 944 coporum
761 866 1171 946 Cappadociae,
1217 874 1280 928 ut
1301 885 1482 947 supra
1510 866 1766 928 vidimus
1801 890 1814 948 ;
1882 868 2084 928 invitat

445 950 792 1032 Eusebium,
827 961 890 1013 ut
931 971 1067 1016 vere
1117 954 1545 1017 Caesariensem
1579 954 1903 1018 Ecclesiam
1937 956 2083 1017 invi-

446 1049 529 1100 sat
564 1063 580 1112 ;
614 1041 695 1102 ait
723 1061 788 1103 se
815 1042 1028 1104 melius
1061 1043 1233 1105 solito
1261 1063 1380 1105 non
1414 1046 1632 1108 valere.

527 1129 758 1212 Scripta
790 1140 878 1192 est
909 1133 1032 1193 haec
1057 1133 1309 1212 epistola
1339 1153 1494 1195 anno
1521 1135 1640 1195 370
1683 1143 1958 1209 exeunte,
1995 1135 2083 1197 vel

444 1223 687 1282 ineunte
708 1222 845 1282 371.
890 1221 1150 1283 Credere
1192 1224 1390 1285 malim
1423 1243 1579 1285 anno
1625 1224 1741 1288 370
1802 1226 2082 1304 scriptam

445 1311 648 1371 fuisse.
683 1309 846 1382 Quod
884 1311 1041 1371 enim
1089 1311 1376 1391 duosjam
1425 1332 1658 1374 menses
1690 1314 1920 1376 nivibus
1951 1334 2088 1376 coo-

447 1400 595 1480 perti
630 1398 1011 1479 Cappadoces
1055 1399 1358 1481 dicuntur,
1397 1402 1453 1462 id
1486 1403 1561 1464 de
1617 1403 1920 1464 mensibus
1965 1424 2082 1464 non

445 1490 637 1570 plenis
669 1499 725 1551 et
748 1492 970 1551 exactis
1027 1490 1215 1570 accipi
1267 1499 1479 1571 potest.
1544 1495 1836 1555 Praeterea
1892 1494 2087 1555 hiems

443 1580 560 1641 cito
592 1579 909 1641 admodum
935 1579 993 1640 in
1024 1580 1392 1659 Cappadocia
1441 1582 1783 1662 incipiebat.
1821 1583 1947 1644 Non
1982 1585 2086 1644 du-

2163 507 2323 570 dam.
2361 509 2446 571 De
2478 511 2569 573 his
2615 512 2980 588 rumoribus,
3015 531 3166 595 quos
3199 510 3476 573 malevoli
3537 511 3817 573 homines

2164 598 2541 674 spargebant,
2595 602 2912 664 certiorem
2964 602 3252 664 Basiliam
3302 600 3441 662 fecit
3488 601 3815 682 Bosporius

2165 686 2413 749 colonia;
2445 690 2501 750 in
2533 688 2904 770 Cappadocia
2927 693 3267 772 episcopus.

2247 777 2563 839 Perculsus
2587 780 2698 840 hoc
2722 782 2929 842 nuntio
2953 780 3208 843 Basilius
3230 787 3413 841 totam
3441 789 3676 842 noctem
3705 791 3819 843 tra-

2165 864 2326 926 duxit
2349 867 2699 930 insommem
2724 870 3223 950 quemadmodum
3245 870 3376 949 ipse
3393 878 3590 932 narrat
3608 869 3670 931 in
3691 871 3820 951 epi-

2165 953 2315 1016 stola
2345 957 2412 1017 5t
2435 1003 2448 1030 ,
2474 957 2532 1017 in
2564 978 2678 1038 qua
2697 960 2937 1039 exponit
2966 958 3111 1040 quid
3146 959 3222 1020 de
3254 957 3463 1020 Dianio
3510 977 3544 1019 a
3591 963 3818 1021 teneris

2165 1046 2442 1125 senserit,
2478 1066 2548 1107 ac
2573 1047 2830 1126 ingenue
2852 1049 3069 1109 fatetur
3096 1067 3159 1108 se
3204 1066 3336 1108 cum
3367 1047 3564 1109 multis
3586 1048 3719 1108 aliis
3755 1050 3815 1110 in

2170 1133 2356 1211 patria
2370 1133 2553 1195 Deum
2585 1135 3634 1211 timentibusinsolabiliterdoluisse,
3654 1137 3816 1213 quod

2169 1221 2416 1284 Dianius
2441 1224 2705 1286 formula:
2734 1226 3248 1306 ConstantinOpoli
3282 1245 3313 1287 a
3343 1225 3598 1304 Georgio
3625 1226 3819 1288 allata;

2169 1311 2646 1393 subscripsisset,
2679 1317 2782 1377 sed
2812 1324 3007 1377 tamen
3046 1316 3116 1376 ad
3148 1315 3278 1394 ejus
3328 1315 3816 1377 communionem

2171 1403 2517 1473 accessisse,
2548 1415 2856 1484 postquam
2887 1405 3127 1467 Dianius
3177 1405 3237 1464 in
3270 1404 3567 1477 morbum,
3596 1423 3664 1466 ex
3699 1425 3817 1486 quo

2172 1501 2437 1552 mortuus
2455 1501 2566 1572 est,
2603 1493 2826 1573 lapsus,
2865 1495 3074 1556 Basilio
3095 1495 3388 1555 accersito
3413 1495 3631 1572 juravit
3665 1496 3817 1557 nihil

2171 1580 2283 1641 sibi
2313 1592 2517 1643 contra
2552 1585 2853 1646 Nicmnam
2889 1584 3067 1644 fidem
3105 1583 3474 1664 propositum
3501 1585 3816 1663 fuisse,se-

446 1671 604 1730 bium
640 1680 837 1730 autem
865 1670 1004 1748 quin
1036 1670 1389 1732 clericorum
1423 1671 1640 1747 aliquis
1683 1675 1836 1734 hanc
1868 1674 2085 1753 epistoo
2112 1704 2146 1753 Β
2172 1687 2286 1749 que
2318 1671 2465 1731 nihil
2497 1672 2654 1732 aliud
2681 1673 2928 1739 sentire,
2965 1691 3141 1750 quam
3163 1672 3320 1753 quod
3341 1672 3413 1732 ab
3441 1671 3610 1733 initio
3643 1692 3820 1735 acce-

446 1759 560 1819 lam
590 1757 893 1818 detulerit.
919 1757 1016 1820 Sic
1045 1758 1204 1818 enim
1233 1778 1282 1819 sr
1304 1758 1468 1819 litum
1495 1761 2080 1834 scribereBasilium,

446 1847 652 1908 saltem
673 1865 804 1906 cum
829 1846 1085 1925 aliquem
1111 1847 1438 1926 dataopera
1460 1849 1826 1922 mittebat,ex
1851 1870 1945 1930 ep.
1973 1852 2085 1914 198

445 1936 862 2017 perspicimus.
897 1937 1176 2009 Quamvis
1206 1947 1402 1999 autem
1459 1958 1612 1999 unus
1655 1948 1876 2000 tantum
1914 1941 2085 2001 initio

444 2025 708 2105 epistolae
729 2025 1076 2105 designetur
1101 2026 1360 2106 bajulus,
1388 2027 1824 2088 sociumtamen
1855 2030 2086 2091 eiaddi-

441 2123 562 2176 tum
583 2114 766 2176 fuisse
799 2125 954 2195 patet
984 2135 1054 2177 ex
1087 2114 1180 2176 his
1217 2116 1438 2195 verbis,
1489 2126 1553 2177 ut
1585 2119 1704 2194 ipsi
1731 2117 1827 2179 illi
1856 2136 2080 2180 narra-

441 2205 782 2284 bunt.Szepe
808 2206 865 2264 in
900 2205 1194 2286 ejusmodi
1227 2205 1458 2279 litteris,
1494 2207 1604 2269 etsi
1626 2207 1742 2268 duo
1771 2209 2082 2270 mitteban-

441 2304 559 2368 tur,
583 2314 736 2357 unus
751 2295 1298 2369 nominabantur,ut
1320 2295 1624 2358 observavi
1647 2297 1721 2359 ad
1745 2299 1918 2378 epist.
1938 2300 2079 2363 “243.

519 2383 616 2444 IV.
653 2383 734 2446 Ex
765 2385 836 2445 lis
867 2384 970 2465 qui
1001 2385 1214 2448 Basilio
1240 2385 1300 2445 in
1335 2386 1680 2464 primordiis
1701 2390 2080 2468 episc0patus

436 2475 767 2552 gratulandi
789 2485 844 2535 et
865 2475 1217 2536 adhortandi
1232 2493 1406 2537 causa
1425 2476 2078 2556 scripserunt,duorum

434 2562 508 2624 ad
542 2582 650 2624 nos
681 2565 1096 2644 episcoporum
1133 2565 1372 2626 nomina
1397 2569 1998 2644 pervenere,Arcadii
2026 2578 2082 2629 et

437 2651 790 2715 Innocentii.
817 2655 1049 2716 Primus
1070 2672 1237 2730 spem
1258 2673 1290 2714 a
1311 2672 1376 2715 se
1401 2654 1475 2715 de
1493 2655 1710 2716 Basilio
1732 2667 2078 2736 conceptam

437 2742 872 2820 significaverat
893 2744 1008 2822 (α),
1038 2752 1096 2805 et
1133 2743 1420 2822 reliquias
1446 2754 1764 2825 martyrum
1791 2748 1861 2808 ad
1883 2747 2077 2809 eccle-

437 2831 583 2893 siam
602 2850 814 2895 recens
832 2853 865 2894 a
879 2852 941 2895 se
963 2840 1370 2896 constructam
1389 2834 1662 2914 petierat.
1682 2835 2051 2897 Perhonoriﬁ

436 2940 507 2982 ce
531 2923 855 3001 respondet
878 2923 1131 2985 Basilius
1159 2924 1261 3000 (ὁ),
1298 2941 1482 3003 seque
1517 2924 1674 2984 illius
1699 2926 1872 2987 studii
1906 2926 2082 3004 adju-

2172 1768 2336 1837 perat
2364 1779 2434 1821 ac
2468 1762 2720 1840 precari,
2758 1768 2820 1821 ut
2850 1779 2881 1821 a
2925 1769 3326 1822 trecentorum
3358 1760 3564 1822 decem
3595 1771 3654 1821 et
3685 1771 3820 1822 octo

2172 1850 2410 1909 Patrum
2440 1857 2601 1910 sorte
2634 1853 3110 1929 noniseparetur.

2251 1937 2444 2018 Iniqui
2457 1939 2531 2000 de
2548 1937 2766 1999 Basilio
2791 1957 3060 1999 rumores
3078 1939 3148 1998 ad
3165 1940 3480 2000 canonicas
3503 1942 3819 2018 quasdam,

2171 2026 2293 2087 sive
2324 2045 2524 2088 sacras
2547 2028 2805 2105 virgines
2842 2027 3052 2107 perlati
3085 2029 3343 2091 fuerant.
3366 2028 3495 2108 Ipse
3517 2029 3820 2091 etiamBa-

2166 2115 2336 2176 silius
2368 2117 2530 2177 falsis
2563 2116 2901 2177 rumoribus
2925 2116 3235 2197 deceptus,
3271 2117 3464 2176 minus
3487 2136 3714 2196 aaquam
3741 2119 3823 2181 de

2164 2206 2464 2268 canonicis
2489 2207 2830 2287 opinionem
2865 2215 3195 2286 acceperat.
3233 2206 3523 2268 Dedocuit
3554 2209 3820 2285 virgines

2169 2296 2508 2375 Bosporius,
2543 2306 2600 2358 et
2625 2296 2697 2356 ad
2723 2297 3047 2375 aequiorem
3082 2297 3154 2356 de
3194 2295 3407 2356 Basilio
3453 2298 3818 2360 sententiam

2164 2385 2430 2458 adduxit,
2466 2404 2533 2446 ac
2559 2403 2766 2446 rursus
2799 2386 3075 2445 Basiliam
3099 2385 3173 2444 de
3190 2384 3370 2445 rebus
3389 2387 3814 2448 canonicarum

2162 2476 2492 2535 accuratius
2537 2474 2786 2535 erudivit
2837 2476 3166 2553 Utrumque
3207 2475 3423 2535 Basilio
3471 2486 3817 2555 pergratum

2161 2564 2396 2635 accidit,
2426 2584 2494 2624 ac
2527 2564 2823 2644 duplicem
2857 2581 3022 2624 suam
3059 2563 3323 2624 laetitiam
3386 2566 3694 2625 canonicis
3728 2566 3818 2626 si-

2163 2654 2402 2732 gnificat
2436 2657 2491 2715 in
2526 2653 2778 2733 epistola
2808 2655 2905 2725 52,
2956 2662 3013 2713 et
3072 2652 3364 2714 nonnulla
3423 2653 3498 2714 de
3543 2654 3821 2733 dogmate

2163 2742 2428 2816 disserit,
2490 2753 2555 2804 ut
2589 2741 2761 2802 modo
2792 2741 3151 2803 videbimus.

2243 2831 2365 2893 Nec
2397 2831 2579 2893 rebus
2609 2849 2719 2892 nec
2753 2839 3021 2910 tempore
3045 2833 3149 2892 has
3176 2831 3462 2911 epistolas
3491 2833 3822 2914 (e)disjun—

2163 2921 2387 2998 gendas
2415 2921 2723 2982 duximus.
2746 2919 2810 2981 In
2839 2930 3089 3000 utraque
3121 2921 3168 2980 is
3190 2921 3292 2997 qui
3312 2922 3591 2984 Basilium
3620 2936 3826 2986 monet

437 3019 624 3072 torem
684 3011 947 3072 futurum
991 3011 1303 3091 promittit,
1356 3012 1405 3070 si
1437 3011 1725 3092 reliquias
1755 3023 2077 3091 martyrum
2099 3008 2139 3058 C
2164 3010 2301 3089 quid
2323 3010 2397 3070 de
2419 3010 2521 3071 illo
2543 3011 2792 3083 dicatur,
2820 3010 3144 3090 Bosporius
3164 3009 3541 3072 est.Basilius
3561 3011 3621 3072 in
3651 3021 3818 3074 utra-

433 3099 787 3178 investigare
803 3100 1608 3180 possit.Innocentius,quem
1632 3101 1998 3181 perabsurde
2017 3104 2085 3164 li-

439 3187 620 3250 brarii
645 3191 849 3251 Romae
872 3192 1214 3268 episcopum
1246 3188 1536 3261 fecerunt,
1580 3208 1804 3270 magna
1827 3193 1993 3254 urbis
2027 3203 2084 3257 et

439 3276 704 3339 Caesarea
725 3297 838 3338 non
863 3297 1066 3357 parum
1100 3277 1377 3339 distantis
1402 3279 1723 3361 episcopus
1747 3291 1873 3343 erat
1894 3285 2084 3364 etSpi-

438 3366 583 3426 ritus
601 3369 787 3428 sancti
807 3368 1256 3446 glorificator,id
1280 3369 1724 3440 est,divinitatis
1742 3373 1868 3450 ejus
1883 3373 2087 3435 defen-

439 3458 823 3519 sor.Basilius
849 3458 920 3536 (ο)
942 3457 1161 3536 gratias
1181 3457 1234 3518 ei
1251 3458 1560 3537 agit,quod
1583 3478 1646 3520 se
1669 3461 1995 3542 adhortari,
2017 3483 2086 3524 ac

443 3544 654 3606 litteris
681 3565 959 3608 recreare
983 3546 1256 3624 dignatus
1273 3557 1429 3607 esset
1488 3558 1546 3609 et
1576 3549 1744 3611 velut
1760 3569 2087 3630 puerorum

440 3637 770 3713 infantium
801 3636 968 3698 ulnis
996 3655 1122 3697 sua?
1154 3638 1597 3714 magnitudinis
1625 3641 1924 3718 amplecti.

523 3726 864 3803 Pergamius
886 3726 1354 3805 quidamBasilio
1386 3727 1456 3786 ad
1480 3728 1890 3808 episcopatum
1919 3750 2089 3794 evec-

449 3825 503 3875 ιο
534 3817 870 3894 gratulatus
890 3816 1104 3894 fuerat,
1132 3815 1233 3875 sed
1259 3834 1391 3875 cum
1414 3833 1765 3895 responsum
1789 3836 1905 3879 non
1924 3839 2088 3885 acce-

441 3905 647 3984 pisset,
682 3903 897 3965 iterum
928 3904 1190 3986 scripsit,
1226 3923 1340 3964 non
1366 3905 1495 3966 siue
1519 3906 1800 3979 gravibus
1823 3912 2086 3988 querelis

439 3995 595 4075 quod
653 4013 798 4054 nova
848 3994 1105 4069 dignitas
1140 3994 1357 4055 Basilio
1412 3994 1772 4056 oblivionem
1840 4010 1901 4059 et
1933 4019 2082 4059 con-

441 4092 726 4164 temptum
761 4083 1090 4146 amicorum
1115 4083 1364 4146 afﬂaret.
1394 4083 1615 4145 Scribit
1636 4088 1833 4166 itaque
1857 4088 1940 4148 illi
1965 4089 2080 4150 Ba—

441 4175 607 4236 silius
638 4173 949 4254 epistolam
1001 4175 1098 4245 56,
1161 4174 1220 4234 in
1253 4192 1369 4252 qua
1403 4193 1468 4234 se
1501 4183 1706 4236 natura
1761 4178 2081 4256 proclivem

443 4283 572 4326 esse
603 4265 672 4326 ad
707 4263 1174 4325 obliviscendum
1207 4264 1446 4342 fatetur,
1496 4264 1598 4324 sed
1650 4283 1807 4328 nunc
1837 4269 2084 4346 negotiis

2166 3118 2281 3178 que
2302 3108 2556 3161 structas
2577 3099 2687 3160 sibi
2707 3098 3036 3161 calumnias
3057 3099 3351 3178 ejusmodi
3367 3116 3500 3161 esse
3523 3100 3822 3183 declarat,

2167 3196 2229 3246 ut
2261 3206 2462 3248 earum
2497 3197 2768 3250 auctores
2801 3189 3050 3250 credere
3095 3207 3211 3248 non
3259 3188 3574 3251 videantur
3602 3210 3665 3252 se
3727 3194 3820 3254 vel

2167 3276 2340 3338 otiosi
2374 3278 2536 3338 verbi
2561 3277 2856 3340 rationem
2887 3277 2948 3338 in
2980 3277 3075 3337 die
3104 3277 3320 3356 judicii
3351 3279 3715 3342 reddituros.
3751 3286 3822 3345 In

2170 3375 2420 3447 utraque
2443 3367 2732 3429 refellitur
2773 3367 3075 3430 calidioris
3107 3386 3174 3427 ac
3223 3368 3600 3430 immoderatt
3631 3372 3823 3433 animi

2169 3457 2525 3518 criminatio.
2559 3456 2703 3517 Nam
2728 3457 2785 3517 in
2817 3457 3065 3536 epistola
3089 3458 3161 3517 ad
3187 3459 3535 3536 Bosporium
3560 3460 3823 3539 legimus

2171 3556 2508 3607 accusatum
2537 3546 2719 3608 fuisse
2750 3546 3057 3625 Basilium,
3090 3546 3250 3625 quod
3284 3546 3554 3609 Dianium
3579 3553 3828 3612 anathe-

2173 3636 2529 3706 matizasset,
2558 3636 2760 3715 synodi
2785 3634 3038 3696 Nicaeum
3065 3635 3475 3697 defensionem
3511 3637 3663 3699 ultra
3683 3659 3824 3701 mo-

2173 3726 2310 3786 dum
2345 3736 2403 3786 ct
2427 3726 2616 3804 legem
2652 3731 3009 3804 perducens.
3035 3724 3098 3784 In
3127 3724 3381 3803 epistola
3402 3726 3475 3786 ad
3503 3729 3824 3790 canonicas

2173 3835 2289 3876 non
2322 3815 2537 3878 refellit
2569 3814 2916 3875 nominatim
2949 3815 3062 3875 hoc
3114 3815 3302 3874 Dianii
3336 3817 3820 3882 anathematizati

2170 3904 2705 3979 commentum;sed
2726 3905 3000 3964 eamdem
3017 3903 3276 3963 hominis
3297 3903 3670 3967 immoderati
3691 3909 3814 3989 opi-

2172 3994 2409 4055 nionem
2444 4013 2477 4054 a
2507 4012 2571 4055 se
2593 4003 2878 4064 removet,
2910 3993 3050 4052 dum
3075 4010 3280 4053 earum
3314 4003 3522 4070 rogatu
3577 3999 3827 4077 exponit

2169 4083 2309 4163 quid
2338 4082 2411 4143 de
2434 4082 2919 4145 consubstantiali
2950 4083 3184 4142 sentiat.
3207 4101 3276 4144 ac
3294 4085 3529 4164 eos,qui
3555 4088 3821 4149 nondum

2172 4175 2324 4233 hanc
2355 4191 2562 4234 vocem
2604 4181 2980 4251 receperant,
3015 4171 3274 4250 benigne
3305 4181 3569 4248 excusat,
3601 4176 3738 4255 quia
3793 4196 3829 4238 a

2172 4262 2441 4324 Patribus
2469 4255 2878 4333 Antiochenis,
2914 4271 2978 4321 ut
3024 4262 3153 4341 ipse
3183 4262 3560 4342 opinabatur,
3597 4266 3828 4344 rejecta

441 4353 776 4414 districtum
831 4352 1061 4413 facilius
1095 4352 1380 4412 oblivisci.
1441 4351 1501 4412 Id
1568 4371 1760 4414 causa:
1812 4374 1947 4417 esse
1979 4353 2543 4417 cueruerat.lllud
2567 4351 2743 4413 etiam
2767 4350 3047 4430 optabant
3073 4351 3397 4424 canonica),
3435 4360 3686 4414 utsuam
3714 4356 3830 4416 Ba»

441 4450 703 4522 accepta:
724 4461 757 4502 a
782 4441 1090 4519 Pergamio
1121 4442 1388 4522 epistola:
1423 4459 1538 4502 non
1562 4441 1924 4504 meminerit.
1953 4447 2080 4508 Cre-

441 4543 629 4594 terum
657 4533 928 4593 hortatur
958 4531 1334 4610 Pergamium
1371 4543 1433 4592 ut
1475 4531 1679 4610 paunis
1724 4534 1920 4596 verbis
1955 4555 2083 4596 ma-

441 4640 558 4699 gna
589 4621 840 4683 crimina
861 4621 1077 4682 inferre
1123 4621 1395 4682 desinat:
1431 4620 1653 4701 quippe
1688 4640 1822 4681 cum
1859 4624 2085 4685 amico-

440 4729 570 4771 rum
607 4710 824 4771 oblivio
850 4719 905 4772 et
927 4720 1304 4791 contemptus
1336 4728 1404 4771 ex
1433 4718 1723 4790 potestate
1745 4719 1908 4772 ortus
1940 4713 2087 4776 nihil

443 4800 579 4860 mali
637 4819 751 4859 non
806 4803 1260 4879 complectatur.
1296 4799 1591 4860 Promittit
1647 4817 1711 4859 se
1750 4819 1864 4861 non
1929 4802 2092 4881 prius

445 4889 758 4968 Pergamii,
796 4907 972 4967 quam
1007 4889 1099 4950 sui
1124 4889 1313 4969 ipsius
1335 4888 1684 4950 obliturum.

525 4983 599 5039 V.
625 4977 764 5048 Qua:
788 4996 965 5056 supra
982 4978 1236 5038 diximus
1262 4977 1543 5038 Basilium
1568 4977 1719 5038 inter
1736 4987 1792 5039 et
1815 4979 2088 5044 Dianium

443 5066 957 5145 intercessisse,ea
981 5068 1378 5146 hoctempore
1396 5066 1623 5128 inimici
1641 5067 1798 5129 illius
1818 5087 1885 5131 ex
1911 5071 2086 5131 silen-

444 5159 523 5220 tio
549 5166 610 5220 et
639 5154 940 5217 oblivione
963 5157 1427 5235 exsuscitarunt,
1457 5174 1524 5216 ac
1555 5157 1710 5218 malo
1733 5160 1928 5220 animo
1961 5181 2092 5221 am—

444 5246 862 5329 pliaverunt(d)
878 5244 1186 5307 .Dixerunt
1201 5243 1359 5305 enim
1375 5244 1931 5310 anathematizatum
1953 5251 2092 5312 fuis-

441 5357 506 5400 se
525 5339 599 5399 ab
625 5356 694 5399 eo
716 5333 1015 5400 Dianium:
1033 5353 1146 5415 qua
1166 5333 1463 5396 calumnia
1490 5333 1638 5395 nihil
1662 5336 1856 5417 aptius
1877 5348 2002 5401 erat
2020 5340 2092 5402 ad

525 5508 608 5660 (ag
633 5509 746 5590 Ep.
770 5506 870 5572 49.

525 5590 584 5660 (b
634 5587 744 5660 Ep.
778 5587 880 5653 50.

549 5595 602 5660 ο)
634 5595 744 5670 Ep.
778 5595 880 5653 50.

521 5595 605 5753 ξε)
644 5670 758 5752 Ep.
783 5669 886 5736 81.

2169 4442 2338 4502 silius
2367 4443 2725 4504 sententiam
2760 4440 3019 4519 aperiret
3043 4441 3117 4500 de
3152 4440 3222 4500 iis
3244 4441 3342 4520 qui
3363 4442 3648 4520 Spiritum
3674 4442 3830 4505 Filio

2172 4541 2545 4611 prmponunt,
2579 4540 2680 4592 aut
2713 4534 2887 4593 Patre
2909 4529 3308 4609 antiquiorem
3336 4539 3562 4610 putant.
3600 4531 3825 4594 Morem

2172 4623 2256 4682 eis
2287 4621 2550 4682 libenter
2572 4621 2774 4698 gessit.
2811 4620 2927 4681 Sed
2955 4638 3062 4680 cur
3094 4620 3206 4681 hoc
3236 4619 3309 4680 ab
3354 4639 3426 4682 eo
3467 4622 3827 4700 postulatum

2172 4721 2285 4784 est,
2322 4710 2434 4770 nisi
2467 4710 2609 4788 quia
2628 4710 2756 4790 ipse
2778 4709 2837 4768 in
2862 4709 3036 4787 hujus
3057 4709 3277 4770 erroris
3292 4709 3698 4786 suspicionem
3717 4729 3829 4772 vo-

2175 4797 2440 4862 cabatur.
2480 4799 2729 4878 ejusque
2761 4798 2946 4858 animi
2980 4797 3306 4859 moderatio
3350 4800 3408 4858 in
3441 4798 3829 4862 defendenda

2174 4891 2360 4951 sancti
2385 4888 2640 4969 Spiritus
2667 4887 2978 4948 divinitate
2995 4888 3067 4948 ab
3086 4888 3349 4949 inimicis
3376 4887 3831 4969 requirebatur?

2175 4980 2347 5041 Hunc
2367 4982 2520 5041 enim
2539 4997 2803 5041 errorem
2821 4977 3154 5039 acrioribus
3170 4978 3524 5040 adversariis
3543 4997 3830 5059 pneuma-

2177 5071 2434 5131 tomachi
2467 5089 2534 5131 ac
2568 5069 2917 5130 nominatim
2952 5068 3068 5149 ipsi
3103 5069 3323 5130 Basilio
3345 5069 3723 5143 aﬂinxerunt,
3757 5080 3835 5135 ut

2182 5162 2578 5242 perspicimus
2597 5180 2667 5222 ex
2691 5159 2950 5242 epistola
2974 5161 3530 5240 ‘251.Videturergo
3555 5161 3682 5224 hac
3705 5163 3805 5243 epi
3821 5200 3834 5210 -

2177 5253 2330 5316 stola
2354 5270 2488 5314 cum
2527 5251 2889 5332 praecedenti
2920 5260 2980 5312 et
3006 5251 3186 5314 rebus
3205 5260 3264 5312 et
3288 5261 3557 5331 tempore
3578 5254 3832 5333 conjun-

2178 5341 2392 5422 genda.
2420 5342 2624 5422 Neque
2655 5342 2912 5402 obscura
2941 5348 3030 5402 est
3050 5340 3223 5418 ratio,
3260 5360 3366 5402 cur
3397 5340 3544 5402 nihil
3570 5341 3831 5405 Basilius

2259 5511 2337 5594 (ά)
2375 5511 2566 5594 Epist.
2601 5511 2702 5587 si,
2735 5509 2834 5575 ss.

2261 5593 2346 5672 (ε)
2372 5593 2521 5656 Ibid.
