4068 6204
1916 371 2318 436 PROLEGOM
2328 368 2506 437 ENA.

523 512 649 573 sint
673 527 747 573 ea:
776 510 1030 571 incauta
1063 511 1489 571 commuuione
1515 509 1785 570 morbum
1818 525 1992 568 suum
2032 523 2165 567 cum
2190 522 2223 560 Α
2260 504 2601 566 Proferebat
2636 506 2781 566 iliud
2820 504 3099 579 Gregorii
3131 504 3355 568 dictum
3388 524 3456 568 ex
3493 502 3750 586 quadam
3784 521 3919 567 ora-

521 601 823 681 proaimis
843 600 1322 661 communicare.
2258 594 2441 656 tione.
2452 594 2773 676 Quousque
2787 596 3092 657 lucernam
3103 597 3213 658 sub
3227 615 3281 657 γη
3292 598 3431 658 odio
3442 595 3910 657 abscondemus.

607 691 679 752 ll.
708 687 851 750 Cum
882 688 1153 749 invictam
1190 687 1375 747 animi
1403 687 1816 750 fortitudinem
1844 704 2075 747 summa
2096 685 2171 743 le-
2340 682 2667 764 Respondit
2710 684 3037 764 Gregorius
3091 704 3367 765 magnum
3410 704 3542 747 esse
3574 684 3737 745 inter
3766 700 3832 744 se
3852 692 3917 745 et

525 779 680 839 nitas
726 779 784 837 in
840 776 1058 838 Basilio
1087 787 1473 855 temperaret,
1511 778 1568 838 in
1603 786 1854 855 utroque
1890 774 2175 835 mirabilis
2261 772 2549 834 Basiliam
2603 773 2951 847 discrimen,
2980 775 3137 850 quod
3186 775 3348 835 dicta
3396 793 3524 849 sua,
3551 782 3615 835 ut
3648 772 3916 834 hominis

523 878 671 943 erat,
701 874 759 927 et
792 870 846 928 in
871 866 1165 927 adeundis
1200 883 1308 943 pro
1345 868 1590 927 veritate
1620 864 1985 945 gravissimis
2012 867 2170 943 peri-
2260 861 2522 935 obscuri,
2560 881 2678 923 non
2716 863 2912 941 magni
2958 862 3077 923 sint
3110 866 3393 925 momenti
3423 884 3438 923 :
3476 862 3674 923 Basilii
3706 870 3910 922 autem

526 958 765 1031 culis,et
784 958 842 1016 in
858 956 1294 1036 persequendis
1309 956 1589 1017 omnibus
1606 956 1766 1035 pacis
1786 953 2173 1014 conciliandae
2254 951 2624 1030 amplissimo
2640 952 2698 1014 in
2715 953 2845 1012 loco
2859 953 3125 1013 sedentis
3142 953 3367 1014 nullum
3386 954 3569 1031 possit
3584 951 3909 1012 obscurum

525 1044 949 1125 modis.ltaque
973 1064 1104 1105 cum
1122 1045 1417 1106 Arianiad
1438 1045 1895 1126 oppugnandum
1918 1042 2173 1122 Spiritus
2256 1058 2387 1099 esse
2417 1040 2641 1101 dictum
2673 1059 2688 1116 ;
2723 1050 2781 1101 et
2811 1059 2945 1104 cum
2984 1042 3251 1103 haeretici
3312 1042 3581 1103 sitienter
3624 1053 3911 1121 appetant

523 390 694 440 LXXII

525 1136 713 1197 sancti
735 1135 1104 1194 divinitatem
1133 1154 1339 1195 omnes
1360 1136 1517 1197 vires
1540 1154 1676 1195 suas
1702 1136 2167 1201 convertissem;

525 1225 714 1303 palam
737 1231 1013 1301 etaperte
1030 1224 1141 1283 hoc
1155 1225 1368 1300 dogma
1384 1224 1838 1291 deiendebat,et
1853 1221 2171 1300 Scriptiraz

525 1313 876 1373 testimoniis
889 1332 956 1373 ac
974 1314 1327 1374 necessariis
1344 1314 1673 1373 rationibus
1699 1314 1783 1373 sic
1807 1313 2147 1385 constringe

524 1400 625 1462 bat
652 1402 1118 1474 adversarios,ut
1142 1421 1383 1482 prorsus
1407 1404 1667 1479 effugere
1685 1422 1799 1463 non
1816 1404 2168 1482 posseuttut.

524 1489 642 1552 Sed
666 1508 801 1552 cum
830 1492 1010 1550 sciret
1056 1490 1290 1551 Arianis
1325 1500 1609 1553 statutum
1645 1510 1777 1551 esse
1801 1510 1936 1551 eum
1970 1491 2137 1568 expel

526 1580 673 1647 lere,
701 1580 747 1639 si
774 1578 1059 1657 Spiritum
1086 1580 1263 1639 verbo
1301 1582 1483 1642 Deum
1518 1581 1864 1659 appellaret,
1892 1600 1957 1639 ac
1990 1585 2174 1639 tiaesa-

523 1670 784 1728 riensem
814 1668 1138 1727 Ecclesiam
1160 1686 1481 1747 occupare,
1510 1680 1566 1728 et
1600 1669 1737 1728 inde
1761 1670 1914 1728 velut
1945 1686 2014 1728 ex
2038 1685 2175 1726 arce

526 1757 779 1835 quadam
808 1756 1009 1815 omnia
1032 1757 1325 1834 populari;
1349 1758 1631 1818 abstinuit
1652 1758 1760 1817 hac
1777 1776 1916 1817 voce
1940 1758 2008 1817 ad
2032 1767 2175 1816 tem-

525 1863 917 1925 pus,necesse
936 1864 1049 1904 non
1079 1855 1288 1924 putans
1312 1865 1438 1905 eam
1464 1865 1701 1925 semper
1725 1846 1781 1905 in
1801 1864 1903 1905 ore
1930 1845 2170 1916 habere,

526 1911 704 1993 inodo
735 1936 791 1993 in
834 1944 966 1994 tuto
1002 1911 1157 1994 esset
1213 1937 1505 1996 sententia
1557 1911 1681 1995 voci
1734 1936 2020 2013 subjecta.
2054 1911 2175 1994 Hoc
2203 1911 2235 1958 Β

526 2023 804 2102 prudenti
838 2024 1085 2083 consilio
1118 2025 1323 2102 elfugit
1361 2025 1779 2086 haereticorum
1815 2026 2088 2085 insidias:
2118 2032 2175 2082 at

527 2112 881 2173 calidiorum
906 2112 1639 2188 Catholicorumquerelas
1665 2123 1720 2174 et
1743 2113 2031 2191 vituperia
2058 2130 2171 2171 non

526 2200 754 2280 eﬂugit.
791 2203 986 2277 Atque
1036 2202 1091 2260 id
1150 2202 1405 2263 maxime
1454 2203 1777 2263 declarasit
1827 2202 1955 2262 dies
1990 2203 2175 2260 festus

528 2294 589 2353 S.
616 2291 1142 2370 Eupsychii,quiin
1169 2292 1325 2352 diem
1352 2294 1673 2371 septimum
1698 2291 2069 2370 Septembris
2094 2290 2181 2350 in-

523 2380 783 2444 cidebat.
804 2381 1137 2441 lntererant
1168 2380 1371 2442 Basilii
1394 2381 1937 2460 concioni,Enippii
1962 2390 2016 2439 et
2037 2381 2175 2439 alio-

524 2488 655 2530 rum
692 2468 1073 2541 Arianorum,
1096 2472 1194 2548 qui
1222 2472 1345 2547 jam
1381 2472 1767 2550 advenerant,
1796 2470 2085 2530 euiissarii
2113 2478 2175 2529 ut

525 2566 682 2638 patet
714 2576 787 2618 ex
810 2558 1007 2619 verbis
1040 2557 1304 2636 Gregorii
1340 2560 1447 2639 (b),
1484 2565 1582 2638 qui
1617 2560 1821 2639 paucis
1849 2567 1980 2638 post
2012 2558 2166 2617 diem

522 2648 737 2709 festum
767 2647 980 2709 diebus
1008 2649 1224 2721 aiebat,
1252 2650 1463 2728 ingens
1495 2651 1653 2711 circa
1676 2650 1954 2711 Basilium
1983 2649 2169 2708 exsti-

524 2738 664 2797 tisse
686 2738 930 2815 liellum,
959 2758 1091 2798 cum
1119 2750 1407 2818 cuperent
1434 2740 1700 2799 haaretici
1724 2740 1938 2798 nudam
1968 2756 2165 2797 vocem

523 2845 593 2888 ex
628 2846 699 2887 eo
731 2827 1021 2906 arripere,
1049 2836 1111 2887 ut
1141 2828 1270 2907 ipse
1295 2847 1363 2890 ex
1398 2828 1663 2891 Ecclesia
1695 2828 2036 2908 pelleretur,
2067 2828 2163 2906 qui

521 2917 684 2978 solus
711 2936 863 2995 pene
886 2917 1181 2993 igniculus
1211 2919 1472 2979 veritatis
1494 2917 1757 2979 restabat
1779 2917 2049 2979 etvitalis
2077 2918 2162 2975 l'a-

522 3008 734 3080 cultas,
773 3006 981 3066 vicinis
1015 3008 1293 3066 omnibus
1326 3008 1514 3084 captis
1552 3027 1619 3067 ac
1662 3008 2002 3085 subjugatis.
2043 3006 2163 3067 Ad-

522 3111 693 3158 erant
715 3096 890 3154 etiam
918 3096 1264 3155 fervidiores
1292 3097 1371 3156 illi
1394 3094 1863 3159 Catholici.Usus
1888 3107 1973 3156 est
2002 3096 2164 3155 Basi-

525 3187 640 3245 lius
674 3202 743 3243 eo
777 3185 932 3261 quod
968 3184 1224 3244 diximus
1274 3194 1765 3265 temperamento.

2254 1146 2325 1188 ex
2358 1130 2489 1208 ejus
2520 1148 2624 1191 ore
2659 1132 2875 1191 nudam
2926 1149 3127 1192 vocem
3161 1132 3453 1212 arripere,
3490 1141 3555 1191 ut
3592 1150 3663 1190 eo
3715 1129 3913 1208 ejecto

2257 1216 2584 1280 Ecclesiam
2624 1230 2941 1299 occupent,
2977 1230 3035 1280 et
3063 1221 3224 1295 inde,
3263 1230 3321 1281 ut
3354 1240 3422 1282 ex
3459 1219 3717 1300 quodam
3763 1237 3903 1299 pro-

2258 1307 2870 1386 pugnaculo,ceeteras
2890 1310 3284 1390 populantur;
3315 1310 3495 1370 multo
3520 1306 3704 1368 satius
3722 1306 3911 1369 fuisse

2259 1416 2431 1457 unam
2468 1417 2696 1468 vocem,
2724 1402 3019 1460 sententia
3048 1399 3106 1459 in
3137 1408 3261 1460 tuto
3297 1400 3518 1478 posita,
3546 1396 3907 1477 praetermit-

2260 1495 2407 1557 tere,
2438 1505 2613 1567 quam
2641 1486 2966 1548 Ecclesiam
2992 1497 3153 1548 tanto
3179 1488 3444 1568 periculo
3468 1488 3751 1563 objicere.
3772 1488 3905 1547 Non

2264 1576 2482 1652 placuit
2511 1575 2636 1635 hac
2670 1576 2856 1636 oratio
2906 1576 3311 1644 audientibus,
3355 1595 3607 1654 eamque
3636 1584 3697 1636 ut
3730 1576 3907 1653 longe

2262 1666 2504 1744 petitam
2537 1673 2595 1725 et
2619 1666 2993 1726 cavillantem
3023 1667 3385 1746 rejecerunt,
3418 1667 3730 1745 ipsumque
3760 1662 3906 1725 Gre-

2258 1754 2487 1832 gorium
2514 1753 2874 1815 clamoribus
2900 1756 3168 1817 insectati
3202 1764 3431 1829 suut,ut
3452 1755 3696 1833 ignavia:
3721 1753 3908 1831 magis

2260 1862 2433 1921 quam
2466 1862 2625 1903 sanae
2647 1843 2935 1904 doctrina;
2956 1845 3597 1921 consulentem.Longe
3621 1842 3779 1904 enim
3798 1858 3904 1904 sa-

2263 1934 2375 1992 tius
2410 1950 2545 1993 esse
2594 1932 2935 1994 Catholicos
2994 1936 3245 1997 veritate
3303 1934 3674 2015 praedicanda
3726 1931 3906 2003 tueri,

2257 2039 2434 2100 quam
2462 2036 2566 2081 eos
2599 2021 2710 2081 hoc
2739 2030 3208 2101 temperamento
3233 2023 3569 2100 debilitare,
3594 2039 3701 2081 nec
3732 2020 3907 2080 inte-

2256 2112 2369 2171 rim
2402 2111 2631 2172 alienos
2662 2128 2994 2172 assumere.

2339 2201 2436 2262 IV.
2465 2200 2615 2272 Quid
2637 2201 2854 2260 deinde
2878 2201 3091 2263 dixerit
3113 2213 3171 2263 et
3197 2202 3453 2263 audierit
3477 2198 3683 2278 Grego:
3705 2198 3823 2277 ius,
3849 2208 3910 2257 et

2265 2291 2563 2370 quomodo
2596 2299 2808 2369 praeter
2840 2294 3078 2352 modum
3108 2312 3173 2353 ac
3207 2302 3419 2373 prater
3465 2291 3703 2351 solitum
3748 2287 3909 2348 indi-

2261 2390 2472 2457 gnatus
2490 2379 2657 2457 sit,ut
2681 2380 2914 2458 longius
2930 2399 2996 2441 ac
3021 2382 3183 2443 dictu
3216 2401 3332 2441 non
3360 2380 3788 2442 necessarium.
3817 2376 3905 2437 si-

2259 2468 2361 2532 let.
2391 2470 2510 2529 Hoc
2531 2477 2754 2529 tantum
2782 2470 2944 2530 addit
2988 2472 3203 2531 missos
3245 2491 3276 2531 a
3320 2490 3383 2532 se
3417 2468 3689 2531 homines
3720 2468 3907 2529 factos

2258 2576 2411 2619 esse.
2447 2558 2561 2619 Sed
2592 2578 2625 2619 a
2655 2558 2871 2619 Basilio
2903 2564 3069 2641 petit,
3104 2568 3167 2623 ut
3190 2562 3397 2623 doceat
3420 2578 3483 2620 se
3505 2574 3819 2636 quousque
3843 2555 3904 2615 in

2254 2647 2651 2727 disputatione
2674 2650 2748 2705 de,
2774 2647 3027 2729 Spiritus
3052 2652 3237 2712 sancti
3263 2650 3570 2710 divinitate
3596 2645 3902 2727 progredi,

2252 2754 2521 2817 quasque
2544 2755 2715 2797 voces
2741 2750 3117 2819 usurpare,et
3140 2758 3448 2820 quousque
3472 2734 3799 2798 azconomia
3816 2736 3903 2795 uti

2253 2825 2585 2887 conveniat.
2625 2826 2814 2905 Atque
2848 2827 2904 2887 id
2937 2828 3178 2907 quidem
3211 2828 3376 2908 petit,
3412 2846 3527 2887 non
3560 2843 3665 2886 sua
3694 2842 3898 2898 causa,

2253 2935 2430 2995 quem
2464 2916 2729 2975 omnium
2772 2918 3173 2979 miserrimuzz.
3207 2920 3332 2979 fore
3366 2927 3423 2978 et
3450 2915 3898 2977 stolidissimum

2252 3005 2486 3079 fatetur,
2515 3005 2563 3064 si
2624 3004 2849 3066 dubitet
2906 3008 3048 3087 quid
3103 3007 3360 3069 Basilius
3410 3005 3661 3076 sentiat;
3693 3006 3797 3066 sed
3838 3013 3901 3065 ut

2254 3096 2613 3175 respondeat
2645 3096 3203 3157 contradicentibus.

2334 3183 2608 3254 Quamvis
2634 3186 2955 3262 Gregorius
2975 3188 3151 3267 hujus
3176 3186 3460 3248 molestiae
3487 3186 3755 3246 nuntium
3780 3204 3901 3245 non

604 3271 787 3350 ιΙΙ.(σ)
818 3274 1030 3333 Paucis
1057 3284 1186 3352 post
1216 3274 1427 3333 festum
1454 3274 1669 3334 diebus
1690 3274 2016 3334 convivium
2045 3285 2169 3335 erat
2188 3270 2228 3320 C
2253 3273 2382 3332 sine
2416 3290 2623 3350 magna
2656 3275 2955 3347 cautione,
2982 3278 3331 3357 magnisque
3355 3275 3579 3336 amoris
3601 3274 3897 3352 signiﬁca-

521 3360 810 3429 Nazianzi,
851 3361 907 3419 in
940 3382 1053 3441 quo
1088 3361 1403 3440 Gregorius
1456 3371 1513 3423 et
1566 3364 1729 3423 multi
1764 3364 2031 3441 insignes
2063 3364 2166 3424 viri

522 3448 1201 3525 accumbebant,Basilio
1227 3464 1285 3511 et
1309 3451 1592 3531 Gregorio
1614 3452 1809 3527 amici,
1837 3453 1896 3513 in
1919 3454 2009 3512 liis
2035 3472 2164 3513 mo-

524 3542 747 3603 nachus
774 3543 1143 3624 quidam,qui
1166 3542 1261 3602 die
1286 3544 1433 3603 festo
1458 3549 1640 3602 sancti
1666 3542 1981 3622 Eupsychii
2004 3542 2169 3604 Basi-

524 3634 667 3695 lium
699 3635 989 3696 audior-fit,
1031 3633 1303 3692 Nondum
1351 3642 1585 3693 ventum
1641 3641 1766 3692 erat
1814 3632 1883 3693 ad
1933 3632 2165 3711 pocula,

519 3726 773 3805 jamque
806 3742 1001 3783 sermo
1035 3721 1323 3782 inciderat
1356 3722 1429 3781 de
1486 3722 1702 3782 Basilio
1754 3730 1811 3781 et
1860 3723 2167 3801 Gregorio,

523 3816 677 3892 quod
706 3814 947 3893 quidem
973 3812 1111 3870 satis
1136 3813 1405 3871 solemne
1427 3831 1475 3871 ei
1496 3822 1551 3871 at
1578 3813 1635 3870 in
1661 3812 1942 3871 conviviis
1970 3831 1981 3871 :
2010 3830 2170 3870 cum-

522 3922 641 3979 que
672 3903 953 3964 Basilium
990 3919 1197 3961 omnes
1231 3900 1401 3978 plena
1429 3920 1599 3960 manu
1637 3901 1965 3979 laudarent,
1992 3900 2167 3979 eique

521 3992 868 4069 Gregorium
897 3992 1287 4067 adjungerent
1323 4001 1439 4049 tum
1467 3990 1788 4049 monachus
1814 4009 2023 4065 magno
2047 3990 2163 4049 cla-

525 4098 689 4141 more
714 4082 1032 4140 mendaces
1063 4089 1117 4137 et
1139 4080 1477 4139 adulatores
1498 4079 1753 4157 appellat
1778 4079 2072 4149 convivas,
2098 4098 2165 4140 ac

522 4170 737 4231 Basilio
771 4179 828 4229 et
858 4168 1164 4245 Gregorio,
1197 4178 1255 4227 ut
1288 4168 1342 4227 in
1383 4168 1609 4227 caeteris
1642 4168 1818 4229 rebus
1850 4167 2167 4228 laudentur

521 4258 833 4329 concedit;
861 4260 1014 4337 quod
1040 4268 1237 4317 autem
1267 4258 1585 4317 maximum
1618 4267 1704 4317 est
1732 4277 1846 4317 non
1866 4258 2159 4330 concedit,

2254 3361 2512 3422 tionibus
2537 3362 2870 3441 perscribat
2895 3385 2909 3443 ;
2940 3384 3036 3426 res
3061 3376 3259 3427 tamen
3283 3364 3498 3430 accidit
3521 3364 3739 3426 Basilio
3763 3381 3897 3441 per-

2255 3451 2520 3512 molesta.
2548 3451 2743 3512 Mirari
2768 3471 2832 3513 se
2862 3453 2942 3514 ait
2977 3455 3216 3535 (d),non
3243 3453 3401 3536 quod
3427 3452 3753 3514 monachus
3772 3453 3903 3513 haec

2252 3540 2519 3613 dixisset,
2554 3542 2658 3600 sed
2694 3543 2850 3621 quod
2902 3545 3394 3622 germanissimos
3424 3541 3636 3604 fratres
3667 3558 3812 3602 suos
3844 3551 3904 3602 et

2254 3629 2475 3690 amicos
2502 3628 2807 3691 habuisset
2836 3632 3163 3714 auditores,
3196 3633 3286 3695 vel
3319 3634 3514 3713 potius
3545 3630 3899 3711 discipulos.

2251 3717 2356 3779 His
2381 3719 2746 3799 respondere
2770 3738 3019 3801 prorsus
3049 3722 3263 3786 inutile
3298 3722 3640 3794 arbitratur,
3676 3730 3733 3781 et
3760 3737 3899 3782 cum

2251 3808 2377 3888 ipso
2426 3808 2708 3887 Gregorio
2761 3812 3093 3891 expostulat
3124 3813 3280 3893 quod
3309 3813 3381 3874 ad
3411 3829 3476 3873 se
3508 3829 3625 3871 non
3655 3808 3898 3887 veniat;

2250 3898 2471 3959 aditum
2497 3901 2656 3959 enim
2681 3919 2799 3960 non
2823 3900 3131 3963 habituras
3168 3902 3517 3979 calumnias,
3547 3899 3598 3963 si
3619 3917 3895 3978 magnam

2246 3986 2387 4046 anni
2408 3996 2636 4067 partem
2660 3988 2837 4051 simul
2863 3990 3490 4069 traducerent.Bogat,
3517 3997 3580 4050 ut
3597 3988 3804 4049 saltem
3829 4008 3899 4049 se

2247 4074 2307 4134 in
2336 4077 2636 4156 proposito
2659 4079 2985 4140 certamine
3016 4078 3346 4161 adjuvet,et
3368 4079 3445 4153 ei,
3472 4078 3575 4158 qui
3601 4084 3740 4141 tunc
3767 4078 3897 4139 bel-

2250 4166 2371 4227 lum
2400 4164 2716 4244 inferebat,
2741 4186 2943 4229 secum
2976 4179 3276 4231 occurrat.
3302 4167 3514 4250 Sperat
3542 4186 3607 4229 se
3627 4167 3893 4247 ejectum

2250 4254 2325 4315 iri
2340 4263 2441 4317 aut
2460 4256 2682 4337 aliquid
2716 4259 2954 4336 gravius
2986 4277 3319 4340 passurum,
3343 4258 3549 4339 sicque
3572 4255 3913 4321 calumnias

522 4359 586 4407 ut
611 4348 980 4408 orthodoxize
1013 4364 1253 4407 nomme
1284 4346 1622 4427 laudentur,
1644 4366 1778 4406 cum
1808 4346 1985 4407 fidem
2021 4347 2171 4407 alter
2252 4345 2861 4425 operu‘utestimonio
2880 4346 3597 4421 refutaturum.Quantum
3613 4346 3912 4425 Gregorio

522 4439 733 4517 prodat
769 4436 1317 4508 disserendo,alter
1344 4435 1741 4497 connivendo.
1770 4435 1917 4496 Tum
1955 4437 2170 4513 Grego-
2252 4435 3023 4518 tribueret,perspiciturex
3048 4434 3916 4519 perhontoriﬁcainvitandira-

519 4525 843 4589 riuszUnde
866 4527 996 4597 hoc,
1025 4542 1057 4585 o
1081 4542 1238 4587 vane
1254 4524 1509 4591 homo.et
1542 4531 1905 4604 arrogantia
1933 4522 2173 4585 Dat/um
2259 4524 2520 4589 tione.Si
2539 4528 2703 4591 enim
2722 4535 2955 4590 tantum
2977 4544 3303 4609 apparens,
3320 4528 3507 4608 inquit
3533 4528 3617 4606 (ιι.
3647 4526 3733 4605 2),
3760 4544 3917 4606 sup-

522 4625 581 4677 et
608 4615 864 4676 Abirou?
888 4615 1046 4675 unde
1069 4616 1243 4676 nobis
1266 4615 1609 4691 dogmatum
1630 4612 2053 4692 promulgator
2069 4632 2163 4675 ve~
2194 4626 2234 4676 ο
2248 4615 2482 4695 primes
2514 4617 2710 4695 ipsius
2743 4610 3055 4696 impetum,
3080 4636 3300 4698 eosque
3341 4618 3449 4699 qui
3470 4618 3547 4678 ad
3566 4618 3785 4693 patrita
3813 4634 3918 4677 res

522 4705 1205 4765 nis?Siecinelautorum
1228 4722 1429 4765 rerum
1433 4704 1699 4780 judicem
1718 4705 1975 4782 leipsum
1989 4703 2166 4781 eﬂicis
2248 4706 2608 4766 evertendas
2634 4708 3376 4787 conspirontutissipabis,
3401 4705 3506 4777 ubi
3532 4706 3679 4785 ipsis
3699 4718 3920 4766 notum

523 4791 608 4852 Ibi
638 4793 958 4852 monachus
978 4793 1261 4853 advenire
1290 4811 1353 4853 se
1378 4792 1523 4852 dixit
1546 4811 1614 4852 ex
1638 4801 1931 4852 conventu
1955 4790 2015 4853 S.
2046 4796 2162 4852 tiu-
2244 4794 2469 4871 feceris
2500 4796 2703 4865 te,Dei
2718 4800 2946 4873 gratia,
2974 4797 3167 4857 nostri
3191 4803 3371 4858 castus
3391 4797 3600 4857 ducem
3624 4804 3881 4868 esse,etc
3898 4845 3912 4857 .

524 4881 777 4960 psychii,
805 4899 872 4940 ac
896 4881 1191 4942 audivisse
1209 4901 1339 4942 cum
1363 4882 1611 4943 Basilius
1630 4882 1702 4941 de
1724 4880 1892 4942 Patre
1922 4880 2163 4960 quidem
2332 4884 2662 4961 [legaverat
2684 4882 3009 4963 Gregorius
3023 4884 3273 4947 utsimul
3290 4885 3699 4959 convenirent;
3718 4902 3912 4963 quan-

525 4976 583 5029 et
607 4969 759 5030 Filio
786 4969 1032 5030 mirifice
1053 4970 1755 5051 dissereret,atSpiritum
1777 4978 2043 5029 sanctum
2071 4972 2169 5031 de-
2248 4990 2422 5052 quam
2445 4973 2501 5033 id
2522 4973 2763 5049 quidem
2791 4975 2850 5034 in
2872 4974 3142 5056 epistola,
3166 4994 3339 5056 quam
3365 4974 3540 5035 modo
3560 4968 3907 5048 retulimus,

523 5064 850 5138 torqueret.
880 5059 941 5118 ln
964 5077 1081 5135 quo
1113 5060 1393 5120 Basdium
1414 5058 1795 5139 comparabat
1817 5077 1948 5119 cum
1975 5060 2167 5121 ﬂuviis

522 5156 719 5229 petras
773 5148 1265 5227 praetereuntibus
1323 5157 1381 5211 et
1430 5167 1672 5209 arenam
1720 5148 2160 5213 excavantibus.

522 5239 673 5309 Quin
699 5236 872 5298 etiam
906 5236 1212 5315 quaerebat
1235 5256 1303 5299 ex
1329 5238 1755 5317 Gregorio,cur
1777 5237 1903 5317 ipse
1924 5237 2163 5319 quidem

524 5328 718 5406 palam
735 5336 793 5387 et
811 5335 1014 5405 aperte
1041 5324 1320 5405 Spiritum
1344 5327 1672 5407 appellaret
1694 5326 2167 5405 Deum,Basilius

523 5434 661 5477 vero
686 5414 927 5497 politice
946 5417 1134 5495 magis
1149 5435 1323 5497 quam
1347 5420 1443 5499 pie
1460 5418 1764 5479 veritatem
1785 5418 2168 5498 pradicant?

603 5586 693 5665 (α)
721 5586 875 5665 Nae.
908 5602 1003 5665 ep.
1040 5588 1139 5651 26.

628 5662 691 5745 ι)
718 5662 867 5745 Ibid.

597 5685 864 5829 tea-

2251 5081 2367 5123 non
2390 5075 2597 5140 rogat;
2633 5065 2735 5125 sed
2764 5066 2913 5125 forte
2930 5064 2984 5125 id
3012 5063 3207 5144 bajulo
3239 5064 3507 5145 epistolae
3528 5062 3587 5124 in
3612 5062 3914 5124 mandatis

2252 5152 2518 5213 dederat.
2558 5152 2837 5215 Libenter
2866 5154 3074 5214 annuit
3104 5152 3375 5228 Basilius,
3402 5153 3452 5215 si
3502 5153 3576 5213 de
3619 5151 3910 5217 Ecclesiis

2252 5240 2704 5315 deliberandum
2728 5244 2840 5319 sit;
2863 5261 3038 5305 secus
3069 5260 3233 5316 vero,
3258 5244 3305 5303 si
3327 5241 3640 5307 calumnia:
3660 5242 3912 5306 diluen-

2252 5329 2364 5393 dze.
2402 5329 2680 5395 Dolorem
2714 5333 2912 5396 Basilii
2942 5331 3131 5395 sensit
3162 5331 3485 5412 Gregorius
3520 5331 3618 5411 (et,
3644 5349 3912 5411 eumque

2252 5438 2369 5481 non
2424 5422 2555 5482 sine
2587 5423 2777 5485 amica
2834 5422 3303 5503 reprehensione
3350 5420 3667 5489 admonuit
3716 5421 3912 5485 satius

2330 5591 2415 5673 (ά)
2442 5592 2643 5673 Epist.
2680 5593 2779 5655 τι.

2323 5676 2408 5751 (ο)
2438 5672 2585 5736 Nat.
2620 5689 2716 5752 ep.
2750 5674 2823 5734 Ξῖ
2836 5720 2855 5738 .
