4068 6204
1516 295 1696 364 νιΤΑ
1739 302 1800 362 s.
1848 272 2149 363 BASILII.

3412 278 3575 366 LXIV

174 429 812 513 transferretur.quem
846 433 1043 495 locum
1074 441 1377 510 comparat
1408 431 1662 494 Basilius
1691 453 1826 496 cum
1851 443 1887 492 Α
1910 431 2018 494 Tot
2040 434 2197 496 enim
2232 433 2442 495 littora
2464 433 2521 494 in
2554 433 2745 495 aulam
2783 435 2999 506 missa,
3035 435 3311 498 nondum
3336 439 3572 501 venisse

171 518 369 583 Ceade
399 519 726 595 Laconico,
750 530 851 584 aut
876 520 1171 584 barathris
1202 521 1323 583 illis
1366 540 1497 602 qua
1536 523 1837 586 Charonia

171 608 560 685 dicebantur,
582 619 708 670 tum
741 631 883 672 vero
919 631 1056 690 pars
1084 622 1326 674 senatus
1356 631 1474 672 non
1519 612 1839 690 ignobilior

168 698 367 776 fugam
390 698 713 774 cepitcum
741 702 1029 762 uxoribus
1052 712 1109 762 et
1132 701 1666 781 focis,perpetuum
1688 701 1838 763 exsi-

168 787 311 847 lium
341 787 486 848 huic
520 787 654 851 loco
678 791 1006 869 praeferens
1036 796 1123 866 (a)
1151 811 1162 852 :
1200 792 1296 851 alii
1320 790 1561 852 abducti
1584 809 1654 851 eo
1673 791 1839 852 fuere

166 886 228 937 ut
259 878 512 953 captivi,
545 879 957 941 miserandum
984 880 1258 942 omnibus
1280 880 1840 960 spectaculumzter-

165 968 244 1025 tia
265 985 413 1044 pars
436 967 501 1027 in
542 967 693 1028 urbe
725 969 934 1031 relicta
965 979 1079 1046 est,
1128 968 1549 1031 miserabiliter
1592 988 1838 1047 gemens

166 1055 551 1131 collegarum
614 1058 909 1137 discessu,
973 1079 1043 1120 ac
1090 1060 1441 1120 sustinendo
1464 1058 1834 1136 negotiorum

167 1144 341 1203 oneri
380 1164 637 1223 prorsus
665 1148 882 1227 impar.
907 1147 1106 1210 Civilis
1138 1157 1324 1209 catus
1353 1148 1427 1208 ob
1453 1167 1521 1207 ea
1551 1165 1687 1224 qua
1717 1166 1835 1206 ma-

166 1234 526 1310 gistratibus
561 1238 925 1311 acciderant,
962 1239 1165 1300 animo
1198 1237 1549 1311 concidens,
1612 1236 1837 1297 relictis

168 1322 420 1383 urbanis
444 1324 702 1399 adibus,
730 1345 835 1405 per
854 1345 1031 1405 agros
1054 1337 1111 1387 et
1130 1345 1267 1388 rura
1289 1326 1836 1405 vagabatur.ltaque

165 1416 442 1475 Caesarea
466 1413 530 1473 in
557 1414 789 1476 tristem
822 1416 1203 1479 solitudinem
1229 1417 1470 1477 redacta
1498 1416 1838 1493 erat,nulla

1924 523 2227 585 Valentem
2265 522 2541 602 probant.
2576 525 2702 585 .lam
2737 523 2931 584 hiems
2974 524 3279 606 inceperat
3304 537 3404 588 aut
3437 528 3561 589 sal-

1925 622 2041 673 tem
2063 612 2422 681 imminebat,
2453 631 2587 672 cum
2616 611 2805 673 tristis
2834 614 3078 674 nuntius
3100 613 3314 675 Basilio
3335 616 3569 679 allatus.

1922 701 2089 774 Quod
2126 702 2283 762 enim
2322 701 2529 763 metuit
2552 700 2806 763 Basilius
2828 703 2913 782 id)
2936 720 3009 762 ne
3034 704 3449 766 Martinianum
3474 707 3571 768 de-

1926 800 2140 851 terreat
2167 800 2486 871 tempestas
2520 791 2660 851 anni
2691 800 2792 852 aut
2825 801 2986 867 alas,
3021 794 3344 872 quominus
3374 795 3432 855 iu
3460 816 3570 856 au-

1924 881 2037 941 lam
2066 880 2476 960 pruticiscatur
2504 898 2517 953 ;
2557 880 2611 939 id
2638 879 2712 940 de
2743 889 2944 941 astate
2970 881 3200 945 homini
3230 894 3399 945 atate
3428 904 3571 963 pro-

1921 982 2086 1029 vecto
2119 969 2341 1029 dictum
2376 987 2493 1029 non
2520 969 2778 1029 videtur.
2808 969 2925 1031 Sed
2953 980 3147 1031 tamen
3175 991 3293 1033 non
3320 975 3567 1035 multum

1924 1069 2288 1137 processerat
2315 1060 2523 1127 hiems,
2552 1058 2848 1137 siquidem
2886 1060 3132 1120 Basilius
3157 1073 3297 1125 tunc
3320 1082 3571 1144 peregre

1919 1157 2065 1207 erat.
2096 1147 2312 1208 Eadem
2349 1148 2405 1208 in
2436 1147 2728 1208 Ecclesias
2754 1149 3140 1229 Cappadocia
3172 1150 3409 1212 inducta
3441 1152 3555 1213 im-

1924 1239 2169 1298 mutatio
2202 1256 2359 1298 anno
2392 1238 2507 1299 37:!
2540 1243 2803 1309 ineunte,
2839 1248 2900 1298 ut
2932 1238 3081 1298 infra
3112 1239 3465 1302 videbimus.
3500 1247 3575 1303 At

1921 1325 2111 1387 civilis
2143 1326 2351 1387 divisio
2389 1326 2853 1387 ecclesiasticam
2887 1328 3230 1404 antecessit,
3256 1338 3405 1390 teste
3430 1333 3573 1393 Cre'

1922 1418 2086 1494 goriu
2115 1416 2480 1477 Nazianzeno
2517 1422 2610 1490 (ε).

158 1501 289 1578 jam
319 1512 640 1565 nocturnae
662 1505 1111 1585 lucerna,nulla
1127 1506 1501 1568 eruditorum
1530 1505 1838 1566 hominum

166 1592 233 1649 in
266 1591 396 1651 (oro
427 1593 756 1669 colloquia,
808 1604 1048 1657 occlusa
1068 1596 1393 1676 gymnasia,
1428 1595 1590 1657 nulla
1624 1613 1839 1657 neces-

168 1682 474 1742 sariarum
513 1702 713 1744 rerum
772 1685 1029 1764 provisio
1062 1706 1128 1747 ac
1180 1686 1517 1766 dispositio,
1570 1685 1672 1745 sed
1728 1702 1843 1744 una

170 1790 279 1831 τοι
310 1772 702 1845 audiebatur,
768 1784 1113 1835 exacturum
1172 1784 1233 1838 et
1280 1794 1485 1837 eorum
1547 1793 1579 1835 a
1630 1772 1879 1865 quibus.

2010 1503 2102 1568 ιν.
2132 1503 2256 1566 Hoc
2283 1524 2439 1565 anno
2464 1506 2602 1575 371,
2642 1514 2935 1566 rectorem
2970 1506 3357 1587 Cappadocia
3381 1510 3567 1573 fuisse

1924 1593 2274 1655 Therasium
2314 1596 2730 1666 cognoscimus
2773 1613 2842 1655 ex
2890 1596 3140 1674 epistola
3194 1599 3293 1668 77,
3351 1603 3407 1659 in
3454 1620 3569 1681 qua

1928 1686 2057 1761 ejus
2087 1702 2447 1744 assessorem
2480 1692 2645 1761 rogat
2680 1684 2945 1751 Basilius,
2974 1694 3039 1746 ut
3072 1705 3187 1745 non
3205 1686 3566 1751 discedatab

1927 1774 2273 1835 admirando
2307 1772 2617 1840 Tlterasio,
2644 1772 2879 1855 sibique
2902 1774 3185 1836 decorum
3213 1794 3345 1838 esse
3366 1780 3566 1840 existi-

171 1861 555 1938 exigebatur,
592 1865 815 1943 quique
847 1864 1100 1943 flagellis
1120 1865 1525 1926 radebantur.
1654 1852 1659 1853 ί
1868 1852 1901 1896 ίτ

254 1950 559 2023 Quantum
591 1953 820 2015 Basslio
853 1954 1138 2016 inusserit
1167 1955 1412 2028 doloris,
1449 1953 1653 2034 patria
1678 1955 1840 2013 cala-

172 2041 369 2113 mitas,
400 2043 664 2122 perspici
692 2052 887 2123 potest
908 2063 978 2106 ex
1015 2045 1203 2107 tribus
1237 2045 1450 2107 litteris
1473 2045 1558 2121 (ὁ)
1589 2061 1658 2104 ea
1680 2042 1754 2102 de
1776 2060 1843 2103 re

166 2130 432 2211 scriptis.
467 2134 806 2212 Amequam
827 2134 1054 2195 rediret
1071 2132 1666 2213 Casaream,scripsit
1695 2133 1840 2192 Mar-

168 2221 429 2281 tiniano.
457 2224 583 2283 Hac
608 2223 766 2282 enim
790 2225 1171 2286 excusatione
1185 2224 1504 2302 utitur,cur
1528 2240 1645 2283 non
1668 2220 1837 2281 illum

168 2308 370 2389 adeat,
405 2312 571 2390 quod
608 2318 809 2392 patria
842 2331 985 2373 voce
1008 2322 1368 2375 accersatur.
1393 2312 1563 2385 Quod
1598 2311 1837 2390 quidem

164 2408 526 2478 argumeeto
560 2410 647 2460 est
677 2400 1091 2462 Martinianum
1112 2420 1227 2462 non
1254 2403 1426 2480 longe
1448 2400 1741 2462 habitasse
1766 2396 1837 2458 ab

166 2508 241 2547 eo
274 2489 548 2555 loco,ubi
585 2498 725 2550 tunc
758 2491 1103 2551 versabatur
1130 2491 1406 2553 Basilius.
1442 2490 1587 2551 Erat
1629 2488 1731 2548 ille
1752 2486 1839 2546 vir

170 2580 334 2638 omni
350 2578 720 2640 eruditionis
740 2580 916 2642 laude
932 2581 1493 2659 cumulatus,etcum
1514 2578 1833 2659 plurimum

182 2679 380 2740 posset
412 2670 575 2747 apud
599 2669 1044 2748 imperatorem,
1073 2671 1257 2732 ﬂebili
1292 2669 1579 2730 malorum
1601 2665 1833 2729 descri-

178 2758 381 2835 ptione
405 2767 665 2819 conatur
691 2758 745 2819 ei
772 2759 1414 2836 persuadereBasilius,
1436 2770 1493 2818 ut
1515 2757 1601 2817 vel
1637 2757 1820 2835 impe-

172 2857 431 2908 ratorem
451 2848 817 2927 adeat,quod
831 2849 1073 2929 quidem
1089 2848 1639 2910 commodissimum
1654 2845 1829 2916 foret,

174 2956 237 2995 ac
273 2938 621 2998 Martiniani
660 2938 943 3015 praclaro
982 2940 1112 3000 vita
1144 2939 1408 2999 instituto
1436 2937 1689 2998 maxime
1718 2932 1831 2992 de-

177 3045 409 3105 corum,
445 3028 536 3086 vel
565 3028 802 3108 saltem,
832 3028 960 3088 siid
999 3029 1051 3089 ei
1082 3047 1260 3107 grave
1302 3029 1379 3089 sit
1435 3038 1554 3088 tum
1590 3032 1834 3104 propter

176 3116 310 3175 anni
333 3131 592 3195 lempcSt
609 3126 787 3187 atem,
816 3127 935 3178 tum
961 3126 1205 3198 propter
1226 3115 1694 3197 atatem,patria
1711 3130 1834 3172 sua

183 3210 517 3267 litterarum
588 3207 926 3283 prasidium
980 3208 1305 3289 impertiat,
1365 3226 1432 3269 ac
1462 3225 1604 3267 voce
1635 3222 1740 3265 sua
1774 3210 1887 3261 ett.

173 3297 333 3374 jasta
358 3298 461 3356 illa
495 3296 740 3357 divendi
774 3296 1074 3372 libertate,
1097 3317 1271 3377 quam
1307 3316 1413 3358 sua
1454 3296 1541 3357 illi
1564 3294 1679 3355 vita
1717 3295 1824 3355 da—

181 3387 293 3458 bat,
322 3386 616 3446 omnibus
639 3386 1098 3467 declaret,quot
1129 3397 1420 3468 etquanta
1453 3387 1605 3447 mala
1628 3404 1699 3446 ex
1720 3388 1831 3444 hoc

178 3476 511 3535 dividenda
533 3476 925 3555 Cappadocia
956 3477 1204 3537 consilio
1237 3477 1525 3537 oriantur.

254 3567 447 3626 Probe
477 3566 722 3626 videbat
760 3566 1009 3627 Basilius
1032 3568 1125 3627 his
1168 3570 1371 3648 patria
1401 3565 1832 3628 calamitatibus

180 3656 596 3717 necessitatem
623 3655 737 3717 sibi
765 3656 986 3737 imponi
1010 3657 1069 3716 in
1093 3658 1285 3717 aulam
1315 3656 1833 3735 proﬁciscendi,ac

180 3746 519 3822 potentibus
548 3745 1004 3823 amicissingula
1026 3746 1329 3806 narrandi.
1359 3746 1473 3808 Sed
1500 3764 1634 3807 cum
1662 3745 1830 3805 illum

182 3838 448 3915 corporis
483 3836 731 3895 inﬁrma
763 3837 1059 3911 valetudo,
1116 3855 1184 3898 ac
1233 3836 1630 3899 Ecclesiarum
1693 3855 1833 3897 cura

184 3924 501 3994 detineret,
530 3924 741 3985 scribit
771 3926 842 3985 ad
876 3926 1026 3986 duos
1073 3932 1128 3986 in
1156 3927 1289 3987 aula
1328 3936 1599 4006 potentes
1650 3925 1833 4005 viros,

188 4015 519 4094 Aburgium
557 4025 619 4074 et
653 4014 1054 4095 Sophronium
1087 4016 1424 4095 Magistrum
1459 4016 1787 4077 otliciorum
1817 4034 1832 4088 ;

184 4124 398 4185 eosque
423 4105 785 4174 obtestatur,
822 4113 887 4165 ut
942 4107 1239 4166 communi
1305 4106 1506 4185 patria
1560 4106 1835 4185 (uterque

184 4194 330 4254 enim
368 4193 699 4273 Cappadox
752 4196 903 4258 erat)
943 4194 1281 4255 tristissimo
1329 4196 1510 4255 exitio
1558 4194 1834 4272 collapsa

178 4303 342 4362 opem
379 4285 605 4345 ter-tut.

250 4377 381 4436 Non
410 4382 650 4436 tantum
678 4374 862 4452 gratia
895 4383 953 4434 et
977 4373 1329 4434 auctoritate
1355 4372 1534 4433 valuit
1560 4372 1830 4445 Basilius,

180 4476 236 4521 ut
264 4463 678 4524 calamitatem
711 4465 859 4524 banc
882 4482 911 4522 a
950 4465 1135 4541 patria
1158 4471 1451 4523 averteret
1473 4481 1487 4524 :
1509 4461 1611 4522 sed
1639 4470 1832 4521 tamen

1929 1873 2048 1923 met
2076 1882 2209 1922 cum
2256 1882 2327 1921 eo
2359 1871 2563 1923 lautas
2595 1880 2776 1923 curas
2815 1866 3068 1943 partiri.
3105 1863 3330 1936 Quibus
3370 1868 3568 1930 verbis

1926 1951 2221 2012 indicatur
2248 1950 2624 2029 gravissimas
2647 1952 2928 2031 quasdam
2954 1971 3021 2014 ac
3055 1955 3299 2015 minime
3315 1957 3569 2036 quotidi-

1924 2060 2069 2102 anus
2100 2040 2479 2101 dit‘ticultates
2503 2039 2740 2120 prasidi
2770 2040 3072 2105 incidisse.
3111 2044 3403 2106 Praterea
3432 2063 3564 2107 cum

1926 2129 2315 2211 Cappadocia
2345 2129 2635 2191 divisione
2665 2130 2889 2210 optime
2916 2142 3252 2209 congruunt
3293 2141 3352 2194 et
3412 2144 3566 2195 tem-

1925 2240 2035 2301 pus
2058 2221 2398 2295 hibernum,
2428 2238 2544 2299 quo
2570 2220 2693 2279 hac
2722 2219 2942 2299 scripta
2962 2230 3049 2280 est
3072 2222 3341 2301 epistola,
3359 2232 3417 2284 et
3438 2242 3567 2305 qua

1922 2309 2281 2387 legunturin
2315 2312 2459 2370 ﬁne.
2489 2311 2634 2371 Nam
2664 2328 2799 2369 cum
2828 2310 3012 2371 multa
3037 2310 3286 2373 Basilius
3321 2313 3567 2376 haberet

1924 2401 2175 2461 dicenda
2223 2412 2283 2460 et
2318 2398 2395 2459 de
2425 2397 2647 2472 multis,
2684 2397 2846 2460 eain
2896 2418 3279 2478 congressum
3311 2402 3562 2477 distulit,

1924 2510 2037 2549 non
2070 2499 2255 2549 tutum
2290 2506 2423 2552 esse
2454 2488 2800 2549 existimans
2833 2490 3103 2569 epistolis
3138 2509 3232 2553 res
3274 2492 3569 2569 ejusmodi

1918 2580 2291 2639 committere
2304 2629 2317 2641 .

1998 2667 2139 2741 Qua
2161 2668 2220 2729 in
2253 2667 2626 2747 bacepistole
2642 2669 2717 2729 de
2733 2670 3155 2731 communibus
3177 2672 3569 2752 Cappadocia

1922 2756 2572 2829 molestiisindicantur,
2590 2776 2659 2817 ea
2685 2757 2882 2817 minus
2903 2760 3218 2821 commode
3240 2759 3564 2824 Tillemon-

1922 2849 2034 2908 tius
2059 2850 2130 2908 de
2177 2846 2435 2928 prepriis
2460 2845 2731 2909 Therasii
2784 2848 3035 2926 negotiis
3109 2849 3558 2928 interpretatur,

1917 2956 2093 3018 quem
2125 2948 2183 2997 et
2216 2936 2566 3015 prafectura
2609 2938 2932 3015 deiectum,
2959 2956 3093 2997 cum
3121 2940 3243 3000 hac
3266 2941 3560 3001 scribere-

1919 3038 2011 3087 tur
2040 3028 2308 3106 epistula,
2342 3026 2788 3106 etinjudicium
2821 3035 3085 3087 vocatum
3147 3028 3330 3088 fuisse
3366 3037 3557 3108 putat.

1920 3113 2083 3177 Unde
2113 3116 2290 3175 etiam
2317 3115 2477 3176 illius
2503 3115 2895 3195 patrocinium
2926 3135 2959 3177 a
2982 3115 3194 3176 Basilio
3226 3116 3287 3179 in
3317 3119 3565 3197 epistola

1915 3205 1991 3267 96
2014 3205 2233 3281 suscipi
2268 3203 2710 3266 existimat.Sed
2734 3205 2947 3282 Eliam,
2984 3224 3101 3266 non
3122 3206 3474 3268 Therasium
3504 3208 3561 3268 iu

1917 3294 2017 3356 illa
2048 3295 2296 3373 epistula
2317 3295 2394 3357 96
2418 3294 2823 3355 commendari
2849 3296 2999 3357 infra
3021 3296 3563 3359 videbimus.Nunc

1914 3395 2108 3446 autem
2136 3384 2709 3445 satisestobservare
2734 3404 3104 3467 nequaquam
3137 3387 3372 3465 prasidi
3390 3388 3562 3448 abru-

1915 3485 2102 3551 gatam
2132 3474 2314 3533 fuisse
2363 3473 2793 3553 prafecturam,
2820 3495 2953 3536 cum
2982 3476 3233 3538 Basilius
3254 3478 3409 3537 hanc
3430 3478 3561 3557 epi-

1917 3565 2124 3624 stolam
2161 3564 2229 3624 ’Π
2266 3561 2867 3625 scriberet.Hortatur
2900 3565 3058 3624 enim
3083 3583 3471 3644 assessorem,
3502 3574 3562 3625 ut

1917 3673 2050 3713 cum
2076 3652 2361 3714 Tlterasio
2395 3662 2584 3713 tantas
2611 3672 2781 3716 curas
2808 3654 3111 3733 partiatur,
3164 3673 3234 3714 ac
3294 3654 3560 3715 libenter

1917 3742 2209 3821 ejusmodi
2244 3741 2616 3801 occasionem
2653 3744 2955 3822 suscipiat,
2991 3763 3060 3805 ex
3109 3762 3225 3822 qua
3256 3751 3313 3804 et
3343 3744 3567 3804 amicos

1916 3831 2116 3892 videre
2149 3830 2304 3891 etab
2328 3830 2413 3891 eis
2441 3830 2627 3891 viteri
2660 3832 2857 3895 liceat.
2894 3833 3068 3895 lnitio
3101 3833 3331 3893 dixerat
3388 3851 3452 3894 se
3495 3853 3563 3894 ex

1923 3921 2116 3997 magni
2139 3919 2408 3982 Therasii
2451 3921 2801 3999 prafectura
2832 3922 2979 3982 illud
3013 3922 3310 3983 commodi
3347 3941 3562 4001 perce-

1920 4011 2100 4090 pisse,
2138 4020 2197 4069 ut
2240 4028 2398 4089 sape
2455 4011 2612 4069 hunc
2644 4028 3008 4072 assessorem
3040 4012 3307 4073 videret:
3350 4012 3563 4072 Verum

1917 4100 2026 4161 hoc
2074 4106 2268 4179 ipsum
2319 4100 2666 4172 amisimus,
2742 4100 2953 4180 inquit,
2996 4102 3252 4177 praeside
3303 4102 3557 4179 privati.

1919 4191 2136 4251 Aberat
2176 4209 2313 4267 (rgo
2343 4190 2414 4250 ad
2442 4199 2673 4268 tempus
2708 4208 2944 4270 prases,
2992 4209 3100 4250 nec
3158 4190 3402 4251 dubium
3437 4200 3562 4250 erat

1920 4279 2159 4339 Basilio.
2218 4278 2356 4359 quin
2410 4278 2712 4339 rediturus
2763 4289 2919 4339 esset
2972 4278 3342 4357 Casaream;
3410 4278 3562 4339 unde

1919 4386 2281 4428 assessorem
2317 4368 2605 4447 hortatur,
2640 4378 2699 4430 ut
2732 4368 2803 4429 ab
2838 4388 2907 4429 eo
2973 4388 3088 4428 non
3149 4369 3437 4441 discedat,
3494 4389 3562 4429 ac

1923 4457 2183 4518 liben'er
2217 4458 2274 4517 in
2323 4476 2392 4518 eo
2423 4467 2645 4537 perstet
2680 4476 2944 4530 munere,
2975 4476 3042 4517 ex
3096 4475 3210 4538 quo
3263 4457 3555 4519 videndo-

178 4555 435 4633 aliquam
471 4552 614 4612 mali
646 4553 993 4613 levationem
1021 4554 1250 4615 videtur
1279 4560 1656 4614 consecutus.
1688 4550 1832 4612 Nam
1860 4570 1901 4620 ι)
1922 4566 2049 4606 rum
2082 4547 2410 4607 amicorum
2443 4547 2675 4607 occasio
2708 4556 3006 4618 nascatur,

188 4662 335 4702 unus
368 4662 443 4702 ex
472 4642 1043 4722 potentibusanicis
1070 4643 1139 4703 ad
1176 4661 1322 4723 quos
1344 4641 1837 4721 scripsit(c),forte

184 4728 511 4808 Aburgius,
537 4730 815 4807 prafecto
852 4732 1238 4794 humanitatis
1262 4730 1645 4792 ostendenda
1667 4748 1830 4791 occa-

182 4820 409 4881 sionem
446 4820 942 4882 subministravit.
970 4820 1140 4882 Forte
1169 4822 1290 4882 hac
1317 4820 1728 4883 humanitasin
1762 4839 1831 4881 eo

182 4915 357 4985 posita
395 4908 542 4980 fuit,
571 4910 727 4987 quod
759 4908 1026 4970 secunda
1061 4910 1406 4989 metropolis
1437 4928 1553 4970 non
1605 4909 1821 4969 l’odau-

180 5002 255 5071 di,
286 5010 347 5061 ut
374 5001 577 5079 primo
609 5001 903 5061 sancitum
936 5000 1148 5071 fuerat,
1171 5001 1273 5062 sed
1310 5000 1541 5061 meliori
1580 5000 1639 5060 in
1672 5000 1825 5070 loco,

180 5088 390 5169 Tyanis
428 5092 771 5153 constituta.

250 5179 390 5241 Bac
416 5190 617 5241 autem
651 5200 807 5241 anno
845 5182 952 5245 371
993 5191 1157 5260 gesta
1187 5200 1341 5251 esse,
1371 5191 1683 5260 antequam
1720 5182 1824 5240 Va-

182 5270 304 5331 lens
326 5270 663 5332 Caesaream
694 5271 1099 5343 veniret,satis
1128 5290 1195 5332 ex
1228 5270 1403 5332 dictis
1446 5268 1828 5351 perspicitur.

262 5462 337 5591 iii
358 5441 683 5664 5155:2374.
724 5524 827 5595 75,
853 5522 958 5583 7e.

268 5626 323 5659 νςη
413 5623 465 5664 Ρ.
502 5608 531 5657 7
570 5654 601 5663 ,.

268 5626 323 5659 νςη
358 5608 465 5683 ΕΓ,
502 5608 601 5663 78.

2002 4638 2069 4697 γ.
2108 4634 2275 4696 liunc
2300 4645 2499 4697 autem
2523 4652 2884 4696 assessorem
2904 4635 3202 4715 Elpidium
3228 4637 3556 4709 fuisse,uon

1918 4725 2185 4786 obscuris
2220 4725 2364 4785 mihi
2394 4724 2600 4785 videor
2622 4725 2919 4804 conjicere
2935 4724 3289 4788 rationibus.
3313 4724 3457 4788 Nam
3481 4730 3559 4810 (Γ)

1919 4815 2187 4894 Elpidius
2202 4813 2631 4895 inCappadocia
2646 4832 2919 4891 magnum
2935 4814 3172 4892 aliquiid
3193 4818 3561 4899 munusabji-

1915 4924 2053 4967 cere
2085 4917 2140 4966 et
2162 4904 2536 4984 Cappadocia
2548 4903 2875 4965 abscedere
2895 4904 3273 4984 volel)at.,quo
3294 4915 3561 4988 tempore

1916 4996 2184 5057 infausta
2209 5012 2306 5054 res
2335 5004 2506 5055 erant
2535 4993 2971 5073 Cappadocum,
2997 5014 3063 5056 ac
3088 4996 3261 5077 paulo
3287 5008 3413 5076 post
3448 5000 3557 5059 bu—

1919 5085 2257 5146 manitatem
2287 5084 2543 5163 aliquam
2570 5083 2627 5143 in
2646 5084 3024 5163 Cappadoces
3041 5105 3073 5146 a
3095 5087 3373 5166 prafecto
3399 5089 3560 5151 exhi-

1918 5173 2186 5235 bitamid
2209 5180 2383 5253 est,ut
2409 5172 3101 5256 conjicimus,postquam
3135 5177 3449 5254 pradectns
3468 5199 3559 5238 se—

1917 5263 2168 5325 rundam
2198 5262 2590 5341 metropolitn,
2626 5280 2757 5342 qua
2797 5262 3060 5326 Podandi
3096 5265 3286 5327 locata
3346 5269 3559 5331 fuerat.

2000 5430 2234 5511 (ri/Ep.
2261 5434 2362 5510 74,
2395 5452 2456 5493 n.
2489 5436 2547 5491 3.

2006 5510 2085 5593 fe.)
2108 5510 2364 5593 Bauer.
2401 5512 2498 5573 ἔξω.

2006 5590 2339 5673 {f}Ep.78.
