4068 6204
464 328 694 387 LXXXVI

1836 298 2421 385 PROLEGOMENA.

466 452 2447 534 sincerusmquicnstos,affabilisinjnriampatientibus,Ajuvans;
2511 455 2682 516 facile
2746 474 3047 517 summum
3107 456 3273 519 illum
3334 460 3551 535 virum,
3615 463 3837 539 Eliam,

468 545 757 608 terribilis
778 542 1622 626 deiinquentibus,mquabilis
1640 551 1696 604 et
1712 544 1865 604 idem
1894 564 2109 623 paupe-

470 635 641 698 ribus
671 644 730 700 et
760 635 1061 697 divitibus.
1104 632 1270 706 Quod
1298 641 1494 695 autem
1528 651 1561 694 a
1592 634 1943 694 muneribus
1975 653 2091 693 om-

469 725 634 786 nium
668 726 927 786 maxime
954 722 1336 798 abhorrebat,
1372 721 1435 783 id
1464 730 1528 783 ut
1558 723 1739 784 levius
1772 723 2000 783 caateris
2030 721 2105 782 il-

472 813 590 875 lius
622 814 937 875 virtutibus
980 810 1551 894 praetermittendum
1608 811 1930 873 videbatur.
1963 810 2104 873 Cum

471 904 745 965 eximiam
784 904 928 965 Elim
947 902 1199 981 efﬁgiem
1234 900 1323 962 his
1346 900 1647 963 coloribus
1677 901 1968 981 depictam
1999 901 2105 961 ha-

473 991 978 1074 beamus,facilius
995 992 1282 1054 nonnulla
1307 992 1382 1054 ad
1406 1008 1541 1053 eum
1570 992 1923 1071 pertinentia
1945 991 2101 1052 dein-

468 1101 608 1163 ceps
636 1085 1073 1163 dignoscemus.

552 1172 651 1236 ιν.
668 1172 777 1234 Tot
796 1192 865 1234 ac
890 1178 1051 1235 tanta
1072 1172 1354 1233 virtutum
1380 1182 1729 1235 ornamenta
1752 1171 1981 1233 animos
2006 1170 2107 1231 ad-

472 1262 751 1324 diderunt
783 1260 1027 1338 Basilio,
1054 1270 1138 1333 ut,
1171 1281 1307 1323 cum
1330 1262 1404 1324 ab
1431 1264 1557 1345 ipso
1592 1262 1866 1343 praeside,
1891 1272 2009 1321 tum
2034 1261 2106 1319 ab

470 1352 564 1431 iis,
598 1354 699 1433 qui
729 1352 839 1414 sub
872 1354 1003 1431 ipso
1023 1352 1284 1430 aliquam
1310 1351 1848 1414 administrationis
1876 1360 2103 1430 partem

468 1441 778 1522 gerebant,
812 1442 995 1504 multa
1029 1450 1279 1523 peteret,
1312 1460 1380 1502 ac
1406 1439 1602 1502 libere
1649 1441 2021 1512 admoneret,
2057 1438 2105 1497 si

469 1530 612 1611 quid
633 1531 761 1593 ﬁeri
783 1531 1013 1594 videret
1036 1550 1154 1592 non
1179 1531 1425 1593 decore.
1450 1529 1604 1593 Hinc
1634 1530 1992 1591 censitorem
2019 1528 2103 1605 (ιι)

470 1621 764 1696 hortatur,
800 1640 977 1701 quem
1036 1623 1193 1683 fama
1237 1620 1422 1700 magis
1470 1638 1644 1699 quam
1678 1619 2111 1681 consuetudine

474 1718 973 1791 noverat,ut,cum
994 1710 1291 1791 ejusmodi
1311 1728 1524 1771 munus
1548 1708 1969 1789 susceperit,in
1994 1727 2109 1788 quo

2192 561 2501 625 agnosces,
2537 545 2635 626 qui
2668 562 2850 627 supra
2884 546 3089 607 Basilii
3115 547 3393 626 penicillo
3427 550 3699 631 depictus
3726 564 3841 616 est.

2274 631 2460 694 Tanta
2488 642 2615 694 erat
2646 633 2738 694 his
2787 635 3157 723 temporibus
3189 636 3491 698 calamitas
3524 644 3842 723 Cappado-

2193 722 2323 795 cia,
2351 730 2413 782 ut
2462 739 2579 783 una
2627 741 2733 783 vox
2767 721 2988 802 ubique
3021 724 3353 800 audiretur,
3378 721 3745 805 exacturum,
3782 743 3847 793 et

2194 828 2403 871 eorum
2433 830 2466 873 a
2488 811 2708 889 quibus
2732 811 3105 894 exigebatur,
3128 814 3349 895 quique
3381 817 3629 896 ﬂagellis
3652 821 3845 883 caade—

2192 898 2429 977 bantur,
2454 910 2517 961 ut
2547 908 2796 962 testatur
2824 902 3082 963 Basilius
3114 906 3185 964 in'
3209 905 3380 984 epist.
3422 908 3524 981 74,
3552 928 3611 967 n.
3646 909 3703 972 3.
3737 912 3847 971 Vi—

2191 989 2368 1051 detur
2423 990 2742 1052 molestum
2791 990 2932 1051 illud
2966 1000 3203 1072 tempus
3240 987 3473 1074 pravam
3508 997 3662 1060 lianc
3694 1020 3843 1060 con-

2192 1080 2573 1142 suetudinem
2602 1079 2908 1141 induxisse
2932 1080 3028 1142 vel
3052 1085 3259 1145 saltem
3287 1086 3847 1162 auxisse,utrustici

2191 1167 2266 1229 ob
2288 1170 2594 1249 vectigalia
2614 1170 2674 1229 in
2693 1170 3113 1248 jusjurandum
3140 1173 3545 1252 adigerentur.
3580 1175 3711 1238 Non
3743 1180 3847 1239 de-

2192 1258 2425 1320 sinebat
2455 1259 2711 1322 Basilius
2768 1261 2826 1319 in
2877 1261 3039 1320 omni
3090 1275 3381 1325 conventu
3415 1268 3562 1326 etin
3598 1266 3849 1346 privatis

2192 1349 2509 1426 colloquiis
2540 1350 2653 1412 hoc
2679 1349 2881 1409 vitium
2916 1349 3197 1411 insectari
3226 1370 3239 1424 ;
3273 1354 3377 1414 sed
3406 1355 3645 1415 tandem
3668 1376 3739 1417 ea
3769 1357 3850 1417 de

2191 1456 2258 1500 re
2289 1438 2671 1501 scribendum
2703 1457 2835 1500 esse
2864 1438 3031 1499 duxit
3057 1439 3128 1501 ad
3160 1444 3519 1505 censitorem
3554 1446 3649 1525 (ad
3682 1446 3849 1507 hunc

2192 1527 2352 1590 enim
2385 1532 2603 1609 scripta
2634 1528 2871 1589 videtur
2897 1528 3020 1589 haec
3056 1530 3305 1609 epistola
3338 1534 3415 1593 85
3448 1534 3849 1615 inscriptione

2192 1620 2453 1699 carens),
2489 1618 2584 1680 cui
2642 1618 3011 1679 demonstrat
3071 1621 3183 1681 hoc
3238 1622 3669 1702 jusjurandum
3733 1645 3848 1687 nec

2192 1708 2577 1785 vectigalibus
2611 1707 2895 1787 prodesse
2955 1718 3012 1766 et
3063 1711 3455 1773 certissimam
3516 1716 3848 1792 perniciem

470 1797 901 1879 Cappadociam
925 1802 1167 1861 omnino
1185 1799 1315 1861 solo
1327 1808 1613 1879 aequatam
1633 1799 1963 1859 instaurare
1980 1816 2107 1878 pos-
2136 1823 2171 1874 Β
2195 1797 2505 1858 animabus
2536 1798 2778 1858 inferre.

477 1888 578 1961 sit,
613 1890 971 1949 miserorum
1003 1905 1298 1949 aerumnas
1324 1887 1533 1949 allevet
1560 1908 1575 1963 ;
1599 1886 1778 1962 eique
1809 1904 2111 1948 commen-

472 1977 755 2039 datsuam
783 1977 1099 2059 quamdam
1128 1977 1595 2058 possessionem,
1620 1995 1751 2056 qua),
1780 1977 1936 2037 circa
1958 1976 2103 2037 Cliaa

474 2083 787 2129 manenem
814 2068 924 2128 sita
946 2065 1182 2128 tributis
1207 2066 1623 2148 premebatur:
1646 2085 1809 2127 suam
1833 2074 2111 2145 peracute

473 2174 710 2227 vocans,
737 2176 868 2239 qua;
890 2163 1016 2218 erat
1040 2156 1217 2219 unius
1239 2174 1309 2218 ex
1334 2156 1804 2236 amicis.Scripta
1835 2156 1957 2218 haec
1978 2155 2108 2234 epi-

470 2244 619 2307 stola
640 2264 759 2308 non
779 2246 962 2308 multo
985 2254 1118 2327 post
1138 2246 1492 2307 divisionem
1512 2245 2108 2326 Cappadociae,quam

474 2332 750 2417 Basilius,
786 2344 850 2396 ut
897 2335 1123 2397 recenti
1173 2335 1365 2396 adhuc
1410 2334 1680 2415 vulnere,
1710 2337 1952 2397 omnino
1980 2332 2110 2395 solo

471 2433 775 2503 aquatum
804 2425 1124 2488 existimat.

552 2512 843 2595 Scriptam
868 2514 1168 2576 credimus
1190 2514 1263 2576 ad
1286 2514 1478 2577 Eliam
1502 2514 1810 2594 epistolam
1844 2532 2104 2593 sequen-

473 2601 680 2664 tem.ls
698 2603 1061 2684 provinciam
1081 2604 1160 2664 ita
1173 2604 1449 2665 afﬂictam
1467 2603 1921 2665 etdeformatam
1943 2621 2107 2663 acce-

475 2701 765 2774 perat,ut,
790 2693 1056 2773 quamvis
1080 2710 1288 2754 omnes
1305 2710 1440 2753 suas
1460 2691 1848 2771 cogitationes
1868 2692 1941 2752 ad
1974 2711 2103 2753 eam

468 2780 889 2843 sublevandam
924 2782 1216 2857 incitaret,
1243 2780 1529 2843 nonnulla
1548 2791 1741 2843 tamen
1774 2781 1995 2842 faceret
2016 2783 2105 2841 in-

2272 1885 2414 1949 Erat
2434 1887 2765 1948 Dorotbeus
2792 1885 3191 1966 presbyter,ut
3210 1908 3392 1969 supra
3412 1891 3697 1965 vidimus,
3724 1891 3847 1953 Ba-

2197 1975 2313 2035 silii
2346 1976 2780 2038 collactaneus:
2818 1975 2912 2036 cui
2964 1994 3098 2036 cum
3146 1977 3538 2060 frumentum,
3572 1984 3731 2061 quod
3768 1986 3852 2045 ad

2196 2067 2601 2127 necessarium
2624 2066 2761 2127 vitae
2791 2083 2961 2124 usum
2986 2064 3512 2148 habebat,quidam
3538 2070 3596 2130 in
3616 2071 3851 2132 Berisis

2196 2152 2613 2236 diripuissent,
2636 2163 2802 2230 rogat
2821 2153 3073 2215 Basilius
3102 2154 3187 2234 (ὁ)
3211 2159 3591 2237 praepositum
3613 2166 3852 2238 pagi,nt

2194 2241 2344 2303 illud
2381 2246 2698 2306 restituere
2727 2250 3038 2323 cogantur,
3069 2262 3179 2305 nec
3211 2246 3300 2306 eis
3333 2247 3759 2330 licealculpam
3782 2252 3848 2310 in

2192 2331 2340 2393 alios
2368 2333 2645 2413 rejicere.

2272 2422 2587 2485 Manifesta
2615 2432 2705 2484 est
2735 2423 3002 2503 epistolae
3025 2423 3403 2501 octogesimas
3432 2435 3612 2487 sexta:
3637 2444 3821 2491 neces

2191 2510 2387 2573 situdo
2419 2532 2552 2573 cum
2603 2513 2965 2592 octogesima
3014 2514 3294 2592 septima,
3321 2532 3450 2594 qum
3480 2524 3541 2575 et
3571 2517 3632 2576 in
3664 2517 3845 2577 codi-

2192 2600 2363 2662 cibus
2392 2602 2700 2665 Harlaeano
2733 2612 2791 2663 et
2821 2602 3102 2662 Vaticano
3146 2611 3203 2661 et
3242 2602 3510 2682 pluribus
3563 2604 3695 2666 aliis
3746 2606 3844 2667 al-

2192 2700 2377 2753 teram
2437 2693 2704 2773 sequitur
2738 2711 2872 2752 cum
2936 2690 3044 2751 hac
3097 2690 3517 2772 inscriptione,
3545 2696 3679 2772 οπὲρ
3734 2702 3849 2751 τῶν

2192 2783 2387 2856 αὐτῶν,
2424 2782 2498 2843 de
2526 2783 2735 2844 iisdem
2768 2780 2989 2860 rebus;
3024 2789 3083 2841 et
3107 2798 3315 2840 revera
3344 2781 3420 2842 de
3453 2783 3663 2843 eodem
3719 2785 3849 2863 agit

474 2870 648 2947 vitus,
675 2880 774 2933 aut
820 2872 951 2933 fieri
1001 2872 1246 2947 sineret,
1275 2871 1463 2951 ipsius
1514 2871 1863 2933 humanitati
1906 2889 2108 2951 parum
2197 2870 2567 2952 presbytero,
2594 2869 2879 2951 quiquod
2907 2872 3148 2929 unicum
3178 2868 3433 2931 habebat
3452 2872 3581 2932 vitae
3607 2884 3850 2935 susten-

470 2959 1107 3039 congruentia.Senem
1123 2961 1441 3040 quemdam
1457 2979 1588 3022 cum
1606 2961 2107 3041 diplumaregium
2195 2963 2389 3023 tendaa
2412 2964 2780 3041 praesidium,
2808 2979 2879 3021 eo
2911 2959 3201 3040 spoliatus
3219 2970 3326 3021 est.
3357 2960 3553 3033 Quare
3580 2980 3709 3022 cun.
3738 2963 3849 3022 Ba-

470 3050 727 3130 publicis
751 3050 1104 3112 muneribus
1120 3061 1578 3121 exemerat.tum
1594 3050 1723 3127 ipsa
1744 3062 1884 3110 ante
1905 3069 2108 3129 regem
2195 3049 2365 3112 silius
2388 3051 2545 3113 dicat
2566 3053 2626 3113 in
2646 3049 2898 3131 epistola
2914 3056 3273 3127 octogesima
3306 3050 3561 3129 septima
3593 3069 3656 3112 se
3685 3052 3845 3112 scri-

468 3141 1203 3239 senectusimmunitatem
1222 3140 1863 3239 dederatBeneiiciurp
1880 3145 2105 3239 regium
2127 3186 2172 3239 ο
2196 3139 2387 3239 psisse
2418 3142 2490 3203 ad
2542 3140 2921 3239 praepositum
2970 3140 3195 3219 patriae,
3233 3140 3371 3239 inde
3402 3140 3735 3239 colligimus
3765 3142 3845 3239 ad

472 3232 929 3293 confirmaverat
955 3247 1199 3310 praeses,
1232 3230 1337 3290 sed
1367 3247 1502 3291 eum
1553 3249 1758 3291 rursus
1789 3232 1901 3293 alia
1927 3232 2018 3292 via
2049 3232 2108 3293 in
2131 3229 2170 3239 “
2194 3230 2353 3292 hunc
2373 3233 2750 3312 praepositum
2767 3230 3043 3310 scriptam
3060 3247 3193 3291 esse
3216 3229 3527 3308 epistolam
3551 3230 3848 3309 octogesi-

473 3320 713 3399 negOtia
736 3327 1126 3400 protraxerat,
1152 3318 1313 3380 illius
1336 3322 1687 3400 nepote,qui
1711 3321 1972 3382 nondum
1997 3341 2108 3383 an-
2206 3337 2361 3381 mam
2395 3332 2646 3398 sextam,
2678 3331 2736 3383 et
2770 3318 3132 3383 Dorotbeum
3164 3317 3280 3379 loci
3311 3318 3497 3398 illius,
3532 3337 3709 3400 quem
3734 3320 3845 3381 Ba-

475 3428 583 3471 nos
615 3415 875 3489 quatuor
902 3418 1076 3469 natus
1107 3418 1256 3489 erat,
1293 3409 1480 3470 curiae
1509 3410 1769 3475 addicto.
1802 3410 1949 3474 Nam
1976 3431 2108 3474 cum
2196 3407 2371 3471 silius
2402 3411 2649 3491 patriam
2673 3409 2955 3490 appellat,
2986 3406 3397 3488 presbyterum
3428 3407 3634 3471 fuisse.

473 3499 760 3578 puerulus
789 3499 947 3559 inter
980 3498 1237 3559 curiales
1266 3501 1569 3561 recenseri
1602 3520 1718 3562 non
1755 3512 1970 3582 posset,
2001 3520 2111 3563 nec
2274 3496 2600 3582 Utramque
2615 3510 2809 3561 autem
2830 3498 3143 3576 epistolam
3164 3497 3235 3559 ad
3261 3497 3420 3559 hunc
3443 3516 3663 3559 annum
3688 3501 3850 3562 refe-

474 3589 691 3651 tributa
718 3589 1021 3667 colligere,
1055 3595 1156 3649 aut
1187 3587 1477 3650 militibus
1506 3608 1799 3652 annonam
1834 3592 2111 3672 suppedi-
2192 3588 2553 3671 rimus,quia
2579 3587 3210 3667 octogesimaseptima
3224 3586 3298 3647 ad
3313 3587 3626 3667 praesidem
3649 3588 3846 3650 Eliam

474 3687 598 3740 tare
626 3700 641 3755 ;
676 3696 925 3740 necesse
948 3687 1075 3739 erat
1103 3678 1305 3739 miseri
1329 3681 1487 3741 senis
1516 3681 1791 3742 canitiem
1844 3682 2107 3743 dedeco-
2192 3677 2434 3741 videtur
2473 3678 2718 3760 scripta.
2752 3675 2980 3738 Laudat
3009 3674 3267 3737 Basilius
3302 3683 3357 3735 in
3385 3673 3539 3755 Elia,
3573 3685 3633 3736 ut
3659 3696 3849 3757 supra

470 3768 613 3842 rari,
641 3778 697 3829 et
721 3767 879 3848 quod
910 3766 1178 3828 solamen
1219 3766 1491 3831 orbitatis
1541 3787 1672 3831 esse
1703 3770 2013 3845 debuerat,
2050 3770 2106 3831 id
2191 3766 2773 3843 vidimus,summam
2798 3765 2857 3825 in
2876 3763 3015 3843 jure
3037 3763 3440 3825 describendo
3471 3765 3847 3844 aequabilita-

472 3855 1535 3920 eiinoccasioneminnumerabilium
1554 3859 2106 3922 malorumconver-
2195 3864 2339 3931 tem,
2374 3872 2771 3938 magnumque
2821 3852 2960 3914 ﬁdei
3020 3853 3326 3916 catholica:
3355 3862 3415 3915 et
3447 3856 3608 3935 pacis
3646 3857 3835 3917 eccle~

474 3946 532 4008 ti.
567 3949 769 4027 Itaque
818 3944 1095 4020 Basilius,
1120 3946 1220 4026 qui
1270 3965 1588 4009 commune
1619 3949 1948 4029 perfugium
1983 3958 2110 4011 erat
2193 3944 2444 4008 siasticaa
2473 3946 2761 4009 studium.
2793 3942 2986 4016 Quare
3010 3961 3145 4004 cum
3177 3960 3339 4015 eum,
3376 3944 3449 4004 ad
3482 3960 3656 4025 quem
3688 3944 3848 4005 scri-

476 4036 858 4110 miserorum,
916 4041 975 4095 et
1030 4034 1274 4115 parvulo
1324 4043 1382 4097 et
1441 4038 1568 4099 seni
1638 4039 2104 4101 miscricordiam
2193 4031 2607 4116 bitepistolam
2628 4036 2730 4115 87,
2758 4052 2874 4095 non
2899 4031 3073 4092 modo
3096 4050 3214 4093 non
3239 4033 3581 4112 permittere
3601 4031 3842 4096 debere

472 4124 742 4206 praesidis
784 4122 1083 4205 implorat.
2192 4123 2361 4199 dicit,
2396 4126 2501 4187 sed
2536 4124 2711 4187 etiam
2741 4122 2877 4185 totis
2924 4121 3149 4182 viribus
3194 4120 3487 4202 impedire
3518 4122 3846 4204 quominus

550 4214 687 4277 Haec
705 4223 903 4277 autem
927 4213 1417 4292 contigisse,cum
1438 4213 1824 4278 Caesariensis
1841 4219 1986 4279 ordo
2008 4218 2109 4280 ab-
2190 4214 2317 4277 haec
2331 4212 3069 4288 committantur,maxime
3083 4212 3400 4293 quidemin
3418 4231 3626 4277 omnes
3647 4213 3847 4273 homi-

467 4304 605 4366 latis
626 4304 935 4386 plerisque
967 4302 1408 4382 magistratibus
1439 4323 1592 4385 pene
1624 4307 2106 4389 concidisset,vel
2192 4321 2298 4368 nes
2330 4323 2345 4383 ;
2372 4307 2465 4367 sin
2490 4306 2688 4367 minus
2707 4303 2916 4365 saltem
2938 4310 3149 4363 contra
3166 4301 3670 4384 presbyteros,eos
3684 4320 3846 4382 pro:-

466 4395 661 4475 ipsum
694 4395 910 4455 clamat
937 4391 1211 4473 praesidis
1240 4392 1482 4475 factum,
1508 4414 1683 4474 quem
1710 4397 1924 4459 talibus
1951 4417 2105 4477 prae-
2188 4395 2762 4476 sertim,inquit,qui
2778 4393 2948 4455 nobis
2969 4393 3294 4453 unanimes
3314 4401 3532 4455 suntet
3555 4395 3845 4455 eamdem

467 4483 658 4544 ditum
693 4482 983 4558 moribus,
1011 4481 1218 4563 quales
1237 4482 1515 4563 praedicat
1536 4485 1813 4560 Basilius,
1838 4488 1963 4548 sola
1995 4507 2089 4549 ne-
2128 4487 2433 4565 “pietatis
2450 4492 2615 4548 viam
2638 4486 2855 4546 ineunt
2882 4504 2898 4553 ;
2924 4481 3072 4557 haec,
3100 4480 3507 4562 inquam,cum
3541 4482 3846 4556 dicit,non

467 4572 714 4634 cessitas
732 4590 944 4651 cogere
965 4546 1182 4653 patuit,
1211 4546 1275 4633 iit
1296 4592 1430 4633 cum
1454 4591 1597 4635 sene
1621 4583 1679 4636 et
1707 4546 1868 4638 illius
1894 4546 2106 4657 nepote
2128 4546 2647 4637 Daliumvidetur
2672 4546 2895 4652 alloqui
2947 4546 3123 4652 quam
3182 4546 3396 4633 Bliam.
3438 4570 3641 4653 Neque
3670 4546 3841 4634 enim

465 4661 674 4723 durius
702 4669 929 4741 ageret.
964 4661 1194 4724 Deinde
1253 4680 1395 4724 vero
1426 4682 1671 4745 praeses,
1704 4665 1807 4727 cui
1837 4685 2018 4730 senex
2050 4677 2108 4732 et
2188 4665 2369 4726 alium
2398 4663 2688 4725 habemus
2710 4661 3099 4742 Cappadocia:
3124 4661 3633 4743 prmsidem,apud
3655 4680 3841 4741 quem

468 4764 617 4838 puer
646 4750 1192 4833 commendantur,
1224 4752 1451 4816 amicus
1506 4763 1635 4816 erat
1681 4756 1905 4838 Basilii,
1943 4765 2005 4818 ut
2033 4776 2105 4821 ex
2193 4752 3368 4836 hazcreprebendendietcommendandi
3388 4753 3539 4814 ratio
3558 4751 3845 4813 adhiberi

465 4837 634 4927 initio
663 4849 721 4900 et
752 4841 872 4902 fine
899 4842 1166 4922 epistola:
1189 4850 1371 4923 patet,
1397 4862 1467 4905 ac
1490 4862 1720 4907 summa
1740 4846 1798 4907 in
1824 4837 1962 4927 jure
1992 4848 2102 4909 de-
2189 4846 2468 4925 potuerit.
2505 4843 2866 4924 Perspicitur
2915 4842 3090 4903 etiam
3137 4860 3205 4903 ex
3242 4840 3458 4903 iisdem
3491 4841 3687 4903 verbis
3718 4841 3847 4903 alia

467 4926 788 4989 scribendo
816 4937 877 4991 et
910 4932 1272 4994 calamitosis
1292 4933 1569 5012 juvandis
1596 4937 1954 4999 constantia.
1988 4938 2105 5002 Mi-
2193 4935 2324 4995 laus
2356 4934 2524 5010 Eliaa,
2557 4950 2791 4994 summa
2817 4948 2950 4996 cum
2984 4930 3202 4992 Basilio
3233 4932 3521 4994 amicitia.

466 5016 641 5079 rifice
657 5017 783 5079 haec
815 5019 1109 5098 quadrant
1137 5041 1272 5083 cum
1305 5022 1497 5085 libero
1520 5023 1663 5086 Elite
1683 5035 1741 5087 et
1770 5029 1973 5089 nescio
2004 5045 2104 5089 as-
2272 5026 2337 5087 in
2370 5022 2643 5105 sequenti
2692 5021 2945 5103 epistola
2970 5022 3045 5082 88
3074 5019 3249 5081 facile
3302 5022 3646 5097 agnoscitur
3673 5020 3844 5085 idem

468 5107 818 5168 sentationis
837 5108 1059 5171 animo.
1089 5110 1317 5183 Quibus
1341 5112 1686 5177 laudibussi
1706 5115 2106 5179 addasBasiIii
2190 5114 2372 5190 Elias,
2406 5114 2508 5196 qui
2534 5133 2640 5195 pro
2686 5130 2928 5176 summa
2977 5130 3084 5174 sua
3134 5111 3499 5173 humanitate
3548 5111 3849 5175 hactenus

464 5196 871 5277 votum,‘quod
898 5198 1134 5278 praesidi
1156 5198 1229 5259 ab
1249 5201 1529 5265 omnibus
1550 5204 1711 5267 illius
1730 5205 2105 5269 administra-
2191 5205 2607 5286 Cappadocum
2632 5204 2914 5265 misertus
2927 5208 3143 5274 erat,et
3166 5219 3304 5261 cum
3322 5201 3438 5262 illis
3458 5201 3851 5281 indulgenter

464 5287 691 5347 tionem
719 5288 977 5367 expertis
999 5286 1209 5349 deberi
1231 5289 1469 5371 dicit,ut
1493 5300 1663 5356 omni
1678 5294 1988 5359 hominum
2008 5315 2107 5376 ge—
2192 5304 2413 5375 egerat,
2443 5312 2746 5375 nusquam
2778 5312 2813 5355 a
2842 5292 2967 5354 leni
2989 5291 3100 5352 αιο
3133 5308 3373 5353 morum
3404 5310 3655 5354 suorum
3671 5301 3845 5357 statu

462 5381 603 5437 neri
616 5377 1022 5457 custodiatur,
1048 5380 1455 5457 praefecturas
1483 5400 1561 5445 ex
1590 5385 1964 5463 praefecturis
2000 5404 2103 5465 ge-
2187 5386 2504 5449 discedens
2533 5386 2605 5449 ob
2636 5395 2858 5449 metum
2888 5398 3121 5454 eorum,
3156 5398 3289 5461 qua:
3316 5400 3353 5442 a
3373 5382 3851 5447 sublimioribus

471 5484 629 5540 rem,
660 5473 715 5528 et
739 5467 895 5528 alios
925 5473 1103 5545 atque
1132 5466 1292 5530 alios
1319 5489 1431 5532 sua
1448 5472 1979 5540 administratione
1993 5478 2101 5539 ad-

2202 5476 2540 5533 ootutata‘tm
2569 5478 2929 5533 imminebant.
2967 5472 3221 5539 Tempus
3250 5472 3423 5528 etiam
3453 5473 3672 5543 optime
3699 5487 3847 5534 con-

540 5644 622 5716 (α)
649 5630 762 5715 Ep.
792 5632 897 5731 83.

2270 5639 2344 5723 (bi
2375 5634 2483 5721 Ep.
2518 5642 2619 5709 86.
