4058 6200
1617 254 1801 319 VITA
1846 258 1908 319 S.

2001 250 2250 320 estut.
3480 276 3647 327 rem

261 386 415 466 sibi,
440 387 662 449 saltem
694 398 763 450 ut
791 400 939 451 natu
967 392 1204 469 majori.
1235 392 1513 469 injuriam
1545 409 1665 453 non
1698 390 1873 453 faciat
1908 410 1921 452 :
1947 413 1983 455 Α
2009 388 2140 449 dum
2171 389 2337 450 illum
2363 406 2562 451 caussa
2584 391 2898 452 Cesaream
2923 390 3165 469 vestigia
3188 392 3419 454 referre
3448 413 3654 475 coege-

256 476 426 556 quod
463 477 515 538 si
544 495 679 539 sese
734 487 997 541 ostentet
1044 490 1219 560 atque
1247 480 1514 555 aii‘errat,
1544 498 1613 542 ac
1647 490 1923 562 tanquam
2009 478 2320 539 rnnt.Nam
2355 477 2831 550 Theodotus,ubi
2855 497 2989 539 eum
3019 500 3151 540 cum
3187 478 3493 544 Eustathio
3518 503 3654 547 esse

254 566 775 645 metropolitanns
798 585 833 629 e
860 570 1171 648 superiore
1194 570 1324 631 loco
1342 588 1538 650 parvae
1562 571 1812 632 civitatis
1832 570 1920 631 vel

2007 566 2301 644 cognovit,
2333 578 2648 647 antequam
2684 569 3071 649 disceretqua
3098 570 3172 630 de
3199 589 3377 632 causa
3401 573 3453 632 id
3484 574 3657 636 fecis-

252 656 467 733 potius
502 654 727 716 nullius
760 657 1106 737 episcopum
1138 658 1492 740 alloquatur,
1530 658 1643 722 sibi
1687 677 1922 738 quoque
2006 666 2113 733 set,
2152 666 2207 717 eet
2239 658 2374 735 quid
2399 676 2464 716 ex
2484 674 2805 735 congressu
2830 667 3183 719 consecutus
3206 670 3510 736 esset,nen
3526 665 3649 742 jam

249 744 661 823 supercilium
698 763 832 808 esse
860 747 1019 826 quod
1050 760 1335 829 opponat.

340 833 643 895 Caterum
675 833 934 897 libenter
962 837 1462 916 accepitllasilius
1487 838 1917 918 conditionem,

250 939 397 1001 qua
426 924 509 983 ab
531 924 821 985 Anthimo
842 923 1165 1005 ferebatur,
1216 927 1369 989 utde
1383 927 1752 990 restituenda
1774 946 1918 1007 pace

246 1012 607 1073 communis
655 1012 912 1074 iniretur
950 1013 1329 1077 deliberatio.
1364 1014 1553 1096 Hujus
1584 1020 1670 1079 rei
1704 1025 1913 1079 testem

248 1099 563 1164 habemus
590 1102 902 1182 epistolam
928 1104 1001 1164 ad
1021 1113 1289 1167 senatum
1310 1105 1777 1187 Tyanensem,in
1800 1125 1916 1187 qua

248 1190 532 1253 declarat
580 1208 647 1252 se
672 1193 1136 1270 omniaquidem
1163 1194 1427 1255 Anthimi
1463 1195 1742 1275 cosilia,
1778 1215 1912 1256 om-

248 1295 496 1357 nesque
520 1278 861 1341 molitiones
886 1281 1233 1360 pervidisse;
1260 1283 1365 1344 sed
1394 1292 1591 1345 tamen
1620 1284 1767 1345 nihil
1798 1283 1910 1345 sibi

250 1384 395 1428 esse
446 1384 599 1446 pace
643 1369 970 1449 antiquius.
1005 1373 1359 1432 Persuasum
1394 1374 1550 1433 enim
1603 1372 1719 1435 sibi
1754 1392 1908 1446 esse,

247 1454 409 1517 nihil
431 1474 502 1517 se
520 1472 703 1536 posse
727 1460 919 1519 solum
957 1460 1247 1539 perﬁcere
1300 1462 1612 1541 magisque
1640 1462 1911 1542 indigere

245 1562 316 1604 se
343 1545 824 1624 uniuscujusque
871 1548 1121 1611 fratrum
1153 1550 1396 1623 auxilio,
1444 1569 1621 1631 quam
1666 1552 1909 1613 alteram

249 1652 507 1695 manum
539 1636 791 1698 alterius
819 1655 954 1716 ope.
981 1640 1184 1715 Itaque
1213 1646 1442 1701 certum
1464 1640 1577 1701 sibi
1599 1659 1729 1702 esse
1755 1643 1913 1721 pacis

2008 745 2167 804 illum
2201 749 2269 805 ad
2297 765 2324 803 c
2355 753 2653 806 «nventum
2680 746 3010 807 vocandum
3042 767 3171 808 esse
3194 749 3509 827 judicavit,
3547 770 3654 815 nec

2004 854 2359 914 quamquam
2394 835 2551 895 misit
2582 834 2680 913 qui
2708 836 2924 895 iterum
2946 835 3296 899 admoneret
3326 852 3428 899 aut
3454 842 3648 904 dedue

2001 932 2183 984 ceret.
2220 922 2335 983 Res
2356 942 2425 983 eo
2460 923 2768 984 molesuor
2821 923 2926 984 fuit
2972 924 3215 1003 Basilio,
3275 929 3431 1007 quod
3487 930 3649 992 illuni

1997 1023 2171 1072 antea
2204 1013 2607 1090 perfnnctiore
2638 1030 2742 1091 per
2771 1011 3104 1073 Hellenium
3137 1015 3503 1081 invitaverat.
3526 1020 3652 1083 Alia

1997 1100 2237 1161 suberat
2265 1120 2440 1162 causa
2457 1103 2629 1178 longe
2652 1101 3164 1181 gravior-Accepit
3183 1104 3340 1164 enim
3364 1104 3653 1170 Sebastize

1998 1189 2251 1260 litteras,
2288 1191 2502 1270 quibus
2536 1200 2844 1251 venturum
2893 1211 2958 1252 se
3013 1190 3306 1253 Eusebius
3368 1198 3643 1274 negabat,

1996 1280 2311 1360 statimque
2343 1279 2570 1341 refrixit
2612 1280 2904 1357 cupiditas
2955 1281 3136 1341 eundi
3188 1280 3552 1363 Nicopolim,
3593 1298 3650 1348 et

1998 1368 2400 1444 perfunctorie
2431 1368 2717 1427 invitandi
2749 1370 2899 1429 ratio
2933 1370 3194 1429 animum
3250 1374 3455 1436 subiit.
3499 1374 3643 1436 Nam

1996 1476 2128 1516 cum
2166 1459 2416 1518 Eusebio
2444 1477 2515 1518 ue
2546 1457 2890 1535 gravissima
2912 1459 3152 1537 quidem
3171 1461 3518 1523 discrimina
3541 1483 3645 1527 re-

1997 1546 2511 1621 formidabat,sine
2545 1567 2614 1607 eo
2646 1550 2732 1607 vel
2769 1547 3088 1607 levissimis
3122 1549 3314 1628 impar
3346 1552 3459 1613 sibi
3484 1554 3645 1615 vide-

2000 1638 2395 1709 batur.Quare
2425 1638 2607 1697 satius
2637 1654 2770 1697 esse
2800 1636 2965 1695 duxit
2995 1637 3218 1698 omisso
3245 1640 3340 1701 die
3370 1641 3519 1703 festo
3541 1642 3643 1704 Ni-

248 1741 439 1785 causa
484 1743 598 1785 nec
630 1725 897 1787 laborem
932 1727 1117 1789 ullum
1154 1730 1767 1807 pratermittere,non
1798 1732 1912 1790 hu-
1940 1734 1975 1782 Β
1999 1725 2253 1803 copolim
2282 1727 2396 1786 alio
2421 1736 2688 1805 tempore
2724 1726 3113 1805 proticisci,et
3144 1746 3278 1788 cum
3308 1731 3548 1792 Meletio
3571 1735 3647 1794 de

246 1813 401 1874 mile
432 1813 601 1875 dictu
633 1816 962 1896 quidquam
994 1824 1095 1878 aut
1133 1817 1313 1892 factu,
1363 1837 1478 1879 non
1513 1819 1749 1881 itineris
1781 1820 1914 1880 lon-

244 1904 597 1981 gitudinem
663 1905 881 1986 vereri,
927 1924 1048 1966 non
1068 1906 1391 1987 quidquam
1417 1907 1581 1970 aliud
1597 1910 1913 1972 molestum

246 1992 571 2070 refugere,
608 2002 668 2053 ut
712 1996 1052 2056 mercedem
1103 1995 1531 2075 pacificationis
1578 2015 1914 2079 consequa-

332 2170 436 2234 VI.
474 2172 685 2233 Basilii
706 2192 843 2234 cum
875 2172 1264 2254 Cappadociae
1307 2176 1590 2238 secundas
1619 2178 1917 2258 episcopis

247 2262 623 2339 congressui
640 2280 837 2323 moras
857 2263 1056 2324 attulit
1069 2264 1185 2325 iter
1203 2265 1263 2327 in
1277 2265 1917 2329 Armeniam.Vocatus

245 2350 449 2411 fuerat
472 2350 732 2412 Basilius
772 2370 807 2411 a
834 2350 897 2414 S.
937 2352 1168 2415 Meletio
1212 2364 1269 2415 et
1318 2354 1625 2416 Theodoto
1651 2357 1722 2417 ad
1756 2355 1915 2417 diem

244 2439 477 2502 festum
505 2441 710 2501 medio
744 2460 953 2503 mense
978 2442 1155 2505 Junio
1177 2444 1783 2520 celebrandummtde
1806 2446 1919 2507 Eu-

248 2529 480 2591 stathio
506 2540 567 2590 et
590 2528 789 2591 Basilii
808 2551 942 2593 cum
978 2551 1048 2594 eo
1077 2535 1519 2606 communione,
1539 2554 1671 2615 quae
1702 2536 1920 2597 multos

251 2618 782 2700 laedebat,aliquid
808 2622 986 2684 statui
1013 2622 1555 2702 posset.Sentiebat
1580 2642 1789 2703 magno
1804 2624 1918 2687 sibi

248 2709 364 2770 hac
396 2709 464 2769 in
486 2726 557 2769 re
595 2710 874 2787 prazsidio
904 2712 1167 2773 futurum
1196 2711 1517 2774 Eusebium
1546 2717 1918 2777 Samosaten-

2004 1814 2183 1874 rebus
2216 1815 2639 1876 ecclesiasticis
2671 1814 3051 1893 colloqui,vel
3076 1818 3254 1877 etiam
3277 1837 3413 1879 cum
3438 1839 3508 1880 eo
3534 1821 3644 1882 En-

2000 1902 2228 1962 sebiuni
2266 1902 2679 1975 invisere.Qua
2703 1906 2776 1965 de
2796 1922 2860 1962 re
2886 1913 3123 1981 utrique
3140 1906 3642 1988 scripsit,utrius-

2000 2012 2115 2072 que
2148 2011 2435 2073 responsa
2482 1996 2977 2073 exspectanséed
3025 1996 3239 2055 litteris
3276 1997 3346 2057 ad
3370 2010 3639 2060 sanctum

1998 2081 2299 2143 Meletium
2337 2083 2494 2143 idem
2529 2100 2775 2161 prorsus
2805 2084 3000 2142 evenit
3024 2102 3092 2142 ac
3126 2084 3398 2163 pluribus
3418 2087 3643 2161 aliis,ut

1998 2176 2067 2232 ad
2104 2192 2215 2233 nos
2246 2171 2651 2252 pervenirent.
2699 2170 2829 2232 Dixi
2884 2171 3194 2249 Basilium,
3229 2194 3363 2235 cum
3416 2177 3639 2238 Sebas-

1998 2262 2095 2321 tiae
2134 2271 2312 2341 esset,
2364 2262 2593 2322 litteras
2625 2259 2865 2321 Eusebii
2917 2263 3247 2341 accepisse.
3283 2264 3402 2325 Res
3443 2284 3549 2346 per
3576 2285 3640 2326 se

2002 2352 2287 2430 patet.Ait
2309 2354 2466 2412 enim
2493 2369 2557 2412 se
2577 2351 2742 2410 lectis
2763 2350 2857 2410 liis
2880 2350 3094 2411 litteris
3116 2354 3464 2431 repudiasse
3485 2374 3636 2415 con-

1999 2440 2195 2500 silium
2223 2441 2401 2501 cundi
2434 2439 2795 2518 Nicopolim,
2824 2448 3139 2519 propterea
3169 2443 3324 2521 quod
3357 2452 3641 2504 venturus

2002 2548 2118 2589 non
2152 2543 2277 2589 erat
2307 2529 2711 2590 Eusebius.At
2744 2529 2854 2588 hoc
2880 2530 3197 2590 consilium
3231 2549 3347 2591 non
3366 2532 3640 2611 repudia-

2003 2618 2223 2693 vit,uisi
2248 2637 2383 2679 cum
2402 2617 2690 2679 Sebasdae
2707 2623 2890 2696 esset;
2912 2617 3087 2696 idque
3116 2621 3415 2698 conceptis
3444 2621 3641 2681 verbis

2002 2708 2261 2769 declarat
2290 2708 2347 2767 in
2382 2709 2631 2787 epistola
2663 2706 2961 2785 sequenti,
3013 2728 3078 2766 se
3113 2726 3144 2767 e
3179 2710 3373 2769 medio
3423 2712 3640 2771 itinere

244 2815 403 2860 sem,
432 2799 492 2860 Is
514 2800 682 2859 enim
708 2819 842 2860 cum
895 2801 1125 2862 amicus
1146 2812 1272 2863 erat
1300 2802 1622 2879 Eustathio,
1671 2805 1778 2878 vir,
1813 2804 1916 2864 iti-
2005 2799 2231 2858 tristem
2266 2815 2575 2858 reversum
2609 2814 2766 2858 esse.
2792 2794 2965 2857 Forte
2996 2797 3196 2870 etiam,
3218 2806 3534 2876 antequam
3569 2817 3637 2860 ex

242 2887 385 2948 dem
421 2898 487 2948 ut
518 2888 1127 2969 Basilius,probitatis
1148 2892 1394 2954 minime
1414 2892 1911 2972 suspiciosaauum
2004 2888 2113 2947 hac
2147 2887 2291 2949 urbe
2316 2888 2680 2959 discederet,
2707 2884 2959 2946 Eusebio
2994 2886 3302 2965 resoripsit
3328 2887 3478 2947 hanc
3503 2907 3635 2967 epi-

242 2996 385 3037 vero
421 2996 611 3038 nemo
634 2979 820 3057 magis
844 2979 1120 3060 idoneus,
1149 2982 1251 3062 qui
1277 3001 1384 3061 pro
1408 3001 1645 3043 summa
1674 3001 1782 3044 sua
1801 3002 1910 3044 au-
1997 2979 2208 3038 stolam
2231 2979 2310 3041 98
2342 2978 2398 3037 in
2427 2995 2535 3056 qua
2560 2994 3014 3055 congressurum
3051 2995 3115 3035 se
3147 2980 3293 3037 dicit
3333 2996 3468 3037 cum
3502 2979 3632 3055 epi-

240 3068 529 3129 ctoritate
585 3078 646 3129 et
694 3069 970 3130 maximis
1018 3071 1093 3133 do
1139 3073 1202 3133 S.
1252 3071 1485 3134 Meletio
1532 3091 1600 3134 ac
1637 3074 1912 3137 universa
1994 3067 2485 3146 scopissecundze
2507 3066 3137 3145 Cappadociae,et0ttm
3164 3066 3474 3126 Eustathio
3499 3086 3637 3127 con-

244 3158 527 3218 Ecclesia
552 3157 784 3219 meritis
806 3158 1038 3238 iniquas
1066 3160 1443 3238 suspiciones
1473 3173 1904 3241 compesceret.
1927 3182 1968 3233 ς,
1993 3175 2259 3234 gressum
2293 3176 2446 3231 esse,
2472 3158 2567 3217 cui
2605 3156 3003 3217 testimoniam
3035 3163 3215 3217 rectm
3243 3157 3375 3217 tidei
3409 3155 3635 3219 tribuit.

245 3244 598 3328 Scripserat
631 3248 704 3308 ad
741 3266 876 3309 eum
896 3248 1145 3310 Basilius
1168 3249 1403 3328 triginta
1439 3251 1626 3313 tribus
1652 3262 1788 3314 ante
1822 3253 1913 3314 fe-

250 3345 413 3397 stum
445 3335 697 3409 diebus;
722 3336 827 3398 sed
850 3356 985 3399 cum
1017 3357 1266 3401 summa:
1293 3348 1493 3402 essent
1519 3341 1806 3420 temporis
1822 3361 1917 3403 an.

245 3427 488 3503 gustia,
515 3435 844 3507 antequam
894 3446 1186 3509 responsa
1214 3428 1539 3492 Samosatis
1570 3435 1870 3510 acciperet
1899 3482 1915 3513 ,

249 3517 357 3577 vim
384 3534 457 3576 se
484 3516 891 3599 commisit,ut
909 3517 983 3579 ad
1005 3518 1161 3580 diem
1192 3520 1697 3600 possetindictum
1721 3522 1917 3584 locum

246 3604 989 3686 assequi.Transeundum
1020 3618 1221 3671 autem
1247 3609 1520 3673 Sebastia
1549 3612 1682 3691 fuit,
1716 3612 1920 3693 ibique

248 3694 784 3771 commorandum,
821 3704 885 3757 ut
911 3697 989 3760 de
1016 3697 1308 3761 Eustathii
1345 3700 1464 3761 ﬁde
1493 3710 1658 3763 certa
1701 3701 1920 3763 indicia

249 3781 599 3865 Nicopolim
630 3786 1157 3865 perierrentur.Ac
1180 3788 1409 3869 primus
1437 3790 1682 3870 quidem
1708 3790 1838 3852 dies
1855 3795 1917 3851 in

249 3873 624 3954 disputando
653 3874 990 3956 insumptus
1017 3878 1239 3940 nullam
1269 3890 1494 3940 certam
1537 3878 1742 3940 habuit
1770 3898 1917 3941 con-

250 3962 701 4026 clusionem.At
720 3966 1309 4047 postridie,quamvis
1336 3969 1552 4031 Basilio
1567 3968 1917 4032 accessisset

248 4054 587 4113 vehemens
597 4053 672 4114 ad
682 4054 1349 4131 versarius,P(emenius
1367 4057 1653 4122 Sebastite
1671 4058 1912 4139 presby-

251 4150 363 4221 ter;
398 4142 491 4203 sic
522 4152 728 4205 tamen
759 4142 1011 4206 Basilius
1040 4158 1103 4207 et
1127 4146 1362 4226 objecta
1392 4147 1685 4222 dissolvit,
1715 4155 1774 4210 et
1803 4167 1907 4211 ca-

2000 3246 2287 3325 Loquitur
2316 3248 2496 3307 etiam
2534 3247 2608 3307 de
2641 3246 2944 3306 nonnullis
2975 3248 3397 3325 episcoporum
3424 3245 3639 3308 litteris

2001 3337 2073 3396 ad
2092 3334 2412 3396 Eusebium
2441 3355 2557 3395 non
2584 3337 2915 3411 perlatis,et
2938 3336 3011 3395 de
3027 3334 3444 3415 Palmatio,qui
3464 3334 3639 3396 Maxi-

2005 3442 2098 3486 mo
2124 3426 2360 3503 praesidi
2384 3425 2459 3486 ad
2483 3425 2931 3505 persecutiones
2961 3424 3356 3502 ministrabat,
3375 3425 3433 3485 id
3460 3427 3639 3487 estad

2004 3515 2342 3575 exactiones
2370 3514 2753 3575 tributorum.
2797 3513 2913 3574 Has
2952 3513 3378 3594 episcoporum
3417 3515 3640 3576 litteras

2001 3604 2280 3678 Basilius,
2314 3606 2487 3683 culpa
2512 3622 2740 3678 eorum,
2777 3602 2878 3683 qui
2898 3605 3090 3681 ipsius
3119 3603 3345 3665 litteras
3378 3623 3497 3665 non
3528 3625 3637 3667 cu-

1999 3702 2275 3754 raverant
2306 3695 2792 3773 perl‘erendas,ad
2818 3692 3141 3755 Eusebium
3161 3693 3640 3773 uonpervenisse

1999 3781 2418 3846 dicit.Videtur
2447 3796 2647 3845 autem
2676 3784 2764 3843 vel
2788 3784 3014 3844 litteras
3036 3783 3509 3846 Occidentalium
3539 3786 3643 3847 de-

1997 3872 2258 3951 signare,
2291 3872 2396 3950 qui
2426 3873 2537 3952 ipsi
2561 3873 2946 3953 scripserant,
2972 3874 3067 3935 vel
3091 3875 3283 3935 sancti
3308 3875 3533 3938 Meletii
3584 3886 3643 3937 et

1998 3960 2315 4037 Theodoti,
2339 3963 2440 4043 qui
2471 3981 2605 4024 eum
2638 3962 2712 4023 ad
2753 3962 2911 4025 diem
2943 3964 3155 4025 festum
3207 3963 3404 4025 medio
3434 3983 3639 4027 mense

1992 4050 2172 4114 Junio
2204 4052 2635 4114 celebrandum
2668 4053 3083 4117 invitaverant.
3116 4051 3262 4123 Quis
3307 4052 3407 4115 ille
3464 4055 3640 4116 fuerit

1996 4141 2333 4223 l’almatius,
2376 4149 2473 4223 qui
2506 4158 2571 4204 se
2620 4143 2861 4205 Maximi
2913 4144 3254 4205 ministrum
3311 4142 3634 4223 prtebebat,

250 4230 543 4292 tholicam
566 4230 902 4295 doctrinam
941 4243 1078 4297 ante
1109 4236 1315 4297 oculos
1346 4238 1640 4317 exposuit,
1676 4245 1740 4299 ut
1769 4236 1910 4300 nul-
1994 4231 2169 4311 plane
2200 4232 2406 4294 nescio
2437 4252 2449 4295 :
2484 4232 2641 4310 quod
2670 4243 2867 4294 autem
2890 4233 2971 4294 ait
2992 4233 3249 4295 Basilius
3277 4251 3413 4293 eum
3453 4234 3637 4295 Maxi-

250 4318 307 4381 la
336 4337 598 4399 prorsus
643 4322 702 4383 in
732 4340 800 4384 re
830 4322 1236 4387 dissentirent.
1273 4326 1475 4404 itaque
1518 4335 1909 4390 surrexerunt
1993 4338 2094 4381 mo
2119 4319 2490 4381 ministrasse
2510 4322 2642 4401 πρὸς
2674 4322 2791 4384 τοὺς
2822 4319 3113 4399 διωγμούς,
3144 4320 3223 4382 ad
3249 4327 3637 4400 persecutio-

249 4408 415 4470 circa
436 4410 649 4471 horam
675 4429 890 4473 nonam
909 4413 987 4475 ad
1007 4414 1411 4496 ριοωοειιιαωη,
1436 4427 1495 4478 et
1524 4416 1744 4496 gratias
1770 4435 1905 4496 ego-
1990 4411 2189 4485 nes,id
2213 4410 2287 4470 de
2310 4410 2731 4491 persecutione
2761 4408 3045 4472 Ecclesia
3070 4412 3297 4471 dictum
3324 4429 3443 4475 non
3474 4422 3635 4493 puto,

251 4507 396 4559 runt
424 4496 579 4575 Deo,
610 4500 774 4579 quod
800 4500 960 4564 idem
990 4504 1238 4581 sentire,
1273 4504 1555 4587 idemque
1597 4505 1759 4587 loqui
1794 4507 1901 4570 de-
1988 4500 2094 4563 sed
2113 4500 2190 4561 de
2223 4499 2630 4562 exactionibus
2662 4498 3217 4564 tributorum.Hunc
3250 4502 3410 4567 enim
3445 4502 3640 4565 Maxi-

249 4585 465 4649 disset.
1461 4585 1476 4587 ﬁ
1681 4585 1694 4587 ’
1932 4664 1963 4671 λ
1992 4610 2150 4650 ιιὶιιίιι
2179 4590 2434 4651 Basilius
2474 4591 2531 4649 in
2565 4591 2739 4669 epist.
2783 4590 2914 4666 147,
2934 4591 3125 4651 virum
3147 4600 3315 4669 longe
3342 4594 3634 4671 optimum

330 4675 771 4767 Probesciebat
791 4678 1043 4743 Basilius
1067 4684 1356 4763 privatum
1379 4684 1492 4747 hoc
1515 4685 1903 4767 colloquium,
1932 4664 1972 4715 θ
1990 4679 2435 4761 appellat,quod
2464 4679 2540 4740 de
2566 4664 2950 4759 persecutore
2963 4664 3641 4743 Ecclesiaa'nou'videtur

252 4784 373 4826 non
394 4766 554 4828 satis
576 4768 814 4847 insigne
842 4782 1298 4834 monumentum
1330 4773 1470 4835 ﬁdei
1501 4766 1907 4838 Eustathiiiu4

252 4863 477 4931 turum,
506 4857 625 4917 nisi
664 4865 885 4938 scripto
909 4860 1131 4941 aliquid
1163 4862 1645 4942 consignaretur.
1685 4865 1805 4926 Sed
1848 4872 1912 4926 ut

248 4943 479 5006 faceret
508 4946 846 5009 accuratius
865 4966 935 5010 ac
966 4949 1478 5028 diligentiusdidei
1503 4953 1818 5015 formulam
1837 4955 1911 5017 ab

253 5035 387 5115 ipso
411 5034 727 5099 Theodoto
757 5039 1034 5120 accipere
1057 5041 1310 5123 volebat,
1344 5052 1405 5102 ut
1432 5064 1543 5104 una
1590 5052 1651 5106 et
1700 5044 1910 5107 eadem

252 5144 438 5206 opera
467 5132 594 5189 duo
615 5138 1111 5205 consequeretur,
1138 5150 1356 5212 nempe
1385 5141 1443 5193 et
1462 5134 1775 5196 Eustathio
1806 5152 1910 5197 re-

253 5224 407 5277 ctam
429 5215 615 5280 ﬁdem
646 5219 1064 5299 persuaderet,
1104 5228 1165 5285 et
1195 5221 1355 5283 illius
1391 5222 1746 5284 adversariis
1775 5232 1912 5305 post

254 5315 530 5384 acceptas
556 5304 833 5387 ipsorum
883 5308 1283 5387 conditiones,
1329 5311 1555 5372 nullum
1605 5313 1910 5375 contradi-

258 5397 432 5457 cendi
464 5396 664 5458 locum
690 5397 1091 5478 relinqueret.

335 5485 791 5567 Colloqoiorum
824 5505 962 5548 cum
992 5486 1302 5553 Eustatbio
1325 5498 1557 5573 optatus
1577 5492 1780 5555 exitus
1803 5493 1918 5553 Ba-

1992 4771 2269 4831 dictnrus
2294 4776 2501 4828 luisse.
2537 4768 2915 4830 Probabilius
2953 4769 3137 4831 multo
3169 4782 3260 4830 est
3292 4777 3449 4831 hunc
3478 4788 3634 4851 pra:-

1993 4863 2351 4932 sidem,cum
2379 4858 2560 4918 sciret
2586 4857 2901 4938 Eliam,cui
2923 4860 3308 4938 succedebat,
3343 4860 3404 4920 in
3436 4860 3637 4922 maxi-

1996 4967 2126 5009 mas
2176 4948 2480 5008 molestias
2505 4948 2582 5007 ob
2612 4965 2779 5008 suam
2836 4950 2894 5009 in
2927 4948 3312 5028 Cappadoces
3337 4950 3640 5012 lenitatem

1995 5038 2299 5113 incidisse,
2333 5038 2598 5097 strictum
2627 5047 2688 5099 et
2709 5054 3005 5113 severum,
3026 5038 3233 5099 saltem
3259 5038 3641 5115 iuitio,i'uisse

1992 5128 2052 5187 in
2087 5127 2397 5205 exigendis
2422 5126 2685 5187 tributis.

2073 5217 2189 5279 Sed
2222 5216 2287 5278 in
2311 5218 2401 5277 his
2432 5217 2644 5278 litteris
2665 5237 2735 5280 ea
2761 5218 3059 5299 praecipue
3091 5218 3485 5301 observanda,
3511 5240 3642 5301 quas

1994 5307 2068 5368 de
2091 5305 2381 5386 Gregorio
2405 5306 2731 5369 dicuntur:
2769 5307 3072 5372 Caeterum
3107 5312 3369 5386 [mtrem
3405 5310 3644 5390 Grego-

1999 5394 2623 5476 rium,inqnit,vellem
2641 5406 2695 5461 et
2715 5397 3153 5479 egoEcclest'am
3172 5396 3517 5474 gubernare
3541 5410 3638 5461 in-

2005 5486 2193 5567 genio
2212 5503 2321 5548 suo
2338 5503 2583 5566 parem.
2616 5486 2713 5549 Ea
2758 5495 2959 5551 autem
2979 5494 3112 5551 erat
3153 5486 3425 5551 Ecclesia
3444 5495 3643 5567 annois

255 5574 457 5638 silium
487 5575 885 5655 incitabat,ut
909 5584 1070 5640 recta
1110 5580 1443 5663 Nicopolim
1474 5588 1769 5663 metut.
1802 5579 1914 5659 sed

2002 5593 2137 5657 qua:
2156 5576 2265 5639 sub
2288 5577 2409 5641 sole
2428 5583 2537 5656 est,
2549 5578 2613 5641 in
2629 5595 2822 5642 unum
2837 5575 3487 5643 meammeam
3505 5582 3645 5660 ﬁeri
