4058 6200
408 270 505 318 CVI

1813 251 2008 313 PROL
2017 250 2400 313 EGOMENA.

409 388 570 450 tibus
591 407 946 469 congressus
975 395 1024 452 si
1049 397 1179 469 post
1203 383 1606 468 proditionem
1637 383 1822 445 habiti
1855 384 2046 455 fuere,
2074 395 2108 437 Α
2135 383 2355 460 partim
2375 385 3026 464 accurrerent,scripsit
3044 385 3119 447 ad
3140 384 3511 448 Eustathium
3533 391 3796 470 ejusque

414 497 656 542 necesse
687 487 868 541 estut
923 478 1191 541 dicamus
1240 473 1524 538 Basilium
1579 483 1817 536 euntem
1868 472 2048 534 Nico-

413 568 595 646 polim
626 587 694 631 ac
739 567 1092 630 redeuntem
1141 584 1274 628 cum
1332 563 1633 624 Eustathlo
1696 563 2050 623 collocutum

411 677 541 720 8886
552 707 564 719 .

492 747 643 810 Illud
667 755 862 808 autem
881 753 1042 808 certo
1067 752 1298 805 constat
1320 742 1600 806 Basilium
1615 742 1727 802 hoc
1742 759 1899 801 anno
1925 759 2052 819 per-

411 836 646 908 fecisse,
683 835 840 916 quod
873 833 1148 915 proxime
1183 833 1385 912 elapso
1419 831 1733 892 morositas
1763 828 2053 890 Theodoti

415 926 920 1006 interpellaverat,
954 933 1016 984 ut
1051 941 1185 983 cum
1218 920 1531 982 Theodoto
1562 923 1635 982 de
1670 919 2054 998 proponenda

413 1015 760 1078 Eusthathio
787 1012 923 1073 fidei
954 1011 1210 1072 formula
1245 1010 1607 1072 deliberaret
1633 1010 1742 1088 (α).
1767 1007 2054 1088 Sperabat

413 1106 571 1167 enim
606 1122 671 1164 se
701 1102 818 1163 duo
852 1119 970 1163 una
1014 1111 1069 1161 et
1115 1102 1321 1162 eadem
1357 1117 1537 1178 opera
1571 1099 1961 1177 lucraturum,
1999 1098 2048 1158 si

411 1192 748 1254 Eustathius
761 1189 1161 1271 comprobata;
1178 1189 1290 1269 ipsi
1309 1189 1618 1251 Theodoto
1634 1188 1901 1248 formqu
1921 1188 2049 1248 sub-

409 1281 695 1342 scriberet
723 1301 738 1354 ;
762 1299 825 1340 se
848 1278 919 1339 ab
948 1277 1325 1338 inimicorum
1354 1276 1690 1340 calumniis.
1723 1276 1915 1354 ipsum
1942 1275 2047 1335 Eu.

411 1369 687 1430 stathium
708 1388 741 1430 a
768 1366 1335 1447 Theodotiquerelis
1358 1375 1413 1427 et
1444 1365 1885 1444 suspicionibus
1909 1364 2050 1424 libe-

410 1477 539 1520 rum
575 1469 632 1517 et
659 1458 917 1518 solutum
951 1456 1104 1517 fore.
1139 1455 1273 1535 Ipse
1306 1455 1465 1516 enim
1499 1453 1750 1514 Basilius
1801 1454 2046 1513 multum

412 1550 577 1627 ponit
633 1545 993 1608 discrlminis
1043 1546 1204 1606 inter
1259 1545 1633 1605 Theodotum
1663 1545 1889 1622 ((2),qui
1923 1543 2049 1603 solo

415 1637 549 1698 ﬁdei
572 1636 766 1697 studio
791 1634 1222 1706 movebatur,et
1241 1633 1514 1695 inimicos
1527 1652 1593 1694 ac
1618 1633 2051 1693 obtrectatores

2138 474 2387 545 amicos,
2422 481 2479 534 et
2511 473 2672 534 misit
2702 474 2802 554 qui
2849 474 3163 555 episcopos
3200 475 3513 538 advenisse
3559 483 3766 541 nuntia

2138 571 2292 623 rent.
2323 569 2386 622 At
2404 582 2474 624 ex
2497 571 2664 643 parte
2685 562 2972 624 Eustathii
2995 582 3174 625 nemo
3193 565 3606 637 aderat,nemo
3631 568 3797 630 illius

2137 649 2452 712 adventum
2479 651 3004 732 praenuntiabat,et
3031 652 3198 730 quia
3220 655 3436 716 Basilio
3471 657 3628 716 missi
3658 658 3792 720 fue-

2137 748 2271 799 rant
2292 743 2362 802 ad
2392 740 3112 820 Eustathium,plurimam
3139 742 3261 802 illic
3290 744 3588 805 tristitiam
3614 757 3671 806 et
3702 749 3789 807 in-

2139 827 2573 906 dignationem,
2609 829 2778 904 quasi
2811 848 2956 890 nova
2989 829 3137 890 fides
3173 850 3204 890 a
3233 831 3451 893 Basilio
3486 837 3792 914 proposita

2137 916 2438 992 fuisset,se
2461 918 2952 980 animadvertisse
2980 930 3320 993 narrarunt,
3349 930 3524 1002 atque
3547 942 3620 984 ex
3658 926 3787 986 Eu-

2139 1006 2334 1066 stathii
2361 1008 2670 1086 discipulis
2715 1007 2995 1080 audiisse,
3025 1027 3156 1068 cum
3193 1010 3461 1072 dicerent
3487 1032 3786 1092 nunquam

2139 1113 2204 1156 se
2229 1114 2525 1175 passuros,
2553 1106 2614 1155 ut
2635 1097 2702 1155 ad
2729 1096 3099 1174 designatum
3135 1099 3328 1158 locum
3353 1101 3693 1162 Eustathius
3723 1121 3787 1162 se

2135 1184 2453 1246 conferret.
2470 1184 2643 1246 Venit
2662 1194 2856 1246 tamen
2870 1185 3084 1265 aliquis
3102 1187 3565 1264 perfunctoriam
3583 1189 3790 1250 Eusta-

2139 1273 2246 1335 thii
2278 1274 2589 1353 epistolam
2618 1274 2836 1348 ferens,
2865 1292 2974 1335 nec
2998 1275 3072 1336 de
3096 1276 3166 1336 iis
3198 1296 3328 1356 quae
3357 1276 3427 1337 ab
3462 1279 3628 1339 initio
3651 1298 3789 1340 con-

2136 1361 2337 1424 stituta
2371 1364 2624 1440 fuerant,
2661 1364 2979 1442 quidquam
3032 1365 3380 1428 habentem.
3412 1368 3573 1430 Misit
3607 1371 3787 1430 etiam

2134 1450 2506 1530 Theophilus
2561 1451 3006 1514 Castabalorum
3049 1453 3365 1534 episcOpus
3395 1456 3653 1536 aliquem
3710 1478 3782 1518 ex

2137 1540 2281 1614 suis,
2320 1541 2420 1621 qui
2466 1541 2748 1604 Basilium
2801 1542 3084 1604 conviciis
3137 1545 3552 1622 perfunderet:
3591 1566 3790 1626 neque

2135 1629 2292 1690 enim
2327 1631 2595 1692 scribere
2631 1631 2906 1709 dignatus
2934 1641 3062 1706 est;
3098 1652 3214 1693 non
3259 1642 3372 1692 tam
3421 1644 3693 1696 metuens
3718 1657 3792 1696 ne

411 1743 832 1804 suos,quorum
860 1723 1158 1802 perpetuis
1187 1723 1503 1784 calumniis
1534 1723 1838 1782 materiam
1876 1722 2052 1782 dabat
2080 1747 2113 1793 Β
2138 1739 2207 1780 ex
2243 1720 2459 1782 litteris
2489 1721 2652 1799 argui
2689 1731 2910 1800 posset,
2945 1740 3117 1801 quam
3169 1743 3243 1784 ne
3276 1724 3335 1784 in
3371 1727 3788 1786 necessitatem

411 1813 752 1892 conjunctio
802 1831 933 1872 cum
964 1811 1294 1873 Eustathio.
1332 1813 1687 1890 Purgaverat
1706 1829 1769 1870 se
1789 1813 1974 1871 semel
1997 1825 2052 1870 et

410 1902 626 1964 iterum
652 1900 923 1964 Basilius:
952 1900 1223 1973 sed,cum
1253 1900 1398 1960 nihil
1428 1899 2054 1978 pl‘OfllOVlSSt‘i,}"OSlll-

412 1992 556 2054 lanti
586 1990 917 2062 Theodoto,
942 2000 1002 2049 ut
1036 1988 1171 2050 fidei
1211 1989 1462 2049 formula
1495 1988 1798 2049 Eustathio
1836 2008 2052 2066 propo-

414 2078 1430 2158 neretur,libenterannuit.Scripta
1455 2096 1593 2156 ergo
1615 2079 1759 2138 fides
1785 2076 2052 2157 Nicopoli

414 2172 730 2250 conjuncte
758 2187 891 2229 cum
943 2167 1270 2243 Theodoto,
1304 2187 1370 2228 ac
1393 2168 1542 2227 forte
1565 2168 1741 2227 etiam
1765 2187 1894 2227 cum
1923 2168 2054 2228 aliis

411 2259 904 2340 episcopis.Hanc
919 2257 1080 2319 enim
1109 2257 1448 2336 synodicam
1468 2258 1722 2336 appellat
1752 2257 2050 2318 Leontius.

413 2347 790 2412 Perferendze
813 2346 1208 2407 ministerium
1234 2346 1494 2426 suscepit
1517 2347 1768 2407 Basilius
1789 2353 1888 2421 (cl:
1917 2365 1981 2405 su
1993 2345 2046 2403 h-

411 2437 648 2516 scripsit
667 2435 1008 2497 Eustathius
1051 2453 1184 2496 cum
1212 2437 1514 2497 Frontone
1541 2444 1594 2494 et
1619 2437 1837 2496 Severo
1876 2436 2053 2495 chor-

411 2527 689 2608 episcopo
711 2533 770 2586 et
789 2526 919 2585 aliis
943 2523 1250 2584 nonnullis
1274 2523 1676 2585 clericis.Hzec
1695 2525 1950 2585 formula
1974 2527 2054 2585 in-

411 2624 502 2678 ter
522 2614 719 2676 Basilii
743 2613 1024 2693 epistolas
1047 2622 1356 2674 numerata
1381 2621 1707 2692 est,estque
1725 2614 2051 2675 centesima

410 2704 692 2768 vicesima
709 2701 1162 2784 quiuta.Praater
1176 2702 1476 2765 Nicaanain
1497 2701 1674 2763 fidem
1699 2722 1765 2764 ea
1788 2705 2057 2765 continet

409 2811 544 2870 quae
573 2792 643 2854 ad
677 2791 1162 2874 perspiciendam
1187 2791 1477 2854 Eustathii
1503 2791 1575 2853 de
1595 2792 1818 2872 Spiritu
1853 2802 2053 2854 sancto

412 2881 586 2945 fidem
623 2883 957 2942 necessaria
979 2880 1353 2942 videbantur.

492 2974 808 3052 Postquam
859 2969 1216 3049 subscripsit
1265 2969 1635 3044 Eustathius,
1671 2970 1931 3032 indictus
1969 2979 2055 3032 est

412 3061 564 3123 alius
597 3062 783 3140 locus,
806 3059 1088 3138 aliudque
1124 3069 1358 3138 tempus
1385 3059 1598 3119 iterum
1634 3060 2115 3133 conveniendi,

2104 3142 2117 3160 ‘
2148 3142 2443 3222 episcopis
2471 3146 2529 3205 in
2555 3147 2748 3208 aliena
2766 3148 3020 3210 ecclesia
3041 3147 3266 3210 deferri
3294 3167 3421 3210 mos
3446 3159 3590 3224 erat,
3623 3159 3683 3211 ut
3706 3153 3795 3212 eis

413 3158 474 3211 ut
495 3148 849 3210 coeuntibus
871 3147 1142 3226 paroeciaa
1159 3147 1450 3226 episcopis
1469 3146 1755 3225 insignior
1773 3161 1927 3210 esset
1943 3149 2059 3208 .uii-

411 3256 639 3299 morum
660 3235 1097 3315 conciliatio,ac
1118 3236 1413 3315 deinceps
1430 3236 1872 3316 suspicionibus
1899 3239 2061 3300 locus

412 3325 880 3407 precluderetur
914 3324 1027 3402 (εἰ).
1053 3323 1418 3385 Adfuturum
1456 3343 1520 3385 se
1553 3325 1827 3405 promisit
1857 3329 2061 3388 Eusta-

412 3414 570 3475 thius
609 3423 669 3476 et
712 3413 1071 3502 discipulos,
1097 3412 1524 3477 adducturum.
1557 3414 1657 3476 Ait
1696 3415 1946 3477 Basilius
1982 3423 2055 3502 (θ)

410 3520 587 3566 suum
613 3502 795 3564 fuisse
831 3502 1025 3563 locum
1058 3501 1224 3564 illum
1249 3502 1350 3581 qui
1377 3502 1719 3582 designatus
1745 3505 1918 3577 est.,id
1945 3501 2053 3576 est,

406 3610 612 3674 agrum
668 3591 947 3672 episcopo
1003 3591 1351 3654 Caesariensi
1414 3592 1775 3672 subjectum.
1812 3594 2061 3654 Videtur

407 3688 650 3745 vocatus
678 3681 860 3742 fuisse
887 3677 1152 3743 Colonia.
1188 3679 1311 3742 Huc
1345 3682 1502 3742 enim
1540 3683 1736 3743 refero
1768 3684 1925 3760 quod
1969 3685 2058 3745 le-

410 3771 568 3852 gitur
595 3771 655 3832 in
687 3770 932 3849 epistola
972 3769 1081 3832 128
1107 3791 1120 3832 :
1143 3770 1226 3833 Et
1255 3773 1380 3833 nisi
1399 3774 1569 3850 pacis
1591 3773 1789 3834 studio
1814 3790 1934 3834 non
1956 3773 2056 3835 ab-

411 3861 756 3940 negaoerim
794 3862 1001 3921 venire
1025 3859 1369 3939 Coloniam,
1396 3879 1514 3922 non
1540 3863 1694 3923 mihi
1710 3863 2058 3942 paciﬁcelur

414 3946 836 4028 vita.Repellit
899 3947 993 4009 his
1045 3949 1244 4010 verbis
1301 3951 1555 4011 Basilius
1611 3951 2060 4012 criminationes

413 4037 712 4103 Eustathii
770 4037 1021 4117 ejusque
1082 4039 1438 4110 amicorum,
1503 4041 1604 4118 qui
1657 4040 1848 4119 ipsum
1904 4041 2055 4100 malo

413 4128 613 4190 animo
641 4127 794 4189 hanc
820 4127 1286 4205 pacificationem
1321 4128 1658 4208 suscepisse
1683 4128 2051 4191 dictitabant.

414 4215 809 4292 Quamobrem
846 4215 1109 4292 Colonia,
1145 4235 1260 4296 quo
1318 4235 1380 4277 se
1413 4217 1573 4295 pacis
1603 4237 1781 4279 causa
1823 4222 2056 4280 venisse

2139 1810 2367 1870 veniret
2397 1809 2600 1872 Basilii
2651 1810 2990 1890 appellandi
3031 1811 3321 1892 episcopi.
3355 1811 3451 1876 Sic
3481 1833 3543 1874 re
3576 1815 3795 1876 infecta

2140 1897 2394 1959 Basilius
2447 1908 2506 1959 et
2559 1899 2847 1980 episcopi,
2910 1919 3055 1980 quos
3106 1912 3546 1970 convocat-erat,
3594 1907 3792 1967 mwsti

2139 1985 2568 2048 discesserunt.

2222 2074 2434 2155 Liquet
2457 2095 2526 2138 ex
2561 2077 2649 2138 his
2676 2097 2806 2156 qua:
2837 2077 3204 2138 narravimus
3236 2078 3630 2158 Theophilum
3674 2081 3790 2144 Se—

2141 2163 2342 2224 bastiae
2366 2165 2570 2238 fuisse,
2600 2183 2733 2228 cum
2763 2187 2795 2226 a
2830 2167 3047 2228 Basilio
3073 2170 3416 2247 venere,qui
3443 2171 3516 2230 de
3549 2171 3789 2250 episco—

2141 2271 2348 2332 porum
2383 2255 2640 2316 adventu
2687 2257 3025 2316 nuntiarent
3087 2256 3193 2337 (li).
3246 2261 3390 2320 Cum
3450 2260 3558 2320 hoc
3609 2259 3793 2323 Cilice

2141 2342 2423 2422 episcopo
2451 2345 2788 2406 Eustathius
2811 2345 2867 2404 in
2895 2344 3178 2406 Basilium
3207 2346 3707 2426 frequentissimis
3729 2351 3790 2411 in

2140 2430 2532 2494 concionibus
2560 2433 3144 2514 invebebatur,quasi
3171 2436 3418 2497 Basilius
3445 2439 3642 2516 populi
3662 2440 3792 2500 ani-

2141 2519 2253 2580 mis
2285 2521 2480 2582 aliena
2514 2522 2586 2584 ab
2615 2523 2802 2602 ipsius
2836 2523 3124 2584 Eustathii
3156 2523 3787 2589 doctrinaiuseruisset

2140 2609 2600 2687 dogmataﬂuic
2633 2612 3034 2674 criminationi
3063 2613 3256 2674 locum
3292 2615 3523 2676 videtur
3549 2617 3791 2678 dedisse

2143 2715 2258 2757 non
2278 2707 2393 2758 tam
2415 2698 2753 2780 subscripta
2769 2701 2841 2762 ab
2858 2700 3411 2780 Eustathio,Basilio
3429 2709 3632 2781 petitu,
3645 2705 3793 2765 fides

2139 2784 2399 2860 Nicaeus,
2427 2807 2602 2867 quam
2637 2809 2670 2850 a
2700 2790 2940 2862 Basilio,
2978 2790 3119 2850 dum
3163 2790 3432 2851 Sebastia
3482 2795 3789 2872 transiret,

2142 2879 2326 2955 palam
2361 2886 2419 2938 et
2448 2888 2675 2957 aperte,
2707 2899 2822 2940 non
2855 2899 2922 2941 ex
2951 2898 3014 2940 re
3047 2887 3106 2940 et
3132 2881 3426 2942 sententia
3457 2882 3780 2956 Eustathii,

2141 2965 2356 3044 populo
2393 2968 2732 3046 praedicata.
2758 2968 2888 3030 Non
2919 2971 3076 3029 enim
3106 2969 3494 3030 dubitandum
3523 2981 3608 3031 est
3640 2974 3789 3052 quin

2142 3055 2488 3116 Eustathius
2522 3058 2679 3119 hunc
2706 3059 2990 3120 honorem
3031 3058 3249 3120 Basilio
3283 3059 3576 3141 habuerit,
3606 3081 3787 3142 quem

2148 3232 2401 3311 populus
2435 3235 2800 3298 erudiendus
2833 3237 3189 3298 traderetur.

2227 3322 2298 3382 ll.
2321 3319 2383 3382 S.
2409 3324 2698 3386 Eustebius
2720 3324 3317 3406 Samosatensis,cum
3348 3326 3592 3390 moleste
3610 3327 3794 3388 ferret

2147 3409 2260 3471 hoc
2273 3410 2598 3473 amicorum
2617 3413 3300 3495 dissidium(i),medium
3320 3415 3553 3476 seinter
3567 3425 3795 3477 utrum-

2145 3517 2264 3575 que
2286 3500 2740 3582 interposuit,ac
2762 3522 2969 3581 pacem
2997 3515 3246 3564 conatus
3273 3513 3362 3564 est
3381 3505 3626 3568 sarcire.
3661 3505 3797 3584 Egit

2147 3607 2279 3648 cum
2302 3586 2710 3672 Eustathio,ut
2736 3592 2785 3652 is
2813 3593 2989 3654 fidem
3018 3611 3182 3653 suam
3217 3601 3514 3673 purgaret,
3543 3603 3599 3653 et
3624 3595 3697 3654 ab
3724 3615 3794 3656 eo

2141 3685 2384 3757 accepta
2407 3678 2478 3738 de
2503 3679 2619 3742 fide
2637 3700 2925 3759 responsa
2950 3682 3191 3744 misitad
3213 3682 3791 3762 Basiliumtj),quem

2142 3766 2320 3827 etiam
2355 3767 2428 3828 ad
2464 3786 2664 3847 pacem
2697 3771 3064 3847 hortabatur,
3104 3780 3160 3832 et
3187 3771 3533 3832 humilitatis
3565 3772 3794 3851 signiﬁ—

2141 3856 2407 3916 cationes
2439 3857 2512 3918 ab
2547 3878 2616 3920 eo
2648 3861 3028 3938 reposcebat.

2225 3946 2572 4024 Respondet
2595 3949 2926 4010 Basiliusse
2947 3967 3050 4028 pro
3077 3967 3219 4029 pace
3233 3949 3407 4010 vitam
3432 3950 3795 4028 profundere

2142 4041 2411 4114 paratum
2437 4039 2704 4112 esse,sed
2730 4056 2930 4098 vei-am
2958 4057 3188 4119 pacem,
3214 4058 3343 4118 quas
3365 4058 3397 4099 a
3423 4040 3671 4100 Domino
3693 4060 3798 4100 re-

2144 4125 2280 4185 licta
2312 4135 2424 4204 est,
2452 4126 2808 4208 exquirere;
2857 4127 2930 4187 ab
2962 4126 3263 4188 Eustathio
3297 4139 3493 4188 autem
3523 4129 3668 4190 nihil
3702 4129 3791 4189 af-

2143 4211 2287 4275 ferri
2308 4219 2464 4290 quod
2489 4216 2787 4296 ejusmodi
2808 4234 3014 4294 pacem
3037 4217 3361 4278 conciliare
3388 4219 3565 4297 possit
3591 4219 3696 4293 ;ab
3723 4238 3796 4280 eo

412 4314 730 4381 asseverat,
763 4305 893 4385 ipse
920 4305 1021 4366 ille
1055 4305 1217 4369 locus
1257 4306 1510 4384 intelligi
1545 4306 1743 4381 debet,
1784 4309 1880 4369 ubi
1911 4329 2055 4370 con-
2084 4299 2125 4350 ο
2146 4310 2302 4366 enim
2330 4305 2640 4387 quaesitura
2664 4306 3302 4379 esseabinitio,utrum
3324 4307 3798 4368 acommunione

411 4404 619 4458 ventus
651 4395 1073 4476 episcoporum
1106 4395 1394 4458 indictus.

494 4483 772 4559 Quamvis
822 4482 1076 4546 Basilius
1109 4484 1213 4566 (Γ),
1245 4505 1381 4546 cum
1415 4486 1726 4547 formulam
1760 4486 2063 4548 Eustathio

412 4572 904 4637 subscribendam
957 4576 1290 4654 proposuit,
1325 4576 1500 4637 fidem
1538 4576 1698 4637 illius
1728 4587 2062 4656 suspectam

413 4683 533 4726 non
556 4662 936 4744 haberet,sed
965 4663 1078 4726 hoc
1102 4665 1282 4726 unice
1307 4674 1623 4745 spectaret,
1659 4666 2065 4728 utamicorum

413 4752 857 4834 suspicionibus
877 4762 938 4816 et
961 4752 1341 4816 inimicorum
1365 4765 1704 4816 occurreret
1726 4755 2063 4827 calumniis;

414 4859 485 4904 ea
507 4858 606 4903 res
629 4850 825 4903 tamen
838 4840 1404 4906 Eustathiifurorem
1423 4844 1895 4926 accendit,isque
1917 4845 2069 4906 hanc

415 4929 667 5012 primam
691 4930 943 4993 internae
968 4931 1119 4995 labis
1156 4932 1651 5012 significationem
1686 4933 1874 5012 dedit,
1901 4943 1965 4993 ut
1994 4932 2066 4993 ad

416 5019 576 5082 diem
597 5025 656 5080 et
673 5017 874 5080 locum
905 5019 1116 5084 adesse
1141 5022 1348 5084 nollet.
1377 5021 1579 5084 Adfuit
1600 5031 1792 5083 autem
1819 5021 2071 5085 Basilius

417 5109 503 5191 (g)
536 5107 875 5191 diligenter,
899 5115 956 5171 et
981 5129 1116 5172 cum
1147 5113 1280 5191 ejus
1313 5112 1488 5177 amici
1522 5112 1731 5192 partim
1763 5110 2065 5186 adessent,

495 5277 584 5360 (ᾳ)
617 5274 904 5360 244,
939 5295 1002 5339 ιι.
1037 5277 1100 5342 2.

497 5356 598 5434 Ib)
625 5356 777 5421 Ibid.

497 5439 581 5522 (ρ)
613 5436 738 5522 bib.
770 5441 890 5522 Litt
917 5437 1158 5504 Nestor.
1184 5446 1244 5502 et
1269 5438 1536 5522 Eutych.

494 5517 581 5599 (at)
615 5517 724 5598 sp.
760 5518 896 5599 130.

495 5598 570 5680 te)
600 5599 713 5681 Ep.
740 5598 879 5675 9M,
922 5618 986 5662 n.
1020 5601 1079 5665 2.

2147 4405 2346 4458 arceat
2359 4414 2460 4456 eos
2484 4395 2583 4477 qui
2603 4395 2782 4455 fidem
2809 4392 3103 4454 Nicaanam
3122 4415 3238 4456 non
3255 4395 3548 4475 recipiunt
3563 4405 3792 4474 ,etcum

2111 4482 2114 4489 ’
2147 4485 2221 4546 iis
2238 4488 2335 4566 qui
2361 4483 2642 4564 Spiritum
2671 4493 2940 4545 sanctum
2963 4494 3294 4544 creaturam
3322 4485 3524 4546 dicere
3546 4488 3796 4558 audent,

2154 4585 2379 4654 partem
2405 4573 2625 4634 habere
2651 4573 2817 4635 nolit:
2836 4574 2926 4633 cui
2951 4573 3798 4653 quaestionicumrespnndere

2150 4663 2222 4725 ad
2251 4663 2494 4724 verbum
2521 4663 2849 4736 debuisset,
2888 4663 2947 4722 in
3000 4663 3126 4722 illas
3179 4662 3490 4724 verborum
3519 4663 3800 4738 ambages

2151 4751 2642 4832 deflexisse,quas
2663 4752 2904 4811 miserat
2929 4751 3241 4813 Eusebius.
3257 4750 3462 4831 Itaque
3481 4765 3645 4830 rogat
3676 4751 3798 4812 Eu-

2153 4841 2386 4904 sebium
2410 4842 2770 4914 Basilius,ne
2794 4860 2858 4902 se
2881 4841 3170 4920 ejusmodi
3195 4841 3668 4902 cavillationibus
3690 4841 3800 4903 de-

2156 4931 2276 5012 cipi
2297 4949 2426 4992 cum
2443 4929 3036 5009 aliispatiatur.Adeo
3058 4937 3252 4990 autem
3273 4932 3651 5008 exploratum
3675 4943 3800 4991 erat

2156 5023 2373 5086 Basilio
2399 5023 2473 5085 de
2506 5021 2790 5082 Eustathii
2821 5022 3058 5093 astutia,
3086 5030 3145 5079 ut
3170 5020 3225 5079 in
3250 5038 3314 5079 se
3343 5038 3577 5081 omnem
3614 5021 3803 5082 dissi-

2154 5112 2238 5173 dii
2271 5112 2504 5193 culpam
2534 5111 2790 5173 conferri
2818 5110 3099 5191 patiatur,
3126 5109 3174 5170 si
3208 5109 3552 5170 Eustathius
3580 5109 3802 5172 adduci

2227 5281 2304 5361 (fl
2331 5279 2439 5361 Ep.
2472 5277 2619 5356 223,
2650 5299 2712 5345 n.
2747 5281 2811 5344 7.

2223 5367 2304 5503 (ἕ)
2333 5362 2444 5443 Ep.
2479 5363 2620 5436 244,
2657 5380 2715 5421 ιι.
2771 5363 2829 5424 '2.

2223 5449 2240 5514 (
2291 5441 2448 5522 LEp.
2492 5445 2624 5504 130-

2223 5449 2308 5522 (Ιι)
2341 5449 2448 5523 Ep.
2492 5449 2616 5504 130.

2226 5523 2297 5617 ςξ)
2481 5523 2616 5586 128-

2221 5600 2289 5684 a)
2324 5600 2500 5676 una,
2537 5622 2594 5663 n.
2629 5600 2699 5663 ε.
