4058 6200
378 290 459 338 σι

1758 272 2345 341 PROLEGOIENA.

380 406 812 486 Cappadociam
848 409 1279 489 persecutionis
1308 408 1522 470 statim
1555 417 1688 489 post
1731 409 1882 471 Petri
1923 416 2375 472 or-Bxecentes
2432 411 2625 473 adhuc
2680 416 2849 471 erant
2906 409 3272 471 calamitates
3321 427 3390 472 ex
3453 409 3752 474 divisione

383 494 743 559 dinationem
777 498 1044 561 excitatae
1076 498 1342 561 nuntius.

2101 499 2489 579 Cappadocize
2511 510 2690 577 ortas;
2727 509 2848 560 tum
2883 517 3021 560 vero
3056 516 3171 558 non
3206 498 3464 559 obscure
3495 499 3749 575 indicat,

460 582 711 647 Videtur
740 593 1017 648 statutum
1079 587 1357 649 habuisse
1389 588 1642 651 Basilius
1691 596 1770 665 (a)
1822 588 2018 650 statim
2102 606 2210 649 cur
2239 588 2488 670 librarii,
2515 599 2579 652 ut
2604 598 2693 652 εει
2715 590 2774 650 in
2807 588 3123 668 superiore
3158 588 3516 668 epistola,ad
3553 588 3756 670 pristi-

384 682 513 753 post
560 673 784 736 Pascha
835 675 1155 739 Eusebium
1210 678 1688 742 Samosatensem
1738 678 2018 741 invisere.

384 762 500 826 Sed
525 763 581 826 ei
614 772 694 826 tot
726 764 1150 846 impedimenta
1178 777 1680 846 supervenerunt,
1708 776 1770 828 ut
1792 766 2024 829 deside-

382 853 536 915 rium
560 873 729 915 suum
755 855 995 935 explere
1024 875 1137 917 non
1163 855 1797 935 potueritEustathius
1826 854 2027 916 diaco-

385 962 496 1005 nus
528 947 585 1007 in
614 963 847 1025 gravem
884 945 1159 1006 morbum
1182 945 1891 1025 delapsus,detinuiteum
1922 963 2026 1024 per

383 1043 534 1095 totos
565 1035 715 1096 duos
748 1052 1009 1114 menses,
1044 1034 1185 1095 dum
1211 1035 1369 1096 diem
1393 1054 1462 1096 ex
1494 1033 1591 1097 die
1619 1034 1777 1095 illius
1802 1034 2024 1095 valetu-

383 1123 583 1184 dinem
619 1132 945 1203 exspectat.
998 1124 1223 1186 Deinde
1268 1141 1480 1186 omnes
1510 1124 1771 1204 quicum
1808 1121 2024 1184 Basilio

385 1219 570 1285 erant,
598 1212 657 1273 id
682 1222 795 1285 est,
828 1213 1030 1275 clerici
1062 1214 1123 1275 in
1149 1214 1279 1291 ejus
1314 1213 1492 1275 domo
1518 1214 2021 1292 degentes,aagro-

385 1310 617 1377 larunt;
656 1321 722 1365 ac
747 1312 1048 1381 postremo
1080 1304 1208 1383 ipse
1266 1304 1518 1365 Basilius
1574 1304 1745 1381 longa
1780 1311 1838 1363 et
1870 1302 2025 1382 peri-

382 1392 583 1455 culosa
613 1393 961 1471 aegritudine
985 1403 1315 1475 correptus.

462 1480 553 1542 Ad
587 1482 731 1543 illud
759 1490 1141 1563 tempus,quo
1163 1483 1528 1562 aegrotabant
1560 1484 1763 1545 Basilii
1795 1481 2022 1560 clerici,

382 1570 655 1633 videntur
690 1572 902 1633 referri
934 1591 1108 1651 posse
1140 1573 1407 1653 epistola:
1442 1574 1555 1634 134
1578 1584 1633 1634 et
1675 1574 1807 1651 135,
1842 1571 2028 1631 altera

383 1662 454 1721 ad
508 1663 817 1724 Paeonium
856 1661 1289 1741 presbyterum,
1345 1662 1533 1724 altera
1574 1662 1647 1723 ad
1702 1660 2026 1724 Diodorum

384 1750 715 1811 Antiochiae
744 1750 1179 1829 presbyterum.
1218 1752 1493 1813 Paeonius
1521 1759 1639 1811 tum
1669 1751 1927 1830 primum
1954 1749 2024 1809 ad
2051 1782 2089 1831 Β

382 1838 663 1900 Basilium
698 1839 1039 1919 scripserat,
1075 1840 1329 1919 ejusque
1360 1848 1606 1920 accepta
1636 1839 1888 1918 epistola
1919 1839 2025 1900 Ba-

383 1927 549 1988 silius
585 1927 888 1992 silentium
927 1929 1204 2008 przeteriti
1260 1930 1548 2009 temporis
1583 1930 1832 1989 moleste
1868 1928 2021 2005 tulit,

385 2035 642 2094 eumque
672 2028 733 2078 ut
766 2028 967 2098 pergat
1015 2018 1284 2079 scribere
1336 2020 1626 2079 hortatur.
1678 2016 1860 2096 Negat
1912 2014 2025 2076 sibi

384 2107 567 2168 ullum
612 2108 823 2169 adesse
880 2107 1307 2188 calligraphum
1357 2116 1451 2168 aut
1500 2105 2018 2185 tachygraphum:

385 2216 533 2274 quos
562 2198 721 2258 enim
782 2206 1152 2270 exercuerat,
1218 2199 1427 2259 horum
1462 2197 1563 2256 alii
1596 2199 1666 2256 ad
1706 2194 2023 2276 pristinum

385 2286 515 2347 vita;
544 2286 877 2347 institutum
934 2285 1258 2359 redierant,
1307 2286 1408 2347 alii
1451 2286 1747 2345 diuturnis
1802 2284 2027 2345 morbis

383 2376 585 2437 afﬂicti
615 2375 851 2438 labores
874 2376 1031 2437 ferre
1064 2396 1180 2437 non
1209 2384 1501 2456 poterant.

466 2465 759 2527 Diodorus
792 2465 1094 2546 presbyter
1127 2485 1259 2527 cum
1285 2466 1434 2526 duos
1460 2465 1644 2525 libros
1672 2465 1727 2524 in
1761 2463 2022 2541 dialogo-

385 2573 515 2616 rum
538 2574 762 2617 morem
789 2565 989 2617 contra
1012 2556 1324 2617 haereticos
1348 2555 1782 2634 scripsisset,ac
1807 2552 2025 2612 Basilio

384 2645 665 2723 legendos
696 2653 754 2705 et
783 2645 1208 2705 examinandos
1240 2646 1537 2723 misisset;
1572 2662 1739 2704 suam
1793 2642 1848 2703 ei
1882 2660 2026 2701 sen-

389 2734 636 2794 tentiam
662 2733 916 2795 Basilius
940 2733 1011 2807 (II)
1028 2736 1157 2795 sine
1176 2734 1309 2794 fuco
1334 2734 1674 2810 exponitzac
1691 2731 1747 2791 in
1762 2730 2028 2792 secundo

384 2823 628 2900 quidem
656 2822 839 2883 multa
861 2823 1153 2897 laudat,in
1184 2822 1392 2903 primis
1419 2822 1667 2902 simplex
1695 2839 1805 2881 nec
1829 2818 2025 2880 elabo-

383 2922 575 2973 ratum
628 2912 867 2974 dicendi
917 2933 1127 2993 genus,
1188 2913 1523 2976 Christiano
1571 2911 1827 2971 maxime
1878 2928 2023 2970 con-

385 3020 638 3082 gruens;
674 3003 732 3063 in
780 3004 967 3065 altero
1001 3013 1197 3064 autem
1254 3005 1351 3084 qui
1395 3002 1626 3080 longior
1670 3009 1819 3079 erat,
1879 2998 2023 3059 illud

385 3093 797 3167 reprehendit,
824 3093 1006 3168 quod,
1039 3112 1171 3153 cum
1203 3108 1488 3172 personas
1514 3089 1857 3151 indeﬁnitas
1894 3088 1999 3147 Dio

382 3181 563 3243 dorus
592 3181 903 3243 induceret
927 3182 1265 3261 loquentes,
1295 3180 1775 3241 adversariorum
1800 3179 2026 3256 vitupe-

384 3271 493 3346 ria,
521 3283 986 3345 nostrorumque
1038 3271 1244 3332 laudes
1292 3271 1605 3331 intexeret.
1652 3268 1937 3347 Proponit
1968 3266 2021 3327 ei

384 3358 652 3439 exempla
684 3378 815 3420 cum
852 3359 1194 3420 Aristotelis
1238 3369 1297 3419 et
1355 3356 1773 3438 Theophrasti,
1829 3358 1928 3437 qui
1966 3356 2020 3416 in

384 3449 634 3524 dialogis
662 3449 997 3511 scribendis
1032 3450 1226 3510 statim
1261 3467 1361 3508 res
1392 3448 1549 3528 ipsas
1573 3447 2019 3526 aggrediuntur,

388 3558 495 3599 nec
520 3539 856 3601 Platonicos
880 3540 1118 3618 lepores
1149 3539 1366 3598 imitari
1413 3538 1658 3608 audent,
1690 3546 1812 3596 tum
1848 3538 2020 3595 etiam

387 3627 569 3707 ipsius
598 3628 878 3708 Platonis,
906 3629 1003 3710 qui
1037 3628 1134 3689 ubi
1162 3646 1445 3707 personas
1475 3627 1813 3687 indeﬁnitas
1840 3624 2021 3685 indu-

386 3716 487 3789 cit,
514 3717 572 3778 id
596 3718 752 3797 quod
802 3718 939 3779 fecit
992 3718 1049 3777 in
1086 3717 1468 3796 Iegibus,uo:i
1509 3718 1633 3796 jam
1671 3735 1769 3776 cas
1795 3714 2022 3775 comico

388 3824 553 3867 more
575 3807 883 3877 describit,
919 3824 1029 3869 nec
1060 3807 1380 3887 quidquam
1414 3806 1707 3868 admiscet
1760 3805 2019 3864 sermoni

385 3897 538 3975 quod
595 3915 983 3975 personarum
1038 3898 1339 3977 proprium
1393 3896 1489 3959 sit.
1548 3897 1785 3958 Fatetur
1834 3897 2026 3972 itaque

392 3985 765 4056 Basilius,ubi
789 3986 1110 4065 personain
1128 3986 1489 4046 deteriorem
1508 3994 1730 4063 partem
1748 3983 2027 4044 omnibus

389 4075 625 4151 cognita
651 4075 993 4154 subjicitur,
1045 4076 1332 4135 nonnulla
1362 4094 1429 4134 ex
1461 4074 1621 4133 illius
1654 4074 1854 4133 indole
1886 4090 2024 4131 ora-

388 4163 530 4225 tioni
566 4182 739 4244 posse
771 4165 971 4237 intexi,
1031 4163 1079 4223 si
1142 4172 1335 4224 tamen
1372 4161 1764 4224 Christianum
1817 4162 2027 4222 deceat

394 4272 679 4331 personas
711 4253 948 4315 omissis
974 4253 1150 4314 rebus
1174 4253 1609 4332 vituperare.At
1635 4252 1730 4313 ubi
1754 4268 2024 4330 personae

389 4342 713 4404 indeﬁnitm
742 4342 1370 4422 disserunt,ejusmodi
1404 4342 1474 4402 ad
1505 4360 1788 4421 personas
1818 4358 2023 4402 excur-

393 4431 560 4492 sibus
582 4433 864 4493 orationis
885 4433 1099 4493 seriem
1126 4434 1341 4493 frustra
1366 4429 1891 4510 interruinpiJImc
1914 4430 2026 4489 Ba-

394 4521 563 4583 silius
591 4524 952 4602 ingenue,ut
975 4542 1206 4602 mquum
1231 4524 1492 4604 judicem
1528 4522 1798 4591 decebat;
1830 4539 1937 4582 nec
1969 4528 2029 4579 ut

394 4610 615 4688 scripta
635 4611 962 4687 corrigeret
985 4610 1301 4681 Diodorus,
1330 4610 1433 4671 sed
1470 4618 1530 4669 ut
1557 4622 1713 4669 esset
1745 4609 2031 4688 deinceps

398 4699 456 4759 in
481 4699 801 4762 scribendo
825 4701 1074 4773 cautior;
1098 4701 1263 4761 illum
1284 4701 1440 4761 enim
1466 4708 1666 4778 sperat
1690 4700 1859 4779 plura
1876 4699 2028 4759 scri-

397 4798 659 4866 pturum.
696 4791 959 4851 Primum
990 4790 1044 4851 ei
1073 4790 1289 4851 librum
1326 4788 1595 4867 remittit,
1621 4788 1869 4850 alterum
1897 4806 2028 4848 ser-

394 4885 512 4949 vat,
538 4876 879 4939 describere
903 4879 1133 4953 voleus,
1164 4898 1268 4940 nec
1301 4880 1532 4957 copiam
1562 4878 1788 4939 habens
1821 4878 2029 4957 tachy-

397 4966 892 5045 graphi.Cansam
913 4988 1028 5029 non
1052 4970 1361 5041 atfert,rur
1387 4976 1585 5029 careat
1610 4968 2025 5047 tachygrapho:

397 5055 498 5117 sed
531 5055 762 5116 videtur
785 5056 1018 5136 eadem,
1052 5078 1119 5119 ac
1149 5064 1205 5118 in
1242 5059 1551 5136 superiore
1577 5058 2034 5136 epistola,exsti-

402 5146 561 5206 tisse.
598 5146 828 5208 Deinde
882 5164 1020 5208 vero
1053 5149 1205 5227 quod
1263 5147 1450 5220 addit,
1486 5147 1573 5208 Ad
1605 5154 1836 5209 tantam
1868 5148 2031 5207 enim

390 5236 717 5317 penuriam
759 5236 1107 5299 invidenda:
1142 5237 1572 5318 Cappadocum
1601 5254 1693 5297 res
1712 5236 2028 5317 devenere,

397 5344 530 5389 cum
555 5326 777 5407 optime
807 5326 1081 5389 convenit
1138 5327 1197 5388 in
1246 5328 1403 5389 hunc
1464 5344 1683 5387 annum
1730 5324 1869 5405 373,
1914 5344 2031 5406 quo

474 5498 568 5659 si

2108 696 2211 739 nas
2240 689 2397 740 artes
2418 680 2759 741 rediissent.
2803 677 2866 740 Id
2900 679 3058 739 enim
3091 686 3154 739 ut
3178 678 3466 751 facerent,
3517 678 3758 741 videtur

2107 786 2209 829 eos
2231 769 2499 847 coegisse
2527 769 2849 830 difﬁcultas
2869 768 3258 847 comparandi
3284 769 3474 829 victus
3491 787 3558 829 ex
3585 768 3755 848 ejus-

2108 857 2267 917 modi
2295 866 2443 927 arte,
2479 858 2575 921 cui
2609 859 2668 919 in
2702 875 2933 918 summa
2964 865 3323 936 egestate,ac
3355 856 3755 919 litteratorum

2110 948 2413 1008 hominum
2448 948 2631 1026 luctu,
2666 965 2918 1028 quorum
2960 946 3233 1026 plerique
3253 945 3461 1009 urbem
3483 947 3754 1027 relique-

2107 1045 2258 1109 rant,
2287 1056 2405 1098 non
2432 1037 2751 1116 plurimum
2807 1036 2919 1097 loci
2977 1054 3109 1096 esse
3172 1043 3427 1114 poterat.
3463 1039 3757 1098 Praeterea

2108 1146 2242 1187 cum
2274 1128 2429 1189 dicat
2463 1125 2864 1193 Basilius,sibi
2894 1142 3002 1187 nec
3039 1144 3145 1205 per
3172 1125 3602 1204 valetudinem,
3640 1143 3754 1187 nec

2112 1234 2215 1295 per
2236 1218 2472 1296 negotia
2494 1215 2760 1277 scribere
2794 1215 3072 1289 licere,id
3105 1223 3456 1295 argumento
3488 1223 3579 1277 est
3611 1232 3749 1275 eum

2107 1307 2179 1367 ad
2204 1324 2355 1385 Opus
2373 1306 2447 1366 de
2466 1304 2690 1385 Spiritu
2704 1304 3103 1380 sancto,quod
3128 1322 3285 1365 anno
3309 1303 3426 1367 374
3444 1302 3756 1364 elaborare

2108 1394 2368 1473 incmpit,
2408 1392 2671 1455 nondum
2705 1401 2842 1453 tunc
2866 1392 3129 1453 animum
3163 1393 3527 1472 adjunxisse.

2191 1521 2257 1583 ll.
2296 1520 2547 1582 Basilius
2580 1530 2710 1600 post
2736 1521 2990 1582 clericos
3023 1539 3161 1581 suos
3202 1529 3315 1581 tam
3344 1520 3502 1598 gravi
3546 1518 3756 1581 morbo

2110 1621 2418 1693 correptus
2468 1621 2577 1687 est,
2623 1622 2684 1671 ut
2734 1631 2865 1672 cum
2914 1611 3073 1672 illius
3129 1610 3595 1689 magnitudinem
3634 1629 3754 1671 non

2116 1712 2312 1781 posset
2361 1700 2719 1779 exprimere,
2770 1719 2836 1760 ex
2886 1701 3013 1780 ipso
3045 1708 3344 1761 consuetzn
3397 1698 3758 1760 valetudinis

2110 1800 2260 1853 statu
2296 1790 2733 1871 dijudicandam
2767 1790 3156 1868 relinqueret.
3215 1790 3311 1850 Ait
3343 1788 3501 1850 enim
3560 1806 3624 1849 se
3660 1798 3752 1863 (ο),

2108 1882 2247 1942 dum
2307 1883 2503 1944 valere
2560 1879 2887 1954 videretur,
2950 1879 3336 1940 inﬁrmiorem
3404 1879 3476 1941 iis
3539 1876 3751 1951 fuisse,

2107 1991 2357 2051 quorum
2394 1972 2550 2031 salus
2572 1970 2923 2049 desperatur
2957 1987 2970 2031 :
3011 1968 3166 2029 unde
3199 1989 3315 2030 non
3351 1969 3594 2048 illepide
3625 1967 3754 2027 col-

2109 2062 2230 2139 ligit
2258 2060 2492 2122 habitus
2529 2060 2939 2132 mutationem,
2979 2077 3093 2118 non
3129 2059 3426 2128 morbum,
3462 2058 3566 2120 sed
3601 2074 3753 2137 pra:-

2108 2150 2498 2210 clarissimam
2528 2147 2927 2209 valetudinem
2964 2165 3094 2207 esse
3132 2147 3433 2211 debuisse.
3460 2148 3758 2209 Discimus

2113 2258 2182 2301 ex
2210 2238 2387 2318 epist.
2430 2240 2531 2299 tu
2577 2237 2720 2298 nihil
2755 2236 2807 2297 ei
2856 2237 3038 2313 magis
3072 2237 3398 2310 obstitisse,
3433 2240 3759 2318 quominus

2110 2328 2263 2389 vires
2292 2336 2805 2407 repararet,quam
2840 2325 3099 2385 inustum
3137 2343 3209 2386 ex
3238 2327 3505 2388 molestis
3539 2325 3755 2389 Eccle-

2111 2418 2217 2478 siae
2249 2415 2614 2497 temporibus
2640 2416 2932 2476 dolorem.
2969 2416 3145 2477 Forte
3170 2416 3333 2477 idem
3369 2417 3537 2478 dolor
3571 2416 3760 2478 totius

2112 2508 2303 2568 morbi
2340 2526 2516 2569 causa
2567 2505 2811 2567 exstitit.
2855 2503 3002 2565 Nam
3060 2514 3276 2584 praeter
3301 2507 3598 2568 horrenda
3627 2509 3756 2572 Eu-

2110 2598 2306 2661 stathii
2350 2597 2637 2669 facinora,
2674 2613 2791 2657 non
2845 2612 3053 2675 parum
3110 2596 3445 2675 angebatur
3473 2597 3631 2677 quod
3683 2598 3760 2659 ab

2112 2688 2254 2769 ipsis
2277 2687 2596 2768 episcopis,
2632 2684 2987 2765 quibuscum
3020 2685 3443 2746 communione
3490 2688 3753 2766 conjun-

2112 2789 2239 2839 ctus
2270 2785 2415 2845 erat,
2454 2774 2603 2835 nihil
2631 2773 2835 2835 auxilii
2865 2774 2934 2834 ad
2970 2790 3065 2834 res
3111 2774 3552 2837 ecclesiasticas
3593 2775 3758 2837 acci-

2111 2876 2297 2947 peret.
2330 2869 2388 2929 In
2425 2864 2678 2945 epistola
2716 2863 2829 2926 136
2876 2879 2957 2933 (η.
3003 2864 3094 2943 ‘2),
3155 2883 3330 2943 quam
3366 2864 3518 2927 lecto
3542 2866 3756 2927 afﬁxus

2110 2954 2352 3035 scripsit
2382 2957 2453 3015 ad
2494 2952 2842 3025 Eusebium,
2883 2953 3237 3031 iugi-miscit,
3274 2954 3433 3033 quod
3460 2955 3752 3035 episc0pi,

2110 3046 2249 3106 dum
2281 3063 2402 3105 suae
2427 3050 2676 3123 quisque
2708 3061 2867 3103 secui
2888 3042 3015 3103 itati
3046 3047 3384 3117 consulunt,
3416 3062 3619 3124 parum
3645 3062 3755 3105 cu-

2048 3144 2089 3194 C
2114 3143 2245 3195 rent
2271 3153 2403 3213 quae
2446 3134 2516 3193 ad
2546 3138 2876 3212 proximum
2921 3141 3209 3212 spectant,
3251 3152 3359 3194 nec
3384 3133 3565 3194 rebus
3590 3153 3753 3194 com.

2111 3224 2388 3285 munibus
2442 3223 2595 3284 male
2649 3221 3001 3284 cadentibus
3047 3224 3295 3300 privatas
3340 3223 3514 3283 simul
3559 3222 3759 3303 perire

2107 3314 2461 3391 intelligant.
2505 3314 2738 3373 Fatetur
2791 3330 2907 3372 non
2962 3312 3261 3373 indicente
3329 3312 3585 3374 Eusebio
3635 3314 3761 3374 haec

2109 3404 2237 3463 ﬁeri
2276 3423 2288 3466 :
2334 3422 2467 3464 eum
2499 3402 2656 3463 enim
2690 3401 2892 3462 omnia
2924 3401 3083 3461 velut
3118 3421 3187 3462 ex
3235 3404 3477 3481 specula
3500 3403 3755 3483 quadam

2108 3494 2594 3573 prospicientem,
2624 3492 2772 3553 alios
2808 3501 2865 3553 et
2895 3491 3115 3552 litteris
3150 3500 3207 3553 et
3236 3491 3619 3552 sermonibus
3644 3493 3756 3553 ad-

2110 3585 2402 3645 hortatum
2453 3601 2607 3655 esse,
2675 3582 2946 3661 nihilque
3008 3582 3359 3642 intentatum
3394 3580 3756 3660 reliquisse;

2107 3680 2280 3753 atque
2304 3672 2463 3733 illius
2498 3670 2857 3732 monitorum
2881 3672 3255 3750 memoriam,
3294 3679 3355 3730 ut
3378 3690 3626 3751 quaeque
3658 3690 3756 3733 res

2107 3760 2547 3833 acridit,oculis
2581 3758 2909 3839 obversari,
2944 3760 3050 3820 sed
3078 3759 3439 3821 nonidcirco
3462 3778 3559 3820 res
3583 3778 3754 3819 com-

2113 3869 2323 3911 munes
2337 3848 2732 3929 adjuvari.Sic
2754 3850 3030 3911 desertus
3053 3848 3124 3909 ab
3149 3850 3446 3930 epismpis
3468 3849 3761 3929 Basilius,

2111 3949 2395 4000 statuerat
2422 3948 2586 4000 extra
2610 3939 3015 4000 ecclesiastica
3035 3957 3167 4000 esse
3196 3940 3334 4011 tela,
3366 3938 3420 3999 id
3445 3948 3555 4011 est,
3589 3946 3649 3998 ut
3674 3939 3763 4001 ait

2110 4047 2287 4107 supra
2315 4029 2375 4089 in
2407 4030 2580 4109 epist.
2610 4030 2681 4089 ad
2713 4028 3043 4107 Urbicium,
3078 4030 3454 4089 inimicorum
3485 4028 3667 4088 furori
3693 4047 3761 4088 se

2110 4118 2467 4192 subducere,
2506 4137 2639 4178 cum
2673 4138 2735 4179 se
2769 4120 3121 4198 imparatum
3156 4127 3212 4180 et
3236 4119 3531 4179 inermem
3587 4117 3755 4178 vide-

2111 4218 2199 4269 ret
2235 4230 2247 4270 :
2286 4228 2352 4269 ac
2383 4209 2577 4289 ipsum
2607 4210 2769 4270 illum
2797 4208 3038 4269 Eusebii
3062 4216 3445 4286 conspectum
3476 4217 3533 4268 et
3563 4207 3759 4268 collo-

2111 4298 2342 4376 quium,
2368 4318 2400 4359 a
2431 4318 2545 4378 quo
2579 4317 2712 4358 eum
2767 4316 3011 4359 suorum
3046 4298 3236 4360 morbi
3270 4318 3338 4359 ac
3363 4297 3581 4358 deinde
3614 4314 3763 4357 suus

2113 4389 2544 4461 abstraxerant,
2583 4407 2699 4449 non
2718 4389 2787 4449 ad
2810 4387 3328 4466 communem,sed
3352 4388 3424 4447 ad
3456 4386 3759 4467 propriam

2052 4496 2276 4549 osuam
2329 4477 2639 4540 utilitatem
2692 4476 3020 4555 quaerebat.
3079 4476 3311 4557 Scripta
3345 4485 3434 4537 est
3479 4478 3603 4537 haec
3635 4474 3763 4554 epi-

2113 4567 2263 4628 stola
2307 4577 2619 4647 antequam
2664 4567 2923 4630 Basilius
2979 4567 3149 4647 aquis
3207 4566 3416 4627 calidis
3463 4573 3757 4644 uteretur,

2114 4676 2229 4735 quo
2273 4657 2539 4718 remedio
2591 4675 2759 4718 usum
2816 4674 2879 4717 se
2915 4674 3048 4718 esse
3098 4655 3243 4717 dicit
3284 4655 3343 4715 in
3376 4653 3767 4735 sequentibus

2115 4746 2399 4826 epistolis.

2197 4882 2344 4937 Ante
2368 4877 2511 4939 illud
2545 4876 2680 4949 iter,
2722 4880 2879 4957 quod
2924 4876 3145 4939 Basilio
3196 4876 3265 4937 ad
3325 4893 3509 4955 aquas
3562 4875 3760 4954 impe-

2116 4976 2323 5028 rarunt
2348 4966 2829 5029 medici.videtur
2854 4967 3173 5045 contigisse
3207 4966 3365 5042 quod
3398 4966 3526 5045 ipse
3562 4973 3765 5025 narrat

2117 5056 2177 5116 in
2200 5056 2451 5136 epistola
2503 5058 2599 5118 141
2620 5056 2865 5119 .Audito
2898 5058 3029 5135 ejus
3073 5056 3279 5117 mortis
3311 5055 3543 5129 nuntio,
3574 5071 3764 5115 vene-

2118 5156 2259 5208 runt
2281 5146 2547 5225 episcopi
2578 5144 2906 5207 Caesaream
2937 5166 2952 5225 ;
2986 5146 3090 5207 sed
3137 5148 3291 5208 vivus
3314 5144 3390 5207 ab
3417 5145 3506 5205 eis
3536 5144 3765 5223 depre-

2118 5236 2359 5308 hensus,
2411 5235 2588 5296 etiam
2637 5252 2818 5316 atque
2869 5236 3047 5299 etiam
3109 5253 3213 5298 eos
3270 5234 3622 5296 adhortatus
3672 5242 3767 5296 est

2114 5324 2185 5386 ad
2214 5324 2496 5389 Ecclesia)
2525 5324 3031 5406 defensiouem,ac
3052 5327 3158 5389 Dei
3175 5324 3478 5405 judicium
3502 5323 3594 5386 eis
3623 5331 3767 5385 ante

2195 5495 2272 5573 (ο)
2304 5496 2415 5576 Ep.
2454 5491 2591 5569 136,
2625 5512 2688 5558 n.
2724 5496 2775 5559 l.
