4058 6200
1597 267 1783 333 νῐΤΑ
1827 270 1891 332 S.

1919 270 2237 334 'BASILII;

3493 288 3595 338 οἲῐ

221 412 425 476 oculos
456 412 675 492 posuit,
706 409 766 470 id
794 405 953 489 quod
977 406 1106 486 jam
1137 411 1311 467 antea
1332 420 1439 483 per
1459 401 1686 464 litteras
1715 419 1871 483 prae-
1897 409 1938 459 Α
1956 399 2238 492 Romanis
2271 411 2507 466 exarata
2539 404 2812 482 epistola,
2849 406 3081 485 qualem
3104 405 3177 466 ad
3201 422 3266 466 se
3284 403 3598 469 abOrien-

216 501 475 562 stiterat.

276 510 285 512 ἡ
429 511 475 561 ι.

246 510 443 653 hic;
476 609 615 653 cum
639 586 809 669 aquis
834 585 1047 649 calidis
1078 589 1387 646 curaretur
1417 579 1691 669 Basilius,
1726 597 1865 639 suc-

211 681 392 742 cessit
444 668 761 760 Antipater
805 675 1062 739 Maximo
1114 671 1383 754 praesidi,
1429 669 1532 760 cui
1588 668 1870 760 abrogata

209 770 471 849 dignitas
499 757 693 831 fuerat
724 785 843 827 non
876 765 1009 827 sine
1042 759 1404 843 gravissimis
1425 757 1866 849 injuriis.Scri-

206 846 299 920 bit
314 858 632 939 Antipatro
673 854 930 919 Basilius
979 854 1066 933 (α)
1099 851 1371 939 morbum
1414 865 1585 939 suum
1637 846 1699 907 in
1737 846 1867 939 ‘hoc

208 935 480 1010 maxime
502 946 814 1009 molestum
841 942 958 1005 sibi
987 937 1313 1021 esse,quod
1338 946 1496 1001 tanto
1514 936 1642 997 viro
1656 935 1868 1015 guber-

206 1038 424 1099 nacula
458 1035 665 1117 patriae
697 1040 1049 1114 capessente
1099 1030 1311 1092 abesse
1362 1036 1631 1117 cogatur.
1682 1026 1863 1088 Com-

206 1115 471 1188 mendati
491 1132 671 1186 etiam
724 1121 967 1204 praesidi
1018 1120 1318 1197 negotium
1355 1115 1653 1189 Palladiae,
1687 1133 1863 1204 quam

205 1216 419 1276 mal'ris
479 1215 612 1276 loco
668 1203 1053 1275 reverebatur
1100 1227 1218 1270 non
1270 1207 1461 1270 solum
1500 1204 1575 1267 ob
1625 1203 1866 1282 generis

202 1303 744 1383 propinquitatem,
768 1300 871 1361 sed
906 1298 1082 1360 etiam
1117 1296 1191 1359 ob
1218 1314 1447 1357 morum
1481 1292 1859 1376 probitatem.

199 1393 374 1455 Circa
405 1393 654 1454 domum
687 1391 868 1469 hujus
903 1396 1181 1450 matronae
1215 1394 1454 1448 exortus
1484 1385 1673 1447 fuerat
1720 1384 1858 1463 qui-

198 1482 339 1542 dam
376 1482 695 1561 tumultus;
721 1479 868 1542 forte
898 1497 1078 1559 opera
1123 1477 1302 1538 unius
1334 1494 1405 1538 ex
1436 1476 1566 1555 ejus
1598 1473 1860 1553 famulis,

200 1573 304 1651 qui
343 1572 579 1633 idcirco
625 1568 1004 1632 detinebatur
1027 1587 1060 1629 a
1082 1566 1346 1628 cohorte.
1391 1565 1574 1645 Regat
1606 1562 1862 1626 Basilius

201 1661 586 1741 utjudicium
614 1660 918 1721 dilferatur
949 1675 1135 1737 usque
1165 1655 1239 1717 ad
1264 1674 1434 1716 suum
1467 1655 1813 1716 adventum.

1954 489 2169 552 talibus
2201 492 2381 554 scribi
2414 500 2692 574 oportere
2716 493 3087 572 judicabant.
3120 492 3435 573 Evagrium
3462 495 3605 556 hor.

1950 585 2105 641 tatus
2127 589 2214 641 est
2235 581 2485 643 Basilius
2524 584 2632 661 (ά),
2669 591 2733 644 ut
2763 583 3090 645 Antiochia
3117 602 3251 644 cum
3300 585 3597 647 Dorotheo

1952 668 2140 730 sancti
2164 670 2381 732 Meletii
2419 671 2769 751 presbytero
2803 672 3295 735 communicaret:
3326 672 3603 752 promisit

1951 754 2258 839 Evagrius,
2292 768 2355 823 at
2382 761 2690 840 promissis
2722 780 2838 822 non
2867 762 3046 823 stetit.

2030 847 2343 910 Probabile
2394 858 2483 912 est
2542 860 2807 912 sanctum
2863 851 3287 932 Hieronymum
3357 849 3592 931 Evagrii

1949 936 2176 998 socium
2201 937 2433 1000 itineris
2455 939 2723 1014 fuisse,et
2743 944 2887 1004 Cum
2903 960 2973 1003 eo
2993 942 3323 1005 Caesaream
3346 941 3598 1003 venisse.

1949 1025 2126 1089 Certe
2157 1025 2555 1109 Hieronymus
2579 1029 2738 1093 circa
2770 1030 2882 1091 hoc
2926 1039 3160 1111 tempus
3200 1031 3260 1091 in
3292 1029 3594 1093 Orientem

1951 1117 2131 1180 venit.
2159 1118 2304 1181 Nam
2352 1119 2409 1179 in
2455 1119 2664 1199 primis
2721 1119 2929 1180 litteris
2987 1139 3133 1199 quas
3183 1138 3290 1181 suo
3338 1119 3597 1181 adventu

1948 1205 2209 1285 scripsit,
2246 1206 2506 1287 loquitur
2539 1208 2611 1269 de
2659 1208 3104 1270 confessoribus
3158 1208 3442 1288 JEgyptiis
3489 1208 3592 1288 (e),

1949 1313 2099 1374 quos
2132 1295 2351 1359 Valens
2395 1298 2506 1358 hoc
2548 1317 2701 1359 anno
2758 1298 2819 1358 in
2872 1298 3223 1361 Palestinam
3267 1296 3591 1376 relegavit:

1948 1402 2131 1465 seque
2161 1386 2492 1448 Antiochia;
2548 1405 2667 1448 una
2709 1406 2842 1449 cum
2891 1387 3135 1467 Evagrio
3178 1387 3399 1449 versari
3433 1386 3593 1447 indi-

1947 1481 2039 1534 cat
2062 1475 2330 1553 (f),illius
2357 1476 2553 1537 verbis
2574 1477 2935 1539 Florentium
2962 1478 3245 1538 salutans.
3276 1476 3598 1538 Enumerat

1950 1560 2032 1643 (g)
2069 1565 2248 1625 etiam
2282 1566 2715 1645 Cappadociam
2749 1566 2910 1628 inter
2938 1566 3293 1647 provincias,
3324 1584 3429 1646 per
3450 1584 3596 1646 quas

1945 1657 2209 1731 transiit;
2268 1666 2325 1719 et
2356 1677 2489 1719 cum
2528 1676 2589 1719 se
2622 1658 2850 1719 fervido
2907 1659 3127 1722 Ciliciae
3171 1668 3316 1720 aestu
3349 1659 3593 1719 fractum

280 1754 412 1815 Jam
467 1759 659 1812 totum
710 1766 976 1811 mensem
1031 1748 1102 1808 ad
1152 1765 1334 1827 aquas
1370 1743 1689 1823 residebat,
1724 1761 1857 1804 cum
1885 1775 1920 1825 Β
1944 1745 2129 1808 fuisse
2156 1755 2425 1826 testetur,
2458 1747 2516 1808 id
2546 1749 2722 1811 etiam
2751 1749 2971 1827 Optime
3002 1749 3253 1828 quadrat
3284 1766 3418 1809 cum
3454 1748 3601 1809 Eva-

198 1839 447 1920 scripsit
476 1840 815 1919 Antipatro.
846 1837 1100 1899 Videtur
1124 1836 1393 1917 protinus
1426 1833 1706 1912 rediisse,
1737 1833 1859 1894 sal-

200 1937 323 1990 tom
354 1947 424 1991 se
446 1930 531 1990 ita
556 1929 850 1991 facturum
884 1925 1109 1987 indicat
1131 1926 1192 1986 in
1228 1926 1335 1987 hac:
1371 1925 1643 2004 epistola.
1686 1924 1870 1986 Caete-

198 2038 329 2079 rum
354 2038 531 2099 aquae
561 2038 681 2080 non
714 2016 962 2080 multum
985 2014 1076 2078 illi
1112 2014 1461 2095 profuerunt
1490 2034 1501 2073 :
1531 2030 1718 2093 seque
1739 2012 1868 2092 ipse

196 2108 450 2186 dignum
488 2107 709 2169 fatetur
736 2107 882 2178 risu,
929 2107 1088 2184 quod
1134 2102 1507 2185 proverbium
1549 2101 1693 2163 illud
1745 2119 1863 2163 non

194 2195 591 2271 intellexerit,
632 2205 898 2256 mortuos
922 2195 1133 2257 calidis
1164 2213 1282 2256 non
1308 2192 1525 2271 juvari.
1543 2190 1857 2271 Postquam

197 2286 377 2347 rediit
402 2285 764 2359 Cmsaream,
790 2285 985 2348 adhuc
1010 2304 1143 2347 eum
1168 2283 1357 2346 febris
1379 2279 1731 2345 conficiebat
1756 2281 1855 2361 (bl,

193 2396 263 2438 ac
280 2394 359 2437 ne
375 2376 877 2457 quinquagesimo
911 2375 1154 2456 quidem
1174 2370 1366 2433 morbi
1388 2370 1485 2431 die
1508 2370 1711 2433 sedata
1726 2371 1857 2452 fuit,

194 2466 303 2527 sed
338 2467 651 2528 nutriente
681 2465 929 2527 materia
986 2465 1292 2539 destituta,
1320 2472 1379 2524 et
1409 2463 1468 2523 in
1502 2460 1667 2521 arida
1698 2460 1858 2521 illius

194 2575 408 2631 carne,
445 2555 609 2616 velut
640 2555 699 2617 in
732 2553 1029 2636 ellychnio
1052 2552 1305 2633 quodam
1346 2558 1550 2614 exusto
1588 2549 1855 2611 circum-

191 2646 421 2720 voluta,
482 2661 816 2706 marcorem
868 2641 1152 2724 pariebat.
1209 2643 1336 2703 Huc
1386 2640 1710 2702 accedebat
1753 2642 1851 2718 je-

192 2753 324 2812 cur,
379 2734 632 2817 antiqua
685 2733 848 2794 illius
898 2733 1107 2813 plaga;
1153 2739 1211 2793 et
1239 2750 1272 2792 a
1314 2729 1464 2792 cibis
1494 2738 1551 2790 et
1581 2748 1614 2790 a
1645 2747 1855 2790 somno

192 2826 557 2899 excludens,
593 2843 662 2885 ac
684 2832 910 2884 tantum
937 2821 1141 2883 sinens
1163 2820 1381 2896 vivere,
1406 2826 1688 2901 quantum
1710 2837 1858 2898 opus

191 2926 319 2976 erat
348 2915 429 2977 ad
462 2912 816 2976 sentiendos
858 2911 1118 2974 dolores.
1166 2909 1289 2972 Nec
1338 2927 1530 2990 aquae,
1593 2924 1704 2970 nec
1744 2908 1859 2968 alia

199 3003 585 3066 medicorum
622 3001 888 3065 remedia
913 3008 1137 3063 tantum
1173 2999 1391 3061 malum
1431 3015 1717 3078 superare
1744 3016 1855 3076 ροσ-

196 3100 555 3188 ίυίῗῖῗθεξκ
1119 3177 1129 3187 .
1241 3184 1248 3188 _
1372 3184 1381 3188 -
1560 3176 1572 3187 .
1872 3139 1913 3188 c

278 3183 383 3245 lll.
420 3178 565 3241 Post
592 3176 850 3239 reditum
882 3195 955 3239 ex
997 3177 1166 3258 aquis
1199 3184 1257 3238 et
1287 3184 1425 3237 ante
1475 3176 1851 3256 quinquage-

202 3271 425 3332 simum
444 3268 641 3330 morbi
656 3265 1079 3341 diem.Evagari
1092 3283 1158 3326 us
1171 3266 1496 3347 presbyter,
1508 3265 1850 3344 Pompeiani

199 3358 631 3421 Antiochensis
653 3357 933 3435 ﬁlius,qui
967 3358 1028 3416 in
1059 3355 1444 3419 Occidentem
1482 3374 1615 3416 cum
1649 3364 1851 3416 sancto

202 3449 463 3512 Eusebio
486 3446 859 3509 Vercellensi
899 3446 1199 3526 profectus
1221 3444 1432 3519 fuerat,
1466 3444 1664 3525 ibique
1713 3462 1849 3524 per-

198 3544 405 3605 utilem
452 3538 744 3602 Ecclesiae
800 3556 1039 3619 operam
1093 3546 1429 3613 navaverat,
1493 3536 1730 3598 tandem
1792 3536 1850 3596 in

197 3632 512 3696 Orientem
566 3629 808 3690 rediens
860 3628 1124 3691 Caesarea
1153 3627 1410 3709 transiit,
1460 3646 1528 3689 ac
1562 3626 1848 3689 Basilium

205 3721 414 3784 invisit
452 3722 559 3800 (ι’).
598 3716 830 3798 Scripta
857 3716 1105 3779 Romam
1132 3737 1164 3778 a
1189 3718 1403 3778 Basilio
1434 3718 1615 3779 missa
1636 3715 1856 3787 retulit,

208 3821 271 3873 ut
308 3810 461 3871 viris
526 3809 649 3870 illic
679 3807 1151 3869 accuratioribus
1185 3826 1301 3868 non
1347 3806 1640 3885 placentia
1669 3826 1736 3867 ac
1762 3823 1861 3866 re-

207 3912 464 3963 trorsum
510 3899 733 3976 rejecta
791 3918 804 3954 :
868 3897 1132 3977 petitque
1195 3905 1255 3956 ut
1313 3896 1565 3977 epistola
1612 3899 1864 3958 Romam

214 3989 654 4065 scriberentur,
688 3986 759 4049 ad
796 3984 1033 4047 verbum
1069 4003 1139 4047 ea
1170 3985 1291 4066 ipsa
1315 3988 1650 4061 continens,
1685 4002 1871 4064 quaea

210 4078 502 4141 Romanis
532 4076 752 4156 scripta
787 4086 977 4156 erant;
1011 4094 1079 4137 ac
1118 4075 1290 4152 legali
1323 4074 1673 4136 auctoritate
1700 4092 1852 4154 prae—

206 4170 309 4231 diti
344 4168 757 4239 mitterentur,
796 4174 858 4226 ut
882 4163 1164 4225 Romanis
1197 4164 1503 4228 Orientem
1538 4163 1773 4224 invisei
1802 4164 1861 4223 di

198 4258 473 4335 speciosa
506 4253 743 4319 occasio
764 4254 1026 4318 daretur.
1057 4253 1185 4315 Non
1216 4262 1534 4333 potuerunt
1578 4253 1704 4314 haec
1734 4252 1849 4313 Ba-

198 4348 327 4409 silio
362 4344 789 4408 molestissima
818 4364 932 4406 non
970 4363 1255 4418 esse,non
1289 4352 1401 4405 tam
1429 4352 1670 4424 propter
1694 4343 1850 4403 illius

197 4438 418 4516 scripta
475 4434 671 4495 minus
718 4433 1044 4495 honoriﬁce
1079 4443 1349 4511 excepta.
1387 4452 1562 4513 quam
1613 4440 1854 4511 propter

200 4525 454 4587 consilia
475 4522 765 4586 Ecclesia:
812 4522 1193 4602 paciﬁcandaa
1234 4522 1459 4583 nullum
1492 4522 1712 4582 exitum
1743 4522 1852 4581 ha-

205 4614 433 4677 bentia.
465 4613 701 4693 Scripta
721 4620 914 4673 autem
951 4612 1071 4691 illa,
1107 4630 1239 4693 quae
1271 4611 1551 4672 Romanis
1574 4628 1694 4671 non
1724 4610 1853 4689 pla-

207 4722 410 4782 cuere,
444 4701 726 4764 videntur
754 4700 993 4778 aliquod
1027 4720 1159 4762 esse
1202 4700 1716 4774 commentarium,
1741 4700 1853 4760 Sa-

206 4793 347 4854 bino
407 4791 826 4862 commissum,
857 4789 919 4851 in
964 4809 1079 4871 quo
1130 4789 1280 4853 forte
1331 4789 1589 4852 Basilius
1647 4790 1854 4849 eadem

204 4881 511 4953 libertate,
562 4898 631 4940 ac
690 4879 749 4939 in
797 4879 1011 4942 litteris
1055 4879 1128 4939 ad
1188 4878 1602 4956 Athanasium,
1636 4876 1857 4939 Meletii

197 4972 331 5048 jura
358 4969 663 5031 tuebatur.
700 4966 843 5028 Nam
899 4986 1016 5028 non
1070 4977 1190 5030 tam
1244 4986 1342 5029 res
1393 4966 1537 5047 ipse
1582 4966 1855 5027 videntur

201 5058 611 5139 displicuisse,
648 5074 821 5134 quam
848 5057 1089 5136 quidam
1132 5056 1439 5119 scribendi
1488 5055 1699 5117 modus
1738 5074 1853 5117 non

203 5150 341 5212 satis
356 5147 852 5212 accommodatus
868 5146 944 5207 ad
961 5146 1370 5210 deliniendum
1398 5167 1411 5209 :
1439 5145 1596 5208 unde
1620 5144 1692 5207 ab
1709 5145 1853 5225 ipsis

284 5320 367 5398 (α)
403 5317 516 5398 Ep.
554 5315 697 5381 137.

272 5401 359 5495 ςὸ)
395 5397 506 5479 Ep.
550 5399 695 5475 138,
720 5415 781 5459 n.
817 5397 876 5457 1.

280 5500 347 5561 is,
387 5480 499 5561 Ep.
538 5480 685 5561 138,
719 5496 783 5541 ιι.

266 5526 355 5721 Fc?)
386 5526 499 5653 Ξιῗζ
534 5526 685 5635 ῐὲὄξ
716 5526 783 5621 ἕξ
815 5526 882 5620 52

288 5644 342 5721 ι)
379 5645 664 5721 Hieron,
696 5657 801 5721 ep.
828 5639 859 5700 1

288 5636 343 5724 ej
379 5636 664 5722 Hieron,
696 5657 801 5721 ep.
828 5639 859 5700 1
896 5652 1065 5699 nova
1084 5636 1231 5701 edit.

1955 1836 2211 1916 grio,qui
2241 1837 2522 1900 Basilium
2546 1846 2681 1901 ante
2707 1857 2973 1900 mensem
3006 1837 3421 1918 Septembrem
3446 1835 3570 1897 invi

1954 1925 2050 1988 sit.
2086 1925 2252 1998 Quod
2301 1929 2351 1988 si
2411 1926 2806 2008 Hieronymus
2853 1927 3117 1989 interfuit
3164 1925 3393 2005 Evagrii
3454 1943 3592 1986 cum

1952 2011 2172 2077 Basilio
2207 2015 2543 2096 colloquiis,
2570 2036 2639 2078 eo
2664 2016 2849 2096 magis
2878 2017 3064 2077 miror
3083 2016 3240 2098 quod
3274 2016 3343 2076 iis
3374 2032 3506 2095 quae
3525 2032 3597 2077 ex

1952 2104 2170 2166 Basilio
2206 2106 2476 2168 audierat
2516 2118 2613 2169 aut
2660 2106 2888 2167 traditis
2938 2105 3218 2168 oblivioni
3292 2114 3394 2166 aut
3442 2121 3594 2165 con-

1947 2196 2209 2273 temptis,
2246 2196 2466 2259 nullam
2500 2209 2730 2276 partem
2782 2198 2930 2277 {equi
2993 2195 3251 2276 bonique
3285 2194 3359 2256 de
3389 2201 3593 2257 sancto

1946 2285 2179 2347 Meletio
2224 2287 2500 2348 senserit.

2026 2375 2196 2437 Circa
2220 2375 2378 2436 idem
2416 2385 2649 2456 tempus
2679 2375 2795 2436 duo
2823 2376 3021 2457 magni
3054 2376 3335 2439 momenti
3360 2378 3594 2454 negotia

1945 2463 2163 2525 Basilio
2188 2476 2662 2543 supervenerunt
2687 2464 2790 2545 (ἡ).
2827 2464 2934 2537 Qui
2973 2464 3260 2529 Sebastim
3298 2466 3590 2529 catholico

1940 2551 2299 2626 sentiebant,
2335 2554 2566 2615 occulto
2593 2571 2794 2633 prava!
2818 2554 3119 2634 opinionis
3151 2554 3449 2617 Eusthatii
3498 2556 3589 2617 ul-

1939 2659 2075 2702 cere
2107 2640 2629 2720 detecto,aliquam
2655 2661 2689 2702 a
2720 2643 2942 2704 Basilio
2977 2644 3441 2707 ecclesiasticam
3467 2645 3589 2705 sol-

1939 2730 2312 2793 licitudinem
2342 2732 2830 2812 poposcerunt,id
2855 2733 3041 2804 est,ad
3068 2734 3199 2812 ejus
3216 2734 3590 2797 communio-

1942 2838 2076 2879 nem
2096 2827 2154 2881 et
2182 2820 2571 2901 patrocinium
2599 2821 3186 2899 confugeruntJllius
3207 2823 3383 2883 etiam
3411 2842 3586 2902 opem

1940 2908 2277 2985 imploravit
2294 2910 2620 2972 Iconiensis
2645 2910 2705 2970 in
2730 2910 2952 2973 Pisidia
2974 2910 3399 2991 Ecclesia,quze
3423 2930 3587 2971 mor-

1941 3006 2038 3058 tuo
2070 3000 2351 3080 episcopo
2376 2998 2662 3061 Faustino
2689 2999 3271 3075 Basiliuminvitavit,
3309 3007 3372 3060 ut
3399 3017 3467 3061 se
3488 2999 3587 3060 in-

1938 3089 2154 3149 viseret
2177 3108 2244 3151 ac
2278 3089 2628 3169 episcopum
2664 3091 2858 3152 daret.
2891 3089 3029 3151 Haec
3070 3099 3265 3151 autem
3325 3088 3585 3151 colloca-

1939 3196 2068 3239 mus
2100 3186 2231 3257 post
2271 3178 2528 3241 reditum
2578 3198 2647 3240 ex
2693 3179 2863 3259 aquis
2894 3189 2951 3241 et
2981 3186 3120 3243 ante
3172 3179 3331 3241 diem
3396 3178 3587 3240 morbi

1936 3266 2517 3347 quinquagesimum,
2554 3270 2691 3347 quia
2717 3277 3049 3329 evenerunt
3079 3268 3234 3328 intra
3267 3266 3411 3329 illud
3452 3284 3587 3345 spa-

1937 3357 2108 3427 tium,
2145 3355 2309 3431 quod
2340 3356 2413 3417 ab
2465 3357 2713 3436 epistola
2756 3355 2870 3421 136
2904 3357 3074 3418 initio
3110 3356 3298 3417 morbi
3340 3355 3584 3433 scripta,

1933 3445 2005 3505 ad
2041 3444 2351 3524 epistolam
2390 3446 2502 3507 138
2525 3446 2598 3507 ad
2626 3446 2904 3507 eumdem
2938 3445 3259 3507 Eusebium
3290 3445 3386 3506 die
3409 3445 3588 3525 quin-

1934 3534 2277 3613 quagesimo
2302 3534 2612 3615 scriptam,
2650 3534 3066 3600 efliuxit.Nibi|
3100 3536 3258 3595 enim
3297 3533 3587 3596 habethis

1942 3624 2016 3685 de
2049 3622 2226 3684 rebus
2280 3624 2525 3702 egistola
2586 3624 2714 3703 I36,
2770 3644 2913 3704 quas
2974 3634 3167 3684 tamen
3208 3644 3322 3683 non
3356 3623 3585 3685 videtur

1945 3712 2277 3774 amissurus
2334 3712 2610 3786 Basilius,
2644 3714 2691 3774 si
2716 3714 2838 3792 jam
2892 3723 3013 3776 tum
3064 3713 3231 3775 illnm
3290 3713 3586 3774 iuvisisset

1947 3803 2255 3880 Evagrius,
2288 3812 2390 3863 aut
2421 3802 2552 3880 ejus
2580 3802 2917 3882 prmsidium
2952 3803 3153 3865 clerici
3190 3801 3505 3865 Sebasteni
3527 3811 3586 3864 et

1948 3889 2279 3952 lconiensis
2311 3891 2577 3952 Ecclesia
2609 3892 3048 3973 implorassent.

2032 3980 2128 4043 ιν.
2151 3981 2655 4061 Quinquagesimo
2669 3982 2765 4043 die
2786 3982 2977 4043 morbi
2999 3981 3234 4043 advenit
3256 3983 3584 4044 Caesaream

1952 4069 2219 4150 Elpidius
2256 4070 2541 4132 diaconus
2572 4090 2704 4133 cum
2742 4072 2952 4133 litteris
3000 4071 3237 4133 Eusebii
3288 4089 3585 4132 summum

1936 4159 2138 4222 Basilii
2163 4159 2395 4221 vivendi
2422 4159 2788 4222 desiderium
2823 4160 3586 4241 signitirantibus.Respon-

1935 4251 2021 4313 dit
2052 4249 2306 4311 Basilius
2339 4250 2402 4330 (ἰ)
2435 4251 2646 4311 eodem
2671 4250 2792 4333 die,
2820 4262 2881 4311 ut
2913 4259 3073 4331 patet
3103 4271 3169 4313 ex
3216 4251 3307 4311 liis
3339 4248 3531 4310 verbis
3565 4266 3576 4309 :

1940 4340 2510 4419 Quinquagesimum
2536 4341 2694 4401 hunc
2706 4341 2860 4402 diem
2880 4340 3130 4418 agebam
3158 4342 3223 4400 in
3256 4338 3587 4417 inﬁrmita-

1876 4424 1919 4475 D
1936 4437 2156 4491 tecum
2174 4429 2421 4489 advenit
2446 4428 2616 4490 nobis
2628 4429 2885 4490 dilectus
2898 4446 2970 4490 ac
2992 4434 3249 4508 Optimus
3270 4430 3458 4506 frater
3481 4445 3583 4486 no-

1936 4525 2061 4579 ster
2082 4518 2492 4580 condiaconus
2515 4518 3099 4597 Elpidiusﬂeclarat
3122 4536 3184 4576 se
3209 4517 3379 4577 lectis
3392 4512 3581 4577 Euse—

1940 4607 2018 4669 bii
2042 4607 2279 4685 litteris,
2314 4606 2619 4667 incitatum
2647 4607 2920 4671 fuisse.ut
2956 4615 3116 4667 recta
3138 4606 3209 4667 ad
3230 4604 3403 4685 Syros
3434 4622 3582 4664 con-

1938 4699 2166 4758 volaret
2204 4697 2305 4756 sed
2365 4714 2483 4756 non
2535 4696 2710 4757 modo
2764 4696 2821 4757 id
2858 4697 2967 4756 sibi
3023 4696 3257 4767 deesse,
3295 4704 3353 4754 ut
3386 4692 3583 4754 volare

1942 4786 2149 4866 possit,
2185 4784 2290 4847 sed
2323 4785 2499 4845 etiam
2535 4795 2597 4845 ut
2623 4804 2685 4845 se
2718 4786 2776 4845 in
2812 4786 2961 4846 lecto
2985 4790 3365 4846 converteret
3394 4787 3579 4847 Caete-

1939 4894 2068 4935 rum
2105 4873 2313 4935 morbo
2344 4893 2475 4947 suo,
2515 4892 2690 4955 quem
2735 4885 2800 4935 ut
2829 4893 3007 4955 supra
3034 4874 3312 4947 vidimus,
3348 4871 3580 4933 descri-

1941 4963 2047 5038 bit,
2078 4963 2179 5024 diu
2203 4970 2500 5037 vexatum,
2530 4982 2830 5044 nunquam
2858 4972 3082 5024 tantum
3104 4962 3580 5043 doluisse,quan-

1939 5062 2058 5114 tum
2095 5071 2275 5129 nunc,
2323 5053 2398 5112 ab
2440 5070 2509 5112 eo
2542 5051 2921 5133 impeditum,
2954 5050 3268 5133 quominus
3299 5052 3358 5111 in
3390 5049 3578 5111 Euse-

1939 5143 2018 5204 bii
2052 5144 2424 5221 complexum
2456 5153 2512 5201 et
2538 5141 2896 5223 colloquium
2925 5140 3395 5204 veniat.Noverat
3418 5140 3577 5201 enim

2042 5311 2102 5390 ί)
2128 5310 2289 5371 Idem
2315 5326 2414 5389 ep.
2439 5311 2499 5373 2.

2140 5390 2306 5452 Idem
2340 5407 2435 5470 ep.
2463 5394 2518 5454 1.

2042 5410 2435 5560 i§_E',f_.'"i§§;
2463 5410 2528 5534 ἔπ’.

2018 5550 2093 5629 (ε)
2125 5550 2285 5611 Ibid.
