4058 6200
1606 278 1789 373 Vl'I'A
1834 280 1896 344 s.
1942 281 2238 347 BASILU.

3478 312 3621 361 CXIX

240 406 484 506 comitis
509 406 760 483 litteras,
790 415 849 470 et
873 408 1074 473 eidem
1106 408 1306 471 Basilii
1328 428 1687 492 responsum
1722 421 1883 476 retu-
1911 425 1949 470 Α
1973 411 2304 506 Frugibus
2316 416 2753 495 spiretualibus
2769 421 3075 483 nationem
3089 428 3625 506 exteramreplevi—

241 496 412 559 lisse.

314 585 569 647 Junium
591 584 877 647 Soranum
905 587 1109 649 limitis
1130 588 1386 668 Scythici
1405 592 1617 653 ducem
1643 610 1892 672 rogave-

238 681 327 733 rat
359 673 644 747 Basilius,
682 682 743 734 ut
776 692 957 755 supra
979 675 1258 750 vidimus,
1296 687 1359 739 ut
1388 688 1715 759 martyrum
1748 679 1893 743 reli-

236 762 396 841 quiis
432 763 684 844 patriam
717 763 941 827 ditaret
976 787 992 837 ;
1029 766 1515 847 quandoquidem
1542 768 1668 830 illic
1698 788 1897 851 perse-

236 856 422 929 cutio,
449 855 584 935 ipso
614 864 994 917 asseverante
1020 855 1266 930 Sorano,
1308 867 1594 939 martyres
1618 858 1870 921 faciebat

233 944 367 1006 Non
382 944 595 1023 segnis
621 942 958 1006 Soranusin
986 946 1283 1007 mandatis
1310 947 1517 1009 Basilii
1538 948 1895 1010 exhaurien-

232 1034 328 1093 dis
350 1051 581 1112 corpus
604 1030 669 1095 S.
703 1032 897 1106 Saba,
927 1034 1031 1111 qui
1062 1054 1219 1097 anno
1251 1035 1369 1099 379.
1401 1037 1498 1099 die
1557 1038 1627 1098 12
1678 1037 1897 1118 Aprilis

233 1140 446 1202 passus
479 1122 1229 1207 fuerat,in'Cappadociam
1249 1145 1355 1206 per
1368 1127 1523 1188 viros
1550 1127 1669 1190 ﬁde
1685 1128 1895 1205 dignos

232 1211 421 1286 misit,
456 1231 594 1273 cum
622 1231 925 1274 consensu
958 1213 1311 1293 presbyterii
1372 1215 1531 1277 illius
1584 1215 1890 1293 Ecclesia,

229 1320 360 1382 qua
385 1302 497 1362 has
528 1302 817 1380 reliquias
865 1302 1233 1382 possidebat.
1292 1302 1678 1385 Optatissimo
1737 1305 1895 1368 dono

226 1390 537 1471 adjuncta
586 1402 759 1453 erant
820 1392 1035 1454 littera
1079 1392 1361 1455 Ecclesia
1403 1393 1712 1471 Gotthica,
1768 1405 1889 1455 tum

225 1482 405 1542 etiam
438 1481 578 1542 alia
598 1482 757 1561 dua,
790 1480 1057 1544 Ascholii
1084 1493 1140 1542 et
1182 1481 1418 1547 Sorani.
1456 1484 1697 1547 Etiamsi
1731 1484 1889 1547 enim

224 1571 557 1633 Ascholius
572 1569 883 1651 epistolam
909 1571 1892 1655 EcclesiaGotthica,utexistimat

226 1659 681 1738 Tillemontins,
714 1660 1031 1739 scripsisse
1088 1661 1320 1723 dica'ur
1352 1673 1553 1739 ;certe
1575 1662 1748 1724 aliam
1781 1682 1888 1725 suo

1977 503 2100 599 sti;
2113 503 2186 599 E
2197 521 2329 564 cum
2344 522 2455 599 pro
2465 506 2928 599 ﬁdeeertamina
2940 512 3290 593 sustineres,
3301 503 3482 579 Deum
3494 524 3624 599 glo-

1980 590 2259 668 riﬁtabat
2272 596 2477 672 patria
2497 601 2734 672 nostra,
2771 596 2988 660 bonam
3017 607 3264 677 patrum
3278 590 3624 672 haeredita-

1980 685 2101 775 tem
2124 680 2192 775 {It
2212 689 2270 775 te
2286 683 2545 775 audiens
2558 686 3620 775 custodiqr‘z'.‘2°CertissimeCappadox

1984 774 2107 826 erat
2134 764 2348 828 Junius
2375 772 2744 835 Soranus.At
2791 773 2947 835 idem
2982 775 3058 836 de
3079 776 3140 838 S.
3190 764 3472 844 Ascholio
3503 786 3623 848 dici

1980 873 2097 915 non
2123 864 2334 938 potest,
2379 877 2556 939 quem
2590 880 2893 942 nunquam
2954 863 3181 926 viderat
3222 868 3500 945 Basilius,
3563 886 3624 937 ut

1980 951 2139 1023 patet
2159 946 2416 1037 exinitio
2441 947 2711 1028 epistola
2746 952 2881 1015 154.
2909 951 2972 1012 ln
2991 955 3254 1016 secunda
3275 957 3530 1037 epistola
3546 964 3622 1026 ad

1977 1049 2117 1092 eum
2140 1033 2380 1113 scripta,
2416 1055 2549 1117 qua
2599 1046 2691 1099 est
2716 1039 2855 1119 464,
2890 1040 3104 1119 gratias
3134 1044 3186 1103 ei
3218 1033 3339 1123 agit
3368 1049 3623 1115 Basilius

1978 1123 2137 1201 quod
2162 1123 2596 1217 cappadociam
2621 1128 2975 1194 laudaverit.
3011 1129 3259 1194 Etiamsi
3288 1134 3621 1217 Cappadoci

1978 1212 2293 1272 conveniat
2322 1212 2569 1277 laudare
2592 1218 3046 1298 Cappadociam,
3074 1221 3283 1282 saltem
3308 1212 3483 1287 causa
3502 1247 3618 1291 non

1980 1309 2102 1361 erat
2138 1319 2244 1362 cur
2276 1304 2329 1364 ei
2352 1304 2555 1382 gratia
2584 1315 2928 1375 agerentur.
2967 1310 3263 1371 Pratarea
3285 1330 3416 1391 qua
3446 1317 3521 1378 de
3552 1317 3616 1388 S.

1980 1391 2256 1452 Ascbolio
2289 1404 2489 1455 narrat
2522 1395 3041 1472 Ambrosius,eum
3069 1397 3130 1459 in
3159 1400 3497 1465 Achaiaaut
3521 1408 3621 1469 vi-

1977 1478 2129 1539 cinis
2153 1482 2497 1559 regionibus
2522 1492 2721 1545 natum
2741 1503 2872 1546 esse
2890 1488 3169 1563 probant.
3192 1487 3300 1550 Ille
3320 1510 3382 1551 se
3396 1510 3614 1558 mona-

1972 1569 2345 1660 steriispuer
2363 1572 2757 1652 dedit,inquit
2778 1572 2841 1637 S.
2867 1574 3225 1637 Ambrosius
3250 1578 3325 1660 (ο)
3340 1589 3419 1655 ,et
3450 1588 3615 1648 intra

1974 1656 2267 1719 Achaiam
2299 1669 2555 1738 angusto
2586 1661 2830 1723 clausus
2870 1665 3120 1742 tugurio
3155 1656 3369 1745 gratia
3419 1678 3617 1734 tamen

225 1750 473 1812 nomine
498 1748 730 1830 adjecit
760 1750 866 1826 (α).
903 1752 1052 1814 Nam
1078 1752 1394 1813 Ascholius
1426 1753 1485 1813 in
1507 1754 1631 1813 suis
1661 1752 1733 1813 ad
1767 1755 1883 1816 Ba-
1910 1785 1946 1834 Β
1973 1745 2307 1809 multarum
2338 1756 2641 1811 terrarum
2684 1754 3044 1831 peragravit
3079 1754 3369 1821 divortia.
3397 1762 3459 1819 3°
3486 1760 3614 1822 Non

221 1840 422 1901 silium
458 1840 685 1901 litteris
711 1838 988 1901 laudabat
1017 1851 1286 1903 sanctum
1312 1841 1617 1922 Eutychen
1640 1852 1699 1903 et
1740 1843 1884 1922 Cap-

221 1929 650 2011 padociam,ex
671 1948 788 2011 qua
812 1930 1040 1991 semina
1058 1930 1290 2010 pietatis
1309 1928 1715 2011 apudGotthos
1741 1950 1882 2011 per-

222 2014 537 2083 venerant.
572 2021 649 2079 At
680 2018 829 2079 nihil
855 2019 1150 2097 ejusmodi
1184 2019 1405 2098 legitur
1436 2020 1494 2079 in
1525 2019 1735 2081 litteris
1767 2020 1880 2081 Ec-

218 2110 422 2172 clesia
451 2107 778 2172 Gotthica.
801 2107 1141 2181 Quinetiam
1173 2128 1293 2169 non
1327 2109 1623 2171 immerito
1655 2109 1884 2171 dubite-

219 2212 337 2273 tur,
370 2218 452 2261 an
489 2198 828 2259 litterarum
877 2198 1161 2259 Ecclesia
1215 2196 1511 2261 Gotthica
1566 2208 1773 2260 auctor
1813 2199 1889 2260 sit

221 2295 477 2352 sanctus
498 2288 843 2350 Ascholius.
873 2285 1020 2348 Nam
1046 2307 1176 2349 cum
1203 2288 1294 2349 ha
1316 2288 1535 2349 littera
1551 2298 1884 2353 accuratam

218 2377 489 2441 habeant
524 2376 795 2457 martyrii
827 2376 1020 2439 sancti
1073 2374 1238 2439 Saba
1282 2376 1749 2455 descriptionem
1791 2399 1806 2455 ;
1837 2378 1888 2440 si

1969 1834 2099 1929 ipse
2118 1837 2675 1929 Ascholius_corpus
2704 1842 2891 1902 sancti
2916 1840 3087 1904 Saba
3114 1844 3277 1909 misit
3300 1846 3359 1906 in
3377 1845 3614 1929 Cappa-

1969 1923 2335 2015 dociram,sed
2362 1926 2418 1986 id
2435 1926 2647 1989 Sorani
2672 1929 2832 1989 curis
2853 1929 3137 1992 tribuitur
3153 1932 3213 1993 in
3237 1923 3613 2015 epistolaEc-

1968 2012 2167 2107 cle‘sia
2196 2013 2506 2107 Gotthica.
2537 2016 2751 2080 Melius
2783 2037 2923 2098 ergo
2976 2020 3032 2081 ei
3064 2012 3338 2102 congruit
3366 2028 3615 2107 epistola

1973 2102 2107 2169 165,
2146 2113 2348 2183 utpote
2368 2106 2441 2165 ad
2477 2124 2614 2167 eum
2640 2108 2886 2189 scripta,
2918 2110 3020 2189 qui
3043 2112 3292 2189 patriam
3311 2102 3425 2177 hoc
3454 2117 3612 2180 dono

1970 2199 2303 2256 ornaverat.
2322 2193 2386 2255 4ο
2417 2195 2581 2257 Tunc
2601 2196 2859 2277 primum
2882 2216 2987 2278 per
3011 2199 3239 2262 litteras
3264 2205 3612 2269 Ascholium

1970 2292 2212 2380 noverat
2243 2284 2517 2380 Basilius,
2550 2304 2685 2348 cum
2711 2286 2952 2380 scripsit
2973 2289 3282 2380 epistolam
3308 2295 3407 2356 54.
3439 2296 3518 2357 At
3539 2298 3614 2380 is,

1970 2368 2040 2429 ad
2067 2387 2246 2449 quem
2277 2373 2500 2451 scripta
2522 2384 2612 2435 est
2645 2376 2897 2456 epistola
2933 2377 3068 2457 165,
3086 2378 3317 2442 dudum
3341 2401 3479 2448 cum
3513 2368 3617 2451 Ba:

221 2487 319 2530 eas
338 2467 704 2547 scripsisset
736 2474 980 2528 sanctus
1012 2467 1360 2541 Ascholius,
1392 2487 1510 2529 non
1542 2468 1716 2529 video
1781 2486 1891 2529 cur
1976 2460 2110 2521 silio
2142 2460 2400 2553 amicitia
2432 2470 2494 2553 et
2522 2465 2971 2553 necessitudine
2993 2469 3351 2547 conjunctus
3376 2484 3526 2553 erat,
3553 2489 3616 2541 ut

219 2560 438 2620 iterum
465 2557 533 2617 in
562 2555 696 2618 aliis
725 2555 797 2617 ad
832 2567 1104 2618 sanctum
1129 2555 1416 2619 Basilium
1441 2556 1890 2619 litterisiterum
1976 2556 2137 2628 Patet
2158 2568 2229 2611 ex
2253 2548 2347 2611 his
2377 2550 2594 2613 verbis:
2643 2553 2849 2617 Votum
2865 2554 3040 2618 nobis
3070 2560 3403 2638 antiquum
3418 2548 3616 2631 adim-

216 2648 371 2709 idem
410 2646 780 2726 martyrium
817 2645 1243 2726 descripsisset
1279 2668 1292 2707 :
1324 2646 1481 2727 quod
1516 2655 1710 2708 tamen
1740 2647 1891 2707 Basi-
1967 2641 2157 2718 pleni:
2175 2640 2328 2703 Deus
2343 2649 2612 2718 sanctus,
2630 2662 2763 2705 cum
2789 2647 2963 2708 nobis
2977 2648 3274 2726 dignatus
3290 2662 3382 2715 est
3403 2674 3614 2723 aetnae-

218 2737 331 2800 lius
350 2740 427 2797 ab
467 2755 545 2798 eo
577 2744 828 2797 testatur
872 2734 1237 2816 descriptum
1290 2735 1476 2798 fuisse
1506 2735 1568 2797 in
1619 2736 1720 2798 illa
1766 2736 1891 2815 epi-
1971 2730 3615 2819 dere,utvera’pietatistuwlitterasacciperemusﬂoc

219 2826 395 2899 stola,
422 2844 565 2907 qua
595 2834 871 2887 sanctum
907 2825 1216 2903 Eutychen
1234 2823 1736 2906 etCappadociam
1761 2824 1887 2886 lau-
1967 2820 2129 2880 enim
2143 2823 2479 2882 maximum
2495 2830 2589 2884 est
2604 2829 2665 2884 et
2678 2825 3615 2907 maximeeaoptandum,oidere

221 2914 426 2978 dab”.
1964 2913 2015 2960 te
2032 2911 2082 2963 et
2100 2907 2278 2964 videri
2303 2926 2335 2963 α
2362 2916 2431 2974 te,
2463 2925 2528 2965 ac
2557 2909 2794 2983 Spiritus
2825 2913 2998 2980 donis,
3038 2930 3154 2988 qua
3182 2917 3240 2972 in
3265 2922 3315 2975 te
3354 2929 3496 2993 sunt,
3519 2944 3614 2999 per

295 3006 448 3066 Cum
486 3004 680 3066 sancti
712 3003 988 3066 Ascbolii
1020 3004 1230 3067 littera
1260 3003 1515 3086 Spiritus
1530 3003 1716 3065 sancti
1744 3022 1882 3083 gra-

1974 2999 2301 3071 uosmetipsos
2325 2999 2558 3071 perfrui.
2587 3000 2692 3057 Sed
2724 3004 2849 3074 quia
2878 3004 2935 3059 id
2981 3012 3031 3060 et
3073 3005 3181 3062 ioci
3220 3007 3479 3071 distantia
3515 3034 3611 3072 au-

222 3094 297 3153 tia
328 3102 667 3172 scaterent,
698 3094 857 3155 visus
889 3102 978 3155 est
1008 3092 1123 3155 sibi
1154 3094 1429 3169 Basilius,
1465 3093 1606 3156 dum
1652 3112 1751 3155 eas
1801 3094 1881 3155 le-

1974 3087 2092 3152 fert,
2124 3095 2175 3145 et
2206 3093 2417 3160 negotia
2436 3089 2629 3161 quibus
2655 3092 2919 3162 privatim
2976 3102 3189 3169 uterque
3246 3107 3489 3161 nostrum
3518 3107 3614 3161 ds-

223 3192 412 3263 geret,
438 3182 659 3263 priscis
684 3182 1059 3264 temporibus
1103 3184 1347 3259 versari,
1409 3202 1541 3245 cum
1600 3182 1882 3246 Ecclesia

1974 3178 2225 3235 tinemur:
2258 3179 2313 3231 in
2342 3178 2584 3235 secundis
2601 3180 2735 3237 votis
2762 3182 3013 3251 fuerit,“
3039 3187 3225 3242 animo
3242 3190 3611 3262 frequentibus

224 3290 455 3346 omnes,
481 3272 647 3333 velut
673 3272 857 3332 multa
888 3270 1155 3333 membra
1187 3273 1243 3333 in
1270 3292 1387 3334 uno
1421 3273 1848 3353 corpore,miri

225 3363 333 3422 tice
365 3360 791 3422 consentirent
828 3378 1005 3434 ;cum
1052 3361 1352 3424 manifesti
1383 3371 1603 3436 essent,
1665 3372 1725 3423 et
1780 3365 1879 3443 qui

225 3449 838 3531 persequebantur,et
857 3450 956 3530 qui
979 3452 1456 3530 persecutionem
1477 3450 1874 3531 patiebantur.

228 3539 430 3602 Rediit
453 3538 697 3600 animus
731 3538 932 3600 Basilii
956 3539 1028 3599 ad
1060 3542 1311 3619 priscam
1341 3539 1500 3600 illam
1546 3538 1875 3603 beatitudi-

226 3648 389 3703 nem,
424 3627 531 3688 uhi
563 3627 780 3689 littera
802 3647 872 3690 ex
896 3637 1127 3689 remota
1150 3628 1397 3707 regione
1424 3640 1734 3703 venerunt,
1779 3630 1876 3691 di-

233 3718 519 3779 lectionis
551 3716 993 3798 pulchritudine
1024 3718 1471 3779 eftlorescentes
1504 3739 1520 3790 ;
1552 3737 1621 3779 ac
1663 3727 1880 3800 martyr

222 3806 819 3869 advenitabarbaris
849 3807 1001 3869 ultra
1027 3806 1239 3868 Istrum
1302 3806 1723 3883 habitantibus,
1773 3826 1880 3888 per

224 3898 453 3977 seipse
507 3894 841 3977 pradicans
894 3897 1034 3959 fidei
1084 3896 1209 3958 illic
1261 3897 1513 3977 vigentis
1565 3897 1875 3976 integrita-

226 3996 365 4049 tem.

303 4073 579 4155 Epistula
601 4092 858 4155 sequens
899 4074 1006 4154 (ὁ),
1062 4093 1194 4156 qua
1245 4074 1441 4136 eidem
1488 4075 1768 4138 Ascbolio
1815 4076 1874 4138 in

222 4164 513 4225 omnibus
560 4161 871 4224 codicibus
906 4182 1046 4225 mss.
1081 4172 1142 4226 et
1171 4163 1348 4225 editis
1394 4163 1763 4244 inscribitur,
1818 4165 1877 4227 in

225 4270 477 4331 magnas
516 4250 895 4313 difficultates
927 4250 1374 4314 Tillemontium
1420 4254 1682 4331 conjicit.
1734 4253 1876 4316 Nam

219 4362 355 4404 cum
390 4340 573 4423 ιε,ευὶ
596 4341 816 4420 scripta
838 4340 1273 4422 est,Cappapox
1307 4343 1504 4415 fuerit,
1529 4343 1877 4405 Ascholium

222 4432 281 4492 in
313 4430 706 4512 Cappadocia
736 4440 938 4492 natum
964 4448 1097 4493 esse
1119 4431 1421 4493 existimat
1449 4450 1470 4507 ;
1494 4439 1552 4493 et
1582 4450 1716 4493 cum
1749 4453 1878 4513 gra-

1966 3275 2087 3366 tum
2107 3270 2172 3330 in
2194 3268 2437 3366 Christo
2460 3270 2781 3366 citur-{tatis
2811 3272 3036 3366 litteris
3066 3274 3297 3342 alatur.
3350 3279 3451 3345 His
3484 3306 3611 3366 pro-

1962 3357 2116 3420 fecto
2146 3357 2348 3418 verbis
2376 3358 2747 3438 signiﬁcatur
2770 3360 3020 3438 antiqua
3049 3369 3426 3432 necessitudo
3472 3357 3607 3438 cum

1962 3446 2203 3539 homine
2223 3447 2524 3539 diversum
2551 3467 2583 3509 a
2616 3448 2833 3539 Basilio
2861 3451 3299 3533 vivendigenu’s
3332 3463 3611 3539 profiten-

1962 3544 2042 3615 te,
2097 3545 2149 3596 et
2179 3536 2401 3598 idcirco
2456 3538 2516 3597 in
2540 3537 2761 3599 exteris
2796 3541 3140 3618 regionibus
3174 3536 3603 3618 commorante.

2040 3623 2165 3685 Hoc
2199 3626 2381 3686 semel
2418 3626 2612 3706 posito
2645 3628 2957 3707 epistolam
2995 3632 3107 3694 165
3139 3635 3209 3694 ad
3234 3634 3473 3700 Junium
3508 3641 3607 3705 So-

1964 3731 2171 3773 ranum
2208 3715 2488 3805 scriptam
2517 3734 2669 3790 esse,
2698 3718 2948 3795 nonjam
2981 3719 3099 3780 duo
3136 3734 3455 3805 martyrum
3480 3750 3608 3794 cor-

1962 3823 2107 3885 pora
2143 3803 2314 3864 variis
2341 3805 2713 3884 temporibus
2744 3812 2921 3867 missa
2946 3808 3005 3869 in
3039 3803 3467 3891 Cappadociam
3489 3823 3607 3884 dici

1963 3901 2228 3971 possunt.
2264 3891 2408 3953 Nam
2443 3912 2658 3973 corpus
2682 3898 2743 3957 S.
2784 3892 2954 3957 Saba
2987 3899 3233 3961 missum
3258 3922 3291 3963 a
3322 3907 3609 3971 JunioSo-

1961 4001 2108 4043 rano
2144 3990 2394 4073 testatur
2425 3983 2675 4073 epistola
2704 3983 2987 4046 Ecclesia
3015 3985 3602 4073 Gotthica;ejusdem

1962 4072 2303 4163 martyrium
2318 4070 2698 4133 describebat
2715 4070 3603 4163 sanetusAscholius,siquidem

1960 4179 2095 4222 eum
2132 4177 2237 4239 per
2267 4160 2460 4237 ignem
2489 4171 2544 4221 et
2576 4179 2788 4237 aquam
2814 4178 3287 4229 consummatum
3310 4160 3495 4234 fuisse
3516 4177 3604 4234 di-

1961 4248 2155 4325 cebat,
2190 4256 2252 4309 ut
2275 4250 2333 4308 in
2373 4248 2502 4328 ipsa
2531 4248 2815 4313 Ecclesia
2840 4252 3127 4315 Gotthica
3180 4258 3429 4337 epistola
3454 4262 3603 4341 legi-

1962 4356 2118 4401 mus.

2041 4425 2207 4487 Hanc
2230 4435 2428 4489 autem
2463 4427 2725 4491 latitiam
2776 4446 2981 4492 sancti
3018 4433 3233 4495 Basilio
3292 4439 3600 4504 existima-

224 4523 322 4584 tia
360 4502 645 4601 agantur,
679 4519 885 4582 itidem
931 4528 995 4581 ut
1020 4521 1078 4581 in
1110 4502 1496 4603 pracedenti,
1527 4520 1602 4582 ob
1630 4502 1877 4584 missum
1901 4502 1945 4554 θ
1966 4533 2095 4576 mus
2126 4515 2399 4578 evenisse
2423 4516 2535 4578 hoc
2567 4534 2727 4578 anno
2768 4520 2909 4600 3'74,
2962 4522 3099 4601 quia
3158 4540 3290 4584 cum
3349 4502 3606 4595 Basilius

225 4610 511 4691 martyris
534 4627 775 4690 corpus,
832 4610 973 4672 inde
1014 4609 1243 4690 colligit
1300 4610 1389 4672 vir
1444 4610 1716 4673 eruditus
1760 4612 1878 4674 duo

223 4710 554 4781 martyrum
580 4717 834 4780 corpora
864 4699 1039 4762 variis
1062 4700 1429 4781 temporibus
1451 4719 1485 4762 a
1505 4702 1567 4764 S.
1597 4701 1877 4765 Ascholio

221 4788 280 4850 in
309 4788 757 4870 Cappadociam
792 4788 973 4850 missa
992 4806 1153 4853 esse.
1185 4790 1301 4853 Sed
1326 4789 1677 4852 certissimis
1695 4809 1877 4869 argu-

224 4880 443 4941 mentis
477 4876 718 4957 probari
743 4878 937 4959 poiest
961 4878 1116 4940 hanc
1138 4878 1452 4959 epistolam
1495 4898 1612 4941 non
1645 4880 1877 4945 Asche-

226 4969 302 5030 lio
323 4969 618 5049 scriptam
661 4966 869 5045 fuisse,
916 4967 1021 5029 sed
1072 4966 1254 5031 Junio
1300 4969 1556 5042 Sorano,
1596 4970 1670 5031 ad
1702 4988 1879 5052 quem

224 5058 541 5139 epistolam
575 5055 694 5120 155
722 5055 1055 5139 scripserat
1076 5054 1353 5119 Basilius.

299 5145 450 5210 Nam
494 5149 553 5206 1ο
583 5143 921 5208 Basiliusin
947 5144 1125 5227 epist.
1158 5148 1275 5209 155
1292 5148 1585 5210 Soranum
1608 5160 1883 5214 numerat

225 5235 376 5299 inter
386 5252 519 5311 eos,
546 5233 655 5316 qui
677 5234 1007 5298 obDomini
1021 5251 1241 5298 nomen
1262 5234 1452 5299 libere
1471 5236 1808 5318 loquuntur
1825 5247 1884 5302 et

225 5324 539 5409 spiritales
549 5324 794 5403 fructus
813 5322 1132 5389 edunt.Sic
1147 5324 1323 5390 etiam
1335 5325 1397 5389 in
1410 5326 1520 5389 hac
1538 5327 1713 5411 epist.
1739 5328 1880 5407 165,

1965 4605 2607 4703 φαςῐγτυιηΑι-ςίίᾳυίᾳε
2639 4627 2757 4668 non
2790 4612 3024 4689 petierit
3052 4630 3085 4672 a
3141 4614 3317 4703 .lunio
3349 4615 3603 4703 Sorano,

1965 4693 2081 4783 nisi
2112 4713 2268 4755 anno
2300 4694 2422 4758 373
2443 4698 2692 4757 multum
2755 4709 3054 4779 provecto,
3116 4700 3355 4783 aliquod
3412 4693 3604 4771 inter;

1961 4782 2181 4844 vallum
2208 4785 2343 4876 poni
2373 4783 2732 4876 dehe_tinter
2770 4786 2933 4849 illius
2963 4789 3193 4852 litteras
3220 4782 3303 4854 iet
3358 4796 3604 4876 reliqui-

1963 4890 2133 4934 arum
2159 4871 2783 4937 adventum.Testatur
2802 4877 3316 4957 quidemEcclesia
3336 4871 3609 4952 Gotthica

1963 4959 2709 5052 sanctumSahampridie
2759 4965 2897 5028 ldus
2944 4969 3172 5048 Aprilis
3204 4990 3442 5052 passum
3474 4996 3610 5040 esse

1962 5069 2121 5113 anno
2143 5049 2285 5133 372,
2318 5050 2424 5113 sed
2455 5050 2586 5131 ejus
2614 5071 2832 5135 corpus
2856 5055 3055 5119 statim
3087 5075 3122 5120 a
3152 5049 3324 5124 Iunio
3372 5066 3606 5130 Sorano

1964 5140 2212 5201 missum
2245 5156 2377 5203 esse
2410 5157 2528 5201 non
2560 5139 2732 5205 dicit.

2185 5232 2313 5290 Jam
2345 5229 2420 5322 ab
2446 5247 2605 5322 anno
2637 5234 2938 5313 praeterito
2988 5234 3268 5302 Samosta
3315 5242 3609 5322 cogitabat

1966 5317 2249 5401 Basilius,
2267 5318 2375 5381 sed
2406 5318 2549 5382 huic
2570 5322 2822 5386 consilio
2850 5325 3076 5390 obstitit
3119 5317 3609 5397 exsilium'sancti

2046 5502 2131 5581 (c)
2161 5501 2273 5581 Ep.
2307 5503 2407 5584 l5,
2438 5521 2500 5567 n.
2533 5504 2635 5572 49.
