4058 6200
470 337 593 409 cx'x
1849 312 2440 404 PROLEGOMENA.

469 478 709 542 Eusebii
740 475 1192 556 Samos‘atensis,
1230 475 1337 553 qui
1366 476 1604 538 tandem
1636 478 1750 538 hoc
1778 495 1934 538 anno
1957 497 2101 540 con-
2127 484 2164 534 Α
2187 475 2509 537 vehemens
2534 474 2775 539 Eusebii
2801 493 2971 537 amor
3005 484 3067 538 et
3109 475 3449 555 admiratio,
3486 477 3659 555 cujus
3691 476 3855 538 litte-

472 576 711 630 secutus
744 574 852 641 est,
890 564 1046 646 quod
1072 564 1425 643 jamdudum
1460 566 1573 627 sub
1605 567 1787 644 impio
1851 568 2109 647 impera-
2192 582 2274 626 rat
2305 584 2421 625 non
2456 566 2649 627 solum
2684 585 2791 627 sua
2820 574 3032 645 sponte
3062 567 3238 628 utiles
3272 585 3402 627 esse
3423 566 3725 641 dicuntur,
3742 567 3851 627 sed

474 665 599 719 tore
623 655 859 717 invictae
880 654 1041 715 illius
1071 656 1422 716 constantiae
1445 663 1502 716 et
1532 657 1781 716 summis
1812 656 1885 717 de
1916 656 2113 717 Eccle~
2194 655 2370 716 etiam
2396 656 2709 735 accipienti
2729 656 2882 735 apud
2908 656 3058 716 alios
3075 656 3347 716 homines
3366 656 3848 735 perhonorificm;

472 747 561 808 sia
595 747 821 808 meritis
854 743 1117 805 debitum
1153 742 1494 804 videbatur.
1532 744 1592 807 Id
1620 754 1813 805 autem
1840 747 2114 825 conligis.
2195 746 2415 823 quippe
2439 762 2571 804 cum
2596 744 2657 803 in
2682 745 2881 825 aliquo
2906 746 3061 824 apud
3098 754 3320 805 tantum
3372 746 3557 807 virum
3592 764 3849 807 numero

471 856 536 898 se
563 837 675 897 hoc
707 842 887 914 anno,
921 832 1253 912 etquidem
1309 832 1470 895 circa
1518 841 1806 915 aestatem,
1856 856 1989 897 cum
2044 855 2112 896 ex

471 925 724 1006 epistola
752 924 866 987 162
891 931 1023 1003 post
1064 921 1291 983 Pascha
1346 924 1564 1004 scripta
1623 925 2001 1005 perSpicitur,
2055 926 2112 985 in

470 1034 587 1096 qua
616 1013 871 1075 Basilius
903 1029 1071 1091 spem
1102 1010 1394 1071 invisendi
1448 1008 1691 1073 Eusebii
1718 1014 1911 1075 adhuc
1964 1015 2112 1075 reti-

471 1105 653 1166 nebat
684 1126 701 1178 ;
753 1112 877 1163 tum
902 1101 1079 1163 etiam
1113 1118 1182 1160 ex
1214 1104 1388 1180 epist.
1441 1101 1579 1181 198,
1622 1121 1778 1163 anno
1810 1103 1948 1183 375,
1987 1114 2116 1183 post

470 1186 697 1255 Pascha
721 1190 998 1253 similiter
1026 1188 1267 1267 scripta,
1301 1186 1363 1248 in
1390 1208 1504 1270 qua
1527 1190 1781 1252 Basilius
1818 1193 1948 1270 plus
1977 1211 2114 1273 qua-

469 1292 604 1345 tuor
635 1282 861 1343 litteras
888 1277 962 1340 ad
994 1275 1316 1341 Eusebium
1369 1278 1736 1342 exsulantem
1789 1282 2021 1343 misisse
2049 1301 2113 1343 se

472 1380 742 1447 testatur,
764 1367 1043 1450 quamvis
1068 1384 1133 1427 se
1165 1364 1419 1429 fateatur
1445 1387 1562 1430 non
1596 1388 1751 1449 saepe
1773 1370 2107 1450 scripsisse.

552 1466 704 1525 Dum
740 1461 801 1519 in
829 1455 1142 1520 Thraciam
1176 1456 1236 1518 S.
1277 1464 1495 1540 martyr
1514 1468 1681 1520 recta
1725 1460 1914 1521 tendit
1949 1461 2111 1541 (illuc

470 1554 629 1617 enim
664 1550 958 1628 relegatus
986 1554 1077 1606 est
1104 1564 1138 1606 a
1167 1542 1464 1620 Valente),
1520 1566 1627 1623 per
1684 1547 2112 1630 Cappadociam

468 1641 724 1713 transiit,
752 1646 1000 1717 ejusque
1019 1633 1333 1716 complexu
1356 1636 1578 1715 potitus
1600 1638 2110 1702 videtur-Basilius.

469 1731 617 1794 Nam
648 1730 708 1791 in
734 1725 990 1807 epistola
1024 1724 1134 1786 168
1165 1724 1241 1783 ad
1275 1723 1634 1786 Antiochum
1669 1736 1725 1789 et
1756 1728 1903 1790 alios
1927 1730 2111 1789 sancti

2198 849 2328 892 esse
2362 833 2869 911 perhonoriﬁcum
2905 836 3007 895 sit.
3059 838 3202 897 Haec
3254 836 3501 916 epistola
3545 842 3851 915 reperitur

2198 919 2373 982 etiam
2406 922 2560 1002 apud
2595 921 2972 1001 Gregorium,
3007 933 3217 1004 estque
3251 929 3403 986 inter
3434 926 3590 987 illius
3620 926 3847 1005 episto-

2199 1008 2284 1070 las
2314 1010 2725 1073 ducentesima
2752 1022 2979 1091 quarta.

2280 1097 2377 1160 [ν.
2413 1099 2581 1161 Circa
2616 1101 2725 1161 hoc
2762 1110 2995 1182 tempus
3052 1102 3283 1163 videtur
3326 1103 3671 1165 collocanda
3702 1103 3843 1185 Gly-

2198 1188 2697 1252 ceriihistoria.ls
2723 1191 3108 1253 monasticam
3136 1194 3398 1273 vitam(c)
3428 1194 3838 1273 profitebatur,

2198 1284 2257 1337 et
2285 1275 2579 1340 Venensis
2608 1278 2889 1341 Ecclesia:
2911 1281 3195 1341 diaconus
3218 1301 3253 1343 a
3282 1281 3342 1344 S.
3364 1282 3581 1343 Basilio
3604 1281 3844 1344 ordina—

2197 1373 2313 1445 tus,
2336 1375 2399 1427 ut
2429 1367 2779 1448 presbytero
2813 1369 3202 1451 ministraret,
3250 1380 3308 1432 et
3357 1391 3504 1451 opus
3556 1370 3845 1433 Ecclesia:

2197 1465 2432 1517 curaret
2449 1459 2595 1536 (non
2625 1458 2767 1519 laeve
2786 1458 2944 1519 enim
2978 1459 3250 1521 manibus
3275 1460 3686 1542 operabatur),
3715 1480 3842 1523 non

2199 1544 2374 1606 modo
2402 1563 2574 1626 opus,
2604 1545 2761 1627 quod
2796 1553 2849 1607 ei
2879 1550 3262 1610 commissum
3291 1559 3438 1625 erat,
3466 1553 3701 1632 penitus
3727 1571 3841 1613 ne-

2194 1633 2396 1713 glexit,
2433 1636 2539 1697 sed
2567 1636 2743 1697 etiam
2766 1639 2986 1699 coactis
3020 1638 3240 1718 privata
3271 1645 3624 1702 auctoritate
3652 1642 3841 1703 mise-

2196 1723 2279 1784 ris
2310 1724 2883 1805 virginibus,partim
2909 1745 3014 1787 sua
3040 1738 3254 1807 sponte
3273 1729 3343 1789 ad
3370 1748 3504 1791 eum
3523 1749 3843 1792 accurren-

468 1821 828 1883 confessoris
860 1812 1107 1874 comites
1130 1812 1372 1901 scripta,
1407 1814 1565 1893 quod
1598 1815 1672 1875 de
1696 1817 2111 1878 eorumcordi.
2137 1846 2172 1895 Β
2195 1811 2595 1894 tibus,partim
2629 1814 2831 1877 invitis
2864 1824 2921 1876 et
2937 1818 3619 1900 repugnantibus,ccepit
3641 1822 3839 1901 impe-

468 1911 579 1971 bus
608 1921 957 1989 persuasum
991 1900 1248 1962 habebat
1271 1902 1555 1975 Basilius,
1582 1903 1640 1965 id
1676 1925 1741 1966 se
1773 1906 1925 1967 facto
1959 1925 2110 1986 pau-

466 2000 649 2078 lisper
683 2011 889 2057 eorum
925 1989 1189 2071 periculo
1215 1993 1590 2070 perSpexisse
1615 1994 1898 2057 declarat.

546 2084 835 2165 Gregorio
871 2079 1236 2142 Nazianzeno
1270 2080 1478 2141 eadem
1513 2081 1765 2146 felicitas
1804 2105 1919 2146 non
1955 2085 2106 2145 obti-

463 2180 572 2260 git.
609 2177 694 2238 lta
725 2172 883 2235 enim
919 2167 1263 2249 aegrotabat,
1297 2178 1358 2230 ut
1391 2188 1458 2260 ex
1497 2173 1728 2234 sedibus
1764 2176 2109 2255 prospicere

467 2259 583 2329 non
612 2270 849 2346 posset;
887 2277 997 2318 nec
1030 2270 1225 2317 tamen
1254 2259 1523 2340 morbus,
1553 2266 1659 2321 etsi
1695 2266 2103 2339 gravissimus,

470 2368 583 2419 tam
622 2352 907 2415 molestus
961 2346 1047 2407 illi
1099 2356 1248 2423 erat,
1301 2367 1473 2426 quam
1509 2351 1667 2426 quod
1710 2354 1971 2415 Eusebio
2004 2374 2106 2414 ca-

463 2446 717 2509 rendum
751 2448 933 2501 esset.
984 2436 1301 2516 Postquam
1334 2436 1629 2500 Eusebius
1659 2442 1727 2500 ad
1780 2442 1975 2504 locum
2012 2462 2110 2505 ex-

465 2536 583 2599 silii
620 2528 910 2614 pervenit,
938 2527 1179 2606 scripsit
1216 2527 1289 2587 ad
1345 2546 1480 2588 eum
1537 2532 1859 2607 Gregorius
1892 2533 1977 2611 (a)
2040 2552 2105 2594 ac

462 2614 706 2704 rogavit,
737 2628 797 2680 ut
828 2615 980 2698 quod
1012 2634 1084 2676 ex
1115 2617 1245 2695 ejus
1270 2636 1595 2696 congressu
1626 2622 1696 2680 ad
1754 2623 1974 2683 animae
2005 2642 2102 2682 sa-

464 2717 651 2780 lutem
712 2704 997 2785 consequi
1044 2724 1162 2765 non
1205 2714 1500 2786 potuerat,
1547 2707 1610 2768 id
1661 2708 1774 2771 sibi
1827 2710 2105 2791 precibus

463 2803 621 2886 apud
654 2799 841 2861 Deum
876 2794 1223 2886 conciliaret
1258 2812 1502 2886 :ineque
1524 2799 1682 2883 enim
1716 2799 1823 2858 viri
1859 2810 1940 2860 tot
1973 2819 2107 2880 per-

464 2880 876 2958 secutionibus
910 2902 1015 2967 pro
1048 2885 1369 2963 Evangelio
1428 2880 1661 2967 probati
1710 2887 1908 2950 minus
1936 2908 2107 2969 ,βινο-

468 2988 643 3047 desSe
667 2977 819 3058 apud
840 2977 1028 3037 Deum
1064 2992 1298 3054 preces,
1323 2990 1502 3051 quam
1522 2976 1777 3057 alicujus
1799 2996 1865 3037 ex
1889 2985 2108 3038 sanctis

471 3068 821 3151 martyribus
845 3063 1265 3144 patrocinium.

2194 1904 2349 1965 rium
2377 1904 2571 1982 gregis
2601 1904 2715 1966 sibi
2739 1923 3042 1986 arrogare,
3068 1924 3138 1967 ac
3174 1910 3518 1986 patriarchae
3540 1928 3758 1971 nomen
3784 1922 3843 1971 et

2194 1989 2459 2053 habitum
2496 1993 2606 2053 sibi
2642 2012 2904 2069 sumere,
2945 1995 3084 2055 inde
3124 1997 3280 2056 velut
3313 2015 3381 2057 ex
3423 1998 3677 2073 quadam
3712 2011 3840 2062 arte

2195 2082 2411 2144 victum
2445 2082 2559 2143 sibi
2583 2102 3304 2164 comparanszparumque
3335 2086 3541 2169 abfuit,
3577 2089 3717 2168 quin
3746 2102 3837 2150 to-

2195 2179 2309 2231 tam
2342 2171 2667 2233 Ecclesiam
2692 2172 2937 2234 sedibus
2957 2173 3078 2234 suis
3110 2183 3530 2236 commoveret.
3562 2180 3705 2237 Nam
3728 2198 3839 2240 nec

2194 2260 2600 2341 presbyterum
2634 2279 2953 2337 suum,nec
2970 2263 3489 2345 chorepiscopum,
3527 2286 3635 2327 nec
3666 2268 3839 2329 Basi-

2191 2349 2333 2410 lium
2362 2350 2771 2432 reverebatur,
2802 2354 3223 2432 perpetuisque
3254 2358 3460 2416 urbem
3489 2357 3839 2419 tumultibus

2190 2458 2259 2501 ac
2272 2440 2611 2501 universum
2639 2442 2866 2502 clerum
2894 2442 3311 2521 permiscebat.
3331 2441 3599 2506 ll'audem
3623 2466 3657 2507 a
3678 2444 3842 2509 Basi-

2192 2528 2270 2589 lio
2304 2540 2360 2590 et
2387 2531 2817 2611 chorepiscopo
2851 2530 3063 2593 leviter
3120 2531 3314 2592 verbis
3361 2533 3735 2616 objurgatus,
3764 2555 3841 2599 ne

2190 2626 2563 2700 contemptor
2594 2620 2871 2683 evaderet
2906 2621 3063 2701 (nam
3092 2622 3346 2700 juvenes
3371 2622 3547 2685 etiam
3570 2625 3641 2685 ad
3666 2643 3840 2687 eam-

2189 2708 2323 2770 dem
2341 2709 2774 2770 contumaciam
2789 2710 3390 2791 exercebat),facinus
3404 2713 3723 2775 admodum
3739 2736 3841 2777 au-

2192 2799 2306 2860 dax
2334 2799 2794 2860 etinhumanum
2819 2799 3841 2885 excogitat;virgines,quotquotpo—

2194 2887 2321 2963 tuit,
2360 2905 2465 2968 per
2485 2887 2862 2965 sacrilegium
2888 2889 3392 2969 praadatusmocte
3410 2891 3839 2970 observata,fu-

2191 2994 2321 3056 gam
2355 2976 2743 3058 capessit.Rei
2777 2978 3109 3039 molestiam
3136 2986 3194 3040 et
3216 2979 3497 3043 facinoris
3516 2984 3837 3064 nequitiam

2191 3074 2424 3146 tempus
2454 3065 2727 3147 augebat.
2755 3065 2923 3129 Tunc
2948 3067 3106 3129 enim
3132 3071 3217 3145 (cl)
3239 3071 3326 3131 ibi
3344 3071 3836 3136 Izabebaturcon-

548 3153 877 3234 Rescripsit
898 3151 1517 3257 EusebiusnGregorio,
1540 3173 1801 3235 eumque
1820 3153 1893 3215 de
1925 3154 2104 3216 rebus
2125 3192 2165 3257 σε
2190 3162 2425 3257 uentus,
2452 3164 2636 3257 atque
2656 3157 2873 3257 ingens
2882 3159 3313 3257 undecunque,
3340 3169 3408 3222 ut
3423 3178 3541 3257 par
3558 3168 3665 3243 est,
3690 3180 3839 3226 con-

469 3257 591 3315 suis
630 3245 945 3307 certiorem
987 3241 1144 3300 fecit.
1183 3238 1378 3310 Quare
1405 3259 1539 3303 cum
1566 3244 1899 3324 Eupraxius
1933 3245 2106 3325 paulo
2185 3242 2412 3325 ﬂuebat
2436 3245 2778 3309 multitudo.
2820 3246 2931 3309 Ille
2952 3255 3149 3309 autem
3172 3238 3438 3311 uicissim
3456 3238 3707 3315 chorum
3729 3272 3840 3316 su-

469 3347 601 3423 post
622 3354 726 3416 per
746 3329 1181 3423 Cappadociam
1208 3332 1507 3423 transiens
1528 3333 1603 3423 ad
1627 3332 1955 3395 Eusebium
1975 3353 2106 3397 sese
2187 3350 2291 3395 um
2316 3335 2685 3415 introduxit,
2700 3336 2957 3414 juvenes
2979 3346 3349 3420 sequentem,
3374 3357 3447 3401 ac
3476 3338 3839 3423 tripudian-

468 3418 921 3502 conferret,tum
938 3431 1001 3478 ut
1025 3418 1439 3511 illiusvidendi
1460 3420 1822 3483 desiderium
1838 3423 2101 3501 satiaret,
2188 3429 2328 3501 tem,
2351 3442 2421 3485 ac
2446 3423 2791 3504 plurimum
2824 3425 3083 3505 quidem
3117 3418 3390 3489 tristitiae
3408 3430 3529 3509 piis
3559 3418 3838 3511 ἀπένθη-

469 3533 589 3583 tum
624 3525 685 3576 ut
714 3510 914 3573 debita
948 3508 1084 3600 huic
1104 3511 1357 3600 tempori
1381 3510 1578 3574 officia
1600 3512 1943 3590 exhiberet;
1964 3517 2105 3580 Gre-
2189 3519 2331 3588 tem,
2360 3512 2691 3593 plurimum
2707 3521 2909 3576 autem
2936 3516 3097 3576 risus
3119 3514 3360 3579 lascivis
3382 3525 3435 3580 et
3454 3508 3667 3599 lingua
3684 3538 3838 3600 pro-

467 3610 664 3691 gorius
689 3605 840 3664 hanc
865 3599 1168 3660 scribendi
1201 3608 1258 3691 et
1279 3601 1598 3691 gratiarum
1624 3606 1984 3683 agendarum
2009 3625 2106 3671 oc-
2186 3602 2450 3666 cacibus.
2484 3603 2693 3683 Neque
2722 3604 2820 3665 Itis
2846 3611 3159 3666 contentus
3185 3607 3332 3683 fuit,
3369 3613 3485 3670 etsi
3515 3616 3638 3671 tam
3670 3599 3838 3674 atro-

467 3689 765 3762 casionem
800 3709 918 3750 non
940 3689 1490 3770 praetermisitﬂzec
1512 3693 1669 3754 enim
1693 3697 2104 3777 epistola,quat
2185 3691 2355 3755 cibus
2383 3699 2441 3755 et
2464 3691 2782 3785 horrendis
2814 3693 2954 3773 ;sed
2983 3696 3164 3756 etiam
3185 3705 3466 3775 parentes
3492 3701 3833 3785 virginum,

466 3788 733 3853 estinter
761 3780 1086 3843 Basilianas
1110 3780 1248 3859 466,
1272 3780 1427 3860 apud
1454 3783 1807 3861 Gregorium
1832 3807 1967 3851 vero
1993 3789 2101 3849 tri-
2185 3783 2501 3845 orbitatem
2531 3800 2653 3843 non
2683 3783 2962 3861 ferentes,
2996 3792 3181 3863 atque
3212 3786 3544 3867 dispersam
3595 3780 3836 3853 turbam

466 3880 714 3954 cesima,
748 3870 981 3931 videtur
1026 3869 1424 3949 adjudicanda
1473 3872 1785 3949 Gregorio.
1838 3876 2101 3957 Gregorii
2185 3873 2468 3937 reducere
2486 3875 2819 3953 cupientes,
2863 3881 2917 3935 et
2948 3874 3029 3936 ad
3061 3875 3329 3945 ﬁliarum
3365 3897 3617 3941 suarum
3646 3882 3836 3960 pedes

465 3969 676 4049 stylum
713 3960 896 4038 magis
927 3960 1206 4020 redolent
1238 3960 1364 4019 haec
1393 3960 1679 4051 orationis
1712 3976 2101 4029 ornamenta:
2186 3979 2321 4023 cum
2351 3964 2696 4042 gemitibus,
2730 3970 2796 4025 ut
2826 3972 3295 4027 consentaneum
3318 3976 3427 4046 est,
3464 3969 3835 4051 accidentes,

463 4048 554 4123 Αέ
575 4054 851 4137 patrium
898 4049 1137 4128 quidem
1175 4048 1369 4110 solum
1420 4050 1639 4111 habent
1665 4054 1801 4129 alii,
1833 4075 2108 4119 ηοευενο
2187 4052 2587 4114 admirandus
2613 4053 2855 4130 iuvenis
2881 4070 3015 4113 cum
3050 4054 3425 4133 praedatoria
3472 4076 3583 4120 sua
3642 4048 3837 4122 manu

463 4161 786 4227 supernam
814 4140 1115 4201 civitatem
1145 4158 1157 4200 :
1191 4140 1307 4198 alii
1348 4145 1621 4200 nostrum
1652 4144 1904 4220 fortasse
1940 4147 2105 4207 thro-
2187 4140 2568 4203 contumeliis
2596 4148 2775 4221 atque
2798 4143 3136 4223 ignominia
3157 4144 3385 4223 alfecit.

463 4226 637 4310 num,
664 4250 771 4295 nos
804 4227 1136 4291 Christum.
1169 4226 1530 4307 Oprazclara
1566 4234 1929 4309 negotiatio!
1961 4254 2105 4314 quu-
2268 4229 2410 4292 Cum
2435 4228 2739 4311 Glycerius
2778 4228 3124 4292 bazianzum
3146 4232 3553 4296 venissetcum
3573 4236 3682 4302 hoc
3704 4239 3831 4299 vir-

465 4332 555 4391 lia
606 4322 1097 4400 contempsimus,
1151 4317 1359 4397 qualia
1406 4317 1627 4380 lucrati
1664 4326 1912 4385 sumus!
1978 4322 2105 4385 Huc
2187 4320 2385 4400 ginum
2419 4338 2619 4399 grege,
2642 4319 3053 4399 collegithanc
3075 4322 3829 4405 captivitatemGregorius,

462 4414 696 4481 accedit
726 4410 885 4491 quod
920 4409 1044 4469 haec
1076 4407 1329 4488 epistola
1355 4407 1413 4467 in
1440 4409 1720 4470 omnibus
1748 4414 1967 4473 nostris
1996 4433 2102 4474 co-
2185 4429 2254 4471 ac
2295 4428 2613 4471 commune
2657 4410 2919 4471 dedecus
2963 4420 3281 4491 contegere
3333 4424 3579 4477 conatus
3614 4425 3725 4481 est.
3764 4416 3831 4479 ld

461 4506 693 4570 ilicibus
722 4519 864 4562 mss.
897 4498 1278 4559 desideratur
1312 4507 1555 4576 excepto
1590 4498 1974 4564 Coisliniano.

539 4592 848 4657 Tribuitur
873 4592 1049 4649 etiam
1083 4585 1372 4666 Gregorio
1402 4604 1661 4666 sequens
1678 4589 1747 4649 ad
1774 4590 2100 4652 Eusebium

463 4684 715 4767 epistola
751 4682 861 4760 (ὁ),
885 4697 1015 4760 quae
1037 4676 1256 4757 pariter
1275 4677 1333 4736 in
1358 4677 1485 4767 solo
1506 4676 1718 4756 legitur
1740 4678 2100 4767 Coisliniano

463 4764 693 4838 codice.
719 4769 1028 4832 Existimat
1059 4774 1258 4828 tamen
1283 4765 1693 4828 Tillemontius
1726 4764 1943 4830 Basilio
1969 4789 2099 4831 me-

464 4864 578 4925 lius
604 4859 924 4922 convenire
941 4856 1384 4941 excusationem
1397 4874 1537 4935 ,qua
1553 4856 1735 4937 utitur
1754 4868 1962 4919 auctor
1977 4858 2099 4938 epi-

461 4951 647 5024 stolae,
680 4967 786 5011 cur
815 4947 887 5007 ad
917 4946 1239 5008 Eusebium
1262 4962 1378 5006 non
1405 4944 1836 5021 proficiscatur,
1856 4957 1918 5009 ut
1938 4944 2010 5008 ab
2030 4966 2099 5009 eo

460 5032 758 5125 patientia:
783 5038 841 5125 in
864 5044 1147 5125 aerumnis,
1173 5034 1521 5125 exemplum
1540 5034 1757 5125 capiat.
1810 5035 1911 5125 ᾼίι
1938 5037 2094 5098 enim

457 5114 522 5194 se
556 5114 842 5191 molestiis
865 5135 927 5187 et
957 5124 1209 5205 negotiis
1228 5114 1647 5188 detineri.'Sed
1667 5140 1787 5189 sum
1808 5124 2096 5205 Gregorio

459 5218 747 5293 molestiae
772 5232 878 5278 cur
909 5213 1210 5295 defuerint
1233 5233 1352 5295 non
1374 5210 1588 5295 video.
1632 5212 1806 5295 .Gerte
1861 5214 2097 5295 negotia

457 5282 670 5374 deesse
700 5289 820 5369 non
854 5311 1130 5384 poterant
1148 5282 1473 5385 Ecclesiam
1488 5284 1489 5287 η
1503 5286 1931 5369 Nuianzenam
1941 5282 2097 5385 'post

458 5373 712 5463 mortem
735 5373 920 5477 patriis
937 5373 1571 5471 gubernantiﬂtrique
1588 5391 1811 5473 optime
1827 5373 2097 5473 congruit

536 5570 619 5733 Et}
644 5566 763 5731 ἓξὲξ
788 5566 935 5712 iis.

2186 4497 2289 4559 ubi
2318 4498 2557 4560 rescivit
2586 4499 3081 4575 Basilius,scribit
3104 4502 3414 4584 Gregorio,
3450 4523 3574 4566 rem
3601 4516 3830 4585 gestam

2127 4564 2166 4613 θ
2186 4598 2384 4650 narrat
2414 4589 2647 4666 ordine,
2683 4609 2751 4651 ac
2780 4596 2946 4670 rogat
2968 4608 3043 4651 ne
3078 4590 3202 4652 haec
3224 4564 3587 4655 “tolerabilia
3601 4564 3826 4657 oexisti-

2186 4686 2328 4753 met,
2360 4677 2464 4739 sed
2494 4677 2554 4739 in
2587 4678 2797 4758 primis
2821 4678 3030 4759 jubeat
3050 4679 3393 4761 Glycerium
3418 4701 3550 4745 cum
3576 4684 3829 4765 virgini-

2183 4766 2294 4829 bus
2315 4765 2682 4829 redire:eum
2718 4768 2877 4830 enim
2927 4769 3402 4833 misericordiam
3459 4772 3743 4851 aliquam,
3780 4778 3829 4837 si

2182 4875 2317 4945 cum
2341 4857 2613 4933 Gregorii
2649 4855 2858 4920 litteris
2876 4856 3755 4945 redeat,sperare,posse.Quod
3777 4868 3829 4929 si

2182 4944 2234 5007 is
2259 4945 2457 5009 redire
2481 4945 2653 5027 nolit,
2699 4946 2908 5009 saltem
2942 4938 3214 5036 virgines
3232 4940 3304 5011 ad
3328 4938 3655 5031 Ecclesiam
3689 4974 3829 5017 ma-

2182 5040 2329 5097 trem
2348 5036 2920 5109 remittattt‘urﬂuod
2954 5037 3005 5115 si
3034 5038 3147 5119 hoc
3172 5039 3299 5101 ﬁeri
3323 5042 3629 5121 nequit,at
3661 5054 3830 5106 certe

2177 5124 2239 5185 in
2261 5144 2361 5209 eas
2380 5146 2517 5206 quae
2530 5126 2732 5211 redire
2752 5126 2985 5211 volunt,
3003 5128 3378 5208 tyrannidem
3405 5132 3827 5198 exerceriGre-

2175 5214 2380 5301 genus
2397 5228 2514 5279 non
2539 5210 3057 5301 patiatur.Alioqui
3078 5216 3270 5281 Deum
3282 5227 3343 5283 et
3356 5217 3827 5285 hominestesta—

2178 5302 2544 5399 turBasilins
2564 5305 2954 5399 haecminime
2976 5312 3141 5399 recte
3172 5307 3549 5399 uergneque
3571 5330 3643 5375 ex
3665 5313 3824 5393 legi-

2177 5390 2292 5457 bus
2304 5382 2889 5479 Ecclesiawtyceﬁo
2913 5380 3381 5478 cuin'dlsciplliia
3394 5380 3823 5483 'et’cong‘ruehti

2260 5567 2343 5711 Et},
2363 5564 2475 5709 ἓν.
2504 5563 2647 5629 470.

2422 5666 2480 5711 n.
2516 5644 2647 5709 169.

2260 5644 2343 5729 (ἀ)
2370 5644 2480 5729 E‘p.
2516 5644 2654 5709 169.

2642 5788 2649 5797 ο
