4058 6200
493 327 734 378 curm
1858 301 2447 373 PHOLEMMENA‘.

499 444 705 527 praelia
720 461 857 527 cum
880 445 1142 527 veritatis
1161 439 1951 527 hostibusldotinuerunua)
1969 439 2133 527 Co_n-
2154 445 2192 496 Α
2215 436 2484 527 sepultus
2504 436 2762 527 dicitur.
2776 434 3119 527 Simplicius
3143 434 3327 527 multo
3341 451 3411 527 ac
3422 433 3620 527 verius
3642 434 3878 502 [Ἰαω-

502 519 681 587 iinuaa
702 525 880 588 etiam
894 541 963 587 ac
977 522 1977 602 vehementesfebresilliuscorpus
1991 519 2138 581 adeo
2223 525 2333 586 dus
2356 534 2413 587 et
2443 526 2570 588 Ado
2602 525 2664 591 S.
2696 525 3045 606 Dionysium
3072 524 3134 584 in
3166 523 3537 604 Cappadocia
3567 531 3876 585 mortuum

502 624 1024 695 consumpserunt,
1053 626 1118 677 ut
1137 614 1328 677 visum
1359 613 1433 675 sil
1464 611 1685 693 aliquid
1718 612 1845 691 ipso
1880 609 2135 687 tenuius,
2224 632 2354 677 esse
2385 616 2645 689 tradunt,
2681 617 2932 696 ejusque
2962 630 3183 694 corpus
3234 612 3555 675 Ambrosio
3582 610 3883 675 Basiliam

500 704 631 784 ipse
654 723 868 786 nempe
890 704 1466 768 Basilius.Praaterea
1487 710 1904 782 quartanarum
1927 716 2137 759 acces-
2220 704 2574 767 reddidisse.
2603 704 2764 767 Utris
2796 703 3199 765 monumentis
3224 703 3371 765 ﬁdes
3400 703 3470 764 ad
3483 702 3742 767 hibenda
3774 703 3876 777 sit,

501 812 602 855 sus
627 794 781 857 ultra
811 793 1018 874 viginti
1043 794 1200 855 vices
1224 792 1637 875 perstiterunt.
1665 788 1950 852 Febribus
1981 788 2137 848 libe-

499 890 688 961 ratus,
725 884 805 945 ita
835 884 1053 946 debilis
1092 893 1239 960 erat,
1274 892 1337 943 ut
1376 880 1524 943 nihil
1557 880 1629 942 ab
1652 897 1869 942 aranea
1900 877 2140 938 diﬂ‘erre

498 974 824 1037 videretur.
853 973 1054 1053 Itaque
1082 993 1218 1035 cum
1272 991 1406 1034 eum
1466 970 1730 1031 Meletius
1784 967 2048 1029 medicus
2080 967 2139 1025 in

499 1082 665 1125 suam
718 1063 1098 1126 solitudinem
1149 1063 1477 1141 invitasset,
1515 1078 1633 1120 non
1666 1058 1854 1138 potuit
1890 1056 2000 1116 hoc
2031 1055 2142 1116 iter

499 1152 1167 1234 suscipere,quemlibet
1196 1170 1358 1213 aurae
1384 1149 1702 1230 impulsum
1719 1145 2134 1221 reformidans,

499 1242 604 1302 sed
638 1242 855 1304 iterum
886 1261 948 1304 se
970 1261 1152 1304 verno
1183 1250 1450 1321 tempore
1477 1237 1769 1320 promisit,
1793 1235 1967 1296 modo
2000 1253 2134 1296 eum

498 1330 658 1392 Deus
685 1351 894 1412 magna
924 1350 1031 1393 sua
1064 1350 1240 1392 manu
1271 1339 1531 1392 sanaret.

582 1420 799 1483 Incidit
827 1422 884 1482 in
904 1421 1065 1483 hunc
1092 1419 1361 1482 morbum
1386 1428 1523 1481 ante
1556 1418 1818 1493 Pascha;
1844 1416 2137 1499 siquidem

500 1510 654 1573 liber
672 1531 704 1573 a
726 1510 990 1573 febribus
1024 1529 1265 1572 vernum
1291 1518 1522 1588 tempus
1549 1506 1945 1587 exspectabat.
1974 1504 2136 1578 Quod

2224 793 2527 873 ambigere
2576 803 2732 856 vetat
2784 794 3032 873 epistola
3084 792 3288 855 Basilii
3336 792 3409 855 ad
3454 791 3875 865 Ambrosium,

2223 903 2395 965 quam
2432 885 2490 944 in
2520 884 2650 947 aliis
2673 884 2980 945 codicibus
2998 902 3143 944 mss.
3170 890 3228 943 et
3250 882 3426 943 editis
3450 881 3674 961 insigni
3699 887 3875 962 parte

2225 981 2580 1049 truncatam,
2617 974 2676 1033 in
2711 970 3110 1033 vetustissimo
3145 972 3351 1034 codice
3381 970 3685 1035 Harlaaano
3721 972 3874 1035 inte-

2224 1080 2385 1142 gram
2425 1062 2849 1141 percommode
2878 1061 3241 1142 reperimus.

2306 1152 2737 1220 (blAmbrosius
2752 1151 2906 1210 inter
2921 1152 3143 1230 primas
3158 1151 3535 1231 episcopatus
3547 1148 3873 1213 suisollici-

2225 1241 2464 1302 tudines
2482 1240 2537 1301 id
2564 1257 2723 1303 curae
2740 1239 3037 1319 babuit,ut
3059 1258 3274 1320 corpus
3293 1239 3447 1301 beati
3471 1239 3874 1320 Dionysii,qui

2222 1329 2283 1390 in
2317 1330 2686 1410 Cappadocia
2717 1328 3371 1409 obierat,llediolanum
3404 1329 3744 1391 reduceret.
3773 1333 3875 1391 Mi-

2224 1420 2298 1480 sit
2330 1438 2468 1498 ergo
2504 1437 2535 1480 e
2567 1419 2726 1481 clero
2771 1436 2877 1479 suo
2904 1419 3157 1480 selectos
3199 1418 3358 1479 viros
3388 1437 3521 1479 cum
3554 1418 3770 1479 litteris
3801 1416 3877 1479 ad

2228 1509 2530 1585 Basilium,
2559 1528 2734 1589 quem
2761 1508 3005 1586 rogabat
3038 1518 3101 1570 ut
3130 1508 3242 1570 sibi
3265 1508 3322 1569 in
3358 1508 3469 1570 hoc
3499 1507 3750 1568 consilio
3772 1507 3875 1568 ad-

499 1600 627 1661 siin
648 1600 823 1680 epist.
857 1600 971 1663 198
994 1599 1246 1661 febrium
1281 1598 1662 1660 acerbitatem
1688 1604 2135 1665 commemorat,
2217 1599 2380 1677 jutor
2397 1598 3061 1661 esset.Mediolanenses
3092 1598 3298 1660 clerici
3319 1598 3555 1659 laudem
3583 1597 3871 1658 toticlero

498 1688 590 1750 vel
622 1690 696 1751 de
726 1690 1044 1770 praeteritis
1076 1688 1344 1750 febribus
1369 1688 1426 1749 id
1452 1685 1906 1764 intelligendum
1930 1683 2139 1758 est,vel

499 1778 573 1839 de
605 1780 812 1841 morbo
838 1777 1663 1842 recrudescente.Recruduit
1684 1776 1841 1837 enim
1869 1773 2136 1838 morbus:

2223 1686 2655 1749 Mediolanensi
2682 1688 3075 1748 conciliarunt
3101 1707 3330 1748 morum
3353 1705 3595 1748 suorum
3608 1688 3866 1765 gravita-

2223 1784 2371 1838 te:et
2393 1795 2526 1839 cum
2547 1778 2741 1838 adhuc
2755 1778 2984 1838 saeviret
3001 1778 3193 1838 hiems
3210 1777 3269 1837 in
3284 1774 3871 1856 Cappadocia,libeu-

500 1867 659 1929 unde
679 1869 757 1929 ait
779 1868 840 1929 in
858 1867 1106 1949 epistola
1128 1868 1280 1931 200:
1304 1866 1507 1930 Morbi
1522 1883 1617 1928 me
1639 1882 1716 1927 ex
1734 1862 1963 1925 morbis
1983 1864 2141 1924 exci-
2167 1856 2201 1905 Β
2227 1875 2317 1927 ter
2336 1868 2447 1928 hoc
2476 1867 2924 1928 incommodum
2948 1867 3417 1947 pertulerunt,ut
3439 1865 3716 1927 mandata
3739 1866 3871 1945 epi-

494 1959 697 2037 piunt.

580 2047 850 2110 Morbum
870 2066 1039 2110 suum
1061 2046 1271 2109 eodem
1289 2044 1463 2107 modo
1486 2044 1712 2106 indicat
1731 2047 1786 2105 in
1808 2043 2055 2121 epistola
2068 2041 2140 2102 ad

498 2136 753 2210 Zoilum,
780 2157 908 2219 quae
935 2137 1184 2219 proinde
1225 2137 1297 2197 ad
1330 2135 1492 2197 idem
1527 2143 1765 2211 tempus
1799 2130 2137 2193 referenda.

498 2226 779 2290 Eruditus
810 2228 911 2290 ille
942 2228 1030 2290 vir
1058 2245 1125 2289 ac
1152 2226 1434 2299 disertus,
1471 2244 1602 2285 cum
1636 2224 1719 2286 sic
1750 2221 1824 2283 ad
1854 2220 2135 2282 Basilium

497 2317 855 2398 scripsisset,
884 2324 949 2380 ut
970 2318 1127 2378 velut
1149 2317 1207 2378 in
1228 2314 1546 2379 audaciore
1571 2313 1825 2390 quodam
1847 2311 1998 2373 facto
2031 2327 2135 2370 ve-

500 2406 659 2467 niam
685 2414 936 2489 peteret,
960 2410 1226 2469 hortatur
1248 2425 1382 2467 eum
1408 2403 1691 2480 Basilius,
1716 2411 1779 2464 ut
1800 2402 1869 2462 ad
1897 2417 2136 2462 omnem

498 2497 869 2559 occasionem
891 2497 1113 2559 scribat
1138 2496 1425 2573 ;libenter
1449 2495 1604 2555 enim
1623 2493 1917 2555 lecturum
1946 2509 2009 2551 se
2033 2489 2139 2551 viri

501 2587 842 2663 eloquentis
873 2587 1121 2659 litteras,
1158 2594 1215 2648 et
1260 2604 1392 2647 cum
1426 2606 1459 2648 a
1513 2583 1815 2664 Scriptura
1867 2580 2139 2641 didicerit

502 2686 785 2757 quantum
818 2677 894 2737 sit
927 2676 1233 2738 charitatis
1282 2676 1530 2753 bonum,
1563 2672 1976 2735 suavissimum
2030 2667 2140 2757 sibi

499 2756 627 2827 fore
658 2765 920 2828 hominis
940 2765 1193 2828 amantis
1221 2765 1609 2842 colloquium.
1637 2760 1917 2841 Ejusdem
1950 2756 2141 2817 morbi

502 2862 658 2915 notae
678 2853 1072 2917 observantur
1104 2863 1225 2915 tum
1260 2854 1319 2914 in
1352 2853 1600 2934 epistola
1629 2852 1699 2912 ad
1731 2849 2138 2930 Euphronium

496 2942 759 3005 Coloniae
788 2945 1160 3025 episcopum,
1188 2944 1245 3003 in
1281 2962 1395 3023 qua
1418 2942 1561 3003 dicit
1584 2940 1767 3001 videri
1786 2956 1850 2999 se
1872 2934 2141 2998 adhucin

497 3040 657 3094 terra
674 3035 1054 3111 versari,tum
1080 3034 1138 3094 in
1158 3034 1270 3095 alia
1290 3033 1362 3093 ad
1393 3032 1720 3109 Aburgium
1736 3046 1933 3109 ,quem
1955 3034 2136 3105 optat,

500 3130 565 3185 ut
598 3122 913 3202 aliquando
938 3123 997 3185 in
1031 3123 1218 3203 patria
1243 3122 1444 3183 videre
1472 3120 1679 3200 possit,
1708 3119 1845 3178 dum
1880 3117 1939 3177 in
1966 3114 2139 3176 terris

2223 1956 2385 2035 scopi
2411 1960 2500 2015 sui
2525 1956 3074 2037 adimplerent.Sed
3096 1956 3513 2018 difﬁcillimum
3540 1955 3646 2015 fuit
3670 1954 3872 2017 fideli-

2224 2045 2333 2106 bus
2356 2046 2518 2107 illius
2540 2046 2676 2115 loci.
2706 2046 2805 2108 ubi
2841 2047 3108 2126 sepultus
3133 2056 3261 2107 erat
3281 2044 3345 2107 S.
3371 2045 3708 2125 Dionysius,
3736 2062 3873 2125 per-

2224 2136 2568 2216 suadere,ut
2589 2146 2817 2217 patrem
2846 2145 2906 2197 et
2929 2145 3239 2216 patronum
3267 2154 3437 2197 suum
3457 2134 3872 2209 cederent,cui

2225 2227 2496 2305 martyris
2520 2227 2783 2288 honores
2808 2225 3177 2296 deferebant,
3207 2242 3505 2306 quemque
3528 2223 3868 2304 praesidium

2223 2314 2389 2376 urbis
2410 2334 2531 2376 suae
2554 2334 2686 2377 esse
2710 2314 3157 2379 ducebant.Sed
3174 2324 3369 2376 tamen
3385 2331 3487 2375 eos
3509 2312 3675 2374 ﬂexit
3696 2312 3872 2375 cleri-

2224 2422 2426 2465 corum
2450 2404 2980 2467 Mediolanensium
3014 2405 3196 2467 animi
3219 2401 3556 2465 firmitaan
3579 2422 3701 2483 quo
3724 2402 3864 2480 qui-

2225 2494 2359 2556 dem
2393 2496 2707 2574 perutilem
2733 2496 2820 2557 eis
2840 2514 3081 2576 operam
3112 2495 3337 2556 uavavit
3373 2492 3701 2555 Therasius
3728 2511 3861 2572 pre-

2222 2584 2420 2664 sbyter
2438 2585 2839 2657 Caesariensis,
2853 2604 3029 2663 quem
3047 2585 3300 2647 Basilius
3315 2586 3400 2645 eis
3416 2583 3643 2645 socium
3656 2583 3865 2662 adjun-

2221 2681 2410 2737 xerat.
2445 2674 2500 2736 Is
2521 2673 2721 2736 labore
2748 2676 2980 2736 itineris
3004 2682 3213 2755 sponte
3235 2680 3512 2752 suscepto
3535 2672 3863 2733 vehemem

2225 2763 2436 2825 tiorem
2458 2764 2721 2825 fidelium
2749 2764 2863 2826 loci
2886 2764 3046 2826 illius
3079 2767 3364 2843 impetum
3389 2762 3784 2843 compressit:
3812 2770 3869 2823 et

2225 2872 2359 2914 cum
2383 2854 2740 2915 reluctantes
2769 2855 3039 2916 oratione
3064 2873 3170 2915 sua
3192 2853 3478 2931 ﬂexisset,
3508 2870 3709 2912 coram
3733 2869 3866 2931 pre-

2225 2943 3132 3024 sbyteris,diacouis,multisque
3153 2942 3285 3004 aliis
3309 2942 3496 3003 Deum
3517 2942 3865 3003 timentibus

2224 3031 2482 3092 sublatas
2502 3052 2635 3092 cum
2671 3032 2869 3093 debita
2893 3032 3227 3094 reverentia
3266 3031 3548 3111 reliquias
3579 3029 3858 3092 Mediola-

2225 3120 2505 3181 nensibus
2555 3124 2831 3202 servavit,
2869 3142 3016 3199 quas
3058 3123 3159 3202 qui
3206 3130 3376 3183 antea
3428 3120 3859 3194 custodiebant,

498 3218 785 3285 versatur,
822 3220 998 3290 atque
1029 3228 1230 3271 aerem
1265 3210 1468 3284 ducit;
1498 3210 1555 3269 in
1582 3211 1692 3270 hoc
1728 3207 1885 3267 enim
1915 3212 2137 3266 tantum
2162 3219 2199 3268 C
2226 3228 2343 3270 non
2376 3210 2505 3270 sine
2534 3210 2806 3292 lacrymis
2844 3212 3142 3291 prosecuti
3176 3220 3336 3286 sunt,
3371 3210 3474 3270 sed
3502 3218 3701 3271 tamen
3726 3210 3858 3271 alio-

498 3299 841 3378 participem
877 3318 941 3360 se
971 3318 1100 3360 esse
1133 3299 1284 3373 vitae,
1319 3300 1474 3379 quod
1509 3297 1785 3377 respiret.
2218 3316 2349 3360 rum
2383 3299 2657 3377 gaudium
2700 3319 2821 3360 sua)
2853 3300 3244 3361 consolationi
3287 3298 3705 3380 praetulerunt.

578 3387 722 3450 Cum
770 3387 1041 3464 Colonia,
1078 3388 1174 3449 cui
1222 3393 1476 3466 praeerat
1518 3386 1916 3467 Euphronius,
1952 3402 1984 3446 ξι
2029 3385 2138 3444 viis
2300 3390 2399 3451 Sic
2448 3389 2629 3450 rebus
2663 3409 2730 3450 ex
2764 3391 3059 3451 sententia
3102 3390 3390 3451 confectis
3421 3388 3736 3451 Ambrosio
3767 3406 3860 3449 re-

499 3475 750 3556 publicis
780 3478 1048 3551 distaret,
1085 3477 1336 3538 Basilius
1367 3496 1503 3538 raro
1533 3477 1605 3538 ad
1634 3495 1767 3537 eum
1808 3474 2129 3538 scribebat.
2222 3477 2758 3559 scripsitBasilius,
2786 3496 2850 3539 se
2876 3479 3032 3539 inter
3048 3497 3264 3558 magna
3283 3478 3389 3539 Dei
3412 3478 3569 3539 dona
3590 3494 3859 3539 numera.

498 3567 763 3645 quamvis
797 3585 952 3647 saepe
973 3567 1043 3628 ad
1072 3566 1217 3628 alios
1246 3566 1541 3628 Armeniae
1568 3567 1883 3647 episcopos
1917 3563 2136 3626 scribe—
2219 3567 2470 3644 re,quod
2494 3587 2626 3628 eum
2644 3567 3595 3647 cognoverit,etinternihominis
3610 3567 3863 3647 pulchri.

496 3664 609 3735 ret,
644 3658 782 3736 quia
815 3664 1111 3718 neminem
1146 3658 1407 3717 futurum
1444 3657 1740 3737 sperabat,
1775 3655 1879 3733 qui
1910 3655 2136 3717 litteras
2220 3658 2485 3720 tudinem
2512 3677 2579 3718 ex
2602 3658 2809 3719 litteris
2831 3661 3424 3739 perSpexerit.Deum
3448 3656 3863 3737 glorificat,qui

497 3763 632 3807 suas
657 3747 965 3809 Coloniam
1001 3746 1310 3827 perferret.
1341 3744 1455 3808 Sed
1483 3765 1613 3807 cum
1649 3758 1791 3806 tunc
1822 3744 2139 3805 haberetur
2221 3765 2355 3809 eum
2394 3766 2425 3806 e
2444 3746 2748 3825 judicibus
2778 3756 2951 3808 terrae
2981 3756 3055 3809 ad
3085 3748 3431 3811 cathedram
3463 3748 3862 3827 apostolorum

497 3835 816 3897 concilium
842 3835 1078 3916 aliquod
1106 3835 1165 3895 in
1190 3834 1491 3907 Armenia,
1517 3836 1673 3916 quod
1700 3834 1937 3913 quidem
1965 3835 2136 3914 paulo
2224 3836 2575 3897 mirabiliter
2598 3837 3211 3899 transtulitﬂortatur
3236 3846 3298 3899 ut
3317 3837 3539 3899 bonum
3567 3844 3863 3898 certamen

497 3933 629 4004 post
657 3923 883 3986 Pascha
913 3926 1147 3986 videtur
1167 3926 1485 4003 contigisse
1519 3946 1533 4001 ;
1560 3924 1810 3988 Basilius
1827 3924 2136 4003 autipsum
2224 3934 2434 4005 certet,
2472 3934 2527 3986 et
2559 3937 2794 4005 patrum
2834 3934 3078 3990 renovet
3133 3926 3389 4003 vestigia
3416 3934 3474 3987 et
3520 3944 3677 4007 saepe
3708 3925 3778 3986 ad
3805 3942 3863 3984 se

493 4013 899 4094 Euphronium
925 4033 1172 4093 sperans
1188 4014 1659 4094 adfuturum,aut
1677 4014 1886 4075 saltem
1915 4012 2141 4092 episco-
2224 4014 2465 4077 scribat.
2492 4014 2702 4076 Narrat
2729 4017 3026 4096 quomodo
3049 4035 3266 4096 corpus
3288 4016 3446 4077 beati
3474 4014 3741 4095 Dionysii
3765 4014 3862 4073 im-

499 4123 603 4185 pos
635 4103 848 4185 quibus
880 4103 1200 4173 scribebat,
1238 4123 1477 4184 operam
1515 4106 1756 4166 daturos
1787 4113 1850 4163 ut
1872 4121 1977 4163 sua
2008 4120 2139 4183 per-
2227 4114 2517 4185 petratum
2552 4105 2728 4166 fuerit
2759 4126 2791 4166 a
2834 4106 3113 4167 ﬁdelibus
3144 4106 3303 4168 illius
3334 4106 3471 4179 loci,
3507 4105 3567 4165 in
3601 4124 3717 4184 quo
3768 4120 3862 4165 re—

500 4194 753 4255 ferretur
776 4193 1047 4273 epistola,
1070 4194 1224 4255 hanc
1252 4193 1412 4255 illius
1436 4193 1727 4255 salutandi
1763 4192 2136 4254 occasionem
2227 4195 2883 4275 quiescebat.Declarat
2906 4197 3135 4258 nullum
3153 4214 3286 4258 esse
3299 4194 3861 4275 ambigendilocum:

500 4301 617 4344 non
653 4283 1058 4363 praetermisit.
1095 4283 1351 4363 Epistola
1410 4284 1509 4345 illa
1540 4284 1611 4344 ad
1657 4282 1972 4363 episcopos
2020 4282 2137 4343 Ar~
2229 4286 2385 4347 hunc
2420 4285 2580 4345 illum
2606 4304 2738 4347 esse
2764 4286 3052 4349 invictum
3078 4285 3407 4347 athletam:
3437 4286 3563 4348 haec
3584 4303 3720 4345 ossa
3744 4300 3867 4362 qua:

501 4373 713 4434 meniaa
733 4374 975 4454 scripta,
1007 4373 1064 4434 in
1102 4392 1311 4451 magno
1344 4391 1595 4434 numero
1623 4380 1715 4434 est
1744 4389 1969 4444 earum,
2001 4389 2145 4451 quas
2229 4394 2361 4436 cum
2383 4376 2555 4436 beata
2580 4376 2779 4437 anima
2800 4376 3445 4438 dimicaveruntzunam
3469 4393 3670 4436 arcam
3694 4372 3868 4435 fuisse

499 4462 828 4525 amisimus.
2230 4483 2360 4546 quas
2390 4465 2799 4527 venerandum
2840 4466 2987 4526 illud
3023 4484 3240 4546 corpus
3271 4466 3499 4544 excepit
3528 4486 3544 4546 ;
3569 4464 3865 4526 neminem

580 4551 654 4613 ll.
688 4555 773 4616 De
806 4553 1190 4615 translatione
1213 4552 1483 4632 corporis
1515 4552 1702 4613 sancti
1724 4550 1985 4630 Dionysii
2019 4550 2141 4613 Me-
2172 4574 2211 4624 ι)
2234 4574 2417 4635 prope
2450 4554 2641 4635 ipsum
2685 4555 2965 4635 jacuisse,
2991 4553 3226 4633 insigne
3267 4554 3609 4634 sepulcrum
3652 4554 3863 4631 fuisse;

501 4641 861 4705 diolanensis
887 4645 1060 4704 variae
1087 4642 1357 4704 feruntur
1388 4641 1674 4715 historiae,
1714 4642 1771 4702 in
1805 4640 2024 4721 quibus
2057 4640 2142 4701 di-
2227 4645 2597 4707 Christianos
2621 4646 2721 4724 qui
2751 4644 2916 4705 illum
2940 4644 3199 4723 hospitio
3241 4651 3622 4723 exceperant,
3657 4652 3719 4705 et
3742 4651 3869 4706 tunc

493 4730 836 4809 judicandis
882 4732 1249 4794 recentiores
1279 4733 1605 4812 scriptores
1640 4731 2022 4793 sudaverunt.
2058 4730 2143 4791 Ex
2230 4732 2505 4797 manibus
2532 4733 2658 4793 suis
2679 4734 3034 4815 deposuisse
3058 4741 3118 4795 et
3152 4752 3310 4795 nunc
3332 4733 3652 4811 extulisse;
3686 4733 3866 4794 hono-

500 4819 853 4898 quibusdam
878 4822 1039 4885 Actis
1055 4822 1211 4903 apud
1234 4820 1631 4882 Mombritium
1656 4826 1897 4881 sanctus
1922 4818 2143 4899 Diony-
2228 4842 2355 4884 rem
2390 4824 2666 4903 martyris
2692 4823 2746 4882 ei
2778 4824 3041 4885 delatum
3067 4823 3271 4886 fuisse.

503 4906 625 4966 sius
657 4908 878 4970 obiisse
909 4910 1123 4970 dicitur
1154 4912 1214 4971 in
1242 4910 1547 4982 Armenia,
1584 4910 1642 4969 in
1673 4909 1930 4988 quadam
1968 4907 2141 4981 urbe,
2311 4914 2441 4975 Non
2461 4932 2579 4972 una
2605 4920 2696 4973 est
2716 4931 3031 4992 causa,cur
3055 4913 3209 4974 hanc
3231 4911 3548 4992 epistolam
3573 4912 3689 4973 hoc
3725 4928 3870 4973 anno

505 5014 680 5075 quam
696 4997 796 5058 alii
825 5000 1183 5072 Arreicium,
1209 5001 1309 5061 alii
1339 5000 1713 5067 Ariaratiam,
1738 4999 1836 5059 alii
1868 4997 2001 5058 aliis
2035 5016 2146 5076 ap-

503 5086 723 5166 pellant
745 5088 1104 5151 nominibus.
1121 5090 1311 5168 Hujus
1330 5090 1493 5151 urbis
1509 5089 1823 5169 episcopus
1837 5087 2138 5161 Aurelius,

506 5176 1002 5257 proutDionysius
1017 5180 1275 5241 moriens
1287 5189 1611 5259 rogaverat,
1624 5178 1783 5239 illius
1805 5196 2020 5256 corpus
2035 5176 2149 5238 Me-

505 5266 809 5330 diolanum
823 5266 894 5327 ad
912 5268 1293 5333 Ambrosium
1317 5270 1663 5350 episcopum
1682 5266 1883 5331 retulit
1909 5288 1924 5341 ;
1950 5266 2149 5347 ibique

508 5368 637 5437 post
665 5364 787 5419 tres
818 5376 1004 5419 annos
1033 5359 1157 5438 ipso
1204 5359 1391 5420 sancti
1436 5357 1701 5438 Dionysii
1744 5356 2148 5419 anniversario

506 5446 604 5511 die
635 5455 927 5523 mortuus,
956 5465 1139 5529 prope
1170 5447 1446 5511 eumdem
1495 5466 1529 5509 a
1575 5454 1780 5509 sancto
1831 5445 2151 5509 Ambrosio

591 5617 677 5701 (α)
704 5617 821 5704 Ep.
854 5617 996 5684 193.

2232 5002 2390 5063 circa
2417 5002 2647 5063 Pascha
2659 5003 2941 5083 scriptam
2957 5000 3318 5064 existimem.
3335 5003 3398 5065 1ο
3415 4999 3478 5064 S.
3495 5002 3870 5063 Ambrosium

2233 5090 2506 5162 Basilius,
2531 5099 2593 5151 ut
2616 5108 2832 5153 recens
2850 5091 3131 5171 electum,
3158 5092 3425 5152 hortatur
3444 5091 3516 5152 ad
3539 5099 3771 5170 patrum
3792 5106 3874 5150 se-

2236 5178 2471 5261 quenda
2496 5179 3028 5260 vestigia,eumque
3052 5178 3344 5259 laudat,ut
3363 5196 3467 5259 spe
3488 5188 3547 5240 et
3568 5186 3872 5258 exspecta-

2233 5270 2395 5332 tione
2426 5267 2635 5347 magis.
2667 5289 2845 5350 quam
2877 5269 3060 5331 rebus
3093 5286 3199 5348 pro
3221 5267 3489 5329 Ecclesia
3520 5267 3755 5331 fortiter
3778 5283 3873 5347 ge-

2235 5362 2344 5421 stis
2368 5357 2683 5435 insignem.
2707 5359 2775 5421 20
2803 5359 2969 5421 Illius
2994 5358 3171 5419 etiam
3194 5356 3452 5419 clericos
3473 5357 3696 5431 laudat,
3727 5352 3872 5437 quod

2234 5448 2496 5511 hiemem
2511 5445 2860 5527 imperviam
2873 5466 2994 5510 non
3005 5442 3873 5513 reformidaverint.dummodo

2315 5616 2406 5697 (b)
2424 5613 2535 5697 Ep.
2568 5615 2707 5682 197.
