4058 6200
1563 284 1751 348 VITA
1793 283 1854 347 S.
1902 282 2200 347 BASILII.
3395 303 3587 354 mn

197 426 465 507 episcopi
499 427 595 487 sui
630 425 905 487 mandata
960 427 1346 490 facesserent.
1374 425 1434 488 Id
1467 431 1663 487 autem
1703 418 1849 484 nulli
1869 424 1908 474 Α
1934 417 2185 496 epistola
2207 416 2495 479 canonica
2518 417 2780 480 secunda
2802 425 2859 479 et
2888 433 3146 497 sequens
3167 419 3416 499 epistola
3438 421 3586 488 200.

190 536 342 578 anno
372 515 600 576 melius
624 517 918 594 congruit,
956 536 1130 597 quam
1159 516 1295 577 huic
1328 515 1468 588 375,
1508 535 1622 594 quo
1647 531 1855 575 omnes
1940 508 2086 568 Nam
2121 508 2179 566 in
2213 507 2462 587 epistola
2485 507 2770 569 canonica
2801 515 3044 568 excusat
3078 508 3350 570 morbum
3384 519 3442 572 et
3469 515 3586 574 ini-

190 605 593 686 Cappadocize
617 605 723 665 viae
760 624 949 686 usque
980 606 1053 666 ad
1089 607 1312 668 Pascha
1363 605 1698 666 interclusas
1721 603 1852 663 fue-
1939 597 2262 658 nistrorum
2302 597 2634 676 penuriam,
2661 616 2766 657 cur
2792 616 2911 658 n0n
2936 597 3219 675 scriptum
3248 597 3393 660 illud
3410 603 3584 665 citius

186 705 346 767 runt,
388 704 456 754 ut
483 695 736 773 legimus
774 695 830 754 in
864 695 1122 774 epistola
1163 695 1460 776 sequenti.
1496 694 1558 754 3°
1604 693 1854 754 Sanctus
1940 687 2187 760 miserit,
2226 706 2358 747 cum
2407 687 2758 766 jamdudum
2795 686 3114 766 propositis
3145 687 3215 748 ab
3264 691 3584 768 Amphilo-

183 784 550 845 Ambrosius
574 783 662 844 sic
694 783 768 844 de
799 783 1083 863 Dionysio
1114 785 1382 862 loquitur
1407 784 1466 844 in
1500 781 1750 863 epistola
1781 781 1850 841 ad
1938 777 2070 838 chio
2098 776 2528 855 quaestionibus
2557 777 2988 855 respondisset.
3019 779 3081 838 In
3107 777 3354 856 epistola
3384 789 3581 842 autem

189 871 642 934 Vercellenses:
679 873 911 934 Beatus
935 873 1726 954 Dionysius,inquit,exegit
1747 889 1852 932 vo-
1939 871 2055 926 200
2079 867 2320 928 morbos
2353 875 2409 927 et
2442 871 2875 944 occupationes
2915 866 3290 942 negotiorum
3324 870 3585 931 exterio-

183 965 260 1022 tis
273 971 346 1024 ut
371 966 438 1022 in
457 964 681 1024 ert-sitio
706 965 894 1022 vitam
907 971 1264 1043 poneret,ne
1279 980 1579 1042 regressus
1595 962 1855 1038 confusa
1937 973 2066 1015 rum
2103 965 2160 1018 et
2192 956 2520 1017 certamina
2543 975 2680 1016 cum
2711 955 3008 1017 haereticis
3034 967 3330 1029 causatur,
3369 960 3585 1039 quibus

181 1053 500 1112 institutis
526 1061 583 1114 et
603 1069 720 1111 usu
741 1051 1079 1129 infidelium
1104 1054 1308 1114 studia
1343 1050 1530 1131 plebis
1565 1057 1672 1112 aut
1708 1051 1856 1112 cieri
1939 1063 2002 1106 se
2036 1064 2140 1125 per
2165 1055 2343 1107 totam
2402 1045 2662 1108 hiemem
2730 1064 2923 1124 usque
2976 1045 3048 1105 ad
3099 1046 3272 1125 hujus
3321 1049 3584 1128 epistolae

179 1139 1854 1220 inveniretzmeruitquehancgratiam,utpacemDomi-
1937 1145 2179 1213 tempus
2215 1135 2355 1197 dicit
2387 1135 2699 1196 detentum
2761 1136 2966 1197 fuisse.
3000 1133 3178 1196 Missa
3218 1155 3355 1215 ergo
3405 1140 3581 1213 simul

174 1232 245 1291 ni
280 1230 626 1308 tranquillo
650 1230 869 1309 affectu
891 1249 1089 1293 secum
1114 1233 1386 1309 referret.
1423 1229 1520 1293 Sic
1542 1249 1680 1308 ergo
1703 1248 1852 1290 con-
1935 1232 2185 1305 utraque
2219 1225 2492 1305 epistola,
2527 1224 2823 1304 siquidem
2850 1225 3084 1304 utrique
3105 1244 3332 1286 moram
3357 1229 3580 1291 eaedem

167 1319 712 1400 junctusDionysii
727 1320 956 1381 reditus
975 1339 1106 1381 cum
1123 1319 1427 1381 Ambrosii
1449 1317 1848 1397 ordinatione,

173 1429 318 1490 qua;
340 1428 564 1488 pacem
590 1411 875 1486 restituit,
903 1422 969 1470 ut
987 1409 1434 1489 ipseDionysius
1458 1426 1661 1488 pacem
1683 1415 1849 1469 retu-

174 1498 767 1561 lissevidereturEx
784 1501 876 1561 his
889 1498 1613 1578 colligimnsAmbrosium
1628 1498 1854 1576 episco-

177 1597 359 1668 patus
373 1590 464 1648 sui
483 1589 816 1668 primordia
829 1586 1851 1667 sanctiDionysiiredituillustrasse.
1937 1584 2198 1645 secunda
2218 1603 2332 1644 non
2357 1584 2546 1645 solum
2574 1584 2774 1644 multa:
2794 1583 3154 1659 qumstiones
3173 1586 3481 1648 solvuntur
3503 1589 3576 1652 de

266 1675 368 1739 Ill.
404 1677 592 1738 Paulo
611 1687 748 1738 ante
771 1678 995 1739 Pascha
1030 1678 1265 1756 scripsit
1298 1685 1536 1739 sanctus
1565 1675 1854 1737 Eusebius
1936 1673 2150 1752 quibus
2168 1675 2356 1752 prima
2376 1673 2519 1734 nihil
2541 1672 3576 1760 habuerat,velntderaptorihus(b),

177 1765 257 1826 ad
291 1766 614 1845 Basilium,
650 1775 704 1826 et
730 1785 863 1828 cum
899 1785 967 1827 eo
989 1768 1271 1846 jurgavit,
1308 1765 1462 1846 quod
1505 1767 1575 1827 ad
1637 1783 1701 1826 se
1735 1785 1850 1826 non
1877 1785 1912 1832 Β
1937 1763 2011 1822 de
2045 1763 2384 1842 presbytero
2442 1762 2670 1840 nuptiis
2703 1762 2928 1823 illicitis
2990 1764 3288 1842 implicato
3342 1767 3441 1846 (ο),
3504 1769 3576 1829 de

1935 1333 2131 1376 causa:
2153 1315 2504 1377 attulerunt.

2016 1404 2258 1466 Frustra
2288 1404 2678 1467 Tilemontius
2732 1403 3028 1465 existimat
3073 1407 3420 1467 canonicam
3454 1410 3580 1488 pri-

1937 1513 2090 1555 mam
2127 1495 2300 1554 simul
2335 1514 2467 1556 cum
2511 1494 2774 1554 secunda
2807 1494 3046 1554 missam
3085 1494 3286 1558 fuisse.
3319 1499 3467 1559 Nam
3516 1499 3578 1561 in

181 1857 513 1934 scriberet,
549 1876 616 1917 ac
643 1858 688 1916 si
715 1857 913 1916 desint
953 1858 1318 1927 occasiones,
1378 1873 1494 1916 non
1529 1855 1780 1934 aliquem
1816 1874 1848 1915 e

183 1947 311 2006 suis
342 1947 588 2007 clericis
613 1947 894 2009 mitteret.
928 1945 1054 2009 Jam
1119 1955 1291 2008 antea
1341 1946 1515 2007 aliam
1577 1945 1847 2023 ejusdem

181 2033 430 2096 Eusebii
456 2037 770 2116 epistolam
803 2037 1089 2099 officiales
1113 2035 1706 2099 detulerantRevera
1731 2053 1848 2095 non

183 2126 408 2185 multas
438 2125 703 2186 Eusebio
737 2127 1055 2206 scripserat
1087 2127 1368 2206 epistolas
1396 2124 1676 2196 Basilius,
1714 2125 1850 2204 quia

180 2227 399 2276 nactus
431 2236 555 2275 non
594 2225 740 2290 erat,
768 2218 865 2295 qui
899 2218 973 2277 ad
1005 2235 1137 2277 enm
1172 2217 1708 2295 proficiscerentur,
1742 2215 1846 2275 sed

180 2314 385 2365 tamen
417 2306 554 2383 plus
612 2316 864 2384 quatuor
918 2308 1258 2385 scripserat,
1295 2305 1592 2384 simulque
1625 2304 1848 2365 litteras

1933 1852 2366 1914 absurdisvotis
2385 1853 2462 1926 (ά)
2486 1852 2687 1912 etaliis
2708 1851 3136 1929 ejusmodi;sed
3165 1853 3341 1914 etiam
3366 1856 3574 1938 multa,

1933 1960 2062 2021 quae
2094 1942 2151 2001 in
2191 1943 2382 2021 prima
2413 1950 2631 2002 statuta
2664 1941 2918 2012 fuerant,
2983 1941 3196 2002 clarius
3247 1953 3304 2002 et
3335 1945 3577 2008 uberius

1931 2032 2325 2109 explanantur
2347 2031 2406 2092 in
2435 2030 2798 2104 secunda,ut
2821 2031 2894 2092 de
2917 2029 3097 2110 lapsis
3121 2031 3446 2110 virginibus
3466 2038 3574 2116 (e),

1933 2118 2006 2180 de
2039 2119 2330 2199 baptismo
2356 2122 2769 2182 hmreticorum
2796 2120 2875 2198 (f)
2909 2129 2966 2181 et
3011 2121 3279 2199 pluribus
3312 2123 3464 2188 aliis.
3490 2125 3572 2188 Ex

1933 2209 2146 2290 quibus
2170 2218 2331 2290 patet
2359 2210 2878 2290 Amphilochium,
2907 2210 3062 2271 lecta
3096 2211 3293 2289 priore
3325 2215 3575 2292 epistola

1931 2300 2236 2372 canonica,
2265 2319 2444 2360 novas
2475 2299 2842 2376 quaestiones
2863 2299 3078 2359 Basilio
3107 2303 3579 2380 proposuisse,et

175 2387 248 2445 ad
271 2405 338 2446 se
357 2397 501 2466 post
522 2386 780 2462 priorem
812 2385 1048 2447 Eusebii
1070 2387 1377 2466 epistolam
1415 2385 1732 2448 Samosatis
1756 2387 1845 2445 al-

181 2475 354 2548 latas,
384 2475 640 2536 Leontio
666 2476 1059 2554 permqnatori
1078 2479 1296 2540 Nicazze
1318 2476 1584 2546 inim-at,
1610 2482 1673 2533 ut
1692 2473 1848 2537 illius

181 2581 368 2643 opera
395 2565 689 2625 darentur
725 2563 1048 2644 Sophronii
1069 2565 1279 2627 domus
1304 2561 1696 2645 procuratori,
1723 2575 1849 2618 eas-

186 2672 300 2734 que
334 2655 441 2716 ille
469 2654 547 2714 ad
597 2652 916 2715 Eusebium
951 2655 1338 2735 perferendas
1379 2661 1634 2715 curaret.
1678 2649 1850 2712 Unde

189 2746 535 2825 suspicatur
557 2742 813 2804 Basilius
837 2744 923 2822 (a)
951 2745 1202 2824 alicujus
1246 2762 1451 2806 eorum
1512 2741 1728 2819 quibus
1760 2738 1850 2798 hae
1931 2744 2182 2805 rendum
2216 2763 2347 2806 esse
2365 2744 2656 2824 judicium
2677 2754 2952 2822 uegat,ac
2973 2745 3048 2804 de
3064 2744 3424 2812 Novatiauis:
3453 2770 3570 2812 non

189 2833 405 2896 littera
449 2833 789 2907 traduntur,
818 2843 921 2894 aut
955 2835 1203 2912 negotiis
1227 2842 1326 2895 aut
1355 2832 1605 2911 segnitie
1628 2829 1751 2892 ﬁeri
1787 2835 1849 2888 ut
1929 2833 2102 2896 aliam
2136 2851 2278 2894 sane
2304 2834 2379 2894 ob
2411 2850 2674 2908 causam,
2709 2835 2823 2894 nisi
2846 2834 2982 2913 quia
3001 2835 3458 2913 Amphilochius
3489 2843 3569 2903 si.

190 2942 309 2984 non
335 2924 696 2984 reddantur.
719 2923 837 2985 Cur
858 2932 1054 2985 autem
1077 2924 1334 3004 aliquem
1361 2942 1432 2984 ex
1460 2920 1696 2983 clericis
1721 2936 1844 2979 non
1926 2925 2305 3003 gniﬁcarerat
2339 2923 2662 2985 discrimen
2695 2923 2853 2984 inter
2876 2924 2982 2984 has
3013 2925 3204 2986 sectas
3229 2925 3344 2986 sibi
3379 2929 3573 2992 minus

190 3014 711 3091 miserit,excusat
730 3011 1182 3075 acerbissimam
1198 3015 1622 3102 hiemem,quze
1636 3026 1844 3102 omnes
1929 3014 2193 3093 probari.
2227 3012 2397 3076 Unde
2421 3013 2697 3076 Basilius:
2735 3014 2911 3088 Quod
2934 3016 2988 3076 si
3007 3015 3171 3093 apud
3201 3033 3324 3093 vos,
3355 3019 3572 3102 inquit,

185 3102 303 3202 vias
325 3103 614 3183 usquead
628 3101 1314 3202 Paschaintercluserat;
1339 3111 1478 3202 tum.
1497 3101 1673 3202 etiam
1711 3098 1839 3199 cle-
1859 3151 1898 3202 Ο
1921 3103 2226 3184 prohibita
2243 3112 2326 3165 est
2341 3105 2742 3202 rebaptizetio
2759 3105 2912 3202 sicut
2936 3098 3574 3202 apudliomanosmos;

183 3194 472 3265 ricorum,
501 3210 746 3255 suorum
772 3192 1035 3255 alienum
1061 3211 1094 3255 a
1118 3190 1698 3274 peregrinationibus
1720 3189 1842 3249 ani-
1861 3189 1898 3202 ν
1924 3201 2025 3256 tra
2049 3200 2248 3256 tamen
2266 3195 2424 3256 ratio
2438 3195 2558 3254 vim
2573 3192 3568 3273 obtineat.DecepitTillemontinm

187 3300 371 3362 mum,
402 3301 476 3344 eo
504 3281 668 3357 quod
695 3300 760 3342 ex
786 3282 1138 3343 sedentariis
1171 3284 1397 3343 artibus
1432 3280 1650 3341 victum
1681 3293 1843 3337 com-
1925 3283 2039 3345 hoc
2069 3284 2338 3362 epistola;
2359 3282 2638 3344 secunda;
2668 3283 2971 3344 canonica;
3007 3285 3392 3363 prommium;
3415 3290 3569 3352 cum

189 3381 414 3452 parent.
449 3370 584 3433 Und
597 3389 628 3431 e
661 3371 836 3432 etiam
869 3389 1010 3432 rure
1041 3381 1280 3433 coactus
1303 3373 1493 3433 fuerat
1509 3383 1838 3446 accersere,
1919 3375 2159 3454 pridem
2174 3374 2600 3454 adpropositas
2614 3371 2788 3435 nobis
2801 3391 2838 3434 α
2855 3381 2958 3434 tua
2971 3375 3196 3453 pietate
3210 3384 3572 3455 quazstionea

1932 2387 2006 2448 de
2025 2387 2515 2468 przeteritis,quid
2541 2387 2788 2449 dubium
2815 2395 2913 2448 aut
2933 2387 3251 2450 obscurum
3279 2390 3389 2451 sibi
3411 2393 3579 2455 vide—

1930 2484 2096 2536 retur
2123 2477 2506 2554 significasse.
2552 2475 2614 2536 Id
2651 2477 2946 2555 praecipue
2970 2476 3268 2538 observari
3297 2489 3492 2559 potest
3512 2483 3573 2545 in

1931 2585 2156 2630 canone
2189 2568 2262 2627 4'7
2295 2567 2370 2628 de
2394 2566 2689 2646 baptismo
2725 2567 3170 2647 haereticorum,
3195 2566 3296 2630 ubi
3325 2572 3576 2634 Basilius

1932 2655 2092 2716 idem
2125 2655 2200 2716 de
2234 2655 2581 2727 Encratitis,
2607 2655 3006 2734 Saccophoris
3028 2665 3085 2716 et
3105 2660 3460 2736 Apotactitis
3484 2663 3572 2722 fe-

193 3462 287 3544 qui
314 3464 472 3522 hanc
506 3459 820 3541 epistolam
855 3461 1167 3539 perferret.
1201 3459 1522 3522 Eusebium
1555 3458 1838 3518 lectorem

191 3553 290 3612 diu
320 3550 477 3631 apud
500 3569 566 3611 se
588 3549 914 3612 retinuerat
929 3550 1207 3632 Basilius,
1228 3569 1426 3613 aerem
1447 3554 1838 3626 temperatum

194 3650 551 3720 exspectans
586 3657 602 3699 :
641 3640 881 3701 tandem
912 3638 1166 3716 dimisit,
1203 3660 1316 3701 non
1353 3641 1484 3700 sine
1519 3648 1701 3716 metu,
1763 3657 1841 3699 ne

192 3731 301 3793 iter
323 3733 586 3793 inﬁrmae
601 3729 920 3791 valetudini
942 3731 1579 3793 noceret.Nonnullain
1597 3729 1841 3797 Oriente

194 3831 402 3883 novata
425 3821 689 3898 fuerant,
717 3820 818 3880 sed
837 3839 972 3881 cum
997 3839 1067 3882 ea
1085 3821 1295 3885 fratres
1321 3821 1576 3883 Eusebio
1622 3842 1836 3886 narra-

189 3921 340 3973 turos
358 3911 574 3982 sciret,
591 3908 923 3970 scribendis
944 3910 1298 3990 supersedit.
1324 3914 1410 3973 Ita
1433 3909 1639 3972 morbo
1659 3913 1833 3974 debi-

187 4003 407 4062 litatum
441 4018 510 4061 se
543 4017 678 4059 esse
712 3998 882 4071 dicit,
918 4009 983 4059 ut
1008 4018 1071 4061 se
1103 4018 1455 4061 aerumnosas
1478 4001 1660 4080 hujus
1704 4003 1835 4064 vitae

190 4101 419 4170 tempus
440 4087 714 4167 exegisse
740 4087 1038 4150 crederet.
1070 4088 1221 4161 Quid
1253 4097 1450 4149 autem
1483 4089 1544 4150 in
1586 4089 1832 4153 Oriente

185 4184 312 4242 novi
338 4178 636 4251 evenerit,
672 4196 789 4238 non
815 4178 991 4241 facile
1021 4188 1108 4241 est
1135 4181 1388 4258 assequi.
1421 4178 1598 4240 Forte
1637 4181 1834 4263 loqui-

186 4279 273 4334 tur
288 4270 548 4332 Basilius
566 4269 642 4328 de
659 4269 943 4331 Ecclesiae
958 4268 1345 4329 Antiochenaa
1364 4267 1833 4348 perturbatione,

186 4379 312 4443 quia
341 4359 523 4440 paulo
555 4369 694 4418 ante
717 4358 893 4436 hujus
921 4358 1185 4439 epistolae
1213 4369 1447 4437 tempus
1478 4363 1634 4419 tanta
1665 4353 1833 4416 exsti~

190 4454 275 4531 tit,
300 4462 365 4512 ut
400 4447 738 4530 presbyteri
773 4449 1042 4509 nonnulli
1068 4449 1273 4528 jnrare
1307 4447 1497 4508 coacti
1527 4447 1644 4508 sint
1676 4464 1831 4505 nun-

188 4514 359 4621 quam
385 4514 458 4601 se
489 4514 729 4619 publice
758 4514 1090 4601 Antiochiae:
1105 4537 1446 4600 sacerdotio
1502 4537 1829 4598 iuncturos.
1857 4514 1900 4564 θ

184 4628 318 4693 Vid.
357 4629 546 4710 epist.
578 4629 720 4699 199,
750 4645 880 4688 can.
907 4629 1004 4690 l7.
1038 4627 1213 4688 Forte
1235 4627 1411 4688 etiam
1435 4626 1631 4687 Basilii
1657 4625 1838 4686 verba

181 4719 250 4782 de
267 4718 458 4782 rebus
477 4717 995 4780 Samosatensibns
1015 4717 1205 4798 accipi
1231 4716 1630 4778 debenLNam
1645 4713 1841 4775 Euno-

177 4810 357 4883 mius,
389 4809 499 4889 qui
520 4808 585 4867 in
607 4806 799 4866 locum
819 4807 1008 4868 sancti
1035 4806 1276 4868 Eusebii
1321 4807 1590 4867 intrusus
1623 4803 1834 4884 fuerat,

176 4915 290 4961 non
315 4899 423 4960 diu
453 4895 698 4959 videtur
727 4896 836 4958 hac
868 4897 928 4957 in
951 4896 1101 4958 urbe
1132 4896 1441 4956 mansisse.
1479 4896 1624 4957 Cum
1677 4892 1833 4953 enim

175 4988 432 5051 invisum
459 5005 528 5049 se
550 4984 834 5047 omnibus
858 5003 990 5049 esse
1014 4985 1558 5059 animadvertisset,
1580 4981 1841 5044 libenter

178 5077 520 5141 abscessit:
561 5085 619 5138 at
646 5075 778 5156 eius
805 5075 938 5138 loco
979 5076 1225 5140 Lucium
1272 5074 1479 5138 Ariani
1531 5073 1836 5135 hominem

179 5166 350 5252 longe
382 5166 756 5231 deteriorem
781 5165 1231 5231 ordinaverunt.

255 5251 350 5322 IV.
371 5255 580 5324 Missa
591 5257 770 5321 etiam
790 5256 1209 5338 Amphilochio
1234 5253 1410 5338 paulo
1435 5260 1567 5336 post
1609 5251 1836 5315 Pascha

255 5439 330 5509 (ui
370 5431 481 5512 Ep.
516 5431 657 5512 198.

253 5515 327 5592 ib)”
364 5509 513 5587 Cen,
542 5509 642 5592 3t).

250 5590 317 5670 (ci
348 5598 498 5658 Cen.
532 5590 632 5652 2'1.

1925 3463 2381 3542 respondissem,
2416 3481 2538 3524 non
2561 3465 2700 3524 misi
2731 3464 3047 3542 scriptum,
3079 3467 3306 3542 partim
3329 3469 3566 3546 quidem

1927 3555 2109 3631 longo
2143 3560 2197 3614 et
2224 3553 2568 3630 periculoso
2593 3551 2796 3613 morbo
2829 3553 3121 3632 detentus,
3152 3557 3378 3630 partim
3427 3576 3570 3622 vero

1916 3649 2170 3721 propter
2187 3643 2506 3720 penuriam
2529 3643 2976 3704 ministrorum.
3002 3641 3137 3703 Haec
3154 3643 3242 3704 vir
3263 3645 3472 3709 doctus
3494 3650 3568 3711 de

1925 3730 2132 3810 primis
2163 3731 2494 3791 canonibus
2517 3730 2676 3792 dicta
2699 3731 3358 3812 existimavit,qnamvis
3381 3735 3456 3798 de
3477 3755 3567 3799 se.

1922 3819 2116 3882 cunda
2138 3818 2390 3898 epistola
2409 3820 2695 3880 canonica
2715 3819 2866 3880 dicta
2889 3819 3130 3892 sint,cni
3143 3821 3265 3899 jam
3285 3823 3568 3889 absolutae

1920 3909 2266 3984 Basilius,ut
2293 3909 2687 3988 scriptoribus
2715 3927 2831 3969 non
2865 3909 3171 3970 insolitum
3197 3921 3310 3987 est,
3349 3919 3564 3995 praefa-

1920 4000 2140 4060 tionem
2166 3997 2678 4078 apponebat.Hzec
2711 3999 2869 4058 enim
2899 4002 3165 4061 secunda
3189 4004 3440 4082 epistola
3459 4026 3563 4068 ca-

1917 4093 2134 4149 nonica
2165 4087 2342 4148 simul
2380 4106 2513 4148 cum
2546 4087 2959 4149 ducentesima
2993 4089 3239 4168 epistola
3264 4095 3441 4155 missa
3474 4107 3566 4160 est

1923 4197 2026 4258 per
2057 4177 2494 4256 Meletium,qni
2525 4178 2908 4256 proficiscens
2933 4190 3244 4241 monuerat
3282 4184 3557 4246 Basiliam

1918 4268 2151 4348 copiam
2184 4284 2320 4327 esse
2369 4266 2663 4327 salutandi
2720 4266 3142 4345 Amphilochii.
3199 4269 3261 4331 ln
3314 4275 3564 4335 exordio

1919 4357 2230 4436 utriusque
2260 4355 2528 4434 epistola).
2554 4356 2793 4416 easdem
2819 4357 3565 4434 alfertrationes,curtan-

1918 4446 2018 4508 diu
2051 4445 2306 4507 siluerit.
2336 4445 2409 4506 At
2450 4446 2582 4505 duae
2615 4445 2727 4505 ilice
2759 4445 3022 4524 epistolae
3052 4445 3231 4510 simul
3268 4451 3417 4514 mitti
3445 4472 3562 4514 non

1924 4539 2414 4619 potuerunt,quin
2451 4538 2740 4599 canonica
2763 4538 2948 4599 multo
2981 4549 3120 4602 ante
3141 4540 3411 4606 absoluta
3428 4545 3561 4610 fuc-

1919 4629 2017 4691 rit.
2049 4629 2196 4689 Cum
2231 4627 2390 4688 enim
2426 4626 2636 4688 inutile
2683 4626 2890 4688 fuisset
2919 4627 3066 4689 duas
3087 4630 3264 4692 simul
3291 4634 3365 4694 ad
3389 4654 3562 4699 eum-

1921 4719 2057 4779 dem
2089 4716 2370 4796 epistolas
2404 4715 2695 4790 scribere,
2733 4723 2857 4776 tum
2879 4735 3023 4780 vero
3055 4719 3451 4798 improbabile
3475 4735 3566 4788 est

1920 4805 2209 4868 Basilium
2243 4804 2422 4864 unius
2451 4814 2552 4865 aut
2580 4805 2830 4866 alterius
2858 4805 2978 4867 diei
3013 4811 3203 4887 spatio
3241 4813 3476 4891 triginta
3507 4825 3566 4879 et

1921 4895 2456 4977 ampliuscanones
2478 4894 2989 4976 condidisse,cum
3017 4903 3342 4978 praesertim
3365 4905 3568 4968 decla-

1921 4993 2015 5047 ret
2044 4985 2104 5046 in
2121 4985 2410 5064 prooemio
2429 4983 2737 5047 canonica:
2760 4984 3268 5064 prima),coactuin
3292 5011 3359 5056 se
3380 4997 3565 5060 fuisse

1921 5075 2244 5152 diligenter
2261 5074 2659 5149 attendere,et
2679 5074 2730 5135 si
2748 5075 2894 5155 quid
2929 5095 2966 5137 ι
2985 5079 3328 5145 senioribus
3345 5085 3567 5149 audiis-

1923 5163 2810 5255 set,recordari,et_cognata_iis
2842 5185 2976 5246 quae
3006 5167 3324 5254 didicerat,
3364 5193 3470 5255 per
3499 5193 3564 5238 se

1915 5254 2046 5337 ipse
2075 5252 2576 5317 ratiocineri.Nou
2599 5253 2924 5320 verisimile
2947 5265 3041 5320 est
3063 5252 3444 5326 Basiliuiu'iu
3473 5283 3566 5328 se-

1997 5425 2087 5503 (d)
2113 5426 2254 5486 Can.
2287 5425 2346 5483 8.

1989 5508 2077 5584 (e)
2110 5505 2254 5567 Can.
2291 5506 2390 5568 18.

1987 5587 2065 5667 (Γ)
2097 5585 2242 5649 Cen.
2273 5589 2373 5648 97.
