4058 6200
502 291 668 341 CXXX

1850 280 2437 347 PROLEGOMENA.

502 416 695 479 cunda
710 412 1972 497 canonicaepistolaadornandasegniorem
1996 418 2141 481 fuis-
2164 425 2201 472 Α
2227 417 2609 480 consuluerat
2637 434 2792 478 anno
2839 415 3109 496 proxime
3141 415 3347 497 elapso
3379 417 3874 498 Amphilochius,

500 524 590 568 se.
619 501 975 566 Iamdudum
1008 519 1149 579 ergo
1181 503 1402 564 conditi
1434 522 1696 566 canones
1711 519 1855 568 ante
1874 506 2136 569 oblatam

500 594 832 655 facultatem
881 592 1123 659 Meletii.
1157 611 1223 652 ac
1284 594 1545 673 praefatio
1607 603 1735 673 post
1794 596 2137 658 absolutum

499 703 647 766 opus
678 682 897 744 addita.
933 679 1223 743 Similiter
1281 683 1511 744 duabus
1542 683 1673 745 aliis
1733 685 2004 764 epistolis
2035 704 2137 745 ca-

500 773 732 837 nonicis
766 770 1052 851 praefatio,
1092 778 1401 850 postquam
1436 771 1723 835 absolutae
1742 773 2002 847 fuerunt,
2033 794 2131 854 ap-

501 863 690 945 posita
721 858 848 921 fuit.
875 862 1024 923 Nam
1060 877 1193 919 cum
1229 859 1309 920 ait
1339 860 1591 922 Basilius
1624 862 1684 923 in
1741 864 1949 943 prima:
1993 882 2135 943 pro-

498 952 708 1032 oemio,
736 948 1187 1030 prudentiorem
1210 948 1426 1011 factum
1447 967 1511 1010 se
1536 969 1691 1032 esse,
1722 962 1778 1013 et
1803 953 1983 1014 multa
2004 972 2139 1030 quae

497 1040 809 1123 ignorabat
840 1038 1143 1113 didicisse,
1177 1056 1245 1099 ac
1276 1048 1549 1101 coactum
1602 1039 1786 1103 fuisse
1815 1042 2138 1122 diligenter

496 1125 948 1196 attendere,etsi
970 1126 1109 1205 quid
1125 1126 1435 1188 audierata
1450 1128 2139 1210 senioribusrecordari,

500 1236 559 1288 et
586 1229 833 1301 cognata
853 1218 929 1279 iis
951 1237 1082 1298 quae
1100 1219 1511 1300 audierat,per
1534 1222 1743 1301 seipse
1768 1223 2134 1304 ratiocinari;

498 1332 654 1385 cum,
692 1311 958 1389 inquam,
1019 1306 1145 1367 haec
1202 1307 1366 1387 dicit,
1423 1311 1739 1371 manifeste
1776 1312 2039 1374 declarat
2073 1330 2137 1372 se

497 1403 674 1482 hujus
704 1398 901 1478 operis
933 1395 1136 1457 labore
1170 1395 1510 1457 defunctum
1545 1418 1700 1461 esse.
1721 1399 1939 1463 Tertia;
1963 1402 2128 1481 epis-

499 1494 632 1555 tolae
662 1486 1068 1570 praefationem
1101 1486 1336 1564 scripsit
1365 1487 1640 1564 Basilius,
1665 1510 1800 1551 cum
1854 1490 2131 1552 redeunti

497 1603 567 1645 ex
601 1576 844 1643 Pontico
877 1574 1086 1634 itinere
1111 1574 1301 1635 allatae
1318 1576 1680 1641 suntlitteraa
1697 1579 2126 1660 Amphilochii,

496 1669 707 1752 quibus
742 1665 906 1726 nulla
938 1662 1283 1742 interposita
1315 1684 1478 1726 mora
1502 1669 1909 1747 respondit;ac
1934 1671 2124 1750 proin-

2221 526 2335 587 qua
2366 506 2741 587 potissimum
2800 506 2889 567 via
2918 505 3251 568 remedium
3288 506 3427 568 huic
3474 508 3626 569 malo
3663 508 3875 570 feren-

2222 595 2361 656 dum
2397 604 2551 658 esset
2582 617 2597 676 ;
2626 595 2729 657 sed
2761 596 2874 656 hoc
2897 614 3053 656 anno
3084 613 3208 656 rem
3241 596 3486 657 minime
3515 598 3842 678 protrahen

2223 685 2358 745 dam
2387 698 2550 746 ratus
2576 704 2710 746 cum
2757 684 3057 765 episcopis
3114 683 3456 747 deliberare
3513 687 3738 760 statuit,
3804 705 3875 747 ac

2223 773 2505 835 Basilium
2555 774 2629 835 ad
2679 773 3002 835 consilium
3059 793 3230 835 suum
3278 774 3596 838 advocavit.
3650 774 3880 837 Prester

2220 862 2584 924 desiderium
2618 862 2857 924 videndi
2885 862 2992 925 Am
3004 862 3313 945 philochii,
3343 874 3458 925 tam
3473 864 3691 926 eximia
3715 884 3871 925 con-

2222 952 2497 1014 veniendi
2530 972 2707 1014 causa
2741 952 3021 1013 Basilium
3056 954 3128 1032 (cl
3154 953 3507 1014 exacucbat.
3561 951 3678 1015 Sed
3728 972 3872 1015 eum

2229 1043 2451 1104 moveri
2484 1061 2602 1104 non
2626 1041 2903 1104 sinebant
2930 1041 3123 1103 morbi
3155 1042 3449 1119 reliquiae.
3484 1041 3685 1123 Nuper
3705 1043 3872 1105 enim

2225 1150 2402 1193 curru
2424 1132 2498 1192 ad
2524 1141 2807 1212 martyres
2840 1151 3030 1213 usque
3063 1139 3287 1208 vectus,
3315 1151 3472 1213 pene
3499 1131 3557 1193 in
3584 1131 3869 1193 eumdem

2222 1230 2435 1281 statum
2468 1222 2736 1302 relapsus
2762 1221 2971 1282 fuerat.
3012 1222 3199 1299 Rogat
3230 1221 3429 1302 itaque
3454 1228 3516 1283 ut
3536 1220 3718 1295 res,si
3738 1221 3871 1283 ﬁeri

2223 1311 2425 1389 possit,
2459 1312 2515 1371 in
2550 1330 2769 1391 paucos
2792 1311 2921 1371 dies
2943 1309 3275 1383 differatur,
3311 1329 3496 1391 seque
3521 1310 3867 1371 adfuturum

2221 1400 2531 1478 promittit.
2564 1400 2667 1461 Sin
2698 1410 2897 1462 autem
2934 1408 3148 1478 urgent
3178 1400 3434 1480 negotia,
3499 1400 3776 1461 hortatur
3805 1408 3872 1461 ut

2218 1499 2499 1567 peragant
2526 1508 2659 1570 quze
2690 1490 2750 1550 in
2807 1488 3080 1551 manibus
3128 1498 3291 1565 sunt,
3343 1508 3528 1569 seque
3577 1498 3866 1567 tanquam

2218 1590 2570 1657 praesentem
2604 1598 2838 1660 eorum,
2872 1597 3005 1659 quae
3033 1579 3322 1659 praeclare
3379 1588 3682 1658 gerentur,
3718 1597 3867 1659 par-

2218 1667 2456 1747 ticipem
2485 1678 2825 1729 numerent.

496 1764 572 1822 de
599 1755 850 1838 spatium
875 1772 993 1813 non
1014 1752 1785 1818 habuissetcondendorum
1812 1778 2131 1831 canonum,
2159 1756 2195 1805 Β
2299 1757 2427 1818 Non
2454 1757 2699 1818 dubium
2733 1767 2822 1818 est
2853 1756 2994 1837 quin
3029 1766 3409 1837 exspectatus
3453 1757 3628 1819 fuerit
3655 1756 3869 1819 Basilii

499 1850 611 1913 nisi
641 1854 817 1908 antea
836 1840 1093 1903 absoluti
1125 1842 1397 1904 fuissent.

574 1935 783 1999 Narrat
812 1931 1064 1994 Basilius
1098 1931 1186 2011 (α)
1218 1932 1276 1992 in
1306 1934 1560 2012 epistola
1589 1936 1880 1998 canonica
1909 1956 2127 1998 secun-

493 2025 935 2103 da,consultum
962 2039 1027 2082 se
1057 2020 1294 2082 Iuissea
1327 2024 1685 2105 presbyteris
1712 2026 2126 2101 Antiochenis,

496 2118 595 2200 qui
626 2132 827 2179 coram
858 2109 1082 2200 infideli
1118 2110 1238 2172 viro
1272 2114 1463 2175 coacti
1491 2114 1728 2176 fuerant
1743 2115 1952 2195 jurare
1972 2135 2129 2179 nun-

492 2199 672 2286 quam
704 2222 770 2265 se
801 2199 1141 2263 Antiochia
1168 2202 1502 2265 sacerdotio
1537 2205 1951 2285 perfuncturos
1982 2224 1996 2282 ;
2032 2224 2132 2266 se-

488 2315 606 2378 que
636 2301 941 2356 auctorem
963 2289 1052 2351 eis
1081 2288 1290 2362 fuisse,
1314 2301 1421 2352 uta
1449 2293 1704 2371 publicis
1731 2292 1972 2374 quidem
1994 2314 2134 2355 con-

489 2384 759 2447 ventibus
781 2380 1173 2460 abstinerent,
1210 2380 1478 2459 privatim
1528 2391 1722 2444 autem
1767 2383 1968 2445 munia
1997 2383 2131 2445 obi-

490 2484 626 2539 rent
653 2469 1158 2555 presbyterorum.
1214 2468 1358 2531 Cum
1408 2479 1604 2532 autem
1640 2490 1792 2532 unus
1851 2491 1922 2533 ex
1989 2473 2126 2551 illis,

490 2566 710 2629 Bianor
740 2560 1003 2632 nomine,
1040 2557 1255 2631 Iconii,
1289 2560 1608 2622 Antiochia
1662 2561 1895 2636 relicta,
1931 2561 2129 2623 domi-

490 2656 691 2718 cilium
722 2666 897 2711 suum
948 2648 1383 2725 constituisset,
1436 2658 1645 2711 censet
1694 2650 1944 2712 Basilius
1996 2670 2129 2712 eum

492 2748 603 2809 hac
634 2744 764 2820 lege
787 2757 905 2801 non
928 2736 1143 2816 teneri,
1176 2750 1233 2799 et
1260 2738 1498 2818 publice
1521 2738 1859 2803 sacerdotio
1895 2740 2134 2821 perfun-

490 2844 545 2916 εἰ
576 2848 752 2915 posse
786 2848 802 2904 ;
836 2827 1012 2889 modo
1046 2836 1243 2891 tamen
1280 2830 1692 2908 paenitentiam
1746 2839 1877 2909 agat
1934 2829 2010 2891 ob
2041 2829 2131 2891 fa-

491 2923 670 2987 cilem
701 2928 761 2981 et
782 2924 1119 2999 promptum
1142 2916 1217 2977 ad
1245 2917 1659 2997 jusjurandum
1690 2920 1981 2984 animum.

571 3008 863 3081 Meletius,
893 3006 994 3086 qui
1026 3005 1133 3066 has
1157 3005 1381 3068 litteras
1401 3008 1641 3081 detulit,
1670 3009 1888 3069 milites
1917 3024 2133 3069 recens

2217 1847 2524 1911 adventus.
2557 1845 2702 1909 Nam
2729 1864 2793 1908 se
2825 1847 2883 1906 in
2904 1846 3182 1907 Pisidiam
3207 1846 3443 1909 venisse
3466 1855 3711 1909 testatur
3745 1848 3866 1928 (ἆ),

2218 1946 2279 1998 ut
2300 1956 2434 1998 cum
2467 1936 2766 2017 episcopis
2798 1936 2956 1997 illius
2980 1936 3241 2014 regionis
3263 1955 3354 2017 ea,
3381 1954 3515 2013 qua:
3539 1937 3611 1997 ad
3642 1936 3869 1999 fratres

2222 2027 2458 2089 Isauriae
2483 2024 3350 2107 spectant,componeret.Cum
3385 2035 3581 2088 autem
3614 2026 3755 2090 huic
3791 2028 3868 2088 de

2217 2116 2603 2178 restituendis
2655 2115 3096 2195 episcopatibus
3174 2115 3597 2177 deliberationi
3662 2116 3867 2178 multae

2218 2206 2484 2267 inessent
2505 2204 2904 2278 difficultates,
2933 2204 3162 2266 videtur
3205 2224 3276 2266 ea
3296 2204 3516 2266 vicisse
3538 2213 3866 2286 sententia,

2217 2313 2391 2377 quam
2416 2314 2571 2356 anno
2595 2293 2904 2373 superiore
2931 2301 3322 2374 proposuerat
3343 2294 3617 2370 Basilius,
3644 2304 3704 2355 ut
3734 2314 3866 2356 ma-

2218 2403 2348 2463 gnae
2376 2383 2596 2445 civitati
2630 2383 2888 2463 primum
2939 2382 3254 2464 episcopus
3287 2383 3530 2445 daretur
3566 2407 3581 2460 ;
3631 2402 3866 2465 suoque

2215 2474 2302 2536 illi
2324 2473 2550 2534 circulo
2584 2472 3065 2552 circumscripto,
3099 2473 3239 2553 quia
3283 2473 3506 2534 vicinos
3537 2473 3866 2537 nonnullos

2216 2562 2847 2642 ordinabat,deinceps
2870 2580 3056 2643 penes
3077 2561 3562 2643 Amphilochium
3580 2564 3681 2642 jus
3698 2574 3864 2626 esset

2216 2662 2275 2714 et
2302 2650 2614 2712 arbitrium
2648 2650 3066 2731 episcoporum
3102 2652 3161 2712 in
3190 2650 3322 2712 aliis
3361 2650 3692 2713 civitatibus
3713 2672 3861 2714 con-

2216 2739 2749 2804 stituendorum.ld
2766 2739 3104 2819 colligimus
3130 2758 3199 2802 ex
3232 2740 3404 2802 initio
3424 2740 3687 2821 epistolas
3708 2740 3859 2825 217,

2216 2849 2345 2911 quae
2376 2839 2465 2891 est
2487 2827 2775 2890 canonica
2803 2829 3004 2908 tertia,
3028 2827 3129 2890 ubi
3152 2829 3407 2892 Basilius
3426 2838 3633 2891 auctor
3652 2840 3767 2905 est,
3797 2840 3862 2894 ut

2215 2920 2432 2996 aliquis
2465 2936 2537 2981 ex
2569 2918 2881 2999 neophytis
2904 2917 3217 2981 ordinetur
3242 2919 3711 2999 episcopus,sive
3729 2922 3857 2981 Ma-

2214 3009 2465 3071 cedonio
2498 3008 2579 3069 ita
2609 3006 2903 3088 videatur,
2933 3006 3057 3069 sive
3076 3027 3219 3071 non.
3246 3006 3381 3068 Erat
3412 3026 3551 3086 ergo
3576 3009 3859 3071 Macedo—

488 3104 771 3167 collectos
783 3093 1503 3159 deducebat.Gratissima
1519 3096 1853 3160 fuitBasilio
1865 3095 2124 3157 scriben-
2148 3117 2190 3168 ο
2216 3097 2350 3159 nius
2374 3115 2599 3176 magnai
2629 3097 2882 3159 civitatis
2904 3096 3245 3176 episcopus,
3273 3115 3344 3157 ac
3366 3097 3662 3159 metuebat
3680 3098 3859 3162 Basi—

488 3194 549 3256 di
577 3190 652 3254 ad
674 3181 1163 3265 Amphilochium
1211 3184 1446 3245 occasio
1476 3204 1489 3247 :
1528 3186 1689 3247 hunc
1719 3194 1908 3265 rogat,
1933 3194 1999 3246 ut
2031 3185 2126 3246 in-

491 3283 640 3343 visat
668 3273 993 3340 Ecclesiam
1026 3273 1480 3346 Caesariensem,
1521 3282 1832 3354 postquam
1869 3293 1964 3337 res
2016 3275 2126 3355 Ly-

487 3367 715 3435 caoniae
744 3360 1168 3442 composuerit,
1206 3381 1486 3442 eamque,
1536 3364 1656 3424 sive
1706 3382 1770 3426 se
1819 3363 1970 3443 vivo,
2004 3366 2128 3428 sive

489 3468 747 3534 mortuo,
776 3458 838 3512 ut
860 3449 1159 3532 propriam
1189 3460 1382 3515 curet.
1416 3453 1809 3515 Commendat
1850 3454 1903 3515 ei
1937 3454 2122 3518 Mele-

487 3551 657 3619 tium,
693 3550 1014 3618 monetque
1047 3548 1109 3599 ut
1137 3538 1254 3602 diei
1288 3542 1440 3605 festo
1463 3540 1974 3623 sanctiEupsychii
2002 3563 2123 3604 non

490 3639 665 3713 desit,
688 3648 880 3712 neque
897 3637 1220 3709 exspectet,
1248 3631 1387 3692 dum
1414 3631 1627 3693 iterum
1654 3638 1990 3706 moneatur,
2007 3632 2123 3695 imo

484 3737 682 3811 ipsum
716 3722 876 3784 diem
908 3726 1263 3811 antevertat,
1300 3730 1446 3783 utse
1470 3721 1785 3811 exhilaret.

569 3818 712 3880 Cum
746 3811 873 3873 haec
895 3806 1187 3869 scriberet
1209 3811 1489 3886 Basilius,
1512 3810 1993 3891 Amphilochium
2018 3830 2117 3890 pu-

484 3909 646 3977 tabat
671 3901 894 3983 optima
926 3898 1005 3959 uti
1024 3897 1382 3965 valetudine.
1409 3900 1525 3963 Sed
1561 3901 1735 3981 paqu
1770 3907 1901 3979 post
1934 3900 2120 3980 scrip-

483 4002 561 4063 sit
590 3990 1044 4075 Amphilochius
1084 3992 1241 4052 sein
1291 3992 1567 4052 morbum
1626 3988 1939 4052 incidisse.
1970 3988 2119 4051 Per-

484 4089 802 4153 molestum
834 4081 894 4142 id
925 4079 1030 4141 fuit
1060 4080 1297 4157 Basilio,
1324 4080 1426 4159 qui
1446 4077 1855 4160 Amphilochii
1877 4076 2120 4140 videndi

484 4194 695 4255 magno
728 4170 1041 4235 tenebatur
1096 4170 1417 4251 desiderio,
1463 4170 1712 4250 ejusque
1761 4166 2011 4229 consilio
2045 4169 2116 4231 ad

486 4269 669 4330 multa
690 4262 773 4325 uti
803 4260 1059 4324 volebat.
1094 4258 1213 4320 Sed
1246 4260 1324 4338 ib)
1358 4259 1409 4319 ei
1458 4258 1687 4319 veniam
1722 4259 1820 4324 dat
1875 4272 1934 4326 et
1983 4258 2130 4338 petit

486 4354 912 4434 vicissim,cum
940 4359 1255 4429 utrumque
1277 4348 1499 4410 easdem
1525 4367 1719 4410 causae
1734 4350 2125 4430 detinuerint,

486 4446 733 4508 morbus
756 4439 1262 4521 Amphilochium,
1295 4438 1585 4501 Basilium
1626 4448 1791 4503 vetus
1845 4440 2127 4523 aegritudo

482 4554 616 4616 quae
645 4532 909 4596 nondum
940 4530 1340 4592 abscesserat.

567 4629 642 4691 V.
677 4626 995 4703 Postquam
1026 4638 1059 4682 e
1093 4619 1298 4681 morbo
1328 4618 2124 4702 convaluitAmphilochius,

482 4732 691 4779 curam
715 4720 772 4776 et
790 4708 1254 4773 sollicitudinem
1281 4709 1341 4769 in
1368 4726 1434 4770 re
1462 4709 1655 4787 magni
1678 4709 1966 4772 momenti
1985 4726 2128 4770 con-

482 4802 783 4866 stituenda
811 4799 1155 4881 insumpsit.
1178 4799 1340 4860 Inter
1368 4797 1485 4860 alia
1535 4800 1977 4878 provinciarum
2025 4816 2127 4858 se—

483 4900 745 4972 gmenta,
777 4907 908 4971 quae
927 4888 1209 4951 attributa
1230 4885 1431 4949 Iconio
1450 4885 1705 4967 fuerant,
1727 4887 1981 4968 insignis
2001 4893 2130 4950 erat

479 4982 688 5045 civitas
718 4978 1123 5058 lsaurus,quae
1153 4976 1473 5057 provincia:
1492 4975 1732 5039 Isauriae
1763 4996 1983 5040 nomen
2014 4976 2127 5040 de-

479 5072 738 5145 derat,et
769 5066 911 5128 inde
967 5084 1103 5127 cum
1166 5066 1367 5127 multis
1415 5065 1549 5128 aliis
1599 5067 1839 5147 oppidis
1896 5067 2123 5142 avulsa,

480 5159 784 5244 Lycaoniae
799 5155 1081 5235 adjuncta
1097 5163 1225 5244 est.
1257 5154 1556 5219 Destituta
1584 5164 1788 5219 autem
1819 5155 2127 5238 episcopis

481 5243 652 5313 erant
690 5261 814 5309 tum
849 5261 1065 5322 magna
1092 5243 1195 5307 illa
1213 5244 1575 5320 civitas,tum
1600 5244 1718 5308 alia
1734 5246 1976 5328 oppida,
2004 5246 2128 5308 sive

484 5343 558 5405 ab
591 5337 906 5412 haereticis,
944 5334 1071 5396 sive
1125 5335 1200 5395 ab
1232 5335 1505 5397 hostibus
1544 5344 1762 5399 vastata
1797 5357 1815 5415 ;
1845 5339 2127 5401 Basilium

560 5516 649 5591 (α)
676 5510 829 5591 ἔδει
856 5510 956 5591 ίῖτ

571 5584 642 5665 ’ω
674 5587 864 5673 Epist.
897 5584 1038 5649 201.

564 5608 646 5757 in)
673 5668 789 5757 Ep.
814 5664 958 5735 τοι

587 5664 646 5757 ρ)
673 5664 789 5757 Ei»
814 5664 958 5735 ὀῖς

2213 3185 2328 3247 lius
2352 3204 2426 3247 ne
2451 3184 2985 3265 isjurisdictionem
3006 3202 3172 3246 suam
3194 3185 3608 3266 episcoporum
3633 3186 3694 3248 iu
3718 3188 3863 3252 aliis

2210 3273 2542 3337 civitatibus
2558 3274 2936 3337 ordinatione
2950 3274 3220 3337 coerceri
3250 3275 3502 3337 moleste
3526 3275 3863 3341 ferret.Sed

2212 3364 2389 3444 hujus
2421 3363 2509 3426 rei
2531 3363 2983 3445 interpellandis
3012 3364 3275 3427 ablatum
3299 3364 3354 3426 ei
3369 3365 3472 3444 jus
3497 3366 3685 3428 luerat
3704 3386 3862 3429 con-

2208 3454 2343 3516 silio
2367 3453 2689 3535 Basilii,qui
2709 3472 2880 3515 suum
2900 3453 2983 3513 illi
2999 3454 3286 3515 circulum
3310 3455 3578 3518 voluerat
3595 3456 3862 3519 circum-

2210 3544 2415 3607 scribi.
2450 3542 2834 3605 Macedonius
2866 3561 2983 3603 non
3015 3542 3117 3603 diu
3148 3546 3421 3606 Isaurum
3481 3544 3634 3605 rexit
3664 3568 3677 3603 :
3716 3565 3855 3609 nam

2210 3632 2386 3712 hujus
2415 3632 2664 3694 civitatis
2687 3632 3004 3713 episcopus
3033 3631 3294 3694 Hilarius
3319 3632 3378 3692 in
3417 3634 3669 3696 concilio
3693 3636 3857 3698 Con-

2206 3722 2730 3804 stantinopolitano
2760 3730 2817 3783 et
2846 3721 2909 3783 in
2938 3723 3312 3784 Testamento
3352 3724 3542 3786 sancti
3574 3722 3858 3804 Gregorii

2208 3811 2564 3875 Nazianzeni
2586 3820 2850 3874 vocatur.

2748 3955 2986 4020 CAPUT
3034 3955 3300 4021 XXXIII.

2204 4088 2246 4137 Ι.
2272 4087 2621 4135 Daximonem
2643 4084 2932 4146 perturbat
2954 4085 3277 4135 Eustathius
3299 4089 3350 4135 et
3390 4085 3588 4135 multos
3627 4085 3855 4136 abstra-

2266 4148 2349 4197 hit
2389 4162 2424 4212 a
2465 4150 2842 4212 communione
2885 4148 3101 4206 Basilii,
3150 4153 3242 4212 qui
3287 4148 3362 4212 aut
3406 4161 3491 4198 eos
3528 4149 3719 4197 scribit
3791 4150 3865 4199 II.

2272 4211 2475 4261 Scribit
2498 4212 2670 4259 etiam
2687 4210 2765 4258 ad
2793 4210 3258 4261 A’eocwsariensss.
3285 4210 3384 4260 III.
3433 4213 3645 4260 Iterum
3689 4214 3875 4261 mittit

2277 4277 2335 4322 in
2365 4274 2598 4321 Pontum
2621 4274 2671 4319 et
2703 4274 2830 4335 agit
2862 4272 2927 4321 de
2965 4286 3251 4335 congressu
3293 4286 3415 4323 cum
3452 4275 3725 4335 episcopis.
3778 4274 3874 4324 IV.

2274 4333 2791 4397 Neocwsariensibus
2831 4335 2974 4383 nihil
2995 4333 3451 4397 respondentibus
3478 4333 3689 4384 'iteru'm
3732 4342 3879 4386 scri-

2274 4398 2369 4447 bit.
2398 4400 2535 4446 Duas
2581 4396 2711 4446 aliae
2752 4397 2936 4447 eadem
2961 4404 3029 4446 Ile
3064 4396 3122 4446 re
3164 4399 3241 4449 ad
3273 4402 3477 4448 amicos
3520 4398 3744 4448 litteras.
3810 4400 3875 4448 V.

2278 4462 2408 4510 Post
2433 4460 2645 4521 festum
2687 4462 2867 4524 sancti
2918 4460 3209 4524 Ευμενοήίί
3249 4465 3309 4510 in
3359 4463 3597 4524 Peritum
3644 4460 3879 4524 proﬁci-

2269 4525 2457 4573 scitur.
2512 4525 2588 4572 Εο
2649 4535 2679 4570 υ
2712 4523 2894 4570 niente
2950 4521 3024 4572 ad
3067 4521 3077 4524 ’
3083 4524 3305 4584 fratris
3378 4523 3535 4581 cedes,
3607 4521 3882 4572 turbatur

2272 4590 2629 4648 Neocaesarea.
2677 4585 2879 4634 Scribit
2940 4586 3015 4635 ad
3059 4599 3141 4634 eos
3187 4590 3240 4636 et
3281 4585 3356 4636 ad
3396 4584 3718 4648 Olympium.
3783 4586 3876 4635 VI.

2271 4647 2755 4712 Basiliorredeunl‘s‘
2786 4650 3083 4712 nuntiatur
3105 4648 3240 4712 quid
3252 4647 3472 4712 contra
3489 4652 3665 4710 ipsum
3699 4648 3880 4699 laws-c-

2274 4710 2540 4773 “etquid
2563 4710 3061 4773 contrauelelium
3110 4710 3347 4761 'Paulini
3404 4712 3695 4760 sectatores
3756 4724 3878 4773 mo-

2274 4771 2491 4822 liantur
2544 4771 2735 4822 Plures
2757 4771 2843 4820 his
2865 4772 2933 4821 de
2961 4774 3115 4823 rebus
3141 4774 3363 4823 litteras.
3391 4773 3506 4823 VII.
3534 4775 3613 4821 De
3634 4772 3878 4834 epistola

2272 4837 2541 4899 canonica
2592 4837 2776 4899 tertia,
2819 4838 2872 4884 et
2917 4836 3145 4898 epistola
3183 4836 3275 4886 2l8
3320 4849 3443 4899 qua:
3484 4834 3647 4899 simul
3700 4839 3878 4887 missa

2272 4900 2367 4947 est.
2402 4895 2814 4959 νΠΙηιαιιονω
2849 4895 3395 4959 αά”8αηιοεαιεπεὲε,
3440 4897 3515 4948 ad
3553 4899 3877 4949 Beraeenses

2272 4962 2323 5010 et
2347 4958 2724 5009 Chalcidenses
2743 4972 2847 5022 per
2865 4964 3117 5011 Acacium
3150 4964 3343 5011 missa.

2288 5065 2335 5130 I.
2371 5065 2592 5127 Praeter
2619 5064 2878 5127 famosos
2918 5063 3607 5149 libellos,quibusBasilii
3636 5065 3869 5129 famam

2209 5152 2553 5217 Eustathius
2568 5152 3217 5231 laceraverat,occultis
3238 5155 3417 5218 etiam
3442 5154 3610 5216 illum
3640 5155 3873 5218 machi-

2213 5244 2555 5308 nationibus
2578 5243 2795 5305 laedere
2825 5243 3332 5309 eonabatur.Nam
3367 5242 3864 5319 (ejDasimonem,

2213 5354 2346 5417 qua)
2373 5334 2539 5414 regio
2571 5347 2662 5396 est
2694 5336 2864 5397 Ponti
2893 5353 3068 5397 secus
3086 5335 3307 5435 lridem
3331 5331 3869 5417 sita,perturbave-

2295 5505 2385 5587 (ἀ)
2404 5506 2525 5588 Ερ-
2550 5505 2698 5588 24.6-

2295 5584 2369 5671 (ε)
2402 5584 2513 5669 Ep.
2541 5584 2681 5651 216.
