4058 6200
1509 289 1695 353 VITA
1733 290 1798 353 s.
1841 261 2147 354 sternit.

3369 267 3566 359 extitit.
3637 279 3640 281 ’

172 446 383 489 norum
403 425 896 507 improhitas,sed
925 425 1121 506 potius
1140 444 1352 486 novum
1375 425 1518 488 huic
1534 426 1818 489 Ecclesiae
1844 440 1875 481 ρ.
1901 444 2071 486 suum
2103 427 2351 490 levasset
2381 429 2656 490 Basilius.
2695 431 2948 511 Scripsit
2997 434 3233 492 tandem
3284 430 3356 490 ad
3406 449 3549 492 eum

173 520 351 580 decus
380 517 610 595 attulit,
639 516 833 577 oblata
889 516 1026 576 ﬁdei
1059 515 1452 577 defendendas
1488 517 1824 578 occasione.

176 611 541 670 Frontonem
556 607 759 668 Ariani
777 605 1019 684 quidem
1037 606 1378 685 episcopum
1397 605 1827 672 ordinaruntta)

171 699 269 760 sed
298 699 362 758 in
388 716 464 758 eo
492 697 825 777 rejiciendo
849 695 1064 756 enituit
1088 695 1229 756 cleri
1256 714 1325 756 ac
1349 697 1546 776 populi
1570 714 1823 758 consen-

169 808 288 849 sus.
322 789 440 849 Vix
465 805 626 847 unus
648 795 746 846 aut
766 787 922 849 alter
953 785 1216 847 clericus
1243 804 1379 848 cum
1409 805 1478 847 eo
1503 786 1706 848 abiere
1734 807 1746 849 :
1771 797 1828 849 at

169 878 358 939 factus
391 888 486 937 est
515 878 852 938 communis
917 877 1245 936 exsecratio
1293 876 1470 936 totius
1504 877 1824 938 Armeniae.

171 968 375 1047 Itaque
412 966 624 1028 Ariani
647 984 713 1027 re
745 967 966 1027 iniecta
997 965 1326 1028 redierunt.
1355 967 1490 1026 etin
1520 965 1828 1026 redeundo

171 1058 367 1136 aliqua
397 1057 728 1135 impietatis
754 1073 877 1116 suae
912 1055 1149 1133 vestigia
1179 1056 1569 1134 reliquerunt,
1594 1055 1668 1115 de
1691 1057 1828 1136 qui-

163 1148 271 1206 bus
306 1149 396 1206 sic
434 1146 692 1207 Basilius
726 1146 784 1206 in
828 1163 928 1225 ep.
963 1146 1103 1224 25l,
1141 1164 1200 1206 n.
1235 1145 1310 1204 3:
1371 1145 1454 1205 Hi
1497 1145 1821 1225 Nicopolim

158 1254 353 1316 usque
383 1237 720 1314 progressi,
738 1253 871 1295 cum
897 1234 1056 1294 nihil
1078 1240 1417 1313 potuissent
1439 1251 1668 1301 eorum,
1689 1253 1826 1314 qua?

157 1325 929 1402 proutiseranlmerﬁcere;
953 1324 1251 1404 quomodo
1274 1324 1823 1403 redierint,quole—

155 1433 308 1494 sque
340 1421 407 1474 in
430 1413 747 1475 redeundo
766 1415 887 1474 visi
911 1415 1056 1490 sint,
1084 1421 1315 1474 norunt
1333 1414 1437 1489 qui
1463 1413 1821 1484 adfuerunt.

237 1503 687 1564 Demosthenes
702 1502 802 1562 ubi
820 1501 963 1562 vidit
985 1500 1431 1578 Nicopolitanos
1448 1521 1562 1561 non
1583 1501 1822 1574 cedere,

161 1594 211 1653 vi
237 1603 294 1653 et
328 1591 736 1670 impressione
763 1591 1101 1650 ordinatum
1128 1590 1244 1651 illis
1266 1590 1608 1668 episcopum
1627 1591 1823 1671 impo-

165 1700 308 1742 nere
328 1699 655 1759 aggressus
677 1691 788 1746 est.
821 1699 886 1740 ac
909 1679 1236 1740 Ecclesiam
1263 1679 1517 1740 civitatis
1539 1679 1822 1740 Frontoni

164 1771 435 1831 tradidit.
475 1768 592 1830 Sed
628 1775 830 1830 tamen
857 1769 1006 1828 nihil
1040 1769 1358 1848 pro-movit,
1388 1769 1825 1847 malueruntpii
1860 1797 1891 1841 ίε

165 1861 454 1920 homines
487 1857 598 1917 sub
625 1858 724 1918 dio
758 1868 1087 1918 conventus
1113 1877 1250 1917 suos
1275 1875 1471 1934 agere,
1495 1877 1671 1936 quam
1698 1878 1828 1918 cum

167 1949 478 2010 Frontone
531 1947 1002 2009 communicare.
1040 1947 1242 2025 Itaque
1279 1948 1336 2006 in
1375 1947 1570 2007 vacuis
1597 1947 1833 2008 aedibus

169 2039 440 2120 quotidie
466 2057 602 2097 cum
627 2056 802 2116 parva
830 2047 1186 2098 sectatorum
1223 2055 1396 2097 manu
1423 2038 1827 2105 recumbebat.

170 2149 274 2206 pro
293 2129 685 2207 episccpatus
701 2129 908 2205 gloria,
937 2145 1111 2205 quam
1138 2136 1445 2205 tantopere
1470 2128 1828 2204 concupive-

169 2229 276 2288 rat,
313 2216 652 2293 ignominia
682 2227 739 2276 et
770 2215 1114 2296 opprobriis
1145 2225 1492 2294 coopertus.

244 2306 388 2368 Haec
419 2306 604 2384 paulo
627 2306 804 2365 aliter
833 2325 901 2366 ac
931 2304 1347 2365 Tillemontins
1374 2304 1821 2384 descripsimus.

173 2395 661 2458 Existimatenim
678 2393 1058 2454 doctissimus
1071 2393 1824 2473 scriptorDemosthenem,

169 2505 302 2547 cum
351 2483 907 2563 Nicopolitanornm
969 2483 1202 2544 animos
1257 2482 1574 2543 levioribus
1628 2493 1822 2544 tenta-

173 2574 392 2635 mentis
411 2582 844 2653 oppugnasset,
871 2582 933 2632 ut
957 2571 1246 2633 Eustathii
1281 2591 1454 2632 manu
1479 2574 1822 2652 episcopum

170 2664 542 2741 acciperent,
581 2663 682 2722 ubi
727 2662 872 2722 vidit
909 2680 1014 2722 eos
1059 2681 1175 2722 non
1228 2661 1467 2730 cedere,
1501 2663 1824 2722 violentum

175 2754 314 2813 illud
335 2771 556 2830 agmen
592 2753 946 2816 Arianorum
978 2751 1386 2812 immisisse.ln
1414 2769 1541 2810 eam
1577 2763 1824 2813 senten-

1912 515 2221 596 epistolam
2243 518 2383 597 ‘237,
2412 519 2590 581 initio
2610 521 2785 600 hujus
2808 522 2949 581 anni
2974 522 3110 591 376,
3143 528 3272 600 post
3297 520 3550 581 reditum

1913 604 2271 667 Arianorum
2326 627 2393 668 ex
2447 609 2591 670 urbe
2626 611 2922 690 Nicopoli,
2967 620 3087 672 tum
3132 631 3264 670 cum
3298 610 3555 670 vicarius

1913 694 2184 768 graviora
2210 697 2629 771 ininareter,ac
2657 701 2805 760 forte
2819 712 3137 780 antequam
3166 699 3377 760 tradita
3400 707 3558 760 esset

1912 781 2180 846 Ecclesia
2195 783 2501 849 Frontoni.
2522 787 2580 848 In
2610 789 2717 848 hac
2743 789 2992 868 epistola
3016 788 3304 849 rationem
3333 787 3552 859 reddit.

1914 889 2019 932 cur
2051 880 2211 934 tanto
2252 875 2558 936 intervallo
2592 877 2835 950 scribat,
2864 897 2928 938 ac.
2963 879 3468 958 persecutionem,
3495 884 3557 938 ut

1915 960 2186 1026 vidimus.
2223 965 2433 1024 ordine
2466 966 2772 1030 describit.

1995 1052 2376 1130 Scripserunt
2407 1055 2732 1134 presbyteri
2756 1056 3151 1136 Nicopolitani
3175 1055 3246 1117 ad
3273 1054 3552 1116 Basilium

1909 1139 1982 1200 de
2005 1143 2288 1201 aerumnis
2317 1144 2598 1204 Ecclesiae
2624 1147 2896 1207 suteSed
2924 1166 3125 1206 eorum
3154 1147 3377 1206 litteras
3401 1145 3556 1205 fama

1909 1247 2014 1288 sua
2047 1229 2348 1291 celeritate
2385 1243 2796 1312 superaverat,
2837 1245 2894 1297 et
2926 1235 2983 1295 iu
3015 1234 3260 1296 vicinam
3311 1252 3550 1294 omnem

1909 1319 2212 1395 regionem
2247 1320 2443 1381 scelus
2476 1321 2790 1384 Frontonis
2821 1335 2879 1385 et.
2912 1324 3056 1385 cleri
3086 1343 3153 1384 ac
3179 1322 3368 1403 plebis
3392 1325 3448 1383 in
3486 1341 3555 1382 eo

1912 1407 2263 1468 detestando
2299 1428 2651 1471 cou~ensnm
2705 1413 3028 1474 detulerat.
3062 1414 3260 1492 Itaque
3310 1412 3560 1473 Basilius

1913 1497 2058 1557 nihil
2090 1499 2220 1557 novi
2256 1517 2322 1559 ex
2344 1518 2555 1560 eorum
2592 1501 2808 1562 litteris
2831 1502 3060 1566 didicit.
3093 1501 3436 1579 Respondet
3460 1518 3564 1572 per

1911 1586 2219 1664 epistolam
2244 1588 2457 1667 ‘238,ac
2478 1589 2746 1650 hortatur
2767 1609 2839 1652 ne
2863 1592 3124 1652 animum
3151 1591 3562 1671 despondeant

1910 1676 1984 1734 ob
2016 1676 2240 1755 lapsum
2276 1679 2449 1738 unius
2479 1689 2576 1739 aut
2630 1682 2877 1741 alterius
2911 1681 3009 1761 qui
3038 1700 3101 1741 se
3130 1681 3412 1742 Frontoni
3444 1680 3556 1740 ad-

1909 1765 2256 1846 junxerant,
2297 1787 2428 1826 cum
2466 1769 2609 1829 cleri
2664 1788 2881 1850 corpus
2929 1773 3223 1848 integrum
3278 1781 3556 1843 maneat;

1921 1873 2113 1934 neque
2169 1863 2340 1916 etiam
2392 1858 2569 1917 nimis
2629 1858 2894 1931 doleant,
2931 1861 3084 1939 quod
3139 1867 3304 1920 extra
3359 1877 3560 1919 muros

1919 1945 2092 2023 ejecti
2126 1944 2266 2024 sint,
2302 1947 2402 2006 sed
2441 1948 2629 2024 siqua
2662 1948 2736 2008 sit
2764 1949 2872 2008 hac
2918 1949 2975 2008 in
3032 1968 3096 2009 re
3125 1948 3416 2018 molestia,
3455 1966 3560 2028 spe

1922 2035 2220 2094 mercedis
2255 2043 2310 2095 et
2343 2037 2602 2097 adfuturi
2655 2039 2771 2098 cito
2805 2038 3007 2099 auxilii
3056 2047 3395 2099 constanter
3429 2055 3562 2117 per-

1921 2121 2132 2185 ferant.

1995 2212 2124 2273 Non
2153 2215 2338 2274 multo
2355 2224 2483 2292 post
2504 2215 2784 2294 scriptam
2809 2215 3063 2277 Eusebio
3087 2217 3392 2296 epistolam
3417 2215 3556 2287 237,

1915 2303 2238 2363 Antiochus
2261 2322 2326 2363 ex
2355 2303 2597 2366 Oriente
2623 2309 2676 2364 in
2703 2305 3020 2368 Thraciam
3047 2305 3418 2366 contendens
3442 2304 3564 2365 Cae-

1914 2409 2078 2452 sarea
2104 2393 2436 2471 transiit,ac
2463 2413 2625 2455 nova
2650 2396 2915 2474 epistolae
2945 2396 3316 2456 occasionem
3346 2394 3562 2454 Basilio

1913 2481 2126 2541 attulit.
2167 2483 2336 2542 Hunc
2371 2483 2704 2562 epistolam,
2741 2503 2874 2562 qua:
2926 2494 3012 2544 est
3043 2484 3183 2563 239,
3229 2503 3345 2544 non
3379 2483 3563 2543 multo

1913 2580 2041 2647 post
2068 2587 2193 2628 eam
2221 2589 2352 2650 quze
2376 2579 2464 2632 est
2488 2571 2918 2650 ‘237,scriptam
2950 2590 3081 2632 esse
3111 2571 3466 2650 perspicitur
3489 2591 3559 2632 ex

1912 2659 2038 2736 ipso
2063 2657 2439 2720 initio:l)edit
2467 2662 2632 2721 nobis
2654 2661 2946 2721 Dominus
2961 2667 3147 2722 etiam
3163 2659 3567 2722 nu-uc...salu-

1913 2755 2044 2808 ture
2089 2750 2480 2810 sanctitatem
2513 2756 2702 2824 tuam,
2740 2761 2854 2809 etc.
2887 2751 3120 2811 Statum
3153 2747 3561 2810 Ecclesiarum

177 2844 314 2902 tiam
335 2840 930 2920 interpretaturillud
960 2859 1027 2900 ex
1051 2840 1226 2919 epist.
1247 2839 1512 2906 Q37,Ubi
1545 2842 1709 2902 videt
1733 2860 1833 2903 eos
1919 2837 2208 2914 deplorat,
2239 2854 2306 2896 ac
2333 2838 2407 2897 de.
2440 2837 2648 2914 legatis
2674 2840 2917 2897 Romam
2946 2838 3253 2898 mittendis
3280 2836 3566 2898 nonnulla

185 2933 400 2987 libenter
429 2948 540 2985 non
571 2931 779 2998 cedere,
813 2945 956 2985 nunc
987 2930 1303 2999 aggreditur
1330 2929 1642 2986 violentiorc
1682 2949 1836 2984 manu
1918 2924 2178 3002 disserit,
2202 2945 2330 3004 quae
2364 2927 2538 2986 modo
2573 2927 3070 2989 examinabimus.
3107 2929 3220 2988 Sed
3251 2936 3563 3006 antequam

189 3018 398 3077 datum
416 3015 549 3076 illis
569 3017 913 3094 episcopum
937 3016 1328 3076 constituere.
1351 3015 1472 3074 Sed
1499 3015 1621 3076 haec
1645 3015 1833 3076 inter-
1920 3014 1989 3072 ad
2028 3014 2176 3074 hanc
2198 3015 2556 3091 legationem
2576 3015 2805 3076 veniam
2818 3035 3048 3096 us,quze
3076 3017 3276 3078 multis
3301 3015 3564 3076 difficul-

192 3106 438 3183 pretatio
454 3119 620 3164 stare
644 3123 761 3164 non
784 3112 1014 3183 potest;
1045 3104 1456 3164 constatenim
1480 3105 1834 3165 Frontonem
1925 3104 2140 3162 tatibus
2174 3105 2472 3182 implicata
2506 3113 2616 3174 est,
2652 3107 2763 3165 alia
2793 3105 2996 3165 Basilii
3041 3105 3567 3166 commemoranda

190 3195 257 3254 ab
287 3194 536 3256 Arianis
575 3193 984 3273 episcopatum
1027 3193 1350 3272 accepisse.
1380 3193 1576 3263 Quare
1607 3194 1835 3256 violen—
1859 3201 1897 3249 C
1923 3191 1995 3250 ad
2025 3192 2470 3267 Nicopolttanos
2495 3193 2874 3272 presbyteros
2898 3193 3322 3272 epistolatlnm
3357 3211 3562 3274 parum

192 3285 319 3343 tiam
357 3283 552 3349 illam.
587 3301 762 3362 quam
819 3284 1252 3344 Demosthenes
1287 3283 1576 3344 adhibere
1608 3285 1836 3362 statuit,

200 3383 255 3432 ut
274 3374 496 3434 datum
525 3378 872 3450 episcopum
898 3371 1840 3450 constitueret,nonimmittendis

193 3462 420 3522 Arianis
453 3461 755 3532 adhibuit,
783 3460 885 3538 qui
909 3460 1032 3538 jam
1068 3463 1441 3539 perfecerant
1469 3463 1622 3540 quod
1659 3463 1835 3523 situm

195 3551 245 3610 in
280 3552 430 3628 ipsis
468 3551 688 3628 fuerat,
711 3552 814 3610 sed
834 3549 1018 3609 sacris
1040 3550 1267 3611 aedibus
1289 3551 1574 3613 Frontoni
1603 3570 1708 3630 per
1726 3553 1838 3612 vim

191 3640 522 3701 tradendis.
560 3638 712 3699 Vide
744 3657 874 3719 quae
904 3637 1348 3701 observavimus
1397 3640 1469 3700 ad
1530 3641 1838 3718 epistolam

265 3818 362 3880 ιν.
398 3817 558 3878 Tum
598 3836 731 3880 cum
767 3818 1196 3899 Nicopolitanis
1220 3819 1486 3897 graviora
1517 3817 1845 3879 minaretur

194 3908 656 3977 Demosthenes,
679 3925 883 3968 rumor
917 3917 1038 3970 erat
1071 3908 1340 3977 Arianos,
1376 3912 1472 3987 qui
1505 3907 1654 3969 forte
1689 3925 1838 3968 non-

190 3997 320 4056 dum
346 3997 406 4055 in
431 3994 725 4057 Galatiam
761 3997 1258 4063 redierant,altnd
1292 3997 1612 4058 concilium
1651 3998 1828 4058 medi-

191 4088 316 4156 tari,
339 4085 416 4145 ad
446 4084 609 4162 quod
636 4087 991 4147 accersitum
1020 4086 1432 4157 Basilium,aut
1460 4104 1658 4146 secum
1681 4105 1844 4145 com-

194 4175 504 4235 municare
527 4185 1055 4254 cogerent,autsua
1070 4175 1502 4236 consuetudine
1517 4183 1842 4235 uterentur.

189 4264 349 4322 Inter
367 4263 482 4322 bas
503 4262 807 4322 molestias
840 4263 1096 4326 Basilius
1120 4261 1267 4322 nihil
1293 4262 1366 4321 de
1389 4262 1723 4324 valetudine
1747 4283 1850 4325 sua

187 4351 461 4410 scribere
504 4350 766 4412 audebat
814 4352 1098 4429 Eusebio,
1132 4371 1209 4412 ne
1235 4369 1372 4411 vera
1406 4351 1662 4412 dicendo
1695 4355 1849 4413 stili--

187 4450 375 4516 geret.
415 4438 785 4501 Jamdudum
823 4443 1016 4502 nullas
1044 4439 1302 4501 Eusebio
1328 4440 1554 4502 litteras
1586 4443 1846 4511 miserat,

1926 3277 2133 3340 beatus
2149 3280 2255 3340 sibi
2273 3281 2572 3342 videretur
2590 3280 2806 3342 Fronto
2820 3301 3015 3343 vacuae
3034 3282 3314 3343 Ecclesiae
3327 3301 3560 3363 posses-

1924 3369 2111 3437 sione,
2138 3388 2261 3429 rem
2296 3379 2422 3430 astu
2448 3379 2702 3431 tractare
2721 3381 2777 3430 et
2797 3372 2971 3431 tidem
2998 3372 3346 3432 catholicam
3375 3372 3559 3450 proli-

1925 3464 2036 3520 teri
2071 3460 2286 3538 coepit:
2329 3478 2523 3538 neque
2556 3479 2688 3520 eum
2727 3461 2849 3520 hzec
2881 3461 3009 3522 alea
3039 3466 3281 3522 omnino
3312 3461 3558 3522 fefellit:

1927 3565 2060 3607 nam
2090 3549 2353 3608 nonnulli
2377 3549 2651 3609 dubitare
2680 3567 2746 3608 ac
2770 3551 3055 3610 ﬂuctuare
3079 3553 3568 3630 cmperuntJnte-

1927 3639 2039 3695 rim
2073 3637 2214 3697 varii
2241 3647 2296 3697 et
2320 3639 2530 3699 incerti
2564 3657 2839 3698 rumores
2864 3639 3141 3699 Basilinm
3171 3640 3570 3700 sollicitudine

1929 3726 2382 3805 distringebant,
2419 3739 2473 3786 et
2507 3737 2670 3788 certo
2725 3728 2881 3787 scire
2917 3728 3200 3807 majorem
3237 3729 3295 3789 in
3329 3729 3567 3801 modum

1925 3815 2129 3877 avebat
2148 3817 2310 3896 ,quid
2335 3815 2601 3895 Nicopoli
2628 3827 2904 3894 ageretur
2931 3835 2945 3890 ;
2972 3837 3102 3876 cum
3130 3827 3573 3898 pempportune

1926 3905 1996 3964 ad
2013 3924 2146 3965 eum
2164 3907 2485 3985 presbyteri
2501 3905 2891 3986 Nicopolitani
2906 3907 3338 3968 miseruntcum
3357 3907 3572 3970 litteris

1929 3993 2334 4056 Theodosium
2352 4013 2480 4054 com
2493 3996 3000 4076 presbyterum,“
3017 4017 3131 4076 quo
3147 3999 3382 4076 singula
3400 4016 3572 4057 accu-

1931 4096 2054 4145 rate
2084 4087 2374 4164 cognovit.
2413 4091 2506 4148 Sic
2539 4086 2854 4164 respondet
2891 4088 3164 4162 Basilius,
3199 4101 3263 4150 ut
3285 4108 3416 4168 quze
3449 4092 3574 4165 ipse

1933 4173 2045 4234 sibi
2079 4175 2382 4246 suadebat,
2407 4175 2615 4235 eadem
2651 4177 2768 4236 illis
2802 4185 3134 4257 proponat:
3174 4196 3390 4257 nempe
3425 4178 3576 4236 hanc

1939 4266 2413 4343 persecutionem
2445 4267 2723 4324 eumdem
2764 4267 2979 4326 exitum
3010 4267 3367 4344 habituram,
3397 4283 3572 4344 quem

1939 4356 2139 4414 multa:
2167 4354 2299 4415 alia)
2330 4357 2672 4434 superiores
2705 4355 3074 4429 habuerant;
3112 4357 3495 4435 quamobrem
3529 4355 3573 4414 si

1935 4445 2132 4520 gravis
2166 4445 2263 4514 sit,
2291 4464 2400 4524 Spe
2430 4463 2666 4504 coronae
2694 4444 3109 4520 perferendam
3139 4462 3151 4505 :
3179 4445 3225 4504 si
3259 4444 3422 4522 levis,
3460 4462 3572 4503 non

193 4547 305 4588 non
338 4529 714 4606 negligentia
743 4540 843 4590 aut
872 4531 1189 4600 oblivione,
1225 4529 1329 4590 sed
1363 4530 1500 4608 quia
1531 4549 1663 4590 cum
1699 4532 1848 4590 scri-
1879 4570 1915 4617 ο
1937 4533 2104 4593 valde
2135 4536 2193 4592 in
2225 4553 2396 4613 parvo
2430 4534 2806 4593 itttutnntodn
2839 4534 3156 4609 lugendum
3212 4532 3489 4594 Hortatur
3512 4539 3575 4591 ut

193 4617 408 4694 psisset
447 4635 556 4694 per
579 4617 844 4679 Thraciae
873 4620 1177 4686 vicarium,
1208 4627 1266 4678 et
1323 4637 1427 4698 per
1467 4620 1847 4698 prmpositnm
1937 4624 2400 4682 memineriutse
2417 4635 2732 4702 martyrum
2752 4624 3227 4682 etconfessornm
3251 4623 3400 4682 ﬁlios
3416 4641 3568 4692 esse,

196 4704 640 4784 Philippopolis
697 4707 1131 4784 thesaurorum,
1169 4707 1387 4769 litterae
1433 4708 1682 4768 redditae
1735 4729 1848 4770 non
1933 4730 1998 4770 ac
2023 4713 2366 4773 domesticis
2385 4713 2674 4791 exemplis
2699 4720 2954 4770 utantur.
2987 4712 3134 4773 [llud
3170 4722 3367 4771 autem
3395 4722 3570 4771 etiam

197 4793 457 4854 fuerunt.
493 4792 850 4871 Peragrante
904 4797 1058 4856 enim
1101 4796 1424 4874 paroeciam
1468 4796 1705 4868 Basilio,
1743 4799 1848 4857 ad-
1934 4812 2108 4880 atque
2134 4803 2306 4861 etiam
2337 4800 2996 4878 monet,nerecla2fulei
3021 4800 3576 4861 simulatiotacdelu-

197 4885 350 4944 venit
384 4901 642 4960 vespere
680 4885 736 4944 in
768 4887 971 4946 urbem
1008 4889 1284 4955 vicarius,
1313 4897 1372 4946 et
1403 4906 1635 4946 suuuno
1679 4906 1852 4949 mane
1937 4891 2168 4949 dantur.
2205 4892 2390 4968 Negat
2452 4908 2516 4950 se
2577 4890 3057 4965 commissurum,
3093 4900 3148 4949 ut
3217 4892 3572 4952 Frontonem

200 4973 360 5059 abiit,
390 4973 655 5052 ejusque
686 4975 970 5036 adventus
1002 4994 1349 5037 mcunomos
1367 4975 1635 5037 ecclesiae
1659 4976 1846 5041 latuit.
1936 4981 2281 5059 episcopum
2299 4979 2995 5058 aguoscatjdqneeorum
3014 4979 3386 5059 potissimum
3401 4997 3578 5038 causa

203 5058 571 5142 Praepositus
604 5079 768 5135 vero,
803 5083 978 5143 quem
1010 5064 1263 5125 Basilius
1308 5074 1611 5142 rogaverat
1652 5076 1709 5124 ut
1755 5066 1843 5126 lit.
1941 5058 2224 5146 declarat,
2256 5087 2404 5148 quos
2434 5069 2701 5128 audierat
2726 5058 3054 5129 ﬂuctuare:
3092 5089 3165 5129 ne
3197 5069 3329 5150 quis
3359 5089 3425 5130 ex
3463 5069 3578 5128 illis

205 5159 348 5211 teras
402 5161 702 5223 sumeret,
741 5162 991 5231 urgente
1047 5155 1296 5215 fortasse
1343 5154 1543 5230 aliquo
1598 5157 1853 5232 negotio,
1941 5159 2364 5218 communione
2392 5159 2705 5219 Frontonis
2729 5167 3379 5238 praeoccup:retur,aut
3405 5176 3580 5219 accc-

1943 5259 2038 5326 pta
2058 5247 2129 5307 ab
2155 5267 2225 5307 eo
2245 5248 2858 5320 ordinatione,postea
2874 5249 3102 5309 reddita
3127 5267 3271 5330 pace
3287 5249 3401 5308 vim
3429 5247 3585 5307 face-

1945 5346 2031 5395 ret
2065 5337 2281 5414 gradus
2315 5336 2613 5396 retinendi
2644 5353 2844 5396 causa.
2882 5337 3266 5419 Perspicuum
3327 5347 3414 5398 est
3457 5338 3580 5398 haec

1945 5426 2162 5504 scripta
2224 5443 2378 5499 esse,
2430 5433 2749 5505 antequam
2812 5428 3248 5506 persecutionis
3311 5425 3584 5488 violentia

205 5241 500 5316 profectus
526 5251 624 5302 est
645 5261 758 5302 nec
782 5244 1074 5322 susceptis
1098 5241 1312 5303 litteris
1338 5261 1447 5304 nec
1470 5243 1718 5304 salutato
1747 5249 1854 5308 Ba-

203 5327 348 5390 sitio.
376 5329 458 5390 Eo
486 5331 846 5392 molestiora
879 5334 1002 5393 haec
1038 5340 1228 5402 erant,
1265 5332 1418 5412 quod
1469 5333 1734 5408 quotidie
1764 5354 1860 5395 res

207 5435 352 5481 nova:
370 5420 950 5498 evenirent,quibus
963 5421 1220 5483 Eusebio
1238 5421 1578 5484 scribendis
1592 5422 1856 5486 dolorem

273 5593 348 5664 'u)
375 5591 489 5669 Ep.
528 5590 683 5668 238,
724 5587 875 5651 240.
