4058 6200
462 196 644 264 (ξιιῐν

1845 182 2435 252 PROLEGOMENA.

463 325 782 381 cresceret.
815 319 1088 383 Nondum
1148 319 1310 382 enim
1368 318 1605 382 inﬂicta
1664 327 1834 384 erant
1891 316 2420 401 plaga,Aduabus
2452 319 2685 400 litteris,
2721 340 2854 403 qua
2903 340 2934 384 a
2993 319 3355 402 presbyteris
3412 319 3721 385 Dorotheo
3791 331 3857 384 et

470 407 732 468 nondum
760 427 1057 474 carceres.

549 496 634 556 Ad
656 497 769 559 hoc
794 506 1025 580 tempus
1049 498 1672 582 pertinetbrevissima
1690 501 1762 562 ad
1776 498 2106 564 Eusebium

467 584 872 669 epistola,qua
887 598 975 651 est
993 588 1403 652 ducentesima
1422 590 1876 672 quadragesima
1898 591 2105 671 prima.

472 673 721 737 Videtur
778 687 1019 758 questus
1077 698 1210 742 esse
1258 679 1577 754 Eusebius,
1613 680 1769 761 quod
1813 681 1869 740 in
1901 679 2112 740 litteris

470 763 673 825 Basilii
699 765 849 828 nihil
875 767 987 829 nisi
1021 786 1275 832 maerore
1297 782 1353 832 et
1375 770 1651 851 lacrymis
1682 769 1923 848 dignum
1957 769 2112 848 lege-

469 862 560 914 ret
590 872 604 915 :
642 855 799 935 quod
833 857 1073 936 quidem
1124 858 1535 939 superioribus
1565 858 1796 919 duabus
1825 859 1896 919 ad
1924 861 2112 919 Euse-

470 940 634 1004 bium
659 946 925 1025 epistolis
953 948 1174 1027 optime
1197 947 1843 1028 congruit.Respondet
1869 949 2112 1009 Basilius

471 1050 535 1093 se
567 1032 639 1094 de
683 1035 949 1096 molestis
981 1037 1161 1098 rebus
1192 1056 1351 1118 sape
1385 1037 1678 1111 scribere,
1711 1056 1830 1097 non
1861 1049 1924 1098 ut
1954 1037 2114 1098 illius

471 1120 737 1184 dolorem
766 1133 994 1202 augeat,
1023 1126 1127 1187 sed
1152 1136 1215 1187 ut
1238 1144 1408 1188 suum
1436 1127 1563 1208 ipse
1590 1125 1796 1199 leniat,
1834 1145 1901 1187 ac
1925 1125 2114 1187 Euse-

471 1209 632 1271 bium
666 1214 735 1273 ad
772 1215 1122 1277 intentiores
1150 1235 1257 1296 pro
1289 1216 1559 1278 Ecclesia
1617 1235 1829 1296 preces
1882 1217 2113 1276 excitet.

555 1299 766 1364 V.Duo
791 1305 1261 1383 prastantissimi
1288 1306 1576 1368 Ecclesia
1593 1305 1978 1367 Antiochenae
1992 1324 2118 1386 pre-

471 1388 710 1469 sbyteri,
727 1394 1128 1457 Dorotheuset
1151 1394 1814 1473 Sanctissimus.magno
1835 1394 2122 1457 Ecclesiae

475 1481 852 1574 paciﬁcanda
873 1485 1064 1545 studio
1090 1485 1448 1562 ﬂagrabant;
1482 1503 1738 1574 cumque
1755 1484 2043 1574 precibus
2067 1493 2123 1544 et
2149 1526 2182 1574 Β

471 1570 802 1634 hortatibus
835 1576 1095 1650 egissent
1123 1575 1276 1655 apud
1319 1575 1639 1656 episcopos
1663 1571 2026 1648 Orientales,
2062 1583 2123 1635 ut

477 1660 691 1738 legatio
709 1669 765 1722 in
780 1663 1167 1728 Occidentem
1186 1662 1873 1742 mitteretur,commissa
1890 1664 2124 1741 utrique

474 1747 598 1809 hac
620 1753 917 1829 provincia
943 1754 1102 1816 circa
1129 1755 1352 1817 Pascha
1375 1754 1548 1832 hujus
1566 1751 1709 1815 anni
1726 1751 2127 1814 376.Videtur

473 1836 1124 1924 Dorotheussuperiore
1138 1852 1335 1906 autum
1347 1863 1441 1904 mo
1458 1843 1602 1904 Rom
1614 1861 1706 1902 am
1723 1842 2122 1922 cogitassem),

476 1929 568 1988 vel
603 1932 807 1992 saltem
836 1932 1117 1996 Basilium
1151 1934 1413 1994 hortatus
1446 1931 1648 2006 fuisse,
1679 1940 1739 1992 ut
1771 1931 2120 2009 Gregorium

475 2019 802 2098 Nyssenum
839 2021 899 2082 in
924 2021 1311 2085 Occidentem
1332 2023 1586 2099 legatum
1608 2021 1896 2083 mitteret.
1926 2020 2127 2082 Caruit

477 2110 634 2172 exitu
656 2109 767 2172 hoc
791 2112 1259 2192 consilium,sive
1284 2111 1425 2190 quia
1445 2111 1794 2190 Gregorius,
1826 2118 1888 2171 ut
1909 2109 2122 2190 pravi-

476 2201 641 2262 derat
667 2201 942 2274 Basilius,
979 2203 1092 2263 hoc
1126 2221 1339 2264 munus
1371 2201 1682 2281 suscipere
1713 2199 1924 2274 noluit,
1960 2200 2121 2277 quod

479 2289 641 2352 illius
683 2293 972 2354 stomachi
1004 2312 1120 2352 non
1155 2301 1302 2365 erat,
1339 2292 1462 2352 sive
1492 2290 1630 2364 alia,
1669 2289 1744 2350 de
1774 2308 1968 2350 causa.
2007 2288 2123 2351 Sed

481 2390 674 2442 tamen
708 2381 1070 2443 Dorotheum
1107 2382 1165 2442 in
1214 2381 1526 2445 Thraciam
1584 2381 1839 2451 venisse,
1874 2387 1932 2439 et
1991 2399 2120 2439 cum

477 2471 734 2534 Eusebio
757 2472 1158 2534 Samosatensi
1192 2472 1381 2533 fuisse
1407 2491 1567 2532 anno
1601 2469 1715 2533 375
1747 2478 2003 2530 exeunte
2036 2469 2122 2529 vel

479 2561 594 2622 3'76
621 2561 891 2641 ineunte,
926 2561 1174 2626 dicimus
1205 2581 1271 2622 ex
1309 2561 1558 2641 epistola
1586 2558 1726 2638 239,
1755 2578 1886 2638 qua
1906 2559 2122 2638 scripta

482 2661 569 2714 est
594 2671 708 2713 non
736 2649 919 2712 multo
946 2660 1075 2732 post
1097 2651 1328 2712 initium
1353 2654 1488 2712 anni
1510 2649 1649 2711 376.
1693 2649 1974 2710 Eratcum
2009 2648 2124 2708 Ba-

483 2742 613 2802 silio
649 2741 738 2803 vel
772 2741 831 2802 in
865 2740 1133 2803 ﬁnitimis
1184 2741 1354 2821 locis,
1390 2759 1521 2801 cum
1555 2739 1805 2801 Basilius
1849 2740 2123 2799 eamdem

483 2833 792 2912 epistolam
827 2833 1088 2914 scripsit.
1123 2832 1313 2911 Rogat
1357 2833 1514 2892 enim
1561 2829 1883 2892 Eusebium
1920 2831 2185 2917 qualesC

482 2923 754 2983 redeunti
789 2923 1086 2984 Dorotheo
1119 2922 1329 2982 danda
1360 2921 1478 2982 sint
1513 2921 1758 2981 littera:
1786 2921 1933 2980 forte
1967 2918 2123 2978 enim

485 3014 762 3075 comitem
817 3012 984 3074 illum
1037 3013 1297 3072 futurum
1333 3012 1552 3089 optimo
1588 3009 1994 3087 Sanctissimo,
2031 3007 2130 3087 qui

483 3122 692 3180 magno
725 3102 905 3162 animi
956 3101 1171 3162 ardore
1222 3097 1526 3162 Orientem
1564 3097 1934 3178 peragrabat,
1974 3106 2028 3157 et
2059 3096 2131 3158 ab

486 3189 817 3267 insignibus
841 3189 1174 3270 quibusque
1207 3188 1499 3268 episcOpis
1551 3185 2035 3266 subscriptiones
2073 3192 2133 3248 et

487 3280 764 3356 epistolas
799 3279 1145 3357 colligebat.

568 3459 820 3538 Legatos
844 3459 902 3520 in
925 3455 1308 3521 Occidentem
1335 3458 1487 3520 mitti
1515 3476 1629 3517 non
1649 3456 1895 3519 multum
1923 3458 2130 3538 proba-

486 3549 585 3610 bat
619 3549 868 3610 Basilius
898 3570 910 3611 :
947 3550 995 3609 si
1029 3549 1185 3610 enim
1211 3548 1496 3610 Dominus
1537 3546 1830 3627 propitius
1863 3548 1981 3620 ﬁat,
2013 3549 2130 3609 alio

487 3659 634 3720 opus
669 3658 784 3700 non
819 3641 943 3700 fore
973 3639 1190 3701 auxilio
1219 3661 1230 3701 :
1270 3639 1320 3701 si
1367 3638 1471 3699 Dei
1496 3638 1582 3699 ira
1615 3647 1975 3716 perseveret,
2013 3658 2132 3700 non

491 3749 698 3808 magno
724 3729 1001 3810 prasidio
1024 3728 1281 3789 futurum
1312 3726 1697 3791 Occidentale
1719 3728 2128 3806 supercilium.

486 3818 725 3880 Frustra
747 3818 1039 3896 ejusmodi
1065 3819 1336 3878 homines
1361 3816 1514 3877 orari
1534 3818 1928 3898 demonstrat,
1961 3818 2134 3879 allato

491 3910 550 3971 in
575 3930 704 3972 eam
735 3909 1089 3969 sententiam
1116 3926 1284 3968 versu
1309 3905 1651 3968 Homerico.
1681 3906 1951 3968 Nondum
1980 3909 2135 3970 enim

489 4001 672 4062 callus
698 3999 992 4060 obductus
1023 4005 1149 4058 erat
1181 3997 1395 4070 dolori,
1429 4015 1606 4078 quem
1635 4013 1703 4057 ex
1745 3997 1943 4058 inutili
1976 3997 2135 4057 litte-

489 4109 686 4152 rarum
709 4089 848 4150 anni
866 4089 982 4153 372
1007 4090 1255 4167 exitu,et
1280 4106 1345 4148 ex
1380 4086 1686 4165 responsis
1715 4105 1921 4166 parum
1957 4088 2142 4166 aquis

495 4199 599 4260 par
632 4180 944 4259 Evagrium
972 4196 1128 4239 anno
1159 4177 1276 4237 373
1306 4176 1499 4239 allatis
1553 4185 1935 4254 conceperat.
1991 4176 2141 4247 Quin

2192 409 2574 471 Sanctissimo
2601 410 2841 490 perlata
2870 417 3102 491 optatos
3129 410 3319 472 exitus
3349 409 3712 474 habuerunt.

2273 500 2534 561 Suntha
2569 500 2784 562 littera
2813 499 2932 563 24‘!
2963 509 3021 562 et
3053 501 3191 564 243.
3223 499 3424 562 Prima
3445 501 3858 564 Orientalium

2195 589 2440 649 nomine
2471 587 2957 651 Occidentalibus
2998 591 3241 671 scripta.
3278 591 3539 654 Alteram
3590 591 3866 653 Basilius

2199 677 2466 757 privatim
2504 679 2745 758 scripsit
2773 680 2844 741 ad
2879 681 3062 742 Italia
3088 690 3144 741 et
3176 680 3378 743 Gallia
3406 681 3747 761 episcopos.
3791 684 3868 743 In

2199 770 2388 846 prima
2417 769 2750 847 signiﬁcant
2778 769 3111 832 Orientales
3143 789 3207 830 se
3259 771 3418 833 inter
3466 770 3867 849 gravissimas

2201 857 2490 935 procellas
2506 859 2578 919 ab
2597 859 3000 920 Ecclesiarum
3025 859 3372 922 defensione
3394 880 3516 922 non
3531 860 3861 934 dimoveri,

2200 965 2308 1007 nec
2354 947 2618 1008 animum
2671 949 3070 1029 despondere,
3106 961 3165 1010 et
3197 950 3422 1011 idcirco
3453 950 3739 1011 auxilium
3777 948 3859 1010 ab

2199 1034 2518 1098 Occidente
2538 1039 2661 1117 jam
2697 1057 2852 1118 saepe
2885 1048 3289 1119 exspectatum
3319 1057 3583 1117 poscere.
3613 1039 3858 1100 Nume-

2199 1133 2329 1185 rant
2347 1126 2645 1188 decimum
2676 1129 2912 1190 tertium
2941 1130 3370 1209 persecutionis
3394 1128 3708 1210 annum,in
3733 1147 3863 1209 qua

2203 1215 2407 1293 plures
2429 1215 2708 1278 Ecclesiis
2754 1219 3022 1280 evenisse
3073 1219 3427 1281 afﬂictiones
3484 1227 3857 1292 asseverant,

2205 1325 2378 1386 quam
2426 1308 2694 1368 evenisse
2743 1317 3167 1380 memorantur,
3205 1327 3270 1370 ex
3306 1329 3420 1390 quo
3464 1308 3860 1388 Evangelium

2205 1396 2420 1458 Christi
2481 1399 2889 1460 annuntiatur.
2943 1397 3171 1477 Rogant
3199 1419 3339 1479 ergo
3372 1408 3436 1460 ut
3466 1399 3704 1460 tandem
3746 1398 3865 1459 ali-

2207 1484 2441 1564 quando
2470 1486 2774 1547 mittantur
2808 1505 2872 1547 ex
2908 1486 3256 1560 Occidente,
3292 1488 3389 1568 qui
3424 1488 3705 1550 Orientali
3743 1489 3868 1550 Ec-

2210 1574 2406 1635 clesia
2430 1593 2602 1653 opem
2640 1576 2850 1638 ferant.

2291 1661 2520 1742 Scripta
2553 1673 2641 1725 est
2672 1665 2728 1724 in
2763 1667 3032 1728 eamdem
3068 1667 3424 1727 sententiam
3447 1665 3690 1743 epistola
3714 1664 3866 1728 243.

2211 1755 2394 1831 Rogat
2427 1754 2679 1814 Basilius
2713 1765 2770 1815 ut
2798 1756 3221 1834 imperatorem
3257 1755 3600 1818 Occidentis
3633 1756 3869 1816 certio-

2207 1861 2334 1903 rem
2361 1843 2576 1904 faciant
2603 1844 2676 1904 de
2699 1843 2769 1904 iis
2790 1865 2922 1924 qua
2944 1855 3229 1924 geruntur
3250 1845 3310 1906 in
3337 1843 3697 1919 Oriente;vel
3720 1844 3774 1904 si
3799 1844 3862 1903 id

2209 1932 2454 1995 difﬁcile
2481 1932 2682 2006 fuerit,
2705 1935 2914 1996 saltem
2944 1935 3056 2015 ipsi
3087 1935 3318 1996 mittant
3348 1935 3444 2015 qui
3478 1933 3867 1995 consolentur

2207 2021 2481 2084 afﬂictos.
2522 2026 2862 2086 Persecutio
2899 2025 3142 2086 uberius
3175 2025 3551 2097 describitur,
3581 2042 3765 2101 quam
3800 2023 3865 2083 in

2207 2112 3277 2193 superioriepistola.NarratBasilius
3301 2114 3616 2194 episcopos
3639 2113 3868 2173 indicta

2208 2221 2384 2264 causa
2407 2202 2676 2265 damnari
2701 2222 2716 2278 ;
2744 2206 2860 2265 imo
2887 2205 3208 2268 nonnullos
3239 2205 3369 2265 sine
3390 2202 3864 2282 accusatoribus,

2208 2293 2774 2376 sinetribunalibus,
2806 2295 3016 2365 intem;
3043 2304 3165 2356 esta
3188 2303 3362 2356 nocte
3393 2302 3612 2372 raptos,
3641 2295 3697 2354 in
3725 2292 3864 2352 lon-

2209 2382 2458 2464 ginquas
2483 2385 2760 2462 regiones
2783 2386 3020 2460 fugatos
3050 2385 3233 2446 fuisse
3276 2384 3425 2446 Hinc
3447 2383 3593 2461 fuga
3627 2382 3870 2461 presby-

2215 2481 2473 2533 terorum
2502 2483 2556 2532 et
2583 2473 3001 2545 diaconorum,
3027 2476 3168 2537 clari
3195 2470 3865 2553 depopulatio,popnlo-

2209 2582 2339 2623 rum
2368 2562 2639 2639 gemitus.
2668 2564 2878 2624 altaria
2904 2564 3198 2641 spirituali
3227 2563 3383 2625 cultu
3415 2561 3866 2632 vacantia,ades

2214 2650 2570 2731 precationis
2595 2651 2812 2714 clausa
2835 2655 2961 2715 sine
2986 2652 3375 2715 corcionibus
3393 2671 3460 2713 ac
3485 2650 3816 2728 synaxibus
3844 2669 3856 2708 :

2212 2742 2350 2801 dum
2376 2740 2660 2802 Ecclesia
2692 2744 2968 2804 columna
2998 2744 3281 2823 dispersa
3311 2751 3466 2816 sunt,
3505 2741 3750 2802 haresis
3783 2740 3860 2800 li-

2214 2830 2505 2892 bertatem
2534 2838 2726 2906 nacta,
2762 2833 3204 2894 multitudinem
3237 2831 3462 2892 inducit
3496 2831 3768 2898 deorum,
3807 2835 3868 2889 et

2216 2918 2499 2998 Spiritum
2524 2930 2793 2982 sanctum
2821 2924 3034 3002 rejicit,
3065 2942 3130 2983 ac
3154 2921 3292 2983 dum
3320 2921 3523 2981 omnia
3545 2919 3656 2980 sibi
3675 2919 3866 2982 eccle-

2217 3008 2453 3068 siastica
2506 3011 2708 3071 munia
2759 3022 3016 3090 arrogat,
3053 3012 3426 3091 baptismate,
3481 3009 3871 3071 deductiones

2221 3097 2755 3177 proﬁciscentium,
2785 3102 3235 3164 consolationes
3257 3099 3868 3180 agrotantium,com-

2220 3186 2540 3248 muniones
2575 3197 3012 3268 mysteriorum,
3043 3191 3326 3252 Ecclesia
3357 3190 3514 3250 ﬁlios
3544 3188 3738 3267 impia:
3773 3189 3874 3248 do-

2216 3276 2426 3338 ctrina
2448 3278 2939 3343 assuefacit.Hac
2958 3300 3027 3341 eo
3047 3281 3393 3342 molestiora
3416 3276 3872 3341 erantOrienta-

2217 3366 2393 3440 tibus,
2429 3368 2585 3446 quod
2643 3377 2983 3432 metuerent
3012 3390 3086 3432 ne
3132 3369 3479 3432 incendium
3509 3374 3867 3442 consumpto

2215 3454 2459 3518 Oriente
2492 3457 2881 3520 Occidentem
2916 3461 3091 3520 etiam
3128 3460 3500 3540 pervaderet.

2298 3545 2392 3608 Vl.
2429 3548 2587 3608 Duos
2622 3547 2757 3608 illos
2806 3549 3186 3629 presbyteros
3236 3547 3408 3628 paulo
3461 3553 3593 3626 post
3641 3545 3870 3606 Pascha

2218 3636 2396 3715 hujus
2425 3637 2563 3696 anni
2613 3638 2729 3698 376
2765 3638 2821 3698 iu
2854 3638 3246 3700 Occidentem
3284 3655 3398 3699 non
3435 3636 3626 3698 serius
3661 3635 3864 3713 profe-

2219 3735 2343 3787 ctos
2376 3745 2529 3807 esse,
2565 3728 2678 3788 hoc
2710 3728 2962 3789 maxime
2980 3736 3326 3808 argumento
3354 3727 3527 3788 nixus
3557 3724 3861 3796 existimo,

2221 3814 2380 3896 quod
2402 3815 2559 3876 idem
2590 3816 2911 3895 legatorum
2939 3837 3154 3879 munus
3177 3819 3389 3878 iterum
3417 3814 3767 3886 obierint,et
3789 3815 3866 3875 ab

2223 3924 2428 3966 eorum
2453 3924 2522 3966 ex
2543 3907 2800 3968 secunda
2819 3907 3110 3986 legatione
3126 3907 3318 3968 reditu
3337 3924 3522 3987 usque
3540 3904 3612 3966 ad
3627 3903 3866 3964 initium

2223 3995 2364 4055 anni
2386 3996 2821 4066 378,nounulla
2844 3997 3317 4076 evenerint,qua
3334 4005 3468 4076 apte
3489 3994 3720 4073 disponi
3744 4011 3867 4053 non

2227 4094 2486 4165 possent,
2527 4092 2573 4146 si
2613 4086 2802 4165 prima
2830 4087 3042 4163 legatio
3076 4087 3269 4147 serius
3299 4084 3664 4162 contigisset.

2305 4173 2511 4256 Neque
2541 4176 2716 4237 etiam
2751 4176 2924 4237 citius
2947 4177 3072 4238 hac
3095 4175 3311 4255 legatio
3338 4173 3529 4254 possit
3559 4171 3871 4242 collocari,

496 4272 670 4332 etiam
701 4270 912 4330 vulnus
941 4267 1339 4329 refricuerant
1366 4265 1701 4326 novissima
1725 4267 1957 4327 Damasi
1982 4265 2141 4325 litteo
2173 4271 2210 4319 ι)
2233 4266 2290 4326 in
2321 4284 2436 4344 quo
2465 4282 2653 4328 sanea
2673 4265 3037 4327 Tillemontii
3064 4264 3365 4327 sententia
3391 4264 3567 4340 longe
3584 4261 3881 4322 distamus

498 4378 738 4441 ra,qua
760 4358 1007 4419 Paulino
1027 4355 1423 4437 episcOpatum
1451 4354 1869 4428 attribuebant,
1899 4354 2140 4415 defrau—

500 4451 636 4513 dato
663 4449 924 4515 Meletio.
961 4447 1167 4509 Narrat
1191 4448 1250 4507 in
1285 4446 1490 4508 eadem
1527 4445 1779 4523 epistola
1799 4444 1918 4507 239
1939 4443 2051 4505 sibi
2085 4444 2143 4505 in

503 4548 761 4602 mentem
786 4540 1020 4600 venisse
1037 4536 1305 4618 privatim
1343 4535 1413 4596 ad
1449 4535 1818 4614 coryphaeum
1847 4534 2144 4597 Occiden-

502 4630 702 4692 talium
728 4629 1014 4703 scribere,
1041 4628 1116 4688 de
1135 4626 1312 4688 rebus
1341 4624 1580 4706 quidem
1603 4625 2026 4687 ecclesiasticis
2050 4625 2145 4685 ni-

500 4719 727 4794 hil,nisi
748 4720 906 4795 quod
923 4714 1642 4796 insinuasset,nequeillos
1656 4713 1730 4774 de
1745 4713 1922 4775 rebus
1937 4714 2145 4777 Orien-

505 4808 577 4868 tis
594 4827 727 4869 vera
760 4826 1162 4888 nosse,neque
1187 4808 1490 4886 viam,qua
1512 4803 1741 4884 possint
1757 4803 2143 4876 discere,am-

505 4898 682 4977 plecti
710 4921 724 4976 ς
757 4917 824 4962 ac
849 4898 1205 4978 generatim,
1227 4895 1592 4974 horninibus,
1620 4913 1768 4974 quos
1790 4894 2144 4956 tentationes

504 4988 789 5066 alﬂigunt,
817 4987 1216 5048 insultantium
1251 5005 1368 5048 non
1403 5004 1557 5057 esse,
1583 5002 1776 5063 nequc
1798 4984 2143 5062 dignitatem

505 5077 959 5140 existimandam
994 5095 1125 5138 esse
1149 5075 1513 5157 superbiam.
1538 5073 1666 5136 Non
1692 5083 1886 5134 tamen
1920 5074 2148 5136 obstitit

506 5169 789 5247 legationi
812 5167 1101 5239 Basilius;
1128 5185 1323 5248 neque
1354 5167 1510 5227 enim
1535 5167 1584 5226 is
1607 5172 1755 5244 erat,
1778 5163 1879 5243 qui
1901 5163 2004 5225 ulli
2029 5166 2146 5226 Ec-

509 5259 704 5324 clesia
723 5256 1036 5318 commodo
1055 5274 1277 5317 moram
1293 5255 1663 5317 aiferretzsed
1681 5253 1874 5334 potius
1897 5252 2152 5316 libenter

2231 4357 2284 4416 ls
2313 4355 2473 4413 enim
2510 4353 2762 4432 legatum
2823 4373 2977 4414 anno
3011 4354 3128 4417 3'73
3164 4361 3262 4414 aut
3292 4353 3407 4414 ’574
3444 4350 3687 4411 missum
3738 4365 3876 4410 esse

2235 4443 2592 4505 Dorotheum
2627 4444 2941 4516 existimat,
2977 4452 3032 4504 et
3061 4462 3215 4504 anno
3249 4444 3387 4511 375,
3415 4439 3523 4501 sub
3557 4440 3731 4500 finem
3755 4457 3874 4499 au-

2232 4532 2420 4593 tumni
2457 4532 2733 4594 rediisse.
2776 4535 2830 4594 1⁰
2862 4532 3175 4594 Neminem
3229 4550 3383 4593 anno
3445 4529 3559 4593 373
3619 4528 3872 4588 missum

2234 4622 2414 4683 fuisse
2429 4622 2552 4700 jam
2573 4641 2753 4702 supra
2776 4624 2916 4683 satis
2940 4622 3336 4702 probatum.N
3346 4620 3535 4681 ullum
3561 4617 3876 4696 legationis

2236 4712 2538 4787 vestigium
2574 4712 2793 4772 habent
2823 4711 2962 4773 anni
2993 4711 3110 4773 373
3138 4720 3240 4773 aut
3291 4709 3406 4772 374
3453 4708 3680 4769 Fucum
3729 4706 3878 4766 fecit

2229 4800 2476 4862 eruditis
2501 4800 2640 4861 viris
2663 4803 2933 4882 opinatus
2958 4800 3235 4862 Dorothei
3262 4819 3329 4861 ex
3350 4797 3680 4864 Occidente
3703 4795 3874 4856 redi-

2230 4902 2322 4951 tus
2345 4909 2499 4952 anno
2520 4890 2659 4970 375,
2680 4910 2860 4971 quem
2882 4891 3253 4970 colliguntex
3276 4889 3370 4951 his
3388 4886 3585 4950 verbis
3606 4885 3878 4966 epistola

2229 4980 2367 5043 539:
2384 4982 2468 5040 De
2483 4980 2663 5042 rebus
2678 4991 2876 5043 autem
2891 4979 3379 5043 Occidentalibus
3390 4979 3562 5057 prius
3575 4982 3596 5034 ἱ
3598 4995 3702 5054 pse
3713 4974 3882 5036 didi-

2229 5071 2386 5148 cisti,
2420 5078 2710 5131 narrante
2734 5071 2943 5133 omnia
2972 5071 3163 5149 fratre
3192 5067 3509 5139 Dorotheo,
3535 5067 3633 5126 cui
3663 5066 3881 5144 quales

2230 5160 2454 5221 dandae
2476 5160 2946 5228 rursus.littem
2970 5161 3259 5222 abeunti?
3283 5159 3367 5220 Ex
3393 5155 3486 5216 his
3508 5151 3881 5216 concludunt

2232 5248 2593 5312 Dorotheum
2611 5249 2796 5311 Roma
2808 5246 3346 5328 redeuntem,apud
3361 5243 3690 5308 Eusebium
3721 5242 3876 5303 fuis-

505 5369 636 5412 com
648 5347 809 5410 muni
831 5363 1025 5410 causa
1043 5346 1244 5408 stilum
1267 5363 1438 5408 suum
1463 5343 1754 5424 impendit
1769 5343 1829 5404 in
1844 5343 2155 5406 exarandis
2237 5340 2510 5420 se,eique
2521 5339 2598 5402 de
2611 5338 2791 5401 rebus
2807 5344 2867 5399 in
2881 5337 3208 5402 Occidente
3223 5334 3551 5417 perspectis
3565 5349 3875 5393 narrasse.

592 5522 672 5605 (α)
700 5521 812 5606 Ep.
847 5518 988 5583 215.
