4058 6200
1563 283 1748 354 νιΤΑ
1796 287 1855 350 S.
1910 281 2188 350 BASILII

3397 302 3578 352 CLXIII

210 429 418 493 mundi
442 429 741 510 sapientia
766 437 997 491 tantum
1021 428 1331 506 distitisse,
1357 433 1641 507 quantum
1659 422 1729 486 ad
1751 441 1852 485 re-
1880 441 1909 480 Α
1941 421 2011 483 ad
2036 421 2260 502 ingenii
2285 422 2771 485 exercitationem
2801 422 3069 500 eligeret;
3091 440 3226 485 cum
3253 425 3576 502 prasertim

207 540 332 582 rum
365 539 646 580 verarum
682 520 995 580 scientiam
1021 512 1701 598 appropinquabatﬁam
1727 532 1856 574 san-

206 620 361 670 ctum
403 610 734 672 Eusebium
760 625 1060 668 sacrarum
1081 607 1320 687 quidem
1348 604 1677 665 litterarum
1707 603 1858 682 peri-

206 700 507 760 tissimum
546 699 728 758 fuisse
751 697 976 757 scimus
1013 718 1028 770 ;
1059 707 1117 756 at
1147 696 1210 755 in
1243 693 1500 754 externis
1522 691 1856 770 disciplinis

203 789 424 865 hospes
449 787 635 847 fuisse
660 805 778 848 non
811 783 1346 865 perhibetur.l\'ihil
1369 801 1512 860 ergo
1530 792 1859 859 vetat,qu0-

199 879 398 937 minus
437 878 708 954 ignotum
741 875 914 935 nobis
939 893 1067 936 esse
1100 872 1310 953 Syrum
1367 871 1530 932 illum
1582 870 1854 931 fateatur.

278 967 384 1027 lll.
405 970 770 1027 Promiserat
804 965 1059 1027 Basilius
1075 965 1158 1045 (α)
1191 981 1256 1024 se
1281 963 1731 1042 explanaturnm
1760 960 1860 1020 lio-

203 1055 386 1115 minis
420 1056 922 1135 generationem:
987 1055 1087 1116 sed
1140 1062 1334 1114 tamen
1378 1049 1684 1132 promissis
1741 1068 1856 1109 non

201 1145 444 1206 videtur
473 1145 737 1205 stetisse.
777 1144 923 1204 Nam
958 1162 1167 1205 novem
1197 1151 1420 1202 tantum
1453 1139 1754 1201 orationes
1794 1145 1856 1197 in

199 1235 624 1296 Hexaemeron
676 1241 1066 1293 numerantur
1123 1231 1196 1292 ab
1238 1229 1604 1307 Hieronymo
1669 1227 1749 1306 (b)
1800 1234 1857 1288 et

198 1323 562 1388 Cassiodoro
583 1325 687 1394 (ο).
720 1323 991 1383 Testatur
1013 1324 1284 1384 Socrates
1337 1319 1420 1399 (tl)
1449 1337 1597 1398 opus
1629 1316 1853 1390 Basilii,

197 1432 333 1476 cum
371 1411 798 1488 imperfectum
831 1422 1010 1481 esset,
1047 1430 1078 1470 a
1106 1409 1394 1488 Gregorio
1431 1408 1616 1485 ipsius
1676 1406 1854 1467 fratre

197 1503 547 1563 absolutum
580 1500 790 1562 fuisse.
815 1504 1016 1577 Atque
1042 1501 1168 1580 ipse
1200 1499 1377 1559 etiam
1430 1496 1750 1575 Gregorius
1777 1497 1855 1575 (e)

198 1593 349 1652 hanc
381 1591 497 1650 sibi
532 1591 608 1650 de
638 1589 900 1650 hominis
953 1589 1188 1670 opiﬁcio
1250 1585 1549 1648 scribendi
1614 1604 1851 1646 causam

199 1700 328 1741 esse
366 1679 666 1751 declarat,
720 1679 877 1759 quod
927 1687 1208 1740 vereatur
1251 1695 1326 1737 ne
1359 1675 1609 1739 Basilius
1642 1693 1852 1764 repre-
1881 1716 1914 1764 Β

207 1771 570 1831 hensionem
605 1788 722 1829 non
757 1768 1010 1845 effugiat,
1046 1768 1093 1828 si
1126 1767 1282 1827 illius
1314 1767 1372 1825 in
1406 1783 1554 1844 opus
1584 1783 1682 1825 sex
1731 1763 1852 1825 die-

200 1877 327 1918 rum
357 1857 803 1918 elucubrationi
831 1856 984 1917 desit
1023 1874 1252 1927 eorum,
1283 1873 1412 1934 quae
1446 1855 1518 1914 ad
1551 1853 1852 1914 hominem

202 1955 497 2025 spectant,
528 1947 950 2007 consideratio.

277 2035 526 2096 Exstant
562 2035 643 2112 (f:
671 2043 866 2095 tamen
892 2035 1049 2094 inter
1074 2050 1257 2113 Opera
1283 2031 1484 2093 Basilii
1507 2031 1638 2092 duae
1659 2031 1853 2092 homi—

202 2125 292 2186 liaa
321 2125 398 2184 de
427 2125 694 2184 hominis
723 2133 1043 2184 structura.
1073 2121 1292 2198 quibus
1327 2122 1502 2183 tertia
1555 2121 1629 2181 de
1687 2137 1858 2200 para-

201 2215 326 2274 diso
355 2211 732 2291 adjungitur.
776 2212 925 2273 Sunt
958 2212 1049 2272 ha;
1072 2216 1370 2272 orationes
1401 2210 1472 2270 ad
1498 2209 1699 2271 Basilii
1728 2228 1856 2289 pro-

203 2305 382 2364 missa
409 2302 778 2382 perﬁcienda
810 2306 951 2362 satis
994 2301 1298 2380 appositae,
1360 2319 1426 2360 ac
1454 2301 1532 2359 ita
1593 2302 1748 2361 inter
1795 2317 1860 2360 se

205 2411 397 2464 nexae,
437 2402 500 2451 ut
530 2410 665 2471 qua;
695 2391 756 2450 in
785 2409 902 2451 una
932 2399 1274 2462 tractantur,
1313 2391 1370 2448 in
1398 2388 1676 2468 sequenti
1709 2408 1857 2448 cou-

203 2486 542 2542 tinuentur.
574 2480 787 2540 Basilio
817 2479 1154 2540 tribuuntur
1185 2499 1216 2538 a
1268 2477 1622 2540 Combetisio
1651 2487 1708 2538 et
1739 2477 1852 2540 Du~

203 2574 341 2651 pino
370 2592 387 2646 ;
414 2570 523 2631 sed
550 2588 652 2629 cas
672 2569 1090 2631 Tillemontius
1112 2567 1186 2629 ab
1207 2568 1403 2648 aliquo
1429 2567 1680 2646 scriptas
1698 2567 1858 2628 exis-

201 2661 392 2732 timat,
431 2659 884 2720 exercitationis
907 2677 1105 2728 causa,
1159 2675 1278 2718 non
1328 2675 1432 2736 per
1483 2656 1713 2731 dolum,
1761 2665 1860 2717 aut

202 2755 426 2814 malum
462 2751 651 2812 alieni
685 2752 837 2812 fetus
863 2750 1077 2811 Basilio
1105 2749 1480 2829 supponendi
1516 2748 1856 2809 consilium.

279 2841 540 2902 Difﬁcile
562 2847 653 2900 est
674 2840 936 2918 profecto
962 2840 1066 2899 has
1106 2839 1383 2900 homilias
1410 2843 1612 2898 sancto
1643 2835 1859 2898 Basilio

207 2932 562 3002 attribuere,
587 2949 726 2990 cum
759 2928 1008 2990 accedat
1034 2929 1106 2988 ad
1131 2927 1464 2988 certissima
1490 2937 1753 2989 veterum
1779 2933 1860 2984 te-

1941 512 2135 572 statim
2173 525 2304 593 post
2328 530 2578 574 mortem
2605 517 2793 574 sancti
2817 511 3015 574 Basilii
3049 532 3201 593 opus
3237 513 3578 583 illius,teste

1940 603 2168 682 Niceta,
2198 602 2376 664 frater
2396 602 2747 664 absolverit.
2783 602 2934 664 Hinc
2959 602 3138 664 etiam
3166 611 3286 664 tres
3319 601 3580 662 homilias

1941 691 2326 771 reperiuntur
2344 693 2579 772 quidem
2596 693 2704 752 sub
2722 691 2962 753 nomine
2987 694 3047 754 S.
3070 691 3270 754 Basilii
3296 692 3352 751 in
3378 710 3580 752 recen-

1943 780 2190 842 tioribus
2221 781 2530 842 codicibus
2566 801 2735 855 mss.,
2770 791 2826 842 at
2862 800 3150 861 nusquam
3205 788 3493 860 apparent
3519 781 3579 841 in

1941 869 2395 949 antiquioribus.
2431 873 2560 933 Non
2593 877 2748 931 enim
2793 870 3057 932 eruditos
3117 870 3391 931 librarios
3421 871 3579 932 fraus

1945 959 2254 1021 manifesta
2286 959 2574 1021 latuisset.
2609 964 2682 1023 At
2703 959 3159 1033 recentioribus,
3189 979 3321 1021 cum
3355 961 3578 1021 doctis-

1941 1049 2077 1108 simi
2113 1068 2228 1108 non
2251 1058 2757 1127 essent,atque,ut
2777 1048 3096 1110 verisimile
3120 1049 3582 1126 est,ignorarent

1944 1137 2146 1198 Basilii
2169 1158 2369 1218 opusa
2393 1138 2571 1200 fratre
2594 1138 2857 1219 Nysseno
2877 1139 3209 1199 absolutum
3235 1138 3581 1218 fuisse,pro-

1939 1227 2086 1288 clive
2107 1229 2212 1288 fuit
2239 1228 2536 1304 homilias,
2561 1248 2692 1310 quae
2712 1229 2784 1290 ad
2809 1229 2951 1289 illud
2980 1247 3131 1309 opus
3147 1227 3575 1291 abSolvendum

1939 1326 2090 1396 apta;
2124 1318 2493 1393 videbantur,
2529 1317 2729 1379 Basilii
2764 1319 2985 1379 nomini
3020 1317 3324 1395 attingere.

2019 1407 2083 1466 2ο
2113 1407 2533 1469 Τιέεὴοτηὶιὶεε
2557 1426 2671 1470 non
2691 1427 2797 1468 sua
2819 1415 3030 1488 sponte
3053 1407 3227 1467 simul
3248 1408 3579 1487 conjunctaa

1938 1506 2100 1575 sunt,
2130 1497 2230 1558 sed
2257 1498 2381 1558 haec
2403 1517 2434 1558 a
2470 1497 2722 1559 librariis
2754 1498 3023 1558 instituta
3051 1496 3576 1576 conjunctio.Nam

1939 1586 2217 1646 secunda:
2232 1587 2478 1648 orationi
2497 1587 2721 1648 nullum
2740 1594 2891 1648 inest
2910 1586 3222 1648 consilium
3237 1587 3582 1648 absolvendi

1938 1675 1994 1734 id
2030 1675 2186 1754 quod
2219 1675 2279 1735 in
2307 1680 2494 1755 prima
2545 1676 2761 1737 disseri
2797 1683 3057 1756 emptum
3094 1677 3307 1740 fuerat.
3370 1676 3580 1738 Habita

1942 1762 2101 1824 enim
2117 1773 2204 1824 est
2225 1766 2347 1826 haec
2378 1765 2640 1825 secunda
2664 1766 2912 1826 ltomilia
2935 1766 3394 1828 adoccasionem
3423 1765 3580 1827 Scri-

1941 1862 2152 1933 ptura},
2189 1874 2317 1934 quae
2342 1854 2439 1916 illo
2471 1854 2570 1916 die
2601 1857 2754 1916 lecta
2784 1856 2998 1920 iuerat:
3036 1875 3286 1936 eamque
3317 1855 3402 1916 sic
3433 1874 3578 1916 con-

1939 1942 2247 2004 cluditisa
2276 1963 2390 2023 quo
2421 1948 2798 2021 pronuntiata
2845 1955 2957 2020 est,
2994 1956 3057 2008 ut
3087 1966 3151 2008 se
3182 1946 3253 2007 ad
3302 1963 3580 2006 necessa-

1941 2031 2093 2092 rium
2125 2034 2236 2093 iter
2269 2044 2688 2113 preperantem
2713 2036 3049 2097 auditorum
3076 2033 3356 2115 precibus
3370 2033 3581 2097 deduci

1944 2121 2216 2198 postulet.
2254 2121 2455 2184 Tertia
2483 2126 2612 2186 sine
2636 2125 2755 2186 ullo
2784 2144 3026 2206 prorsus
3045 2124 3290 2186 exordio
3340 2123 3581 2203 incipite

1942 2212 2230 2272 versiculo
2253 2213 2870 2295 Scriptura},quamvis
2896 2215 3157 2294 praefatio
3181 2214 3446 2295 quasdam
3470 2215 3580 2276 ad-

1943 2300 2137 2362 hiberi
2163 2301 2488 2378 debuisset,
2527 2304 2578 2364 si
2609 2304 2658 2363 is
2686 2305 2783 2385 qui
2815 2308 3144 2366 secundant
3170 2306 3582 2385 pronuntiave-

1943 2399 2053 2468 rat,
2091 2393 2318 2452 tertiam
2345 2413 2412 2453 ex
2447 2393 2661 2455 itinere
2691 2394 2876 2456 redux
2940 2395 3403 2474 pronuntiasset.
3439 2393 3584 2456 Tota

1943 2496 2040 2538 res
2073 2498 2211 2557 ergo
2241 2479 2301 2541 in
2334 2481 2643 2543 librarium
2679 2482 2936 2563 aliquem
2963 2483 3423 2564 rejicieuda,qui
3447 2502 3579 2544 cum

1945 2586 2094 2646 opus
2115 2569 2304 2631 sancti
2355 2571 2556 2631 Basilii
2586 2570 2917 2634 absolutum
2955 2581 3086 2653 post
3116 2573 3272 2634 illius
3330 2582 3581 2634 mortem

1945 2657 2128 2720 fuisse
2155 2660 2432 2733 nesciret,
2458 2661 2637 2722 simul
2659 2663 2966 2740 conjunxit
2988 2671 3109 2723 tres
3131 2662 3257 2724 illas
3281 2662 3578 2735 homilias,

1943 2765 2075 2827 quae
2108 2749 2337 2811 idoneae
2365 2749 2437 2809 ad
2466 2749 2613 2811 illud
2646 2749 3068 2812 absolvendum
3106 2752 3475 2814 videbantur.

2024 2838 2092 2897 3°
2116 2837 2334 2899 Addita
2366 2857 2503 2901 esse
2534 2848 2592 2900 et
2623 2851 2850 2915 assuta,
2883 2843 3084 2921 qumin
3105 2842 3294 2922 prima
3317 2841 3583 2901 oratione

1943 2927 2258 2989 consilium
2293 2928 2558 2990 indicant
2587 2929 2932 2992 absolvendi
2961 2933 3162 3010 operis
3185 2929 3408 3004 Basilii,
3443 2930 3584 2991 inde

203 3021 483 3082 stimouia
498 3017 1093 3098 stylidissimilttudo.
1108 3017 1223 3079 Sed
1247 3017 1670 3097 inquirendum
1689 3013 1860 3076 nobis
1880 3052 1920 3102 ο
1947 3017 2491 3098 perspicitur,quod
2507 3037 2638 3080 cum
2655 3038 2760 3080 sua
2772 3029 2982 3098 sponte
3004 3021 3130 3082 haic
3151 3020 3334 3081 oratio
3354 3020 3580 3081 nullam

201 3123 308 3184 est,
336 3130 416 3172 an
443 3110 668 3170 merito
693 3106 989 3168 existimet
1011 3105 1428 3168 Tillemontius
1449 3106 1704 3186 aliquem
1728 3122 1858 3165 sese
1946 3106 2158 3169 habeat
2181 3126 2314 3168 cum
2342 3107 2569 3169 duabus
2591 3109 2726 3170 aliis
2746 3110 3346 3190 necessitudinem,ac
3363 3111 3437 3172 de
3457 3113 3585 3183 plu-

201 3200 255 3260 in
272 3201 366 3261 his
393 3198 672 3260 homiiiis
693 3195 802 3257 sub
830 3195 1029 3257 Basilii
1052 3196 1296 3259 nomine
1316 3195 1743 3257 elucubrandis
1762 3211 1861 3254 ex-
1947 3197 2112 3259 ribus
2141 3195 2404 3258 aBasilio
2423 3199 2730 3277 promissis
2745 3218 2929 3280 pauca
2953 3209 3366 3279 persequatur,
3390 3199 3586 3260 minus

202 3290 709 3350 ercitasse.Favet
727 3286 865 3346 huic
884 3285 1196 3346 sententia:
1215 3295 1424 3346 auctor
1448 3286 1651 3365 prima:
1676 3284 1864 3345 homi-
1943 3286 2163 3348 idonea
2193 3285 2271 3346 sit
2298 3285 2370 3346 ad
2396 3285 2830 3348 absolvendum
2855 3306 3001 3368 opus
3031 3289 3088 3348 in
3146 3288 3581 3351 Hexaemeron.

204 3379 473 3448 liae,dum
499 3376 770 3437 declarat
793 3374 1103 3454 (pag.3‘24)
1121 3393 1185 3436 se
1207 3382 1369 3436 vetus
1391 3373 1861 3454 debitum,cujus

203 3469 570 3532 solutionem
598 3482 756 3542 aegra
771 3463 1042 3524 valetudo
1061 3463 1475 3542 impediverat,
1501 3463 1737 3524 tandem
1757 3462 1859 3523 ali-

203 3557 440 3634 quando
477 3557 845 3634 persolvere.
901 3552 1192 3633 Iniquum
1215 3555 1374 3614 enim
1399 3554 1608 3633 fuerit,
1643 3551 1856 3630 inquit,

206 3655 422 3708 uicum
451 3647 691 3715 bestiis,
717 3643 909 3722 deque
955 3642 1317 3705 nutantibus
1366 3651 1421 3704 et
1454 3643 1758 3720 jumentis
1789 3657 1862 3701 ac

208 3735 596 3807 volucribus,
620 3733 692 3794 de
721 3734 867 3794 ccelo
899 3739 1038 3793 item
1068 3741 1121 3794 et
1158 3731 1253 3793 his
1282 3750 1419 3812 quae
1448 3739 1513 3792 in
1543 3731 1682 3794 creto
1715 3749 1736 3807 ;
1788 3729 1861 3790 de

204 3836 375 3886 terra
407 3833 466 3885 et
489 3821 962 3902 stirpibus,quw
985 3823 1050 3882 in
1073 3830 1248 3883 terra
1260 3829 1424 3896 sunt,
1443 3821 1859 3894 didicerimus,

208 3933 320 3976 non
353 3917 552 3976 etiam
575 3915 655 3972 de
674 3926 879 3973 nosn'a
900 3917 1296 3992 generatio-ne
1322 3929 1398 3973 ea:
1417 3911 1760 3990 Scriptura:
1775 3910 1864 3971 di-

207 4008 362 4065 cina:
391 4006 532 4063 luce
563 4002 939 4062 edoceamur.
988 4001 1236 4063 Miriﬁce
1267 4002 1392 4062 haec
1441 4001 1658 4062 Basilio
1715 4017 1861 4060 con-

206 4105 445 4172 gruunt.
484 4093 824 4164 Quinetiam
875 4111 1008 4153 cum
1042 4092 1129 4154 ait
1183 4111 1248 4153 se
1300 4101 1474 4152 antea
1531 4091 1866 4152 ostendisse

209 4185 338 4265 quis
373 4183 620 4261 dixerit,
657 4181 990 4243 Faciamus
1023 4183 1134 4261 (g),
1169 4190 1226 4242 et
1262 4183 1336 4241 ad
1395 4200 1575 4260 quem
1626 4181 1863 4254 dixerit,

1946 3374 2138 3447 Quare
2169 3373 2497 3437 verisimile
2529 3385 2617 3436 est
2649 3378 2918 3456 eutn,qui
2941 3397 3074 3439 cum
3103 3378 3211 3440 hac
3233 3378 3422 3453 prima
3442 3379 3587 3440 duas

1944 3465 2090 3527 alias
2120 3464 2447 3544 conjunxit,
2493 3484 2564 3526 ea
2594 3467 2770 3527 etiam
2805 3467 2879 3529 dc
2918 3485 3024 3531 suo
3080 3467 3404 3544 addidisse,
3455 3486 3588 3546 quae

1945 3559 2005 3619 S.
2042 3554 2261 3618 Basilio
2293 3573 2624 3633 congruere
2660 3555 3029 3617 videbantur.

2026 3645 2124 3708 IV.
2159 3646 2301 3704 Cum
2336 3644 2548 3705 decem
2577 3654 2634 3705 et
2664 3655 2895 3726 septem
2924 3647 3186 3709 humilia:
3226 3647 3286 3708 in
3317 3645 3586 3709 Psalmos

1946 3735 2092 3796 nihil
2114 3752 2353 3815 prorsus
2368 3733 2848 3813 suppeditant,ex
2873 3756 2987 3817 quo
3013 3738 3287 3801 Basilium
3307 3745 3446 3798 tunc
3467 3735 3587 3817 epi-

1945 3844 2191 3904 scopum
2210 3822 2413 3897 fuisse,
2432 3833 2532 3883 aut
2538 3825 2662 3904 jam
2684 3826 2980 3905 prodiisse
3003 3827 3276 3888 haeresim
3303 3829 3588 3890 Pneuma-

1949 3915 2356 3975 tomachorum
2387 3914 2816 3993 perspiciamus
2853 3936 2868 3993 ;
2906 3927 3028 3977 tum
3055 3935 3196 3978 vero
3217 3917 3350 3979 duae
3374 3935 3444 3978 ex
3470 3915 3586 3977 illis

1947 4004 2153 4064 decem
2189 4011 2245 4064 et
2276 4012 2507 4082 septem
2526 4004 2794 4066 homiliis
2813 4008 3223 4087 presbyterum
3259 4007 3422 4066 illum
3453 4016 3589 4066 tunc

1948 4093 2128 4154 fuisse
2157 4091 2538 4173 probant.Sic
2562 4095 2719 4155 enim
2745 4096 3007 4176 loquitur
3028 4097 3088 4157 in
3105 4096 3343 4157 humilia
3361 4098 3420 4154 in
3440 4094 3591 4174 psal-

1954 4202 2048 4242 mo
2081 4200 2179 4244 XIV
2201 4195 2288 4262 (ρ.
2328 4183 2465 4263 110)
2507 4205 2520 4246 ε
2556 4185 2664 4243 Ἐνὶ
2695 4189 2864 4259 τούτῳ
2915 4185 3226 4266 διαφέρομεν
3280 4187 3384 4242 τῶν
3419 4184 3591 4240 πλου-

210 4295 324 4334 non
359 4271 627 4334 obscure
661 4270 882 4332 indicat
907 4273 1234 4332 orationem
1291 4291 1507 4332 nonam
1558 4271 1619 4331 in
1666 4270 1857 4332 Hexa-

1951 4274 2179 4330 τού-ιτων
2211 4276 2257 4329 υἱ
2288 4275 2630 4356 πένητες,τῇ
2663 4277 2969 4354 ἀμεριμνῖᾳ.
2999 4275 3279 4337 [lacuna
3304 4293 3368 4337 re
3389 4275 3596 4336 diviti.

208 4370 490 4439 emeront
523 4361 583 4420 in
609 4381 723 4440 qua
752 4363 874 4422 haec
904 4362 976 4421 ad
1008 4362 1220 4422 Filium
1255 4361 1414 4423 dicta
1462 4380 1594 4424 esse
1655 4367 1861 4421 osten-
1890 4338 1929 4388 θ
1950 4364 2057 4425 bus
2080 4381 2184 4424 nos
2211 4381 2510 4443 pauperes
2526 4338 3231 4445 ’ρνὶεεὶαὶηὶιεξσανανωη
3259 4368 3587 4426 vacuitate.

208 4453 392 4513 ditur.
420 4450 540 4512 Sed
578 4460 776 4512 tamen
811 4470 927 4511 non
959 4450 1177 4511 desunt
1211 4451 1493 4533 rationes,
1527 4469 1634 4512 cur
1665 4449 1864 4510 malim
1950 4455 2265 4533 Nunquam
2299 4472 2446 4515 sane
2478 4472 2702 4535 pauper
2725 4475 2857 4516 esse
2889 4457 3064 4518 desiit
3111 4455 3388 4529 Basilius,
3415 4459 3590 4516 etiam

211 4547 337 4602 haec
363 4560 399 4601 a
430 4541 699 4602 librariis
747 4539 1088 4602 recentibus
1139 4551 1338 4602 assuta
1379 4541 1654 4618 credere,
1691 4558 1864 4620 quam
1951 4543 2110 4604 inter
2137 4543 2366 4622 amplos
2391 4544 2618 4605 reditus
2644 4547 3022 4626 episcopatus
3046 4544 3453 4624 Caesariensis;
3485 4543 3591 4604 sed

210 4640 332 4691 tres
354 4630 492 4691 illas
537 4629 815 4692 homilias
836 4631 1061 4691 homini
1087 4633 1348 4694 tribuere
1381 4632 1597 4693 otioso.
1957 4643 2154 4695 tamen
2176 4633 2360 4693 multo
2384 4635 2614 4712 mquius
2633 4642 2901 4698 etverius
2921 4636 3075 4697 inter
3121 4653 3412 4716 pauperes
3460 4651 3593 4695 sese

297 4722 363 4780 1ο
397 4725 775 4800 l’erantiquaa
796 4728 934 4780 sunt
957 4720 1072 4782 illae
1096 4721 1452 4803 homiliai,ac
1473 4723 1857 4783 veterumPa—
1949 4741 2270 4784 numerare
2302 4724 2657 4804 potuit,cum
2683 4745 2819 4787 eum
2843 4727 3118 4786 omnibus
3144 4727 3324 4788 rebus
3361 4724 3587 4786 nudum

217 4820 372 4870 trum
406 4809 1051 4871 disserendirationem
1073 4812 1316 4872 omnino
1347 4812 1639 4874 referunt.
1675 4813 1859 4874 Porro
1944 4812 2264 4893 propinqui
2297 4822 2353 4872 et
2401 4814 2567 4874 chari
2595 4824 3018 4889 sustentarent,
3068 4836 3242 4896 quam
3283 4835 3417 4878 cum
3457 4816 3588 4896 ipse

219 4901 525 4963 neminem
543 4919 613 4961 ex
628 4900 884 4978 antiquis
904 4901 1077 4979 paulo
1095 4901 1435 4980 peritiorem
1456 4901 1638 4962 fuisse
1662 4901 1863 4962 existi~
1941 4901 2763 4984 opibusadalioruminOpiam
2778 4906 3217 4968 sustentandam
3232 4906 3592 4970 abundaret.

219 5009 396 5065 mem,
427 4990 532 5071 qui
563 5009 714 5069 Opus
757 4989 958 5051 Basilii
989 4992 1055 5052 in
1103 4991 1525 5053 Hexaemeron
1574 4990 1857 5070 Gregorio
2034 4990 2342 5072 Supra(h)
2372 4993 2681 5055 attulimus
2727 4995 2884 5057 aliud
2919 4997 3322 5059 testimonium
3359 5015 3428 5057 ex
3479 4995 3593 5057 ho-

220 5079 494 5158 Nysseno
510 5079 847 5140 absolutum
866 5079 1048 5140 fuisse
1069 5079 1553 5151 nesciret.Quare
1569 5082 1778 5142 debuit
1800 5099 1871 5142 ea
1955 5081 2118 5142 milia
2145 5084 2202 5143 in
2235 5083 2445 5162 psalm.
2481 5100 2633 5148 cxrv.
2669 5083 2811 5148 Cum
2848 5087 3096 5167 papulus
3125 5106 3158 5148 a
3190 5087 3386 5149 media
3417 5095 3592 5150 nocte

221 5185 313 5230 res
332 5170 672 5250 deterrere,
697 5169 1018 5247 quominus
1041 5176 1354 5251 quisquam
1383 5171 1534 5232 hanc
1559 5177 1868 5234 materiam
1956 5189 2143 5251 usque
2180 5173 2252 5233 ad
2281 5173 2592 5238 meridiem
2623 5174 2686 5235 in
2709 5177 2962 5257 quadam
2987 5186 3307 5261 martyrum
3341 5178 3596 5240 ecclesia

300 5341 380 5410 (α)
413 5335 638 5402 Homil.
669 5339 727 5406 9.
772 5358 828 5418 p.
865 5339 966 5403 88.

313 5419 397 5498 (³))
416 5422 499 5481 De
529 5423 819 5498 scriptor.
867 5420 1100 5484 Eccles.

301 5513 379 5584 (ε)
410 5500 796 5584 ὒςΑἱηει-ἑῑαε.
825 5499 1017 5584 divin.
1052 5504 1176 5584 tit,
1207 5521 1337 5583 cap.
1379 5505 1430 5566 1.

308 5581 390 5660 (d)
428 5580 558 5643 Lib.
597 5599 683 5661 tv,
717 5599 773 5643 c.
809 5580 907 5645 ‘26.

2038 5342 2128 5419 (e)
2169 5341 2339 5405 Tom.
2367 5344 2426 5422 il,
2465 5362 2520 5422 p.
2557 5343 2620 5405 4.

2046 5423 2127 5500 (f)
2163 5422 2330 5485 Tom.
2362 5421 2727 5505 1,7append.,
2759 5445 2815 5504 p.
2843 5427 2982 5492 324.

2047 5505 2124 5583 (gl
2153 5505 2301 5566 Gen.
2337 5521 2378 5580 ι,
2411 5504 2512 5569 26.

2045 5583 2134 5663 (li)
2169 5585 2310 5664 Cap.
2343 5587 2436 5666 10,
2464 5606 2522 5648 n.
2561 5589 2620 5654 2.
