4058 6200
480 282 673 334 .ELX‘IV

1889 264 2294 330 PROLEGOM
2299 266 2401 331 EN
2404 267 2477 332 Α.

489 379 1022 487 psalmiscanendis
1045 409 1365 481 occupatus
1385 400 1863 472 fuisset,advenit
1885 403 2116 466 tandem
2139 408 2180 458 Α
2204 409 2431 474 rentur,
2464 399 2521 462 id
2546 401 2702 481 quod
2734 402 2998 465 secundo
3024 402 3229 467 Basilii
3283 400 3662 483 episcopatus
3688 419 3860 462 anno

490 494 759 565 Basilius,
789 501 962 573 atque
996 491 1104 553 hac
1129 490 1506 552 excusatione
1521 491 1726 570 utitur,
1748 510 1856 552 cur
1876 492 1977 553 diu
2003 511 2124 552 mo-

483 597 645 647 ratus
671 583 909 646 fuisset:
945 585 995 639 Ei
1029 582 1080 637 δὲ
1117 581 1198 636 δεῖ
1230 584 1314 636 καὶ
1364 584 1506 655 ἡμᾶς
1549 583 1678 658 ὑπὲρ
1729 585 1882 656 ἡμῶν
1954 582 2122 636 αὐτῶν

485 676 944 752 ἀπολογήσκσθκι,
1006 671 1101 737 τῆς
1186 669 1458 747 ἓιατριῧής
1525 670 1698 726 ἕνεκεν
1746 673 1832 726 καὶ
1883 678 1980 738 τῆς
2037 672 2121 726 ἐπὶ

482 765 736 822 πλεῖαιον
787 763 1114 835 ἀπολείψεως
1181 760 1350 839 ὑμῶν,
1414 760 1632 836 ἐροῦμεν
1677 761 1774 826 τὴν
1807 762 1992 830 αἰτίαν,
2041 758 2120 815 ὅτι

483 853 652 920 ἄλλην
675 853 932 926 ὁμότιμον
983 851 1144 922 ταύτῃ
1201 857 1292 904 τοῦ
1345 857 1474 906 Θεοῦ
1532 847 1849 915 Ἐκκλησίαν
1906 852 2114 906 οἰκονο-

483 953 704 1018 μοῦντες
735 940 830 996 οὒκ
857 939 1020 1016 ὀλίγῳ
1047 939 1162 1016 πρὸῖ
1191 940 1326 1012 ὑμᾶς
1360 935 1728 1016 διειργομένην
1785 946 1860 1013 τῷ
1889 937 2112 1008 διαστή-

485 1055 633 1106 ματι,
669 1032 759 1086 τὸν
789 1029 982 1108 χρόνον
1012 1037 1194 1085 τοῦτον
1227 1031 1324 1095 τῆς
1380 1027 1582 1106 ἡμέρας
1629 1027 2110 1102 καικνωλώσαιμεν,

483 1120 632 1178 Ἐπεὶ
675 1128 759 1175 οὖν
833 1116 1023 1174 ἔδωκεν
1076 1121 1103 1172 ὁ
1155 1117 1337 1194 Κύριος
1388 1118 1650 1180 κάκείνοις
1682 1116 1961 1195 πληρῶσαι
2019 1120 2117 1185 τὴν

480 1210 827 1287 λειτουργίαν,
870 1210 954 1263 καὶ
1005 1210 1082 1282 μὴ
1114 1205 1428 1284 διαμαρτεῖν
1463 1209 1560 1272 τῆς
1583 1208 1835 1284 ὑμετέρας
1878 1207 2114 1285 ἀγάπης,

481 1297 704 1355 ἀπόδοτε
739 1299 854 1373 μεθ’
878 1298 1026 1358 ἡμῶν
1060 1297 1155 1363 τὴν
1187 1300 1279 1374 εὖγ
1295 1298 1527 1373 aptari“
1564 1304 1639 1370 τῷ
1699 1296 1972 1375 εὖεργέτῃ,
2043 1304 2119 1370 τῷ

479 1391 577 1456 τὴν
608 1388 882 1465 ὁρωμένην
914 1387 1108 1452 τκύτην
1142 1393 1230 1440 τοῦ
1265 1386 1511 1458 σώματος
1546 1388 1700 1459 ἡμῶν
1753 1386 2023 1441 ἀσθένειαν
2054 1394 2118 1462 τῇ

479 1481 686 1558 ἀοράτῳ
730 1479 884 1534 αὐτοῦ
927 1476 1136 1551 δυνάμει
1166 1476 1613 1554 χειραγωγοῦντι,
1646 1476 1823 1551 Quod
1856 1477 1910 1536 si
1945 1476 2118 1538 nobis

477 1571 857 1632 excusatione
886 1584 1032 1646 opus
1061 1573 1168 1639 est,
1219 1565 1380 1644 quod
1430 1568 1653 1626 morati
1707 1566 1917 1639 simus,
1979 1575 2033 1627 et
2082 1591 2119 1634 a

478 1661 644 1720 vobis
666 1658 1040 1734 obfuerimus
1061 1655 1299 1734 perdiu,
1322 1653 1477 1714 hanc
1499 1654 1823 1733 offeramus
1845 1673 2116 1728 causam,

479 1748 660 1827 quod,
689 1763 821 1805 cum
851 1745 1038 1806 aliam
1075 1744 1181 1803 Dei
1212 1743 1547 1814 ecc!esiam,
1581 1743 1718 1803 huic
1749 1743 1974 1804 honore
2003 1761 2115 1821 pa-
2146 1779 2178 1825 τε,

476 1835 1153 1915 rem,administremus,
1181 1850 1302 1892 non.
1330 1833 1614 1892 mediocri
1636 1851 1670 1892 (ι
1703 1833 1864 1894 vobis
1894 1833 2120 1893 distan-

479 1935 592 1988 tem
621 1923 962 2001 intervallo,
996 1923 1104 1983 hoc
1134 1931 1360 1999 tempus
1389 1922 1512 1982 diei
1543 1928 2112 1999 consumpserimus.

476 2014 626 2076 Cum
647 2017 839 2092 igitur
867 2013 1092 2073 dederit
1131 2013 1446 2088 Dom-inus,
1483 2020 1544 2071 ut
1575 2018 1632 2071 et
1655 2010 1778 2071 illis
1809 2012 2117 2090 implerem

476 2103 816 2183 liturgiam,
864 2120 969 2162 nec
990 2107 1205 2162 vestrae
1227 2100 1482 2161 deessem
1516 2098 1824 2180 rharitati,
1885 2119 2115 2162 mecum

473 2194 725 2273 bene/ica
756 2192 1032 2270 largitori
1060 2191 1500 2269 gratiasagitc.
1564 2196 1668 2267 qui
1723 2189 1879 2251 hanc
1930 2208 2116 2267 quam

475 2283 702 2344 videsis
758 2283 1019 2359 corporis
1090 2280 1285 2341 nostri
1377 2279 1744 2341 debilitatem
1817 2278 2116 2341 invisibili

476 2389 588 2432 sua
618 2371 894 2452 potentia
914 2368 1192 2430 deduxit.
1225 2367 1304 2428 Ex
1324 2367 1416 2428 his
1448 2376 1602 2447 patet
1627 2387 1802 2428 unam
1829 2387 1897 2428 ex
1921 2367 2114 2430 Caesa-

475 2459 773 2521 riensibus
806 2456 1076 2521 ecclesiis
1102 2455 1316 2517 Basilio
1365 2459 1742 2518 commissam
1801 2457 2007 2531 fuisse,
2043 2478 2112 2520 ac

480 2549 724 2629 proinde
756 2547 1017 2608 nondum
1047 2545 1390 2626 episcopum
1424 2545 1626 2608 fuisse.
1658 2544 1782 2607 Non
1835 2546 1993 2608 enim
2025 2548 2108 2609 sic

477 2639 749 2718 loquatur
777 2637 1091 2717 episcopus
1112 2635 1183 2695 ad
1216 2653 1392 2711 quem
1418 2633 1683 2695 omnium
1717 2636 1990 2698 (limcesis
2017 2656 2107 2698 ec-

477 2727 785 2789 clesiarum
819 2744 961 2787 cura
990 2725 1283 2804 pertinet;
1317 2734 1416 2786 aut
1447 2725 1494 2784 si
1529 2725 1870 2807 ecclesiam,
1905 2727 1965 2788 in
1993 2746 2107 2807 qua

474 2815 770 2895 liturgiam
804 2815 1108 2876 celebrare
1139 2815 1310 2891 solet,
1346 2813 1460 2874 sibi
1490 2813 1564 2873 ad
1597 2816 1923 2894 regendum
1960 2835 2080 2895 prae

472 2905 646 2987 cipue
677 2905 1056 2966 commissam
1089 2903 1290 2964 dicere
1323 2904 1526 2982 possit,
1566 2923 1680 2964 non
1721 2913 1919 2966 tamen
1972 2907 2106 2966 huic

475 2996 742 3058 ecclesia:
772 2994 920 3055 alias
952 2993 1011 3053 in
1055 2993 1210 3070 agris
1234 3002 1331 3052 aut
1379 2992 1451 3052 ad
1486 2993 1694 3054 urbem
1741 3005 2109 3057 constructas

476 3083 704 3146 honore
737 3092 792 3144 et
822 3083 1104 3161 dignitate
1130 3099 1298 3161 pares
1329 3081 1647 3144 existimet.
2127 3141 2165 3189 Ο

553 3253 612 3315 Si
680 3251 965 3312 Basiliam
1019 3248 1090 3310 ad
1127 3250 1233 3310 has
1263 3249 1410 3309 duas
1441 3249 1740 3314 homilias.
1779 3271 1995 3332 nempe
2044 3254 2103 3314 in

470 3342 683 3422 psalm.
720 3357 816 3403 xxv
849 3347 906 3401 et
925 3355 1081 3415 cxxv,
1117 3339 1245 3418 ipso
1280 3338 1638 3418 psalmorum
1675 3341 1886 3404 ordine
1910 3342 2099 3404 addu-

468 3439 625 3492 ctum
655 3447 786 3491 esse
816 3437 1134 3502 constaret,
1168 3437 1426 3488 statuere
1486 3447 1793 3508 possemus
1864 3441 2105 3493 caeteras

471 3538 704 3600 quoque
736 3525 795 3578 in
830 3519 1090 3598 psalmos
1116 3515 1539 3578 homiliasante
1558 3517 1966 3600 episcopatum
1992 3522 2102 3582 ha-

468 3607 621 3669 bitas
651 3606 981 3668 fuisse.Sed
1008 3606 1250 3667 homilia
1273 3608 1329 3666 in
1359 3606 1716 3684 psalm.cx1v
1742 3609 1801 3668 in
1825 3608 2098 3685 ecclesia,

466 3697 526 3758 in
558 3715 670 3777 qua
701 3696 955 3759 Basilius
978 3697 1316 3757 concionari
1343 3714 1460 3756 non
1485 3696 1816 3771 solebat,ad
1842 3703 2101 3760 occasio-

471 3805 607 3848 nem
641 3785 1000 3866 psalmi,qui
1042 3784 1422 3863 ingrediente
1471 3785 1692 3847 Basilio
1752 3788 2096 3869 cauebatur,

467 3876 843 3956 pronuntiata
877 3884 986 3936 est.
1049 3874 1219 3948 Quod
1279 3884 1502 3954 spectat
1559 3876 1629 3937 ad
1697 3877 1998 3938 homiliam
2044 3881 2100 3940 in

468 3966 676 4047 psalm.
710 3982 828 4036 xxv,
857 3965 1016 4026 illam
1054 3965 1292 4044 quidem
1317 3964 1518 4025 habuit
1545 3965 1888 4042 Basilius,ut
1911 3967 2101 4030 absol-

465 4068 627 4117 veret
652 4074 782 4136 quae
809 4053 1001 4134 pridie
1027 4053 1100 4114 de
1117 4053 1325 4114 eodem
1346 4053 1569 4132 psalmo
1592 4055 2100 4119 disseruerat.Sed

464 4165 596 4207 cum
631 4145 872 4206 dubium
907 4144 981 4204 sit
1010 4161 1082 4204 an
1107 4143 1590 4204 homiliamillam
1621 4144 1812 4224 pridie
1835 4164 2097 4225 pronun-

465 4235 660 4296 tiatam
710 4233 1054 4312 habeamus,
1080 4232 1371 4293 incertum
1405 4231 1580 4293 etiam
1609 4242 1916 4295 estutrum
1950 4237 2008 4296 in
2036 4255 2104 4296 ea

465 4324 714 4385 Basilius
745 4330 1078 4402 susceptam
1113 4320 1601 4401 explicandorum
1628 4322 1985 4385 rsalmorum
2012 4344 2103 4385 sc-

2206 490 2452 568 contigit

2287 579 2536 642 Videtur
2553 580 2875 659 Gregorius
2909 581 3309 645 Nazianzenus
3341 580 3616 645 homilias
3646 579 3863 640 Basilii

2205 667 2537 730 inPsalmos
2560 671 2993 750 indicare,cum
3019 672 3388 734 Iaudatillins
3414 671 3858 746 enarrationes,

2207 759 2265 819 in
2293 757 2510 837 quibus
2539 760 2906 840 Scripturam
2963 762 3057 837 iis,
3099 763 3201 842 qui
3261 759 3659 840 simpliciores
3689 765 3863 828 sunt,

2205 847 2487 908 trifariam
2530 850 2900 929 explanabat.
2938 849 2999 911 Id
3056 851 3280 931 optime
3311 848 3589 912 convenit
3646 847 3735 908 bis
3793 845 3859 906 in

2202 939 2460 1016 psalmos
2480 937 2902 1002 homiliis.Non
2922 941 3082 1001 enim
3110 940 3366 1003 Basilius
3389 939 3450 1000 in
3475 938 3680 1000 litterae
3700 953 3851 996 cor-

2202 1032 2338 1097 tice,
2373 1037 2437 1086 ut
2486 1029 2564 1088 ait
2607 1025 2949 1109 Gregorius,
2988 1030 3200 1109 pedem
3235 1029 3388 1107 figit,
3417 1028 3523 1091 sed
3557 1035 3856 1108 praeterea

2205 1116 2486 1176 moralem
2521 1135 2762 1180 sensum
2797 1126 2855 1178 et
2882 1136 3111 1198 ea,quaa
3131 1119 3203 1179 ad
3225 1119 3526 1179 Christum
3551 1123 3852 1196 spectant,

2203 1203 2536 1284 investigat.
2569 1205 2873 1268 Existimat
2905 1206 3322 1270 Tillemontius
3343 1208 3600 1287 psalmos
3632 1205 3856 1266 ordine

2201 1310 2233 1353 a
2255 1305 2456 1354 sancto
2484 1295 2701 1356 Basilio
2725 1296 3065 1374 explanatos
3087 1297 3294 1375 fuisse,
3321 1307 3498 1373 atque
3529 1314 3600 1358 ex
3634 1313 3858 1374 magno

2202 1381 2302 1442 illo
2338 1383 2710 1444 homiliarum
2765 1401 3012 1447 numero
3049 1403 3375 1465 perpaucas
3405 1385 3473 1445 ad
3512 1403 3618 1444 nos
3642 1401 3859 1463 perve-

2205 1471 2388 1534 nisse.
2421 1471 2525 1532 His
2554 1473 2885 1535 rationibus
2910 1474 3114 1536 nititur
3150 1474 3530 1535 doctissimus
3563 1472 3854 1552 scriptor,

2203 1561 2357 1640 quod
2394 1561 2552 1622 nulla
2579 1563 2807 1624 videtur
2828 1563 3122 1626 exstitisse
3146 1583 3345 1634 causa,
3381 1582 3486 1624 cur
3508 1563 3616 1623 hos
3649 1562 3856 1641 potius

2204 1669 2376 1729 quam
2396 1651 2524 1712 illos
2537 1653 2608 1714 ad
2621 1672 2686 1714 ex
2698 1653 3308 1732 planandumBasilius
3322 1652 3856 1730 elegisset,deinde

2204 1739 2358 1818 quod
2387 1742 2806 1802 nonnullorum
2862 1742 3337 1821 eXpIanationem
3391 1761 3508 1801 non
3542 1740 3800 1803 absolvit
3830 1763 3848 1817 ;

2203 1841 2325 1892 tum
2346 1832 2522 1893 etiam
2543 1831 2679 1911 quia
2705 1833 2760 1891 in
2786 1831 3099 1892 homiliain
3147 1831 3357 1910 psalm.
3391 1848 3592 1893 xxxvu
3630 1836 3855 1892 citatur

2202 1921 2526 1982 homiliain
2562 1921 2769 2000 psalm.
2829 1937 2903 1999 v1,
2938 1931 2994 1981 et
3040 1919 3193 2001 apud
3244 1924 3595 2000 Symeonem
3652 1923 3850 1982 Meta—

2204 2015 2503 2088 phrastem
2537 2010 2797 2071 homilia;
2832 2010 2890 2070 in
2929 2011 3183 2090 psalmos
3232 2027 3314 2089 xn,
3347 2027 3544 2082 χχχιιι,
3597 2027 3846 2087 xxxvm,

2200 2116 2272 2161 ιν
2302 2101 2575 2160 citantur.
2631 2097 2998 2160 Sententiam
3057 2097 3425 2158 Tillemontii
3487 2101 3848 2161 confirmare

2202 2208 2513 2268 possumus
2532 2207 2602 2248 ex
2633 2187 2954 2248 homiliain
2991 2187 3202 2266 psalm.
3235 2205 3389 2266 xxux,
3447 2188 3548 2248 ubi
3587 2187 3852 2250 Basilius

2199 2278 2355 2338 velut
2386 2279 2443 2338 in
2470 2278 2644 2353 longo
2679 2277 2933 2356 quodam
2967 2294 3032 2337 ac
3056 2295 3170 2336 non
3191 2276 3534 2337 intermisso
3559 2296 3742 2355 opere
3766 2279 3855 2338 ci-

2199 2375 2276 2427 tat
2307 2367 2511 2448 qutein
2540 2366 2950 2446 superioribus
2975 2366 3238 2428 homiliis
3260 2384 3416 2446 saepe
3436 2366 3688 2429 dixerat.
3718 2367 3846 2430 Sm-

2192 2476 2265 2537 pe
2277 2460 2506 2519 dictum
2527 2456 2933 2537 est,inquit,de
2953 2459 3225 2518 clamore
3243 2456 3842 2536 adDominum,quod

2193 2549 2273 2608 sit
2284 2549 2412 2622 ejus
2424 2546 2630 2618 solius,
2643 2548 2751 2625 qui
2765 2561 2987 2624 magna.
2999 2547 3326 2607 etcazlestia
3341 2544 3836 2624 cupit,clamare.

2191 2636 2434 2697 Scilicet
2470 2635 2651 2714 hujus
2683 2634 2843 2695 vocis
2867 2651 3024 2712 saepe
3055 2633 3419 2713 explicanda)
3451 2634 3836 2697 occasionem

2191 2727 2503 2786 attulerant
2525 2723 2737 2805 psalmi
2753 2723 2810 2784 in
2834 2723 3054 2803 quibus
3070 2741 3226 2802 saepe
3246 2721 3697 2796 occurrit.Quod
3721 2743 3837 2785 au-

2192 2824 2307 2876 tem
2331 2821 2557 2894 spectat
2587 2813 2659 2874 ad
2697 2812 2969 2874 homilias
3001 2830 3035 2872 a
3091 2813 3382 2892 Symeone
3426 2813 3832 2892 Metaphraste

2191 2903 2422 2977 citatas,
2461 2911 2579 2963 tota
2601 2920 2698 2962 res
2730 2901 2933 2962 nititur
2953 2900 3115 2963 falsis
3137 2902 3426 2972 numeris,
3454 2900 3555 2980 qui
3576 2903 3646 2963 ad
3670 2921 3838 2965 mar-

2191 2992 2748 3070 gineml‘arisiensis
2768 2991 3046 3052 editionis
3069 2990 3323 3070 appositi
3345 2990 3606 3054 fuerant.
3627 2991 3841 3056 Errata

2191 3081 2640 3143 emendavimus
2659 3083 2712 3142 in
2728 3081 2838 3142 hac
2861 3078 3270 3143 editione.Ubi
3288 3081 3446 3141 enim
3463 3080 3845 3144 indicabatur

2193 3171 2435 3233 homilia
2482 3171 2671 3232 sancti
2724 3170 2926 3231 Basilii
2974 3171 3030 3232 in
3076 3170 3288 3250 psalm.
3341 3187 3395 3230 in
3455 3175 3841 3249 reposuimus

2193 3261 2401 3340 psalm.
2426 3278 2548 3332 xw,
2579 3260 2825 3321 homilia
2850 3260 2910 3320 in
2943 3259 3156 3340 psalm.
3195 3275 3381 3323 XXXIV
3427 3259 3724 3322 citabatur
3775 3261 3838 3322 in

2187 3369 2466 3411 sermone
2495 3349 2701 3429 quinto
2734 3368 2896 3410 num.
2951 3353 2987 3412 5
3013 3358 3068 3410 et
3100 3349 3160 3408 in
3204 3349 3457 3427 septimo
3485 3367 3546 3410 n.
3599 3351 3656 3408 ὓ.
3711 3351 3836 3413 Sed

2191 3438 2321 3500 haec
2355 3440 2471 3500 duo
2501 3441 2626 3500 loca
2657 3439 3038 3516 reperiuntur
3068 3438 3127 3498 in
3187 3437 3452 3499 homiliis
3507 3436 3710 3498 Basilii
3772 3439 3835 3501 in

2189 3528 2402 3607 psalm.
2447 3545 2627 3590 xxxm
2661 3537 2718 3588 et
2749 3545 2883 3590 XLV.
2938 3527 3227 3590 Similiter
3255 3545 3385 3606 quae
3442 3527 3501 3586 in
3549 3545 3834 3589 sermone

2197 3618 2290 3690 l3,
2323 3638 2484 3680 num.
2512 3618 2574 3698 ι,
2610 3619 2960 3698 deprompta
2993 3617 3345 3678 videbantur
3378 3634 3451 3676 ex
3485 3616 3730 3677 homilia
3769 3620 3830 3680 in

2188 3708 2401 3787 psalm.
2434 3725 2531 3787 Lv,
2568 3717 2624 3768 et
2647 3708 2705 3768 in
2729 3726 3008 3768 sermone
3047 3707 3139 3785 14,
3175 3726 3235 3769 n.
3276 3707 3334 3779 3,
3369 3723 3440 3765 ex
3472 3705 3718 3766 homilia
3771 3707 3834 3768 in

2188 3797 2398 3876 psalm.
2428 3813 2672 3872 xxxvnt,
2707 3815 2776 3859 ea
2797 3796 3126 3876 reperimus
3155 3795 3217 3856 in
3245 3793 3508 3856 homiliis
3530 3795 3588 3854 in
3611 3796 3826 3874 psalm.

2190 3901 2290 3948 th
2315 3895 2372 3946 et
2399 3903 2517 3947 va.

2269 3975 2603 4047 Quinetiam
2630 3975 2704 4035 de
2733 3974 2853 4036 illis
2883 3993 3015 4054 quae
3036 3972 3488 4034 exstantdecem
3518 3977 3577 4030 et
3597 3980 3829 4052 septem

2188 4065 2452 4125 homiliis
2467 4064 2870 4125 controversia
2895 4073 2983 4124 est
3006 4083 3080 4124 an
3105 4064 3321 4125 Basilio
3341 4080 3549 4123 omnes
3568 4061 3838 4124 tribuen-

2187 4153 2276 4213 dte
2302 4153 2449 4214 sint.
2486 4152 2746 4223 Quatuor
2767 4153 3010 4231 rejectis
3044 4163 3184 4214 sunt
3213 4151 3274 4210 in
3303 4149 3735 4230 Appendicem,
3767 4159 3836 4212 ut

2187 4243 2403 4320 spuria:
2435 4259 2504 4302 ac
2532 4241 2750 4303 Basdio
2777 4259 3019 4320 prorsus
3050 4241 3328 4318 indignae,
3379 4256 3595 4317 nempe
3636 4241 3832 4320 prima

2187 4330 2431 4391 homilia
2461 4330 2521 4391 in
2556 4331 2766 4409 psalm.
2803 4347 2923 4410 xw,
2975 4331 3237 4392 secunda
3296 4329 3353 4389 in
3380 4328 3589 4408 psalm.
3623 4345 3825 4410 xxvm,

463 4415 639 4489 riem,
672 4432 748 4474 an
778 4413 1034 4473 oblatam
1059 4410 1314 4487 aliquam
1342 4411 1718 4500 occasionem
1747 4421 1985 4474 secutus
2000 4415 2097 4479 sit.
2128 4425 2166 4473 D
2185 4419 2448 4481 homilia;
2474 4420 2533 4480 in
2565 4421 2822 4500 psalmos
2842 4436 3037 4481 xxxv"
3063 4429 3118 4479 ει
3139 4435 3270 4481 εχν,
3296 4417 3592 4478 Ρτωιριιεει
3619 4427 3830 4479 aucto;-

462 4503 656 4576 Quare
680 4503 964 4582 temporis
987 4508 1313 4580 nota),quas
1365 4501 1423 4560 in
1471 4499 1728 4560 homiliis
1782 4502 1841 4562 in
1886 4503 2095 4583 psalm.

463 4611 554 4656 x1v
587 4602 802 4656 etcxw
828 4591 1355 4671 deprehendimus,
1415 4589 1487 4650 ad
1517 4589 1662 4650 alias
1723 4590 1782 4651 in
1844 4593 2099 4672 psalmos

462 4683 736 4744 homilias
767 4700 884 4742 non
909 4680 1207 4760 pertinent
1233 4700 1246 4741 :
1283 4697 1427 4759 quas
1446 4685 1645 4739 tamen
1669 4678 1989 4743 verisimile
2009 4691 2099 4744 est

461 4785 599 4838 ante
631 4775 1034 4856 episcopatum
1065 4770 1293 4832 habitas
1323 4771 1531 4848 fuisse,
1559 4767 1876 4852 pr'opterea
1909 4775 2095 4852 quod,

463 4875 529 4926 ut
543 4883 665 4944 jam
699 4864 842 4940 dixi,
875 4861 1098 4924 nullam
1123 4861 1500 4942 epiSCOpatus
1528 4870 1752 4936 notam,
1814 4861 1963 4924 nihil
1989 4864 2101 4924 ad-

463 4973 666 5017 versus
689 4953 1258 5016 Pneumatomacbos
1283 4953 1528 5013 habent.
1554 4951 1888 5024 Quinetiam
1913 4953 1974 5014 in
1999 4954 2106 5015 ho-

465 5045 626 5106 milia
657 5043 718 5104 in
752 5042 960 5123 psalm.
992 5058 1196 5122 xxvm,
1223 5060 1283 5102 n.
1308 5041 1369 5116 3,
1405 5049 1463 5101 et
1503 5040 1614 5102 sub
1639 5041 1818 5102 ﬁnem
1844 5041 2104 5105 homilia:

461 5136 522 5197 in
557 5135 766 5215 psalm.
790 5149 920 5213 cxv,
955 5133 1280 5193 vehemens
1310 5130 1702 5211 reprehensio
1733 5149 1962 5205 eorum,
1996 5135 2099 5213 qui

465 5226 671 5288 relicta
694 5222 970 5297 ecclesia,
988 5239 1231 5301 synaxes
1254 5220 1314 5279 in
1337 5220 1579 5299 privatis
1591 5220 1816 5282 aedibus
1834 5219 2102 5283 celebra-

466 5312 886 5396 bant,probare
905 5310 1086 5391 possit
1108 5311 1216 5370 has
1241 5309 1512 5370 homilias
1537 5317 1672 5371 ante
1695 5309 1927 5373 habitas
1947 5310 2098 5373 tuis-

463 5422 732 5486 se,quam
768 5405 1100 5483 persecutio
1134 5401 1193 5460 in
1225 5398 1471 5462 Oriente
1495 5397 1763 5462 Valentis
1784 5401 2101 5480 praesentia

462 5495 923 5576 ingravesceret,
957 5509 1024 5552 ac
1057 5488 1330 5570 pluribus
1359 5487 1420 5548 in
1452 5488 1600 5551 locis
1622 5488 1906 5552 Catholici
1932 5499 2101 5552 extra

464 5603 669 5651 muros
698 5581 790 5645 vel
821 5583 881 5643 in
932 5579 1169 5664 privatis
1223 5577 1450 5641 aedibus
1509 5579 1849 5658 congregari
1915 5599 2096 5660 coge-

2185 4508 2548 4588 prazt'ationis
2581 4510 2640 4569 in
2673 4519 2893 4570 tomum
2929 4508 3182 4588 primum
3218 4507 3507 4568 nonnulla
3527 4505 3721 4586 rejicit
3763 4508 3825 4568 in

2182 4597 2315 4658 aliis
2340 4598 2619 4675 homiliis,
2644 4615 2774 4676 quas
2797 4617 2867 4658 ex
2891 4596 3152 4659 Eusebio
3172 4615 3204 4657 a
3227 4595 3487 4657 librariis
3509 4594 3827 4676 desumpta

2183 4685 2802 4766 existimat;nempein
2830 4685 3104 4749 homil.in
3137 4687 3350 4767 psalm.
3372 4685 3644 4759 xxxu,ad
3665 4688 3828 4748 hunc

2184 4775 2567 4849 versiculum,
2613 4775 2795 4837 Verbo
2853 4776 3100 4837 Domini
3139 4777 3274 4837 curti
3318 4775 3552 4848 ﬁrmati
3579 4783 3724 4836 sunt
3774 4785 3831 4837 et

2184 4866 2404 4944 spiritu
2437 4866 2561 4927 oris
2598 4866 2726 4942 eius
2751 4866 2947 4928 omnis
2978 4867 3172 4928 virtus
3200 4881 3432 4938 eorum,
3457 4866 3688 4926 initium
3713 4863 3834 4925 ho-

2190 4953 2366 5016 milia;
2397 4953 2456 5015 in
2493 4953 2706 5034 psalm.
2739 4971 2894 5028 xuv,
2931 4954 3171 5032 longum
3194 4955 3590 5032 fragmentum
3613 4954 3675 5014 in
3707 4953 3832 5016 (ine

2187 5043 2448 5104 homilias
2469 5042 2530 5104 in
2564 5041 2780 5123 psalm.
2805 5059 2958 5106 cur.

2267 5129 2335 5195 V.
2361 5132 2494 5196 Scio
2513 5133 2882 5195 eruditorum
2915 5133 3222 5194 hominum
3245 5148 3364 5196 non
3391 5131 3598 5212 paucis
3619 5131 3831 5214 displi-

2185 5223 2403 5304 cuisse,
2437 5222 2596 5303 quod
2629 5226 2688 5287 S.
2723 5223 2938 5285 Basilio
2961 5223 3021 5284 in
3044 5222 3278 5284 duobus
3303 5222 3608 5303 prioribus
3651 5225 3830 5284 tomis

2183 5323 2304 5374 tam
2326 5313 2512 5374 multa
2538 5312 2872 5392 adjudicata
2891 5314 3011 5374 sint
3032 5314 3534 5393 opera.Uteorum
3559 5313 3828 5392 querelis

2183 5401 2535 5463 satisfaciam
2572 5421 2681 5464 nec
2699 5403 2757 5463 in
2784 5403 3142 5465 contrariam
3165 5401 3465 5462 incurram
3487 5402 3830 5482 reprehen-

2183 5491 2658 5573 sionem,quanta
2673 5500 2879 5573 potero
2896 5492 3154 5554 maxima
3166 5491 3259 5552 his
3280 5490 3340 5552 in
3353 5489 3535 5553 rebus
3549 5491 3832 5555 cautione

2183 5579 2484 5644 versabor.
2521 5581 2692 5654 Quod
2725 5589 2955 5662 spectat
2984 5581 3058 5644 ad
3082 5589 3336 5662 quatuor
3356 5579 3660 5663 homilias,
3692 5599 3833 5663 quas
