4058 6200
519 315 677 365 CLXX

1908 295 2503 360 PROLEGOMENA.

525 432 638 494 silti
670 430 955 493 indicium
992 441 1103 494 est.
1142 433 1241 512 qui
1289 431 1547 494 similem
1600 435 1951 495 sententiam
2011 430 2164 513 apud
2190 446 2226 492 Α
2253 430 2473 505 habita,
2506 432 2613 493 sed
2646 430 2861 492 eodem
2892 429 2991 491 die
3018 427 3350 502 Dominica,
3386 428 3489 507 qui
3536 428 3773 508 jejunia
3824 426 3894 488 ad

527 530 838 601 martyrem
863 522 1156 585 Justinum
1191 522 1418 583 viderat
1450 539 1566 581 non
1598 521 1772 598 longe
1824 539 1857 580 a
1884 521 2001 581 fine
2033 539 2158 579 ma-

518 612 673 692 joris
726 608 1060 690 Apologia.
1115 609 1326 671 Notum
1389 612 1500 671 hoc
1555 629 1705 690 opus
1758 629 1875 671 non
1940 609 2046 669 fuit
2096 611 2156 671 S.

523 700 935 780 Hieronymo:
1029 717 1223 778 neque
1282 700 1461 778 hujus
1532 701 1618 760 rei
1676 699 1930 759 obscura
1988 716 2163 757 causa

525 800 635 869 est,
665 808 797 851 cum
858 788 1175 849 verisimile
1225 789 1299 848 sit
1351 789 1425 848 ab
1492 790 1618 868 ipso
1674 788 1892 849 Basilio
1936 787 2158 847 editum

526 880 584 939 in
610 880 801 942 lucem
836 896 950 939 non
973 878 1176 938 fuisse.
1214 876 1586 957 Citantur(a)
1624 877 1887 938 nonnulli
1922 878 2161 936 codices

529 986 669 1030 mss.
696 969 754 1027 in
785 968 997 1047 quibus
1026 966 1439 1028 commentarii
1468 972 1536 1028 in
1571 966 1808 1027 Isaiam
1838 985 1871 1025 a
1904 967 2157 1045 quodam

527 1055 867 1137 presbytero
894 1055 1105 1133 vulgati
1140 1055 1417 1116 dicuntur
1442 1064 1572 1136 post
1621 1064 1868 1115 mortem
1922 1058 1985 1115 S.
2047 1054 2160 1114 Ba-

1098 1234 1346 1299 CAPUT
1391 1234 1590 1298 XLIII.

535 1372 572 1418 i.
636 1373 711 1419 De
768 1368 1008 1418 lzomiliis
1064 1365 1285 1416 secundi
1339 1369 1493 1415 τουτί.
1537 1366 1771 1417 Homitia
1828 1368 2058 1416 secunda
2106 1368 2169 1413 de

580 1434 927 1494 jejunioinon
974 1428 1311 1494 auferenda__
1347 1428 1678 1494 Bpsiiio._11.
1731 1431 1808 1477 Dc
1846 1428 2079 1477 flammis
2116 1430 2165 1487 3,

597 1490 644 1553 4;
674 1493 843 1544 5.111.
901 1495 975 1540 De
1028 1490 1334 1548 homittisti,
1386 1490 1433 1543 7.
1483 1491 1534 1548 8,
1578 1492 1627 1547 9,
1674 1504 1907 1553 quarum
1966 1495 2169 1551 tempus

593 1559 967 1605 nominatur.
1024 1554 1113 1605 ιν.
1181 1555 1261 1602 De
1323 1554 1560 1601 homiliis
1612 1554 1772 1603 tO-‘Zti.
1822 1554 1864 1603 V
1935 1553 2167 1603 Πουηιία

591 1620 673 1678 21,
721 1620 782 1666 in
833 1619 1143 1678 episcopatu
1178 1617 1403 1678 scripta.
1447 1617 1523 1663 De
1577 1615 1751 1664 tribus
1793 1616 1919 1665 aliis
1949 1618 2166 1678 oratio-

595 1677 768 1731 nibus.
816 1677 897 1728 De
944 1678 1179 1727 homiliis
1262 1677 1575 1739 deperditis.
1644 1678 1733 1726 VI.
1796 1680 1878 1726 De
1936 1677 2171 1725 homiliis

595 1747 653 1791 in
740 1741 1089 1803 appendicem
1136 1741 1399 1803 _rejectis.
1463 1740 1739 1789 Nonnulla
1774 1802 1779 1803 ν
1822 1740 2171 1803 explicantur

2244 520 2714 583 recordationem
2767 519 3085 581 salutifera)
3161 518 3453 599 passionis
3505 517 3901 597 perducentia

2244 609 2631 671 antecedebat
2663 609 2746 688 (p.
2784 608 2901 677 10).

2329 696 2518 760 Mirari
2547 705 2687 759 satis
2717 717 2834 759 non
2862 715 3102 777 possum
3122 696 3427 776 quomodo
3449 694 3661 758 Basilio
3685 713 3883 755 sccun

2247 787 2321 848 da
2350 787 2537 849 oratio
2568 788 2642 848 de
2665 788 2900 867 jejunio
2924 785 3256 865 abjudicari
3293 790 3572 866 potuerit.
3634 784 3907 845 Levissi-

2245 894 2357 938 maa
2385 876 2716 938 afferuntur
2735 893 2946 937 causae:
2972 874 3270 935 Posterior
3294 873 3482 934 oratio
3510 880 3569 932 et
3598 873 3907 951 elegantia

2247 974 2301 1027 et
2323 966 2496 1045 copia
2528 966 2710 1025 multo
2741 964 2990 1026 inferior
3023 964 3100 1044 ig)
3138 981 3151 1025 :
3192 963 3372 1024 multa
3408 963 3468 1022 in
3501 962 3766 1024 secunda
3804 962 3901 1022 le—

2245 1066 2489 1135 guntur,
2521 1073 2771 1135 quorum
2824 1054 2940 1115 alia
2988 1071 3057 1115 ex
3101 1054 3291 1133 prima
3347 1061 3605 1132 sumpta,
3641 1051 3754 1111 alia
3821 1069 3895 1113 ex

2249 1145 2455 1205 eadem
2490 1162 2790 1224 expressa,
2826 1143 2983 1224 quod
3012 1160 3217 1223 parum
3244 1142 3461 1203 decere
3489 1141 3903 1219 videturc0pi-

2250 1234 2586 1295 osissimutn
2611 1233 2801 1293 virum
2834 1232 3139 1293 Basilium.
3177 1231 3515 1293 Secundam
3562 1230 3899 1291 orationem

2255 1322 2435 1382 multo
2460 1321 2802 1383 inferiorem
2827 1322 3023 1400 priore
3047 1339 3176 1382 esse
3191 1319 3482 1398 elegantia
3505 1328 3562 1380 et
3585 1321 3758 1397 copia
3786 1338 3903 1380 nec

2256 1429 2491 1491 possum
2518 1410 2872 1490 concedere,
2905 1428 3014 1471 uec
3046 1427 3441 1470 concessuros
3471 1408 3728 1469 arbitror
3757 1409 3904 1487 qui-

2256 1519 2487 1581 cunque
2515 1500 2801 1562 attentius
2831 1499 3102 1578 legerint.
3144 1499 3336 1558 Prima
3393 1499 3621 1575 longior
3683 1506 3800 1575 est,
3839 1515 3911 1559 ac

2254 1591 2578 1651 secundam
2608 1590 2717 1650 hac
2746 1607 2864 1649 una
2897 1606 2961 1649 re
3005 1596 3270 1667 superat.
3320 1586 3483 1658 Quod
3544 1597 3771 1665 spectat
3832 1586 3907 1646 ad

2253 1679 2497 1739 alteram
2531 1678 2947 1751 ratiunculam,
2982 1677 3121 1757 quid
3152 1678 3365 1736 mirum
3392 1676 3463 1737 si.
3496 1696 3628 1736 cum
3652 1676 3912 1736 Basilius

595 1764 653 1791 In
740 1764 1089 1803 uppc'uuwcm
1171 1764 1399 1799 γσυευιω.
1463 1764 1739 1789 uuuuuuu
1822 1764 2159 1801 Γςιμιιιυηιιιι

593 1816 881 1867 perperam
927 1805 982 1850 tn
1019 1802 1103 1851 his
1128 1800 1367 1867 homiltts
1386 1802 1991 1867 vituperataJVIIqDe
2018 1802 2166 1849 libris

2257 1768 2464 1829 eadem
2497 1769 2570 1829 de
2602 1786 2668 1829 re
2698 1767 2910 1827 iterum
2944 1766 3203 1827 disserat
3257 1784 3325 1827 ac
3355 1766 3561 1826 eadem
3596 1764 3731 1825 vitia
3766 1784 3904 1825 cas-
3954 1812 3957 1823 .

595 1863 651 1915 in
676 1863 1019 1921 Eunomium,
1071 1865 1304 1914 Ascetico
1326 1876 1392 1913 ac
1432 1863 1634 1912 duobus
1695 1864 1848 1911 libris
1873 1865 1940 1912 de
1976 1867 2167 1925 Bapti—

592 1942 719 1978 smo.

615 2042 852 2104 LNunc
880 2039 1137 2101 breviter
1184 2036 1356 2099 nobis
1409 2038 1795 2098 recensendm
1846 2046 1979 2097 sunt
2044 2038 2169 2098 alia;

532 2132 721 2195 sancti
755 2128 956 2191 Basilii
980 2126 1262 2198 homiliae,
1300 2143 1549 2205 quarum
1586 2126 1787 2204 viginti
1824 2136 2077 2190 quatuor
2111 2129 2164 2186 in

531 2234 689 2283 tomo
706 2217 971 2281 secundo
993 2215 1616 2295 disponuntureodem
1644 2216 1936 2277 ordinear.
1957 2218 2011 2275 in
2039 2215 2169 2275 aliis

532 2307 1064 2373 editionibusmcto
1078 2303 1284 2365 alitein
1310 2303 1717 2383 Appendicem
1745 2305 1984 2382 rejects:
2008 2315 2164 2364 sunt.

534 2403 761 2477 Agmen
786 2397 1010 2456 ducunt
1039 2393 1171 2453 duae
1200 2392 1521 2471 dejejunio
1556 2392 1815 2453 homilim
1866 2393 1924 2452 in
1952 2392 2169 2473 quibus

538 2485 782 2547 Basilius
812 2502 928 2545 non
956 2481 1014 2543 id
1046 2481 1235 2541 solum
1284 2481 1569 2558 hortatur,
1612 2488 1672 2541 ut
1707 2481 1926 2541 indicta
1952 2482 2024 2541 ab
2053 2479 2167 2541 Ec-

535 2574 715 2639 clesia
730 2572 957 2653 ieiunia
985 2568 1397 2648 observentur,
1427 2582 1485 2629 et
1526 2588 1593 2630 ea
1626 2571 2021 2644 ratione,qua3
2052 2568 2168 2629 Deo

537 2666 775 2746 placere
835 2660 1039 2740 possit,
1097 2658 1484 2719 observentur
1548 2659 1653 2739 (b),
1719 2661 1822 2719 sed
1883 2660 2055 2718 etiam
2110 2668 2170 2717 ut

534 2774 608 2816 ne
638 2752 881 2833 crapula
910 2749 1273 2811 instantibus
1312 2748 1565 2826 jejuniis
1625 2749 2014 2827 praeminatur
2070 2752 2165 2821 tt).

533 2844 690 2918 Quin
720 2841 898 2903 etiam
930 2838 1147 2899 fatetur
1168 2854 1286 2896 non
1319 2845 1543 2896 tantum
1576 2836 1689 2897 sibi
1747 2835 1965 2896 laboris
1996 2837 2165 2895 insu-

537 2933 814 2995 mendum
844 2945 998 3002 esse,
1026 2934 1088 2988 ut
1116 2925 1186 2987 ad
1213 2925 1511 3005 jejunium
1556 2926 1846 2997 hortetur,
1881 2943 2053 3004 quam
2112 2934 2171 2982 ut

532 3023 899 3085 dehortetur.
929 3033 1004 3078 ne
1029 3016 1163 3095 quis
1196 3013 1393 3093 hodie,
1430 3014 1623 3094 inquit
1657 3015 1744 3093 (ά)
1768 3016 1832 3073 in
1855 3014 2172 3074 ebrietatis

533 3110 702 3173 mala
729 3108 982 3170 incidat.
1014 3106 1163 3167 Nam
1187 3101 1465 3182 ajejunio
1518 3102 1795 3162 violando
1857 3104 2173 3181 plerosque

2257 1858 2655 1935 tiget.eatdem
2685 1856 2995 1917 sententias
3025 1855 3085 1916 in
3122 1864 3371 1935 utraque
3400 1856 3666 1916 oratione
3700 1856 3902 1915 inter-

2252 1946 2391 2006 dum
2424 1944 2893 2008 occurrunt‘?Sed
2929 1955 3125 2006 tamen
3150 1951 3313 2006 tanta
3336 1963 3465 2005 cum
3492 1943 3775 2006 varietate
3800 1962 3903 2005 reo

2252 2042 2627 2114 petuntur,ut
2655 2036 2929 2097 novitatis
2959 2035 3144 2112 gratia
3164 2052 3280 2095 non
3303 2033 3730 2113 careantzquod
3758 2034 3863 2109 qui
3888 2069 3896 2076 -

2254 2123 2388 2184 dem
2415 2126 2606 2186 sancti
2641 2124 2846 2186 Basilii
2878 2124 3207 2184 ubertatem
3244 2123 3481 2184 dicendi
3508 2124 3761 2183 maxime
3792 2123 3896 2182 de-

2256 2223 2565 2275 monstrat.
2592 2217 2753 2276 Pene
2775 2213 3185 2284 omiseram,ut
3202 2230 3324 2273 rem
3350 2212 3570 2273 nullius
3587 2214 3899 2280 momenti,

2254 2304 2410 2383 quod
2440 2303 2746 2382 objiritur,
2782 2302 3011 2363 duabus
3055 2300 3255 2362 Basilii
3287 2301 3361 2360 de
3409 2303 3731 2379 gratiarum
3797 2320 3900 2360 ac-

2253 2393 2413 2453 tione
2447 2393 2836 2453 concionibus
2864 2400 3080 2453 tantam
3114 2390 3311 2451 inesse
3345 2391 3709 2460 varietatem,
3737 2399 3805 2450 ut
3832 2409 3902 2451 ex

2253 2482 2322 2543 iis
2356 2501 2488 2563 qua;
2518 2486 2575 2541 in
2612 2482 2808 2561 priore
2839 2481 2998 2542 dicta
3032 2480 3286 2551 fuerant,
3315 2480 3459 2540 nihil
3484 2480 3542 2540 in
3571 2481 3904 2558 posteriore

2252 2580 2583 2651 repetatur.
2618 2570 2997 2633 Manifestum
3032 2578 3121 2631 est
3153 2588 3259 2628 sua
3292 2578 3500 2647 sponte
3550 2570 3872 2629 discrimen

2254 2660 2506 2723 Sanctus
2539 2660 2787 2721 Basilius
2819 2661 2877 2719 in
2909 2657 3170 2719 secunda
3200 2657 3584 2737 prosequitur
3612 2676 3745 2737 quae
3776 2658 3896 2735 pri-

2253 2751 2351 2811 die
2382 2750 2765 2811 disseruerat.
2799 2749 2871 2810 At
2905 2749 3036 2808 dum
3067 2747 3142 2808 de
3164 2745 3399 2825 jejunio
3448 2753 3746 2805 orationes
3779 2765 3894 2805 non

2256 2839 2464 2901 eodem
2496 2857 2653 2899 anno
2704 2838 3121 2917 pronuntiata.
3185 2834 3409 2896 Citatnr
3451 2834 3573 2894 haec
3632 2836 3894 2896 secunda

2258 2929 2445 2989 oratio
2471 2947 2502 2987 a
2534 2937 2737 2988 sancto
2782 2928 3009 2988 Joanne
3037 2924 3427 3001 Damasceno,
3467 2924 3745 2986 Simeone
3782 2925 3897 2985 Ln-

2258 3018 2497 3096 gotheta
2528 3024 2587 3077 et
2616 3016 2959 3095 Euthymio.
2996 3014 3243 3076 Basilius
3274 3013 3567 3087 promittit
3602 3012 3681 3092 (p.
3716 3014 3900 3075 16in:

2262 3125 2424 3167 more
2456 3126 2559 3167 suo
2591 3107 2937 3166 matutinam
2989 3112 3047 3164 et
3093 3100 3491 3182 vespertinam
3549 3102 3902 3163 concionem

534 3197 901 3261 consuetudo
925 3192 1192 3272 etpudor
1211 3179 1618 3253 deterrebant.
1654 3191 1825 3252 Nulla
1853 3179 2011 3250 enim
2047 3198 2171 3249 erat
2191 3179 2232 3229 δ
2256 3197 2643 3273 sequentibus
2679 3194 2917 3255 diebus.

536 3286 728 3350 insula
754 3286 841 3364 (η.
865 3281 1120 3360 ‘2),nulla
1142 3280 1452 3340 continens
1480 3288 1657 3358 terra,
1682 3298 1796 3340 non
1813 3279 2166 3357 civitas,non

527 3375 957 3456 gensulla,non
981 3376 1284 3456 extremus
1302 3368 1504 3428 mundi
1521 3366 1909 3447 angulus,ubi
1934 3387 2049 3428 non
2068 3388 2167 3428 au-

529 3455 760 3526 diretur
783 3459 999 3543 jejunii
1025 3455 1443 3539 promulgatio,
1481 3475 1654 3537 quam
1703 3466 1759 3518 et
1791 3457 2088 3518 exercitus
2112 3468 2164 3518 et

535 3574 561 3609 ι
575 3553 881 3623 iatores,et
904 3556 1093 3609 nautae
1107 3556 1164 3607 et
1188 3546 1582 3621 negotiatores
1599 3564 1727 3605 sum
1740 3564 1832 3605 mo
1847 3547 1993 3620 gaud
2007 3546 2058 3604 i0
2073 3565 2167 3604 ex-

531 3641 850 3722 cipiebant.
882 3638 1055 3703 Unde
1086 3654 1192 3696 nec
1225 3635 1437 3696 divites
1468 3654 1577 3695 nec
1633 3654 1922 3713 pauperes
1953 3638 2027 3696 ab
2063 3637 2169 3696 hac

524 3728 738 3812 jejunii
771 3729 899 3808 lege
917 3725 1171 3788 eximios
1191 3722 1369 3785 habet
1392 3722 2033 3787 Basiliuszmulieribus
2051 3734 2165 3784 tam

531 3819 893 3882 conveniens
914 3835 983 3878 ac
1005 3814 1331 3877 secundum
1366 3825 1638 3875 naturam
1685 3832 1817 3873 esse
1848 3815 2165 3892 censetje--

527 3909 768 3990 junare,
815 3924 992 3986 quam
1023 3903 1359 3983 respirare:
1427 3921 1657 3981 pueros.
1722 3902 1899 3963 veiuti
1948 3903 2168 3963 virides

532 3994 1010 4079 plantas,jejunii
1032 4010 1180 4073 aqua
1207 3990 1567 4070 irrigandos:
1590 3992 1835 4053 senibus
1851 4011 1921 4053 eo
1937 3992 2167 4054 facilius

524 4087 822 4169 jejunium
849 4100 1006 4163 esse,
1038 4100 1154 4162 quo
1184 4080 1485 4161 antiquior
1506 4099 1639 4142 cum
1671 4100 1743 4142 eo
1771 4080 2165 4154 familiaritas;

532 4174 855 4239 viatoribus
875 4170 1215 4252 expeditum
1240 4185 1373 4231 esse
1396 4170 1628 4231 itineris
1650 4170 1926 4231 comitem
1939 4170 2167 4250 jejuni-

531 4263 783 4328 um.Sed
803 4260 1169 4324 instantibus
1189 4258 1443 4338 jejuniis
1468 4257 1679 4337 praeire
1704 4259 2160 4319 solebatimmo~

534 4356 750 4418 derata
768 4348 1101 4415 lattitia.Sic
1121 4349 1278 4411 enim
1292 4347 1561 4409 nonnulli
1581 4348 1736 4428 apud
1750 4366 1813 4408 se
1831 4349 2169 4426 cogitabant

531 4446 637 4525 (ei:
672 4443 980 4519 Quoniam
999 4438 1172 4501 nobis
1202 4439 1471 4518 quinque
1489 4437 1725 4525 dierum
1736 4439 2046 4517 jejunium
2080 4441 2171 4497 in-

530 4524 756 4597 dictum
796 4539 883 4594 est
928 4530 1146 4610 (neque
1178 4525 1337 4587 enim
1360 4526 1513 4604 apud
1543 4524 2167 4606 Grmcosjejuniumin

2332 3284 2402 3345 Il.
2441 3285 2779 3347 Orationem
2811 3283 3047 3344 tertiam
3065 3283 3151 3360 (It)
3179 3280 3649 3343 habuitBasilius
3676 3280 3733 3340 in
3756 3280 3901 3341 illud

2252 3373 2865 3453 Scripturaa,Attende
2888 3372 2999 3432 (ibi
3029 3373 3333 3452 ipsi,quod
3356 3379 3528 3431 antea
3554 3372 3776 3430 lectum
3809 3371 3901 3429 t'u-

2252 3460 2489 3523 erat.Ex
2506 3461 2783 3523 brevibus
2815 3462 2933 3522 illis
2949 3460 3145 3522 verbis
3172 3460 3531 3522 uberrimam
3561 3470 3891 3537 praecepto-

2254 3570 2382 3611 rum
2405 3560 2662 3628 segetem
2696 3550 2963 3621 deducit,
2989 3568 3058 3610 ac
3082 3548 3787 3626 demonstrat,quomodo
3815 3550 3899 3608 vi-

2251 3640 2547 3717 gilandum
2610 3639 2893 3701 adversus
2952 3657 3158 3718 pravas
3187 3637 3606 3717 cogitationes,
3636 3656 3706 3698 ac
3738 3640 3895 3698 ratio

2253 3728 2323 3788 ad
2355 3729 2540 3788 nostri
2572 3728 2897 3788 custodiam
2922 3727 3282 3802 adhibenda,
3319 3726 3615 3806 quomodo
3641 3745 3760 3786 non
3796 3727 3891 3798 iis,

2253 3836 2383 3897 quae
2411 3826 2612 3877 nostra
2654 3816 2934 3878 dicuntur
2960 3824 3019 3878 et
3048 3814 3206 3876 circa
3253 3833 3360 3875 nos
3416 3824 3575 3887 sunt,
3613 3814 3719 3874 sed
3785 3834 3894 3876 no-

2254 3906 2616 3985 bismetipsis
2646 3904 2954 3967 attendere
2997 3904 3355 3967 debeamus.
3414 3902 3723 3975 Quomodo
3786 3923 3892 3965 sua

2250 3996 2504 4075 quisque
2538 4003 2779 4074 peccata
2811 4005 2869 4056 et
2899 3993 3257 4056 conditionis
3305 4012 3427 4054 suas
3482 3992 3675 4054 ofﬁcia
3732 4012 3891 4053 con-

2251 4086 2516 4148 siderare
2544 4084 2778 4155 debeat,
2813 4084 3115 4160 quomodo
3161 4084 3244 4143 uti
3280 4083 3673 4164 praesentibus
3707 4093 3763 4144 et
3808 4084 3897 4143 fu-

2255 4176 2400 4235 turis
2440 4173 2771 4255 providere,
2805 4191 2916 4234 nec
2946 4174 3004 4232 in
3038 4173 3235 4233 aliena
3266 4171 3426 4243 vitta,
3460 4171 3565 4232 sed
3601 4171 3659 4231 in
3693 4190 3893 4233 seme-

2255 4265 2469 4345 tipsum
2500 4263 2829 4344 inquirere.
2862 4262 3170 4334 Quomodo
3201 4262 3293 4321 sui
3328 4262 3513 4341 ipsius
3546 4260 3807 4338 cognitio
3832 4262 3891 4321 id

2252 4355 2459 4416 aderat
2487 4352 2807 4424 commodi,
2838 4362 2901 4413 ut
2933 4369 3042 4412 nec
3090 4350 3432 4420 efferamur,
3471 4350 3529 4409 in
3566 4357 3895 4429 prosperis,

2256 4463 2363 4505 nec
2393 4444 2453 4504 in
2524 4442 2788 4502 adversis
2846 4440 3209 4517 frangamur,
3257 4438 3356 4499 sed
3420 4457 3488 4498 ex
3543 4441 3757 4499 animae
3816 4460 3886 4499 ac

2257 4533 2438 4612 ipsius
2467 4532 2642 4591 etiam
2695 4529 2963 4606 corporis
2993 4528 3473 4589 consideratione
3531 4527 3604 4588 ad
3660 4528 3897 4607 opiﬁcis

530 4619 992 4701 Quadragesima
1015 4614 1273 4681 Sabbato
1294 4614 1689 4693 servabatur),
1722 4614 1898 4677 hodie
1925 4618 2168 4694 nosipos
2195 4630 2234 4678 D
2253 4620 2815 4700 contemplationem
2850 4636 3251 4695 assurgamus.

531 4710 890 4773 “mittentia
919 4707 1269 4770 obruamus.
1294 4702 1539 4764 Pravam
1574 4702 1725 4763 hanc
1782 4702 2169 4764 consuetudi-

533 4817 695 4879 nem,
719 4799 894 4860 veluti
927 4803 1230 4878 paternam
1261 4792 1667 4853 hmreditatem
1689 4792 1785 4870 (ft,
1813 4792 2169 4871 retinebant,

532 4896 592 4949 et
620 4891 779 4948 velut
807 4886 909 4966 qui
940 4883 1321 4963 longinquam
1376 4881 1803 4958 profectionem
1854 4883 2165 4952 adornant,

532 4975 630 5037 die
662 4975 974 5039 Dominica
997 4974 1288 5036 adversus
1319 4969 1455 5031 illos
1476 4970 1738 5049 quinque
1788 4970 1994 5049 jejuni:
2043 4968 2171 5031 dies

532 5064 671 5125 vino
701 5063 1115 5142 indulgebant.
1144 5062 1309 5124 Hanc
1334 5058 1677 5138 pravitatem
1708 5057 1960 5120 Basilius
1996 5076 2171 5120 acer-

532 5153 686 5215 rime
742 5153 1088 5214 insectatur.
1148 5146 1412 5229 Utraque
1461 5146 1650 5209 oratio
1705 5147 1959 5208 diversis
1998 5146 2172 5209 annis

609 5310 665 5356 ¹²
708 5303 730 5348 ¹
775 5311 800 5376 Ι
841 5310 1055 5374 Thess.
1109 5328 1164 5372 v.
1209 5309 1307 5375 26.

606 5474 701 5636 ((3;
721 5471 1053 5620 gglimon,
1074 5476 1201 5537 not.
1229 5470 1331 5551 85,
1367 5468 1427 5531 in
1456 5466 1636 5532 Basil.

605 5634 681 5711 to)
711 5635 818 5702 0r.
841 5634 900 5711 2,
936 5653 998 5697 ιι.
1031 5634 1069 5700 4
1100 5634 1243 5698 et‘7.

610 5714 700 5798 (ἀ)
732 5714 911 5797 lbid.,
946 5733 1015 5781 ιι.
1042 5715 1103 5776 7.

2333 4711 2676 4787 Sequuntur
2694 4711 2825 4770 duae
2853 4708 2928 4769 de
2949 4709 3266 4785 gratiarum
3298 4706 3533 4767 actione
3558 4707 3896 4767 orationes.

2253 4805 2396 4863 Cum
2428 4797 2842 4877 explicandum
2867 4797 3228 4875 suscepisset
3247 4794 3499 4856 Basilius
3525 4796 3671 4857 illud
3703 4794 3895 4858 Pauli:

2253 4888 2467 4958 Semper
2481 4902 2552 4958 pa
2561 4885 2858 4951 udote,sine
2875 4886 3275 4941 intermissione
3286 4885 3510 4943 orate.in
3523 4884 3765 4940 omnibus
3781 4901 3903 4954 gra-

2255 4972 2371 5030 tias
2390 4969 2551 5045 agite
2573 4965 2674 5010 ¹²⁰¹
2714 5016 2728 5039 ,
2754 4984 2888 5042 quae
2906 4965 3117 5028 eodem
3141 4965 3238 5026 die
3258 4966 3406 5026 lecta
3422 4962 3683 5035 fuerant,
3714 4984 3895 5026 unam

2255 5056 2914 5134 orationeminsumpsit
2938 5056 3082 5115 iniis
3099 5052 3467 5121 refellendis,
3497 5055 3595 5132 qui
3614 5053 3742 5114 fieri
3780 5072 3897 5114 non

2258 5164 2433 5226 posse
2464 5146 2998 5215 contendebant,ut
3024 5160 3265 5221 semper
3288 5140 3905 5220 gaudeamus.Postri-

2334 5468 2403 5545 (et
2439 5464 2621 5540 1bid.,
2656 5482 2718 5527 ιι.
2753 5467 2814 5529 4.

2327 5547 2405 5627 (r)
2447 5546 2625 5627 [δίδη
2661 5564 2723 5609 n.
2756 5547 2816 5608 7.

2353 5623 2418 5785 ti
2450 5623 2973 5784 mare
3001 5644 3063 5688 “'
3093 5624 3155 5688 "

2450 5704 2622 5769 Hom.
2661 5704 2717 5781 3,
2751 5712 2813 5784 4,
2847 5706 2905 5769 5.
