4058 6200
1416 269 1485 332 D.
1533 267 1688 330 JUL.
1736 264 2114 331 GARNERII
2160 272 2579 337 PREFATIO.
3417 294 3663 345 CLXXVII

286 404 683 495 reprehendat
705 403 865 487 quod
892 422 1050 485 sacpe
1072 403 1477 495 aTillemontii
1499 403 1788 495 sententia
1810 403 1929 463 dis-
1955 418 1984 467 Α
2011 403 2148 466 bras
2176 407 2484 468 olTundere
2512 430 2524 470 :
2550 407 2653 469 sed
2677 408 2820 470 satis
2843 419 2968 471 erat
2991 408 3355 474 Tillemontii
3380 434 3655 495 premere

283 493 513 585 cedam,
553 504 797 585 creteros
828 505 1023 555 autem
1058 495 1298 555 criticos
1324 494 1517 555 rarius
1544 493 1715 554 citem
1742 501 1799 554 et
1825 512 1927 553 re-
2013 496 2343 572 vestigia,et
2366 498 2413 556 si
2433 497 2572 577 quid
2597 517 2831 557 summo
2858 498 2940 559 illi
2963 500 3087 560 viro
3107 493 3658 585 excitlisset,c-bser-

286 581 516 651 feliam;
555 584 730 661 hujus
753 584 839 644 rei
868 584 1072 660 paucis
1097 582 1401 643 reddenda
1422 582 1929 645 ratio.’l‘il|emon-
2016 603 2149 644 vare
2173 593 2228 645 et
2250 586 2718 648 emendare.Nec
2736 588 2963 650 idcirco
2980 581 3657 677 exitniusillesecriptor

285 672 441 769 tius,
467 689 744 748 magnum
789 671 931 769 illud
964 671 1227 769 historia}
1258 671 1929 769 ecclesiasticae-lumen,
2018 672 2392 735 brevioribus
2426 675 2582 737 foliis
2628 679 2951 758 ornandus,
2985 680 3139 759 quod
3175 682 3231 742 in
3267 684 3394 762 ejus
3424 671 3657 769 scriptis

278 760 550 850 omnium
578 761 1031 821 accuratissime
1048 761 1123 822 de
1137 761 1315 822 rebus
1333 761 1514 839 gestis
1530 760 1728 822 Basilii
1753 760 1935 850 disse-
2022 763 2316 825 interdum
2345 765 2587 826 maculae
2607 777 2941 833 occurrant;
2969 769 3188 850 quippe
3213 760 3345 833 cum
3372 793 3441 835 eo
3468 760 3655 841 facem

279 848 425 927 ruit,
449 868 520 910 ac
544 850 863 945 innumera
888 850 1137 945 aliorum
1166 859 1356 910 errata
1377 847 1935 945 eutetidavit.9uare
2021 853 2371 929 prtefercnte
2398 872 2589 915 naevos
2614 855 2909 934 ejusmodi
2935 847 3544 945 deprehendamus,et
3563 887 3660 929 ac-

279 957 535 1030 necesse
557 958 672 999 non
696 938 1934 1030 fuit.variisaliorumopinionibusreferen-
2016 941 2203 1020 ceptis
2251 940 2323 1001 ab
2370 960 2437 1002 eo
2490 944 2774 1021 praesidiis
2821 948 2925 1006 hos
2975 947 3031 1006 in
3085 950 3433 1030 antiquitate
3457 938 3654 1019 eccle-

277 1027 371 1086 dis
406 1035 463 1087 et
485 1026 835 1093 refellendis
860 1038 1096 1109 tempus
1123 1029 1535 1103 extrahere,ac
1558 1027 1738 1091 rebus
1760 1037 1931 1091 tene-
2015 1032 2250 1092 siastica
2282 1049 2633 1111 progressus
2664 1054 3121 1117 consequamur.

1504 1372 2467 1507 PR/EFATIO.

366 1819 415 1876 ι.
445 1813 639 1875 Hodie
663 1816 861 1895 vigent
889 1814 1145 1875 maxime
1162 1815 1453 1875 editiones
1483 1830 1682 1891 novae;
1711 1830 1819 1872 nec
1848 1815 2164 1886 estBnica,
2202 1810 2523 1894 scriptores
2556 1826 2613 1875 et
2647 1816 2835 1877 Graeci
2890 1827 2947 1878 et
2988 1817 3177 1879 Latini
3202 1823 3422 1904 scripta
3456 1829 3653 1896 Basilii

277 1905 405 1966 fere
430 1914 637 1965 nostra
681 1913 850 1966 aetate
885 1904 1069 1966 ullum
1106 1905 1448 1966 litteraturae
1478 1920 1685 1982 genus,
1720 1902 1779 1962 in
1814 1919 1928 1981 quo
2009 1904 2170 1983 quasi
2190 1904 2463 1966 certatim
2480 1902 3646 1984 quantismaximislaudibusextulerint:

280 1995 414 2072 plus
434 1993 693 2073 positum
720 2002 793 2054 sit
815 2012 1013 2073 operae
1036 2012 1102 2053 ac
1125 1993 1305 2053 studii
1327 1993 1398 2054 ab
1423 1992 1689 2052 eruditis.
1718 1993 1842 2054 Nec
1873 1990 1929 2050 id
2013 2012 2260 2071 quorum
2318 1993 2657 2054 testimonia
2706 1995 2934 2055 notiora
2984 2005 3141 2076 sunt,
3171 2018 3343 2079 quam
3375 2012 3437 2064 ut
3480 2024 3547 2066 ea
3592 2008 3652 2069 in

281 2084 499 2143 mirum
529 2088 802 2164 cuiquam
831 2083 1018 2144 videri
1045 2082 1383 2162 debet,cum
1410 2082 1554 2142 nihil
1575 2081 1723 2141 forte
1745 2082 1937 2160 aptius
2016 2082 2274 2143 medium
2310 2084 2576 2162 proferre
2608 2101 2855 2144 necesse
2885 2084 2977 2144 sit.

278 2182 379 2232 aut
418 2174 623 2233 utilius
654 2174 725 2233 ειτί
762 2172 916 2234 bona
968 2172 1159 2233 studia
1191 2172 1591 2253 prornovenda
1623 2168 1936 2246 excogitari

279 2262 492 2339 possit.
528 2262 841 2323 Hominem
878 2263 1053 2342 quiitl
1092 2273 1282 2340 neget,
1305 2261 1561 2322 arbitror
1591 2261 1716 2321 fore
1753 2259 1940 2320 nemi-

280 2350 511 2421 nem,si
536 2369 738 2412 secum
768 2353 941 2432 paulo
963 2351 1239 2412 attentius
1264 2349 1937 2429 repulaverit,primum,

280 2451 504 2519 quanta
536 2442 758 2502 utilitas
790 2460 858 2501 ex
904 2440 1069 2501 novis
1118 2439 1478 2500 editionihus
1510 2438 1791 2500 accedat:
1827 2438 1937 2498 de-

278 2529 452 2609 inde,
488 2550 662 2611 quam
692 2530 1023 2607 jucundum
1059 2532 1133 2591 sit
1164 2529 1224 2589 in
1267 2528 1451 2590 libros
1501 2544 1573 2589 au
1610 2528 1939 2588 innumeris

284 2620 542 2681 maculis
596 2629 949 2699 expurgatos
1023 2617 1307 2681 incidere.
1365 2617 1516 2679 Hinc
1575 2617 1818 2689 factum,
1881 2615 1937 2675 ni

280 2708 481 2789 fallor,
509 2719 572 2769 ut
594 2709 707 2769 hoc
724 2708 1065 2789 scriptionis
1089 2726 1274 2788 genus
1299 2718 1413 2768 tam
1441 2711 1709 2788 impense
1734 2704 1940 2767 laude-

281 2808 383 2859 tur
404 2798 477 2858 ab
512 2798 812 2871 omnibus,
842 2798 1007 2877 quasi
1033 2816 1200 2858 suurn
1225 2798 1474 2877 quisque
1496 2798 1759 2859 laborem
1785 2795 1937 2855 alte-

280 2888 413 2948 rius
444 2886 651 2948 labore
686 2887 864 2947 minui
898 2887 1172 2964 gaudeat,
1210 2887 1467 2964 velitque
1500 2886 1795 2946 studiosos
1827 2885 1939 2944 hac

2094 2172 2153 2232 4.
2176 2174 2381 2251 Neque
2416 2188 2552 2232 vero
2587 2172 2906 2251 putandum
2943 2184 3030 2235 est
3061 2194 3156 2237 res
3180 2178 3335 2241 solas
3369 2188 3425 2243 in
3456 2182 3653 2248 Basilii

2023 2260 2256 2348 scriptis
2290 2261 2512 2321 laudari
2546 2282 2557 2323 :
2596 2260 2865 2321 laudatur
2886 2271 2945 2322 et
2966 2268 3089 2341 ipsa
3113 2273 3657 2348 quoqueurationis

2022 2347 2331 2427 elegantia,
2381 2349 2659 2420 suavitas,
2698 2348 3107 2429 perspicuitas,
3147 2347 3516 2423 incredibilis
3570 2364 3657 2425 vis

2024 2436 2439 2517 persuadendi,
2476 2438 2763 2499 doctrina:
2796 2439 3122 2523 integritas,
3151 2462 3247 2506 ars
3282 2448 3526 2513 miriﬁca
3557 2455 3653 2515 di-

2023 2527 2187 2585 cendi
2216 2527 2344 2587 sine
2366 2527 2483 2588 ulla
2508 2527 2652 2588 artis
2682 2528 3130 2607 signiﬁcatione,
3166 2554 3401 2600 summa
3432 2540 3490 2601 in
3523 2552 3643 2605 tra-

2022 2616 2247 2713 ctandis
2268 2615 2588 2713 religionis
2608 2616 2965 2713 _(_]h-ristian_aa
2989 2624 3278 2701 mysteriis
3308 2646 3449 2689 cura
3478 2642 3655 2713 atque

2022 2703 2339 2797 diligentia,
2373 2706 2458 2766 sic
2478 2715 2538 2766 ut
2565 2705 2711 2797 nihil
2739 2706 2826 2766 vel
2854 2726 2886 2767 a
2907 2707 3224 2773 fastidiosis
3250 2715 3309 2775 in
3332 2717 3461 2797 ejus
3483 2703 3652 2785 libris

2022 2790 2339 2854 desiderari
2376 2813 2549 2874 posse
2585 2794 2867 2857 videatur.

2103 2882 2155 2943 5.
2185 2880 2332 2955 Quid
2371 2884 2555 2953 enim,
2592 2904 2815 2966 quaeso,
2848 2888 3047 2966 eXpeti
3080 2899 3269 2969 potest
3301 2894 3358 2956 in
3388 2898 3604 2961 Basilio
3627 2908 3655 2965 ?

282 2976 727 3038 benevolentia:
744 2976 1174 3068 significatione
1198 2976 1379 3055 magis
1396 2992 1463 3037 ac
1482 2976 1664 3054 magis
1685 2974 1755 3035 ad
1781 2973 1938 3053 ejus-
2021 2968 2190 3045 Nam,
2220 2981 2279 3032 ut
2310 2972 2383 3034 de
2416 2974 2689 3035 facundia
2721 2975 2948 3048 sileam,
2987 2978 3041 3037 in
3074 2968 3265 3044 Basilii
3297 2990 3533 3068 scriptis
3556 2990 3653 3051 in-

286 3066 453 3127 modi
476 3066 738 3126 studium
774 3064 1044 3128 incitare,
1957 3067 1997 3116 C
2022 3062 2215 3121 venias
2246 3081 2361 3122 non
2398 3080 2602 3142 pauca,
2640 3084 2771 3144 quae
2788 3066 2859 3125 ad
2882 3062 3435 3146 interpretationem
3452 3096 3656 3142 sacra-

369 3155 431 3247 2.
467 3157 610 3217 Haec
644 3173 875 3247 mecum
904 3173 1036 3247 cum
1078 3163 1440 3247 reputarem,
1476 3152 1626 3247 ccepi
1674 3157 1735 3215 et
1783 3153 1928 3247 ipse,
2016 3167 2165 3247 rum.
2197 3148 2630 3247 Bcr-ipturarum
2683 3163 2973 3233 spectant.
3011 3157 3237 3221 Dixisse
3288 3181 3493 3243 parum
3538 3179 3648 3247 est,

285 3245 613 3305 multorum
640 3243 936 3322 exemplo,
962 3242 1036 3304 de
1065 3263 1209 3305 nova
1230 3242 1430 3325 aliqua
1460 3240 1725 3303 editione
1756 3241 1933 3339 ador-
2018 3238 2342 3339 traditionis
2388 3242 2753 3305 monimenta
2798 3253 2857 3305 et
2889 3245 3071 3306 multa
3103 3258 3161 3310 et
3186 3238 3443 3333 insignia
3495 3238 3652 3339 apud

286 3335 486 3394 nanda
517 3339 799 3409 cogitare.
836 3332 939 3393 Vix
989 3338 1187 3395 autem
1225 3332 1395 3405 mihi,
1430 3349 1563 3392 cum
1623 3329 1808 3391 semel
1856 3329 1936 3390 ita
2020 3327 2291 3390 Basilium
2329 3339 2555 3392 exstare
2591 3353 2605 3394 :
2667 3334 2780 3393 dici
2832 3343 3022 3412 potest
3049 3337 3267 3415 verius,
3295 3327 3453 3407 hunc
3484 3327 3654 3408 sum-

285 3424 557 3515 animum
581 3422 944 3515 induxissem
974 3422 1279 3515 meum,de
1299 3439 1477 3515 opere
1499 3419 1932 3515 seligendode-
2024 3437 2182 3515 tuum
2209 3417 2386 3480 virum
2409 3422 2743 3484 traditionis
2765 3425 3168 3488 auctoritatem
3206 3434 3502 3515 praecipue
3532 3446 3652 3500 sta-

288 3513 555 3575 liberare
590 3510 781 3572 licuit.
820 3512 901 3573 Ea
932 3519 1023 3573 est
1053 3511 1208 3572 enim
1240 3510 1442 3571 Basilii
1501 3527 1745 3589 operum
1785 3508 1941 3569 fama

285 3613 467 3683 atque
499 3600 876 3675 existimatio,
910 3609 975 3661 ut
998 3600 1224 3681 impetu
1252 3599 1506 3680 quodam
1556 3597 1736 3677 magis
1764 3616 1937 3677 quam

288 3692 525 3754 delectu
545 3690 616 3751 ad
647 3707 717 3752 ea
744 3707 947 3750 rursus
971 3688 1204 3751 edenda
1232 3690 1523 3769 impulsus
1547 3687 1940 3749 sim.Deside-

288 3783 440 3842 rium
476 3779 736 3858 augebat
768 3778 1055 3859 quidquid
1092 3779 1384 3859 legebam,
1419 3775 1703 3858 quidquid
1738 3776 1945 3837 audie-

289 3871 422 3931 bam
446 3870 525 3931 de
547 3868 765 3930 Basilio
800 3873 1029 3947 Magno.
1057 3868 1317 3931 Mirabar
1369 3886 1500 3929 eum
1534 3868 1625 3927 vel
1655 3875 1943 3945 praestan-

286 3960 537 4021 tissimis
560 3956 804 4021 Graecia
825 3957 1160 4019 oratoribus
1173 3957 1449 4038 anteponi
1464 3954 1939 4034 .Pericli,Lysiae,

286 4049 564 4121 Isocrati,
596 4046 911 4121 Phalereo,
948 4046 1355 4109 Demostheni.
1410 4048 1482 4108 Et
1535 4054 1695 4107 certe
1726 4044 1942 4106 Basilio

286 4148 519 4211 nostro,
554 4156 694 4198 cum
729 4137 862 4216 ejus
891 4138 1110 4217 scripta
1142 4138 1215 4197 ad
1276 4146 1542 4217 posteros
1595 4133 1944 4196 transmissa

286 4237 449 4308 sunt,
486 4227 713 4307 Optime
742 4225 1077 4288 consultum
1138 4226 1322 4287 fuisse
1368 4224 1646 4285 arbitror.
1673 4222 1755 4284 Ea
1784 4224 1942 4284 enim

286 4317 467 4377 tantis
502 4316 779 4377 laudibus
809 4315 1139 4377 extulerant
1173 4331 1244 4377 ex
1274 4314 1529 4394 antiquis
1554 4312 1847 4388 nonnulli,
1882 4322 1946 4373 ut

2024 3506 2294 3606 hilivisse,
2326 3529 2457 3571 cum
2494 3530 2622 3573 eam
2660 3513 2957 3577 haereticis
2983 3506 3261 3598 tanquam
3295 3506 3658 3606 inexpugna-

2024 3595 2203 3688 bilem
2233 3616 2455 3688 murum
2492 3620 2730 3682 semper
2754 3605 3055 3685 opposuit.
3076 3595 3258 3681 Quam
3296 3595 3476 3678 multa
3498 3595 3657 3688 sunt,

2030 3686 2488 3781 quaaAhi‘storiam
2528 3698 2860 3771 temporum
2884 3695 3119 3757 illorum
3148 3699 3478 3767 illustrant!
3508 3686 3663 3781 Quot:

2028 3784 2127 3835 aut
2156 3776 2577 3841 Catholicorum
2623 3792 2723 3843 aut
2756 3782 3170 3849 hmreticorum
3215 3789 3365 3853 facta
3395 3776 3658 3859 tenebris

2030 3862 2244 3961 obruta
2273 3865 2581 3961 latitarent,
2618 3869 2667 3930 si
2686 3871 2952 3961 Basilius
2981 3893 3049 3935 ea
3081 3876 3289 3941 litteris
3310 3899 3425 3943 non
3446 3887 3654 3961 prodi-

2026 3954 2373 4051 dissettllle
2399 3966 2486 4018 est
2508 3959 2835 4021 acerrimus
2866 3962 2989 4024 veri
3020 3963 3318 4044 defensor,
3348 3954 3654 4051 qui'varios

2026 4042 2291 4140 Sabellii,
2342 4047 2478 4120 Arii,
2514 4048 2905 4131 Marcedonii,
2938 4051 3237 4133 Eunoniii,
3271 4042 3650 4140 Apollinarii,

2027 4142 2085 4193 et
2110 4134 2354 4195 aliorum
2379 4146 2661 4219 quotquot
2683 4140 2971 4203 hactenus
2994 4134 3653 4215 fueranthtereticorum

2028 4239 2263 4310 errores
2285 4226 2734 4291 utinvictissime
2755 4230 3192 4310 confutavit,ita
3213 4236 3657 4305 evidentissime

2027 4309 2444 4406 Gatltolicomm
2479 4316 2749 4395 dogmata
2778 4309 3086 4383 stabilivit.
3116 4321 3319 4406 Neque
3340 4345 3476 4389 vero
3510 4332 3655 4393 stri-

288 4407 454 4467 credi
493 4405 823 4486 potuissent
862 4405 1100 4466 modum
1133 4423 1371 4466 omnem
1394 4403 1709 4482 excedere,
1735 4411 1791 4462 et
1827 4401 1943 4463 [ide
1967 4400 2163 4489 octim
2196 4410 2296 4463 aut
2322 4402 2566 4465 obscure
2599 4408 2673 4466 de
2726 4406 2908 4469 rebus
2960 4400 3259 4489 loquitur':
3291 4416 3393 4477 sed
3444 4416 3573 4481 fuse
3600 4429 3658 4483 et

291 4497 524 4575 majora
555 4494 879 4575 praedicare
906 4515 920 4557 :
955 4494 1057 4556 sed
1093 4494 1249 4575 quod
1280 4513 1314 4555 a
1341 4493 1457 4555 (ide
1486 4492 1817 4556 abhorrere
1846 4491 1937 4551 vi-

288 4584 421 4646 deri
445 4592 703 4666 poterat,
730 4584 787 4644 id
814 4583 1152 4646 lectitandis
1174 4582 1366 4646 Patris
1383 4581 1711 4661 gravissimi
1744 4580 1936 4656 libris,

287 4682 348 4735 et
372 4673 749 4734 verissimum
773 4692 929 4754 esse,
951 4681 1008 4735 et
1026 4672 1099 4734 ab
1123 4672 1287 4733 omni
1315 4671 1655 4733 adulatione
1686 4669 1936 4733 alienis-

288 4762 536 4843 simum,
571 4762 696 4823 suis
726 4763 979 4844 quisque
1017 4762 1202 4824 oculis
1233 4761 1447 4825 cernit.

372 4853 515 4916 3.Et
537 4851 699 4913 aliud
722 4853 794 4913 ad
813 4854 966 4914 hanc
987 4851 1345 4933 provinciam
1380 4849 1824 4931 suscipiendam
1846 4867 1942 4911 me

292 4948 495 5014 movit,
520 4942 887 5021 exspectatio
906 4940 1306 5003 eruditorum.
1340 4938 1459 5002 Nec
1481 4940 1780 5002 immerito
1802 4956 1942 5000 sane

291 5052 443 5095 nova
474 5030 678 5096 Basilii
707 5049 954 5114 operum
997 5030 1179 5094 editio
1209 5035 1329 5094 tam
1363 5029 1533 5091 avide
1555 5048 1589 5091 a
1618 5029 1806 5091 doctis
1836 5047 1942 5090 ex-

288 5132 615 5204 spectatur.
666 5122 913 5185 Constat
963 5126 1148 5201 enim,
1178 5138 1546 5201 quaecunque
1584 5118 1839 5180 maxime
1870 5117 1943 5180 ad

287 5232 595 5275 sacrarum
627 5212 962 5273 litterarum
1008 5210 1266 5272 studium
1302 5207 1621 5289 pertinent,
1648 5208 1941 5288 dogmata,

286 5305 499 5382 ethica,
541 5303 811 5381 traditio,
848 5299 1118 5380 historia,
1152 5299 1487 5380 disciplina,
1520 5316 1722 5359 eorum
1756 5298 1945 5359 scien-

285 5394 417 5453 tiam
452 5412 568 5454 non
601 5392 849 5453 aliunde
885 5389 1080 5469 potius
1134 5408 1302 5469 quam
1335 5407 1367 5449 e
1416 5386 1621 5449 Basilii
1670 5386 1943 5466 scriptis-

286 5482 523 5543 hauriri.
552 5480 623 5544 Et
667 5483 826 5543 hanc
868 5479 1059 5558 ipsam
1106 5495 1237 5539 esse
1269 5496 1504 5538 causam
1538 5476 1816 5549 arbitror,
1840 5494 1944 5536 cur

282 5574 603 5650 gravissimi
641 5570 931 5633 Evt-lesiaa
977 5570 1206 5645 Patres,
1239 5568 1364 5646 ipsa
1392 5566 1648 5629 concilia
1672 5582 1940 5626 acume-

2027 4488 2301 4552 distincte
2333 4492 2386 4552 in
2410 4493 2535 4554 suis
2567 4494 2834 4573 epistolis
2890 4488 3201 4579 antiquum
3254 4502 3652 4571 Ecclesiarum

2023 4587 2236 4641 statum
2263 4584 2417 4676 quasi
2445 4584 2520 4644 ob
2550 4584 2757 4676 oculos
2789 4586 2972 4676 ponit,
2996 4590 3081 4649 sic
3113 4598 3177 4652 ut
3207 4610 3302 4655 res
3328 4594 3487 4676 ipsas
3516 4617 3654 4662 cer-

2023 4685 2315 4769 nere,non
2338 4669 2553 4769 legere,
2573 4674 2803 4769 credas.
2826 4672 2995 4738 Nunc
3017 4688 3217 4741 autem
3244 4683 3317 4745 de
3341 4669 3658 4769 disciplina

2025 4757 2425 4858 ecclesiastica
2448 4762 2589 4844 quid
2617 4764 2826 4825 attinet
2855 4764 3082 4858 dicere,
3105 4785 3237 4832 cum
3272 4791 3446 4835 nemo
3479 4757 3655 4858 paulo

2026 4846 2339 4910 humanior
2366 4855 2587 4928 ignoret
2617 4866 2903 4932 quantum
2936 4854 3050 4919 ista
3066 4846 3347 4924 scientiae
3378 4846 3655 4930 ecciesia-

2027 4935 2189 4998 sticte
2222 4954 2355 5017 pars
2385 4939 2606 5034 debeat
2650 4942 2871 5005 Basilio
2897 4948 2924 5003 ?
2970 4948 3239 5029 Denique
3269 4952 3319 5012 si
3351 4961 3481 5034 quis
3514 4958 3656 5020 velit

2030 5044 2259 5086 morum
2315 5027 2611 5093 scientiam
2673 5052 3039 5115 comparare,
3078 5027 3178 5099 aut
3222 5027 3652 5110 vitai-asceticte

2027 5120 2293 5213 instituta
2325 5117 2578 5213 discere,
2603 5127 2650 5182 is
2673 5124 2973 5187 volvendis
3005 5128 3149 5189 tanti
3175 5139 3436 5211 magistri
3457 5135 3648 5213 libris,

2029 5206 2181 5287 quod
2216 5212 2396 5286 cupit,
2430 5206 2582 5270 brevi
2605 5226 3023 5293 consequetur.

2107 5296 2166 5356 6.
2194 5294 2494 5390 Hactenus
2606 5300 2802 5362 Basilii
2836 5322 3079 5383 operum
3114 5314 3468 5390 praestantia:
3500 5335 3655 5379 nunc

2027 5384 2101 5445 de
2122 5386 2470 5484 earumdem
2498 5387 2849 5453 editionibus
2881 5384 3265 5462 disseramus.
3301 5401 3655 5484 Editio,qum

2026 5481 2287 5574 omnium
2323 5476 2526 5574 prima
2543 5487 2789 5574 putatur,
2825 5501 3039 5545 excusa
3087 5496 3176 5548 est
3228 5490 3470 5554 Basileze
3496 5476 3653 5574 apud

2024 5564 2448 5645 Hieronymum
2484 5564 2713 5629 Froben
2746 5588 2899 5632 anno
2933 5574 3106 5639 i535.
3136 5575 3197 5636 ln
3236 5580 3344 5640 hac
3394 5564 3656 5645 editibne
