4058 6200
452 300 657 350 chxx
1849 272 2442 338 PBOLEGOMENA.

454 427 647 482 tomos
669 409 1045 493 divisum,cui
1098 410 1329 473 titulum
1365 408 1809 481 fecit,Basilius
1835 408 2097 488 Magnus
2119 414 2157 460 Α
2180 404 2337 480 quod
2360 402 2704 493 sciam,_com
2716 411 2916 482 pareat
2949 401 3246 493 Equidem
3267 418 3383 461 non
3404 398 3610 493 ignoro
3630 417 3850 493 quam-

451 526 527 571 ex
551 513 793 584 integro
816 486 1175 577 recensitus,
1207 498 1393 562 Paris.
1438 500 1604 565 1679,
1634 499 1694 559 in
1725 499 1788 562 8°
1820 517 1838 572 ;
1868 486 1986 579 quo
2019 497 2093 557 de
2180 493 2313 553 dam
2340 491 2539 554 Basilii
2559 488 3402 584 Vitam,qiueceleberriniu_m
3426 486 3848 584 Ainpliiloclﬁi

453 614 635 677 opere
652 575 1029 675 jamquidem
1053 575 1561 663 locutussum,sed
1588 588 1753 677 deeo
1776 586 1873 677 hic
1888 575 2097 677 rursus
2185 582 2847 677 nomen‘praet‘erttnon
2874 586 2958 677 ita
2974 579 3218 677 pridem
3249 597 3282 638 a
3316 575 3675 677 Cpmbeﬁsio
3700 577 3846 677 edi-

452 665 611 766 loqui
639 665 825 744 visum
860 692 972 743 est.
1001 681 1178 742 Certe
1204 678 1405 739 mirari
1452 676 1611 766 subit
1634 676 1740 737 viri
1774 675 2098 766 doctissimi
2189 680 2304 766 tam
2350 670 2583 766 luisse;
2620 670 2721 766 sed
2754 670 2878 731 hzec
2918 670 3050 729 Vita
3072 686 3194 766 prp
3216 665 3421 747 spuria
3439 673 3614 766 atque
3635 665 3851 766 subdi-

453 754 788 853 .mprobum
826 770 1114 831 laborem:
1143 768 1244 845 qui
1270 768 1329 827 in
1379 767 1471 826 his
1519 764 1747 826 duebus
1790 764 1961 825 tomis
1985 782 2104 824 non
2188 758 2371 853 t_iti.1a
2402 758 2747 820 doctissimo
2784 756 3351 853 quoque‘habetur.
3417 754 3843 853 n_ec_injuria.

454 866 631 924 modo
658 860 868 921 multas
902 859 1091 918 varias
1124 857 1412 917 lectiones
1438 875 1470 915 a
1494 874 1557 915 se
1612 874 1643 916 e
1674 854 1849 915 variis
1877 854 2071 915 codici

453 951 562 1012 bns
586 950 862 1011 collectas
880 946 1090 1020 edidit,
1112 945 1213 1005 sed
1244 945 1404 1025 ipsas
1428 944 1603 1003 etiam
1627 946 1897 1023 antiquas
1924 943 2098 1003 inter-

492 1041 812 1101 retationes
831 1035 1138 1098 sexcentis
1161 1035 1309 1095 locis
1334 1032 1770 1095 emendavit.ld
1796 1049 1945 1107 opus
1966 1050 2098 1092 cum

492 1060 812 1101 relationes
831 1060 1138 1098 sexcentis
1162 1060 1309 1095 IUCIS
1334 1060 1694 1095 euleuuavu.
1711 1060 1770 1094 tu
1796 1060 1945 1107 opus
1966 1060 2098 1092 cum

451 1060 736 1200 l’egerem,
772 1116 966 1177 notavi
999 1115 1154 1195 quod
1204 1114 1447 1193 aliijam
1484 1120 1782 1187 notarant,
1813 1112 2101 1175 Combeli-

451 1210 602 1270 sium
622 1209 877 1286 linguam
903 1204 1141 1285 quidem
1165 1200 1428 1266 Grzecam
1454 1202 1909 1281 diligentissime
1928 1216 2094 1262 exco-

452 1300 659 1366 luisse.
694 1306 752 1357 et
784 1295 1008 1375 optime
1033 1293 1302 1354 scivisse:
1331 1292 1434 1352 sed
1470 1289 1658 1352 videri
1690 1289 1954 1352 Latinam
1982 1308 2101 1350 non

450 1390 529 1450 ita
566 1386 815 1448 multum
846 1383 918 1444 ab
952 1401 1021 1443 eo
1054 1381 1235 1443 fuisse
1269 1380 1587 1443 excultam.
1612 1376 1681 1440 Et
1708 1379 1943 1459 quidem
1969 1396 2103 1455 qute

454 1479 658 1540 Latine
688 1473 947 1554 scripsit,
984 1489 1055 1531 eo
1088 1478 1319 1531 constat
1354 1477 1413 1531 et
1462 1468 1717 1530 obscura
1748 1486 1901 1543 esse,
1937 1475 1994 1528 et
2026 1467 2099 1528 ab

454 1566 699 1646 antiqua
730 1563 833 1624 illa
864 1561 1119 1623 Romani
1152 1560 1448 1622 sermonis
1496 1559 1832 1637 integritate
1860 1575 2101 1638 prorsus

452 1656 667 1716 aliena.
701 1653 899 1725 Quare
938 1650 1039 1710 ubi
1076 1649 1253 1711 etiam
1322 1649 1551 1729 priscas
1582 1646 2101 1727 interpretationes

2187 847 2318 909 Scio
2351 867 2588 929 quoque
2622 847 2982 909 mentionem
3030 846 3158 907 ﬁeri
3215 853 3273 906 et
3323 845 3479 925 apud
3540 845 3842 906 Joannem

2186 935 2616 999 Damascenum
2634 939 2707 998 de
2734 937 2849 997 alia
2888 936 3016 997 Vita
3041 936 3262 1008 Basilii,
3286 953 3417 1015 quas
3438 933 3846 1013 ejussucces-

2185 1027 2307 1087 sori
2336 1026 2607 1087 llelladio
2643 1025 2943 1088 tribuitur:
2978 1025 3081 1086 sed
3113 1035 3503 1105 przeterquam
3538 1024 3693 1103 quod
3709 1025 3847 1083 du-

2185 1114 2359 1177 bitari
2394 1115 2604 1175 merito
2630 1123 2823 1194 potest
2856 1134 2929 1176 an
2963 1132 3220 1194 unquam
3236 1110 3685 1193 exstiterit,ipsa
3712 1130 3845 1173 non

2182 1203 2437 1283 amplius
2459 1204 2515 1264 in
2540 1204 2871 1265 litterarum
2893 1203 3295 1265 monumentis
3314 1200 3851 1273 invenitur.Quare

2184 1301 2247 1352 ut
2272 1294 2383 1353 hoc
2416 1292 2698 1354 damnum
2752 1293 3029 1354 resarciri
3081 1292 3341 1369 quodam
3393 1290 3572 1352 modo
3619 1291 3845 1371 possit,

2185 1399 2393 1442 novam
2427 1382 2623 1443 Basilii
2662 1380 2864 1443 Vitam
2906 1380 3234 1463 praesertim
3281 1399 3350 1443 ex
3412 1381 3542 1459 ejus
3595 1380 3847 1461 scriptis

2184 1470 2493 1531 collectam
2530 1470 2912 1532 conscribere
2945 1470 3142 1531 statui.

2268 1565 2362 1621 tt.
2401 1559 2561 1639 Opus
2594 1567 2778 1620 totum
2802 1560 2889 1621 sic
2916 1558 3367 1623 distribuemus.
3387 1557 3846 1639 Complectetur

2187 1656 2379 1710 tomus
2411 1648 2936 1729 primusIIomilias
2959 1652 3025 1712 in
3047 1652 3478 1713 Hemaemeron
3503 1657 3561 1710 et
3591 1650 3845 1710 inPsal-

384 1754 393 1761 ‘
454 1743 732 1813 correxit,
766 1739 845 1800 ibi
875 1740 988 1800 alia
1045 1740 1240 1819 phrasi
1272 1741 1352 1799 uti
1386 1748 1630 1799 coactus
1658 1755 1787 1797 sum
1822 1756 1837 1797 :
1870 1735 1973 1797 sed
2008 1746 2097 1796 ta-
2126 1736 2160 1785 Β
2184 1755 2334 1818 mos,
2361 1736 2545 1800 libros
2572 1744 2638 1799 in
2656 1738 3568 1811 Eunomium,Commentarium
3595 1740 3660 1800 in
3688 1736 3845 1799 Isai-

456 1852 590 1894 men
628 1832 813 1890 virum
848 1827 1313 1889 eruditissimum
1350 1838 1489 1888 tunc
1545 1845 1785 1905 quoque
1845 1826 2097 1886 maximo

456 1921 598 1982 mihi
625 1921 966 1999 adjumento
999 1918 1181 1977 fuisse
1216 1918 1473 1994 ingenue
1504 1915 1755 1986 fatebor,
1795 1934 1928 1975 cum
1958 1913 2098 1975 mihi

455 2011 546 2070 his
576 2010 634 2070 in
667 2008 816 2069 locis
845 2007 1033 2067 facem
1068 2006 1374 2086 praeferret
1400 2006 1470 2066 ad
1522 2008 1857 2067 Graecarum
1893 2021 2096 2066 vocem

454 2096 846 2177 detegendam
898 2093 1279 2156 sententiam.
1347 2092 1489 2157 Cum
1525 2093 1884 2154 audivissem
1936 2111 2096 2167 eum,

452 2206 631 2269 quem
661 2186 878 2265 saepius
912 2184 1234 2253 nominavi,
1261 2183 1447 2243 virum
1480 2183 1892 2243 doctissimum
1928 2182 2103 2269 Corn-

455 2268 727 2339 beﬁsium
746 2294 812 2336 ex
840 2292 982 2336 mss.
1008 2272 1316 2334 codicibus
1334 2290 1654 2351 excerpere
1680 2272 1917 2331 solitum
1942 2268 2099 2351 quod

457 2367 689 2438 liberet,
716 2364 1057 2443 relinquere
1089 2361 1245 2441 quod
1296 2361 1663 2439 displiceret,
1729 2361 1974 2421 collatos
2026 2364 2099 2420 ab

457 2455 584 2535 ipso
613 2463 840 2515 veteres
882 2453 1065 2514 libros
1112 2469 1319 2511 rursus
1368 2459 1468 2511 aut
1513 2450 1735 2511 contuli
1786 2450 1938 2530 ipse,
1996 2462 2100 2509 aut

454 2542 849 2606 conferendas
882 2540 1124 2613 curavi;
1158 2557 1271 2601 nec
1308 2556 1476 2615 sane,
1537 2546 1602 2598 ut
1660 2538 1804 2610 dixi,
1866 2545 2099 2618 tempus

456 2632 850 2715 perdidimus.

536 2723 595 2783 9.
631 2722 801 2783 Nunc
830 2720 905 2781 de
926 2717 1256 2799 anecdotis,
1282 2718 1474 2797 deque
1502 2715 1705 2777 Basilii
1749 2714 1883 2776 Vita
1926 2714 2097 2793 paulo

455 2814 641 2874 fusius
669 2809 1109 2871 disserendum.
1137 2811 1222 2870 Ita
1238 2818 1648 2886 comparatum
1671 2812 1760 2866 est
1786 2804 2095 2865 hominum

455 2919 666 2981 genus,
702 2906 766 2959 ut
814 2897 1154 2959 existiment
1188 2914 1396 2957 novam
1454 2895 1715 2972 aliquam
1775 2893 2095 2955 editionem

458 2991 776 3071 plurimum
797 2985 1387 3064 commendaricopia
1414 2981 2099 3071 anecdotorumAioigi-

2181 1845 2305 1897 am;
2340 1826 2663 1895 secundus,
2706 1824 2995 1888 Ilomilias
3023 1828 3098 1889 de
3125 1827 3403 1899 diversis,
3439 1827 3733 1905 Ascetica,
3767 1826 3846 1887 li-

2186 1916 2354 1978 brum
2384 1916 2470 1975 De
2502 1916 2891 1997 virginitate,
2917 1916 3101 1978 libros
3133 1918 3217 1978 De
3249 1916 3589 1998 baptismo;
3622 1916 3844 1976 tertius

2183 2002 2398 2065 librum
2435 2004 2519 2066 De
2539 2007 2765 2085 spiritu
2807 2013 3041 2079 sancto,
3107 2004 3421 2084 Epistolas,
3481 2005 3837 2084 Liturgiam,

2190 2093 2387 2172 viginti
2420 2104 2671 2173 quatuor
2727 2113 3036 2157 sermones
3088 2094 3386 2157 Simeonis
3442 2094 3704 2174 magistri
3765 2112 3844 2155 ac

2184 2183 2548 2259 Lagothetaa,
2584 2182 2775 2244 Vitam
2810 2185 3033 2247 Basilii.

2270 2272 2365 2333 12.
2401 2274 2732 2333 Commune
2759 2272 2999 2352 quidem
3024 2271 3289 2333 omnium
3317 2291 3531 2333 munus
3563 2281 3652 2333 est
3680 2271 3845 2333 bene

2185 2360 2260 2422 de
2292 2380 2354 2421 se
2379 2361 2606 2421 meritis
2633 2361 2853 2441 justam
2880 2361 3265 2442 debitamque
3306 2361 3555 2440 gratiam
3602 2360 3844 2443 persol-

2180 2466 2323 2511 vere
2348 2469 2361 2483 ·
2394 2451 2506 2510 hoc
2527 2460 2721 2511 tameu
2754 2454 2953 2513 nescio
2978 2452 3277 2532 quomodo
3310 2452 3495 2527 magis
3528 2450 3837 2530 proprium

2180 2538 2417 2599 videtur
2433 2539 3058 2619 scriptorum.Ergo.ut
3079 2541 3215 2602 huic
3231 2540 3428 2602 ofﬁcio
3447 2539 3653 2601 faciam
3669 2543 3839 2615 satis,

2183 2627 2438 2688 libenter
2456 2628 2790 2706 praedicabo
2820 2627 3109 2691 beneﬁcia
3131 2630 3467 2710 eorum,qui
3488 2627 3708 2709 aliquid
3727 2628 3841 2688 mi-

2182 2716 2239 2776 hi
2267 2717 2394 2797 opis
2414 2717 2485 2777 ad
2522 2736 2730 2778 novam
2766 2718 2964 2781 Basilii
3019 2719 3344 2780 editionem
3396 2718 3835 2798 perﬁciendam

2180 2807 2511 2869 contulere.
2541 2807 2803 2868 Primum
2831 2800 3639 2869 laudandusDom.Henricus
3657 2809 3839 2869 Caro-

2184 2895 2273 2955 lus
2297 2895 2375 2955 du
2394 2896 2679 2958 Cambout
2700 2895 3148 2971 deCoislin,dux
3168 2905 3227 2957 et
3251 2915 3355 2961 nar
3379 2894 3842 2975 Francim,epis-

2182 3002 2365 3063 copus
2394 2984 2697 3056 Metensis,
2726 2986 2827 3065 qui
2882 2984 3301 3046 bibliothecam
3336 3003 3501 3046 suam
3548 3002 3680 3045 cum
3706 2984 3842 3044 aliis

456 3070 551 3143 tur
572 3080 630 3140 id
664 3074 999 3138 ornamenti
1032 3076 1089 3135 in
1125 3094 1271 3135 nova
1301 3072 1503 3134 Basilii
1538 3092 1786 3151 operum
1827 3070 2096 3132 editione
2117 3096 2156 3146 ο
2183 3073 2608 3153 manuscriptis
2639 3083 2762 3134 tum
2796 3072 3017 3137 Graacis
3054 3074 3513 3136 refertissimam
3546 3072 3699 3153 apud
3727 3091 3841 3134 nos

458 3174 699 3229 minime
730 3162 1261 3225 defuturum.Nova
1285 3162 1444 3223 enim
1467 3161 1770 3222 veteribus
1783 3159 2097 3239 addentur,
2188 3160 2484 3241 deposuit,
2501 3171 2563 3223 ut
2586 3182 2653 3223 ea
2676 3162 2869 3236 nobis,
2905 3182 3035 3243 qua;
3056 3164 3184 3243 ejus
3208 3164 3268 3223 in
3294 3174 3557 3223 nostram
3581 3179 3838 3239 congre-

455 3257 783 3335 fragmenta
832 3251 1127 3332 quaedam,
1181 3253 1481 3311 orationes
1535 3248 1779 3329 aliquot,
1842 3248 2107 3328 epistolae
2187 3252 2485 3327 gationem
2506 3249 2925 3314 benevolentia
2953 3260 3065 3327 est,
3100 3252 3327 3313 facilius
3361 3270 3433 3314 ac
3456 3250 3836 3314 commodius

457 3342 781 3406 nonnullae.
817 3340 971 3412 Quin
1004 3341 1180 3401 etiam
1215 3358 1286 3400 ea
1308 3337 1509 3400 Basilii
1542 3337 1828 3417 opuscula
1855 3355 1985 3417 quae
2008 3337 2105 3398 hic
2187 3339 2272 3400 uti
2298 3340 2806 3401 liceret-Laudabo
2831 3349 2890 3402 et
2909 3341 3376 3402 illustrissimum
3395 3338 3835 3401 abbatemD.de

457 3433 578 3496 illic
608 3447 815 3513 sparsa
844 3427 1254 3509 inveniuntur,
1280 3429 1407 3508 ipsa
1428 3444 1665 3507 quoque
1692 3445 1798 3487 suo
1818 3424 2028 3487 ordine
2046 3434 2105 3487 et
2188 3429 2458 3503 Louvois,
2492 3429 2735 3491 biblioth
2747 3449 2867 3492 ecaa
2890 3430 3092 3509 Regia:
3115 3429 3599 3511 praefectum,qui
3618 3446 3838 3507 magno

458 3524 586 3585 loco
617 3537 822 3582 rursus
847 3517 1088 3597 vulgare
1121 3536 1236 3578 non
1267 3514 1829 3595 gravabiruur.Scio
1861 3515 2099 3595 quidem
2188 3517 2524 3578 litterarum
2558 3524 2617 3577 et
2644 3518 3040 3580 litteratorum
3082 3520 3299 3581 damno
3332 3518 3568 3579 duobus
3616 3516 3841 3581 abhinc

458 3630 606 3694 opus
629 3608 900 3671 Eunomii
925 3609 1169 3686 dignum
1197 3625 1329 3669 esse
1356 3605 1623 3667 tenebris
1665 3610 1872 3684 magis,
1925 3616 2101 3685 quam

457 3702 591 3763 luce
628 3721 640 3760 :
677 3701 959 3779 quoniam
1006 3705 1197 3758 tamen
1230 3696 1303 3757 ad
1336 3694 1753 3756 dilucidandos
1804 3694 2005 3756 Basilii
2035 3696 2102 3756 in

458 3790 831 3853 Eunomium
854 3786 1038 3847 libros
1062 3786 1193 3846 usui
1224 3803 1355 3847 esse
1384 3794 1599 3865 potest,
1625 3783 1682 3844 id
1716 3802 1952 3863 quoque
1974 3800 2101 3843 rur-

458 3899 559 3941 sus
591 3879 859 3941 edemus.
884 3876 1105 3939 Notum
1140 3878 1237 3937 est
1279 3873 1555 3934 Ruﬁnum
1610 3880 1667 3933 et
1725 3872 2096 3933 Eustathium

458 3970 723 4051 quaedam
758 3966 959 4028 Basilii
981 3964 1276 4045 scriptain
1321 3964 1580 4041 linguam
1633 3962 1900 4024 Latinam
1953 3962 2094 4022 olim

458 4050 881 4121 transtulisse:
916 4069 1169 4135 quorum
1214 4052 1764 4132 interpretationem
1827 4050 1900 4109 ad
1952 4067 2095 4110 exa-

458 4157 619 4211 ratos
642 4164 819 4207 manu
851 4142 1032 4206 libros
1062 4142 1424 4221 recognitam
1459 4139 1607 4219 typis
1638 4139 1879 4219 quidem
1924 4157 2095 4199 man-

458 4240 601 4299 dare
632 4236 822 4297 visum
852 4242 962 4308 est,
998 4232 1100 4292 sed
1130 4230 1240 4305 sic,
1277 4237 1340 4290 ut
1368 4228 1441 4290 ad
1472 4229 1672 4307 operis
1703 4228 1924 4288 calcem
1951 4228 2097 4307 reji-

459 4329 666 4389 ciatur.
701 4325 856 4386 Loco
887 4321 1096 4383 eodem
1130 4316 1398 4399 ejusdem
1429 4315 1625 4378 Ruﬁni
1682 4315 1965 4378 ineditam
2001 4319 2097 4378 in-

457 4413 942 4495 terpretationem
971 4410 1370 4490 quarumdam
1397 4407 1735 4466 orationum
1774 4404 1975 4466 licebit
1998 4405 2097 4465 in—

459 4504 640 4566 tueri.

546 4594 642 4657 10.
666 4594 838 4655 Certe
868 4589 918 4649 si
939 4586 1072 4668 quis
1095 4584 1347 4647 idoneus
1377 4582 1632 4665 scriptor
1662 4582 1863 4646 Basilii
1906 4583 2103 4646 Vitam

460 4684 725 4764 proxime
748 4687 881 4761 post
907 4676 1095 4757 ipsius
1129 4684 1376 4736 mortem
1439 4672 1654 4735 litteris
1715 4672 2102 4764 prodidisset,

463 4761 727 4835 modoad
750 4787 859 4829 nos
873 4783 1059 4847 usque
1072 4763 1437 4846 pervenisset
1461 4770 1578 4822 tam
1605 4761 1958 4841 przeclarum
1987 4781 2107 4824 mo-

464 4868 971 4938 numentum,rem
1008 4852 1545 4916 fecissetetutilem
1583 4861 1641 4912 et
1667 4854 1887 4928 gratam
1914 4860 2111 4931 poste—

460 4950 641 5013 ritati.
676 4948 930 5010 Basilius
951 4943 1281 5018 enim,dum
1305 4940 1548 5021 viveret,
1582 4939 1660 5001 ita
1691 4940 1879 4999 modis
1900 4939 2099 5000 omni-

462 5042 573 5103 bus
631 5036 869 5115 claruit,
916 5036 1051 5095 vitae
1094 5030 1432 5110 sanctitate,
1475 5046 1706 5091 morum
1744 5030 2097 5108 integritate,

461 5118 1658 5211 prudentia,eruditione,facundia,animi
1674 5119 2097 5211 magnitudine,

462 5207 733 5283 laborum
760 5233 861 5297 pro
885 5210 1152 5275 Ecclesia
1194 5218 1607 5289 susceptorum
1668 5207 2007 5281 tolerantia,
2040 5217 2104 5297 ut

460 5328 664 5373 eorum
685 5296 818 5383 quae
838 5312 937 5365 aut
955 5300 1137 5381 gessit
1160 5306 1258 5359 aut
1281 5298 1519 5379 scripsit
1553 5304 1828 5358 accurata
1848 5296 2103 5376 cognitio

461 5420 587 5465 rem
614 5394 958 5458 litterariam
984 5390 1239 5451 maxime
1258 5384 1723 5449 illustraret.Sed
1741 5386 1941 5448 nescio
1964 5406 2105 5467 quo-

463 5490 637 5552 modo
671 5484 1008 5561 contigit,ut
1040 5497 1240 5541 rerum
1272 5496 1307 5537 a
1337 5484 1496 5537 tanto
1525 5478 1643 5535 viro
1668 5484 1966 5553 gestarum
1996 5495 2101 5556 pe-

463 5579 702 5641 culiaris
728 5574 972 5636 historia
1007 5578 1204 5630 nostro
1238 5566 1493 5627 maximo
1534 5564 1751 5625 damno
1784 5582 2099 5644 nusquam,

2184 3607 2378 3681 annis,
2407 3617 2677 3668 recusato
2722 3609 3064 3688 episcopatu
3096 3609 3577 3681 Claromontano,
3632 3626 3665 3667 e
3718 3607 3839 3668 vita

2186 3695 2464 3756 excessit.
2497 3694 2794 3757 Faverunt
2821 3696 2996 3758 nobis
3018 3714 3262 3776 quoque
3297 3694 3573 3767 maxime,
3620 3694 3837 3773 optimi

2184 3793 2243 3844 et
2269 3784 2654 3846 illustrissimi
2686 3785 2918 3845 abbatis
2950 3785 3245 3864 exemplo,
3275 3783 3381 3845 viri
3408 3782 3836 3861 spectatissimi

2183 3874 2452 3951 ejusdem
2478 3872 2857 3936 bibliothecas
2879 3873 3078 3953 Regite
3101 3872 3458 3939 custodes.D
3503 3872 3838 3933 Ludovicus

2181 3961 2257 4023 de
2279 3961 2844 4044 Targnis,Sorbonae
2860 3964 3067 4025 doctor
3086 3961 3833 4041 celeberrimus,idemque

2181 4050 2242 4112 in
2272 4051 2497 4113 amicos
2548 4054 3041 4125 ofﬁciosissimus,
3078 4062 3139 4115 et
3189 4054 3448 4115 Joannes
3500 4051 3836 4127 Boivinius,

2182 4158 2335 4202 unus
2358 4141 2622 4202 omnium
2644 4138 3340 4217 urbanisSimus,etidem
3369 4140 3613 4222 scriptis
3637 4140 3836 4221 publi-

2184 4228 2268 4291 cis
2289 4230 2348 4289 in
2378 4238 2495 4291 toto
2520 4230 2665 4295 orbe
2698 4232 2984 4294 litterario
3011 4229 3680 4299 clarissimus.Laudem
3713 4246 3840 4291 non

2184 4320 2545 4381 mediocrem
2570 4322 2790 4402 pariter
2806 4330 3067 4383 meretur
3081 4319 3521 4383 illustrissimus
3536 4335 3737 4381 comes
3760 4320 3841 4381 de

2184 4406 2513 4490 Seignelay,
2552 4411 2724 4489 cujus
2772 4409 3140 4490 amplissima
3200 4408 3563 4471 bibliotheca
3592 4422 3843 4487 semper

2184 4505 2387 4575 aperta
2408 4507 2495 4559 est
2523 4498 2827 4574 studiosis,
2855 4498 3023 4579 quasi
3056 4497 3312 4560 fructum
3332 4495 3702 4558 uberrimum
3735 4497 3839 4556 lu-

2185 4603 2475 4667 crumque
2508 4588 2827 4649 maximum
2852 4605 2985 4648 esse
3010 4586 3347 4667 putaret,de
3378 4585 3651 4647 litteratis
3684 4586 3841 4646 bene

2188 4677 2429 4737 mereri.
2463 4675 2529 4738 In
2563 4676 2741 4757 hujus
2772 4676 2964 4738 laudis
2988 4676 3331 4738 societatem
3363 4692 3508 4738 voco
3544 4678 3839 4755 optimum

2190 4766 2738 4827 eteruditissimum
2766 4766 2952 4827 virum
2974 4766 3252 4829 Carolum
3304 4766 3380 4826 du
3413 4764 3669 4837 Cbesne,
3703 4764 3842 4843 ejus

2190 4872 2365 4934 quam
2396 4873 2528 4916 mox
2560 4856 2680 4917 dixi
2712 4854 3093 4917 bibliotheca;
3133 4855 3499 4935 praefectum,
3531 4853 3655 4934 qui,
3692 4854 3837 4914 dum

2190 4943 2356 5024 vixit,
2380 4943 2661 5022 singulari
2686 4954 2744 5006 et
2773 4963 2979 5006 amore
3009 4954 3068 5007 et
3097 4944 3513 5007 benevolentia
3538 4960 3649 5005 nos
3682 4954 3840 5003 sem-

2188 5049 2297 5112 per
2328 5042 2677 5112 prosecutus
2697 5042 2809 5096 est.
2831 5030 2939 5094 llic
2962 5052 3198 5114 quoque
3227 5030 3837 5094 honoriﬁcentissime

2185 5121 2575 5201 appellandus
2605 5124 2695 5183 vir
2728 5123 2927 5201 magni
2950 5123 3233 5195 nominis,
3264 5141 3334 5184 ac
3362 5119 3609 5184 inﬁnitae
3630 5121 3838 5182 lectio.

2187 5209 2938 5291 nis,JoannesHarduinus,
2960 5211 3337 5274 bibliotheca:
3360 5211 3838 5274 Ciaromontana

2190 5296 2632 5382 praelectos,qui
2658 5300 2999 5364 Graecorum
3019 5302 3249 5379 aliquot
3270 5300 3542 5363 codicum
3567 5298 3719 5361 mihi
3740 5317 3837 5361 co-

2191 5389 2347 5469 piam
2377 5390 2531 5451 haud
2566 5393 2782 5452 invitus
2803 5390 2961 5453 fecit.
2996 5389 3156 5452 Inter
3183 5392 3442 5469 ingratos
3463 5390 3605 5467 jure
3628 5404 3837 5451 nume-

2188 5492 2355 5539 rari-r
2377 5479 2425 5539 si
2453 5479 2718 5541 meritam
2752 5478 2986 5540 laudem
3012 5499 3127 5540 non
3163 5482 3485 5541 tribuerem
3520 5478 3646 5539 viro
3673 5478 3832 5539 inte-

2187 5567 2448 5646 gerrime
2463 5577 2639 5649 atque
2658 5566 3835 5650 sapientissimo.Achilliﬂarlaeo.senatus
