4058 6200
1139 298 1215 363 D.
1268 299 1429 364 JUL.
1478 298 1857 363 GARNERII
1912 298 2335 368 PREFATIO.

180 437 473 502 Parisiensis
502 434 771 517 principi,
794 435 896 516 qui
940 433 1087 495 mihi
1138 435 1429 515 optimum
1475 434 1743 497 codicem
1766 443 1806 490 Α

178 528 392 593 Grecam
424 545 530 588 non
560 525 691 587 dico
746 523 1170 595 commodavit,
1201 523 1306 585 sed
1357 524 1515 586 dono
1562 523 1746 585 dedit.

176 619 396 691 Maxime,
428 616 473 678 si
502 616 629 696 quis
658 614 809 675 alius
842 613 986 674 mihi
1016 610 1412 675 celebrandus
1430 622 1519 674 est
1548 613 1635 673 vir
1664 614 1752 676 in-

174 715 245 769 ter
261 706 586 769 Florentinos
621 703 932 766 nobilitate
953 710 1240 783 praestans
1270 712 1444 783 atque
1461 701 1748 764 eruditio-

174 799 501 874 ne,Antonius
514 794 943 869 Salvinius,qui
959 812 1091 854 cum
1109 794 1387 873 epistolas
1399 793 1598 855 Basilii
1613 812 1755 854 con-

172 886 357 947 tulisset
381 903 503 947 com
524 885 747 964 optimo
772 884 978 944 codice
998 881 1224 961 Graeco,
1247 883 1529 944 collectas
1552 902 1618 944 ex
1646 884 1757 945 hoc

170 975 290 1035 libro
317 975 488 1035 varias
518 974 807 1035 lectiones
858 972 929 1034 ad
992 990 1086 1034 me
1134 972 1447 1034 mittendas
1503 972 1748 1038 curavit.

166 1064 456 1144 Asymbolus
478 1081 606 1125 esse
630 1064 818 1124 noluit
853 1064 936 1122 vir
966 1062 1331 1124 clarissimus
1361 1080 1527 1143 aeque
1544 1081 1614 1125 ac
1637 1063 1749 1123 do-

165 1152 693 1227 ctissimus,.loannes
719 1152 821 1213 Chi
844 1152 1183 1232 istophorus
1200 1149 1577 1232 Wolfius,qui
1601 1170 1747 1232 quas

163 1244 206 1301 in
226 1241 405 1321 Anglia
424 1242 737 1321 collegerat
760 1240 947 1301 varias
975 1240 1364 1315 lectiones,ail
1398 1259 1506 1301 nos
1541 1241 1743 1318 perof-

158 1331 321 1391 liciose
336 1341 493 1410 atque
518 1338 903 1410 peramanter
927 1330 1251 1391 transmisit
1281 1332 1443 1392 [nter
1465 1330 1608 1394 alias
1640 1329 1745 1390 lit-

157 1420 357 1480 terarias
378 1419 594 1491 laudes,
620 1420 841 1499 quibus
857 1418 1117 1480 abundat
1138 1420 1226 1480 vir
1244 1418 1538 1480 immensa
1551 1418 1744 1480 omnis

154 1507 390 1589 elegantis
410 1508 692 1569 doctrinae
713 1527 781 1568 co
791 1508 883 1587 pia
906 1507 1459 1589 instructus,noster
1481 1512 1740 1571 Bernar-

155 1587 241 1658 tius
256 1598 731 1677 Montfanconius,
757 1616 885 1658 eam
910 1616 1143 1677 quoque
1167 1587 1519 1660 consecutus
1544 1608 1655 1677 est,
1679 1606 1743 1658 ut

159 1698 201 1746 et
240 1688 422 1750 multas
451 1688 644 1749 varias
692 1688 976 1747 lectiones
1006 1686 1208 1748 Roma:
1230 1686 1302 1748 ab
1324 1688 1531 1749 amicis
1564 1689 1742 1749 colle.

163 1786 277 1847 clas,
298 1776 569 1838 etinedita
601 1776 875 1853 quaedam
913 1774 1113 1837 Basilii
1156 1776 1440 1855 opuscula
1461 1776 1682 1838 ibidem
1711 1796 1744 1837 a
1767 1805 1804 1853 Β

155 1882 205 1924 se
220 1866 480 1944 exscripta
498 1882 734 1926 mecum
753 1864 1469 1927 communicarit.Rursus
1488 1867 1601 1927 hoc
1615 1866 1744 1928 loco

157 1954 526 2030 perhonorifice
551 1953 958 2014 nominandus
982 1962 1183 2015 noster
1196 1954 1551 2016 Franciscus
1568 1954 1746 2017 Fave.

152 2042 334 2112 rollius,
360 2044 525 2104 homo
558 2042 919 2121 multiplicis
951 2043 1215 2104 scientiae
1242 2062 1310 2105 ac
1341 2042 1747 2125 lectionis.qui

152 2150 255 2190 cum
285 2131 594 2211 permultos
620 2131 861 2194 codices
877 2130 954 2192 ita
979 2141 1255 2194 accurate
1288 2132 1661 2213 contulisset,
1684 2144 1745 2193 ut

152 2221 307 2281 nullus
330 2240 454 2281 eum
487 2222 855 2301 praeterisset
885 2240 1055 2300 apex,
1091 2231 1212 2283 tum
1246 2222 1487 2283 demum
1520 2222 1749 2285 indices

145 2310 491 2388 amplissimos
522 2313 785 2372 maxima
838 2329 983 2371 cura
1036 2320 1209 2391 atque
1264 2311 1570 2389 diligentia
1609 2332 1749 2374 con-

148 2400 307 2459 texuit.
340 2399 425 2479 Et,
455 2410 517 2461 ut
537 2400 725 2462 verbo
747 2401 971 2471 dicam,
995 2418 1235 2481 semper
1260 2412 1387 2464 erat
1409 2412 1644 2483 paratus
1674 2404 1747 2465 ad

145 2508 333 2550 omnem
354 2509 588 2571 operam
608 2492 1014 2571 praeSIandam
1038 2490 1295 2570 is,quem
1316 2493 1489 2553 modo
1507 2493 1749 2568 dixi,vir

146 2579 255 2639 mihi
271 2580 929 2658 conjunctissimus;nec
942 2596 1201 2661 unquam
1224 2581 1636 2646 deterrebatur
1649 2582 1750 2643 aut

144 2666 302 2729 labore
320 2680 409 2730 aut
448 2671 741 2751 temporis
772 2669 1178 2745 diuturnitate,
1202 2669 1250 2731 si
1286 2671 1426 2750 quid
1453 2680 1610 2732 esset
1641 2674 1747 2734 Ba.

149 2757 235 2815 silii
262 2777 417 2819 causa
470 2770 567 2819 aut
625 2758 973 2837 legendum,
1007 2772 1109 2820 aut
1163 2759 1617 2841 conferendum,
1650 2775 1748 2827 aut

150 2846 581 2910 exscribendum.
609 2847 752 2910 Haec
776 2847 1034 2910 libenter
1054 2848 1274 2919 scribo,
1298 2859 1359 2909 ut
1383 2849 1619 2929 publice
1651 2850 1747 2911 de-

144 2932 317 2995 clarem
338 2948 617 3016 quantum
645 2957 830 2999 novus
846 2936 1096 2998 Basilius
1114 2938 1391 3000 familiari
1417 2957 1549 2999 meo
1573 2941 1748 3000 Fave-

146 3023 277 3083 mllio
294 3025 517 3090 debeat.
557 3026 703 3088 Haec
733 3034 871 3087 sunt
901 3046 1031 3105 qua;
1060 3026 1263 3088 dicere
1294 3027 1663 3089 habebamus
1686 3028 1744 3088 in

143 3114 429 3175 universum
463 3117 538 3177 de
568 3117 684 3178 hac
711 3124 911 3177 nostra
933 3116 1130 3177 Basilii
1151 3114 1410 3196 Operum
1434 3116 1698 3178 editione
1727 3137 1740 3179 :

145 3218 261 3261 nunc
288 3203 460 3284 deiis,
483 3224 617 3286 quae
642 3205 954 3285 speciatim
978 3206 1048 3266 ad
1074 3205 1329 3286 primum
1351 3214 1574 3267 tomum
1605 3225 1745 3288 spe-

145 3300 286 3371 ctant,
314 3293 701 3356 disseramus.

146 3380 225 3458 ει.
262 3384 333 3445 De
359 3386 545 3449 tribus
576 3386 987 3461 orationibus,
1015 3406 1147 3468 quae
1203 3387 1362 3467 falso
1395 3390 1749 3451 tribuuntur

783 3482 1042 3546 Basilio.

208 3571 613 3636 l3.Monuimus
639 3574 841 3636 Basilii
879 3595 1059 3655 opera
1090 3582 1289 3638 omnia
1310 3576 1368 3637 in
1397 3586 1744 3639 controver-

146 3657 259 3719 siam
278 3663 627 3736 a.iduci,nec
652 3664 730 3726 de
755 3683 874 3725 uno
894 3665 1134 3745 quidem
1164 3674 1417 3728 tractatu
1443 3666 1599 3728 inter
1620 3686 1748 3729 eru-

148 3744 266 3807 ditos
284 3753 757 3834 convenire,aliis
798 3744 972 3816 aliter
1009 3758 1124 3833 περὶ
1157 3758 1356 3822 νοθείας
1386 3764 1488 3817 aut
1518 3762 1747 3836 γνησιό-

148 3839 695 3925 ῖητοςὶυόὶωηιίὺιιε.
734 3840 997 3903 Primum
1055 3845 1231 3922 igitur
1263 3864 1457 3925 opera;
1489 3846 1746 3923 pretium

149 3923 285 3986 fuerit
304 3932 635 4009 expendere
662 3949 736 3991 an
760 3938 1038 3992 tractatus
1060 3923 1332 4012 quilibet,
1342 3943 1518 4014 prout
1533 3954 1748 3996 occur-

149 4014 285 4104 rerit,
310 4015 497 4079 Basilii
530 4020 632 4091 sit,
667 4038 777 4081 nec
808 4039 882 4081 ne
904 4038 921 4087 :
958 4020 1197 4096 deinde,
1226 4028 1275 4082 si
1304 4022 1445 4103 quid
1468 4022 1529 4084 in
1562 4024 1750 4104 quoli-

152 4100 227 4161 bet
250 4111 471 4168 tractatu
505 4109 782 4170 videatur
810 4109 1123 4172 observata
1158 4100 1427 4190 dignum,
1465 4112 1524 4172 id
1557 4100 1750 4175 anno-

149 4194 377 4269 ωείὸῡ).
415 4196 649 4258 Primus
667 4204 849 4277 quise
873 4200 1047 4261 oﬂ‘ert
1069 4208 1374 4281 tractatus,
1406 4200 1745 4265 Hexaeme-

145 4296 229 4369 ron
247 4294 340 4343 est.
367 4287 426 4346 ln
449 4286 731 4347 confesso
756 4295 843 4348 est
868 4288 1105 4368 quidem
1142 4290 1298 4369 apud
1332 4307 1542 4350 omnes
1573 4289 1748 4351 Basi-

1768 3164 1808 3214 C

3222 320 3439 377 CLXXX
3474 325 3495 373 ι

1832 452 1933 494 rus
1960 436 2067 515 (α),
2093 437 2336 500 totidem
2369 441 2522 501 inter
2570 445 2799 503 retatus
2840 448 2929 501 est
2949 439 3309 505 Eustathius.
3336 442 3484 505 Aliae

1836 522 1965 584 dua:
1991 529 2518 607 quaesequunlurD
2537 536 2881 591 estructura
2895 529 3159 592 hominis
3184 533 3479 595 orationes

1834 614 2164 676 contrarias
2191 617 2247 676 in
2280 619 2610 681 sententias
2644 619 2933 680 litteratos
2963 620 3325 684 distrahunt.
3361 621 3477 685 Alii

1837 701 2102 792 tribuunt
2132 707 2290 785 ipsas
2315 707 2531 770 Basilio
2604 709 2665 769 lii
2689 702 2973 786 Gregorio
2996 708 3282 791 Nysseno.
3309 713 3481 792 cujus

1842 790 2210 882 inopcribus
2238 814 2472 875 quoque
2504 817 2733 860 extusae
2766 807 2922 878 sunt,
2961 790 3105 862 tom.
3139 802 3183 882 l,
3220 820 3278 881 p.
3316 790 3472 874 139;

1838 880 1937 941 alii
1973 885 2161 943 neutri
2212 885 2448 967 horum,
2481 886 2584 947 sed
2646 888 2843 964 ignoto
2902 880 3177 967 cuipiam
3218 880 3471 954 auctori.

1836 970 2226 1033 Combefisius
2251 972 2396 1034 duas
2429 977 2533 1035 has
2562 976 2902 1048 conciones,
2935 995 3065 1057 qua;
3083 978 3209 1056 jam
3243 998 3476 1042 excusat

1834 1066 2071 1126 fuerant
2098 1062 2157 1121 in
2187 1061 2449 1125 editione
2483 1063 2833 1144 Basileensi,
2868 1066 2942 1127 de
2973 1069 3201 1148 integro
3261 1072 3323 1135 in
3366 1090 3471 1135 suo

1831 1155 2060 1214 Basilio
2082 1156 2397 1228 reccnsilo,
2422 1155 2495 1228 (ὸ)
2515 1154 2776 1217 edendas
2795 1156 3210 1225 curavit,ratus
3233 1180 3334 1222 eas
3358 1162 3468 1225 mi-

1828 1243 1994 1302 rifice
2018 1242 2378 1303 deformatas
2402 1243 2611 1304 essein
2645 1244 2915 1322 vulgatis.
2943 1243 3154 1310 Sintne
3185 1252 3471 1328 Gregorio

1828 1330 2089 1410 Nysseno
2145 1332 2495 1413 tribuenda},
2535 1342 2800 1393 nostrum
2835 1353 2951 1394 non
2986 1345 3074 1398 est
3108 1341 3468 1405 examinare.

1828 1421 2088 1483 Dixerim
2118 1430 2313 1482 tamen
2343 1428 2398 1481 in
2432 1430 2791 1497 transcursu,
2818 1424 2871 1483 ei
2906 1426 3121 1488 ascribi
3153 1429 3241 1489 vix
3275 1449 3471 1510 posse,

1828 1518 1947 1569 tum
1983 1512 2059 1569 oh
2084 1510 2479 1572 diversitatem
2530 1513 2691 1592 styli,
2728 1526 2848 1573 tum
2900 1515 3059 1591 quod
3095 1516 3183 1578 De
3210 1517 3475 1581 hominis

1827 1601 2065 1678 api/icio
2101 1608 2404 1661 tractatum
2441 1620 2558 1661 non
2589 1601 2867 1681 exiguum
2897 1604 3468 1685 conscripserit.Ve-

1829 1689 2078 1749 risimile
2108 1700 2304 1749 autem
2334 1708 2451 1751 non
2506 1689 2567 1750 fit
2610 1689 2960 1768 Gregorium
3012 1695 3350 1772 Nyssenum
3382 1698 3471 1760 bis

1828 1777 1983 1838 idem
2007 1785 2424 1854 argumentum
2451 1780 2945 1860 tractasse,idque
2963 1783 3169 1843 eodem
3196 1788 3470 1860 consilio,

1836 1878 1894 1926 ut
1926 1866 2155 1927 scilicet
2181 1885 2314 1942 quae
2347 1866 2595 1927 deerant
2623 1867 2681 1927 in
2738 1869 2917 1929 fratre
2959 1869 3200 1952 Basilio,
3227 1892 3295 1933 ea
3344 1876 3473 1955 ipse

1830 1955 2327 2045 suppleret.Addi
2346 1964 2540 2035 potest
2565 1966 2620 2017 et
2642 1958 2799 2018 aliud
2824 1969 3238 2035 argumentum
3265 1983 3334 2024 ex
3360 1968 3474 2045 pri-

1834 2046 2165 2123 misprimas
2186 2044 2468 2106 orationis
2501 2045 2697 2106 verbis
2733 2051 3002 2128 petitum,
3028 2052 3183 2130 quod
3211 2044 3474 2116 mihivi-

1831 2134 2005 2195 detur
2038 2140 2147 2194 vim
2185 2153 2302 2195 non
2338 2153 2571 2225 parvam
2610 2135 2853 2199 habere.
2891 2136 2989 2199 Sic
3046 2139 3221 2218 igitur
3269 2141 3477 2225 incipit

1831 2225 2013 2284 oratio
2042 2225 2228 2303 prima
2254 2241 2267 2285 ξ
2331 2224 2563 2284 Euhion
2615 2228 2806 2304 χρέους
2838 2226 3035 2283 ἔκτισιν
3067 2224 3475 2311 ἀποπληρώάων

1838 2313 1970 2380 ἥκω,
2006 2317 2065 2369 οὗ
2111 2316 2209 2379 τὴν
2253 2312 2505 2369 ἀπόδοσιν
2552 2312 2914 2391 ὀινεϐχλόμοιλν²
2984 2322 3076 2376 οὒκ
3124 2319 3474 2401 ἀγνωμοσύνῃ

1831 2405 2209 2481 πραιρὲσεως,
2264 2401 2381 2457 ἀλλ’
2442 2404 2678 2474 ἀσθενείᾳ
2729 2406 3000 2474 σώματος,
3043 2427 3067 2464 ι
3126 2406 3306 2470 Vetus
3363 2412 3467 2472 de-

1834 2492 2016 2553 hitum
2049 2492 2463 2572 persoluturus
2490 2493 2760 2565 advenio,
2795 2494 2963 2572 cujus
2994 2496 3194 2576 utique
3224 2498 3475 2562 solutio-

1832 2601 1964 2643 nem
1990 2602 2103 2640 non
2122 2580 3219 2660 improbianimivitiodiﬂereliam,sed
3242 2587 3473 2650 intirma

1831 2672 2098 2749 corporis
2162 2669 2524 2729 valetudine.
2571 2694 2597 2723 »
2634 2667 2845 2740 Nemo,
2882 2672 3114 2751 opinor,
3152 2693 3270 2735 non
3318 2678 3476 2740 videt

1830 2760 2208 2840 scriptorem,
2243 2760 2511 2839 quisquis
2542 2758 2671 2839 fuit,
2694 2760 2853 2838 loqui
2887 2760 2944 2820 in
2972 2779 3225 2840 persona
3247 2765 3473 2847 Basilii,

1830 2846 3470 2929 quisedt-hominisstructurasermonemaccuratiorem

1832 2936 2183 3018 promiserat
2222 2938 2300 3013 (ο)
2324 2936 2907 3009 instituturum.Quis
2932 2945 3128 2997 autem
3163 2940 3275 3001 sibi
3303 2942 3478 3004 facile

1832 3027 2191 3107 persuaserit
2222 3024 2571 3102 Gregorium
2607 3025 2663 3085 in
2698 3025 2891 3086 aliena
2926 3045 3179 3104 persona
3210 3029 3472 3095 locutum

1833 3118 2064 3177 fuisse?
2093 3114 2230 3176 Hmc
2260 3116 2470 3191 agendi
2504 3116 2656 3174 ratio
2691 3124 2778 3174 est
2807 3115 2933 3176 fere
2966 3134 3198 3192 eorum,
3231 3123 3330 3199 qui
3358 3121 3475 3183 fal-

1831 3205 1955 3267 lere
1970 3204 2258 3275 volunt,id
2279 3201 2433 3284 quod
2455 3203 3480 3291 desanctissimoeandidiSsimoque

1831 3295 1952 3355 viro
1986 3315 2058 3354 ue.
2087 3302 2274 3373 potest
2305 3294 2547 3372 quidem
2601 3294 2950 3370 excogitari.
2986 3298 3113 3358 Nec
3159 3297 3475 3379 quisquam

1830 3385 2048 3446 dixerit
2076 3383 2133 3443 id
2168 3383 2379 3443 fecisse
2410 3383 2763 3460 Gregorium
2795 3383 3039 3445 honoris
3058 3404 3258 3462 causa,
3280 3399 3343 3450 ut
3374 3409 3480 3451 no-

1830 3493 1967 3535 men
1996 3473 2195 3533 fratris
2219 3471 2687 3561 memoriamque
2713 3475 2898 3549 iuagis
2921 3473 3275 3538 celebraret.
3301 3476 3474 3561 Nam,

1831 3564 1879 3625 si
1912 3564 2181 3632 itaesset,
2208 3578 2312 3622 cur
2338 3558 2656 3637 Gregorius
2685 3562 2945 3640 amplum
2981 3563 3147 3625 illum
3179 3567 3260 3629 De
3280 3558 3477 3631 hami!-

1830 3657 1929 3714 m's
1955 3653 2190 3729 oin/icio
2214 3658 2519 3710 tractatum
2554 3667 2671 3709 non
2705 3652 2945 3711 nomine
2975 3654 3203 3736 Basilii,
3232 3658 3336 3717 sed
3369 3677 3478 3719 suo

1831 3739 2236 3821 conscripsit?
2266 3740 2405 3800 Nam
2440 3757 2554 3819 quo
2598 3748 2877 3800 tractatus
2926 3741 3027 3803 ille
3087 3745 3315 3807 duabus
3360 3748 3480 3808 illis

1832 3831 2222 3895 oratiunculis
2241 3829 2610 3909 praestantior
2629 3838 2818 3909 est,eo
2842 3832 3071 3893 honore
3097 3835 3321 3915 majore
3337 3839 3479 3898 affe-

1832 3925 2013 3986 cisset
2043 3923 2310 3999 fratrem,
2343 3939 2475 3981 eum
2530 3920 2579 3979 ei
2622 3920 2671 3980 si
2728 3919 3054 3987 tribuisset.
3113 3922 3229 3986 Sed
3282 3937 3477 3990 tamen

1832 4014 2153 4092 Gregorius
2185 4010 2483 4071 ct-lebrem
2519 4009 2682 4069 illum
2720 4009 2935 4070 librum
2971 4031 3104 4093 suo,
3127 4033 3241 4074 non
3274 4017 3474 4078 Basilii

1833 4107 2077 4166 nomine
2105 4101 2311 4163 edidit.
2348 4100 2463 4162 Sed
2512 4118 2636 4159 rem
2674 4109 2931 4160 nostram
2967 4119 3233 4180 agamus.

1916 4194 1991 4254 14
2046 4192 2239 4253 Multa;
2269 4198 2404 4250 sunt
2435 4207 2629 4249 causa:
2658 4207 2763 4248 cur
2811 4189 3078 4269 Opinioni
3111 4210 3227 4253 non
3260 4215 3473 4274 queam

1831 4283 2118 4345 accedere
2166 4278 2533 4352 Combeftsii,
2592 4279 2924 4359 Dtlpinique
2958 4289 3014 4339 et
3063 4282 3337 4358 aliorum,
3375 4286 3477 4365 qui

145 4366 255 4427 lium
276 4374 559 4435 orationes
583 4375 866 4455 quasdam
883 4366 1308 4457 conscripsisse
1330 4395 1395 4440 tn
1414 4379 1753 4442 Hexaeme—
1835 4373 1981 4436 duas
2002 4373 2108 4433 has
2125 4370 2429 4431 orationes
2455 4368 2664 4428 Basilio
2689 4387 2802 4428 non
2829 4368 3102 4430 dubitant
3132 4373 3438 4435 ascribere
3460 4396 3474 4437 :

142 4476 341 4529 ron,seu
360 4462 414 4523 in
432 4482 585 4543 opus
607 4480 712 4524 sex
734 4465 962 4527 dierum
993 4484 1007 4527 :
1036 4465 1141 4526 sed
1161 4466 1236 4527 de
1259 4483 1468 4528 earum
1497 4485 1750 4530 numero
1776 4522 1817 4543 ῃ
1837 4462 1939 4525 sed
1969 4471 2161 4523 tamen
2184 4462 2272 4520 lia:
2294 4478 2486 4519 causae
2508 4477 2714 4518 omnes
2733 4459 2803 4518 ad
2823 4460 2968 4519 duas
2984 4463 3474 4539 possuntreferri,

143 4544 387 4610 dissident
416 4553 573 4615 inter
592 4570 661 4613 se
683 4553 1048 4617 eruditidglii
1065 4554 1224 4616 enim
1261 4557 1751 4618 numerantdun-
1776 4544 1907 4613 “ad
1967 4551 2323 4631 scriptorum
2388 4549 2765 4627 antiquorum
2827 4550 3262 4631 auctoritatem,
3296 4564 3353 4613 et
3404 4556 3473 4613 ad

144 4646 269 4728 tam
305 4642 626 4704 conciones
683 4660 918 4718 novem,
955 4644 1054 4705 alii
1106 4644 1414 4728 undecim,
1445 4646 1662 4727 quibus
1694 4655 1753 4709 et
1834 4640 2021 4721 ipsam
2048 4640 2175 4720 styli
2206 4638 2629 4699 diversitatem.
2654 4639 2780 4728 .lam
2808 4637 3143 4699 monuimus
3182 4639 3477 4722 Hierony-

146 4726 234 4815 alia
267 4728 342 4790 De
368 4733 664 4810 ραιοαάίεο
696 4741 973 4814 umquam
1006 4735 1205 4815 operis
1236 4726 1414 4797 ιοιίυέ
1446 4726 1690 4799 coronis
1717 4756 1751 4799 ε
1834 4730 2302 4807 mum(d)novem
2324 4728 2609 4788 duntaxat
2630 4726 2928 4786 orationes
2955 4734 3478 4811 numerasse,Cas-

147 4812 448 4883 Combelisio
466 4812 835 4901 adjungitur.
858 4821 1026 4885 Nunc
1046 4812 1751 4889 secernendasuntcerta
1831 4820 2132 4882 siodorum
2167 4820 2241 4896 te)
2285 4819 2484 4896 plures
2534 4834 2650 4875 non
2706 4815 3073 4896 cognovisse,
3108 4815 3477 4882 Eustathiutn

148 4904 203 4961 ab
226 4911 464 4970 incertis.
498 4912 765 4974 Necesse
795 4930 912 4974 non
944 4913 1205 4975 arbitror
1254 4919 1485 4995 priores
1539 4935 1748 4978 novem
1836 4928 2070 4992 quoque
2105 4928 2219 4969 non
2256 4907 2507 4987 amplius
2548 4924 2758 4967 novem
2795 4904 2977 4966 fuisse
3000 4904 3477 4989 interpretatum.

153 4995 404 5061 orationes
432 4999 662 5062 Basilio
688 5018 986 5077 asserere,
1020 5021 1155 5064 cum
1191 5021 1262 5065 ea
1312 5005 1391 5065 de
1418 5021 1484 5065 re
1518 5024 1627 5066 nec
1650 5005 1746 5082 sit,
1833 5000 1990 5063 Nihil
2010 5000 2184 5079 igitur
2207 4997 2496 5078 impedire
2523 5004 2712 5077 potest
2735 4995 2875 5074 quin
2899 5014 2966 5056 ea
2991 4997 3047 5056 in
3072 5015 3138 5058 re
3160 4996 3481 5079 scriptores

154 5100 237 5143 nec
260 5087 507 5150 rideatur
522 5107 705 5169 posse
718 5108 848 5153 esse
871 5090 989 5153 ulla
1002 5092 1481 5155 contentio.Nam
1503 5094 1749 5156 totidem
1837 5088 2283 5168 antiquissimos
2306 5086 2913 5166 sequamur,maxime
2927 5105 3058 5146 cum
3078 5091 3478 5152 recentiorum

159 5187 383 5238 numerat
411 5177 831 5262 Hieronymus,
867 5182 1107 5243 totidem
1140 5185 1410 5262 agnoscit
1436 5181 1754 5247 Cassiodo-
1839 5179 2038 5261 opinio
2073 5181 2240 5239 firma
2273 5177 2438 5238 nulla
2466 5175 2697 5237 ratione
2730 5177 2969 5239 nitatur.
3002 5177 3089 5238 Ad
3128 5178 3251 5240 haec
3276 5177 3483 5241 Socra-

218 5334 284 5420 (ᾳ)
307 5334 450 5420 inst.
481 5357 620 5420 cap.
657 5345 713 5403 l.

223 5414 283 5491 (ι)
306 5419 466 5500 Ioni.
500 5414 581 5495 ll',
613 5437 676 5500 p.
703 5421 853 5484 426.

224 5502 282 5565 {cl
306 5495 471 5560 Hom.
504 5502 569 5575 9,
608 5495 771 5562 itum.
806 5502 1041 5566 ultimo.

196 5600 334 5688 ,(60)
361 5603 651 5690 Cf.capp.
686 5608 780 5681 41,
812 5609 890 5672 [ιῖ
914 5619 973 5672 et
1003 5611 1079 5676 43
1114 5611 1257 5674 Vitae
1288 5612 1360 5678 S.
1388 5612 1635 5690 Basilii,
1664 5635 1696 5677 a
1726 5618 1800 5683 D.
1833 5613 2157 5680 Prudentio
2189 5610 2423 5672 Marano
2447 5605 2970 5690 adornatae,quil)_.
2996 5604 3483 5670 Jul.Garneriiin

162 5678 514 5748 discernenda
544 5678 712 5748 eam
736 5678 807 5749 ab
834 5695 1075 5753 incertis
1102 5692 1484 5757 severitatem
1514 5678 1763 5760 nimiam
1786 5678 1860 5761 ad
1883 5697 2106 5776 justam
2135 5708 2474 5753 mensuram
2511 5678 2882 5771 temperavit.
2918 5688 3086 5751 Eutr.

401 5814 671 5877 l’araoc.
712 5818 821 5878 Gn.
873 5814 1088 5881 XXIX.
2990 5811 3011 5871 ί

1920 5340 2017 5423 (d)
2039 5342 2121 5423 De
2144 5342 2355 5423 script.
2390 5337 2529 5401 ecrl.
2563 5356 2615 5399 c.
2652 5337 2789 5401 116.

1927 5421 2002 5502 (e)
2034 5421 2183 5483 Inst.
2218 5440 2272 5483 c.
2313 5422 2367 5483 1.
