4058 6200
574 342 828 400 CLXXXII

2010 326 2571 393 PROLEGOMENA
2584 379 2597 392 .

577 476 666 529 tes
695 478 755 527 et
778 461 1168 527 Cassiodorus
1198 476 1480 541 expresse
1530 459 1770 523 tradunt
1822 480 1970 541 opus
2024 464 2223 525 Basilii
2250 471 2286 519 A
2309 463 2392 522 sci
2404 466 2673 542 pulcrum
2710 482 2885 526 nemo
2918 465 3029 526 hac
3057 465 3114 526 in
3141 472 3302 545 parte
3327 466 3684 545 perﬁcienda
3704 486 3922 547 operam

577 555 996 636 imperfectum
1024 552 1336 626 esse,adeo
1364 558 1423 609 ut
1449 557 1670 611 tantum
1698 570 1814 612 non
1850 552 2051 613 dicant
2074 553 2226 613 Basi-

2312 552 3222 631 impendissetsuam,habuisset
3236 574 3430 616 causa;
3455 556 3721 616 nonnihil
3740 556 3927 617 adver-

575 647 718 707 lium
745 645 891 706 duas
919 643 1026 705 has
1054 640 1128 701 de
1160 639 1378 721 quibus
1424 639 1748 718 ambigitur
1776 640 2078 703 orationes
2107 662 2223 702 non
2310 659 2411 702 sus
2467 641 2741 704 eximiam
2776 642 2882 703 viri
2918 644 3163 720 gloriam
3204 646 3704 725 reprehensorum
3736 644 3926 725 libido,

573 729 1293 816 conscripsisse.Expedit
1318 730 1986 811 utrumqueaudire.llle
2006 732 2088 792 sic
2115 733 2223 793 ha-

2310 731 2475 810 quasi
2499 732 2599 811 qui
2621 732 2692 793 ad
2738 750 2835 794 res
2858 734 3056 794 animo
3087 734 3452 811 indagandas
3482 734 3779 795 auditores
3809 754 3930 796 suos

574 831 675 892 bet
724 826 831 889 lib.
865 839 949 896 IV,
1004 839 1058 883 0.
1117 822 1234 881 96:
1299 821 1590 900 Γρηγὸριος
1642 819 1786 877 δὲτὸ
1853 820 2191 879 διδασκαλικὸ

2308 821 2731 882 consuefacere
2754 822 3060 885 noluiSSet.
3084 822 3253 885 Nunc
3276 843 3408 884 cum
3437 842 3505 884 ea
3525 843 3651 897 nos,
3678 842 3806 904 quaa
3834 825 3931 884 de-

570 928 664 979 τοῦ
694 918 852 995 λόγου
884 909 1224 992 [ἒζήλωσεν]’
1262 908 1319 967 ὅς
1377 912 1465 965 καὶ
1524 912 1623 977 τὴν
1681 915 1999 978 ποιηθεῖσαν
2055 921 2215 969 Βασι-

570 1010 696 1081 λείῳ
748 1004 1096 1081 Ἐξαήμερον,
1155 999 1247 1055 ἅτε
1330 998 1385 1054 δὲ
1456 998 1924 1079 καταλειφθεῖσαν,
1980 1024 2213 1078 προσαθυ

570 1098 851 1175 επλήρωσε
884 1094 1018 1169 μετὰ
1075 1090 1296 1149 θάνατον
1357 1097 1448 1145 τοῦ
1506 1087 1751 1167 ἁδελφού.
1819 1111 1840 1144 α
1899 1090 2216 1169 Gregorius

566 1207 708 1251 vero
734 1186 1040 1247 aemulatus
1066 1188 1157 1241 est
1181 1176 1380 1239 Basilii
1401 1177 1463 1238 in
1487 1176 1756 1239 docendo
1789 1178 2216 1260 eloquentiam,

568 1279 668 1359 qui
697 1285 754 1337 et
779 1273 997 1335 librum
1044 1268 1357 1359 Basiliiide
1397 1286 1583 1347 opere
1613 1286 1721 1329 sex
1753 1267 2012 1359 dierum,
2042 1288 2217 1350 quem

566 1357 669 1431 ille
716 1364 1128 1445 imperfectum
1186 1358 1534 1439 reliquerat,
1566 1366 1697 1438 post
1745 1357 1969 1419 obitum
2024 1360 2221 1422 fratris

569 1455 884 1537 supplevit.
900 1451 1042 1513 »Hic
1058 1468 1198 1512 vero
1223 1449 1309 1509 sic
1332 1447 1592 1528 loquitur
1617 1446 1816 1509 lib.De
1838 1451 2223 1511 institutione

566 1549 689 1611 div.
715 1548 833 1619 ιιι,
861 1563 989 1623 cap.
1024 1545 1041 1603 l
1081 1563 1093 1605 :
1123 1566 1149 1596 α
1179 1538 1293 1613 Qui
1314 1537 1614 1618 (Basilius)
1647 1557 1831 1618 usque
1855 1537 1927 1598 ad
1962 1539 2218 1599 hominis

2304 912 2846 990 sunt,explananda
2864 914 3171 993 suscipere
3193 913 3318 974 ausi
3342 922 3735 985 sumuspetc.
3751 913 3933 977 «Nihil

2304 999 2622 1080 quidquam
2659 1000 2858 1062 alierri
2884 1020 3058 1080 posse
3091 1003 3345 1063 arbitror
3378 1012 3475 1063 aut
3502 1002 3936 1076 dilucidius,aut

2303 1090 2659 1168 expressius.
2687 1091 2783 1153 Ait
2812 1092 2969 1151 enim
2998 1094 3322 1171 Gregorius
3352 1094 3657 1173 suscipere
3680 1110 3747 1153 se
3777 1112 3933 1153 suum

2304 1198 2451 1259 opus
2473 1179 2547 1239 de
2578 1180 2839 1242 hominis
2884 1190 3091 1243 natura
3123 1192 3297 1261 atque
3328 1182 3692 1253 conditione,
3734 1201 3847 1242 non
3883 1190 3937 1240 ut

2304 1269 2429 1329 fuse
2447 1278 2482 1327 tt
2502 1278 2655 1331 actct
2670 1289 2797 1350 quas
2821 1272 3306 1350 compendiosius
3333 1279 3679 1333 tractaverat
3700 1272 3933 1334 Basilius

2309 1358 2464 1438 (qua;
2493 1358 2728 1421 videtur
2744 1378 2875 1420 esse
2898 1361 3099 1439 opinio
3123 1360 3486 1429 Combefisii)
3520 1379 3636 1421 non
3662 1371 3723 1420 ut
3746 1360 3933 1421 absol-

2309 1457 2399 1508 vat
2427 1467 2557 1527 quae
2588 1448 2892 1510 inchoarat
2922 1451 3166 1511 Basilius
3194 1469 3205 1512 :
3244 1452 3345 1511 sed
3379 1449 3598 1511 idcirco
3630 1451 3851 1511 addere
3877 1468 3937 1511 se

2302 1537 2446 1598 dieit
2476 1556 2544 1597 ea
2566 1557 2697 1617 quas
2718 1539 2787 1599 ad
2817 1540 3115 1601 hominem
3151 1550 3419 1611 attinent,
3455 1541 3611 1619 quod
3646 1540 3935 1601 «hominis

563 1637 968 1700 conditionem
1004 1648 1212 1691 novem
1248 1628 1433 1689 libros
1464 1627 1754 1689 tetendit:
1793 1628 1889 1689 ubi
1924 1638 1981 1689 et
2003 1630 2135 1691 coeli
2161 1641 2217 1691 et
2301 1628 2702 1688 consideratio
2732 1652 2755 1683 ιι
2787 1630 2844 1688 in
2878 1629 3079 1690 Basilii
3114 1648 3292 1710 Opere
3320 1656 3345 1684 σι
3373 1631 3553 1694 desit.
3582 1656 3602 1687 ι)
3636 1633 3863 1693 Possim
3887 1640 3939 1689 et

560 1737 736 1789 terrae
768 1734 1063 1795 naturam,
1092 1718 1251 1781 aeris
1285 1728 1344 1779 et
1370 1736 1657 1797 aquarum
1691 1718 1785 1779 vel
1808 1728 2210 1780 creaturarum

2297 1716 2457 1777 aliud
2487 1718 2885 1778 testimonium
2906 1720 3171 1798 proferre
3192 1740 3259 1780 ex
3285 1721 3495 1782 eodem
3525 1722 3935 1801 Gregorio,qui

562 1835 718 1897 pene
750 1813 1016 1875 omnium
1052 1809 1364 1890 qualitates
1395 1809 1648 1887 aperuit.
1691 1832 1712 1864 ι)
1753 1807 2004 1871 Basilius
2035 1809 2212 1887 igitur
2238 1843 2271 1889 Β
2298 1806 2408 1869 hoc
2439 1805 2597 1867 idem
2637 1806 2735 1868 lib.
2776 1808 2864 1868 De
2896 1811 3137 1887 opiﬁcio
3167 1810 3451 1882 hominis,
3491 1831 3621 1890 pag.
3653 1813 3755 1880 43,
3779 1831 3912 1891 aper

561 1924 635 1967 ex
659 1907 868 1967 horum
893 1908 1203 1963 auctorum
1224 1898 1697 1979 sententia,opus
1726 1916 1901 1957 suum
1928 1917 2044 1958 non
2074 1918 2204 1977 per-

560 1994 727 2057 duxit
749 1994 820 2055 ad
851 1988 1336 2051 umbilicumzsed
1361 1989 1419 2048 id
1439 1988 1497 2048 id
1514 1987 1923 2067 imperfectum
1946 1987 2203 2067 reliquit.

563 2083 702 2163 Sed,
732 2083 781 2144 si
808 2080 992 2141 semel
1028 2078 1381 2157 constiterit,
1408 2085 1472 2136 ut
1494 2096 1561 2138 ex
1594 2076 1769 2137 dictis
1793 2086 2063 2137 constare
2096 2079 2203 2139 de-

560 2173 839 2254 bet,opus
864 2169 1064 2233 Basilii
1092 2167 1279 2229 fuisse
1302 2166 1720 2247 imperfectum
1755 2187 1771 2240 ;
1794 2164 1934 2227 inde
1952 2184 2068 2225 non
2095 2166 2204 2227 ob-

558 2268 733 2324 scure
756 2259 1101 2330 eiiicitur,ut
1124 2255 1376 2319 Basilius
1400 2274 1595 2336 neque
1620 2256 1692 2315 de
1717 2254 1975 2316 hominis
1996 2255 2209 2315 condi-

559 2353 948 2428 tione,nequo
972 2348 1045 2409 de
1070 2348 1196 2428 ejus
1220 2354 1512 2430 structura
1529 2345 2037 2417 disseruerit,cum
2059 2345 2207 2406 alio-

559 2443 700 2523 quin
748 2437 1105 2503 sanctissimi
1138 2435 1328 2497 Patris
1382 2454 1530 2516 opus
1562 2434 1886 2513 perfectum
1920 2434 2123 2494 fuisset
2155 2443 2210 2495 et

556 2522 834 2593 omnibus
858 2528 981 2590 suis
1016 2530 1284 2588 numeris
1314 2544 1382 2587 ac
1415 2524 1678 2604 partibus
1712 2525 2035 2603 expletum.
2058 2522 2201 2585 Nam

556 2622 606 2683 si
631 2620 1031 2683 conditionem
1060 2616 1317 2678 hominis
1338 2624 1511 2696 atque
1531 2622 1888 2676 structuram
1915 2614 2201 2694 excipias,

553 2711 788 2792 reliqua
819 2708 1021 2772 omnia
1072 2706 1373 2785 eleganter
1412 2725 1480 2767 ac
1534 2706 1778 2779 capiose
1810 2703 1868 2764 in
1906 2704 2206 2784 prioribus

555 2820 766 2863 novem
792 2796 1164 2863 orationibus
1186 2796 1580 2878 explicantur.
1610 2795 1713 2855 Vix
1738 2794 1917 2871 igitur
1945 2792 2202 2852 dubitari

554 2900 749 2973 potest
777 2891 917 2971 quin
969 2889 1205 2949 decima
1235 2896 1294 2947 et
1326 2886 1645 2947 undecima
1684 2884 1868 2944 oratio
1900 2882 2206 2973 inispuriis

552 2972 729 3063 atque
762 2978 1085 3041 subdititiis
1120 2975 1412 3055 ponenda:
1442 2975 1581 3036 sint.
1636 2974 1782 3063 Nam
1834 2972 1987 3063 quod
2042 2972 2208 3063 aiunt

552 3061 944 3133 eruditissimi
962 3066 1071 3128 viri
1096 3064 1487 3129 Combefisius
1511 3072 1567 3124 et
1586 3061 2021 3142 Dupinus,ideo
2051 3061 2202 3121 mu|~

2295 1897 2521 1957 tissime
2554 1897 2906 1959 confirmat:
2945 1900 3046 1957 sed
3076 1898 3168 1960 his
3200 1899 3418 1959 diutius
3451 1901 3757 1961 immorari
3798 1900 3932 1961 nihil

2294 2004 2542 2047 necesse
2575 1996 2686 2065 est,
2709 2006 2839 2047 cum
2874 1988 2923 2047 si
2960 1989 3103 2048 nihil
3130 1988 3316 2061 aliud,
3343 1992 3533 2069 ipsum
3557 2001 3712 2052 certe
3737 1992 3937 2052 dictio.

2295 2080 2385 2135 nis
2419 2094 2603 2153 genus
2656 2076 2803 2137 duas
2857 2079 2962 2137 has
3021 2080 3421 2139 oratiunculas
3470 2082 3703 2159 spurias
3764 2093 3934 2160 atque

2295 2167 2699 2245 supposititias
2732 2185 2862 2227 esse
2890 2176 3094 2247 aperte
3126 2171 3494 2231 ostenderet.

2382 2256 2476 2318 16.
2503 2256 2575 2317 Et
2597 2257 2837 2331 quidem
2863 2257 3075 2317 adduci
3099 2258 3185 2317 vix
3206 2278 3441 2338 possum
3471 2271 3527 2321 ut
3557 2262 3799 2323 credam
3835 2264 3931 2323 hoc

2295 2346 2498 2424 operis
2531 2345 2688 2406 serio
2722 2346 2899 2406 tribui
2938 2366 3109 2425 posse
3155 2368 3368 2427 magno
3399 2350 3483 2410 illi
3515 2351 3761 2413 Basdio.
3799 2351 3932 2413 Nam

2293 2434 2594 2495 scribendi
2615 2440 2761 2495 ratio
2783 2436 2858 2494 ita
2883 2456 2914 2496 a
2944 2437 3234 2499 Basiliana
3266 2439 3534 2520 dissidet,
3568 2449 3629 2501 ut
3661 2460 3794 2502 eam
3820 2443 3929 2502 dis-

2292 2524 2659 2601 crepantiam
2686 2524 2786 2603 qui
2814 2544 2926 2584 non
2964 2526 3142 2599 videt,
3170 2528 3445 2587 cmcutire
3468 2534 3715 2589 omnino
3749 2532 3933 2591 videa-

2291 2620 2405 2674 tur.
2434 2612 2524 2674 Ad
2554 2613 2822 2690 exempla
2849 2613 3319 2695 veniamus,qnae
3342 2620 3726 2698 peterejuvat
3763 2639 3831 2681 ex
3866 2627 3932 2679 iis

2288 2720 2434 2781 quas
2462 2701 2858 2765 Combelisius
2890 2703 3075 2763 edidit
3124 2706 3512 2783 orationibus,
3545 2726 3678 2770 cum
3713 2708 3872 2788 ipsas
3903 2730 3931 2769 a

2289 2810 2352 2852 se
2386 2793 2649 2871 pristinae
2681 2809 2801 2852 sua)
2833 2793 3155 2871 integritati
3189 2798 3489 2857 restitutas
3521 2816 3653 2859 esse
3679 2810 3927 2860 conten-

2290 2884 2411 2942 dat.
2450 2881 2660 2942 Nostro
2699 2901 2862 2943 more
2894 2884 3122 2962 vulgata
3156 2886 3643 2965 interpretatione
3672 2898 3926 2953 utemur.

2291 2969 2388 3033 Sic
2425 2972 2601 3049 igitur
2652 2970 2849 3051 legere
2882 2983 2971 3033 est
3010 2993 3173 3034 num.
3209 2976 3247 3037 2
3277 2996 3290 3036 :
3327 2978 3573 3034 Θάλασσα
3604 2982 3689 3035 καὶ
3724 2980 3927 3055 πελάγη

2292 3058 2511 3132 ἄπειρα,
2568 3065 2654 3117 καὶ
2711 3070 2988 3140 προσταγῇ
3033 3068 3288 3144 παρήχθη
3340 3069 3411 3131 εἷς
3472 3071 3529 3123 τὸ
3583 3071 3752 3127 εἶναι.
3812 3068 3929 3129 Vox

550 3170 641 3221 tos
658 3160 979 3237 scriptores
1001 3157 1274 3235 antiquos
1300 3154 1375 3215 de
1399 3152 1633 3213 decima
1654 3161 1711 3212 et
1731 3151 2042 3212 undecima
2066 3168 2203 3211 ora-
2225 3166 2263 3215 C
2289 3150 2527 3229 quidem
2558 3154 2875 3229 πρόσταγμα
2909 3163 2971 3213 ut
2994 3155 3145 3233 apud
3173 3156 3420 3217 idoneos
3445 3157 3707 3237 reliquos
3736 3169 3928 3221 aucto-

549 3250 713 3310 tione
738 3251 1025 3320 tacuisse,
1073 3244 1352 3325 quoniam
1388 3260 1656 3302 seorsum
1692 3248 1789 3319 pot
1818 3240 1962 3300 alias
1996 3258 2203 3302 novem

551 3339 770 3401 habitae
800 3346 959 3409 sunt,
996 3335 1051 3395 id
1083 3334 1327 3415 quidem
1363 3332 1582 3393 faterer
1635 3331 1859 3411 aliquid
1917 3328 2201 3391 momenti

550 3427 857 3499 l.abere,si
884 3424 1289 3487 testimonium
1309 3422 1640 3501 proferrent
1660 3420 1748 3481 vel
1767 3420 1940 3481 unius
1953 3419 2171 3499 scripto

547 3520 631 3579 ris
656 3516 907 3598 antiqui,
941 3513 1041 3595 qui
1074 3532 1137 3575 se
1170 3514 1274 3574 has
1305 3512 1452 3573 duas
1487 3510 1848 3592 posteriores
1879 3510 2199 3571 conciones

548 3607 767 3669 vidisse
808 3615 1126 3667 testaretur
1155 3621 1167 3665 :
1204 3602 1310 3664 sed
1342 3620 1474 3662 cum
1508 3600 1653 3662 nihil
1689 3600 1804 3661 tale
1837 3599 2193 3680 proferatur,

549 3695 849 3777 ejusmodi
903 3695 1195 3756 rationem
1230 3691 1480 3771 probare
1524 3690 1686 3750 nullo
1720 3691 1895 3752 modo
1930 3707 2191 3769 possum.

628 3786 727 3849 15.
764 3784 850 3846 Ad
885 3783 1248 3865 propositum
1303 3799 1410 3842 nos
1460 3779 1811 3840 referamus.
1847 3777 1966 3839 Etsi
2020 3778 2198 3856 igitur

546 3873 912 3951 argumentis
939 3872 1012 3933 iis
1036 3890 1167 3952 qua":
1199 3872 1498 3931 ducuntur
1522 3888 1588 3929 ex
1615 3868 1964 3930 auctoritate
1990 3867 2196 3928 Hiero-

546 3966 731 4045 nymi,
765 3965 1048 4037 Socratis,
1086 3959 1379 4023 Eustathii
1436 3970 1495 4019 et
1545 3956 1901 4031 Cassiodori,
1938 3957 2079 4017 insit
2110 3957 2195 4018 vis

548 4057 828 4136 maxima,
868 4064 1063 4114 tamen
1121 4049 1268 4111 levia
1311 4048 1497 4109 videri
1531 4056 1800 4129 possunt,
1836 4046 1885 4136 si
1938 4066 2071 4136 cum
2125 4065 2193 4107 eo

544 4134 893 4223 argumento
927 4140 1085 4219 quod
1114 4158 1180 4201 ex
1215 4138 1567 4199 auctoritate
1628 4135 1898 4214 Gregorii
1946 4134 2192 4215 Nysseni

545 4234 827 4315 petimus,
861 4235 1304 4310 comparentur.
1339 4226 1570 4288 Etenim
1605 4226 1763 4315 clare
1789 4233 1849 4286 et
1871 4224 2091 4315 diserte
2113 4225 2195 4285 ait

542 4314 886 4403 Gregorius,
916 4329 1137 4399 partem
1175 4336 1303 4379 eam
1338 4334 1471 4394 quae
1500 4316 1570 4375 ad
1606 4314 1866 4375 hominis
1888 4314 2188 4403 opiﬁcium

542 4402 802 4494 SpeCIat,
831 4412 890 4472 in
916 4408 1117 4472 Basilii
1149 4425 1332 4487 Opere
1364 4404 1715 4494 desiderari,
1741 4413 1804 4463 ut
1827 4403 2025 4494 mirari
2045 4402 2192 4494 sub-

542 4492 634 4565 eat
668 4520 699 4562 a
731 4517 1031 4581 quoquam
1097 4497 1205 4557 bas
1259 4492 1657 4555 oratiunculas
1715 4492 1931 4581 Basilio
1986 4492 2187 4556 tribui.

540 4594 788 4652 Praestat
808 4580 988 4651 verba
1012 4584 1283 4665 Gregorii
1308 4584 1663 4661 exscribere,
1694 4600 1824 4662 quae
1847 4581 1896 4641 si
1922 4580 2191 4659 legantur

538 4689 779 4756 attente,
819 4699 888 4741 ea
917 4679 991 4740 de
1024 4694 1090 4739 re
1125 4695 1239 4737 non
1270 4673 1524 4754 amplius
1551 4672 1980 4733 dubitationem
2007 4671 2187 4732 ullam

537 4769 664 4831 fore
688 4768 1069 4832 confidimus.
1098 4765 1195 4828 Sic
1228 4764 1408 4844 igitur
1443 4762 1699 4843 loquitur
1730 4760 2048 4840 Gregorius
2078 4759 2183 4822 lib.

541 4858 623 4919 De
648 4860 911 4921 hominis
926 4857 1329 4937 opiﬁci0,pag.
1376 4853 1454 4915 45
1486 4874 1498 4910 :
1528 4855 1580 4908 Εἰ
1627 4852 1725 4929 γὰρ
1758 4850 2043 4916 λειπούσης
2091 4857 2185 4918 τῆς

537 4945 889 5025 Ἐξαημὲρου,
949 4947 1043 5014 τῆς
1094 4949 1165 5010 εἱς
1223 4947 1314 5001 τὸν
1368 4941 1641 5019 ἄνθρωπον
1698 4941 1940 5017 θεωρίαις,
2002 4939 2186 5015 μηδεὶς

536 5042 642 5093 τῶν
701 5036 1146 5111 μαθητεοσάντων
1207 5037 1349 5107 αὒτῴ
1407 5029 1639 5101 σπουδήν
1735 5052 1851 5086 τινα
1910 5031 2039 5107 πρὸς
2088 5031 2185 5097 τη)

534 5131 626 5181 τοῦ
684 5126 958 5188 λείποντος
1019 5120 1398 5201 ἀναπλήρωσιν
1459 5119 1837 5197 εἷσενέγκαιτοθ
1901 5117 2063 5197 ἔσχεν
2124 5117 2185 5173 ἂν

536 5214 756 5277 εἰκότως
782 5214 918 5271 κατὰ
951 5217 1047 5278 τῆς
1082 5211 1326 5289 μεγάλης
1360 5214 1516 5267 αὒτοῦ
1570 5208 1722 5275 δόξης
1756 5209 1782 5264 ὁ
1837 5213 2022 5283 μῶμος
2080 5206 2184 5263 λα·-

532 5302 654 5377 6ἠν,
689 5306 760 5366 ὼς
794 5303 870 5377 μὴ
933 5300 1280 5377 βουληθέντος
1312 5298 1415 5365 ἕξιν
1472 5299 1588 5355 τινὰ
1632 5297 2026 5363 κατανοητικὴν
2069 5310 2187 5360 τοῖς

533 5394 827 5473 ἀκροαταῖς
862 5390 1264 5469 ἐνεργάσασθαι.
1298 5391 1421 5448 Νυνὶ
1461 5387 1515 5444 δὲ
1572 5390 1707 5444 κατὰ
1765 5385 1979 5461 δύνῑμιν
2027 5390 2182 5460 ἡμῶν

531 5484 1011 5558 ἑπιτολμησάντων
1074 5486 1140 5555 τῇ
1196 5480 1447 5556 ἐξηγήσει
1523 5486 1617 5534 τοῦ
1703 5476 2003 5555 λείποντος,
2061 5482 2175 5537 etc.

534 5598 557 5630 ι
602 5573 746 5635 Nam
781 5589 914 5636 cum
952 5570 1011 5630 in
1046 5571 1419 5630 enarratione
1450 5585 1696 5647 operum
1731 5584 1861 5646 quas
1893 5565 2047 5627 Deus
2077 5584 2177 5627 sex

528 5662 743 5725 diebus
766 5659 1312 5740 absolvit,honiinis
1351 5656 1751 5718 consideratio
1777 5656 1929 5716 desit
1958 5676 1973 5731 ;
2004 5656 2050 5715 si
2081 5655 2176 5716 di-

2291 3256 2410 3305 res.
2448 3240 2527 3300 ita
2576 3240 2731 3320 apud
2784 3240 3062 3303 Basilium
3099 3247 3312 3305 usitata
3354 3257 3461 3307 est.
3498 3247 3614 3308 Sed
3654 3259 3930 3328 praestate

2288 3328 2474 3390 ausim
2508 3349 2711 3390 vocem
2746 3336 3019 3411 προσταγή
3057 3334 3114 3394 in
3147 3335 3368 3396 Basilio
3395 3355 3508 3396 non
3534 3339 3795 3416 reperiri
3824 3359 3927 3411 ;an

2286 3417 2623 3479 inveniatur
2655 3422 2712 3479 in
2749 3420 2879 3481 aliis
2903 3418 3072 3482 bonae
3100 3433 3252 3485 notae
3270 3425 3686 3505 scriptoribus,
3716 3448 3924 3502 necne,

2285 3527 2401 3569 non
2431 3508 2762 3584 afﬁrmabo,
2787 3510 3038 3572 dixerim
3076 3515 3347 3575 tamenin
3380 3516 3931 3596 amplissimolien-

2282 3598 2391 3659 rici
2424 3597 2710 3678 Stephani
2750 3601 3058 3663 Thesauro
3094 3621 3211 3665 non
3249 3603 3387 3683 legi.
3423 3604 3573 3666 Nnm
3607 3611 3689 3669 6:
3727 3609 3930 3673 ’Ev‘otz

2282 3692 2435 3753 νιῦτος
2482 3692 2637 3746 εἶπεν
2668 3689 2723 3754 ἐξ
2768 3693 2998 3768 ὑπογύου
3030 3696 3056 3748 ὁ
3091 3701 3245 3767 Θεος,
3287 3716 3307 3750 ι
3348 3697 3410 3757 ln
3443 3695 3515 3756 iis
3548 3696 3931 3770 nimirum,in

2280 3777 2496 3858 quibus
2518 3778 2645 3858 ipse
2670 3779 2823 3840 Deus
2847 3781 3118 3858 proxime
3144 3783 3306 3844 dixit.
3334 3808 3355 3841 ι
3389 3785 3493 3845 Vix
3520 3786 3661 3847 mihi
3686 3806 3933 3866 persua-

2277 3868 2405 3929 deri
2431 3868 2648 3947 poterit
2667 3867 2945 3929 Basilium
2982 3872 3091 3932 hac
3118 3872 3403 3951 loquendi
3429 3875 3682 3950 ratione,
3709 3880 3767 3945 ἒξ
3796 3884 3927 3935 om.

2276 3958 2422 4046 7-560,
2459 3976 2716 4033 unquam
2756 3976 2924 4018 usum
2959 3958 3163 4023 fuisse.
3196 3964 3481 4042 Reperias
3511 3966 3733 4044 saepius
3768 3970 3926 4046 apud

2276 4044 2558 4107 Basilium
2609 4047 2721 4107 hoc
2769 4046 2901 4126 ipso
2960 4052 3253 4123 sensu,év
3311 4068 3427 4116 τοῖς
3485 4057 3718 4111 κατόπιν
3779 4044 3929 4129 εἷπε,

2283 4159 2307 4188 α
2342 4141 2619 4217 superius
2649 4136 2835 4197 dixit:
2878 4156 2905 4194 ι
2938 4139 3042 4198 sed
3076 4139 3306 4213 illud,é5
3335 4145 3935 4227 onoydoumusquam,

2276 4225 2507 4305 opinor,
2540 4224 2827 4288 invenias.
2862 4224 3014 4287 Num
3080 4228 3115 4291 8
3144 4247 3157 4291 :
3194 4230 3434 4290 ’Ἕπειτᾰ
3464 4236 3551 4289 καὶ
3601 4236 3634 4301 ἡ
3667 4224 3933 4313 riguae!-

2276 4338 2368 4371 σου
2428 4315 2916 4390 συνεπεόαψιλεύθη
2967 4318 3283 4394 ἀπόλαυσις,
3327 4346 3351 4377 α
3387 4320 3536 4383 Tum
3570 4331 3629 4384 et
3662 4328 3937 4403 paradisi

2275 4402 2643 4466 liberalitatis
2674 4405 2912 4465 cumulo
2945 4406 3193 4485 adjectae
3225 4409 3473 4471 deliciae.
3515 4437 3538 4465 ι
3598 4402 3779 4489 Illud,
3812 4440 3935 4472 τυνο

2276 4493 2681 4570 επεδαψιλεύθη,
2717 4494 2951 4567 frustra,
2994 4495 3107 4556 nisi
3141 4516 3236 4559 me
3261 4498 3407 4560 fallit
3439 4499 3700 4573 animus,
3731 4502 3793 4565 in
3823 4509 3940 4569 Ba-

2272 4582 2409 4644 Siiio
2448 4583 2773 4664 quaesieris.
2813 4583 2994 4646 Num.
3028 4584 3100 4645 1?
3131 4608 3144 4648 :
3206 4589 3292 4650 Τίς
3324 4592 3350 4646 ὁ
3380 4597 3446 4666 τῇ
3478 4591 3763 4668 ἀραιότητι
3827 4599 3936 4652 τῶν

2274 4677 2556 4749 στημόνων
2608 4674 2821 4729 ἐκείνων
2882 4672 3096 4738 ξυλίνων
3156 4677 3255 4743 τὴν
3312 4678 3583 4745 ἀναπνοὴν
3640 4687 3720 4754 τῷ
3764 4684 3937 4762 ἐγκε..

2270 4761 2566 4838 κλεισμένῳ
2595 4764 2761 4840 θηρίῳ
2805 4784 3234 4844 παρασκευασας,
3273 4786 3302 4825 ‹
3352 4766 3495 4839 Quis
3524 4786 3694 4830 raros
3728 4761 3936 4837 caveae

2272 4850 3034 4943 ligneacancellosinclusaa
3047 4852 3194 4914 feras
3212 4856 3934 4943 exstruxit,quorespira.

2271 4947 2383 5001 ret.
2423 4965 2440 4995 ι
2480 4938 2663 5019 Illud,
2690 4942 2933 5020 στήμων,
2962 4950 3027 5001 ιιι
3060 4942 3136 5003 de
3171 4944 3417 5025 reliquis
3444 4955 3738 5024 taceam,a
3761 4938 3938 5015 Basi-

2275 5029 2432 5090 Iiano
2462 5029 2611 5109 stylo
2636 5029 2809 5108 longe
2841 5029 3136 5120 dissidere
3159 5032 3441 5098 arbitror.
3464 5037 3615 5097 Nam
3636 5048 3932 5120 νοχρτή-

2272 5143 2409 5193 μων,
2445 5118 2773 5199 imprOpria
2805 5127 2918 5200 est,
2956 5138 3067 5181 nec
3103 5119 3256 5184 bena
3289 5123 3426 5185 buic
3458 5124 3589 5186 loco
3610 5118 3932 5198 convenit.

2272 5208 2578 5303 Significat
2624 5208 2863 5303 quidem
2921 5209 3159 5303 usitate,
3199 5238 3217 5268 ο
3246 5222 3510 5303 νςιειηθη,
3548 5240 3574 5270 ι
3618 5225 3723 5278 aut
3760 5229 3936 5303 (ipsa

2271 5316 2401 5378 quas
2419 5318 2452 5359 e
2471 5299 2619 5360 ccelo
2644 5298 2945 5359 ducuntur
2969 5298 3083 5359 fila:
3099 5323 3121 5356 υ
3153 5302 3253 5363 sed
3275 5304 3431 5384 apud
3465 5323 3615 5380 quos
3637 5298 3937 5375 auctores

2272 5405 2375 5448 vox
2409 5389 2629 5463 στήμων
2683 5388 2981 5467 significet
3018 5414 3038 5442 «ι
3076 5408 3339 5465 caveam,
3372 5414 3399 5452 3
3435 5394 3611 5455 velim
3668 5397 3937 5465 dixisset

2265 5476 2675 5539 Combeﬁsius.
2710 5480 2973 5539 Numero
3010 5478 3119 5541 id:
3158 5488 3331 5560 Μικρᾷ
3374 5487 3705 5560 προσ-ψαύσει
3748 5490 3930 5571 ἐκρέ-

2264 5590 2393 5635 τησε
2426 5572 2483 5624 τὸ
2515 5570 2853 5648 ἀεροπορουν,
2894 5591 2915 5623 α
2952 5568 3096 5630 Levi
3132 5579 3350 5632 attactu
3397 5591 3503 5652 per
3532 5592 3672 5636 aera
3708 5568 3935 5644 volan-

2264 5666 2381 5718 tem
2411 5657 2698 5719 aviculam
2753 5658 2965 5719 tenuit.
3007 5682 3034 5713 ι
3077 5656 3339 5722 Verbum
3375 5662 3617 5744 quidem
3680 5666 3935 5749 ἀεροπο..
