4058 6200
504 342 821 403 CLXXXVIII

1980 310 2379 398 PROLEGOM
2396 314 2563 400 ENA.

508 483 769 556 guuntur
797 490 1054 551 errores,
1086 470 1358 553 quilibet,
1394 479 1456 532 ut
1511 470 1738 532 cautior
1763 492 1830 532 ac.
1862 471 2140 533 conside—
2167 475 2203 522 A
2229 485 2357 556 rium
2414 487 2568 551 esse,
2602 472 2649 532 si
2704 490 2821 547 qua
2852 468 3144 534 Ambrosii
3185 469 3315 529 loca
3337 468 3638 529 illustrare
3668 484 3886 527 coner.

509 564 774 628 ratiorin
808 562 1121 625 scribendo
1157 560 1251 633 sit,
1286 561 1660 624 admonetur.
1696 564 1953 624 Primum
1984 561 2156 638 igitur

510 652 880 715 Justinianus
903 650 1001 711 illa
1023 649 1218 713 Basilii
1244 648 1423 711 verba
1444 650 1546 726 la),
1576 650 1739 723 Ἡμῖν
1890 654 1973 705 κκὶ
2026 652 2153 724 πρὸς

508 746 628 807 τοὺς
660 742 763 798 ἀπὸ
815 741 906 807 τῆς
980 738 1302 806 Ἐκκλησίας
1365 740 1477 796 ἐστί
1528 763 1607 804 τις
1661 740 1819 816 λόγος
1882 743 1997 815 περὶ
2050 743 2151 793 τῶν

506 832 872 903 διακριθέντων
929 827 1151 903 ὑδάτων,
1211 838 1353 905 etc.,
1433 827 1491 888 in
1560 828 1819 888 medium
1878 828 2145 906 profert:

511 941 640 1001 qua:
670 939 800 980 cun.
829 919 907 978 ita
941 918 1316 997 interpretari
1343 916 1652 979 debuisset
1682 936 1695 979 :
1735 944 1757 973 α
1792 918 1941 988 Quin
1973 916 2148 976 etiam

510 1009 721 1089 aliquis
734 1006 904 1068 nobis
925 1006 1210 1066 adversus
1234 1005 1674 1067 ecclesiasticos
1697 1007 1982 1085 quosdam
2009 1005 2150 1065 scri-

509 1110 706 1180 ptores
735 1095 808 1157 de
834 1094 1105 1156 discretis
1125 1094 1294 1174 aquis
1316 1095 1630 1155 habendus
1648 1105 1736 1156 est
1757 1095 2149 1171 sertm.,»ipsa

508 1207 624 1249 non
651 1197 764 1247 tam
796 1184 990 1257 vertit,
1026 1203 1201 1264 quam
1239 1184 1541 1264 pervertit.
1602 1185 1717 1244 Sed
1753 1186 1988 1263 expedit
2025 1183 2149 1262 ipsa

505 1275 824 1341 Iustiniani
855 1274 1055 1351 verba,
1083 1292 1201 1354 quo
1226 1273 1386 1333 illius
1418 1292 1587 1334 error
1650 1274 1834 1351 magis
1891 1274 2144 1349 eluceat,

508 1371 757 1431 referre.
794 1366 929 1428 Haec
960 1374 1157 1427 autem
1190 1374 1326 1426 sunt
1359 1383 1391 1425 e
1424 1374 1667 1425 tractatu
1715 1364 1995 1444 quodam,
2048 1366 2143 1441 qui

505 1468 665 1521 tumo
690 1458 735 1516 V
764 1453 1448 1524 Conc.editionisLabb.,
1471 1473 1600 1533 pag.
1636 1456 1741 1515 661
1762 1502 1777 1526 ,
1814 1460 2103 1531 reperitur
2130 1471 2140 1514 :

509 1561 602 1605 Δεῖ
628 1546 680 1602 δὲ
713 1546 998 1624 πρπέχειν
1030 1546 1149 1609 τοὺς
1223 1545 1505 1622 ἀκροατὰς.
1575 1544 1653 1599 ὅτι
1705 1566 1780 1598 τω
1840 1545 2007 1597 εἶπαν
2054 1546 2144 1597 τόν

508 1638 734 1709 Πατέρα,
806 1637 940 1713 Πρὸς
1012 1636 1130 1695 τοὺς
1180 1633 1286 1689 ἀπὸ
1358 1640 1457 1700 τῆς
1516 1632 1838 1699 Ἐκκλησῖεις
1902 1631 2009 1686 ἐστί
2068 1655 2142 1693 τις

2057 1744 2078 1774 ἶ
2088 1744 2144 1776 'J‘J

958 1724 1075 1799 περὶ
1140 1722 1439 1799 Ὠριγὲνους
1501 1721 1825 1799 διαλέγεται,
1899 1722 1992 1785 τῆς

505 1731 636 1801 ἡμῖν
686 1725 839 1801 λόγος
853 1772 868 1797 ,

503 1815 634 1872 Θεοῖ
698 1814 918 1891 χάριτος
981 1814 1067 1866 καὶ
1130 1816 1226 1877 τῆς
1289 1812 1436 1885 ἁγίαις
1483 1818 1575 1866 τοὺ
1634 1811 1762 1865 Θεοῦ
1824 1808 2141 1874 Ἐκκλητῖπς

504 1900 874 1975 ἆπελπιϐέπος,
936 1901 1022 1955 καὶ
1100 1906 1203 1954 τῶν
1288 1899 1599 1978 ὀμοφρόνων
1657 1900 1861 1971 ἐκείνῳ.
1915 1902 1984 1955 0’)
2045 1876 2185 1975 γὰρί

502 1994 651 2071 εἷπε,
707 1993 843 2069 Πρὸς
900 1990 1018 2049 τοὺς
1090 1993 1143 2044 ὲν
1201 1987 1267 2063 τῇ
1298 1987 1617 2058 Ἰεζκκὶιησὶᾳ,
1652 1986 1810 2063 ἀλλὰ,
1861 1990 1988 2045 Πςὲις
2028 1990 2143 2050 τοὺς

502 2083 607 2137 ἀπὸ
666 2086 763 2146 τῆς
825 2078 1145 2144 Ἐκκλητῖας
1209 2079 1343 2149 ἡμῖν
1377 2077 1487 2132 ἐπ’τί
1531 2098 1610 2138 τις
1666 2076 1845 2151 λόγος.
1912 2079 2004 2133 K17.
2067 2075 2144 2130 δεῖ

500 2174 596 2245 μὲν
657 2178 749 2225 τοῦ
777 2171 975 2245 εἰπεῖν,
1006 2168 1194 2241 Ἡμῖν,
1229 2167 1347 2229 to};
1376 2188 1473 2230 της
1524 2165 1852 2229 Ἐκκληπὶχς
1883 2165 2139 2232 ἐδήλωτε·

499 2258 581 2316 διὰ
652 2258 704 2317 δὲ
728 2266 819 2315 τοῦ
892 2260 1084 2328 εἶπεῗν,
1139 2258 1269 2317 Τοὺς
1329 2256 1432 2311 ἀπὸ
1464 2262 1559 2321 τῆς
1617 2255 1964 2324 Ἐκν).ησὶας,
2023 2277 2139 2314 τους

498 2350 694 2415 ταύτης
726 2347 1092 2409 ἀποπεσόντκς
1117 2345 1397 2418 ἐπήμυνε-ι.
1436 2368 1462 2402 «
1495 2342 1939 2405 Attendendum
1969 2361 2142 2421 porro

499 2446 589 2498 est
611 2433 1004 2503 auditoribus.
1030 2434 1287 2509 Patrem,
1308 2432 1408 2493 illo
1434 2433 1608 2493 modo
1634 2432 1914 2511 loquendi
1944 2452 2137 2510 usum,

501 2526 708 2590 Sermo
761 2524 995 2606 quidam
1048 2521 1217 2582 nobis
1263 2532 1348 2582 est
1383 2522 1453 2581 ad
1486 2540 1589 2582 eos
1626 2522 1721 2599 qui
1756 2530 1891 2579 ~unt
1920 2520 1991 2579 ab
2028 2519 2139 2581 Ec-

498 2616 701 2690 clesia,
737 2615 809 2675 dc
839 2611 1097 2692 Origene
1120 2612 1483 2689 disserere,a
1514 2610 1613 2671 Uei
1643 2610 1829 2686 gratia
1857 2624 1913 2669 et
1944 2621 2142 2670 sumta

496 2705 603 2769 Dei
635 2701 898 2765 Ecclesia
929 2700 1196 2780 eXpulso,
1259 2702 1509 2779 eiu-que
1568 2698 1947 2779 sequacibus.
2017 2702 2139 2759 Non

501 2795 661 2858 enim
696 2792 867 2863 dixit,
918 2790 1009 2854 Ad
1044 2808 1146 2850 eos
1194 2791 1291 2870 qui
1347 2799 1483 2851 sunt
1542 2790 1600 2848 in
1664 2788 1949 2863 Ecclesia,
2011 2789 2139 2862 sed,

493 2887 702 2949 Sermo
736 2880 976 2963 quidam
1013 2878 1184 2940 nobis
1208 2888 1297 2940 est
1320 2879 1390 2938 ad
1420 2898 1520 2939 eos
1543 2877 1642 2957 qui
1669 2889 1805 2937 sunt
1842 2878 1913 2937 ah
1945 2879 2045 2939 [ζει
2066 2878 2136 2937 le-

492 2976 600 3038 sia.
621 2972 697 3036 Et
721 2989 827 3051 per
851 2969 997 3030 illud
1025 2969 1265 3049 quidem
1287 2968 1445 3047 quod
1467 2966 2144 3035 dicit,‘.\‘obis.Erclesim

493 3062 766 3126 homines
798 3059 985 3121 dixit:
1023 3076 1130 3137 per
1154 3057 1295 3117 illud
1344 3066 1565 3117 autem.
1601 3055 1707 3127 Qui
1738 3065 1875 3116 sunt
1906 3055 1977 3116 ab
2037 3056 2129 3115 lic-

489 3152 693 3225 clesia,
731 3149 993 3228 dejectos
1024 3147 1098 3206 ab
1132 3147 1258 3223 ipsa
1292 3144 1616 3205 denotavit.
1664 3172 1685 3200 »
1730 3146 1927 3207 Mirari
1987 3143 2140 3205 subit
2175 3224 2182 3229 Δ

486 3238 885 3303 Justinianum
918 3235 1335 3314 imperatorem
1372 3233 1547 3293 verba
1584 3233 1799 3313 Basilii,
1828 3255 1959 3293 tum
1998 3253 2133 3311 pcr-
2163 3233 2174 3272 ί

486 3330 690 3408 spicua
720 3330 859 3403 sint,
898 3324 955 3384 in
992 3323 1356 3384 contrarium
1393 3342 1633 3383 scusum
1675 3324 2019 3383 detorsissc.
2074 3323 2131 3383 li

487 3414 845 3478 crediderim
877 3411 1194 3491 contigisse
1227 3431 1343 3473 non
1383 3413 1556 3472 aliam
1594 3412 1666 3471 ob
1702 3429 1841 3474 caus
1866 3433 1963 3484 .m,
2024 3413 2135 3472 nisi

485 3505 641 3590 quod
672 3501 1058 3590 immodicum
1095 3499 1491 3590 maledicendi
1548 3500 1813 3562 studium
1853 3504 2135 3563 maximas

494 3588 770 3657 tenebras
800 3589 981 3652 rebus
1019 3590 1369 3651 clarissimis
1418 3588 1719 3650 obducere
1744 3590 1926 3653 solt‘al
1989 3595 2129 3651 l'ro-

488 3681 721 3757 fecto,si
747 3679 895 3742 nihil
928 3679 1113 3753 aliud,
1150 3679 1275 3759 ipsa
1316 3691 1477 3741 certe
1505 3679 1783 3739 orationis
1811 3682 1994 3739 series
2022 3682 2131 3740 im-t

489 3772 699 3854 pedire
730 3769 1014 3831 debuerat
1046 3769 1365 3848 quominus
1399 3770 1559 3830 hunc
1597 3768 1797 3829 Basilii
1834 3770 2025 3830 lorum
2063 3771 2139 3829 ita

487 3879 765 3945 perverse
784 3858 1526 3937 interpretat'etur.Paucis
1543 3862 1665 3936 jam
1686 3859 1950 3935 aperiam
1978 3878 2140 3920 lllOlt-

483 3961 604 4014 tem
639 3948 827 4013 Patris
849 3947 1177 4026 gravissimi
1202 3955 1381 4028 atque
1420 3952 1822 4027 propositum.
1864 3948 1981 4008 Ηιιι,
2027 3950 2136 4009 ita-

481 4058 599 4119 que
628 4038 771 4100 dicit
798 4035 1074 4099 Basilius:
1114 4036 1284 4097 Prius
1311 4054 1650 4096 sermonem
1679 4037 2137 4095 instituimusde

480 4137 861 4191 externorum
887 4126 1224 4200 sententiis,
1260 4125 1335 4188 de
1362 4125 1738 4187 ethnicorum
1762 4127 2034 4204 somniis,
2061 4129 2134 4187 de

482 4217 971 4299 philosophorum
1035 4217 1179 4277 deos
1234 4216 1411 4277 falsos
1478 4214 1796 4275 colentium
1856 4214 2127 4294 placitis:

477 4327 637 4370 nunc
666 4325 803 4369 vero
837 4305 1010 4368 nobis
1034 4305 1340 4368 habendus
1372 4322 1571 4365 sermo
1608 4314 1695 4365 est
1720 4304 2002 4363 adversus
2028 4327 2129 4366 eos

480 4396 581 4480 qui
613 4404 753 4459 sunt
783 4394 857 4459 ab
886 4394 1295 4476 Ecclesia,hoc
1314 4406 1402 4455 est
1434 4398 1717 4455 adversus
1751 4395 1907 4471 ipsos
1932 4396 2116 4455 eccle-

477 4488 755 4549 siasticos
785 4485 1130 4569 scriptorcs.
1166 4486 1291 4547 Nec
1320 4483 1696 4545 aberraveris
1728 4504 1759 4543 a
1794 4494 1990 4544 mente
2024 4484 2129 4544 Ba-

474 4575 673 4656 silii,si
697 4573 1403 4655 itainterpretere:Nobis
1418 4574 1593 4634 etiam
1612 4572 1918 4633 habendus
1935 4593 2130 4633 sermo

2240 555 2381 618 Cum
2417 559 2573 620 enim
2611 561 2756 621 nihil
2781 566 2856 621 sit
2887 568 3100 641 praeter
3128 559 3493 637 Scripturam
3545 575 3773 617 sacram
3812 556 3885 616 li-

2242 647 2360 707 bris
2388 650 2625 710 Patrum
2656 650 2995 731 pretiosius,
3046 666 3221 710 nemo
3248 656 3358 720 est,
3395 647 3491 727 qui
3546 665 3617 707 ex
3678 665 3891 706 eorum

2238 739 2653 801 emendatione
2672 740 3030 817 singularem
3056 736 3375 817 quamdam
3394 736 3594 796 animo
3612 737 3893 813 volupta-

2238 832 2354 884 tem
2380 844 2594 906 capere
2628 847 2746 888 non
2780 828 3013 888 debeat.
3048 827 3171 889 Nec
3210 842 3576 904 quemquam
3613 833 3752 901 puto
3797 841 3901 883 re-

2237 924 2466 992 pertum
2496 917 2569 977 iri
2590 926 2705 977 tam
2739 916 3033 996 iniquum,
3062 915 3160 997 qui
3193 915 3248 975 id
3275 915 3532 975 alienum
3558 931 3738 973 essea
3775 932 3899 972 no-

2234 1013 2357 1063 stro
2392 1006 2690 1084 proposito
2723 1007 3063 1066 arbitretur.
3103 1008 3247 1067 Cum
3275 1004 3433 1063 enim
3463 1002 3892 1064 chaemeron

2233 1092 2539 1153 Ambrosii
2571 1113 2688 1154 non
2724 1096 2800 1154 im
2812 1094 3024 1155 merito
3040 1093 3154 1160 dici
3178 1094 3362 1173 possit
3384 1092 3756 1171 opusBasilii,
3775 1109 3895 1153 c0—

2233 1180 2364 1241 dem
2384 1183 2472 1260 jut
2494 1202 2525 1244 e
2549 1195 2606 1242 et
2634 1194 2899 1243 nostrum
2925 1202 3166 1263 quoque
3186 1182 3299 1243 dici
3328 1182 3643 1260 potes;,qui
3668 1199 3891 1242 novam

2232 1272 2495 1331 omnium
2533 1272 2734 1333 Basilii
2777 1290 3023 1351 operum
3076 1270 3400 1331 editionem
3461 1270 3891 1349 suscipiamus.

2232 1360 2423 1430 Quare
2455 1362 2501 1422 si
2531 1362 2670 1442 quid
2698 1362 2846 1422 forte
2878 1361 3207 1421 occurrerit
3251 1361 3308 1421 in
3342 1360 3679 1431 Ambrosio,
3716 1362 3889 1434 quod

2234 1449 2497 1511 videatur
2528 1470 2709 1530 opera
2736 1462 2934 1511 nostra
2970 1450 3283 1511 tlilucidari
3306 1450 3566 1530 posse,id
3595 1451 3895 1510 adnotare

2231 1556 2346 1598 non
2374 1538 2615 1619 pigebit.
2674 1540 2937 1602 Primum
2987 1540 3244 1599 occum'it
3278 1540 3417 1598 illud
3454 1558 3485 1599 e
3546 1539 3648 1599 lib.
3694 1556 3750 1598 tu
3832 1544 3897 1599 in

2234 1629 2548 1707 Ilexaem.,
2584 1646 2715 1709 cap.
2758 1631 2851 1706 15,
2877 1648 3013 1688 num
3076 1628 3214 1692 63:«
3243 1627 3391 1700 Quid
3420 1638 3615 1687 autem
3653 1628 3757 1688 tibi
3785 1648 3857 1687 re
3878 1662 3895 1671 -

2228 1716 2439 1792 feram,
2474 1718 2829 1779 clementem
2863 1718 2998 1778 licet
3031 1735 3162 1778 esse
3184 1718 3712 1791 sermonem,quod
3749 1718 3897 1779 ele-

2228 1810 2420 1867 ctrum
2448 1808 2703 1886 lacryma
2736 1808 2966 1884 virgulti
2999 1807 3103 1869 sit.
3142 1832 3166 1860 ι
3194 1806 3335 1879 Quae
3360 1809 3535 1867 verba
3558 1826 3688 1867 cum
3716 1807 3885 1885 lego,

2192 1878 2462 1974 ’pendeo
2485 1878 2690 1967 animi,
2720 1878 3012 1956 nec'bene
3065 1878 3327 1971 intelligo
3361 1914 3470 1956 cur
3516 1878 3886 1956 Ambrosii“

2229 2002 2399 2044 suum
2432 2003 2769 2047 sermonem
2806 1986 3161 2045 clementem
3199 1984 3391 2063 potius
3440 1984 3655 2043 dixerit
3702 2003 3889 2063 quam

2230 2072 2673 2137 inclementem.
2703 2073 2851 2146 Quid
2879 2074 3036 2135 enim
3062 2092 3376 2136 commune
3422 2084 3507 2132 est
3544 2074 3887 2135 clementiae

2229 2183 2357 2223 cum
2396 2164 2649 2227 electro?
2672 2163 2823 2236 Quid
2859 2164 2929 2224 ad
2966 2182 3091 2225 rem
3127 2162 3267 2225 facit
3292 2163 3590 2223 sermonis
3621 2176 3716 2220 aut
3748 2164 3887 2223 cle-

2231 2252 2453 2314 mentia
2482 2264 2581 2313 aut
2619 2253 3007 2315 inclementia
3037 2252 3068 2313 ‘?
3099 2254 3206 2316 Vix
3234 2272 3371 2329 ergo
3399 2252 3655 2312 dubitari
3686 2261 3885 2330 potest

2230 2343 2370 2418 quin
2406 2344 2723 2404 mendosus
2755 2344 2828 2403 sit
2866 2343 2962 2404 hic
2995 2344 3182 2404 locus.
3218 2345 3489 2403 Fortasse
3508 2352 3704 2401 autem
3733 2343 3889 2402 dtl'li-

2229 2430 2343 2492 cile
2367 2450 2482 2492 non
2516 2431 2630 2493 erit
2651 2450 2784 2493 eum
2807 2432 3130 2493 emendare
3158 2451 3224 2492 ex
3259 2430 3685 2494 GrzecisBasilti
3704 2432 3882 2511 apud

2229 2537 2403 2598 quem
2442 2519 2523 2580 ita
2552 2520 2766 2598 legitur
2799 2521 2934 2581 hom
2994 2521 3054 2591 5,
3109 2538 3268 2581 num.
3328 2519 3403 2580 8:
3467 2522 3633 2595 Λὸγος
3807 2523 3885 2579 τῖς

2230 2610 2340 2664 ἐστι
2362 2611 2449 2665 sui.
2477 2610 2537 2664 τὰ
2565 2609 2811 2687 ἕλεκτροι
2848 2612 2974 2665 ὀπὸν
3005 2612 3154 2666 εἶναι
3181 2613 3373 2686 φυτῶν,
3422 2636 3440 2659 ο
3482 2609 3704 2670 Ferunt
3752 2608 3879 2666 cle-

2228 2707 2416 2757 ctrum
2448 2718 2688 2778 quoque
2718 2717 2959 2759 succum
2987 2718 3119 2759 esse
3153 2698 3505 2777 plantarum.
3540 2724 3564 2749 ιο
3630 2698 3873 2758 Etenim

2228 2788 2276 2845 si
2301 2805 2719 2865 comparemus
2738 2788 3129 2848 Ambrosiana
3151 2807 3283 2847 cum
3310 2785 3643 2865 Basilianis,
3674 2788 3869 2847 statim

2227 2875 2752 2938 animadvertimus
2775 2877 3156 2938 Ambrosium
3177 2877 3363 2955 palam
3381 2876 3730 2955 interpretis
3750 2896 3875 2954 par-

2232 2976 2318 3027 tes
2350 2984 2652 3046 peragere:
2690 2966 2909 3028 deinde
2942 2967 3116 3027 facile
3141 2966 3196 3025 in
3248 2974 3507 3025 mentem
3537 2968 3697 3025 venit
3724 2967 3878 3025 hunc

2232 3056 2423 3116 locum
2459 3076 2526 3117 ex
2560 3055 2763 3119 Graeco
2801 3056 2880 3116 ita
2911 3055 3143 3117 restitui
3179 3072 3391 3135 posse:
3434 3080 3456 3107 α
3487 3053 3640 3127 Quid
3675 3065 3870 3116 autem

2232 3144 2334 3204 tibi
2363 3144 2918 3225 referam,aliquem
2936 3144 3166 3206 scilicet
3190 3162 3320 3205 esse
3345 3146 3876 3223 sermonetn,quod

2227 3234 2517 3295 electrum
2553 3236 2808 3315 lacryma
2841 3234 3069 3313 virgulti
3123 3234 3259 3296 sit?
3296 3260 3317 3291 ι)
3379 3235 3452 3296 Et
3513 3232 3696 3293 verba
3756 3254 3881 3313 qum

2226 3323 2507 3399 proxime
2534 3324 3038 3403 sequuntur,vitio
3060 3340 3299 3403 quoque
3321 3340 3433 3384 non
3460 3339 3669 3383 carere
3695 3325 3882 3401 suspi-

2223 3432 2327 3473 cor
2360 3432 2375 3488 ;
2415 3415 2571 3493 quod
2610 3422 2675 3473 ut
2698 3414 2927 3474 facilius
2951 3412 3529 3490 intelligatur,totam
3562 3413 3872 3491 periodum

2223 3504 2551 3565 exscribam
2584 3506 2683 3577 ita,
2723 3518 2785 3565 ut
2821 3506 2876 3564 in
2904 3505 3213 3585 impressis
3238 3504 3866 3582 librislegiturquuid

2221 3602 2439 3667 autem,
2470 3592 2683 3674 inquit,
2721 3592 2824 3654 tibi
2858 3595 3138 3666 referam,
3176 3594 3529 3654 clementem
3562 3593 3705 3654 licet
3736 3613 3867 3653 esse

2225 3686 2755 3764 sermonem,quod
2775 3684 3065 3745 electrum
3093 3684 3346 3764 lacrymu
3366 3685 3597 3763 virgulti
3623 3684 3789 3750 sit,ct
3813 3684 3870 3743 in

2228 3780 2400 3834 tanta:
2425 3775 2685 3835 materia:
2706 3774 3063 3835 soliditatem
3096 3774 3355 3851 laciyma
3373 3776 3575 3834 (lufeSt
3593 3785 3671 3835 at.
3693 3774 3866 3835 rNam

2226 3880 2339 3941 quo
2372 3862 2559 3940 magis
2593 3863 2802 3942 illud,a
2833 3872 3005 3923 tanta:
3030 3863 3418 3935 materne-tiu
3453 3864 3657 3923 animo
3678 3866 3865 3937 volvo,

2228 3969 2295 4011 eo
2338 3953 2536 4014 minus
2558 3954 2701 4014 mihi
2723 3953 3086 4032 persuadere
3108 3971 3348 4031 possum
3383 3952 3767 4015 Ambrosium
3801 3955 3874 4012 ita

2227 4040 2482 4101 locutum
2518 4042 2719 4103 fuisse.
2764 4041 2831 4101 Et
2889 4061 3055 4119 vero,
3089 4043 3201 4101 nisi
3264 4061 3357 4100 me
3388 4043 3587 4102 omnia
3635 4042 3867 4114 fallunt,

2219 4129 2431 4190 idonea
2465 4131 2625 4191 nulla
2648 4132 2944 4191 sententia
2976 4149 3043 4191 ex
3071 4132 3156 4191 lli»
3187 4131 3430 4191 vocibus
3463 4132 3616 4191 el'lici
3648 4142 3867 4210 potest.

2221 4218 2412 4280 Placet
2443 4220 2697 4281 maxime
2728 4220 2903 4281 lectio
2936 4239 2970 4279 e
2997 4221 3219 4280 litionis
3249 4220 3549 4291 Romanae,
3601 4239 3733 4299 qua:
3787 4223 3874 4281 sic

2215 4308 2416 4389 habet,
2431 4320 2522 4370 cet
2544 4311 2600 4370 in
2624 4310 2871 4390 lapideae
2890 4321 3118 4371 natura;
3132 4311 3489 4371 soliditatem
3517 4310 3824 4381 durescat,
3841 4340 3865 4365 υ

2211 4409 2330 4458 tum
2362 4399 2518 4479 quod
2550 4417 2675 4461 rem
2714 4398 2941 4477 Optime
2999 4399 3274 4479 explicet,
3325 4411 3448 4458 tum
3484 4400 3642 4477 quod
3688 4404 3874 4479 possit

2219 4488 2556 4548 conﬁrmari
2590 4507 2657 4549 ex
2692 4489 2792 4549 illo
2831 4488 3040 4551 Basilii
3076 4491 3181 4568 (ὁ),
3215 4492 3287 4553 εἷς
3314 4490 3455 4545 λίθου
3477 4492 3625 4568 ’θέσιν
3650 4491 3870 4557 duom,-

2218 4580 2491 4653 γνύμενον,
2535 4603 2560 4631 α
2597 4579 2655 4638 in
2691 4579 2906 4657 lapidis
2939 4586 3209 4641 naturam
3244 4589 3613 4640 concretum.
3648 4603 3669 4633 ι
3708 4578 3861 4651 Quo-

473 4676 566 4729 est
597 4655 881 4728 adversus
911 4665 1076 4746 ipsos
1118 4665 1492 4727 Christianos
1551 4664 1900 4742 scriptores.
1964 4665 2125 4738 Quod
2155 4655 2198 4707 D
2227 4668 2379 4727 niam
2408 4674 2603 4728 tamen
2637 4655 2928 4748 scriptura
2964 4669 3089 4731 haec
3123 4668 3370 4728 nimimn
3406 4668 3631 4729 recedit
3661 4687 3694 4728 a
3735 4675 3863 4727 vul-

475 4754 655 4835 igitur
687 4754 831 4821 dicit
859 4753 1261 4829 Justinianus,
1297 4751 1621 4829 Origenem
1645 4753 1716 4812 ali
1749 4750 2009 4813 Ecclesia
2033 4773 2136 4814 ex-
2222 4771 2375 4835 gata,
2403 4756 2676 4837 suspicor
2706 4758 2782 4817 ita
2811 4777 2879 4818 ex
2912 4756 3134 4819 Graecis
3166 4760 3546 4817 emendatum
3578 4758 3763 4819 fuisse
3794 4762 3869 4818 alt

475 4843 712 4924 pulsum
746 4854 805 4905 et
836 4845 1094 4924 ejectum
1130 4861 1286 4920 esse,
1318 4851 1376 4902 et
1406 4841 1481 4901 ab
1518 4841 1787 4902 Ecclesia
1809 4842 2124 4903 excidisse.
2216 4845 2543 4926 aliquo,qui
2576 4849 2732 4907 hunc
2759 4847 2955 4908 locum
3001 4846 3061 4908 in
3116 4846 3325 4925 priscis
3381 4845 3745 4908 editionibus
3782 4848 3866 4906 vi-

472 4931 533 4993 id
567 4951 601 4994 e
631 4950 736 4993 sua
757 4933 924 5007 dixit,
956 4951 1071 4995 non
1107 4952 1175 4994 ex
1210 4931 1408 4994 Basilii
1440 4934 1755 4992 Sententia.
1786 4930 1942 4992 Nihil
1970 4932 2125 4991 aliud
2216 4935 2424 4995 tiosum
2459 4953 2591 4995 esse
2627 4936 2888 4996 vidisset.
2944 4936 3135 4997 Satius
3172 4936 3350 5014 igitur
3382 4954 3512 4996 esse
3570 4936 3750 5007 duco,
3822 4941 3867 4995 si

472 5020 753 5083 exBasilii
778 5021 979 5083 verbis
999 5021 1282 5100 colligere
1308 5019 1914 5096 licet,nisi0rigenem
1942 5020 2126 5080 fuisse
2213 5022 2399 5083 solum
2432 5033 2733 5084 mutemus
2767 5024 2923 5104 quod
2960 5034 3166 5104 aperte
3200 5024 3432 5085 videtur
3482 5043 3613 5084 esse
3643 5044 3864 5086 corru-

472 5107 940 5173 ecclesiasticum
974 5111 1354 5189 scriptorem.
1391 5108 1690 5185 Quidquid
1728 5108 1877 5169 ultra
1914 5110 2120 5187 adjici-
2214 5122 2397 5191 ptum.
2434 5114 2793 5176 Emendatio
2828 5114 2985 5174 enitr
3015 5133 3130 5193 quo
3162 5114 3495 5194 simplicior
3526 5123 3638 5193 est,
3671 5134 3743 5176 eo
3771 5134 3863 5175 ve-

470 5208 589 5269 tur,
624 5217 803 5261 omne
835 5199 894 5260 id
920 5199 1348 5278 glossematum
1410 5199 1540 5259 loco
1573 5198 1938 5277 ponendum.
1972 5198 2124 5276 Lege
2208 5201 2330 5262 rior
2356 5201 2508 5264 solet
2537 5221 2670 5265 esse
2701 5214 2758 5263 et
2791 5203 3023 5265 melior.
3050 5204 3252 5275 Quare
3284 5203 3565 5263 libentius
3596 5205 3672 5263 ita
3699 5205 3867 5282 lege-

467 5287 749 5353 Basilium
791 5288 1061 5351 oratione
1109 5290 1284 5351 tertia
1339 5286 1409 5351 iri
1472 5287 1797 5367 firmem,
1862 5307 2021 5349 num.
2084 5292 2121 5347 8
2208 5309 2397 5366 rem,¢
2423 5291 2560 5352 etin
2593 5301 2811 5354 tantam
2846 5292 3107 5354 materiae
3128 5292 3484 5355 soliditatem
3514 5292 3855 5361 durescat,»

472 5388 530 5441 et
558 5379 621 5443 9.
2205 5400 2337 5443 cum
2370 5388 2453 5442 sic
2477 5381 2961 5443 correctuslocus
2983 5400 3285 5461 uzcunque
3306 5381 3446 5442 ferri
3480 5382 3849 5462 possitPrzn-

704 5473 733 5547 §
765 5469 835 5533 V.
873 5468 962 5531 De
990 5469 1353 5550 quibusdam
1376 5469 1680 5531 Ambrosii
1702 5467 1867 5529 locis.
2205 5480 2365 5531 terea
2387 5470 2512 5531 haec
2528 5480 2729 5531 nostra
2747 5470 3089 5531 emendatio
3114 5470 3253 5531 hinc
3268 5472 3605 5533 conﬁrmari
3636 5481 3857 5552 potest,

539 5558 643 5624 94.
676 5561 813 5624 Non
837 5569 978 5641 puto
1002 5579 1098 5623 me
1128 5579 1253 5622 rem
1286 5559 1574 5623 studiosis
1598 5559 1886 5637 ingratam
1925 5559 2112 5622 factu-
2202 5560 2360 5639 quod
2394 5558 2748 5622 Ambrosius
2783 5578 2901 5621 non
2960 5578 3200 5639 semper
3236 5558 3475 5621 verbum
3512 5580 3617 5640 pro
3678 5561 3859 5623 verbo

533 5722 621 5801 (α)
655 5719 826 5785 Hom.
848 5722 887 5782 3
918 5724 983 5783 in
1016 5724 1331 5798 Hecatam,
1366 5738 1530 5783 num.
1562 5726 1623 5782 9.
2282 5721 2366 5799 {0)
2394 5717 2577 5782 Hom.
2609 5723 2667 5801 5,
2704 5740 2873 5781 num.
2906 5723 2972 5782 8.
