4058 6200
422 234 437 245 Α

218 312 235 329 ’5

105 105 437 359 -
1246 304 1318 367 D.
1362 303 1523 366 IUL.
1567 303 1949 367 GARNERII
1989 298 2412 367 PREFATIO.
3295 312 3572 363 CLXXXIX

242 438 549 519 reddat,sed
578 434 823 500 liberius
844 436 1203 517 plerumque
1222 435 1605 518 interpretari
1638 436 1847 501 soleat.
1870 442 1916 492 Α
2014 441 2514 504 26.Ambrnsiana
2536 439 2639 500 illa
2666 457 2701 500 e
2724 437 2831 500 lib.
2858 454 2914 497 tv
2932 438 2996 498 in
3018 435 3472 513 Hexaem.,cap.
3506 433 3566 506 3,

239 532 307 595 Ea
331 529 401 592 de
423 547 489 590 re
509 527 603 589 alii
621 526 997 606 judicabunt.
1932 531 2205 605 num.10,
2239 555 2261 588 α
2290 529 2405 593 Sed
2428 528 2779 592 illuminatio
2811 529 2942 607 ejus
2967 526 3177 607 [ignis]
3212 522 3570 600 inexstingui

300 618 388 683 25.
416 617 563 682 Sunt
608 617 709 697 qui
738 616 1133 680 Ambrosiana
1166 615 1267 677 illa
1319 635 1355 678 e
1384 614 1494 677 lib.
1530 634 1593 681 ιιι
1624 619 1689 679 in
1718 616 1845 680 He-
1930 619 2067 682 bilis
2088 622 2266 684 estad
2295 620 2763 702 perfunctionem
2788 613 3348 688 bonorum,exustio
3377 614 3567 702 velle:

232 710 855 787 mem.,cap.lO,num.
887 709 962 768 67
1001 724 1013 764 :
1048 732 1072 761 α
1102 705 1305 786 itaque
1323 710 1371 766 si
1392 725 1605 786 magna
1633 706 1848 769 virtute
1933 730 2102 773 mens
2123 713 2195 773 ad
2222 711 2579 793 supplicium
2613 718 3016 790 peccatorum,
3046 733 3072 763 ››
3109 714 3389 767 revocant
3422 701 3569 763 mihi

234 802 318 862 Dei
338 801 596 860 sterilem
624 796 917 858 bruchum
945 805 1102 857 terra
1140 796 1478 875 generavit,
1514 822 1533 852 ι
1571 805 1712 868 etc.,
1747 816 1846 858 cu-
1929 800 1990 861 in
2015 802 2359 862 memoriam
2385 810 2579 863 notam
2606 798 2921 879 quamdam
2945 800 3289 876 Duczei,qua
3310 793 3566 854 similem

228 888 419 950 riosius
440 887 693 949 scrutari
727 905 796 949 ac
818 887 1200 965 interpretari
1224 886 1542 947 voluerunt
1567 907 1579 949 :
1608 887 1762 966 quod
1786 887 1847 947 in
1929 890 2233 952 Ambrosii
2266 891 2459 952 locum
2488 910 2519 951 e
2573 890 2681 951 lib.
2719 906 2784 951 ιιι
2834 889 3103 967 ejusdem
3137 887 3205 947 in
3243 886 3565 957 Ηεαςαεηι.,

227 997 376 1039 causa
406 977 536 1049 fuit,
569 993 679 1037 cur
727 976 785 1037 in
838 993 1104 1063 errorem
1154 975 1306 1055 lapsi
1338 993 1471 1037 esse
1503 975 1842 1037 videantur.
1927 999 2057 1059 cap.
2093 980 2193 1051 t3,
2226 988 2325 1041 aut
2355 980 2717 1053 emendavit,
2751 992 2852 1041 aut
2906 987 3068 1038 certe
3110 973 3418 1036 emendari
3451 969 3567 1033 sibi

226 1066 667 1146 Legeruutenim
690 1066 792 1128 lib.
819 1060 875 1126 iv
892 1065 1161 1144 ejusdem
1184 1067 1249 1127 in
1277 1065 1570 1129 Hexaem.
1594 1085 1722 1146 cap.
1753 1068 1781 1128 1
1822 1084 1836 1127 :
1925 1070 2089 1130 visus
2107 1079 2215 1133 est.
2252 1072 2572 1151 Postquam
2594 1070 2776 1149 igitur
2797 1067 3004 1129 retulit
3034 1065 3122 1126 vir
3154 1066 3365 1125 doctus
3387 1060 3569 1151 verba

228 1157 515 1219 «Anterior
533 1156 801 1217 bruchus
819 1173 996 1235 quam
1017 1154 1127 1226 sol,
1154 1180 1181 1210 ιι
1213 1154 1314 1215 ubi
1334 1154 1447 1234 legi
1470 1163 1839 1237 oportuerat,
1923 1159 2370 1235 Ambrosii,hoc
2391 1159 2565 1220 modo
2594 1180 2606 1221 :
2636 1182 2657 1213 α
2696 1156 3051 1237 Prmjaciunt
3071 1154 3253 1216 ramis
3272 1153 3400 1232 ejus
3432 1150 3562 1227 pal-

229 1271 246 1301 ι
276 1246 521 1306 anterior
541 1244 729 1306 rubus
752 1262 931 1321 quam
956 1242 1108 1306 sol.»
1132 1242 1254 1305 Nec
1281 1244 1478 1319 aliter,
1508 1253 1667 1325 puto,
1692 1264 1839 1307 sen-
1926 1268 2153 1310 marum
2178 1250 2447 1329 quadam
2472 1249 2633 1311 velut
2662 1249 2895 1309 semina
2922 1241 3565 1321 mascularum,quibus

224 1338 326 1409 tiet,
357 1336 450 1415 qui
479 1345 663 1417 caput
692 1333 951 1409 primum
985 1331 1287 1395 Geneseos
1312 1334 1842 1414 perlegerit,cujus
1924 1338 2014 1399 illi
2043 1339 2202 1400 velut
2233 1341 2469 1420 quidam
2520 1357 2734 1400 sensus
2768 1334 3175 1417 perfruitionis
3207 1331 3559 1407 infunditur,

222 1444 280 1486 ex
306 1424 551 1486 lectione
592 1424 876 1503 colligere
926 1421 1153 1497 licebit,
1186 1431 1250 1483 ut
1279 1422 1508 1503 reliqua
1537 1424 1838 1505 animalia,
1926 1429 2246 1509 etexpetiti
2268 1430 2623 1491 concubitus
2644 1428 2830 1507 gratia
2861 1432 3380 1505 repraesentetur,»
3410 1440 3560 1483 con-

222 1512 574 1574 itabruchum
593 1531 713 1573 non
738 1511 853 1572 nisi
878 1521 1009 1591 post
1024 1510 1331 1573 conditum
1355 1512 1543 1573 solem
1566 1511 1841 1573 inlucem
1924 1519 2177 1580 ﬁdenter
2206 1520 2367 1581 addit
2400 1536 2413 1578 :
2447 1540 2477 1579 ε
2512 1522 2609 1583 Sic
2640 1518 2799 1580 enim
2841 1514 3281 1579 emendandum
3317 1529 3559 1591 censeo,

223 1603 499 1682 prodiisse.
538 1601 626 1663 Ex
680 1620 799 1682 quo
858 1602 921 1663 ﬁt
953 1610 1015 1662 ut
1044 1602 1095 1662 si
1124 1600 1479 1663 Ambrosius
1507 1602 1825 1682 scripserit1

1961 1627 2057 1668 um
2090 1609 2187 1671 hic
2217 1610 2422 1672 Greece
2482 1612 2728 1688 legatur,
2789 1609 2840 1665 ἐν
2886 1607 3221 1673 συναισθήσει
3272 1609 3370 1669 τῆς
3417 1601 3559 1659 ἀπο-

224 1693 492 1755 «anterior
516 1692 786 1753 bruchus
815 1710 992 1772 quam
1017 1690 1132 1765 sol,
1170 1715 1198 1747 π
1230 1690 1421 1770 palam
1456 1691 1842 1754 convincatur
1865 1753 1898 1772 η
1922 1697 2220 1763 unum.)
2245 1700 2535 1762 Duczeana
2556 1695 3013 1760 hacdeclaratio
3036 1691 3256 1753 dudum
3281 1691 3427 1753 mihi
3446 1691 3567 1772 pla-

222 1753 344 1842 falsi.
368 1783 478 1843 Sed
506 1781 594 1861 (α)
620 1781 719 1843 cui
744 1753 1094 1861 persuaderi
1117 1753 1360 1861 'potlerit
1390 1787 1623 1842 tantum
1646 1753 1838 1842 virum
1862 1753 1899 1803 Β
1920 1753 2075 1861 cuit,
2098 1753 3151 1867 έίῖαῖάέξιῖἐᾶιῆιῖιὶιᾞιὲἑέὶζυηςιθ
3173 1783 3220 1843 si
3248 1782 3380 1863 quis
3412 1753 3560 1841 con—

223 1872 269 1933 in
288 1880 490 1933 tantum
512 1889 787 1933 errorem
812 1870 1127 1933 incidisse?
1148 1873 1288 1931 Puto
1323 1870 1501 1948 igitur
1524 1889 1660 1931 eum
1682 1870 1839 1931 scri-
1923 1877 2196 1939 tenderet
2223 1878 2541 1956 legendum
2567 1895 2697 1939 esse
2718 1875 2872 1956 apud
2905 1872 3285 1936 Ambrosium
3310 1871 3371 1931 in
3396 1877 3561 1930 utro-

222 1962 399 2041 psisse,
437 1986 460 2018 ι
495 1960 772 2023 anterior
800 1960 988 2022 rubus
1008 1979 1184 2042 quam
1215 1960 1366 2021 sol.»
1402 1961 1611 2039 quue
1644 1960 1841 2021 minus
1922 1984 2037 2045 que
2065 1984 2242 2047 quem
2274 1968 2585 2030 citavimus
2609 1967 2762 2038 loco,
2790 1963 3160 2045 «perfruitio,
3199 1986 3225 2017 η
3248 1958 3353 2021 ubi
3381 1984 3407 2013 α
3432 1975 3565 2037 per-

221 2050 393 2113 dubito
419 2052 561 2132 quin
585 2052 719 2113 haec
741 2050 1057 2131 scriptura.
1092 2075 1120 2106 α
1145 2050 1355 2123 rubus.
1398 2074 1421 2109 ι
1464 2067 1599 2113 vera
1630 2049 1707 2110 sit
1730 2068 1836 2127 ge-
1920 2046 2109 2117 functi
2144 2082 2170 2112 ι
2200 2056 2415 2136 legitur
2435 2056 2495 2118 in
2529 2056 2729 2127 editis,
2754 2057 2826 2116 ab
2855 2055 2987 2134 ejus
3028 2052 3313 2132 opinione
3344 2066 3460 2109 non
3481 2046 3563 2109 ita

222 2141 391 2213 nuina,
416 2142 570 2222 quod
601 2142 686 2202 ita
709 2149 769 2202 et
809 2140 872 2202 in
900 2139 1209 2202 codicibus
1250 2138 1452 2200 multis
1485 2147 1544 2200 et
1572 2139 1633 2199 in
1665 2138 1838 2199 editis
1923 2144 2171 2207 multum
2192 2146 2487 2209 abessem,
2526 2149 2596 2209 Et
2637 2154 2701 2207 ut
2737 2153 2967 2206 taceam
2991 2160 3149 2203 nunc
3175 2140 3250 2201 de
3272 2137 3561 2200 emenda-

221 2228 1840 2312 omnibuslibrisscriptuminveniamusﬂaveexistimes
1924 2234 2085 2296 tione
2107 2235 2329 2307 Duc-mi,
2362 2235 2623 2298 dubitari
2668 2234 2757 2295 vix
2807 2251 2987 2314 posse
3016 2230 3275 2292 arbitror
3304 2226 3450 2306 quin
3501 2226 3563 2288 in

218 2322 472 2384 bruchum
527 2321 606 2382 ab
663 2320 981 2383 Ambrosio
1015 2338 1119 2400 pro
1172 2319 1417 2381 arbusto
1450 2318 1638 2380 sterili
1672 2338 1833 2380 sum-
1920 2324 2038 2385 alio
2072 2325 2202 2386 loco
2231 2325 2353 2405 legi
2400 2331 2692 2406 oporteat,
2734 2323 2840 2385 (ad
2889 2320 3336 2402 perfruitionem
3368 2316 3562 2377 bono-

218 2420 349 2489 ptum
372 2429 499 2472 esse
550 2410 618 2472 in
653 2428 727 2473 eo
775 2429 956 2487 quem
1011 2408 1187 2471 citavi
1216 2408 1372 2472 loco.
1421 2407 1656 2470 Etenim
1690 2408 1838 2470 dixit
1921 2431 2077 2491 rum,
2118 2439 2142 2470 η
2177 2433 2310 2475 cum
2342 2405 2503 2477 hunc
2534 2411 2844 2477 Ambrosii
2902 2412 3097 2473 locum
3147 2409 3218 2469 ad
3250 2405 3495 2468 verbum
3529 2423 3562 2467 e

220 2501 531 2565 Ambrosius
556 2500 831 2563 sterilem
883 2500 1202 2572 bruchum,
1238 2518 1356 2561 non
1389 2499 1547 2579 quod
1574 2499 1838 2561 bruchus
1919 2504 2135 2566 Basilio
2166 2522 2514 2566 conversum
2550 2522 2682 2565 esse
2717 2502 2908 2581 palam
2967 2500 3065 2564 sit.
3102 2497 3470 2561 Proferimus
3500 2496 3561 2556 in

221 2590 490 2651 arbustum
510 2589 727 2653 sterile
749 2590 959 2671 sit,sed
983 2588 1142 2670 quod
1162 2588 1557 2651 corrodendis
1576 2588 1837 2651 arbustis
1922 2592 2182 2655 medium
2196 2593 2375 2656 verba
2389 2593 2587 2655 Basilii
2600 2610 2670 2653 ex
2686 2590 2955 2653 oratione
2969 2597 3133 2651 sexta
3152 2590 3221 2648 in
3234 2589 3525 2649 Hexaem.
3539 2633 3555 2660 ,

222 2679 563 2742 sterilitatem
600 2680 873 2743 inducat.
906 2680 1257 2760 Quanquam
1292 2686 1490 2741 autem
1522 2698 1658 2757 qua:
1683 2678 1830 2753 dixi,
1920 2702 2084 2743 num.
2109 2682 2166 2760 3,
2190 2680 2825 2745 utcumAmbrosianis
2841 2676 3443 2759 possintcomparari.
3464 2675 3561 2733 Καὶ

220 2770 334 2829 satis
352 2788 651 2851 superque
670 2788 773 2849 per
817 2787 882 2831 se
906 2777 1171 2851 pateant.
1207 2776 1457 2849 possunt
1488 2775 1684 2830 tamen
1715 2787 1822 2830 nor

1956 2775 1980 2829 ὸ
2026 2773 2122 2847 μὲν
2174 2774 2285 2853 cpi):
2348 2775 2423 2839 εἷς
2469 2772 2762 2828 ἆπόλχυτιν
2821 2784 2939 2835 τοῖς
2969 2767 3216 2837 δικαίοις,
3250 2767 3309 2822 τὸ
3357 2763 3411 2820 δὲ
3462 2768 3558 2831 τῆς

223 2877 398 2935 parum
434 2859 633 2922 verbis
664 2860 867 2921 Basilii
908 2858 1273 2921 conﬁrmari.
1306 2857 1445 2920 Haec
1474 2865 1672 2919 autem
1700 2868 1825 2920 sunt

1956 2864 2155 2928 αύσεως
2184 2861 2435 2941 ὀδυνηρὸν
2466 2876 2584 2923 τοῖς
2643 2859 3019 2933 κολκζομένοις
3061 2858 3555 2936 ἀποταχθήσεσθκι.

223 2948 399 3012 homil.
447 2950 505 3025 6,
538 2968 715 3013 num.
742 2947 783 3010 2
812 2971 827 3008 :
888 2951 953 3007 Ἠ
1006 2956 1081 3028 γῆ
1116 2948 1439 3026 πεπλήρωτο
1468 2962 1589 3010 τοῖς
1622 2948 1825 3011 οἰκείοις

1961 2949 2027 3012 Et
2048 2952 2267 3031 fore,ut
2308 2952 2404 3014 lux
2435 2949 2677 3031 quidem
2710 2949 2771 3010 in
2802 2947 3141 3009 fruitionem
3170 2944 3376 3025 justis,
3409 2942 3563 3004 adu-

223 3040 501 3113 γεννήμασι,
539 3042 601 3096 τά
633 3061 694 3094 τε
725 3041 882 3117 μυρία
913 3040 1043 3117 γένη
1084 3044 1191 3095 τῶν
1252 3038 1490 3113 βοτανῶν
1539 3034 1825 3107 €7.6th-

1947 3041 2127 3103 tionis
2148 3059 2284 3102 vero
2314 3040 2607 3102 acerbitas
2629 3037 2949 3119 puniendis
2980 3034 3333 3097 destinetur.
3368 3057 3396 3089 »
3431 3033 3549 3093 No-

226 3148 353 3198 un,
395 3130 477 3185 xxi.
543 3126 914 3192 παντοδαποῖς
974 3127 1143 3184 εἴδεσι
1216 3133 1390 3206 φυτῶν
1449 3127 1828 3201 εὐθηνουμένη,

1960 3140 2098 3191 iram
2131 3130 2281 3192 hanc
2331 3132 2731 3209 conjecturam
2776 3125 3046 3189 nonnihil
3101 3125 3239 3185 hinc
3297 3122 3562 3203 adjuvari

226 3212 393 3281 ’Ἥλιος
421 3216 471 3274 δὲ
503 3220 660 3275 οὔπω
717 3220 808 3293 ἦν,
861 3221 950 3275 καὶ
1006 3218 1232 3287 σελήνη.
1288 3242 1314 3270 α
1349 3215 1535 3277 Terra
1580 3214 1828 3296 propriis

1959 3217 2351 3290 xistimamus,
2386 3218 2543 3299 quod
2565 3216 2998 3278 admoneamur
3019 3214 3079 3274 in
3108 3212 3285 3286 notis,
3319 3210 3561 3273 codices

226 3306 553 3381 germinibus
578 3318 710 3368 erat
754 3306 975 3368 referta
1005 3326 1019 3369 :
1053 3305 1542 3387 quandoquidem
1577 3313 1634 3365 et
1666 3304 1840 3366 innu-
1922 3325 2189 3369 mss.non
2214 3308 2329 3369 sibi
2350 3316 2647 3385 constare,
2673 3305 3035 3369 habentibus
3064 3303 3217 3377 aliis,
3261 3327 3282 3359 α
3315 3302 3388 3364 ad
3416 3319 3558 3383 per-

229 3411 361 3455 mera
390 3396 717 3475 protulerat
748 3395 1069 3458 herbarum
1103 3414 1349 3471 genera,
1378 3403 1437 3457 et
1475 3393 1838 3455 omnimodis
1919 3400 2236 3460 fectionem
2265 3398 2584 3471 bonorum,
2615 3421 2641 3453 »
2677 3396 2830 3462 aliis.
2868 3416 2896 3453 ι
2916 3395 2988 3456 ad
3017 3391 3513 3473 perfunctionem.
3533 3416 3555 3449 ι

230 3482 519 3560 plantarum
553 3484 880 3567 speciebus
906 3484 1293 3548 exuberabat.
1334 3483 1605 3548 Necdum
1640 3493 1836 3545 tamen
1920 3487 2435 3550 Verisimillimum
2465 3487 2625 3549 enim
2654 3486 2800 3547 mihi
2822 3484 3135 3561 videtur,si
3160 3482 3399 3546 codices
3433 3481 3559 3561 plu-

228 3581 328 3658 erat
347 3574 558 3652 sol,aut
583 3577 746 3635 luna.
785 3600 812 3629 ι
843 3575 1076 3635 Etenim
1097 3574 1257 3655 quod
1284 3573 1540 3635 Basilius
1562 3571 1838 3636 universe
1919 3595 2017 3639 res
2048 3576 2755 3658 consulerentur,fore,nt
2785 3574 3055 3637 nonnulli
3088 3572 3442 3653 scripturam
3467 3588 3563 3631 ve-

229 3657 860 3731 dixitdefructicibus.id
874 3663 1180 3745 speciatim
1197 3664 1417 3724 dixisse
1434 3662 1833 3737 Ambrosium,
1922 3686 2048 3729 ram
2080 3657 2545 3748 germanamque
2569 3666 2940 3739 exbiberent,
2976 3666 3089 3727 hoc
3120 3672 3231 3742 est,
3272 3659 3561 3742 «perfrui-

232 3748 313 3812 lib.
334 3768 405 3831 iv,
441 3770 607 3817 num.
662 3754 722 3828 l,
784 3753 858 3815 de
905 3756 1055 3815 rubo
1104 3753 1484 3834 perspicuum
1534 3761 1642 3814 est.
1678 3751 1747 3812 Et
1778 3753 1837 3813 in
1924 3758 2172 3831 tionem,
2213 3782 2235 3812 υ
2274 3776 2392 3818 non
2432 3781 2453 3812 α
2493 3755 2983 3837 perfectionem,»
3020 3772 3214 3833 neque
3250 3776 3275 3808 cr
3315 3750 3559 3832 perfun-

235 3840 392 3903 verbis
421 3842 535 3905 illis
566 3861 704 3923 qua:
755 3849 1021 3922 proxime
1072 3849 1423 3923 sequuntur,
1484 3866 1503 3897 ι
1546 3840 1670 3902 noli
1696 3860 1837 3921 ergo
1921 3847 2205 3909 ctionem.
2247 3868 2274 3906 ι

232 3927 383 3991 Deum
411 3932 687 4005 credere,
720 3933 814 3993 cui
862 3932 1027 3993 vides
1055 3931 1164 3995 Dei
1199 3948 1445 3992 munera
1466 3947 1597 3994 esse
1622 3931 1836 4009 praela-
2003 3940 2104 3998 9.7.
2134 3937 2508 3999 Conveniunt
2539 3937 2693 3997 inter
2721 3953 2786 3996 se
2817 3943 2875 3996 et
2901 3934 3043 3996 editi
3075 3931 3391 3995 etcodices
3410 3950 3553 3993 mss.

233 4026 325 4090 ta,»
343 4020 569 4102 aliquod
590 4039 834 4102 quoque
850 4021 1060 4083 vitium
1083 4022 1282 4083 inesse
1301 4018 1838 4099 suSpicor.Etenim
1925 4027 1983 4088 in
2004 4046 2073 4088 eo
2093 4026 2355 4099 loco,ubi
2370 4025 2622 4088 Basilius
2636 4042 2974 4086 sermonem
2989 4023 3244 4085 instituit
3265 4022 3340 4083 de
3364 4022 3557 4082 vultu-

233 4109 342 4185 quid
366 4110 471 4171 sibi
491 4112 637 4173 velit
677 4110 850 4181 illud,
892 4138 915 4167 α
956 4110 1076 4172 noli
1107 4129 1249 4190 ergo
1280 4110 1470 4172 Deum
1501 4110 1773 4190 credere,
1812 4136 1833 4167 ιο
1925 4115 2266 4197 ribus.Ejus
2290 4117 2413 4177 haec
2430 4126 2567 4178 sunt
2590 4116 2769 4178 verba
2790 4113 3057 4176 oratione
3077 4113 3112 4173 8
3146 4114 3209 4174 in.
3232 4112 3560 4180 Hexacm.,

236 4216 329 4258 non
355 4201 491 4261 satis
512 4201 815 4279 intelligo.
841 4200 985 4263 Mihi
1016 4208 1211 4262 autem
1264 4200 1591 4263 verisimile
1614 4201 1701 4281 tit,
1737 4220 1838 4281 pro

1962 4226 2093 4267 .um.
2127 4207 2210 4270 6:
2268 4206 2448 4263 Πολλὰ
2506 4207 2612 4262 τῶν
2643 4206 2856 4281 ὀρνίθων
2900 4205 3027 4283 γέν·,
3076 4202 3219 4262 οὐδὲν
3274 4205 3403 4279 πρὸς
3467 4200 3564 4266 τὴν

234 4287 305 4346 bis
331 4289 535 4370 verbis,
564 4314 593 4346 ι
626 4290 750 4351 noli
779 4308 924 4367 ergo
956 4294 1144 4351 Deum
1177 4290 1448 4365 credere,
1478 4312 1504 4349 ι
1532 4290 1643 4369 legi
1669 4310 1836 4371 opor-

1958 4298 2115 4364 tinam
2147 4296 2318 4353 δεῖται
2348 4297 2445 4364 τῆς
2494 4302 2603 4351 τῶν
2660 4294 2886 4371 ἀρῥένων
2942 4292 3247 4359 ἐπιπλοκῆς
3282 4313 3296 4327 ⁸
3341 4291 3463 4347 ἀλλ’
3508 4291 3560 4347 ἐν

235 4386 357 4448 tere,
394 4401 416 4433 ι
452 4379 575 4441 noli
607 4398 748 4458 ergo
781 4379 903 4441 Deo
924 4398 1042 4441 non
1067 4379 1317 4441 credere
1344 4379 1497 4460 (61).
1529 4405 1552 4435 ι»
1577 4382 1660 4441 lta
1684 4382 1837 4442 enim

1960 4389 2026 4443 ,ἒν
2073 4388 2193 4451 τοῖς
2254 4385 2435 4447 ἄλλοις
2483 4384 2644 4462 ἅγονά
2684 4384 2794 4440 ἐστι
2840 4385 2903 4440 τὰ
2958 4384 3226 4457 ὑπηνέμια
3261 4401 3274 4417 ’
3326 4382 3449 4443 τοὺς
3509 4379 3562 4435 δὲ

235 4469 426 4546 optime
444 4477 631 4532 oratio
648 4472 989 4534 cohaerebit.
1029 4470 1152 4532 Hoc
1198 4471 1355 4531 enim
1384 4470 1613 4532 videtur
1642 4470 1837 4533 dicere

1961 4476 2096 4542 ύπας
2126 4478 2281 4555 φασὶν
2330 4473 2692 4536 ἀσυνδυάστως
2738 4475 2933 4530 τίκτειν
2991 4474 3063 4535 ὡς
3112 4472 3175 4526 τὰ
3224 4469 3422 4549 πολλὰ⁷
3477 4472 3563 4526 καὶ

234 4556 589 4621 Ambrosius:
622 4561 745 4624 Etsi
773 4560 861 4621 sol
893 4570 951 4621 et
970 4558 1103 4623 aliae
1118 4560 1389 4640 quaedam
1413 4568 1700 4621 creaturae.
1730 4580 1836 4641 pro

1961 4575 2091 4623 αὕτα
2141 4566 2602 4642 μακροὸιωτάτους
2647 4564 2801 4625 ὄντας
2837 4578 2851 4591 ⁸
2901 4562 2987 4626 οἷς
3044 4582 3103 4639 γε
3149 4561 3340 4639 μέχρις
3374 4562 3563 4616 ἑκατὸν

234 4644 327 4707 diis
347 4648 634 4730 colantur,
693 4668 951 4731 veroque
999 4649 1121 4711 Deo
1180 4648 1591 4727 praeferantur,
1655 4675 1682 4706 α
1718 4651 1836 4712 noli

1958 4661 2078 4727 τῶν,
2113 4656 2184 4715 ὡς
2217 4656 2282 4709 τὰ
2338 4651 2536 4725 πολλὰ,
2599 4657 2967 4726 παρεκτείνεται
3008 4652 3040 4716 ἡ
3091 4652 3223 4720 ζωή.
3262 4656 3426 4707 Τοῦτο
3471 4671 3560 4722 μοι

235 4747 509 4823 propterea
540 4737 662 4800 Deo
688 4757 811 4800 non
830 4737 1151 4801 credere.»
1177 4736 1369 4823 Hpjus
1402 4740 1837 4819 interpretatio-

1958 4765 2022 4823 χε
2080 4741 2659 4821 παρασεσημειωμένον
2718 4740 2775 4795 ἐκ
2848 4742 2945 4805 τῆς
3003 4740 3121 4815 περὶ
3175 4739 3295 4799 τοὺς
3356 4736 3560 4817 ὄρνιθας

235 4822 309 4882 nis
325 4836 615 4889 auctorem
648 4828 839 4889 habeo
869 4814 1257 4890 Ambrosium
1271 4814 1601 4908 ipsum,qui
1629 4828 1732 4892 lih.
1754 4847 1837 4905 ιιι,

1959 4834 2174 4912 ιτορῖσις³
2232 4830 2308 4886 ’ἔν’
2365 4828 2573 4887 ἐπειδάν
2628 4852 2754 4885 ποτε
2814 4828 2934 4904 ἴδῃς
2989 4827 3255 4906 γελῶντας
3307 4851 3453 4891 τινας
3503 4831 3561 4884 τὸ

236 4929 371 4974 num.
399 4915 492 4978 27.
527 4922 616 4977 sic
638 4915 905 4997 loquitur
933 4935 946 4979 :
980 4915 1225 4979 «Solent
1254 4916 1413 4977 enim
1450 4917 1720 4997 plerique
1742 4919 1838 4980 di-

1956 4924 2212 5001 .υστήριον
2249 4922 2421 4995 ἡμῶν,
2456 4921 2528 4983 ὡς
2555 4916 2808 4978 ἀδυνάτου
2837 4918 2987 4980 ὄντος
3035 4920 3119 4975 ,αἱ
3171 4917 3268 4985 ἔξω
3315 4924 3411 4986 τῆς
3454 4920 3558 4999 φό-

236 5017 379 5063 cere:
403 5004 527 5066 Nisi
541 5004 900 5068 clementior
921 5006 1069 5067 solis
1080 5006 1245 5067 calor
1262 5007 1611 5086 tepefecerit
1628 5019 1836 5083 terras,

1954 5034 2060 5075 ἐως
2091 5009 2346 5090 παρθένον
2397 5023 2598 5088 τελεῖν,
2660 5010 2755 5077 τῆς
2807 5009 3084 5087 παρθενίας
3138 5009 3301 5075 uoti];
3352 5008 3556 5089 φυλατ-

238 5092 717 5186 «quodammodo
736 5094 919 5157 radiis
939 5097 1061 5157 suis
1078 5095 1437 5176 foverit,non
1466 5097 1683 5176 poterit
1706 5115 1840 5177 ger-

1959 5105 2155 5180 ομὲνης
2188 5103 2479 5183 ἀχράντου,
2514 5101 2807 5177 ἐνθυμτιθῇς
2841 5102 2921 5157 ὅτι
2967 5104 2995 5156 ὃ
3042 5100 3331 5170 εὐδοκήσας
3392 5100 3443 5156 ἓν
3494 5108 3561 5178 τῇ

239 5194 430 5243 nime
449 5192 607 5246 terra
635 5206 653 5261 ;
686 5195 746 5247 et
778 5194 1093 5265 propterea
1120 5194 1328 5264 gentes
1352 5186 1614 5249 divinum
1643 5188 1838 5251 hono-

1952 5193 2094 5272 twpiq
2123 5199 2216 5249 τοῦ
2244 5194 2585 5272 κηρύγμιτος
2642 5197 2808 5247 σῶσαι
2841 5192 2959 5256 τοὺς
3010 5191 3379 5263 πιστεύοντας,
3422 5192 3554 5265 ἷμυ-

237 5284 340 5329 rem
366 5272 645 5353 deputant
679 5275 817 5355 soli,
862 5278 1021 5353 quod
1048 5276 1264 5339 virtute
1290 5275 1505 5338 caloris
1528 5280 1620 5340 sui
1652 5286 1839 5339 terra-

1956 5285 2034 5347 ἔας
2082 5284 2141 5339 ἐκ
2182 5287 2282 5349 τῆς
2326 5283 2527 5361 φύσεως
2588 5281 2829 5361 ἄφορμᾶς
2882 5282 3014 5358 πρὸς
3063 5279 3163 5349 τὴν
3221 5282 3394 5337 nimii
3453 5285 3553 5336 τῶν

238 5372 342 5421 rum
364 5374 626 5442 penetret
654 5366 843 5439 sinus,
885 5390 908 5419 ιο
946 5373 1061 5427 etc.

1956 5369 2227 5452 ταραδόξων
2261 5368 2604 5432 κατεϐάλετο.
2647 5368 2884 5432 «Multis
2911 5369 3106 5432 avium
3139 5368 3461 5447 generibus
3486 5368 3558 5430 ad

304 5482 375 5560 (a)
399 5481 583 5562 Leges
609 5493 805 5547 notam
838 5485 1114 5566 primam,
1154 5505 1215 5567 p.
1241 5486 1340 5551 63.

303 5640 414 5731 ibi)
437 5641 889 5731 Ballucinatum
924 5665 1013 5723 se,
1045 5666 1181 5731 cum
1217 5647 1344 5731 haec
1372 5647 1687 5731 scriberet,
1734 5652 1953 5717 fatetur
1982 5653 2053 5715 D.
2089 5649 2410 5716 Garnerius
2441 5653 2501 5714 in
2539 5649 2891 5717 Praefatione
2921 5658 3067 5713 tom.
3102 5646 3149 5711 ll
3180 5647 3326 5728 [Ill],
3378 5647 3406 5725 §
3436 5664 3552 5718 xuv,

243 5731 315 5776 cui
341 5724 552 5786 titulum
590 5724 729 5787 fecit
758 5746 772 5786 :
815 5728 1131 5792 Deerratis
1168 5728 1531 5811 quibusdam
1557 5732 1729 5810 meis,
1765 5743 1883 5800 etc.
1912 5734 2082 5802 Eutr.
