4058 6200
449 320 563 369 cxc
1806 300 2395 370 PROLEGOMENA.

449 446 799 517 conceptum
831 438 976 501 nihil
1008 458 1158 518 opus
1189 448 1281 501 est
1305 440 1554 501 marium
1589 440 1798 518 copula
1834 462 1845 497 :
1885 438 1989 500 sed
2025 440 2081 500 in
2104 447 2143 494 Α
2168 437 2589 499 incarnationis
2616 437 2895 498 decorem
2920 434 3223 513 probaret,
3258 443 3316 497 et
3337 443 3624 497 astrueret
3655 436 3817 497 veri-

449 526 579 586 aliis
604 528 925 605 generibus
982 528 1138 590 edita
1170 530 1317 591 citra
1346 529 1565 591 coitum
1600 547 1728 609 ova,
1775 528 2095 590 infecunda
2179 534 2359 587 tatem
2384 530 2413 586 ?
2441 553 2465 581 ιι
2503 526 2694 587 Nemo
2721 544 2837 585 non
2862 523 3019 584 videt
3061 524 3439 586 Ambrosium
3467 524 3672 586 isthzec
3693 526 3823 586 fere

447 625 604 675 sunt.
634 618 852 677 Ferunt
891 626 1085 678 autem
1136 624 1266 680 sine
1284 619 1439 679 coitu
1470 629 1534 679 ut
1558 619 1875 699 plurimum
1914 637 2091 697 pare-

450 722 513 764 re
541 704 967 780 vultures,licet
993 707 1248 768 maxime
1282 708 1575 785 longaevos
1604 709 1859 788 :quippe
1879 709 2093 787 quibus

451 795 562 854 vita
585 794 654 854 ad
688 803 923 854 centum
952 813 1139 875 usque
1168 815 1353 858 annos
1389 798 1740 877 plerumque
1773 796 2091 876 protenda-

449 891 560 943 tur.
595 882 659 944 Id
684 884 858 944 velim
884 892 1150 945 notatum
1187 894 1242 947 et
1265 886 1645 947 observatum
1677 904 1745 947 ex
1764 886 1964 947 alitum
1996 887 2090 946 hi-

447 974 649 1051 storia,
687 981 748 1031 ut
782 973 831 1032 si
862 974 1097 1052 quando
1125 975 1443 1037 nonnullos
1482 975 1696 1037 videris
1748 975 2087 1055 mysterium

451 1067 718 1123 nostrum
752 1062 1030 1135 irridere,
1051 1066 1217 1145 quasi
1244 1066 1370 1125 fieri
1394 1074 1742 1146 nequeat,et
1765 1066 1928 1145 quasi
1954 1064 2027 1124 sit
2058 1084 2091 1125 a

448 1160 655 1212 natura
686 1152 975 1231 alienum,
1005 1162 1068 1213 ut
1097 1155 1282 1233 virgo,
1319 1155 1655 1233 virginitate
1677 1156 1810 1233 ejus
1839 1162 2087 1215 inteme-

446 1249 567 1300 rata
593 1252 1003 1319 permanente,
1033 1245 1557 1323 pepererit,veniat
1580 1244 1640 1304 in
1666 1252 1926 1305 mentem
1956 1244 2082 1317 tibi,

2176 616 2247 676 ad
2269 616 2510 678 verbum
2537 614 2902 677 convertisse
2925 632 2956 674 e
2988 612 3227 694 Basilio,
3259 615 3362 675 sed
3389 614 3469 676 ita
3498 623 3721 689 tamen,
3760 624 3825 676 ut

2177 724 2243 765 ea
2262 705 2697 784 quodammodo
2723 723 2827 765 sua
2852 704 3067 765 fecisse
3091 703 3494 783 videatur,aut
3523 704 3819 776 ornando,

2176 794 2657 873 autampliando.
2695 797 2778 873 Et,
2813 793 2969 874 quod
3002 794 3073 854 ad
3108 812 3233 855 rem
3269 800 3543 874 pertinet,
3583 793 3824 875 perspi-

2175 903 2350 946 cuum
2402 893 2493 944 est
2543 904 2609 945 ex
2663 883 2777 959 his,
2828 883 3212 947 Ambrosium
3247 902 3365 945 non
3397 883 3572 945 aliter
3603 885 3823 964 legisse

2174 986 2351 1054 atque
2380 993 2538 1035 nunc
2569 973 2783 1052 legitur
2816 973 2909 1033 :id
2931 974 3085 1053 quod
3121 973 3453 1049 suspicioni
3478 973 3824 1036 Combelisii

2175 1082 2289 1124 non
2326 1064 2521 1125 minus
2571 1064 2938 1135 adversatur,
3004 1081 3178 1143 quam
3244 1081 3456 1142 magna
3489 1064 3586 1124 illa
3627 1080 3820 1143 quam

2173 1152 2342 1213 initio
2368 1154 2562 1214 testati
2596 1172 2804 1213 sumus
2834 1151 3122 1214 librorum
3176 1154 3369 1213 omnis
3398 1153 3638 1231 generis
3667 1171 3821 1213 con-

2171 1243 2651 1304 sensio.Accedit
2683 1242 2859 1303 etiam
2889 1242 3047 1321 quod
3080 1250 3246 1303 vetus
3288 1243 3581 1323 interpres
3609 1242 3820 1305 Eusta-

2171 1331 2330 1392 thius
2359 1338 2534 1405 ita,ut
2568 1331 2871 1411 hodieque
2906 1331 3141 1410 legitur,
3179 1331 3385 1410 legerit
3416 1342 3474 1395 et
3504 1332 3821 1413 ipse.Vide

2169 1422 2605 1500 Appendicem.
2643 1421 2809 1492 Quod
2839 1420 3003 1481 addit
3024 1420 3439 1496 Combeﬁsius,
3478 1446 3501 1477 α
3537 1421 3814 1485 Subven-

2174 1518 2347 1571 tanea
2373 1510 2814 1589 fecunda,quod
2848 1511 3194 1590 ascriptum,
3231 1530 3299 1571 ex
3336 1512 3598 1589 margine
3628 1513 3819 1573 obre-

448 1330 658 1410 Denm,
693 1332 798 1410 qui
831 1349 935 1412 per
965 1332 1401 1411 praedicationis
1429 1334 1737 1394 stultitiam
1771 1334 2087 1395 credentes

448 1419 638 1480 salvos
661 1420 856 1482 facere
881 1422 1075 1497 libuit,
1100 1425 1413 1485 innumera
1436 1423 1842 1497 incitamenta,
1867 1422 1940 1483 ab
1961 1424 2088 1503 ipsa

449 1516 653 1569 natura
681 1510 1010 1589 desumpta,
1036 1512 1107 1572 ad
1134 1513 1311 1577 ﬁdem
1344 1515 1525 1574 rebus
1552 1512 1863 1592 stupendis
1896 1514 2090 1574 conci-

447 1598 708 1659 liandam
743 1600 799 1659 in
839 1610 1219 1664 antecessum
1278 1606 1680 1683 proposuisse.
1728 1627 1753 1657 ιο
1790 1602 1926 1663 Haec
1959 1621 2090 1681 quae
2174 1600 2311 1679 psit,
2342 1625 2367 1655 n
2400 1600 2454 1659 id
2483 1602 2699 1661 mirum
2744 1600 2931 1660 videri
2980 1609 3194 1680 potest,
3230 1619 3362 1660 cum
3397 1601 3518 1662 haec
3552 1610 3822 1681 pugnent

446 1688 715 1766 longiora
738 1688 983 1752 fortasse
1004 1692 1512 1764 videbuntur,non
1539 1694 1669 1753 ideo
1702 1693 1901 1760 retuli,
1928 1691 2087 1769 quod
2174 1689 2329 1750 inter
2350 1708 2415 1750 se
2449 1708 2460 1750 :
2500 1689 2603 1750 sed
2640 1690 2954 1769 scripsisse
3007 1694 3201 1749 virum
3262 1690 3500 1750 doctum
3533 1689 3815 1766 arbitror,

443 1778 676 1837 allatam
700 1798 730 1837 a
758 1779 975 1840 Basilio
1001 1782 1076 1842 de
1096 1783 1425 1844 vulturibus
1455 1781 1761 1843 historiam
1794 1780 2039 1862 probem
2070 1801 2083 1839 :
2113 1854 2146 1862 _
2180 1802 2202 1835 (ι
2240 1779 2643 1840 subventanea
2696 1778 3035 1850 infecunda,
3099 1804 3123 1833 ι
3164 1779 3240 1839 ob
3264 1779 3360 1839 illa
3385 1779 3609 1848 Basilii,
3647 1778 3818 1859 ἄγονα

445 1866 545 1925 sed
575 1867 1085 1931 utintranscursu
1104 1871 1351 1933 doceam
1377 1873 1535 1933 hunc
1568 1854 2084 1950 Basiliiﬁallocum
2113 1854 2460 1944 Βὺπη-ιέμιαι.
2498 1870 2717 1929 Verum
2763 1888 2880 1928 non
2939 1868 3016 1928 ita
3067 1869 3239 1929 facile
3281 1870 3552 1929 excusari
3597 1854 3813 1948 potest,

445 1972 652 2015 sanum
681 1976 811 2018 esse
844 1968 899 2021 et
930 1960 1360 2041 incorruptum.
1397 1963 1526 2021 Non
1557 1979 1794 2041 possum
1847 1960 2027 2039 igitur
2055 1979 2088 2020 a
2172 1977 2307 2019 cum
2337 1960 2463 2020 haec
2497 1959 2630 2020 aite
2662 1960 2929 2036 margine
2960 1960 3302 2037 irrepsisse.
3339 1959 3463 2020 Etsi
3492 1958 3648 2018 enim
3691 1956 3815 2018 Eu-

447 2042 802 2107 Combeiisio
854 2048 1028 2110 aliter
1076 2052 1369 2112 sentiente
1431 2069 1548 2111 non
1582 2049 1921 2111 dissentire.
1970 2048 2086 2109 Sed
2172 2047 3277 2125 stathiusinsigniterhallucinatussit,
3309 2046 3811 2127 pessimequeBa-

447 2132 638 2213 ipsum
690 2136 1024 2202 audiamus.
1067 2165 1093 2195 α
1141 2140 1412 2221 Laborat,
1467 2140 1681 2223 inquit,
1716 2148 1919 2220 aperte
1950 2148 2085 2200 tex-
2172 2137 2367 2200 silium
2396 2137 2844 2216 interpretatus,
2871 2138 2997 2214 ejus
3018 2144 3214 2196 tamen
3237 2139 3417 2198 verba
3436 2137 3812 2216 apertissime

447 2232 561 2297 tus,
597 2224 933 2303 falsumque
991 2228 1205 2307 ingerit
1250 2250 1517 2305 sensum,
1565 2249 1739 2311 quem
1792 2231 2089 2308 interpres

448 2315 738 2388 expressit
768 2336 782 2390 ;
815 2319 980 2397 quasi
1014 2320 1097 2379 sic
1125 2321 1444 2400 concipere
1478 2322 1701 2400 absque
1736 2337 1895 2379 mare
1916 2337 2085 2379 com-

449 2419 624 2463 mune
654 2405 731 2463 sit
758 2406 1030 2485 pluribus
1075 2410 1269 2471 avium
1304 2411 1645 2488 generibus.
1672 2411 1733 2471 ln
1764 2428 1879 2469 uno
1912 2408 2084 2470 Basi-

448 2491 559 2551 lius
584 2495 921 2573 exemplum
953 2499 1169 2579 posuit,
1208 2519 1315 2561 nec
1340 2500 1453 2561 alia
1484 2496 1951 2560 sollicitavit.Sic
1983 2516 2083 2557 er-

446 2598 517 2657 go
546 2584 823 2657 emendo,
886 2588 1015 2663 γένη
1073 2590 1145 2643 ὧν
1200 2591 1254 2646 ἓν
1302 2590 1441 2659 ossa,
1502 2607 1753 2665 quorum
1782 2606 1974 2650 unum
2006 2604 2085 2648 ne

448 2672 706 2733 marium
762 2678 1003 2754 quidem
1056 2679 1268 2757 copula
1326 2696 1480 2759 opus
1530 2680 1727 2757 habet,
1787 2678 2081 2738 vulturum

443 2759 669 2821 scilicet
700 2780 712 2820 :
747 2765 902 2843 quod
932 2768 1122 2845 ipsum
1155 2768 1383 2829 incerta
1413 2770 1567 2829 fama
1596 2768 1775 2829 refert
1842 2792 1863 2823 η
1924 2767 2081 2831 Sub-

443 2860 737 2914 venlanea
768 2856 1054 2937 fecunda,
1106 2858 1261 2938 quod
1304 2862 1652 2937 ascriptum,
1710 2876 1781 2917 ex
1818 2860 2083 2933 margine

443 2939 725 3020 obrepsit.
768 2969 792 2999 ι›
829 2944 993 3007 Hanc
1022 2956 1214 3009 autem
1241 2947 1578 3010 Combeﬁsii
1604 2946 2081 3009 emendationem

444 3030 701 3091 arbitror
752 3052 957 3114 puram
1019 3049 1221 3106 potam
1279 3057 1409 3098 esse
1457 3039 1925 3116 corruptionem.
1961 3034 2082 3096 Etsi

445 3118 599 3180 enim
627 3121 939 3184 afﬁrmavit
970 3125 1224 3188 Basilius
1253 3128 1432 3187 multa
1450 3145 1583 3188 esse
1617 3128 1813 3187 avium
1836 3143 2077 3203 genera,

2170 2228 2493 2289 ostendunt
2521 2244 2637 2286 non
2661 2243 2833 2287 secus
2852 2245 2987 2287 eum
3017 2225 3231 2304 legisse
3251 2228 3308 2287 in
3336 2227 3459 2287 suis
3479 2226 3813 2305 codicibus,

2169 2326 2344 2396 atque
2377 2334 2533 2376 nunc
2582 2320 2639 2376 in
2694 2315 2915 2376 nostris
2964 2315 3239 2394 legimus.
3294 2313 3434 2394 Ejus
3466 2315 3593 2377 haec
3622 2322 3810 2377 sunt:

2176 2427 2203 2465 ‹
2238 2406 2384 2468 Alite
2415 2424 2558 2467 sane
2605 2424 2833 2486 earum,
2874 2424 3006 2485 qua;
3055 2404 3228 2466 altius
3280 2405 3546 2486 volitant,
3578 2405 3815 2466 steriles

2170 2499 2412 2557 omnino
2439 2504 2599 2558 sunt.
2645 2522 2668 2553 ι
2703 2496 2783 2556 Ex
2815 2494 3030 2573 quibus
3062 2494 3411 2575 intelligitur
3434 2494 3809 2556 Eustathium

2168 2586 2226 2645 in
2268 2587 2388 2645 suis
2415 2585 2653 2665 quidem
2709 2585 2876 2645 libris
2906 2603 3108 2646 vocem
3154 2585 3423 2658 ὑπηνέμια
3453 2585 3759 2664 reperisse
3792 2603 3805 2642 :

2168 2676 2272 2735 sed
2300 2694 2430 2737 eam
2462 2676 2610 2735 male
2642 2674 3006 2748 reddidisse,
3038 2674 3205 2753 quasi
3229 2673 3508 2734 videlicet
3538 2692 3668 2735 rem
3697 2691 3810 2754 ope

2166 2774 2472 2825 ventorum
2496 2766 2613 2826 alte
2636 2764 2851 2825 elatam
2872 2762 3400 2842 signiticaret.Plus
3421 2764 3565 2824 sotis
3590 2765 3667 2825 de
3689 2764 3804 2825 his.

2168 2853 2502 2915 Redeamus
2533 2855 2602 2914 ad
2640 2854 3045 2926 Ambrosium,
3073 2854 3244 2931 cujus
3275 2853 3334 2913 in
3362 2854 3556 2915 verbis
3588 2853 3809 2934 aliquid

2170 2946 2363 3005 inesse
2387 2945 2513 3004 vitii
2539 2942 2947 3023 suspicor.Ubi
2972 2943 3128 3003 enim
3157 2943 3397 3022 legitur,
3433 2968 3459 2997 ιι
3494 2944 3811 3022 indulgere

2167 3036 2510 3103 concubitu,
2543 3060 2569 3089 »
2612 3033 2929 3113 legendum
2962 3051 3203 3113 censeo,
3235 3057 3257 3087 α
3289 3032 3557 3110 indigere
3581 3051 3807 3095 concu-

2168 3122 2311 3191 bitu,
2350 3150 2375 3178 )>
2406 3134 2526 3185 tum
2563 3124 2636 3183 0b
2671 3122 2814 3184 illud
2854 3122 3078 3196 Basilii,
3114 3123 3283 3179 δεῖται
3314 3130 3414 3190 τῆς
3446 3125 3550 3180 τῶν
3581 3124 3809 3202 ἆῤῥένων

444 3224 573 3284 quae
604 3212 948 3291 concipiunt
1002 3214 1131 3275 sine
1188 3216 1531 3286 concubitu,
1572 3215 1756 3293 potuit
1784 3224 1979 3275 tamen
2007 3215 2141 3274 dec
2166 3214 2488 3293 ἐπιπλοκῆς,
2525 3223 2647 3273 tum
2676 3213 2830 3293 quod
2880 3212 3006 3293 ipsa
3039 3213 3397 3272 constructio
3423 3214 3812 3291 grammatica

442 3294 584 3355 solis
616 3298 945 3360 vulturibus
998 3305 1361 3365 mentionem
1397 3305 1615 3375 facere,
1672 3304 1950 3364 videlicet
1980 3313 2081 3365 aut

445 3381 744 3474 brevitatis
769 3400 1078 3468 causa,aut
1102 3402 1399 3453 oratorum
1429 3412 1616 3467 more,
1653 3395 1753 3474 qui
1784 3412 1880 3456 res
1913 3395 2076 3473 ejus-

447 3473 603 3563 modi
627 3495 741 3535 non
771 3486 881 3538 tam
903 3480 1219 3561 diligenter
1245 3473 1694 3563 narrare,quam
1717 3502 1931 3545 ornare
1950 3494 2079 3544 stu-

442 3561 605 3626 dent.
644 3564 756 3627 Sed
781 3570 935 3647 quod
974 3572 1155 3650 magis
1186 3561 1679 3635 confirmatnihil
1730 3574 1787 3635 in
1832 3576 2080 3653 vulgatis

443 3653 659 3743 corrigi
691 3655 935 3738 debere,
972 3661 1113 3721 illud
1147 3672 1257 3732 est,
1283 3664 1439 3743 quod
1469 3668 1542 3724 ita
1578 3665 1792 3743 legisse
1816 3664 2076 3727 Ambro-

444 3740 594 3801 sium
620 3752 870 3808 constet.
902 3748 1046 3829 Ejus
1071 3752 1193 3814 haec
1224 3740 1363 3814 sunt
1392 3773 1425 3814 e
1456 3754 1555 3815 lib.
1591 3740 1724 3815 v'in
1756 3756 2079 3831 Hexaem.,

444 3848 575 3923 cap.
616 3833 728 3897 2t):
770 3857 797 3893 ‹
846 3839 1015 3901 Nunc
1047 3843 1121 3903 de
1157 3844 1491 3922 integritate
1522 3845 1813 3922 dicamus,
1858 3862 1989 3923 qua:
2022 3845 2080 3903 iu

445 3921 713 3997 pluribus
744 3928 981 4005 quidem
1015 3932 1220 3994 avibus
1253 3921 1329 3993 ita
1390 3952 1520 3995 esse
1566 3921 1970 4007 asseveratur,
2020 3942 2083 3995 ut

444 4020 626 4103 possit
657 4016 829 4077 etiam
863 4025 921 4078 in
954 4022 1287 4084 vulturibus
1339 4023 1732 4103 deprehendi.
1778 4026 2083 4102 Negantur

448 4102 605 4163 enim
632 4105 899 4168 vultures
946 4110 1255 4187 indulgere
1287 4102 1628 4185 concubitu,
1690 4123 1747 4174 et
1788 4113 2081 4191 conjugali

440 4192 695 4268 quodam
750 4215 857 4257 usu
914 4199 1314 4279 nuptialisque
1363 4203 1591 4280 copula;
1622 4212 1783 4263 sorte
1817 4203 2077 4274 misceri,

439 4289 614 4372 atque
646 4282 725 4345 ita
754 4287 882 4347 sine
907 4289 1026 4351 ullo
1050 4292 1445 4351 masculorum
1475 4294 1792 4372 concipere
1823 4292 2073 4365 semine,

444 4378 501 4430 et
529 4371 659 4433 sine
687 4377 1111 4456 conjunctione
1157 4371 1765 4461 generare,natosque
1797 4400 1864 4443 ex
1898 4383 1990 4443 his
2021 4384 2079 4445 in

445 4462 687 4523 multam
711 4475 943 4527 aztatem
969 4469 1335 4548 longzevitate
1362 4471 1782 4551 procedere,ut
1800 4491 1986 4551 usque
2005 4474 2075 4533 ad

443 4561 679 4614 centum
709 4575 897 4617 annos
923 4560 1049 4622 vitae
1079 4579 1287 4622 eorum
1327 4562 1517 4623 series
1552 4560 1931 4640 producatur,
1969 4579 2079 4623 nec

441 4640 612 4703 facile
637 4664 737 4706 eos
763 4651 994 4728 angusti
1028 4651 1134 4711 δινί
1160 4650 1295 4711 finis
1327 4649 1757 4731 excipiat.Quid
1787 4652 1953 4713 aiunt
1977 4651 2076 4730 qui

441 4731 633 4829 Splent
669 4746 868 4799 nostra
900 4740 1152 4802 irridere
1178 4739 1615 4822 mysteria,cum
1647 4740 1896 4802 audiunt
1918 4740 2075 4816 quod

444 4836 601 4909 \flrgo
626 4829 1462 4907 generavit,etimpossibilem
1490 4830 1952 4909 innuptaz,cujus
1976 4849 2079 4908 pu-

438 4907 642 4971 dorem
671 4915 830 4977 nulla
847 4918 951 4977 viri
970 4920 1335 4980 consuetudo
1357 4907 2075 4998 temerasset,existimant

443 5008 670 5074 partum
698 5010 726 5065 ‘?
747 5007 824 5065 lm
837 5008 1122 5085 possibile
1142 5017 1378 5088 putatur
1400 5012 1457 5070 in
1486 5010 1590 5071 Dei
1610 5007 1980 5089 matre,quod
2013 5007 2073 5065 in

442 5089 777 5153 vulturibus
800 5096 1080 5173 possibile
1099 5117 1215 5159 non
1241 5107 1518 5175 negatur?
1536 5098 1673 5162 Avis
1696 5099 1825 5159 sine
1844 5118 2073 5160 mascu-

439 5178 495 5269 lo
529 5182 769 5269 parit.et
799 5184 997 5245 nullus
1031 5186 1250 5248 refellit
1286 5208 1297 5248 :
1326 5200 1383 5250 et
1406 5190 1541 5269 quia
1566 5190 1920 5269 desponsata
1948 5191 2074 5252 viro

438 5267 618 5358 Maria
629 5272 791 5348 virgo
809 5276 1271 5355 peperit,pudori
1287 5280 1413 5356 ejus
1427 5267 1647 5339 faciunt
1662 5267 2073 5358 quastionem.

436 5357 647 5421 Nonne
673 5363 1035 5425 advertimus
1068 5367 1223 5442 quod
1261 5368 1547 5429 Dominus
1581 5388 1646 5428 ex
1685 5357 1827 5447 ipsa
1874 5375 2080 5429 natura

443 5449 699 5528 plurima
728 5455 997 5532 exempla
1026 5463 1169 5517 ante
1205 5457 1515 5535 praemisit,
1549 5456 1767 5534 quibus
1792 5466 2080 5538 suscepta:

521 5612 603 5692 (α)
640 5612 781 5677 Bas.
815 5632 934 5679 rec.
970 5634 1030 5700 p.
1063 5613 1164 5680 18.

2166 3304 2244 3363 ita
2278 3304 2750 3384 postulelBecte
2774 3303 2932 3363 enim
2962 3301 3209 3375 dixeris,
3242 3327 3268 3355 α
3304 3301 3573 3380 indigere
3595 3320 3812 3365 concu-

2167 3393 2289 3453 bitu
2320 3411 2332 3451 :
2360 3393 2669 3472 indulgere
2689 3392 3039 3459 concubitu,
3074 3418 3094 3447 »
3128 3410 3245 3452 non
3268 3391 3580 3464 item,cum
3605 3393 3810 3454 dicere

2165 3483 2415 3556 soleant,
2457 3506 2483 3541 ι
2521 3482 2865 3544 concubitui
2892 3481 3226 3559 indulgere.
3268 3504 3290 3537 ι»

2243 3572 2346 3634 98.
2379 3574 2546 3633 Clara
2567 3581 2702 3633 sunt
2727 3572 2901 3633 verba
2933 3571 3132 3632 Basilii
3165 3579 3222 3631 et
3246 3589 3411 3650 sana,
3439 3590 3570 3651 quae
3602 3572 3811 3651 legun-

2166 3671 2259 3723 tur
2291 3662 2348 3723 in
2370 3663 2636 3723 oratione
2682 3664 2719 3724 8
2741 3668 2807 3721 in
2833 3662 3150 3731 Hexaem.,
3182 3679 3348 3721 num.
3376 3661 3413 3720 8
3448 3681 3463 3720 :
3491 3661 3693 3719 Ὀποϊα
3725 3667 3809 3719 κκὶ

2165 3756 2402 3830 περὶτοῦ
2452 3751 2614 3809 Ἰνδοῦ
2670 3752 2948 3817 σκώληκος
3011 3754 3301 3829 ἱστορεῖται
3333 3759 3424 3807 τοῦ
3451 3755 3804 3830 κερασφόρου,

2165 3842 2223 3907 é;
2288 3845 2358 3903 εἷς
2416 3841 2635 3914 κάμπην
2679 3845 2744 3897 τὰ
2784 3842 2965 3920 πρῶτα
3011 3840 3347 3919 μεταϐαλών,
3403 3848 3519 3902 etc.
3581 3866 3609 3895 ε
3644 3841 3806 3912 Qua-

2167 3933 2243 3993 lia
2291 3934 2463 3995 etiam
2521 3933 2595 3993 de
2653 3931 2852 3992 Indico
2911 3949 3113 3991 verme
3186 3933 3495 4009 cornigero
3552 3949 3807 3993 narran—

2168 4032 2282 4099 tur,
2341 4026 2437 4102 qui
2472 4021 2727 4101 primum
2773 4022 2831 4081 in
2863 4038 3103 4081 erucam
3153 4027 3600 4095 transmutatus,
3635 4046 3657 4075 ιι
3690 4031 3804 4082 etc.

2166 4113 2284 4173 Sed
2318 4113 2413 4173 hic
2445 4112 2612 4173 locus
2661 4112 2910 4171 mirifice
2973 4119 3029 4169 et
3058 4110 3117 4169 in
3153 4110 3459 4171 Eustathio
3485 4119 3807 4191 corruptus

2168 4208 2482 4274 invenitur,
2511 4211 2568 4262 et
2613 4203 2669 4262 in
2704 4200 3019 4263 Ambrosio
3048 4202 3160 4281 (b).
3206 4199 3373 4261 Illius
3404 4200 3583 4262 verba
3610 4211 3750 4263 sunt
3786 4220 3799 4260 :

2171 4316 2194 4351 ‹‹
2222 4292 2376 4365 Quid
2401 4292 2621 4372 dicitis,
2648 4292 2749 4371 qui
2777 4290 2955 4350 Paulo
2978 4290 3242 4369 apostolo
3266 4289 3340 4349 de
3361 4292 3809 4354 resurrectione

2166 4404 2280 4443 non
2318 4383 2726 4455 crcditis,cum
2750 4380 2999 4440 videatis
3024 4389 3183 4440 certa
3208 4380 3282 4440 de
3303 4383 3500 4443 aereis
3523 4380 3805 4443 animan-

2166 4474 2321 4534 tibus
2347 4474 2595 4546 ﬁguram
2614 4469 2911 4551 propriam
2928 4476 3479 4542 commutare,sicut
3500 4470 3807 4533 lndiacum

2102 4534 2142 4584 Β
2164 4561 2556 4641 vermem,qui
2588 4534 2679 4620 e'st
2708 4534 3204 4637 dorniger,primo
3227 4558 3284 4617 in
3314 4576 3545 4619 verucae
3568 4577 3633 4619 se
3664 4578 3809 4637 spe-

2161 4653 2312 4712 ciem
2345 4649 2931 4723 transformantem,»
2969 4655 3081 4708 etc.
3108 4665 3123 4722 ;
3150 4648 3327 4726 hujus
3363 4665 3376 4709 :
3418 4672 3439 4702 ι
3475 4650 3687 4709 Fertur
3712 4650 3808 4715 hic

2160 4741 2435 4816 corniger
2456 4740 2671 4799 vermis
2695 4736 2981 4816 (Indicus)
3007 4737 3274 4797 converti
3297 4736 3555 4817 primum
3584 4742 3641 4797 in
3660 4758 3805 4818 spe-

2161 4831 2312 4891 ciem
2348 4829 2741 4907 caulis,atque
2764 4826 2823 4885 in
2859 4844 2988 4886 eam
3015 4826 3224 4887 mutari
3266 4835 3602 4888 naturam»
3630 4831 3808 4891 Men-

2166 4920 2304 4980 dum
2325 4918 2479 4999 quod
2499 4917 2558 4976 in
2581 4914 3369 4991 interpretationeEustathii
3388 4916 3813 4996 legitur,grave

2167 5008 2407 5087 quidem
2433 5014 2542 5068 est:
2567 5005 2669 5065 sed
2701 5005 2845 5066 illud
2865 5004 3017 5083 quod
3055 5005 3114 5065 in
3137 5005 3455 5067 Ambrosio
3479 5005 3804 5087 invenitur,

2167 5108 2328 5163 certe
2362 5097 2545 5157 multo
2567 5095 2801 5173 gravius
2829 5093 3615 5167 videbitur.Quilibetenim,
3641 5094 3694 5156 si
3724 5096 3802 5157 sit

2168 5191 2223 5249 in
2260 5186 2597 5266 hujusmodi
2616 5185 2795 5244 rebus
2818 5184 2991 5262 paulo
3015 5183 3596 5253 exercitatior,tacile
3625 5195 3801 5263 pote-

2160 5285 2236 5339 rit
2270 5275 2568 5337 Eustathio
2602 5273 2852 5352 mederi,
2880 5274 3200 5334 Ambrosio
3247 5272 3516 5334 fortassis
3545 5291 3663 5333 non
3696 5275 3810 5336 nisi

2162 5367 2533 5429 difficillime.
2568 5363 2636 5425 Et
2661 5381 2800 5423 vero
2831 5363 3064 5423 ctecutit
3093 5362 3195 5442 qui
3249 5381 3365 5423 non
3392 5362 3550 5423 videt
3586 5364 3806 5424 Eusta-

2164 5457 2427 5519 thianum
2477 5461 2734 5515 erratum
2766 5450 3072 5514 Eustathic
3112 5451 3227 5532 ipsi
3260 5452 3646 5514 tribuendum
3686 5472 3810 5514 non

2246 5617 2321 5701 (ὁ)
2353 5614 2635 5679 Ambros.
2668 5615 2736 5676 in
2782 5611 2961 5695 Hoc,
2995 5611 3101 5677 lib.
3140 5628 3197 5678 v.
3231 5630 3364 5694 cap.
3399 5610 3501 5676 ΞΒ.
