4058 6200
1327 323 1401 385 D.
1448 321 1608 386 JUL.
1656 316 2034 385 GARNERII
2077 325 2498 392 PBEFATIO.

3499 339 3643 390 CXCI-

247 454 522 528 esse,sed
541 453 943 536 librariis,qui
974 455 1133 518 aliud
1151 455 1478 536 cogitantes
1506 480 1533 512 α
1559 473 1840 517 verucam
1864 479 1891 510 »
1918 461 1959 513 Α
1979 458 2271 538 scriptura
2293 458 2627 524 habendam
2656 479 2811 541 esse,
2844 478 2981 522 cum
3015 457 3287 521 alterutri
3308 464 3511 538 aperte
3543 458 3637 519 fa-

251 564 350 627 pro
374 569 400 598 ι
434 563 660 606 eruca»
689 545 1235 624 scripsere.Faleor
1256 545 1535 624 equidem
1556 545 1678 625 pari
1702 545 1897 606 facili-

250 649 359 703 tate
380 658 413 701 e
436 658 508 702 re
536 639 955 719 expediturum
980 641 1246 721 sese,qui
1273 640 1587 701 lectionem
1616 638 1901 701 editionis

248 728 532 792 Romana
552 728 1132 791 admiserit.Etenim
1157 749 1290 792 cum
1312 730 1370 790 in
1400 729 1509 790 hac
1531 727 1792 789 editione
1818 729 1902 790 le-

250 830 434 898 gatur:
452 844 479 873 ι
507 819 572 879 in
595 818 856 898 speciem
877 838 1095 898 eruca,
1126 821 1285 899 njam
1315 818 1463 880 nihil
1487 819 1599 881 erit
1618 817 1895 897 amplius,

251 909 400 989 quod
427 908 625 988 possit
647 908 970 989 quidquam
996 908 1294 970 facessere
1310 908 1701 985 negotii,cum
1729 907 1901 968 lectio

248 1000 449 1060 istbac
478 1007 541 1059 et
570 997 659 1059 rei
691 998 920 1076 optime
952 998 1287 1068 conveniat,
1317 1007 1375 1059 et
1406 997 1551 1058 illud
1580 997 1808 1071 Basilii,
1831 1000 1902 1062 εἰς

246 1091 492 1163 κάμπην.
525 1086 823 1166 exprimat
850 1096 1148 1150 accurate.
1172 1086 1289 1152 Sed
1324 1096 1605 1148 constans
1637 1087 1738 1147 ille
1764 1086 1905 1146 alia-

247 1196 378 1238 rum
415 1176 751 1237 editionum
787 1184 846 1236 et
874 1178 1142 1237 omnium
1170 1177 1445 1241 codicum
1480 1195 1656 1237 manu
1689 1193 1901 1237 exara-

248 1277 442 1327 torum
470 1267 534 1327 in
567 1266 801 1344 vulgata
822 1265 1080 1329 lectione
1116 1267 1335 1328 tuenda
1367 1284 1699 1327 consensus
1729 1285 1905 1327 acce-

245 1356 396 1417 dere
426 1374 526 1417 me
562 1356 704 1418 huic
734 1356 1004 1435 opinioni
1032 1376 1151 1417 non
1184 1356 1347 1417 sinit.
1372 1355 1721 1432 Quanquam
1744 1356 1902 1417 enim

249 1447 364 1507 hoc
398 1464 723 1507 commune
742 1445 953 1507 vitium
980 1455 1069 1507 est
1098 1445 1383 1520 librariis,
1413 1464 1616 1506 vocem
1639 1463 1748 1526 pro
1764 1446 1901 1526 alia,

246 1553 383 1596 cum
414 1553 597 1596 voces
620 1536 775 1595 inter
799 1555 863 1597 se
893 1535 1119 1597 similes
1150 1544 1308 1610 sunt,
1343 1554 1647 1615 apponere
1677 1557 1689 1599 :
1725 1535 1780 1596 id
1819 1544 1902 1597 ta-

248 1643 411 1705 men,
438 1624 491 1684 si
524 1625 641 1685 sint
660 1625 827 1686 valde
850 1625 1175 1687 dissimiles
1208 1644 1404 1697 voces,
1430 1625 1628 1687 facere
1659 1643 1778 1686 non
1800 1644 1901 1687 so-

246 1716 394 1777 lent.
431 1712 545 1775 Vix
598 1734 856 1795 unquam
890 1716 1069 1795 igitur
1114 1714 1258 1777 mihi
1293 1715 1657 1795 persuadere
1692 1724 1903 1793 potero

1983 559 2156 608 veant
2179 549 2465 613 lectiones
2480 552 2631 632 alia,
2666 576 2692 607 α
2715 560 2846 630 post
2867 549 3058 626 pridie
3078 572 3104 608 ii
3137 558 3194 610 et
3224 572 3250 604 α
3278 547 3625 629 postridui.»

1984 636 2154 699 Nunc
2179 658 2321 719 ergo
2345 641 2694 711 videndum,
2720 648 2851 701 utra
2868 639 3160 718 scriptura
3193 638 3265 697 sit
3286 646 3345 698 et
3368 635 3563 696 verior
3578 644 3636 696 et

1985 728 2649 793 convenientior.Certe
2666 731 2714 791 si
2738 748 2849 811 qua
2869 736 3166 790 exstarent
3188 724 3634 806 exempla,qui-

1986 812 2097 875 bus
2116 818 2306 881 evinci
2331 828 2530 899 posset
2554 839 2754 881 VOCc‘lll
2789 842 2812 874 (ί
2843 818 3152 899 postridie,
3190 842 3217 871 »
3247 815 3637 896 quemadmo-

1986 903 2125 964 dum
2164 932 2187 960 α
2219 926 2413 984 mane,
2444 934 2470 964 »
2498 910 2815 990 aliquando
2839 908 3095 969 nominis
3115 907 3312 967 locum
3335 904 3633 974 obtinere,

1988 1010 2056 1053 ea
2090 996 2233 1056 mihi
2265 997 2443 1058 lectio
2468 1002 2611 1059 satis
2637 998 3138 1078 probaretur,tum
3169 993 3324 1073 quod
3352 991 3634 1071 impressi

1988 1102 2197 1145 omnes
2229 1086 2363 1147 libri
2395 1095 2455 1149 et
2486 1088 2726 1149 codices
2756 1087 2980 1167 aliquot
3013 1103 3153 1146 mss.
3189 1083 3347 1143 illam
3383 1081 3628 1143 totidem

1987 1172 2222 1253 syllabis
2253 1184 2552 1252 tueantur,
2585 1187 2703 1237 tum
2751 1177 2906 1255 quod
2961 1174 3256 1253 scriptura
3284 1173 3403 1244 illa,
3445 1196 3471 1225 α
3504 1177 3635 1249 post

1988 1261 2202 1342 pridie,
2239 1290 2259 1318 ιι
2291 1265 2431 1325 licet
2460 1265 2607 1326 falsa
2632 1265 3059 1343 mendosaque,
3088 1264 3356 1323 eamdem
3391 1279 3506 1319 non
3536 1276 3633 1336 pa-

1991 1368 2120 1411 rum
2157 1354 2493 1415 confirmet.
2516 1354 2633 1417 Sed
2660 1372 2817 1427 cum,
2842 1354 2954 1414 nisi
2978 1352 3143 1413 valde
3165 1347 3637 1427 fallor,exempla

1990 1440 3160 1525 ejusmodifrustraquarerentur,placet
3185 1441 3363 1518 magis
3386 1437 3633 1517 scriptu-

1990 1548 2053 1590 ra
2077 1530 2254 1605 alia,«
2278 1534 2645 1612 postriduum
2676 1555 2689 1596 :
2724 1560 2743 1589 ι
2774 1552 2906 1613 qua
2930 1544 3317 1613 praterquam
3343 1527 3496 1609 quod
3526 1526 3641 1588 fide

1988 1630 2249 1698 quatuor
2272 1624 2542 1684 codicum
2568 1623 2934 1703 nititur,ipsa
2957 1640 3197 1702 quoque
3218 1617 3489 1679 nonnihil
3518 1635 3637 1676 mo-

1990 1710 2171 1770 menti
2204 1719 2380 1792 atque
2405 1712 2638 1773 roboris
2669 1732 2740 1774 ex
2762 1711 3050 1773 mendoso
3079 1710 3203 1787 illo,
3228 1734 3250 1764 ι
3284 1705 3571 1786 postridui
3599 1728 3626 1760 ο

250 1804 567 1884 scripsisse
599 1805 1008 1880 Ambrosium,
1046 1813 1067 1863 α
1096 1806 1155 1866 in
1179 1806 1442 1885 speciem
1475 1823 1690 1880 eruca,
1723 1829 1746 1863 ι
1770 1824 1902 1867 cum
1930 1826 1967 1875 Β
1989 1799 2263 1878 acquirit.
2298 1801 2511 1864 Latine
2541 1813 2736 1863 autem
2770 1801 2890 1863 dici
2928 1826 2953 1857 σ
2989 1800 3381 1881 postriduum,
3427 1821 3444 1850 ο
3480 1803 3637 1875 patet

251 1894 302 1954 si
333 1894 420 1955 ita
449 1902 630 1974 esset,
658 1913 958 1975 nunquam
985 1894 1250 1957 librariis
1269 1894 1533 1956 venisset
1555 1894 1617 1955 in
1648 1903 1905 1956 mentem

253 2002 458 2044 vocem
499 2007 520 2038 ι
557 1986 743 2046 caulis
780 2010 802 2039 »ι
841 1985 1239 2059 comminisci,
1267 1985 1341 2045 ob
1378 2003 1648 2064 magnam
1680 1984 1911 2047 scilicet

256 2074 469 2135 harum
505 2092 743 2155 vocum,
770 2100 795 2130 α
825 2093 1023 2137 eruca
1051 2101 1076 2130 ι
1106 2084 1163 2137 et
1189 2100 1212 2130 (ι
1242 2073 1451 2146 caulis,
1480 2098 1506 2130 »
1538 2080 1693 2135 inter
1712 2093 1776 2135 se
1800 2074 1890 2135 dis

261 2162 749 2228 similitudinem.
785 2164 867 2226 Ex
908 2184 1025 2245 quo
1084 2164 1228 2225 satis
1271 2161 1625 2242 intelligitur
1653 2163 1911 2226 editores

259 2250 572 2314 Romanos
606 2253 783 2334 hujus
801 2254 1079 2318 lectionis
1108 2261 1382 2315 auctores
1412 2270 1544 2314 esse
1577 2253 1911 2315 etarchite-

254 2353 390 2403 ctos
418 2361 435 2418 ;
462 2342 563 2423 qui
596 2362 727 2404 cum
754 2346 1027 2405 viderent
1059 2344 1352 2423 vulgatam
1386 2342 1906 2423 lectionem,«cau-

256 2433 356 2503 lis,
401 2458 423 2487 ι
465 2433 706 2494 tolerari
740 2452 857 2494 non
894 2451 1086 2514 posse,
1114 2433 1270 2495 hunc
1286 2432 1588 2495 Ambrosii
1617 2432 1811 2494 locum
1838 2452 1909 2495 ex

253 2520 480 2584 Gracis
508 2522 709 2584 Basilii
757 2523 1078 2584 emendare
1130 2542 1247 2583 non
1299 2521 1668 2583 dubitarunt.
1703 2520 1909 2601 Neque

254 2630 395 2672 vero
437 2630 547 2672 nos
601 2611 785 2690 magis
845 2612 1082 2692 adjuvat
1139 2612 1485 2690 conjectura
1538 2610 1776 2689 Latinii,
1808 2611 1908 2691 qui

251 2701 575 2780 legendum
611 2702 966 2782 suspicatur,
995 2723 1021 2761 κ
1051 2701 1114 2763 in
1136 2701 1395 2782 speciem
1421 2719 1669 2779 campa.
1705 2724 1725 2755 ι
1758 2701 1905 2763 Nam

251 2810 430 2853 voces
464 2792 578 2865 ha,
622 2816 643 2847 ε
681 2793 863 2853 caulis
900 2819 925 2848 ι)
964 2802 1023 2853 et
1058 2820 1078 2845 ι
1122 2809 1370 2871 campa,
1407 2814 1428 2847 ι
1462 2791 1647 2867 magis
1673 2809 1910 2871 quoque

252 2880 412 2942 inter
444 2899 515 2942 se
545 2880 862 2956 dissident,
898 2900 1070 2962 quam
1114 2891 1175 2941 ut
1223 2898 1435 2940 omnes
1477 2880 1674 2940 omnis
1722 2880 1909 2941 alatis

255 2971 652 3051 omniumque
683 2972 991 3049 regionum
1027 2970 1254 3032 librarii
1288 2970 1458 3049 quasi
1492 2987 1563 3030 ex
1595 2977 1907 3048 compacto

253 3078 363 3137 pro
400 3085 426 3114 κ
464 3078 696 3139 campa
733 3086 753 3116 ι
803 3060 1155 3140 scripserint
1194 3081 1214 3115 α
1252 3060 1481 3133 caulis;
1517 3086 1540 3114 ι
1595 3058 1775 3138 idque
1837 3079 1905 3121 eo

257 3148 475 3226 magis,
509 3148 666 3229 quod
696 3166 805 3211 vox
856 3175 881 3205 ι
919 3150 1102 3211 caulis
1129 3174 1153 3205 »
1190 3148 1620 3227 ineptissimam
1656 3156 1903 3212 senten-

256 3240 393 3298 tiam
417 3239 842 3302 efﬁceretJam
870 3258 1002 3301 cum
1028 3257 1221 3320 neque
1253 3256 1453 3298 vocem
1481 3259 1508 3295 α
1533 3256 1724 3298 eruca
1752 3264 1777 3292 η
1804 3258 1905 3300 ne-

253 3345 376 3406 que
395 3346 601 3388 vocem
631 3350 657 3384 ι
678 3347 900 3408 campa
927 3354 949 3387 ο
976 3330 1161 3409 recipi
1188 3327 1399 3389 merito
1425 3345 1597 3408 posse
1624 3328 1907 3390 ostende-

253 3417 474 3496 rimus,
509 3418 602 3478 vel
622 3419 786 3479 inviti
811 3420 1101 3479 fateamur
1121 3435 1370 3479 necesse
1395 3425 1486 3477 est
1508 3435 1805 3477 summum
1827 3418 1903 3479 vi-

254 3524 389 3565 rum
414 3506 805 3568 Ambrosium
838 3508 1060 3587 aliquid
1085 3508 1181 3568 hic
1212 3507 1457 3567 humani
1487 3523 1720 3583 passum
1748 3524 1903 3588 esse,

254 3604 313 3655 et
334 3597 471 3655 ideo
495 3611 904 3676 peccasse,aui
931 3599 1086 3677 quod
1104 3616 1168 3659 re
1184 3597 1310 3677 ipsa
1324 3595 1383 3655 in
1400 3595 1596 3675 aliquo
1624 3595 1907 3658 mendoso

254 3684 469 3746 codice
492 3687 786 3766 repererit
818 3692 890 3743 civ
921 3687 1187 3765 κράμϐην,
1223 3712 1247 3741 α
1271 3685 1331 3745 ἱη
1355 3684 1540 3745 caulis
1559 3684 1849 3765 speciem,
1878 3711 1903 3741 ι

253 3792 359 3853 pro
394 3778 469 3839 εἰς
514 3778 761 3850 κάμπην,
798 3800 825 3831 ι
854 3776 911 3836 in
940 3794 1132 3837 eruca
1152 3775 1447 3855 speciem;
1483 3799 1503 3831 ι
1535 3782 1633 3833 aut
1655 3774 1833 3853 quod,
1858 3777 1906 3836 si

253 3864 442 3923 codex
492 3865 713 3926 mendo
771 3864 1035 3946 carebat,
1070 3864 1329 3926 nominis
1360 3862 1759 3925 similitudine
1792 3865 1901 3927 de—

251 3964 484 4031 ceptus,
523 3972 629 4033 pro
687 3957 906 4031 κάμπην
938 3955 1051 4015 sibi
1086 3955 1282 4027 legere
1315 3952 1472 4012 visus
1522 3952 1599 4013 sit
1630 3954 1905 4031 κράμϐης,

332 4044 435 4105 29.
472 4044 722 4115 Quando
754 4053 948 4106 autem
970 4044 1157 4105 semel
1183 4040 1560 4104 Ambrosium
1598 4042 1653 4102 in
1700 4062 1909 4107 manus

1994 1907 2063 1949 ex
2090 1889 2273 1950 Plauti
2302 1892 2392 1951 nis
2427 1891 2541 1952 illis
2573 1892 2629 1951 in
2660 1890 2849 1953 Milite
2876 1910 2889 1953 :
2930 1914 2951 1946 α
2982 1888 3293 1953 Postriduo
3317 1894 3487 1946 natus
3510 1901 3640 1943 sum

1993 1995 2100 2056 ego
2131 1979 2553 2061 mulier,quam
2580 1982 2811 2060 Jupiter
2829 2000 2897 2042 ex
2916 1981 3042 2061 Ope
3065 1986 3234 2039 natus
3259 1985 3369 2037 est.
3395 2000 3421 2030 »
3454 1972 3639 2034 Nemo

1996 2066 2157 2129 enim
2177 2068 2550 2150 ignorat,nisi
2572 2072 2647 2132 sit
2666 2090 2864 2133 rerum
2898 2068 3413 2150 grammaticarum
3437 2062 3635 2125 omni-

1995 2176 2069 2217 no
2103 2158 2291 2233 rudis,
2327 2160 2613 2223 vocabula
2662 2160 2786 2236 illa,
2829 2185 2851 2217 α
2887 2166 3122 2241 sponte,
3157 2158 3330 2229 forte,
3365 2160 3637 2235 repente,

1995 2248 2327 2327 postriduo,
2365 2270 2393 2309 ι
2443 2258 2500 2311 et
2540 2250 2656 2311 alia
2686 2252 2743 2312 id
2778 2270 2989 2331 genus,
3022 2268 3155 2330 qua
3192 2267 3297 2330 pro
3343 2242 3639 2307 adverbiis

1994 2336 2149 2396 sumi
2174 2336 2386 2413 solent,
2416 2341 2655 2419 proprie
2683 2349 2878 2401 tamen
2909 2340 3186 2402 adverbia
3213 2356 3326 2402 non
3349 2353 3502 2413 esse,
3533 2332 3638 2393 sed

1993 2425 2257 2506 nomina,
2292 2446 2546 2506 quorum
2566 2428 2690 2490 fere
2704 2439 2903 2490 sextus
2925 2447 3096 2491 casus
3114 2427 3277 2490 solus
3298 2430 3637 2504 usurpatur.

1991 2513 2195 2595 Itaque
2226 2516 2543 2594 legendum
2606 2536 2737 2579 esse
2787 2518 3135 2580 arbitrorin
3188 2536 3257 2577 eo
3308 2532 3486 2594 quem
3519 2511 3643 2576 dixi

1992 2605 2293 2667 Ambrosii
2322 2606 2475 2682 loco,
2516 2631 2542 2662 (ι
2582 2608 2974 2687 postriduum.
3013 2632 3035 2665 υ
3074 2610 3198 2671 Jam
3232 2603 3394 2685 quod
3426 2602 3640 2663 attinet

1992 2693 2062 2754 ad
2096 2694 2339 2755 alteram
2393 2699 2808 2775 quastiinem,
2847 2697 2989 2774 quid
3037 2695 3275 2756 tandem
3310 2693 3427 2754 sibi
3456 2690 3641 2751 velint

1991 2782 2092 2844 il'a
2116 2784 2442 2847 Ambrosii:
2476 2808 2496 2840 α
2529 2784 2705 2848 Certe
2730 2784 2885 2846 illius
2914 2785 3091 2847 tridui
3117 2794 3382 2846 nostrum
3401 2782 3511 2841 hoc
3538 2798 3639 2859 po-

1991 2872 2286 2934 striduum
2310 2873 2666 2936 laboriosius
2695 2883 2806 2950 est,
2832 2899 2857 2930 »
2883 2875 3070 2936 fateor
3101 2874 3160 2934 id
3186 2872 3334 2933 mihi
3364 2870 3528 2932 dictu
3551 2868 3637 2929 vi-

1990 2958 2118 3020 deri
2155 2960 2535 3035 perdifﬁcile.
2564 2960 2848 3043 Experiar
2872 2972 3090 3024 tamen.
3114 2961 3177 3023 ln
3205 2960 3413 3041 primis
3442 2966 3638 3018 autem

1991 3050 2149 3110 scire
2163 3051 2331 3130 juvat
2349 3054 2453 3112 has
2476 3055 2541 3113 in
2564 3052 2859 3115 Hexaem.
2895 3052 3197 3114 orationes
3226 3050 3297 3113 ab
3320 3045 3637 3113 Ambrosio

1990 3139 2061 3200 ad
2100 3142 2381 3220 populum
2417 3142 2645 3205 ultimis
2677 3161 2779 3205 sex
2804 3143 3284 3221 Quadragesima
3307 3138 3518 3201 diebus
3541 3138 3638 3198 ha-

1995 3227 2144 3291 bitas
2169 3249 2323 3305 esse,
2352 3233 2463 3293 hoc
2491 3241 2599 3306 est,
2633 3234 2762 3311 ipsa
2794 3233 3168 3295 hebdomade
3194 3232 3419 3310 majore
3438 3248 3472 3289 a
3493 3226 3637 3289 feria

1993 3320 2258 3381 secunda
2284 3321 2356 3381 ad
2382 3321 2705 3384 Sabbatum
2730 3342 2937 3403 usque.
2964 3325 3085 3386 Nec
3109 3337 3466 3403 quemquam
3496 3324 3634 3394 puto

1992 3427 2061 3471 ea
2106 3409 2180 3471 de
2233 3428 2300 3471 re
2331 3409 2761 3485 dubitaturum,
2797 3412 2899 3488 qui
2933 3413 3275 3493 praeclaram
3313 3409 3473 3469 illam
3504 3424 3636 3486 qua

1995 3499 2162 3580 operi
2179 3500 2572 3563 Ambrosiano
2592 3502 2911 3582 praﬁgitur
2926 3501 3387 3563 admonitionem
3405 3496 3640 3575 legerib

1993 3589 2053 3650 in
2088 3609 2203 3670 qua
2242 3600 2303 3651 ut
2349 3591 2463 3653 alia
2496 3593 2815 3672 permulta,
2850 3593 2928 3652 ita
2960 3593 3074 3652 hoc
3111 3608 3349 3670 quoque
3382 3587 3554 3649 docte
3585 3602 3642 3654 et

1992 3679 2155 3741 clare
2186 3688 2488 3743 tractatur.
2514 3679 2582 3739 Et
2604 3681 2826 3757 alioqui
2852 3682 2928 3742 de
2952 3681 3062 3741 hac
3082 3678 3369 3759 temporis
3394 3685 3529 3736 nota
3553 3692 3641 3735 sa-

1994 3769 2066 3830 tis
2091 3770 2367 3831 convenit
2389 3770 2547 3831 inter
2572 3771 2837 3831 eruditos
2866 3768 3054 3833 Velini
3078 3770 3324 3849 insuper
3346 3766 3640 3828 memine-

1997 3860 2185 3920 rimus
2208 3860 2426 3921 dixisse
2454 3859 2719 3922 Plautum
2752 3883 2773 3917 α
2802 3859 3130 3939 postriduo,
3163 3884 3185 3917 Il
3218 3877 3323 3939 pro
3353 3879 3379 3915 α
3406 3864 3642 3938 postero

1999 3949 2094 4010 die
2127 3968 2141 4023 ;
2177 3971 2202 4009 δ
2241 3949 2315 4011 ob
2348 3950 2525 4030 idque
2556 3949 2700 4010 nihil
2731 3950 2964 4022 obesse,
3001 3951 3145 4026 quin
3204 3948 3413 4010 eodem
3465 3962 3645 4006 sensu

1996 4055 2145 4099 Voce
2186 4066 2208 4095 α
2243 4041 2609 4119 postriduum
2644 4065 2663 4096 ι
2694 4056 2842 4101 usus
2859 4039 2934 4100 sit
2962 4038 3339 4101 Ambrosius.
3372 4036 3523 4098 Hinc
3540 4051 3645 4093 au-

250 4132 645 4213 sumpsimus,
681 4152 797 4194 non
832 4145 946 4201 tam
979 4135 1096 4196 cito
1123 4135 1194 4194 ab
1250 4155 1321 4197 eo
1375 4133 1700 4195 avellamur
1800 4127 1906 4188 sed
1999 4136 2118 4188 tem
2152 4130 2437 4209 colligere
2466 4130 2604 4191 licet
2654 4130 2779 4190 hac
2836 4128 3132 4192 Ambrosii
3168 4127 3370 4200 verba,
3402 4150 3424 4181 α
3484 4132 3645 4213 certe

254 4212 658 4303 proponamus
684 4223 875 4284 locum
903 4224 1217 4304 quemdam
1246 4244 1277 4286 e
1304 4225 1452 4287 libro
1472 4219 1753 4303 quintoin
1784 4217 1906 4278 Ησ-
1999 4216 2167 4276 illius
2203 4219 2383 4281 tridui
2410 4227 2676 4281 nostrum
2731 4220 2839 4280 hor.
2893 4232 3042 4298 post:
3064 4218 3264 4278 iduum
3298 4212 3652 4304 laboriosius

250 4300 1548 4390 .taém.,cap.95,difiicilemadmodum.etita
1564 4308 1907 4377 obscurum,
1999 4315 2111 4378 est,
2142 4328 2170 4366 »
2222 4308 2428 4371 reduci
2464 4326 2637 4389 posse
2663 4308 2733 4369 ad
2770 4309 2923 4369 hanc
2950 4307 3218 4377 formam,
3247 4330 3268 4360 α
3300 4311 3459 4365 certe
3485 4300 3647 4362 illius

253 4400 547 4479 utCEdipo
566 4401 763 4481 aliquo
779 4402 849 4463 ad
874 4417 1131 4465 mentem
1152 4402 1453 4464 Ambrosii
1476 4397 1907 4477 assequendam
1998 4396 2185 4457 tridui
2220 4407 2420 4459 noster
2452 4398 2549 4459 hic
2585 4407 2854 4477 posterus
2885 4397 3014 4457 dies
3073 4393 3427 4456 laboriosior
3472 4400 3584 4452 est.
3616 4414 3640 4444 υ

254 4510 409 4571 opus
454 4509 590 4552 esse
618 4490 907 4554 videatur.
942 4492 1241 4553 Ambrosii
1299 4494 1486 4571 igitur
1549 4491 1677 4553 hac
1728 4497 1868 4549 sunt
1894 4512 1906 4553 :
1931 4517 1978 4568 ι)
2006 4483 2133 4547 Hoc
2158 4486 2334 4565 igitur
2354 4487 2512 4548 dicet
2534 4488 2742 4549 doctor
2764 4486 3075 4565 egregius:
3107 4488 3233 4545 Jam
3266 4481 3646 4571 pervenimus

260 4569 497 4643 {Certe
520 4578 682 4641 illius
706 4580 889 4642 tridui
914 4591 1180 4642 nostrum
1212 4569 1637 4661 hoc'postridie
1660 4578 1911 4646 laborio-
1998 4576 2071 4636 ad
2102 4574 3235 4655 tresultimosQuadragesimadies,qui
3262 4569 3509 4651 reliquis
3525 4571 3643 4631 hu-

254 4670 382 4731 .sius
416 4679 527 4732 est.
568 4692 598 4726 ι
630 4672 758 4733 lam
794 4670 908 4731 duo
941 4671 1123 4751 quari
1156 4682 1429 4752 possunt,
1467 4673 1764 4752 quomodo
1795 4669 1911 4749 legi
1991 4663 2095 4743 jus
2119 4665 2505 4745 sacrijejunii
2528 4665 2741 4727 diebus
2772 4663 3531 4725 laboriosioresmultosunt
3553 4666 3643 4720 at-

255 4767 625 4839 oporteat,et
646 4759 780 4840 quis
801 4761 1009 4821 horum
1033 4760 1346 4822 verborum
1366 4780 1580 4823 sensus
1604 4764 1699 4826 sit.
1737 4761 1913 4834 Qua-
2006 4775 2123 4836 que
2143 4757 2745 4821 difﬁciliores.’l‘ridui
2764 4758 2926 4817 illius
2945 4757 3099 4816 diem
3116 4752 3646 4834 primamcelebra-

255 4848 369 4908 stio
405 4847 600 4926 prima
623 4849 845 4928 pendet
876 4849 1122 4910 multum
1147 4868 1213 4910 ex
1238 4850 1609 4912 variantibus
1636 4851 1915 4914 lectioni-
2008 4845 2218 4906 bamus
2237 4845 3139 4909 heri.Celebramushodiediem
3155 4842 3643 4917 secundam,cras

259 4938 387 5014 bus,
416 4956 565 5018 quas
600 4937 850 5017 proinde
880 4939 1101 5000 referre
1124 4956 1320 5017 opera
1342 4940 1603 5019 pretium
1634 4938 1917 5003 εει.ῡίΐῦ-

256 5028 445 5087 cultas
473 5029 588 5087 sita
615 5036 705 5088 est
722 5035 843 5087 tota
866 5026 923 5087 in
956 5046 1094 5089 voce
1132 5050 1154 5083 α
1187 5027 1500 5107 postridie,
1530 5055 1551 5085 η
1589 5048 1724 5105 qua
1744 5028 1919 5090 aliter

256 5115 311 5176 in
329 5115 465 5177 aliis
487 5115 804 5178 codicibus
827 5115 1296 5195 legitur.Vocem
1330 5142 1351 5173 α
1382 5117 1723 5196 postridie»
1748 5116 1917 5178 exhi-

257 5208 399 5266 bent
429 5224 645 5266 omues
693 5205 829 5266 libri
861 5206 1003 5265 editi
1050 5225 1183 5266 cum
1219 5206 1447 5286 aliquot
1479 5206 1811 5269 codicibus.
1845 5206 1918 5267 At

258 5291 877 5375 Carn.,Corb.,Th.ac
904 5294 1284 5374 Reg.babent
1308 5322 1329 5349 «ι
1357 5304 1487 5376 post
1508 5297 1761 5376 pridie.»
1792 5298 1911 5373 Big.

259 5392 315 5443 et
336 5385 514 5448 Gem.
554 5409 579 5439 ei
612 5384 965 5465 postridui,»
993 5384 1403 5465 Germ.,Colb.
1433 5404 1565 5446 cum
1592 5384 1749 5448 Vict.
1772 5384 1919 5446 duo-

263 5471 369 5533 bus
408 5493 435 5532 α
471 5472 886 5554 postriduum.
920 5496 945 5529 ι
978 5475 1061 5537 Ex
1096 5473 1316 5554 quibus
1375 5474 1528 5537 efﬁci
1562 5474 1821 5554 videtur,
1868 5472 1918 5535 si

262 5572 527 5623 veterum
564 5561 857 5623 librorum
892 5562 1183 5625 habeatur
1231 5563 1409 5635 ratio.
1436 5581 1643 5626 vocum
1679 5564 1914 5636 harum,

268 5670 299 5709 ι
331 5652 624 5729 postridie
668 5676 688 5706 ι
725 5658 785 5710 et
819 5652 1254 5734 spostriduum,
1286 5678 1314 5709 ι
1344 5653 1590 5715 alteram
1642 5670 1746 5733 pro
1782 5667 1919 5713 vera

2008 4934 2367 4996 celebraturi
2401 4935 2659 5013 tertiam,
2691 4937 2800 4997 hoc
2823 4947 2937 5009 est,
2964 4934 3122 4995 diem
3155 4933 3397 4994 Sabbati
3432 4932 3637 4993 sanctl.

2012 5026 2230 5085 Totuni
2258 5024 2400 5086 illud
2422 5025 2683 5086 triduum
2708 5024 3003 5086 laboriose
3028 5023 3265 5103 quidem
3298 5021 3640 5083 traducitur:

2004 5112 2108 5173 sed
2143 5121 2341 5175 tamen
2377 5114 2534 5174 illius
2558 5124 2828 5194 posterus
2855 5113 2982 5175 dies
3015 5112 3199 5175 labori
3236 5110 3444 5190 majori
3465 5109 3647 5171 obno-

2005 5201 2137 5262 xius
2171 5211 2278 5263 est.
2317 5204 2390 5265 Et
2423 5221 2559 5264 vero
2594 5204 2829 5266 tametsi
2873 5215 3099 5264 constat
3134 5200 3455 5264 Sabbatum
3509 5218 3651 5259 san-

2004 5300 2160 5350 ctum
2198 5291 2421 5370 ubique
2469 5300 2762 5353 terrarum
2811 5290 2966 5371 apud
3013 5291 3379 5354 Christianos
3408 5307 3540 5350 cum
3576 5286 3650 5348 ob

2002 5388 2219 5443 catera
2239 5380 2422 5457 hujus
2443 5381 2563 5441 diei
2587 5380 2935 5452 officia,tuin
2963 5382 3218 5443 maxime
3237 5380 3310 5440 ob
3336 5379 3651 5458 baptisma-

2006 5469 2076 5530 tis
2108 5469 2498 5531 caremonias
2531 5469 2889 5531 laboriosum
2918 5471 3101 5531 fuisse
3129 5489 3144 5530 :
3184 5469 3415 5530 videtur
3449 5478 3649 5528 tamen

2003 5558 2205 5621 nescio
2228 5560 2532 5636 quomodo
2557 5559 2740 5621 fuisse
2763 5558 3121 5623 laboriosius
3152 5554 3494 5622 Mediolani.
3524 5556 3647 5616 Re-

2003 5653 2113 5714 fert
2145 5652 2304 5714 enim
2338 5650 2640 5730 Paulinus,
2679 5653 2839 5733 quod
2882 5669 3129 5731 magnus
3162 5649 3267 5711 ille
3296 5646 3649 5717 Ambrosius
