4100 6202
1401 314 1470 384 D.
1516 316 1677 387 IUL.
1722 314 2101 387 GARNERII
2146 318 2567 388 PREFATIO.

309 462 455 528 sitet
478 471 712 544 gratum
733 483 847 543 cog
861 462 1287 541 noscere,quid
1309 460 1463 524 alius
1482 461 1734 541 scriptor
1760 459 1833 523 ah
1854 459 1967 521 alio
1986 463 2030 514 A
2051 456 2227 518 veluti
2259 456 2318 518 in
2351 460 2657 522 communi
2689 462 3059 524 animamum
3082 464 3473 528 curandamm
3498 469 3562 528 of
3564 468 3687 531 ﬁci-

308 554 909 634 sumpserit,quoque
935 553 1109 614 modo
1136 552 1285 614 alius
1313 552 1493 612 alium
1529 572 1627 611 aut
1661 552 1960 629 interpre-
2050 559 2782 632 na,nosomnesquotquot
2805 570 3011 613 sumus
3032 552 3390 618 hominesad
3419 566 3682 620 nostrum

308 652 774 723 latus,autcerte
797 642 1059 704 imitatus
1090 641 1395 711 sit,omnia
1420 659 1551 721 quae
1574 646 1966 701 occurrerunt
2051 635 2324 723 morbum
2358 638 2685 699 sanandum
2710 640 2997 703 medelam
3032 642 3285 715 seligere
3316 648 3681 723 possimus...

306 721 613 796 Ambrosii
654 733 787 793 loca
813 733 923 792 hoc
955 731 1254 791 ascribere
1287 749 1400 790 non
1424 728 1662 809 pigebit.
1702 727 1869 801 Quod
1903 741 1967 794 ut
2046 721 2218 785 Aliud
2245 724 2422 803 igitur
2445 727 2743 807 prophetae
2772 729 3175 810 doceat,aliud
3210 721 3498 809 historici,
3525 737 3681 797 aliud

304 822 489 902 magis
536 822 925 897 intelligatur,
964 819 1268 880 Ambrosii
1302 819 1557 899 primum
1593 822 1706 898 (α),
1740 816 1961 879 deinde
2050 813 2328 883 lex,aliud
2362 816 2594 895 species
2621 818 2750 895 ejus
2780 838 2909 899 qua;
2937 820 2995 881 in
3021 822 3361 884 Proverbiis
3390 825 3684 887 invenitur

303 912 513 975 Basilii
549 911 734 972 verba
766 909 1139 989 subjiciam.r
1154 910 1383 972 Etenim
1419 908 1556 971 licet
1587 908 1780 967 omnis
1797 906 1959 968 Scri-
2049 903 2575 966 exhortationis.At
2599 906 2885 988 quidquid
2918 910 2978 969 in
3011 910 3242 972 caeteris
3272 912 3412 973 utile
3443 922 3551 989 est,
3588 916 3684 977 hic

298 1010 433 1061 tura
466 1002 666 1061 divina
700 998 807 1062 Dei
835 999 1081 1077 gratiam
1116 997 1598 1078 spiret,etc....ln
1624 997 1756 1057 aliis
1786 996 1965 1074 igitur
2046 1010 2196 1052 unus
2227 992 2761 1058 Psalmorumtiber
2778 1000 3267 1077 complectitur...
3306 1004 3680 1067 Psalmorutu

304 1090 548 1167 singula
579 1088 898 1150 advertere
929 1085 1353 1149 licet.Historia
1373 1084 1733 1157 instruitJex
1763 1086 1929 1146 docet

2045 1083 2279 1143 oracula
2309 1092 2367 1143 et
2391 1084 2549 1144 domi
2578 1086 2975 1160 modulantur,
3010 1096 3069 1151 et
3102 1090 3157 1150 in
3192 1091 3380 1153 forum
3415 1095 3679 1157 circum-

300 1179 627 1261 prophetia
659 1177 989 1249 annuntiat,
1036 1176 1329 1256 correptio
1361 1178 1621 1253 castigat,
1660 1174 1961 1236 moralitas
2042 1168 2310 1262 ferunt...
2352 1174 2624 1235 Psalmus
2653 1177 2952 1238 consociat
2983 1179 3365 1262 dissidentes,
3401 1184 3680 1245 interini—

294 1270 519 1330 suadet
545 1289 560 1327 :
588 1269 644 1327 io
672 1267 824 1327 libro
852 1265 1214 1327 Psalmorum
1237 1266 1421 1346 profer
1444 1277 1533 1325 tus
1556 1272 1645 1325 est
1666 1265 1953 1338 omnium,
2042 1261 2227 1322 micos
2257 1263 2499 1339 gratiam
2534 1267 2859 1337 componit.
2892 1266 3034 1339 Quis
3083 1273 3238 1331 enim
3293 1274 3485 1335 adhuc
3514 1292 3675 1346 eum,

303 1367 365 1419 et
398 1357 703 1419 medicina
749 1354 1015 1435 quaedam
1052 1356 1256 1416 salutis
1286 1355 1579 1415 humanae.
1603 1353 1957 1433 Quicunque
2040 1369 2291 1431 quocum
2325 1372 2500 1413 uuam
2529 1355 2601 1415 ad
2634 1358 2819 1418 Deum
2853 1377 3052 1420 vocem
3079 1361 3680 1437 eztrisitJocoinimici

294 1447 538 1526 legerit,
572 1444 751 1507 habet
778 1463 895 1526 quo
928 1445 1182 1524 propriae
1210 1444 1456 1536 vulnera
1488 1443 1785 1521 passionis
1813 1461 1954 1523 spe-
2039 1440 2259 1536 habere
2286 1441 2846 1536 possit?...Psalmus
2865 1446 3286 1529 incipientibus
3311 1453 3537 1514 initium
3565 1464 3673 1536 est,

301 1538 439 1599 ciali
469 1536 659 1616 possit
680 1552 889 1595 curare
920 1533 1565 1612 remedio.Quicunque
1586 1549 1835 1593 cernere
1858 1550 1953 1593 vo-
2038 1528 2473 1592 incrementum
2501 1535 2970 1618 proﬁcientibus,
3020 1540 3299 1619 perfectis
3330 1528 3675 1606 ﬁrmamen;

292 1626 504 1695 luerit,
542 1636 815 1704 tanquam
842 1624 899 1683 in
924 1622 1225 1683 communi
1250 1622 1580 1683 animarum
1619 1622 1948 1702 gymnasio,
2038 1630 2187 1683 tum.
2228 1622 2548 1684 ..Psalmus
2577 1626 2920 1702 angelorum
2944 1647 3090 1707 opus
3107 1639 3215 1705 est,
3251 1631 3504 1694 caelestis
3526 1653 3676 1695 con-

292 1724 357 1775 et
378 1714 638 1795 quodam
663 1712 856 1774 stadio
882 1711 1159 1772 virtutum
1182 1711 1418 1773 diversa
1444 1729 1662 1790 genera
1680 1712 1953 1773 certami-
2034 1710 2310 1801 versatio,
2361 1712 2666 1791 spirituale
2697 1716 3015 1795 thymiana.
3048 1716 3095 1781 Ο
3138 1722 3374 1801 sapiens
3409 1724 3675 1800 magistri

295 1824 441 1866 num
480 1806 793 1882 reperiens
825 1801 1236 1882 prmparata,id
1268 1801 1383 1862 sibi
1415 1801 1611 1879 eligat,
1638 1801 1732 1862 cui
1766 1820 1829 1862 se
1851 1802 1949 1863 in-
1970 1837 2012 1887 Β
2036 1798 2475 1881 inventum,qui
2508 1811 2694 1865 artem
2727 1824 2843 1884 qua
2863 1806 3038 1867 simul
3061 1798 3431 1882 caneremus,
3467 1798 3524 1874 et
3558 1813 3676 1874 uti-

298 1894 522 1974 telligit
550 1890 1123 1973 aptiorem....Domi
1151 1890 1944 1967 Psalmuscanitur,forisre-
2036 1888 2114 1980 tio
2139 1890 2529 1970 disceremus,
2570 1895 2951 1972 excogitavit!
2989 1898 3148 1958 unde
3180 1909 3234 1960 et
3280 1904 3463 1980 magis
3518 1921 3673 1979 quo-

290 1992 599 2045 cecsetur.
633 1981 898 2043 Psalmus
952 1981 1312 2042 dissidentes
1344 1981 1600 2061 copulat.
1642 1981 1950 2042 discordes
2032 1978 2347 2040 datnmodo
2373 1982 2590 2044 animis
2622 1995 2911 2064 prrecepta
2946 1978 3397 2068 imprimuntur:
3446 1978 3551 2053 vni
3585 2002 3677 2053 et-

290 2072 774 2151 sociat,oii'eusos
805 2068 1324 2142 reconciliat.Quis
1357 2071 1516 2131 enim
1552 2090 1672 2131 non
1705 2070 1949 2131 remittit
2031 2069 2188 2128 enim
2220 2070 2435 2132 durare
2455 2072 2607 2133 solet
2628 2073 2785 2151 quod
2817 2074 3033 2136 invitus
3050 2078 3352 2143 didiceris:
3383 2081 3541 2159 quod
3563 2101 3674 2142 au—

290 2164 517 2232 ei,cum
548 2180 666 2238 quo
700 2177 876 2220 uuam
903 2161 973 2220 ad
1008 2159 1192 2221 Deum
1228 2178 1435 2221 vocem
1462 2159 1946 2249 einiserit,?Psal-
2032 2166 2147 2249 tem
2175 2160 2439 2239 jucunde
2464 2162 2843 2242 suaviterque
2865 2174 3171 2245 acceptum
3204 2172 3671 2249 est,tenaciusin

288 2270 533 2313 mus....
568 2249 856 2310 institutio
892 2249 1329 2328 incipientium,
1365 2247 1761 2340 profecturum
1795 2268 1943 2311 cou-
2029 2247 2246 2340 animis
2284 2250 2503 2340 nostris
2534 2251 2831 2315 insidet...
2867 2256 3220 2318 Psalterium
3273 2247 3411 2320 vero
3444 2278 3478 2321 a
3509 2269 3673 2340 parte

289 2341 573 2411 ﬁr.natio,
610 2338 953 2418 angelorum
992 2338 1622 2410 ministerium,mi|i’.ia
1658 2338 1943 2422 caelestis,
2029 2338 2326 2418 soperiori
2350 2340 2515 2401 ducit
2547 2340 2853 2403 concinnae
2885 2362 3007 2405 suae
3034 2347 3452 2410 modulationis
3484 2338 3669 2429 origi-

288 2429 489 2491 hostia
524 2428 910 2507 spiritalis...
942 2427 1133 2490 Certat
1166 2430 1221 2488 in
1252 2427 1481 2489 Psalmo
1511 2427 1776 2489 doctrina
1808 2448 1929 2491 cun

2028 2446 2268 2491 uem....
2298 2430 2584 2490 Caeterum
2617 2430 2853 2492 initium
2880 2434 3249 2497 Psalmorum
3283 2427 3607 2503 videamus.
3635 2462 3663 2499 ›

285 2520 438 2581 ralia
466 2518 667 2578 simul.
702 2520 983 2577 (laniatur
1006 2517 1076 2577 ad
1125 2517 1608 2591 delectationem,
1660 2518 1929 2596 disciturg

2030 2516 2183 2587 Quin
2206 2517 2636 2596 etAugustinus
2657 2519 2878 2600 ipse,ut
2904 2534 3103 2584 monet
3126 2527 3466 2599 Duczeusjn
3491 2548 3666 2592 enar-

287 2609 368 2670 ad
397 2604 976 2668 eruditionem.Nam
998 2605 1343 2667 violentiora
1364 2618 1655 2687 prazcepta
1674 2626 1789 2669 non
1816 2626 1929 2689 pert

2029 2607 2259 2668 ratione
2292 2611 2356 2667 in
2382 2608 2538 2687 psal.
2567 2626 2675 2685 ιη,
2705 2627 2836 2669 cum
2864 2610 2987 2673 haec
3014 2613 3191 2675 verba
3214 2618 3563 2698 prophetica
3583 2620 3671 2681 in-

286 2704 557 2758 manent:
594 2697 749 2776 quod
786 2706 984 2758 autem
1008 2714 1143 2757 cum
1176 2696 1458 2757 suavitate
1494 2699 1858 2776 perceperis,
1890 2698 1945 2760 id
2029 2703 2404 2775 terpretatur:
2431 2698 2726 2777 Exsurge,
2758 2700 3109 2777 psalterium
3139 2713 3197 2764 et
3228 2696 3669 2779 cit/tara7,non-

284 2788 557 2847 infusum
594 2785 777 2846 semel
812 2785 1153 2866 prmcordiis
1186 2805 1302 2846 non
1334 2788 1637 2846 consuevit
1685 2787 1942 2850 elabi....
2029 2786 2313 2877 nonnulla
2344 2806 2376 2848 e
2408 2786 2625 2849 Grtecis
2669 2789 2862 2847 Basilii
2899 2796 3154 2853 mutatus
3197 2805 3309 2854 est.
3346 2799 3668 2877 Utriusque

280 2878 793 2939 Aiunt....causas
818 2893 1057 2955 quoque
1082 2875 1550 2936 modulaminum
1584 2884 1640 2936 et
1669 2877 1940 2956 quaedam
2022 2876 2203 2937 verba
2223 2885 2421 2938 nostro
2449 2896 2613 2939 more
2632 2877 3245 2960 referemusquorum
3265 2903 3330 2945 ex
3346 2875 3665 2949 collatione

278 2968 545 3029 claustra
576 2966 986 3044 rhythmorum
1016 2968 1070 3024 in
1101 2966 1411 3044 superiore
1435 2975 1601 3044 parte
1628 2984 1757 3027 e=se
1780 2966 1938 3027 Psal-
2021 2985 2381 3045 cognoscere
2414 2966 3036 3046 licebit.Augustinuin
3069 2973 3447 3052 interpretem
3483 2976 3666 3037 fuisse.

283 3057 527 3119 terii....
559 3052 677 3117 Sed
704 3055 829 3146 jam
860 3052 1084 3115 Psalmi
1133 3057 1298 3114 istius
1343 3054 1453 3146 qui
1470 3054 1810 3135 propositus
1848 3065 1938 3117 est
2023 3055 2209 3146 magis
2239 3074 2413 3137 quam
2439 3055 2796 3146 imitatorem
2833 3057 3054 3121 Basilii.
3091 3060 3456 3138 Augustinus
3487 3064 3666 3146 igitur

282 3146 486 3220 nobis,
546 3142 956 3219 ingrediantur
1006 3143 1271 3205 exordia.
1314 3168 1341 3198 ω
1409 3144 1494 3221 (b)
1552 3151 1698 3200 Πᾶσα
1756 3146 1995 3250 Γραφὴο
2018 3145 2104 3206 sic.
2137 3146 2437 3226 loquitur:
2473 3166 2500 3203 ι
2525 3144 2876 3207 Psalterium
2912 3154 3001 3208 est
3023 3164 3328 3227 organum,
3354 3142 3665 3234 quodqui.

279 3238 632 3293 θεόπιεοστος
691 3236 780 3290 καὶ
848 3232 1117 3311 ὼνρὲλιμος
1195 3232 1279 3288 διὰ
1359 3241 1513 3289 τοῦτο
1572 3248 1929 3314 συγγραφεῖς-α

2023 3232 2156 3295 dem
2194 3235 2463 3296 manibus
2496 3235 2681 3296 fertur
2707 3235 3120 3318 percutientis,
3162 3246 3218 3300 et
3249 3240 3500 3303 chordas
3531 3232 3660 3305 dis-

281 3328 427 3403 παρᾶ
485 3334 574 3381 τοὺ
620 3324 950 3397 Πιεύματος,
986 3322 1085 3395 ἵν’,
1134 3323 1313 3401 ὥσπερ
1372 3323 1427 3378 ἔν
1482 3331 1646 3397 κοινῴ
1688 3332 1793 3379 τῶν
1826 3329 1929 3399 ψυ-

2021 3333 2214 3385 tentas
2258 3328 2452 3405 habet;
2491 3324 2597 3385 sed
2655 3325 2820 3387 illum
2865 3325 2999 3387 loco
3052 3329 3208 3388 unde
3258 3348 3468 3391 sonum
3500 3334 3663 3397 acci-

3504 341 3689 393 CXCIII

280 3422 404 3495 χῶν
461 3416 695 3493 ἰατρείῳ⁷
746 3413 938 3475 πάντες
999 3410 1244 3490 ἄνθροποι
1303 3414 1362 3468 τὸ
1421 3412 1559 3487 ἴαμα
1590 3420 1680 3469 τοῦ
1744 3415 1935 3469 οἱκείου

282 3506 485 3567 πάθους
554 3503 777 3563 ἕκαστος
840 3500 1255 3578 ἐκλεγώμεθα...
1290 3501 1478 3557 ’Ἂλλα
1523 3502 1621 3577 μὲν
1680 3504 1767 3558 οὖν
1811 3524 1935 3580 προ-

282 3599 449 3671 φῆται
512 3590 835 3663 παιδεύουσι,
898 3593 984 3645 καὶ
1038 3589 1173 3646 ἄλλα
1228 3592 1501 3669 ἱστορικοὶ,
1565 3592 1648 3647 καὶ
1693 3593 1720 3646 ὁ
1770 3591 1930 3665 νόμος

282 3682 462 3758 ἔτερα,
510 3684 598 3736 καὶ
642 3679 778 3735 ἄλλα
835 3679 895 3735 τὸ
954 3676 1091 3743 εἶδος
1144 3684 1243 3745 τῆς
1286 3680 1648 3759 παροιμιακῆς
1681 3680 1932 3758 παραινέ-

281 3793 442 3833 σεως.
478 3771 541 3827 Ἦ
575 3768 629 3825 δὲ
671 3771 777 3824 τῶν
808 3767 1051 3838 Ψαλμῶν
1099 3766 1277 3831 ϐίϐλος
1334 3773 1395 3826 τὸ
1452 3768 1513 3826 ἔκ
1540 3772 1753 3826 πάντων
1785 3770 1928 3850 ὠφέ-

283 3863 443 3935 λιμον
474 3854 914 3939 περιείληφεν...
951 3861 1025 3916 Τὰ
1062 3865 1167 3915 τῶν
1218 3857 1459 3934 Ψαλμῶν
1498 3860 1657 3937 λόγια
1696 3862 1780 3915 καὶ
1810 3857 1928 3916 κατ’

284 3952 440 4007 οἶκον
482 3949 802 4028 μελῳδοῦσι,
859 3949 947 4004 καὶ
1003 3948 1087 4004 ἐπὶ
1146 3953 1242 4015 τῆς
1276 3948 1470 4026 ἀγορᾶς
1518 3949 1927 4030 περιφέρουσι...

284 4041 599 4115 Ψαλμὸς...
648 4037 835 4099 ἓνωσις
884 4036 1207 4115 διεστώτων,
1264 4036 1650 4116 ὲχθραινόντων
1704 4037 1928 4093 διαλλα-

280 4130 619 4203 κττςριον,·ι“ίς
653 4130 750 4205 γὰρ
791 4126 869 4183 ’ἑτι
899 4126 1088 4206 ἕχθρον
1140 4129 1387 4205 ἡγεῖσθαι
1454 4125 1818 4205 δύυαται,μεθ’
1871 4128 1930 4185 οὗ

278 4221 401 4294 μίαν
448 4220 622 4299 ἆρῆιε
674 4220 801 4296 πρὸς
852 4221 981 4272 Θεὸν
1034 4219 1131 4284 τὴν
1164 4220 1505 4297 φωνήν;.,.,,
1549 4218 1926 4296 Εἱσαγομένοις

279 4310 642 4389 στοιχείωσιῆ
703 4306 1110 4382 προκοπτόντων
1190 4306 1403 4373 αὔξησις
1440 4356 1458 4383 ,
1543 4308 1925 4384 τελειουμὲνων

276 4398 680 4477 στήριγμαη...
742 4395 968 4470 maps;
999 4397 1060 4452 τὸ
1099 4402 1206 4451 τῶν
1255 4396 1499 4474 ἀγγέλων
1528 4395 1705 4477 ἔργον,
1739 4399 1800 4453 τὸ
1830 4401 1925 4456 οὒ-

2018 3415 2187 3492 piunt
2213 3412 2625 3485 chordaejllud
2656 3432 2977 3475 concavum
3013 3415 3235 3493 lignum
3262 3420 3416 3498 quod
3444 3423 3662 3499 pendet

2019 3511 2073 3562 ei
2095 3511 2309 3564 tactum
2343 3510 2602 3577 resonat,
2637 3504 2767 3583 quia
2793 3505 3054 3585 concipit
3082 3510 3659 3588 aerem,psalterium

2016 3590 2077 3652 in
2135 3593 2444 3673 superiore
2503 3600 2667 3670 parte
2716 3592 2919 3660 habet.
2992 3594 3227 3659 Cithara
3296 3608 3493 3660 autem
3550 3602 3660 3662 hoc

2016 3700 2206 3760 genus
2234 3682 2374 3761 tigni
2393 3700 2715 3742 concavum
2742 3689 2798 3741 et
2824 3701 3112 3746 resonans
3136 3685 3195 3746 in
3229 3686 3511 3751 inferiore
3538 3708 3664 3770 par-

2019 3780 2075 3832 te
2106 3771 2303 3833 habet.
2336 3770 2534 3849 itaque
2566 3770 2624 3831 in
2655 3772 2937 3851 psalterio
2961 3774 3201 3836 chordas
3232 3794 3444 3840 sonum
3478 3780 3660 3841 desu-

2018 3879 2123 3942 per
2153 3858 2543 3942 accipiunttiu
2596 3860 2815 3921 cithara
2844 3871 3035 3922 autem
3074 3865 3311 3927 chordae
3344 3885 3551 3929 sonum
3586 3889 3659 3933 ex

2016 3949 2301 4013 inferiore
2321 3957 2483 4028 parte
2503 3949 2727 4029 accipio
2743 3951 3073 4013 nt.nBasilii
3097 3962 3295 4015 autem
3326 3957 3505 4018 verba
3534 3962 3655 4021 haec

2014 4049 2154 4100 sunt
2184 4057 2216 4099 e
2252 4038 2545 4119 prommia
2578 4048 2640 4102 tit
2664 4039 2841 4101 υεαὲλ
2871 4057 2885 4101 ζ
2921 4044 3098 4099 Πάντα
3146 4044 3324 4122 ὥσπερ
3352 4049 3408 4101 ἒν
3433 4046 3654 4125 μεγᾶλῳ

2011 4133 2112 4187 τινὶ
2142 4133 2227 4186 καί
2284 4137 2447 4204 κοινῷ
2504 4134 2727 4205 ταμείῳ,
2783 4138 2850 4208 τῇ
2897 4130 3062 4208 βίϐλῳ
3108 4140 3213 4189 τῶν
3271 4135 3512 4211 Ψαλμῶν
3555 4162 3649 4195 τε-

2015 4222 2378 4293 θησαύρισται,
2440 4220 2528 4293 ἢν,
2590 4220 2809 4276 πολλῶν
2868 4221 3032 4277 ὄντων
3089 4222 3328 4299 ἀργάνων
3361 4234 3653 4300 μουσικῶν,

2018 4303 2149 4379 πρὸς
2180 4303 2242 4356 τὸ
2296 4299 2584 4377 λεγόμενον
2643 4300 2939 4378 ψαλτήριον
2986 4302 3216 4374 ἥρμοσεν
3271 4306 3297 4358 ὸ
3352 4306 3653 4389 προφήτης,

2014 4392 2111 4458 τὴν
2168 4389 2361 4446 ἄνωθεν
2392 4436 2408 4463 ,
2464 4389 2582 4464 ἐμοὶ
2631 4388 2853 4458 δοκετν,
2918 4391 3220 4470 ἐνηχοῦσαν
3295 4394 3437 4466 αὖτῷ
3498 4388 3657 4475 χάριν

275 4490 457 4567 ρᾶνιον
508 4486 827 4564 πολίτευμα,
886 4486 949 4540 τὸ
1006 4488 1363 4560 πνευματικὸν
1406 4488 1665 4560 θυμίαμα,
1719 4485 1802 4540 ’Ὢ
1836 4488 2000 4551 τῆςυ
2032 4480 2174 4557 παρὰ
2228 4486 2319 4535 τοῦ
2394 4480 2697 4553 Πνεῦματος
2775 4478 3165 4554 ἐνδεικνύμενος
3205 4529 3221 4559 ,
3300 4480 3431 4539 διότι
3506 4494 3659 4544 τοῦτο

277 4584 448 4651 σοφῆς
503 4576 736 4636 ὶπινοίας
794 4582 885 4630 τοῦ
938 4571 1273 4647 διδασκάλου,
1336 4576 1470 4649 ὁμοῦ
1498 4596 1554 4630 τε
1587 4574 1730 4647 ᾅδειν
1786 4577 1929 4651 ἡμᾶς

272 4646 625 4731 τίλυσιτελῆ
678 4664 957 4738 μανθάνειν
1015 4646 1442 4743 μηχακωμένὰν
1482 4646 1605 4720 ὅθεν
1646 4666 1734 4721 καὶ
1786 4646 1930 4741 μδ.-

274 4759 368 4815 λόν
418 4779 532 4819 πως
579 4755 888 4810 ἐντυποῦται
918 4765 1042 4816 ταῖς
1074 4758 1284 4833 ψυχαῖς
1316 4755 1383 4811 τὰ
1411 4751 1728 4832 διδάγματα.
1756 4756 1931 4812 Βίαιον

273 4850 372 4923 μὲν
409 4848 511 4925 γὰρ
544 4845 769 4919 μάθημα
822 4842 879 4897 οὗ
934 4842 1133 4922 πέφυκε
1191 4842 1537 4923 παραμένειν,
1598 4866 1663 4901 τα
1713 4843 1765 4899 δὲ
1795 4846 1930 4920 μετὰ

273 4938 513 5013 τέρψεως
568 4935 658 4989 καὶ
712 4932 935 5011 χάριτος
998 4929 1304 5007 εἰσδυόμενα
1375 4933 1739 5012 μονιμώτερον
1812 4956 1928 4997 πως

275 5042 401 5089 ταῖς
456 5030 672 5102 ψυχαῖς
719 5020 869 5095 ἧμῖὸν
899 5020 1228 5091 ἑνιζάνει....
1254 5023 1327 5079 Τὸ
1357 5020 1659 5100 ψαλτήριον
1688 5020 1743 5077 δὲ
1776 5030 1929 5079 τοῦτο

274 5125 381 5173 τῶν
414 5116 719 5194 ἆρμονικῶν
772 5111 980 5189 ῥυθμῶν
1015 5110 1210 5168 ἄνωθεν
1254 5111 1371 5191 ἔχει
1408 5113 1503 5176 τὰς
1553 5113 1924 5193 ἀφορμάς.....

276 5205 521 5281 ’Ἱδωμεν
562 5202 621 5258 δὲ
667 5200 857 5258 λοιπὸν
914 5202 1001 5255 καὶ
1042 5201 1138 5268 τὴν
1167 5201 1345 5281 ἀρχὴν
1376 5208 1480 5257 τῶν
1508 5202 1769 5277 Ψαλμῶν,
1804 5200 1929 5265 Hoc

279 5303 369 5356 est
425 5316 437 5353 :
498 5318 526 5347 ι
578 5290 790 5355 Omnis
841 5288 1139 5370 scriptura
1188 5300 1277 5352 est
1333 5290 1613 5351 divinitus
1651 5291 1930 5372 inspirata

281 5394 459 5463 atque
488 5381 677 5455 utilis,
714 5378 849 5440 ideo
882 5396 917 5437 a
958 5376 1181 5459 Spiritu
1212 5388 1414 5441 sancto
1448 5379 1805 5463 conscripta,
1868 5390 1931 5443 ut

357 5543 388 5593 7
433 5542 731 5618 Psal.t.vt,
771 5539 833 5600 9.

367 5705 455 5785 (tt)
484 5702 763 5767 Ambros.
797 5701 857 5762 in
889 5697 1054 5781 pref.
1087 5704 1152 5763 in
1180 5700 1333 5783 psal.
1371 5722 1410 5766 ι.

2015 4570 2177 4645 μόνον
2234 4574 2341 4624 τῶν
2392 4569 2658 4642 μούσιχῶν
2714 4567 2950 4647 ὀργάνων
3006 4569 3104 4635 τὴν
3163 4570 3329 4626 αἰτίαν
3355 4579 3459 4628 τῶν
3491 4575 3658 4653 φθόγ-

2016 4686 2125 4741 γων
2179 4664 2237 4718 ἓν
2284 4661 2390 4717 τῶν
2453 4658 2642 4716 ἄνωθεν
2697 4659 2838 4741 ἔχει.
2873 4664 2950 4739 Τῇ
2983 4662 3167 4740 κιθάρᾳ
3211 4664 3309 4737 μὲν
3341 4666 3441 4743 γάρ
3471 4669 3557 4722 καὶ
3586 4669 3654 4736 τῆ

2014 4752 2142 4829 λύρᾳ
2193 4752 2429 4807 κάτωθεν
2482 4752 2509 4806 ὁ
2550 4749 2759 4830 χαλκὸς
2800 4752 3013 4829 ὑπηχεῖ
3066 4753 3194 4829 πρὸς
3244 4755 3305 4807 τὸ
3360 4753 3652 4833 πλῆκτρον.

2015 4843 2076 4897 τὸ
2106 4838 2400 4918 ψαλτήριον
2452 4837 2505 4894 δὲ
2561 4848 2714 4896 τοῦτο
2772 4840 2873 4895 τῶν
2919 4840 3220 4916 ἁρμονικῶν
3278 4842 3481 4917 ῥυθμῶν
3514 4845 3656 4901 ἄνω-

2014 4935 2100 4987 θεν
2144 4930 2262 5009 ἔχει
2318 4931 2412 4993 τὰς
2458 4929 2722 5008 ἀφορμάς.
2768 4952 2795 4982 ι»
2843 4925 3057 4990 Omnia
3086 4928 3145 4989 in
3180 4929 3543 4994 Psalmorum
3578 4935 3655 4996 li-

2015 5017 2124 5082 hro
2155 5018 2313 5081 velut
2345 5017 2401 5078 in
2434 5035 2643 5107 magno
2675 5016 3025 5107 quodamet
3075 5022 3373 5081 communi
3408 5040 3652 5107 promp-

2014 5108 2207 5169 tuario
2230 5105 2859 5178 reconduntur.Quem
2894 5106 3135 5180 librum,
3160 5111 3390 5171 tametsi
3422 5105 3657 5175 diversa

2012 5207 2151 5259 sunt
2181 5198 2577 5258 instrumenta
2610 5195 2934 5270 musica,ad
2973 5197 3512 5281 psalterium,quod
3547 5222 3652 5263 vo-

2011 5294 2168 5362 cant,
2208 5288 2496 5366 Propheta
2524 5285 2764 5366 aptavit.
2820 5283 3050 5366 Quippe
3098 5293 3371 5364 gratiam,
3412 5300 3473 5350 ut
3506 5292 3652 5353 mihi

2012 5377 2265 5449 videtur,
2300 5376 2361 5436 in
2406 5393 2477 5437 eo
2508 5376 2767 5456 desuper
2794 5392 2827 5435 a
2862 5384 3063 5437 sancto
3094 5374 3318 5457 Spiritu
3370 5396 3651 5443 resonare

2101 5704 2185 5786 (a)
2218 5702 2401 5767 Basil.
2432 5701 2493 5765 in
2526 5697 2690 5785 prati.
2721 5700 2791 5761 in
2818 5699 2976 5781 psal.
3003 5716 3043 5761 ι.
