  <div class='ocr_page' id='page_1' title='image "/cluster/home/n/w/nwhite01/storage/ocr_20150623/29/hvd.32044054128665/215.png"; bbox 0 0 4100 6202; ppageno 0'>
   <div class='ocr_carea' id='block_1_1' title="bbox 425 264 577 315">
    <p class='ocr_par' dir='ltr' id='par_1_1' title="bbox 425 264 577 315">
     <span class='ocr_line' id='line_1_1' title="bbox 425 264 577 315; baseline 0 0"><span class='ocrx_word' id='word_1_1' title='bbox 425 264 577 315; x_wconf 56' lang='lat' dir='ltr'><strong>CCII»</strong></span> 
     </span>
    </p>
   </div>
   <div class='ocr_carea' id='block_1_2' title="bbox 435 471 2083 548">
    <p class='ocr_par' dir='ltr' id='par_1_2' title="bbox 435 471 2083 548">
     <span class='ocr_line' id='line_1_2' title="bbox 435 471 2083 548; baseline -0.007 -8"><span class='ocrx_word' id='word_1_2' title='bbox 435 478 815 540; x_wconf 90' lang='lat' dir='ltr'><strong>adverterent</strong></span> <span class='ocrx_word' id='word_1_3' title='bbox 841 476 1211 547; x_wconf 84' lang='lat' dir='ltr'><strong>librarii,rati</strong></span> <span class='ocrx_word' id='word_1_4' title='bbox 1234 475 1383 548; x_wconf 80' lang='lat' dir='ltr'><strong>fore,</strong></span> <span class='ocrx_word' id='word_1_5' title='bbox 1406 482 1471 536; x_wconf 93' lang='lat' dir='ltr'><strong>ut</strong></span> <span class='ocrx_word' id='word_1_6' title='bbox 1492 492 1634 535; x_wconf 89' lang='lat' dir='ltr'><strong>suus</strong></span> <span class='ocrx_word' id='word_1_7' title='bbox 1660 471 1832 535; x_wconf 90' lang='lat' dir='ltr'><strong>labor</strong></span> <span class='ocrx_word' id='word_1_8' title='bbox 1853 489 1926 534; x_wconf 87' lang='lat' dir='ltr'><strong>ex</strong></span> <span class='ocrx_word' id='word_1_9' title='bbox 1947 471 2047 531; x_wconf 89' lang='lat' dir='ltr'><strong>lon</strong></span> <span class='ocrx_word' id='word_1_10' title='bbox 2063 503 2083 514; x_wconf 88' lang='lat'><strong>-</strong></span> 
     </span>
    </p>
   </div>
   <div class='ocr_carea' id='block_1_3' title="bbox 438 561 2082 648">
    <p class='ocr_par' dir='ltr' id='par_1_3' title="bbox 438 561 2082 648">
     <span class='ocr_line' id='line_1_3' title="bbox 438 561 2082 648; baseline -0.007 -20"><span class='ocrx_word' id='word_1_11' title='bbox 438 567 706 648; x_wconf 86' lang='lat' dir='ltr'><strong>gitudine</strong></span> <span class='ocrx_word' id='word_1_12' title='bbox 741 567 1030 629; x_wconf 86' lang='lat' dir='ltr'><strong>orationis</strong></span> <span class='ocrx_word' id='word_1_13' title='bbox 1060 565 1481 636; x_wconf 65' lang='lat' dir='ltr'><strong>aestimaretur;</strong></span> <span class='ocrx_word' id='word_1_14' title='bbox 1542 582 1642 626; x_wconf 81' lang='lat' dir='ltr'><strong>aut</strong></span> <span class='ocrx_word' id='word_1_15' title='bbox 1671 563 1828 643; x_wconf 93' lang='lat' dir='ltr'><strong>quod</strong></span> <span class='ocrx_word' id='word_1_16' title='bbox 1857 561 2082 631; x_wconf 89' lang='lat' dir='ltr'><strong>deerat,</strong></span> 
     </span>
    </p>
   </div>
   <div class='ocr_carea' id='block_1_4' title="bbox 439 650 2087 736">
    <p class='ocr_par' dir='ltr' id='par_1_4' title="bbox 439 650 2087 736">
     <span class='ocr_line' id='line_1_4' title="bbox 439 650 2087 736; baseline -0.005 -19"><span class='ocrx_word' id='word_1_17' title='bbox 439 654 750 736; x_wconf 78' lang='lat' dir='ltr'><strong>supplere,</strong></span> <span class='ocrx_word' id='word_1_18' title='bbox 782 664 882 715; x_wconf 89' lang='lat' dir='ltr'><strong>aut</strong></span> <span class='ocrx_word' id='word_1_19' title='bbox 919 656 1076 731; x_wconf 90' lang='lat' dir='ltr'><strong>quod</strong></span> <span class='ocrx_word' id='word_1_20' title='bbox 1110 653 1349 714; x_wconf 86' lang='lat' dir='ltr'><strong>brevius</strong></span> <span class='ocrx_word' id='word_1_21' title='bbox 1374 652 1731 733; x_wconf 83' lang='lat' dir='ltr'><strong>explicatum</strong></span> <span class='ocrx_word' id='word_1_22' title='bbox 1765 650 1978 725; x_wconf 83' lang='lat' dir='ltr'><strong>fuerat,</strong></span> <span class='ocrx_word' id='word_1_23' title='bbox 2018 667 2087 709; x_wconf 81' lang='lat' dir='ltr'><strong>ex</strong></span> 
     </span>
    </p>
   </div>
   <div class='ocr_carea' id='block_1_5' title="bbox 439 739 2087 823">
    <p class='ocr_par' dir='ltr' id='par_1_5' title="bbox 439 739 2087 823">
     <span class='ocr_line' id='line_1_5' title="bbox 439 739 2087 823; baseline -0.005 -17"><span class='ocrx_word' id='word_1_24' title='bbox 439 746 690 807; x_wconf 84' lang='lat' dir='ltr'><strong>aliorum</strong></span> <span class='ocrx_word' id='word_1_25' title='bbox 710 744 1106 823; x_wconf 82' lang='lat' dir='ltr'><strong>interpretum</strong></span> <span class='ocrx_word' id='word_1_26' title='bbox 1126 743 1364 821; x_wconf 87' lang='lat' dir='ltr'><strong>scriptis</strong></span> <span class='ocrx_word' id='word_1_27' title='bbox 1377 760 1591 821; x_wconf 90' lang='lat' dir='ltr'><strong>augere</strong></span> <span class='ocrx_word' id='word_1_28' title='bbox 1609 760 1727 802; x_wconf 90' lang='lat' dir='ltr'><strong>non</strong></span> <span class='ocrx_word' id='word_1_29' title='bbox 1741 739 2087 802; x_wconf 83' lang='lat' dir='ltr'><strong>dubitarunt</strong></span> 
     </span>
    </p>
   </div>
   <div class='ocr_carea' id='block_1_6' title="bbox 525 829 2085 912">
    <p class='ocr_par' dir='ltr' id='par_1_6' title="bbox 525 829 2085 912">
     <span class='ocr_line' id='line_1_6' title="bbox 525 829 2085 912; baseline -0.006 -15"><span class='ocrx_word' id='word_1_30' title='bbox 525 834 623 898; x_wconf 83' lang='lat'><strong>36.</strong></span> <span class='ocrx_word' id='word_1_31' title='bbox 660 832 863 895; x_wconf 77' lang='lat' dir='ltr'><strong>Exstat</strong></span> <span class='ocrx_word' id='word_1_32' title='bbox 886 833 1045 895; x_wconf 84' lang='lat' dir='ltr'><strong>inter</strong></span> <span class='ocrx_word' id='word_1_33' title='bbox 1068 832 1267 894; x_wconf 85' lang='lat' dir='ltr'><strong>Basilii</strong></span> <span class='ocrx_word' id='word_1_34' title='bbox 1300 849 1481 912; x_wconf 84' lang='lat' dir='ltr'><strong>opera</strong></span> <span class='ocrx_word' id='word_1_35' title='bbox 1504 832 1801 893; x_wconf 83' lang='lat' dir='ltr'><strong>enarratio</strong></span> <span class='ocrx_word' id='word_1_36' title='bbox 1818 829 2085 911; x_wconf 81' lang='lat' dir='ltr'><strong>quaedam</strong></span> 
     </span>
    </p>
   </div>
   <div class='ocr_carea' id='block_1_7' title="bbox 446 917 2087 1005">
    <p class='ocr_par' dir='ltr' id='par_1_7' title="bbox 446 917 2087 1005">
     <span class='ocr_line' id='line_1_7' title="bbox 446 917 2087 1005; baseline -0.004 -22"><span class='ocrx_word' id='word_1_37' title='bbox 446 931 510 985; x_wconf 75' lang='lat' dir='ltr'><strong>in</strong></span> <span class='ocrx_word' id='word_1_38' title='bbox 518 926 827 1005; x_wconf 80' lang='lat' dir='ltr'><strong>psalmum</strong></span> <span class='ocrx_word' id='word_1_39' title='bbox 838 922 1206 983; x_wconf 73' lang='lat' dir='ltr'><strong>tricesimum</strong></span> <span class='ocrx_word' id='word_1_40' title='bbox 1218 927 1750 1002; x_wconf 76' lang='lat' dir='ltr'><strong>scptimum,quam</strong></span> <span class='ocrx_word' id='word_1_41' title='bbox 1763 919 1824 980; x_wconf 91' lang='lat' dir='ltr'><strong>in</strong></span> <span class='ocrx_word' id='word_1_42' title='bbox 1839 917 2087 979; x_wconf 90' lang='lat' dir='ltr'><strong>dubium</strong></span> 
     </span>
    </p>
   </div>
   <div class='ocr_carea' id='block_1_8' title="bbox 443 1008 2091 1075">
    <p class='ocr_par' dir='ltr' id='par_1_8' title="bbox 443 1008 2091 1075">
     <span class='ocr_line' id='line_1_8' title="bbox 443 1008 2091 1075; baseline -0.007 0"><span class='ocrx_word' id='word_1_43' title='bbox 443 1013 516 1075; x_wconf 84' lang='lat' dir='ltr'><strong>ab</strong></span> <span class='ocrx_word' id='word_1_44' title='bbox 537 1011 790 1074; x_wconf 87' lang='lat' dir='ltr'><strong>eruditis</strong></span> <span class='ocrx_word' id='word_1_45' title='bbox 803 1012 1066 1072; x_wconf 89' lang='lat' dir='ltr'><strong>revocari</strong></span> <span class='ocrx_word' id='word_1_46' title='bbox 1092 1010 1431 1072; x_wconf 87' lang='lat' dir='ltr'><strong>monuimus</strong></span> <span class='ocrx_word' id='word_1_47' title='bbox 1448 1028 1615 1071; x_wconf 89' lang='lat' dir='ltr'><strong>num.</strong></span> <span class='ocrx_word' id='word_1_48' title='bbox 1641 1010 1738 1073; x_wconf 79' lang='lat'><strong>32.</strong></span> <span class='ocrx_word' id='word_1_49' title='bbox 1765 1008 2091 1071; x_wconf 84' lang='lat' dir='ltr'><strong>&#39;l‘illemon-</strong></span> 
     </span>
    </p>
   </div>
   <div class='ocr_carea' id='block_1_9' title="bbox 443 1094 2090 1170">
    <p class='ocr_par' dir='ltr' id='par_1_9' title="bbox 443 1094 2090 1170">
     <span class='ocr_line' id='line_1_9' title="bbox 443 1094 2090 1170; baseline -0.006 -6"><span class='ocrx_word' id='word_1_50' title='bbox 443 1102 557 1164; x_wconf 90' lang='lat' dir='ltr'><strong>tius</strong></span> <span class='ocrx_word' id='word_1_51' title='bbox 578 1101 658 1162; x_wconf 86' lang='lat' dir='ltr'><strong>ita</strong></span> <span class='ocrx_word' id='word_1_52' title='bbox 679 1104 753 1161; x_wconf 90' lang='lat' dir='ltr'><strong>de</strong></span> <span class='ocrx_word' id='word_1_53' title='bbox 774 1119 845 1161; x_wconf 87' lang='lat' dir='ltr'><strong>ea</strong></span> <span class='ocrx_word' id='word_1_54' title='bbox 868 1100 1095 1161; x_wconf 89' lang='lat' dir='ltr'><strong>dubitat</strong></span> <span class='ocrx_word' id='word_1_55' title='bbox 1118 1110 1179 1160; x_wconf 93' lang='lat' dir='ltr'><strong>ut</strong></span> <span class='ocrx_word' id='word_1_56' title='bbox 1195 1101 1266 1160; x_wconf 92' lang='lat' dir='ltr'><strong>ad</strong></span> <span class='ocrx_word' id='word_1_57' title='bbox 1294 1118 1423 1161; x_wconf 91' lang='lat' dir='ltr'><strong>eam</strong></span> <span class='ocrx_word' id='word_1_58' title='bbox 1444 1099 1883 1161; x_wconf 89' lang='lat' dir='ltr'><strong>defendendam</strong></span> <span class='ocrx_word' id='word_1_59' title='bbox 1907 1094 2090 1170; x_wconf 84' lang='lat' dir='ltr'><strong>magis</strong></span> 
     </span>
    </p>
   </div>
   <div class='ocr_carea' id='block_1_10' title="bbox 451 1189 2090 1271">
    <p class='ocr_par' dir='ltr' id='par_1_10' title="bbox 451 1189 2090 1271">
     <span class='ocr_line' id='line_1_10' title="bbox 451 1189 2090 1271; baseline -0.005 -19"><span class='ocrx_word' id='word_1_60' title='bbox 451 1189 822 1271; x_wconf 86' lang='lat' dir='ltr'><strong>propendere</strong></span> <span class='ocrx_word' id='word_1_61' title='bbox 846 1190 1137 1252; x_wconf 89' lang='lat' dir='ltr'><strong>videatur.</strong></span> <span class='ocrx_word' id='word_1_62' title='bbox 1165 1190 1279 1253; x_wconf 88' lang='lat' dir='ltr'><strong>Sed</strong></span> <span class='ocrx_word' id='word_1_63' title='bbox 1318 1207 1446 1251; x_wconf 88' lang='lat' dir='ltr'><strong>eam</strong></span> <span class='ocrx_word' id='word_1_64' title='bbox 1473 1190 1734 1270; x_wconf 83' lang='lat' dir='ltr'><strong>spuriam</strong></span> <span class='ocrx_word' id='word_1_65' title='bbox 1754 1205 1885 1249; x_wconf 90' lang='lat' dir='ltr'><strong>esse</strong></span> <span class='ocrx_word' id='word_1_66' title='bbox 1915 1194 2090 1265; x_wconf 87' lang='lat' dir='ltr'><strong>atque</strong></span> 
     </span>
    </p>
   </div>
   <div class='ocr_carea' id='block_1_11' title="bbox 446 1278 2088 1361">
    <p class='ocr_par' dir='ltr' id='par_1_11' title="bbox 446 1278 2088 1361">
     <span class='ocr_line' id='line_1_11' title="bbox 446 1278 2088 1361; baseline -0.004 -20"><span class='ocrx_word' id='word_1_67' title='bbox 446 1281 840 1341; x_wconf 81' lang='lat' dir='ltr'><strong>adulterinam</strong></span> <span class='ocrx_word' id='word_1_68' title='bbox 865 1280 1197 1344; x_wconf 84' lang='lat' dir='ltr'><strong>constat.Et</strong></span> <span class='ocrx_word' id='word_1_69' title='bbox 1229 1292 1393 1345; x_wconf 82' lang='lat' dir='ltr'><strong>certe</strong></span> <span class='ocrx_word' id='word_1_70' title='bbox 1411 1278 1682 1361; x_wconf 75' lang='lat' dir='ltr'><strong>repetitio</strong></span> <span class='ocrx_word' id='word_1_71' title='bbox 1703 1296 1909 1338; x_wconf 89' lang='lat' dir='ltr'><strong>vocum</strong></span> <span class='ocrx_word' id='word_1_72' title='bbox 1933 1292 2088 1352; x_wconf 86' lang='lat' dir='ltr'><strong>qua-</strong></span> 
     </span>
    </p>
   </div>
   <div class='ocr_carea' id='block_1_12' title="bbox 443 1367 2093 1449">
    <p class='ocr_par' dir='ltr' id='par_1_12' title="bbox 443 1367 2093 1449">
     <span class='ocr_line' id='line_1_12' title="bbox 443 1367 2093 1449; baseline -0.005 -20"><span class='ocrx_word' id='word_1_73' title='bbox 443 1369 717 1431; x_wconf 89' lang='lat' dir='ltr'><strong>rumdam</strong></span> <span class='ocrx_word' id='word_1_74' title='bbox 746 1369 1042 1449; x_wconf 75' lang='lat' dir='ltr'><strong>quaeapud</strong></span> <span class='ocrx_word' id='word_1_75' title='bbox 1065 1370 1341 1433; x_wconf 90' lang='lat' dir='ltr'><strong>Basilium</strong></span> <span class='ocrx_word' id='word_1_76' title='bbox 1366 1378 1468 1432; x_wconf 89' lang='lat' dir='ltr'><strong>aut</strong></span> <span class='ocrx_word' id='word_1_77' title='bbox 1487 1368 1782 1431; x_wconf 62' lang='lat' dir='ltr'><strong>inusitatae</strong></span> <span class='ocrx_word' id='word_1_78' title='bbox 1802 1373 1959 1440; x_wconf 90' lang='lat' dir='ltr'><strong>sunt,</strong></span> <span class='ocrx_word' id='word_1_79' title='bbox 1993 1367 2093 1424; x_wconf 88' lang='lat' dir='ltr'><strong>aut</strong></span> 
     </span>
    </p>
   </div>
   <div class='ocr_carea' id='block_1_13' title="bbox 452 1458 2089 1540">
    <p class='ocr_par' dir='ltr' id='par_1_13' title="bbox 452 1458 2089 1540">
     <span class='ocr_line' id='line_1_13' title="bbox 452 1458 2089 1540; baseline -0.004 -21"><span class='ocrx_word' id='word_1_80' title='bbox 452 1458 730 1538; x_wconf 58' lang='lat' dir='ltr'><strong>insolitae,</strong></span> <span class='ocrx_word' id='word_1_81' title='bbox 765 1458 851 1519; x_wconf 91' lang='lat' dir='ltr'><strong>vel</strong></span> <span class='ocrx_word' id='word_1_82' title='bbox 904 1458 1029 1519; x_wconf 84' lang='lat' dir='ltr'><strong>sola</strong></span> <span class='ocrx_word' id='word_1_83' title='bbox 1080 1460 1350 1539; x_wconf 88' lang='lat' dir='ltr'><strong>opusculi</strong></span> <span class='ocrx_word' id='word_1_84' title='bbox 1405 1460 1588 1540; x_wconf 83' lang='lat' dir='ltr'><strong>hujus</strong></span> <span class='ocrx_word' id='word_1_85' title='bbox 1617 1458 1928 1519; x_wconf 82' lang='lat' dir='ltr'><strong>falsitatem</strong></span> <span class='ocrx_word' id='word_1_86' title='bbox 1974 1472 2089 1514; x_wconf 90' lang='lat' dir='ltr'><strong>non</strong></span> 
     </span>
    </p>
   </div>
   <div class='ocr_carea' id='block_1_14' title="bbox 449 1546 2087 1629">
    <p class='ocr_par' dir='ltr' id='par_1_14' title="bbox 449 1546 2087 1629">
     <span class='ocr_line' id='line_1_14' title="bbox 449 1546 2087 1629; baseline -0.006 -22"><span class='ocrx_word' id='word_1_87' title='bbox 449 1548 705 1609; x_wconf 89' lang='lat' dir='ltr'><strong>obscure</strong></span> <span class='ocrx_word' id='word_1_88' title='bbox 737 1547 976 1611; x_wconf 89' lang='lat' dir='ltr'><strong>indicat.</strong></span> <span class='ocrx_word' id='word_1_89' title='bbox 1011 1548 1152 1629; x_wconf 89' lang='lat' dir='ltr'><strong>Ejus</strong></span> <span class='ocrx_word' id='word_1_90' title='bbox 1178 1549 1415 1628; x_wconf 88' lang='lat' dir='ltr'><strong>generis</strong></span> <span class='ocrx_word' id='word_1_91' title='bbox 1444 1561 1583 1610; x_wconf 89' lang='lat' dir='ltr'><strong>sunt</strong></span> <span class='ocrx_word' id='word_1_92' title='bbox 1612 1565 1807 1619; x_wconf 88' lang='lat' dir='ltr'><strong>voces,</strong></span> <span class='ocrx_word' id='word_1_93' title='bbox 1838 1546 2087 1625; x_wconf 67' lang='grc' dir='ltr'>ἔφασκεν,</span> 
     </span>
    </p>
   </div>
   <div class='ocr_carea' id='block_1_15' title="bbox 450 1634 2088 1716">
    <p class='ocr_par' dir='ltr' id='par_1_15' title="bbox 450 1634 2088 1716">
     <span class='ocr_line' id='line_1_15' title="bbox 450 1634 2088 1716; baseline -0.004 -16"><span class='ocrx_word' id='word_1_94' title='bbox 450 1638 599 1716; x_wconf 74' lang='grc' dir='ltr'>γοῦν,</span> <span class='ocrx_word' id='word_1_95' title='bbox 636 1641 970 1716; x_wconf 71' lang='grc' dir='ltr'>συναρπαγή.</span> <span class='ocrx_word' id='word_1_96' title='bbox 1016 1642 1141 1700; x_wconf 91' lang='lat' dir='ltr'><strong>Imo</strong></span> <span class='ocrx_word' id='word_1_97' title='bbox 1192 1648 1333 1700; x_wconf 89' lang='lat' dir='ltr'><strong>sunt</strong></span> <span class='ocrx_word' id='word_1_98' title='bbox 1365 1648 1422 1701; x_wconf 90' lang='lat' dir='ltr'><strong>et</strong></span> <span class='ocrx_word' id='word_1_99' title='bbox 1451 1638 1569 1701; x_wconf 89' lang='lat' dir='ltr'><strong>alia</strong></span> <span class='ocrx_word' id='word_1_100' title='bbox 1616 1634 1896 1698; x_wconf 80' lang='lat' dir='ltr'><strong>vocabula</strong></span> <span class='ocrx_word' id='word_1_101' title='bbox 1949 1637 2025 1694; x_wconf 88' lang='lat' dir='ltr'><strong>ita</strong></span> <span class='ocrx_word' id='word_1_102' title='bbox 2056 1652 2088 1693; x_wconf 88' lang='lat' dir='ltr'><strong>a</strong></span> 
     </span>
    </p>
   </div>
   <div class='ocr_carea' id='block_1_16' title="bbox 452 1724 2086 1809">
    <p class='ocr_par' dir='ltr' id='par_1_16' title="bbox 452 1724 2086 1809">
     <span class='ocr_line' id='line_1_16' title="bbox 452 1724 2086 1809; baseline -0.004 -20"><span class='ocrx_word' id='word_1_103' title='bbox 452 1726 655 1789; x_wconf 87' lang='lat' dir='ltr'><strong>Basilii</strong></span> <span class='ocrx_word' id='word_1_104' title='bbox 679 1727 853 1801; x_wconf 83' lang='lat' dir='ltr'><strong>genio</strong></span> <span class='ocrx_word' id='word_1_105' title='bbox 876 1726 1351 1798; x_wconf 66' lang='lat' dir='ltr'><strong>abhorrentiamt</strong></span> <span class='ocrx_word' id='word_1_106' title='bbox 1373 1737 1653 1809; x_wconf 63' lang='lat' dir='ltr'><strong>prmstare</strong></span> <span class='ocrx_word' id='word_1_107' title='bbox 1674 1726 1864 1789; x_wconf 89' lang='lat' dir='ltr'><strong>ausim</strong></span> <span class='ocrx_word' id='word_1_108' title='bbox 1895 1724 2086 1785; x_wconf 90' lang='lat' dir='ltr'><strong>sinon</strong></span> 
     </span>
    </p>
   </div>
   <div class='ocr_carea' id='block_1_17' title="bbox 1848 240 2445 313">
    <p class='ocr_par' dir='ltr' id='par_1_17' title="bbox 1848 240 2445 313">
     <span class='ocr_line' id='line_1_17' title="bbox 1848 240 2445 313; baseline 0 -8"><span class='ocrx_word' id='word_1_109' title='bbox 1848 242 1998 305; x_wconf 81' lang='lat' dir='ltr'><strong>PRO</strong></span> <span class='ocrx_word' id='word_1_110' title='bbox 2010 240 2445 313; x_wconf 80' lang='lat' dir='ltr'><strong>LEGOMENA.</strong></span> 
     </span>
    </p>
   </div>
   <div class='ocr_carea' id='block_1_18' title="bbox 434 379 2481 466">
    <p class='ocr_par' dir='ltr' id='par_1_18' title="bbox 434 379 2481 466">
     <span class='ocr_line' id='line_1_18' title="bbox 434 379 2481 466; baseline -0.007 -15"><span class='ocrx_word' id='word_1_111' title='bbox 434 388 735 460; x_wconf 89' lang='lat' dir='ltr'><strong>omisisse,</strong></span> <span class='ocrx_word' id='word_1_112' title='bbox 759 396 859 449; x_wconf 89' lang='lat' dir='ltr'><strong>aut</strong></span> <span class='ocrx_word' id='word_1_113' title='bbox 879 386 1119 449; x_wconf 82' lang='lat' dir='ltr'><strong>brevius</strong></span> <span class='ocrx_word' id='word_1_114' title='bbox 1139 386 1508 466; x_wconf 85' lang='lat' dir='ltr'><strong>explanasse:</strong></span> <span class='ocrx_word' id='word_1_115' title='bbox 1535 383 1689 465; x_wconf 85' lang='lat' dir='ltr'><strong>quod</strong></span> <span class='ocrx_word' id='word_1_116' title='bbox 1714 400 1849 444; x_wconf 91' lang='lat' dir='ltr'><strong>cum</strong></span> <span class='ocrx_word' id='word_1_117' title='bbox 1872 380 2070 443; x_wconf 84' lang='lat' dir='ltr'><strong>anim-</strong></span> <span class='ocrx_word' id='word_1_118' title='bbox 2099 380 2139 429; x_wconf 84' lang='lat' dir='ltr'><strong>A</strong></span> <span class='ocrx_word' id='word_1_119' title='bbox 2164 380 2345 453; x_wconf 69' lang='grc' dir='ltr'><strong>εἶπεν,</strong></span> <span class='ocrx_word' id='word_1_120' title='bbox 2402 379 2481 437; x_wconf 78' lang='grc' dir='ltr'><strong>ὅτι</strong></span> 
     </span>
    </p>
   </div>
   <div class='ocr_carea' id='block_1_19' title="bbox 2573 378 3831 459">
    <p class='ocr_par' dir='ltr' id='par_1_19' title="bbox 2573 378 3831 459">
     <span class='ocr_line' id='line_1_19' title="bbox 2573 378 3831 459; baseline -0.001 -22"><span class='ocrx_word' id='word_1_121' title='bbox 2573 380 2631 437; x_wconf 85' lang='grc' dir='ltr'><strong><em>Ἦ</em></strong></span> <span class='ocrx_word' id='word_1_122' title='bbox 2712 378 2931 459; x_wconf 81' lang='grc' dir='ltr'>γλῶσσά</span> <span class='ocrx_word' id='word_1_123' title='bbox 2996 400 3102 453; x_wconf 85' lang='grc' dir='ltr'><strong>μου</strong></span> <span class='ocrx_word' id='word_1_124' title='bbox 3159 378 3407 452; x_wconf 79' lang='grc' dir='ltr'><strong>κάλαμος</strong></span> <span class='ocrx_word' id='word_1_125' title='bbox 3463 380 3831 457; x_wconf 76' lang='grc' dir='ltr'><strong>γραμματέως</strong></span> 
     </span>
    </p>
   </div>
   <div class='ocr_carea' id='block_1_20' title="bbox 2170 467 3830 550">
    <p class='ocr_par' dir='ltr' id='par_1_20' title="bbox 2170 467 3830 550">
     <span class='ocr_line' id='line_1_20' title="bbox 2170 467 3830 550; baseline 0.002 -26"><span class='ocrx_word' id='word_1_126' title='bbox 2170 471 2486 550; x_wconf 69' lang='grc' dir='ltr'>ὀζογράφοο,</span> <span class='ocrx_word' id='word_1_127' title='bbox 2559 470 2779 548; x_wconf 83' lang='grc' dir='ltr'>Ὠραϊος</span> <span class='ocrx_word' id='word_1_128' title='bbox 2836 467 3021 525; x_wconf 78' lang='grc' dir='ltr'>κάλλει</span> <span class='ocrx_word' id='word_1_129' title='bbox 3095 469 3238 545; x_wconf 80' lang='grc' dir='ltr'>παρὰ</span> <span class='ocrx_word' id='word_1_130' title='bbox 3306 469 3428 531; x_wconf 81' lang='grc' dir='ltr'>τοὺς</span> <span class='ocrx_word' id='word_1_131' title='bbox 3515 470 3657 534; x_wconf 74' lang='grc' dir='ltr'>υἱοὺς</span> <span class='ocrx_word' id='word_1_132' title='bbox 3721 473 3830 527; x_wconf 78' lang='grc' dir='ltr'><strong>τῶν</strong></span> 
     </span>
    </p>
   </div>
   <div class='ocr_carea' id='block_1_21' title="bbox 2170 559 3829 638">
    <p class='ocr_par' dir='ltr' id='par_1_21' title="bbox 2170 559 3829 638">
     <span class='ocr_line' id='line_1_21' title="bbox 2170 559 3829 638; baseline 0.002 -27"><span class='ocrx_word' id='word_1_133' title='bbox 2170 559 2482 638; x_wconf 83' lang='grc' dir='ltr'>ἀνθρώπων,</span> <span class='ocrx_word' id='word_1_134' title='bbox 2545 562 2618 619; x_wconf 78' lang='grc' dir='ltr'><strong>Οὐ</strong></span> <span class='ocrx_word' id='word_1_135' title='bbox 2688 560 2786 637; x_wconf 79' lang='grc' dir='ltr'>γὰρ</span> <span class='ocrx_word' id='word_1_136' title='bbox 2843 559 2903 613; x_wconf 77' lang='grc' dir='ltr'>ἐκ</span> <span class='ocrx_word' id='word_1_137' title='bbox 2965 563 3064 624; x_wconf 78' lang='grc' dir='ltr'><strong>τῆς</strong></span> <span class='ocrx_word' id='word_1_138' title='bbox 3132 559 3263 636; x_wconf 82' lang='grc' dir='ltr'>πρὸς</span> <span class='ocrx_word' id='word_1_139' title='bbox 3324 559 3447 622; x_wconf 80' lang='grc' dir='ltr'>τοὺς</span> <span class='ocrx_word' id='word_1_140' title='bbox 3514 560 3829 638; x_wconf 73' lang='grc' dir='ltr'>ἀνθρώπους</span> 
     </span>
    </p>
   </div>
   <div class='ocr_carea' id='block_1_22' title="bbox 2172 646 3828 727">
    <p class='ocr_par' dir='ltr' id='par_1_22' title="bbox 2172 646 3828 727">
     <span class='ocr_line' id='line_1_22' title="bbox 2172 646 3828 727; baseline 0.001 -23"><span class='ocrx_word' id='word_1_141' title='bbox 2172 650 2495 726; x_wconf 74' lang='grc' dir='ltr'><strong>συγκρίσεως</strong></span> <span class='ocrx_word' id='word_1_142' title='bbox 2555 650 2652 717; x_wconf 73' lang='grc' dir='ltr'>τὴν</span> <span class='ocrx_word' id='word_1_143' title='bbox 2704 648 2977 727; x_wconf 75' lang='grc' dir='ltr'>ὑπεροχὴν</span> <span class='ocrx_word' id='word_1_144' title='bbox 3032 656 3123 705; x_wconf 85' lang='grc' dir='ltr'><strong>τοῦ</strong></span> <span class='ocrx_word' id='word_1_145' title='bbox 3180 646 3410 711; x_wconf 79' lang='grc' dir='ltr'>κάλλους</span> <span class='ocrx_word' id='word_1_146' title='bbox 3456 648 3654 727; x_wconf 82' lang='grc' dir='ltr'><strong>”Εχει.</strong></span> <span class='ocrx_word' id='word_1_147' title='bbox 3726 652 3828 708; x_wconf 77' lang='grc' dir='ltr'><strong>Καὶ</strong></span> 
     </span>
    </p>
   </div>
   <div class='ocr_carea' id='block_1_23' title="bbox 2174 736 3827 819">
    <p class='ocr_par' dir='ltr' id='par_1_23' title="bbox 2174 736 3827 819">
     <span class='ocr_line' id='line_1_23' title="bbox 2174 736 3827 819; baseline 0.002 -27"><span class='ocrx_word' id='word_1_148' title='bbox 2174 740 2379 814; x_wconf 73' lang='grc' dir='ltr'>προϊὼν</span> <span class='ocrx_word' id='word_1_149' title='bbox 2412 738 2466 795; x_wconf 82' lang='grc' dir='ltr'><strong>δέ</strong></span> <span class='ocrx_word' id='word_1_150' title='bbox 2485 758 2638 819; x_wconf 76' lang='grc' dir='ltr'>φησι·</span> <span class='ocrx_word' id='word_1_151' title='bbox 2680 740 2780 794; x_wconf 61' lang='lat' dir='ltr'><strong>At?!</strong></span> <span class='ocrx_word' id='word_1_152' title='bbox 2831 739 2985 794; x_wconf 71' lang='grc' dir='ltr'>τοῦτο</span> <span class='ocrx_word' id='word_1_153' title='bbox 3017 736 3199 815; x_wconf 70' lang='grc' dir='ltr'>ἔχρισέ</span> <span class='ocrx_word' id='word_1_154' title='bbox 3256 758 3314 791; x_wconf 86' lang='grc' dir='ltr'>σε</span> <span class='ocrx_word' id='word_1_155' title='bbox 3370 740 3396 792; x_wconf 98' lang='lat'><strong>6</strong></span> <span class='ocrx_word' id='word_1_156' title='bbox 3432 738 3585 817; x_wconf 66' lang='grc' dir='ltr'>Θεὸς,</span> <span class='ocrx_word' id='word_1_157' title='bbox 3619 741 3647 793; x_wconf 88' lang='lat'><strong>6</strong></span> <span class='ocrx_word' id='word_1_158' title='bbox 3692 744 3827 803; x_wconf 63' lang='grc' dir='ltr'>Θεὸς</span> 
     </span>
    </p>
   </div>
   <div class='ocr_carea' id='block_1_24' title="bbox 2173 827 3823 907">
    <p class='ocr_par' dir='ltr' id='par_1_24' title="bbox 2173 827 3823 907">
     <span class='ocr_line' id='line_1_24' title="bbox 2173 827 3823 907; baseline 0.003 -26"><span class='ocrx_word' id='word_1_159' title='bbox 2173 849 2265 882; x_wconf 79' lang='grc' dir='ltr'><strong>σου</strong></span> <span class='ocrx_word' id='word_1_160' title='bbox 2325 827 2501 885; x_wconf 74' lang='grc' dir='ltr'>ἔλαιον</span> <span class='ocrx_word' id='word_1_161' title='bbox 2551 828 2949 907; x_wconf 75' lang='grc' dir='ltr'>ἀγαλλιάσεως.</span> <span class='ocrx_word' id='word_1_162' title='bbox 3011 828 3084 884; x_wconf 71' lang='grc' dir='ltr'>Οὐ</span> <span class='ocrx_word' id='word_1_163' title='bbox 3142 827 3240 903; x_wconf 78' lang='grc' dir='ltr'>γὰρ</span> <span class='ocrx_word' id='word_1_164' title='bbox 3295 831 3471 882; x_wconf 79' lang='grc' dir='ltr'><strong>εἶπεν·</strong></span> <span class='ocrx_word' id='word_1_165' title='bbox 3530 827 3717 907; x_wconf 73' lang='grc' dir='ltr'>ἔχρισᾶ</span> <span class='ocrx_word' id='word_1_166' title='bbox 3762 852 3823 886; x_wconf 80' lang='grc' dir='ltr'>σε</span> 
     </span>
    </p>
   </div>
   <div class='ocr_carea' id='block_1_25' title="bbox 2174 914 3823 997">
    <p class='ocr_par' dir='ltr' id='par_1_25' title="bbox 2174 914 3823 997">
     <span class='ocr_line' id='line_1_25' title="bbox 2174 914 3823 997; baseline 0.001 -26"><span class='ocrx_word' id='word_1_167' title='bbox 2174 918 2285 993; x_wconf 77' lang='grc' dir='ltr'><strong>ἐγὼ</strong></span> <span class='ocrx_word' id='word_1_168' title='bbox 2315 921 2341 973; x_wconf 80' lang='lat'><strong>6</strong></span> <span class='ocrx_word' id='word_1_169' title='bbox 2376 919 2530 990; x_wconf 83' lang='grc' dir='ltr'>Θεός,</span> <span class='ocrx_word' id='word_1_170' title='bbox 2563 916 2706 992; x_wconf 69' lang='grc' dir='ltr'>ἀλλ’,</span> <span class='ocrx_word' id='word_1_171' title='bbox 2761 914 3002 995; x_wconf 81' lang='grc' dir='ltr'>’Ἒχρισὲ</span> <span class='ocrx_word' id='word_1_172' title='bbox 3040 937 3097 971; x_wconf 86' lang='grc' dir='ltr'>σε</span> <span class='ocrx_word' id='word_1_173' title='bbox 3132 933 3149 949; x_wconf 75' lang='grc'>⁸</span> <span class='ocrx_word' id='word_1_174' title='bbox 3193 914 3331 970; x_wconf 78' lang='grc' dir='ltr'><strong>ὥστε</strong></span> <span class='ocrx_word' id='word_1_175' title='bbox 3372 914 3436 971; x_wconf 81' lang='grc' dir='ltr'>ἐκ</span> <span class='ocrx_word' id='word_1_176' title='bbox 3472 916 3654 976; x_wconf 71' lang='grc' dir='ltr'><strong>τούτου</strong></span> <span class='ocrx_word' id='word_1_177' title='bbox 3689 942 3823 997; x_wconf 75' lang='grc' dir='ltr'>παρο</span> 
     </span>
    </p>
   </div>
   <div class='ocr_carea' id='block_1_26' title="bbox 2178 1002 3819 1085">
    <p class='ocr_par' dir='ltr' id='par_1_26' title="bbox 2178 1002 3819 1085">
     <span class='ocr_line' id='line_1_26' title="bbox 2178 1002 3819 1085; baseline 0.003 -26"><span class='ocrx_word' id='word_1_178' title='bbox 2178 1006 2415 1063; x_wconf 76' lang='grc' dir='ltr'>ίστασθαι</span> <span class='ocrx_word' id='word_1_179' title='bbox 2485 1007 2661 1085; x_wconf 79' lang='grc' dir='ltr'>ἕτερον</span> <span class='ocrx_word' id='word_1_180' title='bbox 2737 1007 2879 1062; x_wconf 75' lang='grc' dir='ltr'>εἶναι</span> <span class='ocrx_word' id='word_1_181' title='bbox 2936 1007 2998 1060; x_wconf 86' lang='grc' dir='ltr'>τὸ</span> <span class='ocrx_word' id='word_1_182' title='bbox 3071 1002 3446 1082; x_wconf 82' lang='grc' dir='ltr'>διαλεγόμενον</span> <span class='ocrx_word' id='word_1_183' title='bbox 3507 1007 3819 1084; x_wconf 81' lang='grc' dir='ltr'>πρόσωπον.</span> 
     </span>
    </p>
   </div>
   <div class='ocr_carea' id='block_1_27' title="bbox 2176 1095 3819 1174">
    <p class='ocr_par' dir='ltr' id='par_1_27' title="bbox 2176 1095 3819 1174">
     <span class='ocr_line' id='line_1_27' title="bbox 2176 1095 3819 1174; baseline 0.002 -24"><span class='ocrx_word' id='word_1_184' title='bbox 2176 1102 2338 1151; x_wconf 74' lang='grc' dir='ltr'>Ποῖον</span> <span class='ocrx_word' id='word_1_185' title='bbox 2371 1096 2459 1151; x_wconf 75' lang='grc' dir='ltr'><strong>οὗν</strong></span> <span class='ocrx_word' id='word_1_186' title='bbox 2491 1100 2600 1153; x_wconf 67' lang='grc' dir='ltr'><strong>ἔστι</strong></span> <span class='ocrx_word' id='word_1_187' title='bbox 2631 1103 2808 1169; x_wconf 71' lang='grc' dir='ltr'><strong>τοῦτο,</strong></span> <span class='ocrx_word' id='word_1_188' title='bbox 2840 1096 2876 1162; x_wconf 76' lang='grc' dir='ltr'>ἢ</span> <span class='ocrx_word' id='word_1_189' title='bbox 2913 1096 2939 1149; x_wconf 80' lang='lat'><strong>6</strong></span> <span class='ocrx_word' id='word_1_190' title='bbox 3001 1095 3279 1173; x_wconf 78' lang='grc' dir='ltr'><strong>προφήτης</strong></span> <span class='ocrx_word' id='word_1_191' title='bbox 3311 1096 3338 1149; x_wconf 94' lang='lat'><strong>6</strong></span> <span class='ocrx_word' id='word_1_192' title='bbox 3400 1096 3659 1174; x_wconf 63' lang='grc' dir='ltr'>χωρήσας</span> <span class='ocrx_word' id='word_1_193' title='bbox 3718 1099 3819 1164; x_wconf 74' lang='grc' dir='ltr'><strong>τὴν</strong></span> 
     </span>
    </p>
   </div>
   <div class='ocr_carea' id='block_1_28' title="bbox 2173 1183 3817 1266">
    <p class='ocr_par' dir='ltr' id='par_1_28' title="bbox 2173 1183 3817 1266">
     <span class='ocr_line' id='line_1_28' title="bbox 2173 1183 3817 1266; baseline -0.005 -25"><span class='ocrx_word' id='word_1_194' title='bbox 2173 1194 2265 1241; x_wconf 76' lang='grc' dir='ltr'><strong>τοῦ</strong></span> <span class='ocrx_word' id='word_1_195' title='bbox 2322 1187 2471 1263; x_wconf 79' lang='grc' dir='ltr'>ἁγίου</span> <span class='ocrx_word' id='word_1_196' title='bbox 2574 1187 2878 1261; x_wconf 84' lang='grc' dir='ltr'>Πνεύματος</span> <span class='ocrx_word' id='word_1_197' title='bbox 2953 1185 3025 1249; x_wconf 78' lang='grc' dir='ltr'><strong>εἷς</strong></span> <span class='ocrx_word' id='word_1_198' title='bbox 3082 1183 3239 1240; x_wconf 71' lang='grc' dir='ltr'>αὐτὸν</span> <span class='ocrx_word' id='word_1_199' title='bbox 3322 1185 3610 1261; x_wconf 75' lang='grc' dir='ltr'><strong>γενομένην</strong></span> <span class='ocrx_word' id='word_1_200' title='bbox 3668 1186 3817 1266; x_wconf 75' lang='grc' dir='ltr'><strong>ἐνέρ-</strong></span> 
     </span>
    </p>
   </div>
   <div class='ocr_carea' id='block_1_29' title="bbox 2175 1272 3814 1354">
    <p class='ocr_par' dir='ltr' id='par_1_29' title="bbox 2175 1272 3814 1354">
     <span class='ocr_line' id='line_1_29' title="bbox 2175 1272 3814 1354; baseline 0 -17"><span class='ocrx_word' id='word_1_201' title='bbox 2175 1284 2320 1351; x_wconf 71' lang='grc' dir='ltr'><strong>γειὲιν</strong></span> <span class='ocrx_word' id='word_1_202' title='bbox 2349 1278 2520 1350; x_wconf 83' lang='grc' dir='ltr'>;Ηοο</span> <span class='ocrx_word' id='word_1_203' title='bbox 2539 1283 2662 1337; x_wconf 89' lang='lat' dir='ltr'><strong>est:</strong></span> <span class='ocrx_word' id='word_1_204' title='bbox 2698 1300 2719 1329; x_wconf 82' lang='grc' dir='ltr'>α</span> <span class='ocrx_word' id='word_1_205' title='bbox 2746 1273 2995 1346; x_wconf 87' lang='lat' dir='ltr'><strong>Quidam</strong></span> <span class='ocrx_word' id='word_1_206' title='bbox 3023 1272 3294 1334; x_wconf 88' lang='lat' dir='ltr'><strong>arbitrati</strong></span> <span class='ocrx_word' id='word_1_207' title='bbox 3315 1280 3454 1333; x_wconf 91' lang='lat' dir='ltr'><strong>sunt</strong></span> <span class='ocrx_word' id='word_1_208' title='bbox 3473 1292 3543 1334; x_wconf 82' lang='lat' dir='ltr'><strong>ex</strong></span> <span class='ocrx_word' id='word_1_209' title='bbox 3562 1294 3814 1354; x_wconf 88' lang='lat' dir='ltr'><strong>persona</strong></span> 
     </span>
    </p>
   </div>
   <div class='ocr_carea' id='block_1_30' title="bbox 2174 1361 3815 1446">
    <p class='ocr_par' dir='ltr' id='par_1_30' title="bbox 2174 1361 3815 1446">
     <span class='ocr_line' id='line_1_30' title="bbox 2174 1361 3815 1446; baseline 0.001 -21"><span class='ocrx_word' id='word_1_210' title='bbox 2174 1365 2368 1427; x_wconf 84' lang='lat' dir='ltr'><strong>Patris</strong></span> <span class='ocrx_word' id='word_1_211' title='bbox 2382 1366 2676 1446; x_wconf 86' lang='lat' dir='ltr'><strong>psalmum</strong></span> <span class='ocrx_word' id='word_1_212' title='bbox 2701 1365 2825 1425; x_wconf 90' lang='lat' dir='ltr'><strong>sive</strong></span> <span class='ocrx_word' id='word_1_213' title='bbox 2847 1361 3143 1425; x_wconf 88' lang='lat' dir='ltr'><strong>canticum</strong></span> <span class='ocrx_word' id='word_1_214' title='bbox 3165 1362 3536 1442; x_wconf 89' lang='lat' dir='ltr'><strong>pronuntiari</strong></span> <span class='ocrx_word' id='word_1_215' title='bbox 3559 1364 3633 1425; x_wconf 91' lang='lat' dir='ltr'><strong>de</strong></span> <span class='ocrx_word' id='word_1_216' title='bbox 3661 1369 3815 1429; x_wconf 87' lang='lat' dir='ltr'><strong>Ver-</strong></span> 
     </span>
    </p>
   </div>
   <div class='ocr_carea' id='block_1_31' title="bbox 2175 1450 3823 1535">
    <p class='ocr_par' dir='ltr' id='par_1_31' title="bbox 2175 1450 3823 1535">
     <span class='ocr_line' id='line_1_31' title="bbox 2175 1450 3823 1535; baseline 0.001 -20"><span class='ocrx_word' id='word_1_217' title='bbox 2175 1453 2439 1534; x_wconf 67' lang='lat' dir='ltr'><strong>bo,quod</strong></span> <span class='ocrx_word' id='word_1_218' title='bbox 2465 1456 2530 1516; x_wconf 71' lang='lat' dir='ltr'><strong>in</strong></span> <span class='ocrx_word' id='word_1_219' title='bbox 2546 1455 2859 1535; x_wconf 77' lang='lat' dir='ltr'><strong>principio</strong></span> <span class='ocrx_word' id='word_1_220' title='bbox 2882 1458 3014 1514; x_wconf 83' lang='lat' dir='ltr'><strong>erat</strong></span> <span class='ocrx_word' id='word_1_221' title='bbox 3038 1451 3201 1530; x_wconf 84' lang='lat' dir='ltr'><strong>apud</strong></span> <span class='ocrx_word' id='word_1_222' title='bbox 3223 1450 3415 1513; x_wconf 83' lang='lat' dir='ltr'><strong>Deum</strong></span> <span class='ocrx_word' id='word_1_223' title='bbox 3442 1454 3523 1526; x_wconf 76' lang='grc'><strong>45,</strong></span> <span class='ocrx_word' id='word_1_224' title='bbox 3545 1455 3823 1534; x_wconf 86' lang='lat' dir='ltr'><strong>quodque</strong></span> 
     </span>
    </p>
   </div>
   <div class='ocr_carea' id='block_1_32' title="bbox 2174 1539 3819 1621">
    <p class='ocr_par' dir='ltr' id='par_1_32' title="bbox 2174 1539 3819 1621">
     <span class='ocr_line' id='line_1_32' title="bbox 2174 1539 3819 1621; baseline -0.002 -18"><span class='ocrx_word' id='word_1_225' title='bbox 2174 1544 2302 1621; x_wconf 88' lang='lat' dir='ltr'><strong>ipse</strong></span> <span class='ocrx_word' id='word_1_226' title='bbox 2325 1562 2434 1605; x_wconf 91' lang='lat' dir='ltr'><strong>ceu</strong></span> <span class='ocrx_word' id='word_1_227' title='bbox 2455 1562 2525 1605; x_wconf 83' lang='lat' dir='ltr'><strong>ex</strong></span> <span class='ocrx_word' id='word_1_228' title='bbox 2549 1542 2887 1617; x_wconf 89' lang='lat' dir='ltr'><strong>corde,sive</strong></span> <span class='ocrx_word' id='word_1_229' title='bbox 2912 1558 2982 1602; x_wconf 81' lang='lat' dir='ltr'><strong>ex</strong></span> <span class='ocrx_word' id='word_1_230' title='bbox 3010 1540 3156 1620; x_wconf 81' lang='lat' dir='ltr'><strong>ipsis</strong></span> <span class='ocrx_word' id='word_1_231' title='bbox 3178 1539 3504 1602; x_wconf 86' lang='lat' dir='ltr'><strong>visceribus</strong></span> <span class='ocrx_word' id='word_1_232' title='bbox 3523 1544 3819 1621; x_wconf 81' lang='lat' dir='ltr'><strong>produxit:</strong></span> 
     </span>
    </p>
   </div>
   <div class='ocr_carea' id='block_1_33' title="bbox 2173 1628 3823 1708">
    <p class='ocr_par' dir='ltr' id='par_1_33' title="bbox 2173 1628 3823 1708">
     <span class='ocr_line' id='line_1_33' title="bbox 2173 1628 3823 1708; baseline 0.001 -16"><span class='ocrx_word' id='word_1_233' title='bbox 2173 1643 2229 1693; x_wconf 87' lang='lat' dir='ltr'><strong>et</strong></span> <span class='ocrx_word' id='word_1_234' title='bbox 2258 1653 2325 1693; x_wconf 83' lang='lat' dir='ltr'><strong>ex</strong></span> <span class='ocrx_word' id='word_1_235' title='bbox 2353 1633 2510 1694; x_wconf 92' lang='lat' dir='ltr'><strong>bono</strong></span> <span class='ocrx_word' id='word_1_236' title='bbox 2533 1632 2718 1694; x_wconf 89' lang='lat' dir='ltr'><strong>corde</strong></span> <span class='ocrx_word' id='word_1_237' title='bbox 2732 1631 2954 1693; x_wconf 91' lang='lat' dir='ltr'><strong>bonum</strong></span> <span class='ocrx_word' id='word_1_238' title='bbox 2974 1629 3223 1691; x_wconf 89' lang='lat' dir='ltr'><strong>verbum</strong></span> <span class='ocrx_word' id='word_1_239' title='bbox 3241 1628 3479 1707; x_wconf 85' lang='lat' dir='ltr'><strong>prodiit.</strong></span> <span class='ocrx_word' id='word_1_240' title='bbox 3494 1631 3629 1691; x_wconf 83' lang='lat' dir='ltr'><strong>Mihi</strong></span> <span class='ocrx_word' id='word_1_241' title='bbox 3646 1652 3823 1708; x_wconf 86' lang='lat' dir='ltr'><strong>porro</strong></span> 
     </span>
    </p>
   </div>
   <div class='ocr_carea' id='block_1_34' title="bbox 2172 1718 3820 1805">
    <p class='ocr_par' dir='ltr' id='par_1_34' title="bbox 2172 1718 3820 1805">
     <span class='ocr_line' id='line_1_34' title="bbox 2172 1718 3820 1805; baseline 0.001 -22"><span class='ocrx_word' id='word_1_242' title='bbox 2172 1723 2296 1784; x_wconf 71' lang='lat' dir='ltr'><strong>hazc</strong></span> <span class='ocrx_word' id='word_1_243' title='bbox 2319 1722 2390 1784; x_wconf 90' lang='lat' dir='ltr'><strong>ad</strong></span> <span class='ocrx_word' id='word_1_244' title='bbox 2414 1722 2827 1805; x_wconf 90' lang='lat' dir='ltr'><strong>propheticam</strong></span> <span class='ocrx_word' id='word_1_245' title='bbox 2844 1738 3161 1798; x_wconf 87' lang='lat' dir='ltr'><strong>personam</strong></span> <span class='ocrx_word' id='word_1_246' title='bbox 3188 1718 3506 1781; x_wconf 85' lang='lat' dir='ltr'><strong>referenda</strong></span> <span class='ocrx_word' id='word_1_247' title='bbox 3520 1720 3820 1784; x_wconf 89' lang='lat' dir='ltr'><strong>videntur:</strong></span> 
     </span>
    </p>
   </div>
   <div class='ocr_carea' id='block_1_35' title="bbox 456 1808 3819 1896">
    <p class='ocr_par' dir='ltr' id='par_1_35' title="bbox 456 1808 3819 1896">
     <span class='ocr_line' id='line_1_35' title="bbox 456 1808 3819 1896; baseline -0.001 -21"><span class='ocrx_word' id='word_1_248' title='bbox 456 1814 861 1885; x_wconf 86' lang='lat' dir='ltr'><strong>omnia,certe</strong></span> <span class='ocrx_word' id='word_1_249' title='bbox 892 1834 1097 1877; x_wconf 90' lang='lat' dir='ltr'><strong>eorum</strong></span> <span class='ocrx_word' id='word_1_250' title='bbox 1120 1818 1316 1896; x_wconf 87' lang='lat' dir='ltr'><strong>aliqua</strong></span> <span class='ocrx_word' id='word_1_251' title='bbox 1336 1808 1397 1878; x_wconf 88' lang='lat' dir='ltr'><strong>in</strong></span> <span class='ocrx_word' id='word_1_252' title='bbox 1420 1817 1578 1880; x_wconf 90' lang='lat' dir='ltr'><strong>illius</strong></span> <span class='ocrx_word' id='word_1_253' title='bbox 1607 1815 1775 1877; x_wconf 89' lang='lat' dir='ltr'><strong>libris</strong></span> <span class='ocrx_word' id='word_1_254' title='bbox 1797 1831 2086 1893; x_wconf 84' lang='lat' dir='ltr'><strong>nusquam</strong></span> <span class='ocrx_word' id='word_1_255' title='bbox 2113 1830 2151 1880; x_wconf 81' lang='grc' dir='ltr'><strong><em>Β</em></strong></span> <span class='ocrx_word' id='word_1_256' title='bbox 2175 1832 2306 1893; x_wconf 66' lang='lat' dir='ltr'><strong>quae</strong></span> <span class='ocrx_word' id='word_1_257' title='bbox 2340 1814 2499 1874; x_wconf 91' lang='lat' dir='ltr'><strong>enim</strong></span> <span class='ocrx_word' id='word_1_258' title='bbox 2538 1820 2669 1893; x_wconf 88' lang='lat' dir='ltr'><strong>post</strong></span> <span class='ocrx_word' id='word_1_259' title='bbox 2698 1812 2922 1873; x_wconf 91' lang='lat' dir='ltr'><strong>dictum</strong></span> <span class='ocrx_word' id='word_1_260' title='bbox 2971 1808 3313 1889; x_wconf 84' lang='lat' dir='ltr'><strong>hujusmodi</strong></span> <span class='ocrx_word' id='word_1_261' title='bbox 3347 1809 3819 1891; x_wconf 82' lang='lat' dir='ltr'><strong>subsequuntur,</strong></span> 
     </span>
    </p>
   </div>
   <div class='ocr_carea' id='block_1_36' title="bbox 457 1903 2092 1986">
    <p class='ocr_par' dir='ltr' id='par_1_36' title="bbox 457 1903 2092 1986">
     <span class='ocr_line' id='line_1_36' title="bbox 457 1903 2092 1986; baseline -0.005 -20"><span class='ocrx_word' id='word_1_262' title='bbox 457 1904 730 1983; x_wconf 89' lang='lat' dir='ltr'><strong>reperiri.</strong></span> <span class='ocrx_word' id='word_1_263' title='bbox 766 1903 971 1976; x_wconf 86' lang='lat' dir='ltr'><strong>Qualia</strong></span> <span class='ocrx_word' id='word_1_264' title='bbox 1024 1916 1184 1986; x_wconf 83' lang='lat' dir='ltr'><strong>sunt,</strong></span> <span class='ocrx_word' id='word_1_265' title='bbox 1230 1910 1552 1986; x_wconf 67' lang='grc' dir='ltr'>συγκατιὼν,</span> <span class='ocrx_word' id='word_1_266' title='bbox 1575 1904 1867 1978; x_wconf 73' lang='grc' dir='ltr'>ἀντιϐολεῖ,</span> <span class='ocrx_word' id='word_1_267' title='bbox 1900 1908 1926 1960; x_wconf 79' lang='grc' dir='ltr'>ὁ</span> <span class='ocrx_word' id='word_1_268' title='bbox 1956 1906 2092 1981; x_wconf 72' lang='grc' dir='ltr'>ἱερὸς</span> 
     </span>
    </p>
   </div>
   <div class='ocr_carea' id='block_1_37' title="bbox 460 1994 2089 2076">
    <p class='ocr_par' dir='ltr' id='par_1_37' title="bbox 460 1994 2089 2076">
     <span class='ocr_line' id='line_1_37' title="bbox 460 1994 2089 2076; baseline -0.001 -27"><span class='ocrx_word' id='word_1_269' title='bbox 460 1994 782 2073; x_wconf 64' lang='grc' dir='ltr'>ἀπόστολος,</span> <span class='ocrx_word' id='word_1_270' title='bbox 830 2001 925 2061; x_wconf 76' lang='grc' dir='ltr'><strong>τῆς</strong></span> <span class='ocrx_word' id='word_1_271' title='bbox 968 2000 1152 2075; x_wconf 71' lang='grc' dir='ltr'>ψυχῆς</span> <span class='ocrx_word' id='word_1_272' title='bbox 1187 1999 1577 2076; x_wconf 40' lang='grc' dir='ltr'>αἰσθητήριον,</span> <span class='ocrx_word' id='word_1_273' title='bbox 1634 1997 2089 2071; x_wconf 68' lang='grc' dir='ltr'><strong>ἀναπεειπάζεται,</strong></span> 
     </span>
    </p>
   </div>
   <div class='ocr_carea' id='block_1_38' title="bbox 459 2082 2093 2166">
    <p class='ocr_par' dir='ltr' id='par_1_38' title="bbox 459 2082 2093 2166">
     <span class='ocr_line' id='line_1_38' title="bbox 459 2082 2093 2166; baseline -0.001 -21"><span class='ocrx_word' id='word_1_274' title='bbox 459 2084 577 2145; x_wconf 90' lang='lat' dir='ltr'><strong>Sed</strong></span> <span class='ocrx_word' id='word_1_275' title='bbox 606 2084 744 2162; x_wconf 87' lang='lat' dir='ltr'><strong>quid</strong></span> <span class='ocrx_word' id='word_1_276' title='bbox 770 2083 979 2162; x_wconf 87' lang='lat' dir='ltr'><strong>plura?</strong></span> <span class='ocrx_word' id='word_1_277' title='bbox 1004 2083 1141 2146; x_wconf 63' lang='lat' dir='ltr'><strong>Haec</strong></span> <span class='ocrx_word' id='word_1_278' title='bbox 1163 2085 1236 2147; x_wconf 89' lang='lat' dir='ltr'><strong>de</strong></span> <span class='ocrx_word' id='word_1_279' title='bbox 1258 2104 1373 2166; x_wconf 88' lang='lat' dir='ltr'><strong>qua</strong></span> <span class='ocrx_word' id='word_1_280' title='bbox 1392 2085 1623 2164; x_wconf 78' lang='lat' dir='ltr'><strong>agimus</strong></span> <span class='ocrx_word' id='word_1_281' title='bbox 1646 2084 1941 2146; x_wconf 87' lang='lat' dir='ltr'><strong>enarratio</strong></span> <span class='ocrx_word' id='word_1_282' title='bbox 1971 2082 2093 2144; x_wconf 83' lang='lat' dir='ltr'><strong>Eu-</strong></span> 
     </span>
    </p>
   </div>
   <div class='ocr_carea' id='block_1_39' title="bbox 458 2172 2093 2256">
    <p class='ocr_par' dir='ltr' id='par_1_39' title="bbox 458 2172 2093 2256">
     <span class='ocr_line' id='line_1_39' title="bbox 458 2172 2093 2256; baseline -0.001 -23"><span class='ocrx_word' id='word_1_283' title='bbox 458 2172 608 2233; x_wconf 85' lang='lat' dir='ltr'><strong>sebii</strong></span> <span class='ocrx_word' id='word_1_284' title='bbox 640 2172 1025 2235; x_wconf 57' lang='lat' dir='ltr'><strong>Caesariensis</strong></span> <span class='ocrx_word' id='word_1_285' title='bbox 1056 2173 1208 2236; x_wconf 87' lang='lat' dir='ltr'><strong>fetus</strong></span> <span class='ocrx_word' id='word_1_286' title='bbox 1239 2182 1353 2256; x_wconf 88' lang='lat' dir='ltr'><strong>est,</strong></span> <span class='ocrx_word' id='word_1_287' title='bbox 1389 2194 1503 2236; x_wconf 91' lang='lat' dir='ltr'><strong>non</strong></span> <span class='ocrx_word' id='word_1_288' title='bbox 1535 2174 1758 2236; x_wconf 83' lang='lat' dir='ltr'><strong>Basilii.</strong></span> <span class='ocrx_word' id='word_1_289' title='bbox 1796 2177 1948 2237; x_wconf 90' lang='lat' dir='ltr'><strong>Nam</strong></span> <span class='ocrx_word' id='word_1_290' title='bbox 1979 2192 2093 2252; x_wconf 91' lang='lat' dir='ltr'><strong>quo</strong></span> 
     </span>
    </p>
   </div>
   <div class='ocr_carea' id='block_1_40' title="bbox 456 2261 2096 2345">
    <p class='ocr_par' dir='ltr' id='par_1_40' title="bbox 456 2261 2096 2345">
     <span class='ocr_line' id='line_1_40' title="bbox 456 2261 2096 2345; baseline -0.001 -22"><span class='ocrx_word' id='word_1_291' title='bbox 456 2261 625 2342; x_wconf 90' lang='lat' dir='ltr'><strong>plura</strong></span> <span class='ocrx_word' id='word_1_292' title='bbox 659 2264 1039 2341; x_wconf 86' lang='lat' dir='ltr'><strong>reperiuntur</strong></span> <span class='ocrx_word' id='word_1_293' title='bbox 1065 2264 1550 2326; x_wconf 88' lang='lat' dir='ltr'><strong>inlucubratione</strong></span> <span class='ocrx_word' id='word_1_294' title='bbox 1582 2283 1649 2325; x_wconf 93' lang='lat' dir='ltr'><strong>ea</strong></span> <span class='ocrx_word' id='word_1_295' title='bbox 1676 2282 1802 2345; x_wconf 68' lang='lat' dir='ltr'><strong>qua:</strong></span> <span class='ocrx_word' id='word_1_296' title='bbox 1834 2262 1986 2324; x_wconf 88' lang='lat' dir='ltr'><strong>male</strong></span> <span class='ocrx_word' id='word_1_297' title='bbox 2011 2263 2096 2321; x_wconf 88' lang='lat' dir='ltr'><strong>iu-</strong></span> 
     </span>
    </p>
   </div>
   <div class='ocr_carea' id='block_1_41' title="bbox 459 2351 2099 2434">
    <p class='ocr_par' dir='ltr' id='par_1_41' title="bbox 459 2351 2099 2434">
     <span class='ocr_line' id='line_1_41' title="bbox 459 2351 2099 2434; baseline 0.001 -23"><span class='ocrx_word' id='word_1_298' title='bbox 459 2361 549 2412; x_wconf 90' lang='lat' dir='ltr'><strong>tcr</strong></span> <span class='ocrx_word' id='word_1_299' title='bbox 580 2351 782 2412; x_wconf 89' lang='lat' dir='ltr'><strong>Basilii</strong></span> <span class='ocrx_word' id='word_1_300' title='bbox 818 2371 997 2434; x_wconf 87' lang='lat' dir='ltr'><strong>opera</strong></span> <span class='ocrx_word' id='word_1_301' title='bbox 1053 2354 1334 2416; x_wconf 81' lang='lat' dir='ltr'><strong>eullecata</strong></span> <span class='ocrx_word' id='word_1_302' title='bbox 1366 2363 1473 2415; x_wconf 89' lang='lat' dir='ltr'><strong>est.</strong></span> <span class='ocrx_word' id='word_1_303' title='bbox 1512 2373 1684 2434; x_wconf 89' lang='lat' dir='ltr'><strong>quam</strong></span> <span class='ocrx_word' id='word_1_304' title='bbox 1741 2356 1797 2413; x_wconf 91' lang='lat' dir='ltr'><strong>in</strong></span> <span class='ocrx_word' id='word_1_305' title='bbox 1851 2352 2099 2430; x_wconf 81' lang='lat' dir='ltr'><strong>vulgatis</strong></span> 
     </span>
    </p>
   </div>
   <div class='ocr_carea' id='block_1_42' title="bbox 458 2440 2099 2517">
    <p class='ocr_par' dir='ltr' id='par_1_42' title="bbox 458 2440 2099 2517">
     <span class='ocr_line' id='line_1_42' title="bbox 458 2440 2099 2517; baseline -0.002 -13"><span class='ocrx_word' id='word_1_306' title='bbox 458 2440 703 2504; x_wconf 85' lang='lat' dir='ltr'><strong>Eusebii</strong></span> <span class='ocrx_word' id='word_1_307' title='bbox 739 2444 1204 2517; x_wconf 88' lang='lat' dir='ltr'><strong>commentariis,</strong></span> <span class='ocrx_word' id='word_1_308' title='bbox 1239 2461 1306 2504; x_wconf 84' lang='lat' dir='ltr'><strong>ex</strong></span> <span class='ocrx_word' id='word_1_309' title='bbox 1332 2462 1402 2505; x_wconf 92' lang='lat' dir='ltr'><strong>eo</strong></span> <span class='ocrx_word' id='word_1_310' title='bbox 1436 2463 1553 2505; x_wconf 92' lang='lat' dir='ltr'><strong>non</strong></span> <span class='ocrx_word' id='word_1_311' title='bbox 1615 2444 1871 2505; x_wconf 87' lang='lat' dir='ltr'><strong>efﬁcitur</strong></span> <span class='ocrx_word' id='word_1_312' title='bbox 1921 2450 2099 2502; x_wconf 87' lang='lat' dir='ltr'><strong>totam</strong></span> 
     </span>
    </p>
   </div>
   <div class='ocr_carea' id='block_1_43' title="bbox 471 2529 2103 2613">
    <p class='ocr_par' dir='ltr' id='par_1_43' title="bbox 471 2529 2103 2613">
     <span class='ocr_line' id='line_1_43' title="bbox 471 2529 2103 2613; baseline -0.002 -21"><span class='ocrx_word' id='word_1_313' title='bbox 471 2548 599 2592; x_wconf 86' lang='lat' dir='ltr'><strong>eam</strong></span> <span class='ocrx_word' id='word_1_314' title='bbox 624 2529 882 2592; x_wconf 89' lang='lat' dir='ltr'><strong>Eusebio</strong></span> <span class='ocrx_word' id='word_1_315' title='bbox 910 2530 1087 2593; x_wconf 90' lang='lat' dir='ltr'><strong>tribui</strong></span> <span class='ocrx_word' id='word_1_316' title='bbox 1111 2551 1225 2594; x_wconf 91' lang='lat' dir='ltr'><strong>non</strong></span> <span class='ocrx_word' id='word_1_317' title='bbox 1250 2542 1565 2613; x_wconf 88' lang='lat' dir='ltr'><strong>oportere:</strong></span> <span class='ocrx_word' id='word_1_318' title='bbox 1593 2536 1698 2595; x_wconf 88' lang='lat' dir='ltr'><strong>sed</strong></span> <span class='ocrx_word' id='word_1_319' title='bbox 1724 2532 1991 2613; x_wconf 89' lang='lat' dir='ltr'><strong>sequitur</strong></span> <span class='ocrx_word' id='word_1_320' title='bbox 2018 2551 2103 2590; x_wconf 82' lang='lat' dir='ltr'><strong>so-</strong></span> 
     </span>
    </p>
   </div>
   <div class='ocr_carea' id='block_1_44' title="bbox 468 2620 2097 2700">
    <p class='ocr_par' dir='ltr' id='par_1_44' title="bbox 468 2620 2097 2700">
     <span class='ocr_line' id='line_1_44' title="bbox 468 2620 2097 2700; baseline -0.001 -19"><span class='ocrx_word' id='word_1_321' title='bbox 468 2621 589 2681; x_wconf 92' lang='lat' dir='ltr'><strong>lum</strong></span> <span class='ocrx_word' id='word_1_322' title='bbox 613 2620 809 2700; x_wconf 89' lang='lat' dir='ltr'><strong>aliqua</strong></span> <span class='ocrx_word' id='word_1_323' title='bbox 831 2620 888 2681; x_wconf 93' lang='lat' dir='ltr'><strong>in</strong></span> <span class='ocrx_word' id='word_1_324' title='bbox 912 2620 1152 2683; x_wconf 88' lang='lat' dir='ltr'><strong>Eusebii</strong></span> <span class='ocrx_word' id='word_1_325' title='bbox 1182 2623 1626 2685; x_wconf 90' lang='lat' dir='ltr'><strong>commentariis</strong></span> <span class='ocrx_word' id='word_1_326' title='bbox 1656 2623 1871 2685; x_wconf 87' lang='lat' dir='ltr'><strong>omissa</strong></span> <span class='ocrx_word' id='word_1_327' title='bbox 1897 2621 2097 2683; x_wconf 88' lang='lat' dir='ltr'><strong>fuisse.</strong></span> 
     </span>
    </p>
   </div>
   <div class='ocr_carea' id='block_1_45' title="bbox 468 2711 2097 2792">
    <p class='ocr_par' dir='ltr' id='par_1_45' title="bbox 468 2711 2097 2792">
     <span class='ocr_line' id='line_1_45' title="bbox 468 2711 2097 2792; baseline -0.002 -19"><span class='ocrx_word' id='word_1_328' title='bbox 468 2712 550 2773; x_wconf 90' lang='lat' dir='ltr'><strong>Ita</strong></span> <span class='ocrx_word' id='word_1_329' title='bbox 579 2718 775 2771; x_wconf 88' lang='lat' dir='ltr'><strong>autem</strong></span> <span class='ocrx_word' id='word_1_330' title='bbox 829 2729 960 2772; x_wconf 89' lang='lat' dir='ltr'><strong>esse</strong></span> <span class='ocrx_word' id='word_1_331' title='bbox 1018 2711 1221 2773; x_wconf 85' lang='lat' dir='ltr'><strong>multis</strong></span> <span class='ocrx_word' id='word_1_332' title='bbox 1252 2713 1616 2791; x_wconf 81' lang='lat' dir='ltr'><strong>argumentis</strong></span> <span class='ocrx_word' id='word_1_333' title='bbox 1674 2712 1909 2792; x_wconf 87' lang='lat' dir='ltr'><strong>probari</strong></span> <span class='ocrx_word' id='word_1_334' title='bbox 1966 2728 2097 2771; x_wconf 90' lang='lat' dir='ltr'><strong>cum</strong></span> 
     </span>
    </p>
   </div>
   <div class='ocr_carea' id='block_1_46' title="bbox 467 2800 2097 2881">
    <p class='ocr_par' dir='ltr' id='par_1_46' title="bbox 467 2800 2097 2881">
     <span class='ocr_line' id='line_1_46' title="bbox 467 2800 2097 2881; baseline -0.001 -21"><span class='ocrx_word' id='word_1_335' title='bbox 467 2800 674 2880; x_wconf 90' lang='lat' dir='ltr'><strong>possit,</strong></span> <span class='ocrx_word' id='word_1_336' title='bbox 712 2800 827 2860; x_wconf 90' lang='lat' dir='ltr'><strong>duo</strong></span> <span class='ocrx_word' id='word_1_337' title='bbox 850 2800 1040 2862; x_wconf 91' lang='lat' dir='ltr'><strong>solum</strong></span> <span class='ocrx_word' id='word_1_338' title='bbox 1077 2802 1464 2880; x_wconf 85' lang='lat' dir='ltr'><strong>proferemus.</strong></span> <span class='ocrx_word' id='word_1_339' title='bbox 1504 2804 1766 2864; x_wconf 87' lang='lat' dir='ltr'><strong>Primum</strong></span> <span class='ocrx_word' id='word_1_340' title='bbox 1800 2812 1907 2880; x_wconf 92' lang='lat' dir='ltr'><strong>est,</strong></span> <span class='ocrx_word' id='word_1_341' title='bbox 1942 2800 2097 2881; x_wconf 91' lang='lat' dir='ltr'><strong>quod</strong></span> 
     </span>
    </p>
   </div>
   <div class='ocr_carea' id='block_1_47' title="bbox 464 2889 2099 2973">
    <p class='ocr_par' dir='ltr' id='par_1_47' title="bbox 464 2889 2099 2973">
     <span class='ocr_line' id='line_1_47' title="bbox 464 2889 2099 2973; baseline 0 -23"><span class='ocrx_word' id='word_1_342' title='bbox 464 2889 621 2951; x_wconf 88' lang='lat' dir='ltr'><strong>hanc</strong></span> <span class='ocrx_word' id='word_1_343' title='bbox 652 2890 1129 2953; x_wconf 86' lang='lat' dir='ltr'><strong>lucubrationem</strong></span> <span class='ocrx_word' id='word_1_344' title='bbox 1163 2912 1295 2973; x_wconf 65' lang='lat' dir='ltr'><strong>qua;</strong></span> <span class='ocrx_word' id='word_1_345' title='bbox 1316 2894 1376 2953; x_wconf 90' lang='lat' dir='ltr'><strong>in</strong></span> <span class='ocrx_word' id='word_1_346' title='bbox 1400 2893 1599 2955; x_wconf 90' lang='lat' dir='ltr'><strong>Basilii</strong></span> <span class='ocrx_word' id='word_1_347' title='bbox 1619 2892 1982 2954; x_wconf 89' lang='lat' dir='ltr'><strong>editionibus</strong></span> <span class='ocrx_word' id='word_1_348' title='bbox 2009 2892 2099 2951; x_wconf 89' lang='lat' dir='ltr'><strong>le-</strong></span> 
     </span>
    </p>
   </div>
   <div class='ocr_carea' id='block_1_48' title="bbox 465 2977 2097 3063">
    <p class='ocr_par' dir='ltr' id='par_1_48' title="bbox 465 2977 2097 3063">
     <span class='ocr_line' id='line_1_48' title="bbox 465 2977 2097 3063; baseline -0.001 -24"><span class='ocrx_word' id='word_1_349' title='bbox 465 2978 645 3059; x_wconf 81' lang='lat' dir='ltr'><strong>gitur,</strong></span> <span class='ocrx_word' id='word_1_350' title='bbox 680 2977 753 3040; x_wconf 86' lang='lat' dir='ltr'><strong>ab</strong></span> <span class='ocrx_word' id='word_1_351' title='bbox 777 2981 983 3041; x_wconf 88' lang='lat' dir='ltr'><strong>eadem</strong></span> <span class='ocrx_word' id='word_1_352' title='bbox 1022 2983 1191 3060; x_wconf 88' lang='lat' dir='ltr'><strong>plane</strong></span> <span class='ocrx_word' id='word_1_353' title='bbox 1221 3002 1395 3044; x_wconf 89' lang='lat' dir='ltr'><strong>manu</strong></span> <span class='ocrx_word' id='word_1_354' title='bbox 1421 2983 1740 3063; x_wconf 88' lang='lat' dir='ltr'><strong>profectam</strong></span> <span class='ocrx_word' id='word_1_355' title='bbox 1767 3000 1897 3043; x_wconf 89' lang='lat' dir='ltr'><strong>esse</strong></span> <span class='ocrx_word' id='word_1_356' title='bbox 1922 2988 2097 3040; x_wconf 78' lang='lat' dir='ltr'><strong>totam</strong></span> 
     </span>
    </p>
   </div>
   <div class='ocr_carea' id='block_1_49' title="bbox 461 3068 2096 3151">
    <p class='ocr_par' dir='ltr' id='par_1_49' title="bbox 461 3068 2096 3151">
     <span class='ocr_line' id='line_1_49' title="bbox 461 3068 2096 3151; baseline 0 -22"><span class='ocrx_word' id='word_1_357' title='bbox 461 3068 711 3148; x_wconf 89' lang='lat' dir='ltr'><strong>quilibet</strong></span> <span class='ocrx_word' id='word_1_358' title='bbox 736 3069 908 3148; x_wconf 85' lang='lat' dir='ltr'><strong>paulo</strong></span> <span class='ocrx_word' id='word_1_359' title='bbox 934 3072 1207 3149; x_wconf 84' lang='lat' dir='ltr'><strong>sagacior</strong></span> <span class='ocrx_word' id='word_1_360' title='bbox 1236 3072 1407 3133; x_wconf 83' lang='lat' dir='ltr'><strong>facile</strong></span> <span class='ocrx_word' id='word_1_361' title='bbox 1436 3072 1747 3151; x_wconf 82' lang='lat' dir='ltr'><strong>intelligat,</strong></span> <span class='ocrx_word' id='word_1_362' title='bbox 1776 3090 1909 3131; x_wconf 89' lang='lat' dir='ltr'><strong>cum</strong></span> <span class='ocrx_word' id='word_1_363' title='bbox 1940 3071 2096 3131; x_wconf 89' lang='lat' dir='ltr'><strong>idem</strong></span> 
     </span>
    </p>
   </div>
   <div class='ocr_carea' id='block_1_50' title="bbox 458 3156 2103 3240">
    <p class='ocr_par' dir='ltr' id='par_1_50' title="bbox 458 3156 2103 3240">
     <span class='ocr_line' id='line_1_50' title="bbox 458 3156 2103 3240; baseline 0.002 -24"><span class='ocrx_word' id='word_1_364' title='bbox 458 3156 827 3237; x_wconf 76' lang='lat' dir='ltr'><strong>stylus,idem</strong></span> <span class='ocrx_word' id='word_1_365' title='bbox 850 3159 1397 3240; x_wconf 89' lang='lat' dir='ltr'><strong>ingenium,eadem</strong></span> <span class='ocrx_word' id='word_1_366' title='bbox 1420 3162 1793 3223; x_wconf 87' lang='lat' dir='ltr'><strong>citandorum</strong></span> <span class='ocrx_word' id='word_1_367' title='bbox 1814 3160 2103 3240; x_wconf 86' lang='lat' dir='ltr'><strong>interpre-</strong></span> 
     </span>
    </p>
   </div>
   <div class='ocr_carea' id='block_1_51' title="bbox 2178 1897 3825 1983">
    <p class='ocr_par' dir='ltr' id='par_1_51' title="bbox 2178 1897 3825 1983">
     <span class='ocr_line' id='line_1_51' title="bbox 2178 1897 3825 1983; baseline 0 -19"><span class='ocrx_word' id='word_1_368' title='bbox 2178 1922 2295 1964; x_wconf 91' lang='lat' dir='ltr'><strong>non</strong></span> <span class='ocrx_word' id='word_1_369' title='bbox 2320 1904 2395 1963; x_wconf 91' lang='lat' dir='ltr'><strong>ita</strong></span> <span class='ocrx_word' id='word_1_370' title='bbox 2429 1903 2667 1983; x_wconf 89' lang='lat' dir='ltr'><strong>planam</strong></span> <span class='ocrx_word' id='word_1_371' title='bbox 2706 1898 2993 1963; x_wconf 85' lang='lat' dir='ltr'><strong>exhibent</strong></span> <span class='ocrx_word' id='word_1_372' title='bbox 3023 1897 3194 1959; x_wconf 89' lang='lat' dir='ltr'><strong>nobis</strong></span> <span class='ocrx_word' id='word_1_373' title='bbox 3223 1898 3297 1961; x_wconf 89' lang='lat' dir='ltr'><strong>de</strong></span> <span class='ocrx_word' id='word_1_374' title='bbox 3330 1900 3505 1960; x_wconf 89' lang='lat' dir='ltr'><strong>Patre</strong></span> <span class='ocrx_word' id='word_1_375' title='bbox 3535 1903 3825 1964; x_wconf 87' lang='lat' dir='ltr'><strong>narratio-</strong></span> 
     </span>
    </p>
   </div>
   <div class='ocr_carea' id='block_1_52' title="bbox 2178 1988 3820 2072">
    <p class='ocr_par' dir='ltr' id='par_1_52' title="bbox 2178 1988 3820 2072">
     <span class='ocr_line' id='line_1_52' title="bbox 2178 1988 3820 2072; baseline 0.001 -21"><span class='ocrx_word' id='word_1_376' title='bbox 2178 2010 2337 2053; x_wconf 87' lang='lat' dir='ltr'><strong>nem.</strong></span> <span class='ocrx_word' id='word_1_377' title='bbox 2371 1991 2577 2072; x_wconf 89' lang='lat' dir='ltr'><strong>Neque</strong></span> <span class='ocrx_word' id='word_1_378' title='bbox 2631 1992 2790 2052; x_wconf 92' lang='lat' dir='ltr'><strong>enim</strong></span> <span class='ocrx_word' id='word_1_379' title='bbox 2826 1989 2899 2050; x_wconf 91' lang='lat' dir='ltr'><strong>de</strong></span> <span class='ocrx_word' id='word_1_380' title='bbox 2946 1988 3147 2066; x_wconf 88' lang='lat' dir='ltr'><strong>lingua</strong></span> <span class='ocrx_word' id='word_1_381' title='bbox 3179 2006 3283 2047; x_wconf 87' lang='lat' dir='ltr'><strong>sua</strong></span> <span class='ocrx_word' id='word_1_382' title='bbox 3339 1991 3509 2050; x_wconf 89' lang='lat' dir='ltr'><strong>Pater</strong></span> <span class='ocrx_word' id='word_1_383' title='bbox 3559 1990 3820 2052; x_wconf 78' lang='lat' dir='ltr'><strong>dixerit:</strong></span> 
     </span>
    </p>
   </div>
   <div class='ocr_carea' id='block_1_53' title="bbox 2180 2077 3821 2152">
    <p class='ocr_par' dir='ltr' id='par_1_53' title="bbox 2180 2077 3821 2152">
     <span class='ocr_line' id='line_1_53' title="bbox 2180 2077 3821 2152; baseline -0.002 -14"><span class='ocrx_word' id='word_1_384' title='bbox 2180 2082 2385 2152; x_wconf 79' lang='lat' dir='ltr'><strong>Lingua</strong></span> <span class='ocrx_word' id='word_1_385' title='bbox 2418 2098 2529 2138; x_wconf 85' lang='lat' dir='ltr'><strong>mea</strong></span> <span class='ocrx_word' id='word_1_386' title='bbox 2561 2080 2803 2137; x_wconf 82' lang='lat' dir='ltr'><strong>calamus</strong></span> <span class='ocrx_word' id='word_1_387' title='bbox 2830 2078 3017 2135; x_wconf 68' lang='lat' dir='ltr'><strong>scriba</strong></span> <span class='ocrx_word' id='word_1_388' title='bbox 3069 2077 3320 2133; x_wconf 75' lang='lat' dir='ltr'><strong>velociter</strong></span> <span class='ocrx_word' id='word_1_389' title='bbox 3347 2077 3647 2135; x_wconf 75' lang='lat' dir='ltr'><strong>scribentis.</strong></span> <span class='ocrx_word' id='word_1_390' title='bbox 3697 2082 3821 2152; x_wconf 80' lang='lat' dir='ltr'><strong>Spe-</strong></span> 
     </span>
    </p>
   </div>
   <div class='ocr_carea' id='block_1_54' title="bbox 2177 2160 3819 2246">
    <p class='ocr_par' dir='ltr' id='par_1_54' title="bbox 2177 2160 3819 2246">
     <span class='ocr_line' id='line_1_54' title="bbox 2177 2160 3819 2246; baseline -0.002 -17"><span class='ocrx_word' id='word_1_391' title='bbox 2177 2169 2371 2229; x_wconf 76' lang='lat' dir='ltr'><strong>ciosus</strong></span> <span class='ocrx_word' id='word_1_392' title='bbox 2399 2169 2592 2245; x_wconf 84' lang='lat' dir='ltr'><strong>forma</strong></span> <span class='ocrx_word' id='word_1_393' title='bbox 2606 2184 2734 2246; x_wconf 71' lang='lat' dir='ltr'><strong>prae</strong></span> <span class='ocrx_word' id='word_1_394' title='bbox 2755 2163 2902 2239; x_wconf 75' lang='lat' dir='ltr'><strong>ﬁliis</strong></span> <span class='ocrx_word' id='word_1_395' title='bbox 2924 2164 3229 2226; x_wconf 74' lang='lat' dir='ltr'><strong>hominum</strong></span> <span class='ocrx_word' id='word_1_396' title='bbox 3253 2160 3335 2222; x_wconf 77' lang='grc'><strong>46.</strong></span> <span class='ocrx_word' id='word_1_397' title='bbox 3363 2161 3670 2243; x_wconf 87' lang='lat' dir='ltr'><strong>Siquidem</strong></span> <span class='ocrx_word' id='word_1_398' title='bbox 3696 2165 3819 2243; x_wconf 90' lang='lat' dir='ltr'><strong>pul-</strong></span> 
     </span>
    </p>
   </div>
   <div class='ocr_carea' id='block_1_55' title="bbox 2182 2254 3824 2336">
    <p class='ocr_par' dir='ltr' id='par_1_55' title="bbox 2182 2254 3824 2336">
     <span class='ocr_line' id='line_1_55' title="bbox 2182 2254 3824 2336; baseline -0.001 -19"><span class='ocrx_word' id='word_1_399' title='bbox 2182 2256 2538 2318; x_wconf 83' lang='lat' dir='ltr'><strong>chritudinis</strong></span> <span class='ocrx_word' id='word_1_400' title='bbox 2571 2254 2968 2336; x_wconf 84' lang='lat' dir='ltr'><strong>praestantiam</strong></span> <span class='ocrx_word' id='word_1_401' title='bbox 2993 2272 3065 2314; x_wconf 84' lang='lat' dir='ltr'><strong>ex</strong></span> <span class='ocrx_word' id='word_1_402' title='bbox 3089 2254 3529 2332; x_wconf 86' lang='lat' dir='ltr'><strong>comparatione</strong></span> <span class='ocrx_word' id='word_1_403' title='bbox 3555 2273 3689 2316; x_wconf 88' lang='lat' dir='ltr'><strong>cum</strong></span> <span class='ocrx_word' id='word_1_404' title='bbox 3710 2256 3824 2316; x_wconf 91' lang='lat' dir='ltr'><strong>ho-</strong></span> 
     </span>
    </p>
   </div>
   <div class='ocr_carea' id='block_1_56' title="bbox 2185 2341 3826 2426">
    <p class='ocr_par' dir='ltr' id='par_1_56' title="bbox 2185 2341 3826 2426">
     <span class='ocr_line' id='line_1_56' title="bbox 2185 2341 3826 2426; baseline -0.001 -20"><span class='ocrx_word' id='word_1_405' title='bbox 2185 2346 2442 2407; x_wconf 82' lang='lat' dir='ltr'><strong>miribus</strong></span> <span class='ocrx_word' id='word_1_406' title='bbox 2464 2363 2580 2407; x_wconf 89' lang='lat' dir='ltr'><strong>non</strong></span> <span class='ocrx_word' id='word_1_407' title='bbox 2617 2352 2939 2405; x_wconf 84' lang='lat' dir='ltr'><strong>mutuatur.</strong></span> <span class='ocrx_word' id='word_1_408' title='bbox 2986 2341 3051 2404; x_wconf 92' lang='lat' dir='ltr'><strong>In</strong></span> <span class='ocrx_word' id='word_1_409' title='bbox 3108 2342 3496 2421; x_wconf 89' lang='lat' dir='ltr'><strong>sequentibus</strong></span> <span class='ocrx_word' id='word_1_410' title='bbox 3551 2363 3689 2404; x_wconf 81' lang='lat' dir='ltr'><strong>vero</strong></span> <span class='ocrx_word' id='word_1_411' title='bbox 3720 2348 3826 2426; x_wconf 86' lang='lat' dir='ltr'><strong>ait,</strong></span> 
     </span>
    </p>
   </div>
   <div class='ocr_carea' id='block_1_57' title="bbox 2188 2432 3826 2516">
    <p class='ocr_par' dir='ltr' id='par_1_57' title="bbox 2188 2432 3826 2516">
     <span class='ocr_line' id='line_1_57' title="bbox 2188 2432 3826 2516; baseline -0.002 -18"><span class='ocrx_word' id='word_1_412' title='bbox 2188 2438 2517 2516; x_wconf 77' lang='lat' dir='ltr'><strong>Propterea</strong></span> <span class='ocrx_word' id='word_1_413' title='bbox 2547 2436 2727 2496; x_wconf 72' lang='lat' dir='ltr'><strong>unxit</strong></span> <span class='ocrx_word' id='word_1_414' title='bbox 2748 2443 2799 2496; x_wconf 83' lang='lat' dir='ltr'><strong>te</strong></span> <span class='ocrx_word' id='word_1_415' title='bbox 2824 2436 3001 2505; x_wconf 81' lang='lat' dir='ltr'><strong>Deus,</strong></span> <span class='ocrx_word' id='word_1_416' title='bbox 3015 2432 3170 2495; x_wconf 75' lang='lat' dir='ltr'><strong>Deus</strong></span> <span class='ocrx_word' id='word_1_417' title='bbox 3192 2439 3330 2494; x_wconf 86' lang='lat' dir='ltr'><strong>tuus</strong></span> <span class='ocrx_word' id='word_1_418' title='bbox 3348 2435 3474 2496; x_wconf 84' lang='lat' dir='ltr'><strong>oleo</strong></span> <span class='ocrx_word' id='word_1_419' title='bbox 3494 2432 3727 2496; x_wconf 62' lang='lat' dir='ltr'><strong>latitius</strong></span> <span class='ocrx_word' id='word_1_420' title='bbox 3744 2437 3826 2509; x_wconf 73' lang='lat'><strong>47;</strong></span> 
     </span>
    </p>
   </div>
   <div class='ocr_carea' id='block_1_58' title="bbox 2189 2522 3825 2605">
    <p class='ocr_par' dir='ltr' id='par_1_58' title="bbox 2189 2522 3825 2605">
     <span class='ocr_line' id='line_1_58' title="bbox 2189 2522 3825 2605; baseline 0.001 -19"><span class='ocrx_word' id='word_1_421' title='bbox 2189 2544 2379 2605; x_wconf 91' lang='lat' dir='ltr'><strong>neque</strong></span> <span class='ocrx_word' id='word_1_422' title='bbox 2398 2524 2554 2586; x_wconf 91' lang='lat' dir='ltr'><strong>enim</strong></span> <span class='ocrx_word' id='word_1_423' title='bbox 2594 2524 2695 2604; x_wconf 85' lang='lat' dir='ltr'><strong>ait,</strong></span> <span class='ocrx_word' id='word_1_424' title='bbox 2722 2523 2874 2588; x_wconf 85' lang='lat' dir='ltr'><strong>Unxi</strong></span> <span class='ocrx_word' id='word_1_425' title='bbox 2906 2534 2961 2585; x_wconf 85' lang='lat' dir='ltr'><strong>te</strong></span> <span class='ocrx_word' id='word_1_426' title='bbox 2994 2541 3102 2601; x_wconf 88' lang='lat' dir='ltr'><strong>ego</strong></span> <span class='ocrx_word' id='word_1_427' title='bbox 3136 2524 3319 2603; x_wconf 90' lang='lat' dir='ltr'><strong>Deus,</strong></span> <span class='ocrx_word' id='word_1_428' title='bbox 3343 2524 3470 2603; x_wconf 90' lang='lat' dir='ltr'><strong>sed,</strong></span> <span class='ocrx_word' id='word_1_429' title='bbox 3510 2522 3699 2586; x_wconf 69' lang='lat' dir='ltr'><strong>Unxit</strong></span> <span class='ocrx_word' id='word_1_430' title='bbox 3731 2536 3785 2587; x_wconf 77' lang='lat' dir='ltr'><strong>te</strong></span> <span class='ocrx_word' id='word_1_431' title='bbox 3813 2550 3825 2589; x_wconf 90' lang='lat'>:</span> 
     </span>
    </p>
   </div>
   <div class='ocr_carea' id='block_1_59' title="bbox 2192 2614 3833 2695">
    <p class='ocr_par' dir='ltr' id='par_1_59' title="bbox 2192 2614 3833 2695">
     <span class='ocr_line' id='line_1_59' title="bbox 2192 2614 3833 2695; baseline 0 -19"><span class='ocrx_word' id='word_1_432' title='bbox 2192 2618 2269 2676; x_wconf 90' lang='lat' dir='ltr'><strong>ita</strong></span> <span class='ocrx_word' id='word_1_433' title='bbox 2303 2625 2364 2676; x_wconf 85' lang='lat' dir='ltr'><strong>ut</strong></span> <span class='ocrx_word' id='word_1_434' title='bbox 2391 2615 2532 2677; x_wconf 90' lang='lat' dir='ltr'><strong>hinc</strong></span> <span class='ocrx_word' id='word_1_435' title='bbox 2564 2614 2851 2695; x_wconf 91' lang='lat' dir='ltr'><strong>liquidum</strong></span> <span class='ocrx_word' id='word_1_436' title='bbox 2886 2617 2959 2675; x_wconf 89' lang='lat' dir='ltr'><strong>sit</strong></span> <span class='ocrx_word' id='word_1_437' title='bbox 3002 2614 3177 2674; x_wconf 92' lang='lat' dir='ltr'><strong>aliam</strong></span> <span class='ocrx_word' id='word_1_438' title='bbox 3197 2631 3510 2693; x_wconf 87' lang='lat' dir='ltr'><strong>personam</strong></span> <span class='ocrx_word' id='word_1_439' title='bbox 3532 2631 3664 2675; x_wconf 89' lang='lat' dir='ltr'><strong>esse</strong></span> <span class='ocrx_word' id='word_1_440' title='bbox 3699 2635 3833 2692; x_wconf 74' lang='lat' dir='ltr'><strong>quae</strong></span> 
     </span>
    </p>
   </div>
   <div class='ocr_carea' id='block_1_60' title="bbox 2189 2702 3833 2785">
    <p class='ocr_par' dir='ltr' id='par_1_60' title="bbox 2189 2702 3833 2785">
     <span class='ocr_line' id='line_1_60' title="bbox 2189 2702 3833 2785; baseline 0 -19"><span class='ocrx_word' id='word_1_441' title='bbox 2189 2707 2469 2785; x_wconf 84' lang='lat' dir='ltr'><strong>loquitur.</strong></span> <span class='ocrx_word' id='word_1_442' title='bbox 2523 2706 2801 2777; x_wconf 55' lang='lat' dir='ltr'><strong>Quaenam</strong></span> <span class='ocrx_word' id='word_1_443' title='bbox 2860 2704 3037 2783; x_wconf 85' lang='lat' dir='ltr'><strong>igitur</strong></span> <span class='ocrx_word' id='word_1_444' title='bbox 3088 2703 3211 2775; x_wconf 85' lang='lat' dir='ltr'><strong>illa,</strong></span> <span class='ocrx_word' id='word_1_445' title='bbox 3249 2702 3361 2762; x_wconf 86' lang='lat' dir='ltr'><strong>nisi</strong></span> <span class='ocrx_word' id='word_1_446' title='bbox 3392 2704 3706 2783; x_wconf 85' lang='lat' dir='ltr'><strong>propheta,</strong></span> <span class='ocrx_word' id='word_1_447' title='bbox 3734 2707 3833 2783; x_wconf 91' lang='lat' dir='ltr'><strong>qui</strong></span> 
     </span>
    </p>
   </div>
   <div class='ocr_carea' id='block_1_61' title="bbox 2188 2792 3837 2876">
    <p class='ocr_par' dir='ltr' id='par_1_61' title="bbox 2188 2792 3837 2876">
     <span class='ocr_line' id='line_1_61' title="bbox 2188 2792 3837 2876; baseline 0 -21"><span class='ocrx_word' id='word_1_448' title='bbox 2188 2796 2455 2876; x_wconf 85' lang='lat' dir='ltr'><strong>illapsam</strong></span> <span class='ocrx_word' id='word_1_449' title='bbox 2480 2793 2736 2876; x_wconf 90' lang='lat' dir='ltr'><strong>Spiritus</strong></span> <span class='ocrx_word' id='word_1_450' title='bbox 2759 2793 2948 2856; x_wconf 90' lang='lat' dir='ltr'><strong>sancti</strong></span> <span class='ocrx_word' id='word_1_451' title='bbox 2975 2793 3089 2853; x_wconf 93' lang='lat' dir='ltr'><strong>vim</strong></span> <span class='ocrx_word' id='word_1_452' title='bbox 3114 2792 3173 2852; x_wconf 92' lang='lat' dir='ltr'><strong>in</strong></span> <span class='ocrx_word' id='word_1_453' title='bbox 3197 2810 3261 2853; x_wconf 92' lang='lat' dir='ltr'><strong>se</strong></span> <span class='ocrx_word' id='word_1_454' title='bbox 3284 2792 3543 2872; x_wconf 81' lang='lat' dir='ltr'><strong>recepit?</strong></span> <span class='ocrx_word' id='word_1_455' title='bbox 3573 2816 3595 2849; x_wconf 71' lang='grc' dir='ltr'><strong>υ</strong></span> <span class='ocrx_word' id='word_1_456' title='bbox 3634 2793 3837 2855; x_wconf 89' lang='lat' dir='ltr'><strong>Basilii</strong></span> 
     </span>
    </p>
   </div>
   <div class='ocr_carea' id='block_1_62' title="bbox 2186 2880 3832 2964">
    <p class='ocr_par' dir='ltr' id='par_1_62' title="bbox 2186 2880 3832 2964">
     <span class='ocr_line' id='line_1_62' title="bbox 2186 2880 3832 2964; baseline -0.001 -19"><span class='ocrx_word' id='word_1_457' title='bbox 2186 2888 2253 2946; x_wconf 72' lang='lat' dir='ltr'><strong>in</strong></span> <span class='ocrx_word' id='word_1_458' title='bbox 2284 2886 2446 2946; x_wconf 78' lang='lat' dir='ltr'><strong>hunc</strong></span> <span class='ocrx_word' id='word_1_459' title='bbox 2459 2886 2765 2964; x_wconf 83' lang='lat' dir='ltr'><strong>psalmum</strong></span> <span class='ocrx_word' id='word_1_460' title='bbox 2781 2882 3111 2944; x_wconf 91' lang='lat' dir='ltr'><strong>orationem</strong></span> <span class='ocrx_word' id='word_1_461' title='bbox 3134 2884 3180 2943; x_wconf 90' lang='lat' dir='ltr'><strong>si</strong></span> <span class='ocrx_word' id='word_1_462' title='bbox 3197 2880 3329 2962; x_wconf 87' lang='lat' dir='ltr'><strong>quis</strong></span> <span class='ocrx_word' id='word_1_463' title='bbox 3347 2884 3542 2959; x_wconf 86' lang='lat' dir='ltr'><strong>legere</strong></span> <span class='ocrx_word' id='word_1_464' title='bbox 3557 2882 3832 2959; x_wconf 89' lang='lat' dir='ltr'><strong>voluerit,</strong></span> 
     </span>
    </p>
   </div>
   <div class='ocr_carea' id='block_1_63' title="bbox 2186 2971 3834 3052">
    <p class='ocr_par' dir='ltr' id='par_1_63' title="bbox 2186 2971 3834 3052">
     <span class='ocr_line' id='line_1_63' title="bbox 2186 2971 3834 3052; baseline 0 -18"><span class='ocrx_word' id='word_1_465' title='bbox 2186 2974 2244 3034; x_wconf 90' lang='lat' dir='ltr'><strong>in</strong></span> <span class='ocrx_word' id='word_1_466' title='bbox 2281 2992 2351 3035; x_wconf 91' lang='lat' dir='ltr'><strong>ea</strong></span> <span class='ocrx_word' id='word_1_467' title='bbox 2379 2975 2492 3036; x_wconf 87' lang='lat' dir='ltr'><strong>hoc</strong></span> <span class='ocrx_word' id='word_1_468' title='bbox 2523 2972 2769 3034; x_wconf 89' lang='lat' dir='ltr'><strong>Eusebii</strong></span> <span class='ocrx_word' id='word_1_469' title='bbox 2828 2974 3226 3052; x_wconf 88' lang='lat' dir='ltr'><strong>fragmentum</strong></span> <span class='ocrx_word' id='word_1_470' title='bbox 3284 2971 3521 3050; x_wconf 78' lang='lat' dir='ltr'><strong>syllabis</strong></span> <span class='ocrx_word' id='word_1_471' title='bbox 3585 2973 3834 3035; x_wconf 86' lang='lat' dir='ltr'><strong>totidem</strong></span> 
     </span>
    </p>
   </div>
   <div class='ocr_carea' id='block_1_64' title="bbox 2189 3060 3833 3143">
    <p class='ocr_par' dir='ltr' id='par_1_64' title="bbox 2189 3060 3833 3143">
     <span class='ocr_line' id='line_1_64' title="bbox 2189 3060 3833 3143; baseline -0.001 -17"><span class='ocrx_word' id='word_1_472' title='bbox 2189 3062 2609 3143; x_wconf 84' lang='lat' dir='ltr'><strong>reperiet.Dixi</strong></span> <span class='ocrx_word' id='word_1_473' title='bbox 2635 3062 2993 3143; x_wconf 67' lang='lat' dir='ltr'><strong>saapius,uec</strong></span> <span class='ocrx_word' id='word_1_474' title='bbox 3015 3060 3218 3122; x_wconf 79' lang='lat' dir='ltr'><strong>dicere</strong></span> <span class='ocrx_word' id='word_1_475' title='bbox 3244 3060 3536 3134; x_wconf 89' lang='lat' dir='ltr'><strong>desinam,</strong></span> <span class='ocrx_word' id='word_1_476' title='bbox 3567 3081 3663 3123; x_wconf 89' lang='lat' dir='ltr'><strong>me</strong></span> <span class='ocrx_word' id='word_1_477' title='bbox 3683 3063 3833 3127; x_wconf 87' lang='lat' dir='ltr'><strong>mihi</strong></span> 
     </span>
    </p>
   </div>
   <div class='ocr_carea' id='block_1_65' title="bbox 2192 3150 3833 3233">
    <p class='ocr_par' dir='ltr' id='par_1_65' title="bbox 2192 3150 3833 3233">
     <span class='ocr_line' id='line_1_65' title="bbox 2192 3150 3833 3233; baseline 0 -21"><span class='ocrx_word' id='word_1_478' title='bbox 2192 3154 2546 3233; x_wconf 82' lang='lat' dir='ltr'><strong>persuadere</strong></span> <span class='ocrx_word' id='word_1_479' title='bbox 2560 3172 2678 3215; x_wconf 91' lang='lat' dir='ltr'><strong>non</strong></span> <span class='ocrx_word' id='word_1_480' title='bbox 2696 3170 2867 3232; x_wconf 91' lang='lat' dir='ltr'><strong>posse</strong></span> <span class='ocrx_word' id='word_1_481' title='bbox 2880 3151 3183 3213; x_wconf 86' lang='lat' dir='ltr'><strong>hominem</strong></span> <span class='ocrx_word' id='word_1_482' title='bbox 3199 3150 3740 3213; x_wconf 87' lang='lat' dir='ltr'><strong>disertissimumeu</strong></span> <span class='ocrx_word' id='word_1_483' title='bbox 3752 3172 3833 3212; x_wconf 87' lang='lat' dir='ltr'><strong>m-</strong></span> 
     </span>
    </p>
   </div>
   <div class='ocr_carea' id='block_1_66' title="bbox 468 3240 3835 3329">
    <p class='ocr_par' dir='ltr' id='par_1_66' title="bbox 468 3240 3835 3329">
     <span class='ocr_line' id='line_1_66' title="bbox 468 3240 3835 3329; baseline -0.003 -17"><span class='ocrx_word' id='word_1_484' title='bbox 468 3252 589 3305; x_wconf 79' lang='lat' dir='ltr'><strong>lum</strong></span> <span class='ocrx_word' id='word_1_485' title='bbox 625 3246 774 3305; x_wconf 74' lang='lat' dir='ltr'><strong>ratio</strong></span> <span class='ocrx_word' id='word_1_486' title='bbox 806 3248 862 3307; x_wconf 88' lang='lat' dir='ltr'><strong>in</strong></span> <span class='ocrx_word' id='word_1_487' title='bbox 896 3255 1017 3309; x_wconf 81' lang='lat' dir='ltr'><strong>toto</strong></span> <span class='ocrx_word' id='word_1_488' title='bbox 1046 3267 1324 3311; x_wconf 89' lang='lat' dir='ltr'><strong>sermone</strong></span> <span class='ocrx_word' id='word_1_489' title='bbox 1357 3249 1785 3329; x_wconf 82' lang='lat' dir='ltr'><strong>perspiciatur:</strong></span> <span class='ocrx_word' id='word_1_490' title='bbox 1824 3248 2099 3313; x_wconf 76' lang='lat' dir='ltr'><strong>alterum.</strong></span> <span class='ocrx_word' id='word_1_491' title='bbox 2126 3316 2160 3329; x_wconf 52' lang='grc' dir='ltr'>η</span> <span class='ocrx_word' id='word_1_492' title='bbox 2190 3243 2450 3323; x_wconf 79' lang='lat' dir='ltr'><strong>demque</strong></span> <span class='ocrx_word' id='word_1_493' title='bbox 2486 3242 2963 3324; x_wconf 86' lang='lat' dir='ltr'><strong>copiosissimum</strong></span> <span class='ocrx_word' id='word_1_494' title='bbox 2998 3240 3282 3329; x_wconf 88' lang='lat' dir='ltr'><strong>Basilium</strong></span> <span class='ocrx_word' id='word_1_495' title='bbox 3330 3242 3566 3319; x_wconf 75' lang='lat' dir='ltr'><strong>graeculi</strong></span> <span class='ocrx_word' id='word_1_496' title='bbox 3618 3242 3835 3303; x_wconf 91' lang='lat' dir='ltr'><strong>malam</strong></span> 
     </span>
    </p>
   </div>
   <div class='ocr_carea' id='block_1_67' title="bbox 462 3316 3835 3418">
    <p class='ocr_par' dir='ltr' id='par_1_67' title="bbox 462 3316 3835 3418">
     <span class='ocr_line' id='line_1_67' title="bbox 462 3316 3835 3418; baseline -0 -25"><span class='ocrx_word' id='word_1_497' title='bbox 462 3333 617 3413; x_wconf 86' lang='lat' dir='ltr'><strong>quod</strong></span> <span class='ocrx_word' id='word_1_498' title='bbox 642 3334 865 3413; x_wconf 87' lang='lat' dir='ltr'><strong>aliquot</strong></span> <span class='ocrx_word' id='word_1_499' title='bbox 892 3336 1316 3400; x_wconf 87' lang='lat' dir='ltr'><strong>versiculorum</strong></span> <span class='ocrx_word' id='word_1_500' title='bbox 1334 3316 1886 3418; x_wconf 76' lang='lat' dir='ltr'><strong>interpretationem</strong></span> <span class='ocrx_word' id='word_1_501' title='bbox 1907 3339 1967 3397; x_wconf 91' lang='lat' dir='ltr'><strong>in</strong></span> <span class='ocrx_word' id='word_1_502' title='bbox 1985 3338 2105 3397; x_wconf 84' lang='lat' dir='ltr'><strong>vul-</strong></span> <span class='ocrx_word' id='word_1_503' title='bbox 2122 3316 2162 3365; x_wconf 75' lang='lat' dir='ltr'><strong>C</strong></span> <span class='ocrx_word' id='word_1_504' title='bbox 2187 3316 2371 3393; x_wconf 79' lang='lat' dir='ltr'><strong>artem</strong></span> <span class='ocrx_word' id='word_1_505' title='bbox 2404 3316 2697 3394; x_wconf 75' lang='lat' dir='ltr'><strong>imitatum</strong></span> <span class='ocrx_word' id='word_1_506' title='bbox 2721 3329 3031 3403; x_wconf 89' lang='lat' dir='ltr'><strong>esse.Quid</strong></span> <span class='ocrx_word' id='word_1_507' title='bbox 3060 3328 3219 3392; x_wconf 90' lang='lat' dir='ltr'><strong>enim</strong></span> <span class='ocrx_word' id='word_1_508' title='bbox 3246 3316 3534 3392; x_wconf 85' lang='lat' dir='ltr'><strong>attinebat</strong></span> <span class='ocrx_word' id='word_1_509' title='bbox 3550 3330 3835 3393; x_wconf 87' lang='lat' dir='ltr'><strong>Basilium</strong></span> 
     </span>
    </p>
   </div>
   <div class='ocr_carea' id='block_1_68' title="bbox 463 3423 2103 3506">
    <p class='ocr_par' dir='ltr' id='par_1_68' title="bbox 463 3423 2103 3506">
     <span class='ocr_line' id='line_1_68' title="bbox 463 3423 2103 3506; baseline 0.004 -23"><span class='ocrx_word' id='word_1_510' title='bbox 463 3423 614 3500; x_wconf 85' lang='lat' dir='ltr'><strong>gatis</strong></span> <span class='ocrx_word' id='word_1_511' title='bbox 640 3423 881 3485; x_wconf 87' lang='lat' dir='ltr'><strong>Eusebii</strong></span> <span class='ocrx_word' id='word_1_512' title='bbox 907 3424 1074 3486; x_wconf 85' lang='lat' dir='ltr'><strong>libris</strong></span> <span class='ocrx_word' id='word_1_513' title='bbox 1094 3427 1269 3489; x_wconf 91' lang='lat' dir='ltr'><strong>desse</strong></span> <span class='ocrx_word' id='word_1_514' title='bbox 1299 3436 1549 3490; x_wconf 85' lang='lat' dir='ltr'><strong>constet.</strong></span> <span class='ocrx_word' id='word_1_515' title='bbox 1574 3427 1719 3490; x_wconf 89' lang='lat' dir='ltr'><strong>Puto</strong></span> <span class='ocrx_word' id='word_1_516' title='bbox 1747 3428 1927 3506; x_wconf 86' lang='lat' dir='ltr'><strong>igitur</strong></span> <span class='ocrx_word' id='word_1_517' title='bbox 1957 3446 2103 3489; x_wconf 88' lang='lat' dir='ltr'><strong>cau-</strong></span> 
     </span>
    </p>
   </div>
   <div class='ocr_carea' id='block_1_69' title="bbox 463 3514 2103 3599">
    <p class='ocr_par' dir='ltr' id='par_1_69' title="bbox 463 3514 2103 3599">
     <span class='ocr_line' id='line_1_69' title="bbox 463 3514 2103 3599; baseline 0.001 -26"><span class='ocrx_word' id='word_1_518' title='bbox 463 3529 588 3573; x_wconf 87' lang='lat' dir='ltr'><strong>sam</strong></span> <span class='ocrx_word' id='word_1_519' title='bbox 612 3530 720 3573; x_wconf 92' lang='lat' dir='ltr'><strong>cur</strong></span> <span class='ocrx_word' id='word_1_520' title='bbox 733 3514 941 3591; x_wconf 89' lang='lat' dir='ltr'><strong>psalmi</strong></span> <span class='ocrx_word' id='word_1_521' title='bbox 958 3516 1238 3577; x_wconf 81' lang='lat' dir='ltr'><strong>tricesimi</strong></span> <span class='ocrx_word' id='word_1_522' title='bbox 1254 3518 1486 3596; x_wconf 86' lang='lat' dir='ltr'><strong>septimi</strong></span> <span class='ocrx_word' id='word_1_523' title='bbox 1505 3518 1835 3599; x_wconf 80' lang='lat' dir='ltr'><strong>explanatio</strong></span> <span class='ocrx_word' id='word_1_524' title='bbox 1864 3518 2103 3578; x_wconf 83' lang='lat' dir='ltr'><strong>brevior</strong></span> 
     </span>
    </p>
   </div>
   <div class='ocr_carea' id='block_1_70' title="bbox 463 3600 2107 3688">
    <p class='ocr_par' dir='ltr' id='par_1_70' title="bbox 463 3600 2107 3688">
     <span class='ocr_line' id='line_1_70' title="bbox 463 3600 2107 3688; baseline 0.002 -27"><span class='ocrx_word' id='word_1_525' title='bbox 463 3600 539 3661; x_wconf 89' lang='lat' dir='ltr'><strong>sit</strong></span> <span class='ocrx_word' id='word_1_526' title='bbox 562 3602 719 3679; x_wconf 87' lang='lat' dir='ltr'><strong>apud</strong></span> <span class='ocrx_word' id='word_1_527' title='bbox 754 3602 1073 3666; x_wconf 88' lang='lat' dir='ltr'><strong>Eusebium</strong></span> <span class='ocrx_word' id='word_1_528' title='bbox 1095 3626 1267 3685; x_wconf 89' lang='lat' dir='ltr'><strong>quam</strong></span> <span class='ocrx_word' id='word_1_529' title='bbox 1291 3607 1445 3688; x_wconf 92' lang='lat' dir='ltr'><strong>apud</strong></span> <span class='ocrx_word' id='word_1_530' title='bbox 1470 3607 1958 3687; x_wconf 90' lang='lat' dir='ltr'><strong>Basilium,aliam</strong></span> <span class='ocrx_word' id='word_1_531' title='bbox 1990 3626 2107 3666; x_wconf 91' lang='lat' dir='ltr'><strong>non</strong></span> 
     </span>
    </p>
   </div>
   <div class='ocr_carea' id='block_1_71' title="bbox 465 3690 2101 3771">
    <p class='ocr_par' dir='ltr' id='par_1_71' title="bbox 465 3690 2101 3771">
     <span class='ocr_line' id='line_1_71' title="bbox 465 3690 2101 3771; baseline 0.003 -21"><span class='ocrx_word' id='word_1_532' title='bbox 465 3708 618 3769; x_wconf 89' lang='lat' dir='ltr'><strong>esse,</strong></span> <span class='ocrx_word' id='word_1_533' title='bbox 646 3690 761 3752; x_wconf 88' lang='lat' dir='ltr'><strong>nisi</strong></span> <span class='ocrx_word' id='word_1_534' title='bbox 781 3693 937 3771; x_wconf 89' lang='lat' dir='ltr'><strong>quod</strong></span> <span class='ocrx_word' id='word_1_535' title='bbox 967 3694 1190 3756; x_wconf 90' lang='lat' dir='ltr'><strong>librarii</strong></span> <span class='ocrx_word' id='word_1_536' title='bbox 1224 3706 1327 3757; x_wconf 88' lang='lat' dir='ltr'><strong>aut</strong></span> <span class='ocrx_word' id='word_1_537' title='bbox 1353 3697 1508 3757; x_wconf 90' lang='lat' dir='ltr'><strong>nacti</strong></span> <span class='ocrx_word' id='word_1_538' title='bbox 1531 3696 1650 3758; x_wconf 92' lang='lat' dir='ltr'><strong>sint</strong></span> <span class='ocrx_word' id='word_1_539' title='bbox 1673 3696 1942 3758; x_wconf 88' lang='lat' dir='ltr'><strong>codicem</strong></span> <span class='ocrx_word' id='word_1_540' title='bbox 1970 3715 2101 3756; x_wconf 86' lang='lat' dir='ltr'><strong>mu—</strong></span> 
     </span>
    </p>
   </div>
   <div class='ocr_carea' id='block_1_72' title="bbox 466 3779 1438 3863">
    <p class='ocr_par' dir='ltr' id='par_1_72' title="bbox 466 3779 1438 3863">
     <span class='ocr_line' id='line_1_72' title="bbox 466 3779 1438 3863; baseline 0.008 -23"><span class='ocrx_word' id='word_1_541' title='bbox 466 3779 655 3856; x_wconf 91' lang='lat' dir='ltr'><strong>tilum,</strong></span> <span class='ocrx_word' id='word_1_542' title='bbox 690 3790 790 3841; x_wconf 90' lang='lat' dir='ltr'><strong>aut</strong></span> <span class='ocrx_word' id='word_1_543' title='bbox 824 3787 1200 3863; x_wconf 83' lang='lat' dir='ltr'><strong>pepercerim</strong></span> <span class='ocrx_word' id='word_1_544' title='bbox 1228 3784 1438 3847; x_wconf 89' lang='lat' dir='ltr'><strong>labori.</strong></span> 
     </span>
    </p>
   </div>
   <div class='ocr_carea' id='block_1_73' title="bbox 545 3868 2105 3957">
    <p class='ocr_par' dir='ltr' id='par_1_73' title="bbox 545 3868 2105 3957">
     <span class='ocr_line' id='line_1_73' title="bbox 545 3868 2105 3957; baseline 0.004 -26"><span class='ocrx_word' id='word_1_545' title='bbox 545 3868 929 3941; x_wconf 72' lang='lat' dir='ltr'><strong>37.0ua3dam</strong></span> <span class='ocrx_word' id='word_1_546' title='bbox 956 3874 1162 3937; x_wconf 89' lang='lat' dir='ltr'><strong>Basilii</strong></span> <span class='ocrx_word' id='word_1_547' title='bbox 1186 3876 1250 3937; x_wconf 77' lang='lat' dir='ltr'><strong>in</strong></span> <span class='ocrx_word' id='word_1_548' title='bbox 1268 3876 1536 3940; x_wconf 84' lang='lat' dir='ltr'><strong>Psalmos</strong></span> <span class='ocrx_word' id='word_1_549' title='bbox 1558 3877 1947 3945; x_wconf 85' lang='lat' dir='ltr'><strong>orationes.in</strong></span> <span class='ocrx_word' id='word_1_550' title='bbox 1974 3876 2105 3957; x_wconf 88' lang='lat' dir='ltr'><strong>qui-</strong></span> 
     </span>
    </p>
   </div>
   <div class='ocr_carea' id='block_1_74' title="bbox 466 3956 2111 4047">
    <p class='ocr_par' dir='ltr' id='par_1_74' title="bbox 466 3956 2111 4047">
     <span class='ocr_line' id='line_1_74' title="bbox 466 3956 2111 4047; baseline 0.005 -29"><span class='ocrx_word' id='word_1_551' title='bbox 466 3956 575 4047; x_wconf 88' lang='lat' dir='ltr'><strong>bus</strong></span> <span class='ocrx_word' id='word_1_552' title='bbox 596 3956 925 4037; x_wconf 84' lang='lat' dir='ltr'><strong>fragmenta</strong></span> <span class='ocrx_word' id='word_1_553' title='bbox 946 3962 1183 4025; x_wconf 88' lang='lat' dir='ltr'><strong>Eusebii</strong></span> <span class='ocrx_word' id='word_1_554' title='bbox 1202 3965 1273 4026; x_wconf 90' lang='lat' dir='ltr'><strong>ad</strong></span> <span class='ocrx_word' id='word_1_555' title='bbox 1299 3966 1546 4028; x_wconf 91' lang='lat' dir='ltr'><strong>verbum</strong></span> <span class='ocrx_word' id='word_1_556' title='bbox 1569 3974 1923 4047; x_wconf 86' lang='lat' dir='ltr'><strong>transcripta</strong></span> <span class='ocrx_word' id='word_1_557' title='bbox 1939 3956 2111 4046; x_wconf 86' lang='lat' dir='ltr'><strong>repe-</strong></span> 
     </span>
    </p>
   </div>
   <div class='ocr_carea' id='block_1_75' title="bbox 2190 3419 3842 3502">
    <p class='ocr_par' dir='ltr' id='par_1_75' title="bbox 2190 3419 3842 3502">
     <span class='ocr_line' id='line_1_75' title="bbox 2190 3419 3842 3502; baseline 0 -20"><span class='ocrx_word' id='word_1_558' title='bbox 2190 3422 2442 3483; x_wconf 89' lang='lat' dir='ltr'><strong>induere</strong></span> <span class='ocrx_word' id='word_1_559' title='bbox 2472 3440 2537 3484; x_wconf 90' lang='lat' dir='ltr'><strong>se</strong></span> <span class='ocrx_word' id='word_1_560' title='bbox 2568 3420 2782 3502; x_wconf 90' lang='lat' dir='ltr'><strong>pennis</strong></span> <span class='ocrx_word' id='word_1_561' title='bbox 2832 3420 3069 3497; x_wconf 83' lang='lat' dir='ltr'><strong>alienis,</strong></span> <span class='ocrx_word' id='word_1_562' title='bbox 3102 3420 3203 3499; x_wconf 87' lang='lat' dir='ltr'><strong>qui</strong></span> <span class='ocrx_word' id='word_1_563' title='bbox 3252 3419 3376 3481; x_wconf 87' lang='lat' dir='ltr'><strong>suis</strong></span> <span class='ocrx_word' id='word_1_564' title='bbox 3430 3419 3615 3495; x_wconf 83' lang='lat' dir='ltr'><strong>magis</strong></span> <span class='ocrx_word' id='word_1_565' title='bbox 3664 3441 3842 3502; x_wconf 86' lang='lat' dir='ltr'><strong>quam</strong></span> 
     </span>
    </p>
   </div>
   <div class='ocr_carea' id='block_1_76' title="bbox 2190 3508 3847 3574">
    <p class='ocr_par' dir='ltr' id='par_1_76' title="bbox 2190 3508 3847 3574">
     <span class='ocr_line' id='line_1_76' title="bbox 2190 3508 3847 3574; baseline 0.001 -2"><span class='ocrx_word' id='word_1_566' title='bbox 2190 3512 2393 3573; x_wconf 87' lang='lat' dir='ltr'><strong>ascitis</strong></span> <span class='ocrx_word' id='word_1_567' title='bbox 2425 3509 2868 3574; x_wconf 84' lang='lat' dir='ltr'><strong>decorabatur?</strong></span> <span class='ocrx_word' id='word_1_568' title='bbox 2904 3508 3173 3571; x_wconf 87' lang='lat' dir='ltr'><strong>Potuisse</strong></span> <span class='ocrx_word' id='word_1_569' title='bbox 3206 3509 3485 3570; x_wconf 91' lang='lat' dir='ltr'><strong>Basilium</strong></span> <span class='ocrx_word' id='word_1_570' title='bbox 3519 3510 3591 3570; x_wconf 90' lang='lat' dir='ltr'><strong>ab</strong></span> <span class='ocrx_word' id='word_1_571' title='bbox 3655 3515 3847 3574; x_wconf 88' lang='lat' dir='ltr'><strong>Euse-</strong></span> 
     </span>
    </p>
   </div>
   <div class='ocr_carea' id='block_1_77' title="bbox 2193 3598 3853 3680">
    <p class='ocr_par' dir='ltr' id='par_1_77' title="bbox 2193 3598 3853 3680">
     <span class='ocr_line' id='line_1_77' title="bbox 2193 3598 3853 3680; baseline -0.001 -18"><span class='ocrx_word' id='word_1_572' title='bbox 2193 3602 2287 3662; x_wconf 92' lang='lat' dir='ltr'><strong>bio</strong></span> <span class='ocrx_word' id='word_1_573' title='bbox 2318 3601 2644 3663; x_wconf 87' lang='lat' dir='ltr'><strong>sententias</strong></span> <span class='ocrx_word' id='word_1_574' title='bbox 2710 3599 2995 3680; x_wconf 87' lang='lat' dir='ltr'><strong>quasdam</strong></span> <span class='ocrx_word' id='word_1_575' title='bbox 3063 3601 3344 3679; x_wconf 86' lang='lat' dir='ltr'><strong>mutuari,</strong></span> <span class='ocrx_word' id='word_1_576' title='bbox 3380 3616 3528 3678; x_wconf 87' lang='lat' dir='ltr'><strong>quas</strong></span> <span class='ocrx_word' id='word_1_577' title='bbox 3586 3598 3853 3678; x_wconf 82' lang='lat' dir='ltr'><strong>politiori</strong></span> 
     </span>
    </p>
   </div>
   <div class='ocr_carea' id='block_1_78' title="bbox 2193 3687 3847 3771">
    <p class='ocr_par' dir='ltr' id='par_1_78' title="bbox 2193 3687 3847 3771">
     <span class='ocr_line' id='line_1_78' title="bbox 2193 3687 3847 3771; baseline 0 -20"><span class='ocrx_word' id='word_1_578' title='bbox 2193 3691 2431 3753; x_wconf 80' lang='lat' dir='ltr'><strong>dicendi</strong></span> <span class='ocrx_word' id='word_1_579' title='bbox 2470 3707 2697 3771; x_wconf 85' lang='lat' dir='ltr'><strong>genere</strong></span> <span class='ocrx_word' id='word_1_580' title='bbox 2753 3707 2891 3750; x_wconf 89' lang='lat' dir='ltr'><strong>suas</strong></span> <span class='ocrx_word' id='word_1_581' title='bbox 2923 3687 3185 3761; x_wconf 88' lang='lat' dir='ltr'><strong>fecisset,</strong></span> <span class='ocrx_word' id='word_1_582' title='bbox 3216 3704 3335 3749; x_wconf 91' lang='lat' dir='ltr'><strong>non</strong></span> <span class='ocrx_word' id='word_1_583' title='bbox 3366 3688 3537 3749; x_wconf 90' lang='lat' dir='ltr'><strong>ierim</strong></span> <span class='ocrx_word' id='word_1_584' title='bbox 3570 3688 3847 3750; x_wconf 83' lang='lat' dir='ltr'><strong>inﬁcias:</strong></span> 
     </span>
    </p>
   </div>
   <div class='ocr_carea' id='block_1_79' title="bbox 2194 3778 3847 3859">
    <p class='ocr_par' dir='ltr' id='par_1_79' title="bbox 2194 3778 3847 3859">
     <span class='ocr_line' id='line_1_79' title="bbox 2194 3778 3847 3859; baseline -0.002 -16"><span class='ocrx_word' id='word_1_585' title='bbox 2194 3782 2295 3844; x_wconf 87' lang='lat' dir='ltr'><strong>sed</strong></span> <span class='ocrx_word' id='word_1_586' title='bbox 2355 3800 2491 3843; x_wconf 90' lang='lat' dir='ltr'><strong>eum</strong></span> <span class='ocrx_word' id='word_1_587' title='bbox 2545 3782 2618 3842; x_wconf 90' lang='lat' dir='ltr'><strong>ab</strong></span> <span class='ocrx_word' id='word_1_588' title='bbox 2680 3781 2894 3843; x_wconf 81' lang='lat' dir='ltr'><strong>eodem</strong></span> <span class='ocrx_word' id='word_1_589' title='bbox 2952 3778 3186 3859; x_wconf 89' lang='lat' dir='ltr'><strong>longam</strong></span> <span class='ocrx_word' id='word_1_590' title='bbox 3250 3778 3564 3839; x_wconf 87' lang='lat' dir='ltr'><strong>verborum</strong></span> <span class='ocrx_word' id='word_1_591' title='bbox 3626 3778 3847 3840; x_wconf 87' lang='lat' dir='ltr'><strong>seriem</strong></span> 
     </span>
    </p>
   </div>
   <div class='ocr_carea' id='block_1_80' title="bbox 2192 3868 3849 3951">
    <p class='ocr_par' dir='ltr' id='par_1_80' title="bbox 2192 3868 3849 3951">
     <span class='ocr_line' id='line_1_80' title="bbox 2192 3868 3849 3951; baseline -0.001 -19"><span class='ocrx_word' id='word_1_592' title='bbox 2192 3876 2617 3951; x_wconf 88' lang='lat' dir='ltr'><strong>sumpsisse,ut</strong></span> <span class='ocrx_word' id='word_1_593' title='bbox 2641 3870 2879 3931; x_wconf 85' lang='lat' dir='ltr'><strong>credam</strong></span> <span class='ocrx_word' id='word_1_594' title='bbox 2907 3870 2999 3930; x_wconf 81' lang='lat' dir='ltr'><strong>vix</strong></span> <span class='ocrx_word' id='word_1_595' title='bbox 3032 3868 3293 3929; x_wconf 85' lang='lat' dir='ltr'><strong>adducar</strong></span> <span class='ocrx_word' id='word_1_596' title='bbox 3320 3888 3336 3941; x_wconf 86' lang='lat'><strong>;</strong></span> <span class='ocrx_word' id='word_1_597' title='bbox 3362 3868 3692 3947; x_wconf 65' lang='lat' dir='ltr'><strong>praesertim</strong></span> <span class='ocrx_word' id='word_1_598' title='bbox 3712 3888 3849 3930; x_wconf 89' lang='lat' dir='ltr'><strong>cum</strong></span> 
     </span>
    </p>
   </div>
   <div class='ocr_carea' id='block_1_81' title="bbox 2192 3956 3854 4037">
    <p class='ocr_par' dir='ltr' id='par_1_81' title="bbox 2192 3956 3854 4037">
     <span class='ocr_line' id='line_1_81' title="bbox 2192 3956 3854 4037; baseline -0.002 -14"><span class='ocrx_word' id='word_1_599' title='bbox 2192 3965 2325 4023; x_wconf 90' lang='lat' dir='ltr'><strong>sine</strong></span> <span class='ocrx_word' id='word_1_600' title='bbox 2363 3963 2547 4023; x_wconf 90' lang='lat' dir='ltr'><strong>multo</strong></span> <span class='ocrx_word' id='word_1_601' title='bbox 2580 3960 2789 4022; x_wconf 90' lang='lat' dir='ltr'><strong>labore</strong></span> <span class='ocrx_word' id='word_1_602' title='bbox 2839 3958 3205 4037; x_wconf 88' lang='lat' dir='ltr'><strong>elegantiora</strong></span> <span class='ocrx_word' id='word_1_603' title='bbox 3236 3956 3506 4018; x_wconf 83' lang='lat' dir='ltr'><strong>dixisset.</strong></span> <span class='ocrx_word' id='word_1_604' title='bbox 3548 3957 3854 4020; x_wconf 88' lang='lat' dir='ltr'><strong>Librarios</strong></span> 
     </span>
    </p>
   </div>
   <div class='ocr_carea' id='block_1_82' title="bbox 464 4045 3855 4132">
    <p class='ocr_par' dir='ltr' id='par_1_82' title="bbox 464 4045 3855 4132">
     <span class='ocr_line' id='line_1_82' title="bbox 464 4045 3855 4132; baseline 0.001 -24"><span class='ocrx_word' id='word_1_605' title='bbox 464 4045 919 4125; x_wconf 89' lang='lat' dir='ltr'><strong>riebamus,non</strong></span> <span class='ocrx_word' id='word_1_606' title='bbox 945 4071 1151 4132; x_wconf 69' lang='lat' dir='ltr'><strong>parum</strong></span> <span class='ocrx_word' id='word_1_607' title='bbox 1176 4056 1440 4132; x_wconf 90' lang='lat' dir='ltr'><strong>nobis,ut</strong></span> <span class='ocrx_word' id='word_1_608' title='bbox 1457 4076 1562 4119; x_wconf 93' lang='lat' dir='ltr'><strong>suo</strong></span> <span class='ocrx_word' id='word_1_609' title='bbox 1593 4057 1723 4119; x_wconf 91' lang='lat' dir='ltr'><strong>loco</strong></span> <span class='ocrx_word' id='word_1_610' title='bbox 1750 4045 2108 4129; x_wconf 84' lang='lat' dir='ltr'><strong>notavimus,</strong></span> <span class='ocrx_word' id='word_1_611' title='bbox 2195 4052 2381 4129; x_wconf 87' lang='lat' dir='ltr'><strong>igitur</strong></span> <span class='ocrx_word' id='word_1_612' title='bbox 2406 4069 2475 4111; x_wconf 91' lang='lat' dir='ltr'><strong>ea</strong></span> <span class='ocrx_word' id='word_1_613' title='bbox 2503 4051 2561 4111; x_wconf 92' lang='lat' dir='ltr'><strong>in</strong></span> <span class='ocrx_word' id='word_1_614' title='bbox 2592 4067 2659 4110; x_wconf 92' lang='lat' dir='ltr'><strong>re</strong></span> <span class='ocrx_word' id='word_1_615' title='bbox 2684 4048 2839 4109; x_wconf 88' lang='lat' dir='ltr'><strong>male</strong></span> <span class='ocrx_word' id='word_1_616' title='bbox 2862 4048 3162 4109; x_wconf 84' lang='lat' dir='ltr'><strong>officiosos</strong></span> <span class='ocrx_word' id='word_1_617' title='bbox 3182 4047 3305 4107; x_wconf 65' lang='lat' dir='ltr'><strong>haec</strong></span> <span class='ocrx_word' id='word_1_618' title='bbox 3331 4046 3646 4108; x_wconf 88' lang='lat' dir='ltr'><strong>Basilianis</strong></span> <span class='ocrx_word' id='word_1_619' title='bbox 3666 4067 3855 4110; x_wconf 89' lang='lat' dir='ltr'><strong>anne-</strong></span> 
     </span>
    </p>
   </div>
   <div class='ocr_carea' id='block_1_83' title="bbox 468 4135 3852 4225">
    <p class='ocr_par' dir='ltr' id='par_1_83' title="bbox 468 4135 3852 4225">
     <span class='ocr_line' id='line_1_83' title="bbox 468 4135 3852 4225; baseline -0.001 -24"><span class='ocrx_word' id='word_1_620' title='bbox 468 4138 796 4201; x_wconf 80' lang='lat' dir='ltr'><strong>exhibuere</strong></span> <span class='ocrx_word' id='word_1_621' title='bbox 817 4141 1288 4219; x_wconf 64' lang='lat' dir='ltr'><strong>negotii.Ethaac</strong></span> <span class='ocrx_word' id='word_1_622' title='bbox 1315 4163 1550 4225; x_wconf 90' lang='lat' dir='ltr'><strong>quoque</strong></span> <span class='ocrx_word' id='word_1_623' title='bbox 1570 4148 1629 4206; x_wconf 77' lang='lat' dir='ltr'><strong>iu</strong></span> <span class='ocrx_word' id='word_1_624' title='bbox 1652 4145 1947 4225; x_wconf 79' lang='lat' dir='ltr'><strong>psalmum</strong></span> <span class='ocrx_word' id='word_1_625' title='bbox 1971 4163 2116 4224; x_wconf 77' lang='lat' dir='ltr'><strong>qua—</strong></span> <span class='ocrx_word' id='word_1_626' title='bbox 2198 4140 2399 4202; x_wconf 83' lang='lat' dir='ltr'><strong>xuisse</strong></span> <span class='ocrx_word' id='word_1_627' title='bbox 2429 4138 2717 4201; x_wconf 87' lang='lat' dir='ltr'><strong>arbitror.</strong></span> <span class='ocrx_word' id='word_1_628' title='bbox 2745 4137 2929 4216; x_wconf 87' lang='lat' dir='ltr'><strong>Legas</strong></span> <span class='ocrx_word' id='word_1_629' title='bbox 2960 4135 3135 4196; x_wconf 90' lang='lat' dir='ltr'><strong>velim</strong></span> <span class='ocrx_word' id='word_1_630' title='bbox 3164 4153 3495 4225; x_wconf 85' lang='lat' dir='ltr'><strong>mumerum</strong></span> <span class='ocrx_word' id='word_1_631' title='bbox 3524 4136 3624 4217; x_wconf 84' lang='grc'><strong>35,</strong></span> <span class='ocrx_word' id='word_1_632' title='bbox 3656 4136 3713 4198; x_wconf 91' lang='lat' dir='ltr'><strong>in</strong></span> <span class='ocrx_word' id='word_1_633' title='bbox 3733 4157 3852 4218; x_wconf 87' lang='lat' dir='ltr'><strong>quo</strong></span> 
     </span>
    </p>
   </div>
   <div class='ocr_carea' id='block_1_84' title="bbox 468 4224 3851 4315">
    <p class='ocr_par' dir='ltr' id='par_1_84' title="bbox 468 4224 3851 4315">
     <span class='ocr_line' id='line_1_84' title="bbox 468 4224 3851 4315; baseline -0 -25"><span class='ocrx_word' id='word_1_634' title='bbox 468 4228 879 4309; x_wconf 80' lang='lat' dir='ltr'><strong>dragesz’mum</strong></span> <span class='ocrx_word' id='word_1_635' title='bbox 898 4242 1185 4311; x_wconf 82' lang='lat' dir='ltr'><strong>quartum</strong></span> <span class='ocrx_word' id='word_1_636' title='bbox 1207 4224 1528 4315; x_wconf 85' lang='lat' dir='ltr'><strong>enarratio,</strong></span> <span class='ocrx_word' id='word_1_637' title='bbox 1556 4224 1714 4310; x_wconf 85' lang='lat' dir='ltr'><strong>quod</strong></span> <span class='ocrx_word' id='word_1_638' title='bbox 1747 4235 1886 4296; x_wconf 86' lang='lat' dir='ltr'><strong>huic</strong></span> <span class='ocrx_word' id='word_1_639' title='bbox 1913 4234 2106 4295; x_wconf 90' lang='lat' dir='ltr'><strong>eidem</strong></span> <span class='ocrx_word' id='word_1_640' title='bbox 2201 4249 2327 4292; x_wconf 89' lang='lat' dir='ltr'><strong>eam</strong></span> <span class='ocrx_word' id='word_1_641' title='bbox 2364 4230 2421 4291; x_wconf 90' lang='lat' dir='ltr'><strong>in</strong></span> <span class='ocrx_word' id='word_1_642' title='bbox 2455 4227 2810 4290; x_wconf 89' lang='lat' dir='ltr'><strong>sententiam</strong></span> <span class='ocrx_word' id='word_1_643' title='bbox 2849 4226 3031 4287; x_wconf 90' lang='lat' dir='ltr'><strong>multa</strong></span> <span class='ocrx_word' id='word_1_644' title='bbox 3066 4244 3170 4305; x_wconf 92' lang='lat' dir='ltr'><strong>pro</strong></span> <span class='ocrx_word' id='word_1_645' title='bbox 3201 4224 3356 4286; x_wconf 81' lang='lat' dir='ltr'><strong>virili</strong></span> <span class='ocrx_word' id='word_1_646' title='bbox 3389 4225 3851 4315; x_wconf 81' lang='lat' dir='ltr'><strong>disputavimus.</strong></span> 
     </span>
    </p>
   </div>
   <div class='ocr_carea' id='block_1_85' title="bbox 469 4313 3856 4404">
    <p class='ocr_par' dir='ltr' id='par_1_85' title="bbox 469 4313 3856 4404">
     <span class='ocr_line' id='line_1_85' title="bbox 469 4313 3856 4404; baseline -0.001 -25"><span class='ocrx_word' id='word_1_647' title='bbox 469 4317 849 4381; x_wconf 89' lang='lat' dir='ltr'><strong>incommodo</strong></span> <span class='ocrx_word' id='word_1_648' title='bbox 868 4319 1124 4384; x_wconf 77' lang='lat' dir='ltr'><strong>obnoxia</strong></span> <span class='ocrx_word' id='word_1_649' title='bbox 1144 4323 1365 4404; x_wconf 88' lang='lat' dir='ltr'><strong>sit,non</strong></span> <span class='ocrx_word' id='word_1_650' title='bbox 1386 4313 1584 4385; x_wconf 86' lang='lat' dir='ltr'><strong>minus</strong></span> <span class='ocrx_word' id='word_1_651' title='bbox 1605 4342 1710 4387; x_wconf 90' lang='lat' dir='ltr'><strong>nos</strong></span> <span class='ocrx_word' id='word_1_652' title='bbox 1738 4326 1888 4386; x_wconf 90' lang='lat' dir='ltr'><strong>male</strong></span> <span class='ocrx_word' id='word_1_653' title='bbox 1908 4324 2104 4403; x_wconf 85' lang='lat' dir='ltr'><strong>habet,</strong></span> <span class='ocrx_word' id='word_1_654' title='bbox 2274 4318 2684 4382; x_wconf 88' lang='lat' dir='ltr'><strong>38.0rationis</strong></span> <span class='ocrx_word' id='word_1_655' title='bbox 2708 4317 2837 4397; x_wconf 85' lang='lat' dir='ltr'><strong>ejus</strong></span> <span class='ocrx_word' id='word_1_656' title='bbox 2863 4334 2980 4395; x_wconf 90' lang='lat' dir='ltr'><strong>qua</strong></span> <span class='ocrx_word' id='word_1_657' title='bbox 3006 4315 3265 4404; x_wconf 87' lang='lat' dir='ltr'><strong>psalmus</strong></span> <span class='ocrx_word' id='word_1_658' title='bbox 3290 4313 3660 4404; x_wconf 87' lang='lat' dir='ltr'><strong>centesimus</strong></span> <span class='ocrx_word' id='word_1_659' title='bbox 3687 4317 3856 4379; x_wconf 86' lang='lat' dir='ltr'><strong>deci-</strong></span> 
     </span>
    </p>
   </div>
   <div class='ocr_carea' id='block_1_86' title="bbox 471 4402 3853 4494">
    <p class='ocr_par' dir='ltr' id='par_1_86' title="bbox 471 4402 3853 4494">
     <span class='ocr_line' id='line_1_86' title="bbox 471 4402 3853 4494; baseline -0.001 -26"><span class='ocrx_word' id='word_1_660' title='bbox 471 4425 647 4488; x_wconf 88' lang='lat' dir='ltr'><strong>quam</strong></span> <span class='ocrx_word' id='word_1_661' title='bbox 682 4408 933 4488; x_wconf 89' lang='lat' dir='ltr'><strong>priores.</strong></span> <span class='ocrx_word' id='word_1_662' title='bbox 969 4409 1165 4473; x_wconf 85' lang='lat' dir='ltr'><strong>Verba</strong></span> <span class='ocrx_word' id='word_1_663' title='bbox 1195 4402 1438 4475; x_wconf 84' lang='lat' dir='ltr'><strong>Eusebii</strong></span> <span class='ocrx_word' id='word_1_664' title='bbox 1467 4414 1843 4494; x_wconf 88' lang='lat' dir='ltr'><strong>subjicimus,</strong></span> <span class='ocrx_word' id='word_1_665' title='bbox 1881 4425 1943 4475; x_wconf 92' lang='lat' dir='ltr'><strong>ut</strong></span> <span class='ocrx_word' id='word_1_666' title='bbox 1975 4431 2108 4474; x_wconf 90' lang='lat' dir='ltr'><strong>cum</strong></span> <span class='ocrx_word' id='word_1_667' title='bbox 2196 4427 2323 4469; x_wconf 88' lang='lat' dir='ltr'><strong>mus</strong></span> <span class='ocrx_word' id='word_1_668' title='bbox 2358 4417 2599 4488; x_wconf 87' lang='lat' dir='ltr'><strong>quartus</strong></span> <span class='ocrx_word' id='word_1_669' title='bbox 2630 4407 2690 4467; x_wconf 91' lang='lat' dir='ltr'><strong>in</strong></span> <span class='ocrx_word' id='word_1_670' title='bbox 2724 4404 3036 4468; x_wconf 87' lang='lat' dir='ltr'><strong>Basilianis</strong></span> <span class='ocrx_word' id='word_1_671' title='bbox 3069 4402 3433 4494; x_wconf 88' lang='lat' dir='ltr'><strong>editionibus</strong></span> <span class='ocrx_word' id='word_1_672' title='bbox 3466 4403 3853 4494; x_wconf 84' lang='lat' dir='ltr'><strong>explanatur,</strong></span> 
     </span>
    </p>
   </div>
   <div class='ocr_carea' id='block_1_87' title="bbox 470 4493 3860 4584">
    <p class='ocr_par' dir='ltr' id='par_1_87' title="bbox 470 4493 3860 4584">
     <span class='ocr_line' id='line_1_87' title="bbox 470 4493 3860 4584; baseline 0 -26"><span class='ocrx_word' id='word_1_673' title='bbox 470 4494 947 4578; x_wconf 65' lang='lat' dir='ltr'><strong>Basilianis,quaa</strong></span> <span class='ocrx_word' id='word_1_674' title='bbox 974 4517 1083 4561; x_wconf 87' lang='lat' dir='ltr'><strong>suo</strong></span> <span class='ocrx_word' id='word_1_675' title='bbox 1105 4501 1315 4564; x_wconf 89' lang='lat' dir='ltr'><strong>ordine</strong></span> <span class='ocrx_word' id='word_1_676' title='bbox 1346 4493 1694 4564; x_wconf 87' lang='lat' dir='ltr'><strong>excudenda</strong></span> <span class='ocrx_word' id='word_1_677' title='bbox 1712 4504 2114 4584; x_wconf 82' lang='lat' dir='ltr'><strong>sunt,possint</strong></span> <span class='ocrx_word' id='word_1_678' title='bbox 2196 4499 2578 4577; x_wconf 88' lang='lat' dir='ltr'><strong>reperiuntur</strong></span> <span class='ocrx_word' id='word_1_679' title='bbox 2603 4496 2843 4576; x_wconf 90' lang='lat' dir='ltr'><strong>quidem</strong></span> <span class='ocrx_word' id='word_1_680' title='bbox 2883 4496 3211 4572; x_wconf 88' lang='lat' dir='ltr'><strong>fragmenta</strong></span> <span class='ocrx_word' id='word_1_681' title='bbox 3255 4494 3313 4554; x_wconf 90' lang='lat' dir='ltr'><strong>in</strong></span> <span class='ocrx_word' id='word_1_682' title='bbox 3346 4493 3715 4584; x_wconf 88' lang='lat' dir='ltr'><strong>Corderiana</strong></span> <span class='ocrx_word' id='word_1_683' title='bbox 3748 4516 3860 4559; x_wconf 83' lang='lat' dir='ltr'><strong>ca—</strong></span> 
     </span>
    </p>
   </div>
   <div class='ocr_carea' id='block_1_88' title="bbox 470 4582 3857 4693">
    <p class='ocr_par' dir='ltr' id='par_1_88' title="bbox 470 4582 3857 4693">
     <span class='ocr_line' id='line_1_88' title="bbox 470 4582 3857 4693; baseline 0 -47"><span class='ocrx_word' id='word_1_684' title='bbox 470 4586 762 4693; x_wconf 45' lang='lat' dir='ltr'><strong>conferri:</strong></span> <span class='ocrx_word' id='word_1_685' title='bbox 789 4586 927 4650; x_wconf 63' lang='lat' dir='ltr'><strong>Haec</strong></span> <span class='ocrx_word' id='word_1_686' title='bbox 956 4588 1135 4669; x_wconf 89' lang='lat' dir='ltr'><strong>igitur</strong></span> <span class='ocrx_word' id='word_1_687' title='bbox 1165 4592 1440 4671; x_wconf 87' lang='lat' dir='ltr'><strong>leguntur</strong></span> <span class='ocrx_word' id='word_1_688' title='bbox 1468 4593 1626 4674; x_wconf 88' lang='lat' dir='ltr'><strong>apud</strong></span> <span class='ocrx_word' id='word_1_689' title='bbox 1649 4582 1967 4655; x_wconf 84' lang='lat' dir='ltr'><strong>Eusebium</strong></span> <span class='ocrx_word' id='word_1_690' title='bbox 1993 4612 2110 4653; x_wconf 83' lang='lat' dir='ltr'><strong>non</strong></span> <span class='ocrx_word' id='word_1_691' title='bbox 2138 4644 2181 4693; x_wconf 66' lang='grc' dir='ltr'>υ</span> <span class='ocrx_word' id='word_1_692' title='bbox 2204 4587 2471 4660; x_wconf 87' lang='lat' dir='ltr'><strong>tena,sed</strong></span> <span class='ocrx_word' id='word_1_693' title='bbox 2498 4586 2744 4693; x_wconf 74' lang='lat' dir='ltr'><strong>nomine</strong></span> <span class='ocrx_word' id='word_1_694' title='bbox 2763 4585 3285 4693; x_wconf 55' lang='lat' dir='ltr'><strong>diversorummon</strong></span> <span class='ocrx_word' id='word_1_695' title='bbox 3303 4582 3677 4693; x_wconf 48' lang='lat' dir='ltr'><strong>Basilii.r.§&#39;lia</strong></span> <span class='ocrx_word' id='word_1_696' title='bbox 3692 4586 3857 4647; x_wconf 83' lang='lat' dir='ltr'><strong>enim</strong></span> 
     </span>
    </p>
   </div>
   <div class='ocr_carea' id='block_1_89' title="bbox 475 4672 2097 4761">
    <p class='ocr_par' dir='ltr' id='par_1_89' title="bbox 475 4672 2097 4761">
     <span class='ocr_line' id='line_1_89' title="bbox 475 4672 2097 4761; baseline 0 -24"><span class='ocrx_word' id='word_1_697' title='bbox 475 4674 654 4754; x_wconf 87' lang='lat' dir='ltr'><strong>longe</strong></span> <span class='ocrx_word' id='word_1_698' title='bbox 711 4676 784 4739; x_wconf 88' lang='lat' dir='ltr'><strong>ab</strong></span> <span class='ocrx_word' id='word_1_699' title='bbox 854 4677 1066 4743; x_wconf 90' lang='lat' dir='ltr'><strong>initio:</strong></span> <span class='ocrx_word' id='word_1_700' title='bbox 1129 4683 1276 4748; x_wconf 65' lang='grc' dir='ltr'>Τινὲς</span> <span class='ocrx_word' id='word_1_701' title='bbox 1322 4672 1578 4758; x_wconf 74' lang='grc' dir='ltr'>ᾠήθησαν</span> <span class='ocrx_word' id='word_1_702' title='bbox 1627 4687 1701 4749; x_wconf 82' lang='grc' dir='ltr'>ὡς</span> <span class='ocrx_word' id='word_1_703' title='bbox 1725 4685 1784 4740; x_wconf 77' lang='grc' dir='ltr'>ἐκ</span> <span class='ocrx_word' id='word_1_704' title='bbox 1832 4688 2097 4761; x_wconf 73' lang='grc' dir='ltr'>προσώπω</span> 
     </span>
    </p>
   </div>
   <div class='ocr_carea' id='block_1_90' title="bbox 2185 4672 3861 4761">
    <p class='ocr_par' dir='ltr' id='par_1_90' title="bbox 2210 4672 3861 4754">
     <span class='ocr_line' id='line_1_90' title="bbox 2210 4672 3861 4754; baseline -0.001 -15"><span class='ocrx_word' id='word_1_705' title='bbox 2210 4678 2557 4739; x_wconf 84' lang='lat' dir='ltr'><strong>tribuuntur</strong></span> <span class='ocrx_word' id='word_1_706' title='bbox 2593 4675 2865 4754; x_wconf 84' lang='lat' dir='ltr'><strong>Didymo,</strong></span> <span class='ocrx_word' id='word_1_707' title='bbox 2902 4674 3021 4735; x_wconf 86' lang='lat' dir='ltr'><strong>alia</strong></span> <span class='ocrx_word' id='word_1_708' title='bbox 3045 4672 3495 4753; x_wconf 79' lang='lat' dir='ltr'><strong>Chrysostomo,</strong></span> <span class='ocrx_word' id='word_1_709' title='bbox 3533 4672 3861 4737; x_wconf 90' lang='lat' dir='ltr'><strong>Theodoro</strong></span> 
     </span>
    </p>
   </div>
   <div class='ocr_carea' id='block_1_91' title="bbox 472 4762 2097 4868">
    <p class='ocr_par' dir='ltr' id='par_1_91' title="bbox 472 4767 2097 4850">
     <span class='ocr_line' id='line_1_91' title="bbox 472 4767 2097 4850; baseline 0.004 -28"><span class='ocrx_word' id='word_1_710' title='bbox 472 4776 567 4825; x_wconf 79' lang='grc' dir='ltr'><strong>τοῦ</strong></span> <span class='ocrx_word' id='word_1_711' title='bbox 597 4768 797 4845; x_wconf 85' lang='grc' dir='ltr'>Πατρὸς</span> <span class='ocrx_word' id='word_1_712' title='bbox 841 4767 1085 4848; x_wconf 80' lang='grc' dir='ltr'>λέγεσθαι</span> <span class='ocrx_word' id='word_1_713' title='bbox 1116 4772 1204 4829; x_wconf 84' lang='grc' dir='ltr'><strong>τὸν</strong></span> <span class='ocrx_word' id='word_1_714' title='bbox 1261 4771 1475 4848; x_wconf 78' lang='grc' dir='ltr'>ψαλμὸν</span> <span class='ocrx_word' id='word_1_715' title='bbox 1506 4773 1623 4841; x_wconf 72' lang='grc' dir='ltr'>ἤτοι</span> <span class='ocrx_word' id='word_1_716' title='bbox 1676 4775 1774 4841; x_wconf 73' lang='grc' dir='ltr'><strong>τὴν</strong></span> <span class='ocrx_word' id='word_1_717' title='bbox 1823 4775 1964 4848; x_wconf 77' lang='grc' dir='ltr'>ᾠδὴν</span> <span class='ocrx_word' id='word_1_718' title='bbox 2010 4794 2097 4850; x_wconf 57' lang='grc' dir='ltr'><strong>περ</strong></span> 
     </span>
    </p>
   </div>
   <div class='ocr_carea' id='block_1_92' title="bbox 2185 4762 3865 4868">
    <p class='ocr_par' dir='ltr' id='par_1_92' title="bbox 2212 4762 3865 4845">
     <span class='ocr_line' id='line_1_92' title="bbox 2212 4762 3865 4845; baseline -0.001 -15"><span class='ocrx_word' id='word_1_719' title='bbox 2212 4768 2347 4843; x_wconf 85' lang='lat' dir='ltr'><strong>alia,</strong></span> <span class='ocrx_word' id='word_1_720' title='bbox 2373 4766 2487 4828; x_wconf 89' lang='lat' dir='ltr'><strong>alia</strong></span> <span class='ocrx_word' id='word_1_721' title='bbox 2508 4766 2840 4845; x_wconf 79' lang='lat' dir='ltr'><strong>Anonymo.</strong></span> <span class='ocrx_word' id='word_1_722' title='bbox 2870 4763 2987 4826; x_wconf 87' lang='lat' dir='ltr'><strong>Sed</strong></span> <span class='ocrx_word' id='word_1_723' title='bbox 3020 4764 3187 4826; x_wconf 91' lang='lat' dir='ltr'><strong>locus</strong></span> <span class='ocrx_word' id='word_1_724' title='bbox 3210 4763 3313 4824; x_wconf 90' lang='lat' dir='ltr'><strong>ille</strong></span> <span class='ocrx_word' id='word_1_725' title='bbox 3341 4763 3445 4838; x_wconf 86' lang='lat' dir='ltr'><strong>qui</strong></span> <span class='ocrx_word' id='word_1_726' title='bbox 3468 4762 3616 4823; x_wconf 89' lang='lat' dir='ltr'><strong>eain</strong></span> <span class='ocrx_word' id='word_1_727' title='bbox 3646 4775 3865 4829; x_wconf 82' lang='lat' dir='ltr'><strong>catena</strong></span> 
     </span>
    </p>
   </div>
   <div class='ocr_carea' id='block_1_93' title="bbox 474 4855 2109 4945">
    <p class='ocr_par' dir='ltr' id='par_1_93' title="bbox 474 4855 2109 4945">
     <span class='ocr_line' id='line_1_93' title="bbox 474 4855 2109 4945; baseline 0.01 -35"><span class='ocrx_word' id='word_1_728' title='bbox 474 4862 567 4911; x_wconf 79' lang='grc' dir='ltr'>τοῦ</span> <span class='ocrx_word' id='word_1_729' title='bbox 607 4855 661 4911; x_wconf 77' lang='grc' dir='ltr'>ἐν</span> <span class='ocrx_word' id='word_1_730' title='bbox 718 4857 866 4937; x_wconf 72' lang='grc' dir='ltr'>ἀρχῇ</span> <span class='ocrx_word' id='word_1_731' title='bbox 926 4858 1077 4924; x_wconf 70' lang='grc' dir='ltr'>ὄντος</span> <span class='ocrx_word' id='word_1_732' title='bbox 1136 4862 1267 4940; x_wconf 85' lang='grc' dir='ltr'>πρὸς</span> <span class='ocrx_word' id='word_1_733' title='bbox 1323 4862 1480 4921; x_wconf 83' lang='grc' dir='ltr'>ἀύτὸν</span> <span class='ocrx_word' id='word_1_734' title='bbox 1536 4865 1733 4945; x_wconf 70' lang='grc' dir='ltr'><strong>Λόγου³</strong></span> <span class='ocrx_word' id='word_1_735' title='bbox 1790 4865 1847 4920; x_wconf 84' lang='grc' dir='ltr'>ὅν</span> <span class='ocrx_word' id='word_1_736' title='bbox 1903 4864 1961 4921; x_wconf 84' lang='grc' dir='ltr'>ἐκ</span> <span class='ocrx_word' id='word_1_737' title='bbox 2013 4864 2109 4932; x_wconf 69' lang='grc' dir='ltr'><strong>τῆς</strong></span> 
     </span>
    </p>
   </div>
   <div class='ocr_carea' id='block_1_94' title="bbox 482 4945 2119 5035">
    <p class='ocr_par' dir='ltr' id='par_1_94' title="bbox 482 4945 2119 5035">
     <span class='ocr_line' id='line_1_94' title="bbox 482 4945 2119 5035; baseline 0.007 -36"><span class='ocrx_word' id='word_1_738' title='bbox 482 4945 637 5035; x_wconf 70' lang='grc' dir='ltr'>οἱονεὶ</span> <span class='ocrx_word' id='word_1_739' title='bbox 670 4946 883 5025; x_wconf 79' lang='grc' dir='ltr'>καρδίας</span> <span class='ocrx_word' id='word_1_740' title='bbox 932 4951 968 5017; x_wconf 79' lang='grc' dir='ltr'>ἣ</span> <span class='ocrx_word' id='word_1_741' title='bbox 1026 4950 1196 5008; x_wconf 73' lang='grc' dir='ltr'>αὐτῶν</span> <span class='ocrx_word' id='word_1_742' title='bbox 1239 4958 1343 5008; x_wconf 83' lang='grc' dir='ltr'>τῶν</span> <span class='ocrx_word' id='word_1_743' title='bbox 1393 4952 1744 5035; x_wconf 55' lang='grc' dir='ltr'><strong>οτιλάγγοκον⁷</strong></span> <span class='ocrx_word' id='word_1_744' title='bbox 1798 4957 1947 5034; x_wconf 72' lang='grc' dir='ltr'>φησὶ,</span> <span class='ocrx_word' id='word_1_745' title='bbox 1985 4977 2119 5033; x_wconf 86' lang='grc' dir='ltr'>προ-</span> 
     </span>
    </p>
   </div>
   <div class='ocr_carea' id='block_1_95' title="bbox 476 5033 2120 5122">
    <p class='ocr_par' dir='ltr' id='par_1_95' title="bbox 476 5033 2120 5122">
     <span class='ocr_line' id='line_1_95' title="bbox 476 5033 2120 5122; baseline 0.006 -34"><span class='ocrx_word' id='word_1_746' title='bbox 476 5033 703 5111; x_wconf 74' lang='grc' dir='ltr'>ήγαγεν,</span> <span class='ocrx_word' id='word_1_747' title='bbox 737 5037 824 5091; x_wconf 85' lang='grc' dir='ltr'><strong>καὶ</strong></span> <span class='ocrx_word' id='word_1_748' title='bbox 860 5036 965 5095; x_wconf 81' lang='grc' dir='ltr'><strong>ἀπὸ</strong></span> <span class='ocrx_word' id='word_1_749' title='bbox 999 5039 1196 5116; x_wconf 72' lang='grc' dir='ltr'>ἀγαθῆς</span> <span class='ocrx_word' id='word_1_750' title='bbox 1229 5038 1446 5120; x_wconf 76' lang='grc' dir='ltr'><strong>καρδίας</strong></span> <span class='ocrx_word' id='word_1_751' title='bbox 1492 5033 1684 5120; x_wconf 76' lang='grc' dir='ltr'>ἀγαθὸς</span> <span class='ocrx_word' id='word_1_752' title='bbox 1718 5033 1875 5121; x_wconf 84' lang='grc' dir='ltr'>λόγος</span> <span class='ocrx_word' id='word_1_753' title='bbox 1921 5043 2120 5122; x_wconf 76' lang='grc' dir='ltr'>προῆλ-</span> 
     </span>
    </p>
   </div>
   <div class='ocr_carea' id='block_1_96' title="bbox 477 5122 2118 5212">
    <p class='ocr_par' dir='ltr' id='par_1_96' title="bbox 477 5122 2118 5212">
     <span class='ocr_line' id='line_1_96' title="bbox 477 5122 2118 5212; baseline 0.006 -34"><span class='ocrx_word' id='word_1_754' title='bbox 477 5124 585 5182; x_wconf 70' lang='grc' dir='ltr'>θεν.</span> <span class='ocrx_word' id='word_1_755' title='bbox 624 5123 773 5198; x_wconf 81' lang='grc' dir='ltr'><strong>Ἐμοὶ</strong></span> <span class='ocrx_word' id='word_1_756' title='bbox 800 5122 855 5180; x_wconf 77' lang='grc' dir='ltr'><strong>δὲ</strong></span> <span class='ocrx_word' id='word_1_757' title='bbox 889 5124 1040 5183; x_wconf 76' lang='grc' dir='ltr'>δοκεῖ</span> <span class='ocrx_word' id='word_1_758' title='bbox 1071 5150 1235 5186; x_wconf 84' lang='grc' dir='ltr'>ταυτα</span> <span class='ocrx_word' id='word_1_759' title='bbox 1293 5129 1381 5187; x_wconf 82' lang='grc' dir='ltr'>ἐπὶ</span> <span class='ocrx_word' id='word_1_760' title='bbox 1431 5132 1490 5187; x_wconf 83' lang='grc' dir='ltr'>τὸ</span> <span class='ocrx_word' id='word_1_761' title='bbox 1539 5135 1866 5212; x_wconf 77' lang='grc' dir='ltr'>προφητικὸν</span> <span class='ocrx_word' id='word_1_762' title='bbox 1918 5133 2118 5211; x_wconf 71' lang='grc' dir='ltr'>ἀναφέ-</span> 
     </span>
    </p>
   </div>
   <div class='ocr_carea' id='block_1_97' title="bbox 479 5214 2118 5300">
    <p class='ocr_par' dir='ltr' id='par_1_97' title="bbox 479 5214 2118 5300">
     <span class='ocr_line' id='line_1_97' title="bbox 479 5214 2118 5300; baseline 0.008 -34"><span class='ocrx_word' id='word_1_763' title='bbox 479 5214 659 5290; x_wconf 72' lang='grc' dir='ltr'>ρεσθαι</span> <span class='ocrx_word' id='word_1_764' title='bbox 713 5214 1018 5290; x_wconf 84' lang='grc' dir='ltr'>πρόσωπον.</span> <span class='ocrx_word' id='word_1_765' title='bbox 1069 5218 1145 5276; x_wconf 75' lang='grc' dir='ltr'>Τὰ</span> <span class='ocrx_word' id='word_1_766' title='bbox 1195 5220 1296 5298; x_wconf 80' lang='grc' dir='ltr'>γὰρ</span> <span class='ocrx_word' id='word_1_767' title='bbox 1352 5219 1540 5299; x_wconf 78' lang='grc' dir='ltr'><strong>ἐφεξῆς</strong></span> <span class='ocrx_word' id='word_1_768' title='bbox 1576 5229 1669 5279; x_wconf 83' lang='grc' dir='ltr'><strong>τοῦ</strong></span> <span class='ocrx_word' id='word_1_769' title='bbox 1727 5221 1887 5300; x_wconf 77' lang='grc' dir='ltr'><strong>ρητοῦ</strong></span> <span class='ocrx_word' id='word_1_770' title='bbox 1946 5222 2118 5279; x_wconf 72' lang='grc' dir='ltr'>οὐκέτι</span> 
     </span>
    </p>
   </div>
   <div class='ocr_carea' id='block_1_98' title="bbox 477 5302 2117 5391">
    <p class='ocr_par' dir='ltr' id='par_1_98' title="bbox 477 5302 2117 5391">
     <span class='ocr_line' id='line_1_98' title="bbox 477 5302 2117 5391; baseline 0.009 -36"><span class='ocrx_word' id='word_1_771' title='bbox 477 5302 677 5377; x_wconf 74' lang='grc' dir='ltr'>ὁμοίως</span> <span class='ocrx_word' id='word_1_772' title='bbox 715 5302 1007 5379; x_wconf 77' lang='grc' dir='ltr'>ὲςομαλίζει</span> <span class='ocrx_word' id='word_1_773' title='bbox 1059 5309 1194 5382; x_wconf 77' lang='grc' dir='ltr'>ἡμῖν</span> <span class='ocrx_word' id='word_1_774' title='bbox 1225 5309 1325 5377; x_wconf 79' lang='grc' dir='ltr'><strong>τὴν</strong></span> <span class='ocrx_word' id='word_1_775' title='bbox 1356 5312 1472 5389; x_wconf 85' lang='grc' dir='ltr'>περὶ</span> <span class='ocrx_word' id='word_1_776' title='bbox 1510 5318 1600 5368; x_wconf 80' lang='grc' dir='ltr'><strong>τοῦ</strong></span> <span class='ocrx_word' id='word_1_777' title='bbox 1657 5313 1860 5391; x_wconf 78' lang='grc' dir='ltr'><strong>Πατρός</strong></span> <span class='ocrx_word' id='word_1_778' title='bbox 1916 5312 2117 5390; x_wconf 75' lang='grc' dir='ltr'><strong>ὲςὴγη-</strong></span> 
     </span>
    </p>
   </div>
   <div class='ocr_carea' id='block_1_99' title="bbox 475 5390 2115 5481">
    <p class='ocr_par' dir='ltr' id='par_1_99' title="bbox 475 5390 2115 5481">
     <span class='ocr_line' id='line_1_99' title="bbox 475 5390 2115 5481; baseline 0.007 -34"><span class='ocrx_word' id='word_1_779' title='bbox 475 5412 582 5450; x_wconf 85' lang='grc' dir='ltr'>σιν.</span> <span class='ocrx_word' id='word_1_780' title='bbox 619 5390 749 5448; x_wconf 77' lang='grc' dir='ltr'><strong>Οὔτε</strong></span> <span class='ocrx_word' id='word_1_781' title='bbox 779 5395 876 5473; x_wconf 79' lang='grc' dir='ltr'><strong>γὰρ</strong></span> <span class='ocrx_word' id='word_1_782' title='bbox 906 5394 968 5450; x_wconf 74' lang='grc' dir='ltr'><strong>ἂν</strong></span> <span class='ocrx_word' id='word_1_783' title='bbox 998 5402 1111 5477; x_wconf 78' lang='grc' dir='ltr'><strong>περί</strong></span> <span class='ocrx_word' id='word_1_784' title='bbox 1143 5399 1241 5465; x_wconf 76' lang='grc' dir='ltr'><strong>τῆς</strong></span> <span class='ocrx_word' id='word_1_785' title='bbox 1299 5400 1486 5459; x_wconf 77' lang='grc' dir='ltr'>ἑαυτοῦ</span> <span class='ocrx_word' id='word_1_786' title='bbox 1541 5390 1790 5479; x_wconf 81' lang='grc' dir='ltr'>γλώσσης</span> <span class='ocrx_word' id='word_1_787' title='bbox 1851 5404 1878 5458; x_wconf 84' lang='lat'><strong>6</strong></span> <span class='ocrx_word' id='word_1_788' title='bbox 1933 5403 2115 5481; x_wconf 82' lang='grc' dir='ltr'>Πατὴρ</span> 
     </span>
    </p>
   </div>
   <div class='ocr_carea' id='block_1_100' title="bbox 552 5549 2070 5645">
    <p class='ocr_par' dir='ltr' id='par_1_100' title="bbox 552 5549 2070 5645">
     <span class='ocr_line' id='line_1_100' title="bbox 552 5549 2070 5645; baseline 0.007 -33"><span class='ocrx_word' id='word_1_789' title='bbox 552 5549 606 5597; x_wconf 71' lang='grc' dir='ltr'><strong>ιδ</strong></span> <span class='ocrx_word' id='word_1_790' title='bbox 631 5553 803 5619; x_wconf 83' lang='lat' dir='ltr'><strong>Joan.</strong></span> <span class='ocrx_word' id='word_1_791' title='bbox 829 5570 872 5635; x_wconf 81' lang='grc' dir='ltr'><strong>ι,</strong></span> <span class='ocrx_word' id='word_1_792' title='bbox 904 5552 951 5627; x_wconf 71' lang='grc' dir='ltr'><strong>Ι,</strong></span> <span class='ocrx_word' id='word_1_793' title='bbox 1036 5552 1092 5600; x_wconf 72' lang='grc'><strong>⁸⁸</strong></span> <span class='ocrx_word' id='word_1_794' title='bbox 1115 5558 1274 5625; x_wconf 88' lang='lat' dir='ltr'><strong>Psal.</strong></span> <span class='ocrx_word' id='word_1_795' title='bbox 1308 5573 1464 5645; x_wconf 79' lang='lat' dir='ltr'><strong>xmv,</strong></span> <span class='ocrx_word' id='word_1_796' title='bbox 1497 5558 1564 5642; x_wconf 80' lang='lat'><strong>2,</strong></span> <span class='ocrx_word' id='word_1_797' title='bbox 1596 5558 1660 5624; x_wconf 91' lang='lat'><strong>3.</strong></span> <span class='ocrx_word' id='word_1_798' title='bbox 1744 5559 1795 5605; x_wconf 67' lang='grc' dir='ltr'><strong>ιτ</strong></span> <span class='ocrx_word' id='word_1_799' title='bbox 1828 5559 1977 5627; x_wconf 88' lang='lat' dir='ltr'><strong>ibid.</strong></span> <span class='ocrx_word' id='word_1_800' title='bbox 2012 5562 2070 5627; x_wconf 92' lang='lat'><strong>8.</strong></span> 
     </span>
    </p>
   </div>
   <div class='ocr_carea' id='block_1_101' title="bbox 2212 4851 3862 4931">
    <p class='ocr_par' dir='ltr' id='par_1_101' title="bbox 2212 4851 3862 4931">
     <span class='ocr_line' id='line_1_101' title="bbox 2212 4851 3862 4931; baseline -0.001 -12"><span class='ocrx_word' id='word_1_801' title='bbox 2212 4858 2446 4921; x_wconf 88' lang='lat' dir='ltr'><strong>cuidam</strong></span> <span class='ocrx_word' id='word_1_802' title='bbox 2472 4855 2640 4918; x_wconf 87' lang='lat' dir='ltr'><strong>alteri</strong></span> <span class='ocrx_word' id='word_1_803' title='bbox 2666 4853 3167 4922; x_wconf 87' lang='lat' dir='ltr'><strong>tribuitur,nonin</strong></span> <span class='ocrx_word' id='word_1_804' title='bbox 3193 4871 3309 4914; x_wconf 91' lang='lat' dir='ltr'><strong>uno</strong></span> <span class='ocrx_word' id='word_1_805' title='bbox 3333 4851 3690 4931; x_wconf 88' lang='lat' dir='ltr'><strong>Basilio,sed</strong></span> <span class='ocrx_word' id='word_1_806' title='bbox 3715 4864 3779 4915; x_wconf 90' lang='lat' dir='ltr'><strong>et</strong></span> <span class='ocrx_word' id='word_1_807' title='bbox 3803 4857 3862 4918; x_wconf 89' lang='lat' dir='ltr'><strong>in</strong></span> 
     </span>
    </p>
   </div>
   <div class='ocr_carea' id='block_1_102' title="bbox 2210 4939 3865 5027">
    <p class='ocr_par' dir='ltr' id='par_1_102' title="bbox 2210 4939 3865 5027">
     <span class='ocr_line' id='line_1_102' title="bbox 2210 4939 3865 5027; baseline -0.002 -17"><span class='ocrx_word' id='word_1_808' title='bbox 2210 4946 2469 5010; x_wconf 82' lang='lat' dir='ltr'><strong>Eusebio</strong></span> <span class='ocrx_word' id='word_1_809' title='bbox 2482 4963 2719 5027; x_wconf 89' lang='lat' dir='ltr'><strong>quoque</strong></span> <span class='ocrx_word' id='word_1_810' title='bbox 2732 4939 3183 5025; x_wconf 80' lang='lat' dir='ltr'><strong>reperiturUtri</strong></span> <span class='ocrx_word' id='word_1_811' title='bbox 3207 4952 3400 5003; x_wconf 89' lang='lat' dir='ltr'><strong>autem</strong></span> <span class='ocrx_word' id='word_1_812' title='bbox 3416 4940 3865 5019; x_wconf 68' lang='lat' dir='ltr'><strong>adjudicanclus</strong></span> 
     </span>
    </p>
   </div>
   <div class='ocr_carea' id='block_1_103' title="bbox 2204 5029 3861 5116">
    <p class='ocr_par' dir='ltr' id='par_1_103' title="bbox 2204 5029 3861 5116">
     <span class='ocr_line' id='line_1_103' title="bbox 2204 5029 3861 5116; baseline -0.012 -15"><span class='ocrx_word' id='word_1_813' title='bbox 2204 5040 2302 5113; x_wconf 92' lang='lat' dir='ltr'><strong>sit,</strong></span> <span class='ocrx_word' id='word_1_814' title='bbox 2331 5058 2403 5101; x_wconf 79' lang='lat' dir='ltr'><strong>ex</strong></span> <span class='ocrx_word' id='word_1_815' title='bbox 2442 5036 2590 5116; x_wconf 73' lang='lat' dir='ltr'><strong>stylo</strong></span> <span class='ocrx_word' id='word_1_816' title='bbox 2617 5033 2788 5096; x_wconf 77' lang='lat' dir='ltr'><strong>facile</strong></span> <span class='ocrx_word' id='word_1_817' title='bbox 2823 5034 3098 5112; x_wconf 92' lang='lat' dir='ltr'><strong>cognosci</strong></span> <span class='ocrx_word' id='word_1_818' title='bbox 3132 5039 3346 5112; x_wconf 87' lang='lat' dir='ltr'><strong>potest.</strong></span> <span class='ocrx_word' id='word_1_819' title='bbox 3382 5033 3532 5093; x_wconf 87' lang='lat' dir='ltr'><strong>Nam</strong></span> <span class='ocrx_word' id='word_1_820' title='bbox 3558 5029 3861 5110; x_wconf 76' lang='lat' dir='ltr'><strong>fragmen-</strong></span> 
     </span>
    </p>
   </div>
   <div class='ocr_carea' id='block_1_104' title="bbox 2204 5118 3860 5201">
    <p class='ocr_par' dir='ltr' id='par_1_104' title="bbox 2204 5118 3860 5201">
     <span class='ocr_line' id='line_1_104' title="bbox 2204 5118 3860 5201; baseline -0.002 -12"><span class='ocrx_word' id='word_1_821' title='bbox 2204 5138 2323 5189; x_wconf 89' lang='lat' dir='ltr'><strong>tum</strong></span> <span class='ocrx_word' id='word_1_822' title='bbox 2350 5126 2495 5188; x_wconf 91' lang='lat' dir='ltr'><strong>illud</strong></span> <span class='ocrx_word' id='word_1_823' title='bbox 2519 5124 2845 5188; x_wconf 89' lang='lat' dir='ltr'><strong>dictionem</strong></span> <span class='ocrx_word' id='word_1_824' title='bbox 2871 5121 3267 5185; x_wconf 87' lang='lat' dir='ltr'><strong>Eusebianam</strong></span> <span class='ocrx_word' id='word_1_825' title='bbox 3294 5137 3482 5201; x_wconf 89' lang='lat' dir='ltr'><strong>usque</strong></span> <span class='ocrx_word' id='word_1_826' title='bbox 3507 5118 3659 5181; x_wconf 90' lang='lat' dir='ltr'><strong>adeo</strong></span> <span class='ocrx_word' id='word_1_827' title='bbox 3678 5124 3860 5185; x_wconf 87' lang='lat' dir='ltr'><strong>redo-</strong></span> 
     </span>
    </p>
   </div>
   <div class='ocr_carea' id='block_1_105' title="bbox 2204 5209 3856 5298">
    <p class='ocr_par' dir='ltr' id='par_1_105' title="bbox 2204 5209 3856 5298">
     <span class='ocr_line' id='line_1_105' title="bbox 2204 5209 3856 5298; baseline -0.006 -18"><span class='ocrx_word' id='word_1_828' title='bbox 2204 5220 2304 5298; x_wconf 90' lang='lat' dir='ltr'><strong>let,</strong></span> <span class='ocrx_word' id='word_1_829' title='bbox 2340 5225 2426 5293; x_wconf 91' lang='lat' dir='ltr'><strong>ut,</strong></span> <span class='ocrx_word' id='word_1_830' title='bbox 2460 5215 2560 5296; x_wconf 91' lang='lat' dir='ltr'><strong>qui</strong></span> <span class='ocrx_word' id='word_1_831' title='bbox 2595 5213 2949 5293; x_wconf 89' lang='lat' dir='ltr'><strong>decipiatur,</strong></span> <span class='ocrx_word' id='word_1_832' title='bbox 2977 5220 3175 5293; x_wconf 88' lang='lat' dir='ltr'><strong>putem</strong></span> <span class='ocrx_word' id='word_1_833' title='bbox 3206 5211 3329 5274; x_wconf 78' lang='lat' dir='ltr'><strong>fore</strong></span> <span class='ocrx_word' id='word_1_834' title='bbox 3360 5209 3691 5271; x_wconf 91' lang='lat' dir='ltr'><strong>neminem.</strong></span> <span class='ocrx_word' id='word_1_835' title='bbox 3725 5213 3856 5285; x_wconf 87' lang='lat' dir='ltr'><strong>Qua</strong></span> 
     </span>
    </p>
   </div>
   <div class='ocr_carea' id='block_1_106' title="bbox 2201 5299 3853 5387">
    <p class='ocr_par' dir='ltr' id='par_1_106' title="bbox 2201 5299 3853 5387">
     <span class='ocr_line' id='line_1_106' title="bbox 2201 5299 3853 5387; baseline -0.004 -16"><span class='ocrx_word' id='word_1_836' title='bbox 2201 5309 2275 5371; x_wconf 91' lang='lat' dir='ltr'><strong>de</strong></span> <span class='ocrx_word' id='word_1_837' title='bbox 2300 5326 2364 5369; x_wconf 91' lang='lat' dir='ltr'><strong>re</strong></span> <span class='ocrx_word' id='word_1_838' title='bbox 2389 5314 2454 5367; x_wconf 90' lang='lat' dir='ltr'><strong>ut</strong></span> <span class='ocrx_word' id='word_1_839' title='bbox 2482 5322 2588 5387; x_wconf 92' lang='lat' dir='ltr'><strong>per</strong></span> <span class='ocrx_word' id='word_1_840' title='bbox 2612 5321 2679 5364; x_wconf 91' lang='lat' dir='ltr'><strong>se</strong></span> <span class='ocrx_word' id='word_1_841' title='bbox 2711 5302 2959 5383; x_wconf 90' lang='lat' dir='ltr'><strong>quisque</strong></span> <span class='ocrx_word' id='word_1_842' title='bbox 2990 5306 3171 5381; x_wconf 78' lang='lat' dir='ltr'><strong>possit</strong></span> <span class='ocrx_word' id='word_1_843' title='bbox 3190 5299 3488 5380; x_wconf 85' lang='lat' dir='ltr'><strong>judicare,</strong></span> <span class='ocrx_word' id='word_1_844' title='bbox 3511 5299 3696 5362; x_wconf 85' lang='lat' dir='ltr'><strong>verba</strong></span> <span class='ocrx_word' id='word_1_845' title='bbox 3718 5302 3853 5381; x_wconf 88' lang='lat' dir='ltr'><strong>ipsa</strong></span> 
     </span>
    </p>
   </div>
   <div class='ocr_carea' id='block_1_107' title="bbox 2200 5389 3850 5466">
    <p class='ocr_par' dir='ltr' id='par_1_107' title="bbox 2200 5389 3850 5466">
     <span class='ocr_line' id='line_1_107' title="bbox 2200 5389 3850 5466; baseline -0.007 -4"><span class='ocrx_word' id='word_1_846' title='bbox 2200 5397 2519 5462; x_wconf 88' lang='lat' dir='ltr'><strong>ascribam.</strong></span> <span class='ocrx_word' id='word_1_847' title='bbox 2554 5391 2706 5457; x_wconf 90' lang='lat' dir='ltr'><strong>Sunt</strong></span> <span class='ocrx_word' id='word_1_848' title='bbox 2734 5398 2932 5453; x_wconf 88' lang='lat' dir='ltr'><strong>autem</strong></span> <span class='ocrx_word' id='word_1_849' title='bbox 2965 5392 3091 5454; x_wconf 59' lang='lat' dir='ltr'><strong>haec</strong></span> <span class='ocrx_word' id='word_1_850' title='bbox 3126 5412 3139 5449; x_wconf 91' lang='lat'>:</span> <span class='ocrx_word' id='word_1_851' title='bbox 3178 5391 3236 5450; x_wconf 91' lang='lat'><strong>’0</strong></span> <span class='ocrx_word' id='word_1_852' title='bbox 3267 5389 3470 5466; x_wconf 75' lang='grc' dir='ltr'>κόσμος</span> <span class='ocrx_word' id='word_1_853' title='bbox 3504 5390 3657 5450; x_wconf 74' lang='grc' dir='ltr'>οὗτος</span> <span class='ocrx_word' id='word_1_854' title='bbox 3690 5395 3850 5460; x_wconf 67' lang='grc' dir='ltr'>αὐτός</span> 
     </span>
    </p>
   </div>
  </div>
