  <div class='ocr_page' id='page_1' title='image "/cluster/home/n/w/nwhite01/storage/ocr_20150623/29/hvd.32044054128665/216.png"; bbox 0 0 4100 6202; ppageno 0'>
   <div class='ocr_carea' id='block_1_1' title="bbox 1341 259 2524 325">
    <p class='ocr_par' dir='ltr' id='par_1_1' title="bbox 1341 259 2524 325">
     <span class='ocr_line' id='line_1_1' title="bbox 1341 259 2524 325; baseline -0.002 -2"><span class='ocrx_word' id='word_1_1' title='bbox 1341 260 1415 323; x_wconf 84' lang='grc' dir='ltr'>Ι).</span> <span class='ocrx_word' id='word_1_2' title='bbox 1464 260 1628 323; x_wconf 84' lang='lat' dir='ltr'>JUL.</span> <span class='ocrx_word' id='word_1_3' title='bbox 1669 259 2050 325; x_wconf 71' lang='lat' dir='ltr'>GABNERII</span> <span class='ocrx_word' id='word_1_4' title='bbox 2098 260 2524 325; x_wconf 52' lang='lat' dir='ltr'>PRJFATIO.</span> 
     </span>
    </p>
   </div>
   <div class='ocr_carea' id='block_1_2' title="bbox 3464 268 3601 323">
    <p class='ocr_par' dir='ltr' id='par_1_2' title="bbox 3464 268 3601 323">
     <span class='ocr_line' id='line_1_2' title="bbox 3464 268 3601 323; baseline 0 0"><span class='ocrx_word' id='word_1_5' title='bbox 3464 268 3601 323; x_wconf 64' lang='grc' dir='ltr'>(ΠΗ</span> 
     </span>
    </p>
   </div>
   <div class='ocr_carea' id='block_1_3' title="bbox 210 389 1865 475">
    <p class='ocr_par' dir='ltr' id='par_1_3' title="bbox 210 395 1859 475">
     <span class='ocr_line' id='line_1_3' title="bbox 210 395 1859 475; baseline -0.005 -19"><span class='ocrx_word' id='word_1_6' title='bbox 210 397 256 456; x_wconf 74' lang='grc' dir='ltr'>τί</span> <span class='ocrx_word' id='word_1_7' title='bbox 320 397 420 453; x_wconf 68' lang='grc' dir='ltr'>ἐστι</span> <span class='ocrx_word' id='word_1_8' title='bbox 474 399 705 470; x_wconf 79' lang='grc' dir='ltr'>θνητὸς,</span> <span class='ocrx_word' id='word_1_9' title='bbox 768 399 858 453; x_wconf 81' lang='grc' dir='ltr'>καὶ</span> <span class='ocrx_word' id='word_1_10' title='bbox 912 398 1112 475; x_wconf 68' lang='grc' dir='ltr'>χωρίον</span> <span class='ocrx_word' id='word_1_11' title='bbox 1189 396 1629 461; x_wconf 79' lang='grc' dir='ltr'>ἀποθνησκόντων</span> <span class='ocrx_word' id='word_1_12' title='bbox 1694 395 1859 457; x_wconf 72' lang='grc' dir='ltr'>ἐστίν,</span> 
     </span>
    </p>
   </div>
   <div class='ocr_carea' id='block_1_4' title="bbox 1954 389 3598 475">
    <p class='ocr_par' dir='ltr' id='par_1_4' title="bbox 1954 390 3598 475">
     <span class='ocr_line' id='line_1_4' title="bbox 1954 390 3598 475; baseline 0 -20"><span class='ocrx_word' id='word_1_13' title='bbox 1954 390 2152 455; x_wconf 87' lang='lat' dir='ltr'>David:</span> <span class='ocrx_word' id='word_1_14' title='bbox 2188 402 2487 475; x_wconf 73' lang='lat' dir='ltr'>«ereptam</span> <span class='ocrx_word' id='word_1_15' title='bbox 2513 413 2644 458; x_wconf 86' lang='lat' dir='ltr'>esse</span> <span class='ocrx_word' id='word_1_16' title='bbox 2662 394 2927 458; x_wconf 87' lang='lat' dir='ltr'>animam</span> <span class='ocrx_word' id='word_1_17' title='bbox 2950 410 3121 456; x_wconf 88' lang='lat' dir='ltr'>suam</span> <span class='ocrx_word' id='word_1_18' title='bbox 3143 410 3177 455; x_wconf 87' lang='lat' dir='ltr'>a</span> <span class='ocrx_word' id='word_1_19' title='bbox 3194 400 3412 469; x_wconf 84' lang='lat' dir='ltr'>morte,</span> <span class='ocrx_word' id='word_1_20' title='bbox 3448 410 3598 455; x_wconf 84' lang='lat' dir='ltr'>ocu-</span> 
     </span>
    </p>
   </div>
   <div class='ocr_carea' id='block_1_5' title="bbox 208 485 1864 565">
    <p class='ocr_par' dir='ltr' id='par_1_5' title="bbox 208 485 1864 565">
     <span class='ocr_line' id='line_1_5' title="bbox 208 485 1864 565; baseline -0.002 -20"><span class='ocrx_word' id='word_1_21' title='bbox 208 485 416 552; x_wconf 71' lang='grc' dir='ltr'>Ἐπειδὴ</span> <span class='ocrx_word' id='word_1_22' title='bbox 474 488 579 565; x_wconf 75' lang='grc' dir='ltr'>γὰρ</span> <span class='ocrx_word' id='word_1_23' title='bbox 628 487 889 552; x_wconf 76' lang='grc' dir='ltr'>σύνθετός</span> <span class='ocrx_word' id='word_1_24' title='bbox 932 486 1044 542; x_wconf 75' lang='grc' dir='ltr'>ἐστι</span> <span class='ocrx_word' id='word_1_25' title='bbox 1102 492 1208 542; x_wconf 82' lang='grc' dir='ltr'><strong>τῶν</strong></span> <span class='ocrx_word' id='word_1_26' title='bbox 1256 485 1539 560; x_wconf 81' lang='grc' dir='ltr'>ὁρωμένων</span> <span class='ocrx_word' id='word_1_27' title='bbox 1595 488 1629 553; x_wconf 84' lang='grc' dir='ltr'>ἡ</span> <span class='ocrx_word' id='word_1_28' title='bbox 1665 486 1864 541; x_wconf 80' lang='grc' dir='ltr'>σύστα-</span> 
     </span>
    </p>
   </div>
   <div class='ocr_carea' id='block_1_6' title="bbox 212 572 1866 652">
    <p class='ocr_par' dir='ltr' id='par_1_6' title="bbox 212 572 1866 652">
     <span class='ocr_line' id='line_1_6' title="bbox 212 572 1866 652; baseline -0.001 -21"><span class='ocrx_word' id='word_1_29' title='bbox 212 599 305 640; x_wconf 84' lang='grc' dir='ltr'>σις.</span> <span class='ocrx_word' id='word_1_30' title='bbox 347 577 404 630; x_wconf 74' lang='grc' dir='ltr'>τὸ</span> <span class='ocrx_word' id='word_1_31' title='bbox 450 574 504 630; x_wconf 78' lang='grc' dir='ltr'>δὲ</span> <span class='ocrx_word' id='word_1_32' title='bbox 555 576 822 632; x_wconf 70' lang='grc' dir='ltr'>σύιθετον</span> <span class='ocrx_word' id='word_1_33' title='bbox 882 574 1025 632; x_wconf 76' lang='grc' dir='ltr'>ἅπαν</span> <span class='ocrx_word' id='word_1_34' title='bbox 1081 572 1379 631; x_wconf 67' lang='grc' dir='ltr'>διαλύεσθαι</span> <span class='ocrx_word' id='word_1_35' title='bbox 1424 574 1677 652; x_wconf 70' lang='grc' dir='ltr'>πέφυκεν,</span> <span class='ocrx_word' id='word_1_36' title='bbox 1711 573 1765 629; x_wconf 75' lang='grc' dir='ltr'><strong>ἐν</strong></span> <span class='ocrx_word' id='word_1_37' title='bbox 1792 579 1866 647; x_wconf 83' lang='grc' dir='ltr'>τῷ</span> 
     </span>
    </p>
   </div>
   <div class='ocr_carea' id='block_1_7' title="bbox 212 664 1863 743">
    <p class='ocr_par' dir='ltr' id='par_1_7' title="bbox 212 664 1863 743">
     <span class='ocr_line' id='line_1_7' title="bbox 212 664 1863 743; baseline -0.001 -21"><span class='ocrx_word' id='word_1_38' title='bbox 212 668 378 739; x_wconf 75' lang='grc' dir='ltr'>κόσμῳ</span> <span class='ocrx_word' id='word_1_39' title='bbox 434 666 614 738; x_wconf 76' lang='grc' dir='ltr'>ὄντες,</span> <span class='ocrx_word' id='word_1_40' title='bbox 681 665 853 743; x_wconf 76' lang='grc' dir='ltr'>μέρος</span> <span class='ocrx_word' id='word_1_41' title='bbox 916 664 1063 729; x_wconf 73' lang='grc' dir='ltr'>ὄντες</span> <span class='ocrx_word' id='word_1_42' title='bbox 1116 672 1205 718; x_wconf 77' lang='grc' dir='ltr'>τοῦ</span> <span class='ocrx_word' id='word_1_43' title='bbox 1277 664 1501 738; x_wconf 77' lang='grc' dir='ltr'>κόσμου,</span> <span class='ocrx_word' id='word_1_44' title='bbox 1564 664 1863 742; x_wconf 70' lang='grc' dir='ltr'>ἀναγκαίως</span> 
     </span>
    </p>
   </div>
   <div class='ocr_carea' id='block_1_8' title="bbox 208 752 1865 835">
    <p class='ocr_par' dir='ltr' id='par_1_8' title="bbox 208 752 1865 835">
     <span class='ocr_line' id='line_1_8' title="bbox 208 752 1865 835; baseline -0.002 -23"><span class='ocrx_word' id='word_1_45' title='bbox 208 762 295 819; x_wconf 76' lang='grc' dir='ltr'>τῆς</span> <span class='ocrx_word' id='word_1_46' title='bbox 335 754 423 809; x_wconf 69' lang='grc' dir='ltr'>τοῦ</span> <span class='ocrx_word' id='word_1_47' title='bbox 475 755 692 817; x_wconf 76' lang='grc' dir='ltr'>παντὸς</span> <span class='ocrx_word' id='word_1_48' title='bbox 756 756 969 835; x_wconf 66' lang='grc' dir='ltr'>φύσεως</span> <span class='ocrx_word' id='word_1_49' title='bbox 1026 752 1392 826; x_wconf 76' lang='grc' dir='ltr'>ἀπολαύομεν,</span> <span class='ocrx_word' id='word_1_50' title='bbox 1446 752 1598 810; x_wconf 75' lang='grc' dir='ltr'>Ἐκεῖ</span> <span class='ocrx_word' id='word_1_51' title='bbox 1654 752 1709 808; x_wconf 74' lang='grc' dir='ltr'>δὲ</span> <span class='ocrx_word' id='word_1_52' title='bbox 1773 755 1865 809; x_wconf 72' lang='grc' dir='ltr'>οὐκ</span> 
     </span>
    </p>
   </div>
   <div class='ocr_carea' id='block_1_9' title="bbox 207 840 1863 922">
    <p class='ocr_par' dir='ltr' id='par_1_9' title="bbox 207 840 1863 922">
     <span class='ocr_line' id='line_1_9' title="bbox 207 840 1863 922; baseline -0.002 -22"><span class='ocrx_word' id='word_1_53' title='bbox 207 845 333 900; x_wconf 78' lang='grc' dir='ltr'>ἔστιν</span> <span class='ocrx_word' id='word_1_54' title='bbox 388 842 720 917; x_wconf 72' lang='grc' dir='ltr'>ἁλλοέωσις,</span> <span class='ocrx_word' id='word_1_55' title='bbox 777 845 898 901; x_wconf 75' lang='grc' dir='ltr'>οὕτε</span> <span class='ocrx_word' id='word_1_56' title='bbox 964 844 1240 917; x_wconf 79' lang='grc' dir='ltr'>σώματος,</span> <span class='ocrx_word' id='word_1_57' title='bbox 1295 840 1411 898; x_wconf 62' lang='grc' dir='ltr'>οὔτε</span> <span class='ocrx_word' id='word_1_58' title='bbox 1465 842 1670 922; x_wconf 74' lang='grc' dir='ltr'>ψυχῆς.</span> <span class='ocrx_word' id='word_1_59' title='bbox 1735 842 1863 902; x_wconf 73' lang='grc' dir='ltr'>Οὐδὲ</span> 
     </span>
    </p>
   </div>
   <div class='ocr_carea' id='block_1_10' title="bbox 208 929 1863 1012">
    <p class='ocr_par' dir='ltr' id='par_1_10' title="bbox 208 929 1863 1012">
     <span class='ocr_line' id='line_1_10' title="bbox 208 929 1863 1012; baseline -0.001 -24"><span class='ocrx_word' id='word_1_60' title='bbox 208 937 294 1011; x_wconf 67' lang='grc' dir='ltr'>γάρ</span> <span class='ocrx_word' id='word_1_61' title='bbox 326 934 435 988; x_wconf 80' lang='grc' dir='ltr'>ἐστι</span> <span class='ocrx_word' id='word_1_62' title='bbox 490 932 776 1010; x_wconf 62' lang='grc' dir='ltr'>λογισμοῦ</span> <span class='ocrx_word' id='word_1_63' title='bbox 828 932 1167 1012; x_wconf 78' lang='grc' dir='ltr'>παρατροπὴ,</span> <span class='ocrx_word' id='word_1_64' title='bbox 1225 929 1341 989; x_wconf 75' lang='grc' dir='ltr'>οὐδὲ</span> <span class='ocrx_word' id='word_1_65' title='bbox 1388 931 1667 1004; x_wconf 76' lang='grc' dir='ltr'>μετάθεσις</span> <span class='ocrx_word' id='word_1_66' title='bbox 1718 931 1863 1008; x_wconf 86' lang='grc' dir='ltr'><strong>γνώ-</strong></span> 
     </span>
    </p>
   </div>
   <div class='ocr_carea' id='block_1_11' title="bbox 207 1019 1863 1100">
    <p class='ocr_par' dir='ltr' id='par_1_11' title="bbox 207 1019 1863 1100">
     <span class='ocr_line' id='line_1_11' title="bbox 207 1019 1863 1100; baseline 0.001 -26"><span class='ocrx_word' id='word_1_67' title='bbox 207 1042 321 1095; x_wconf 74' lang='grc' dir='ltr'>μης,</span> <span class='ocrx_word' id='word_1_68' title='bbox 354 1019 611 1095; x_wconf 73' lang='grc' dir='ltr'>οὐδεμιᾶς</span> <span class='ocrx_word' id='word_1_69' title='bbox 678 1021 1055 1100; x_wconf 79' lang='grc' dir='ltr'>περιστάσεως</span> <span class='ocrx_word' id='word_1_70' title='bbox 1110 1020 1171 1074; x_wconf 82' lang='grc' dir='ltr'>τὸ</span> <span class='ocrx_word' id='word_1_71' title='bbox 1219 1019 1465 1082; x_wconf 78' lang='grc' dir='ltr'>εὐσταθὲς</span> <span class='ocrx_word' id='word_1_72' title='bbox 1520 1020 1608 1074; x_wconf 80' lang='grc' dir='ltr'>καὶ</span> <span class='ocrx_word' id='word_1_73' title='bbox 1661 1019 1863 1098; x_wconf 79' lang='grc' dir='ltr'>ἀτάρα-</span> 
     </span>
    </p>
   </div>
   <div class='ocr_carea' id='block_1_12' title="bbox 210 1107 1861 1189">
    <p class='ocr_par' dir='ltr' id='par_1_12' title="bbox 210 1107 1861 1189">
     <span class='ocr_line' id='line_1_12' title="bbox 210 1107 1861 1189; baseline -0.001 -24"><span class='ocrx_word' id='word_1_74' title='bbox 210 1134 295 1189; x_wconf 68' lang='grc' dir='ltr'>χον</span> <span class='ocrx_word' id='word_1_75' title='bbox 334 1117 438 1165; x_wconf 84' lang='grc' dir='ltr'>τῶν</span> <span class='ocrx_word' id='word_1_76' title='bbox 471 1109 778 1187; x_wconf 72' lang='grc' dir='ltr'>λογισμων</span> <span class='ocrx_word' id='word_1_77' title='bbox 834 1107 1257 1189; x_wconf 66' lang='grc' dir='ltr'>ἀφαιρουμένης.</span> <span class='ocrx_word' id='word_1_78' title='bbox 1294 1108 1450 1184; x_wconf 78' lang='grc' dir='ltr'>Χώρα</span> <span class='ocrx_word' id='word_1_79' title='bbox 1497 1107 1635 1163; x_wconf 78' lang='grc' dir='ltr'>ἐστὶν</span> <span class='ocrx_word' id='word_1_80' title='bbox 1686 1107 1861 1175; x_wconf 72' lang='grc' dir='ltr'>ἐκείνη</span> 
     </span>
    </p>
   </div>
   <div class='ocr_carea' id='block_1_13' title="bbox 210 1197 1865 1274">
    <p class='ocr_par' dir='ltr' id='par_1_13' title="bbox 210 1197 1865 1274">
     <span class='ocr_line' id='line_1_13' title="bbox 210 1197 1865 1274; baseline 0 -21"><span class='ocrx_word' id='word_1_81' title='bbox 210 1205 300 1253; x_wconf 73' lang='grc' dir='ltr'>τῶν</span> <span class='ocrx_word' id='word_1_82' title='bbox 328 1200 400 1253; x_wconf 75' lang='grc' dir='ltr'>ἔτι</span> <span class='ocrx_word' id='word_1_83' title='bbox 434 1200 687 1272; x_wconf 77' lang='grc' dir='ltr'><strong>ζώντων,</strong></span> <span class='ocrx_word' id='word_1_84' title='bbox 736 1202 798 1255; x_wconf 72' lang='grc' dir='ltr'>ἐν</span> <span class='ocrx_word' id='word_1_85' title='bbox 899 1198 1131 1273; x_wconf 70' lang='grc' dir='ltr'>μάλιστα</span> <span class='ocrx_word' id='word_1_86' title='bbox 1183 1197 1555 1274; x_wconf 72' lang='grc' dir='ltr'>εὖαρεστήσειν</span> <span class='ocrx_word' id='word_1_87' title='bbox 1613 1204 1690 1271; x_wconf 85' lang='grc' dir='ltr'>τῷ</span> <span class='ocrx_word' id='word_1_88' title='bbox 1751 1205 1865 1271; x_wconf 81' lang='grc' dir='ltr'>Θεῷ</span> 
     </span>
    </p>
   </div>
   <div class='ocr_carea' id='block_1_14' title="bbox 212 1284 1865 1366">
    <p class='ocr_par' dir='ltr' id='par_1_14' title="bbox 212 1284 1865 1366">
     <span class='ocr_line' id='line_1_14' title="bbox 212 1284 1865 1366; baseline -0.001 -22"><span class='ocrx_word' id='word_1_89' title='bbox 212 1293 231 1340; x_wconf 64' lang='grc' dir='ltr'>ἕ</span> <span class='ocrx_word' id='word_1_90' title='bbox 259 1289 529 1365; x_wconf 61' lang='grc' dir='ltr'>προφήτης</span> <span class='ocrx_word' id='word_1_91' title='bbox 564 1287 1109 1366; x_wconf 63' lang='grc' dir='ltr'>κατεπαγγέλλεται,</span> <span class='ocrx_word' id='word_1_92' title='bbox 1144 1288 1215 1349; x_wconf 83' lang='grc' dir='ltr'>ὡς</span> <span class='ocrx_word' id='word_1_93' title='bbox 1247 1284 1331 1341; x_wconf 67' lang='grc' dir='ltr'>ὕπ’</span> <span class='ocrx_word' id='word_1_94' title='bbox 1391 1284 1598 1351; x_wconf 67' lang='grc' dir='ltr'>οὐδενὸς</span> <span class='ocrx_word' id='word_1_95' title='bbox 1652 1286 1865 1361; x_wconf 84' lang='grc' dir='ltr'>μέλλων</span> 
     </span>
    </p>
   </div>
   <div class='ocr_carea' id='block_1_15' title="bbox 210 1373 1865 1455">
    <p class='ocr_par' dir='ltr' id='par_1_15' title="bbox 210 1373 1865 1455">
     <span class='ocr_line' id='line_1_15' title="bbox 210 1373 1865 1455; baseline 0 -24"><span class='ocrx_word' id='word_1_96' title='bbox 210 1382 300 1431; x_wconf 74' lang='grc' dir='ltr'>τῶν</span> <span class='ocrx_word' id='word_1_97' title='bbox 346 1377 532 1441; x_wconf 78' lang='grc' dir='ltr'>ἔξωθεν</span> <span class='ocrx_word' id='word_1_98' title='bbox 581 1378 982 1435; x_wconf 75' lang='grc' dir='ltr'>διακόπτεσθαι</span> <span class='ocrx_word' id='word_1_99' title='bbox 1040 1377 1277 1447; x_wconf 80' lang='grc' dir='ltr'>ζώντων.</span> <span class='ocrx_word' id='word_1_100' title='bbox 1335 1373 1545 1442; x_wconf 76' lang='grc' dir='ltr'>Ἐκείνη</span> <span class='ocrx_word' id='word_1_101' title='bbox 1592 1376 1751 1455; x_wconf 83' lang='grc' dir='ltr'>χώρα</span> <span class='ocrx_word' id='word_1_102' title='bbox 1810 1378 1865 1433; x_wconf 81' lang='grc' dir='ltr'><strong>ἐν</strong></span> 
     </span>
    </p>
   </div>
   <div class='ocr_carea' id='block_1_16' title="bbox 210 1468 1863 1545">
    <p class='ocr_par' dir='ltr' id='par_1_16' title="bbox 210 1468 1863 1545">
     <span class='ocr_line' id='line_1_16' title="bbox 210 1468 1863 1545; baseline -0.001 -19"><span class='ocrx_word' id='word_1_103' title='bbox 210 1469 353 1544; x_wconf 72' lang='grc' dir='ltr'>ᾖοῦκ</span> <span class='ocrx_word' id='word_1_104' title='bbox 380 1469 452 1525; x_wconf 71' lang='grc' dir='ltr'>ἔνι</span> <span class='ocrx_word' id='word_1_105' title='bbox 484 1470 600 1544; x_wconf 76' lang='grc' dir='ltr'>νὺξ,</span> <span class='ocrx_word' id='word_1_106' title='bbox 638 1475 747 1530; x_wconf 65' lang='grc' dir='ltr'>οὐκ</span> <span class='ocrx_word' id='word_1_107' title='bbox 782 1472 858 1525; x_wconf 80' lang='grc' dir='ltr'>ἔνι</span> <span class='ocrx_word' id='word_1_108' title='bbox 893 1468 1052 1533; x_wconf 56' lang='grc' dir='ltr'>ὅππως</span> <span class='ocrx_word' id='word_1_109' title='bbox 1106 1470 1169 1524; x_wconf 82' lang='grc' dir='ltr'>τὸ</span> <span class='ocrx_word' id='word_1_110' title='bbox 1225 1474 1317 1524; x_wconf 80' lang='grc' dir='ltr'>τοῦ</span> <span class='ocrx_word' id='word_1_111' title='bbox 1362 1471 1588 1523; x_wconf 84' lang='grc' dir='ltr'>θανατου</span> <span class='ocrx_word' id='word_1_112' title='bbox 1619 1470 1863 1545; x_wconf 68' lang='grc' dir='ltr'>μίμημα,</span> 
     </span>
    </p>
   </div>
   <div class='ocr_carea' id='block_1_17' title="bbox 212 1557 1865 1635">
    <p class='ocr_par' dir='ltr' id='par_1_17' title="bbox 212 1557 1865 1635">
     <span class='ocr_line' id='line_1_17' title="bbox 212 1557 1865 1635; baseline 0 -22"><span class='ocrx_word' id='word_1_113' title='bbox 212 1558 293 1613; x_wconf 60' lang='grc' dir='ltr'>οὔκ</span> <span class='ocrx_word' id='word_1_114' title='bbox 320 1558 389 1614; x_wconf 81' lang='grc' dir='ltr'>’ἐνι</span> <span class='ocrx_word' id='word_1_115' title='bbox 418 1559 650 1635; x_wconf 67' lang='grc' dir='ltr'>βρῶσις,</span> <span class='ocrx_word' id='word_1_116' title='bbox 689 1564 797 1619; x_wconf 65' lang='grc' dir='ltr'>οὒκ</span> <span class='ocrx_word' id='word_1_117' title='bbox 842 1559 916 1615; x_wconf 71' lang='grc' dir='ltr'>ἔνι</span> <span class='ocrx_word' id='word_1_118' title='bbox 949 1559 1103 1620; x_wconf 80' lang='grc' dir='ltr'>πόσις</span> <span class='ocrx_word' id='word_1_119' title='bbox 1138 1560 1204 1614; x_wconf 79' lang='grc' dir='ltr'>τὰ</span> <span class='ocrx_word' id='word_1_120' title='bbox 1245 1562 1345 1623; x_wconf 79' lang='grc' dir='ltr'>τῆς</span> <span class='ocrx_word' id='word_1_121' title='bbox 1396 1557 1662 1619; x_wconf 77' lang='grc' dir='ltr'>ἆσθενείας</span> <span class='ocrx_word' id='word_1_122' title='bbox 1710 1560 1865 1632; x_wconf 77' lang='grc' dir='ltr'><strong>ἡμῶν</strong></span> 
     </span>
    </p>
   </div>
   <div class='ocr_carea' id='block_1_18' title="bbox 211 1646 1867 1723">
    <p class='ocr_par' dir='ltr' id='par_1_18' title="bbox 211 1646 1867 1723">
     <span class='ocr_line' id='line_1_18' title="bbox 211 1646 1867 1723; baseline 0.001 -21"><span class='ocrx_word' id='word_1_123' title='bbox 211 1648 575 1723; x_wconf 63' lang='grc' dir='ltr'>ὀπερεὲσματα,</span> <span class='ocrx_word' id='word_1_124' title='bbox 642 1651 709 1705; x_wconf 69' lang='grc' dir='ltr'>οὗ</span> <span class='ocrx_word' id='word_1_125' title='bbox 762 1655 875 1703; x_wconf 78' lang='grc' dir='ltr'>τῶν</span> <span class='ocrx_word' id='word_1_126' title='bbox 928 1646 1115 1712; x_wconf 78' lang='grc' dir='ltr'>ἔξωθεν</span> <span class='ocrx_word' id='word_1_127' title='bbox 1157 1669 1207 1702; x_wconf 87' lang='grc' dir='ltr'>τι</span> <span class='ocrx_word' id='word_1_128' title='bbox 1268 1652 1676 1722; x_wconf 61' lang='grc' dir='ltr'>τιτερισηιτατξικῶν⁸</span> <span class='ocrx_word' id='word_1_129' title='bbox 1729 1646 1867 1703; x_wconf 77' lang='grc' dir='ltr'>ἀλλὰ</span> 
     </span>
    </p>
   </div>
   <div class='ocr_carea' id='block_1_19' title="bbox 1949 480 3591 565">
    <p class='ocr_par' dir='ltr' id='par_1_19' title="bbox 1949 480 3591 565">
     <span class='ocr_line' id='line_1_19' title="bbox 1949 480 3591 565; baseline 0 -21"><span class='ocrx_word' id='word_1_130' title='bbox 1949 481 2039 545; x_wconf 91' lang='lat' dir='ltr'>los</span> <span class='ocrx_word' id='word_1_131' title='bbox 2059 502 2199 545; x_wconf 92' lang='lat' dir='ltr'>suos</span> <span class='ocrx_word' id='word_1_132' title='bbox 2217 502 2248 545; x_wconf 93' lang='lat' dir='ltr'>a</span> <span class='ocrx_word' id='word_1_133' title='bbox 2265 484 2757 565; x_wconf 84' lang='lat' dir='ltr'>lacrymis,pedes</span> <span class='ocrx_word' id='word_1_134' title='bbox 2776 483 3038 561; x_wconf 89' lang='lat' dir='ltr'>denique</span> <span class='ocrx_word' id='word_1_135' title='bbox 3062 500 3203 544; x_wconf 91' lang='lat' dir='ltr'>suos</span> <span class='ocrx_word' id='word_1_136' title='bbox 3227 501 3261 543; x_wconf 91' lang='lat' dir='ltr'>a</span> <span class='ocrx_word' id='word_1_137' title='bbox 3277 480 3448 560; x_wconf 88' lang='lat' dir='ltr'>lapsu</span> <span class='ocrx_word' id='word_1_138' title='bbox 3466 483 3591 554; x_wconf 58' lang='lat'><strong>‘8;-</strong></span> 
     </span>
    </p>
   </div>
   <div class='ocr_carea' id='block_1_20' title="bbox 1948 569 3598 656">
    <p class='ocr_par' dir='ltr' id='par_1_20' title="bbox 1948 569 3598 656">
     <span class='ocr_line' id='line_1_20' title="bbox 1948 569 3598 656; baseline -0.001 -23"><span class='ocrx_word' id='word_1_139' title='bbox 1948 590 2080 653; x_wconf 79' lang='lat' dir='ltr'>qure</span> <span class='ocrx_word' id='word_1_140' title='bbox 2099 573 2332 651; x_wconf 72' lang='lat' dir='ltr'>singula</span> <span class='ocrx_word' id='word_1_141' title='bbox 2355 573 2615 636; x_wconf 89' lang='lat' dir='ltr'>breviter</span> <span class='ocrx_word' id='word_1_142' title='bbox 2626 574 2865 656; x_wconf 91' lang='lat' dir='ltr'>quidem</span> <span class='ocrx_word' id='word_1_143' title='bbox 2888 580 2950 635; x_wconf 92' lang='lat' dir='ltr'>ut</span> <span class='ocrx_word' id='word_1_144' title='bbox 2966 572 3232 653; x_wconf 89' lang='lat' dir='ltr'>reliquos</span> <span class='ocrx_word' id='word_1_145' title='bbox 3247 569 3598 650; x_wconf 88' lang='lat' dir='ltr'>psalmiver-</span> 
     </span>
    </p>
   </div>
   <div class='ocr_carea' id='block_1_21' title="bbox 1946 659 3599 744">
    <p class='ocr_par' dir='ltr' id='par_1_21' title="bbox 1946 659 3599 744">
     <span class='ocr_line' id='line_1_21' title="bbox 1946 659 3599 744; baseline -0.002 -21"><span class='ocrx_word' id='word_1_146' title='bbox 1946 663 2188 741; x_wconf 89' lang='lat' dir='ltr'>siculos,</span> <span class='ocrx_word' id='word_1_147' title='bbox 2224 662 2327 723; x_wconf 87' lang='lat' dir='ltr'>sed</span> <span class='ocrx_word' id='word_1_148' title='bbox 2360 671 2495 743; x_wconf 97' lang='lat' dir='ltr'>apte</span> <span class='ocrx_word' id='word_1_149' title='bbox 2541 663 2862 744; x_wconf 84' lang='lat' dir='ltr'>explicarat</span> <span class='ocrx_word' id='word_1_150' title='bbox 2905 662 3183 723; x_wconf 86' lang='lat' dir='ltr'>Basilius.</span> <span class='ocrx_word' id='word_1_151' title='bbox 3218 659 3372 734; x_wconf 86' lang='lat' dir='ltr'>Quid</span> <span class='ocrx_word' id='word_1_152' title='bbox 3420 662 3599 739; x_wconf 89' lang='lat' dir='ltr'>igitur</span> 
     </span>
    </p>
   </div>
   <div class='ocr_carea' id='block_1_22' title="bbox 1947 750 3599 831">
    <p class='ocr_par' dir='ltr' id='par_1_22' title="bbox 1947 750 3599 831">
     <span class='ocr_line' id='line_1_22' title="bbox 1947 750 3599 831; baseline -0.001 -19"><span class='ocrx_word' id='word_1_153' title='bbox 1947 769 2097 829; x_wconf 90' lang='lat' dir='ltr'>opus</span> <span class='ocrx_word' id='word_1_154' title='bbox 2122 750 2230 812; x_wconf 87' lang='lat' dir='ltr'>fuit</span> <span class='ocrx_word' id='word_1_155' title='bbox 2256 751 2437 813; x_wconf 87' lang='lat' dir='ltr'>multa</span> <span class='ocrx_word' id='word_1_156' title='bbox 2466 753 2700 815; x_wconf 75' lang='lat' dir='ltr'>effutire</span> <span class='ocrx_word' id='word_1_157' title='bbox 2720 752 2791 813; x_wconf 89' lang='lat' dir='ltr'>ad</span> <span class='ocrx_word' id='word_1_158' title='bbox 2812 750 3232 831; x_wconf 88' lang='lat' dir='ltr'>explicandum</span> <span class='ocrx_word' id='word_1_159' title='bbox 3256 766 3495 811; x_wconf 88' lang='lat' dir='ltr'>versum</span> <span class='ocrx_word' id='word_1_160' title='bbox 3520 750 3599 810; x_wconf 91' lang='lat' dir='ltr'>il-</span> 
     </span>
    </p>
   </div>
   <div class='ocr_carea' id='block_1_23' title="bbox 1946 837 3596 920">
    <p class='ocr_par' dir='ltr' id='par_1_23' title="bbox 1946 837 3596 920">
     <span class='ocr_line' id='line_1_23' title="bbox 1946 837 3596 920; baseline -0.001 -20"><span class='ocrx_word' id='word_1_161' title='bbox 1946 838 2088 910; x_wconf 91' lang='lat' dir='ltr'>lum,</span> <span class='ocrx_word' id='word_1_162' title='bbox 2103 840 2357 903; x_wconf 83' lang='lat' dir='ltr'>Placebo</span> <span class='ocrx_word' id='word_1_163' title='bbox 2380 842 2635 904; x_wconf 75' lang='lat' dir='ltr'>Domino</span> <span class='ocrx_word' id='word_1_164' title='bbox 2656 843 2724 903; x_wconf 76' lang='lat' dir='ltr'>in</span> <span class='ocrx_word' id='word_1_165' title='bbox 2746 842 2989 920; x_wconf 79' lang='lat' dir='ltr'>regione</span> <span class='ocrx_word' id='word_1_166' title='bbox 3010 844 3290 902; x_wconf 75' lang='lat' dir='ltr'>vivorum</span> <span class='ocrx_word' id='word_1_167' title='bbox 3323 837 3596 919; x_wconf 66' lang='lat' dir='ltr'>49,quem</span> 
     </span>
    </p>
   </div>
   <div class='ocr_carea' id='block_1_24' title="bbox 1947 929 3597 1011">
    <p class='ocr_par' dir='ltr' id='par_1_24' title="bbox 1947 929 3597 1011">
     <span class='ocr_line' id='line_1_24' title="bbox 1947 929 3597 1011; baseline 0.001 -22"><span class='ocrx_word' id='word_1_168' title='bbox 1947 937 2149 1008; x_wconf 91' lang='lat' dir='ltr'>utpote</span> <span class='ocrx_word' id='word_1_169' title='bbox 2170 929 2636 992; x_wconf 66' lang='lat' dir='ltr'>valetudinarius</span> <span class='ocrx_word' id='word_1_170' title='bbox 2652 938 2708 993; x_wconf 91' lang='lat' dir='ltr'>et</span> <span class='ocrx_word' id='word_1_171' title='bbox 2723 930 2949 1011; x_wconf 87' lang='lat' dir='ltr'>alioqui</span> <span class='ocrx_word' id='word_1_172' title='bbox 2963 929 3315 1008; x_wconf 84' lang='lat' dir='ltr'>defatigatus</span> <span class='ocrx_word' id='word_1_173' title='bbox 3327 929 3597 991; x_wconf 89' lang='lat' dir='ltr'>consulto</span> 
     </span>
    </p>
   </div>
   <div class='ocr_carea' id='block_1_25' title="bbox 1946 1016 3598 1101">
    <p class='ocr_par' dir='ltr' id='par_1_25' title="bbox 1946 1016 3598 1101">
     <span class='ocr_line' id='line_1_25' title="bbox 1946 1016 3598 1101; baseline 0.001 -23"><span class='ocrx_word' id='word_1_174' title='bbox 1946 1018 2260 1080; x_wconf 85' lang='lat' dir='ltr'>omiserat?</span> <span class='ocrx_word' id='word_1_175' title='bbox 2282 1018 2427 1080; x_wconf 81' lang='lat' dir='ltr'>Nam</span> <span class='ocrx_word' id='word_1_176' title='bbox 2453 1020 2918 1101; x_wconf 69' lang='lat' dir='ltr'>praetermissam</span> <span class='ocrx_word' id='word_1_177' title='bbox 2945 1037 3075 1081; x_wconf 90' lang='lat' dir='ltr'>esse</span> <span class='ocrx_word' id='word_1_178' title='bbox 3095 1018 3170 1081; x_wconf 90' lang='lat' dir='ltr'>de</span> <span class='ocrx_word' id='word_1_179' title='bbox 3191 1016 3486 1080; x_wconf 83' lang='lat' dir='ltr'>industria</span> <span class='ocrx_word' id='word_1_180' title='bbox 3500 1037 3598 1080; x_wconf 80' lang='lat' dir='ltr'>ex-</span> 
     </span>
    </p>
   </div>
   <div class='ocr_carea' id='block_1_26' title="bbox 1951 1105 3594 1185">
    <p class='ocr_par' dir='ltr' id='par_1_26' title="bbox 1951 1105 3594 1185">
     <span class='ocr_line' id='line_1_26' title="bbox 1951 1105 3594 1185; baseline 0 -17"><span class='ocrx_word' id='word_1_181' title='bbox 1951 1106 2349 1185; x_wconf 91' lang='lat' dir='ltr'>planationem</span> <span class='ocrx_word' id='word_1_182' title='bbox 2372 1110 2691 1171; x_wconf 89' lang='lat' dir='ltr'>verborum</span> <span class='ocrx_word' id='word_1_183' title='bbox 2710 1109 2974 1183; x_wconf 90' lang='lat' dir='ltr'>illorum,</span> <span class='ocrx_word' id='word_1_184' title='bbox 3012 1106 3266 1170; x_wconf 81' lang='lat' dir='ltr'>Placebo</span> <span class='ocrx_word' id='word_1_185' title='bbox 3312 1105 3594 1181; x_wconf 80' lang='lat' dir='ltr'>Domino,</span> 
     </span>
    </p>
   </div>
   <div class='ocr_carea' id='block_1_27' title="bbox 1949 1196 3597 1277">
    <p class='ocr_par' dir='ltr' id='par_1_27' title="bbox 1949 1196 3597 1277">
     <span class='ocr_line' id='line_1_27' title="bbox 1949 1196 3597 1277; baseline 0.001 -21"><span class='ocrx_word' id='word_1_186' title='bbox 1949 1204 2096 1276; x_wconf 91' lang='lat' dir='ltr'>etc.,</span> <span class='ocrx_word' id='word_1_187' title='bbox 2129 1198 2285 1259; x_wconf 90' lang='lat' dir='ltr'>haud</span> <span class='ocrx_word' id='word_1_188' title='bbox 2320 1198 2499 1260; x_wconf 91' lang='lat' dir='ltr'>dubio</span> <span class='ocrx_word' id='word_1_189' title='bbox 2529 1199 2752 1261; x_wconf 90' lang='lat' dir='ltr'>indicio</span> <span class='ocrx_word' id='word_1_190' title='bbox 2776 1206 2864 1261; x_wconf 90' lang='lat' dir='ltr'>est</span> <span class='ocrx_word' id='word_1_191' title='bbox 2893 1196 3062 1273; x_wconf 90' lang='lat' dir='ltr'>illud,</span> <span class='ocrx_word' id='word_1_192' title='bbox 3098 1196 3259 1274; x_wconf 89' lang='lat' dir='ltr'>quod</span> <span class='ocrx_word' id='word_1_193' title='bbox 3290 1214 3385 1277; x_wconf 89' lang='lat' dir='ltr'>ea,</span> <span class='ocrx_word' id='word_1_194' title='bbox 3409 1204 3474 1257; x_wconf 88' lang='lat' dir='ltr'>ut</span> <span class='ocrx_word' id='word_1_195' title='bbox 3503 1215 3597 1257; x_wconf 93' lang='lat' dir='ltr'>so-</span> 
     </span>
    </p>
   </div>
   <div class='ocr_carea' id='block_1_28' title="bbox 1948 1285 3599 1366">
    <p class='ocr_par' dir='ltr' id='par_1_28' title="bbox 1948 1285 3599 1366">
     <span class='ocr_line' id='line_1_28' title="bbox 1948 1285 3599 1366; baseline 0.001 -20"><span class='ocrx_word' id='word_1_196' title='bbox 1948 1286 2288 1366; x_wconf 90' lang='lat' dir='ltr'>leret,inter</span> <span class='ocrx_word' id='word_1_197' title='bbox 2313 1288 2789 1351; x_wconf 84' lang='lat' dir='ltr'>concionandum</span> <span class='ocrx_word' id='word_1_198' title='bbox 2814 1307 2932 1350; x_wconf 90' lang='lat' dir='ltr'>non</span> <span class='ocrx_word' id='word_1_199' title='bbox 2957 1285 3478 1358; x_wconf 87' lang='lat' dir='ltr'>recitarit.Quarta</span> <span class='ocrx_word' id='word_1_200' title='bbox 3495 1286 3599 1347; x_wconf 90' lang='lat' dir='ltr'>de-</span> 
     </span>
    </p>
   </div>
   <div class='ocr_carea' id='block_1_29' title="bbox 1951 1375 3599 1459">
    <p class='ocr_par' dir='ltr' id='par_1_29' title="bbox 1951 1375 3599 1459">
     <span class='ocr_line' id='line_1_29' title="bbox 1951 1375 3599 1459; baseline 0.001 -24"><span class='ocrx_word' id='word_1_201' title='bbox 1951 1375 2132 1455; x_wconf 89' lang='lat' dir='ltr'>nique</span> <span class='ocrx_word' id='word_1_202' title='bbox 2145 1377 2496 1457; x_wconf 89' lang='lat' dir='ltr'>suspicionis</span> <span class='ocrx_word' id='word_1_203' title='bbox 2510 1397 2683 1439; x_wconf 90' lang='lat' dir='ltr'>causa</span> <span class='ocrx_word' id='word_1_204' title='bbox 2696 1386 2810 1453; x_wconf 90' lang='lat' dir='ltr'>est,</span> <span class='ocrx_word' id='word_1_205' title='bbox 2837 1378 2995 1459; x_wconf 92' lang='lat' dir='ltr'>quod</span> <span class='ocrx_word' id='word_1_206' title='bbox 3011 1376 3335 1438; x_wconf 83' lang='lat' dir='ltr'>verisimile</span> <span class='ocrx_word' id='word_1_207' title='bbox 3350 1394 3471 1436; x_wconf 89' lang='lat' dir='ltr'>non</span> <span class='ocrx_word' id='word_1_208' title='bbox 3498 1376 3599 1438; x_wconf 87' lang='lat' dir='ltr'>fiat</span> 
     </span>
    </p>
   </div>
   <div class='ocr_carea' id='block_1_30' title="bbox 1950 1462 3596 1547">
    <p class='ocr_par' dir='ltr' id='par_1_30' title="bbox 1950 1462 3596 1547">
     <span class='ocr_line' id='line_1_30' title="bbox 1950 1462 3596 1547; baseline 0.001 -22"><span class='ocrx_word' id='word_1_209' title='bbox 1950 1465 2253 1527; x_wconf 90' lang='lat' dir='ltr'>hominem</span> <span class='ocrx_word' id='word_1_210' title='bbox 2279 1467 2409 1547; x_wconf 90' lang='lat' dir='ltr'>puri</span> <span class='ocrx_word' id='word_1_211' title='bbox 2444 1468 2739 1531; x_wconf 84' lang='lat' dir='ltr'>sermonis</span> <span class='ocrx_word' id='word_1_212' title='bbox 2760 1466 3263 1529; x_wconf 85' lang='lat' dir='ltr'>studiosissimum</span> <span class='ocrx_word' id='word_1_213' title='bbox 3288 1462 3596 1528; x_wconf 80' lang='lat' dir='ltr'>vocabulis</span> 
     </span>
    </p>
   </div>
   <div class='ocr_carea' id='block_1_31' title="bbox 1948 1553 3596 1639">
    <p class='ocr_par' dir='ltr' id='par_1_31' title="bbox 1948 1553 3596 1639">
     <span class='ocr_line' id='line_1_31' title="bbox 1948 1553 3596 1639; baseline 0.001 -24"><span class='ocrx_word' id='word_1_214' title='bbox 1948 1553 2297 1636; x_wconf 86' lang='lat' dir='ltr'>impropriis</span> <span class='ocrx_word' id='word_1_215' title='bbox 2352 1566 2410 1619; x_wconf 89' lang='lat' dir='ltr'>et</span> <span class='ocrx_word' id='word_1_216' title='bbox 2458 1557 2530 1619; x_wconf 90' lang='lat' dir='ltr'>ab</span> <span class='ocrx_word' id='word_1_217' title='bbox 2591 1578 2703 1619; x_wconf 88' lang='lat' dir='ltr'>usu</span> <span class='ocrx_word' id='word_1_218' title='bbox 2736 1557 3018 1639; x_wconf 90' lang='lat' dir='ltr'>loquendi</span> <span class='ocrx_word' id='word_1_219' title='bbox 3065 1556 3343 1636; x_wconf 91' lang='lat' dir='ltr'>politiore</span> <span class='ocrx_word' id='word_1_220' title='bbox 3369 1554 3596 1617; x_wconf 88' lang='lat' dir='ltr'>abhor-</span> 
     </span>
    </p>
   </div>
   <div class='ocr_carea' id='block_1_32' title="bbox 1950 1645 3598 1721">
    <p class='ocr_par' dir='ltr' id='par_1_32' title="bbox 1950 1645 3598 1721">
     <span class='ocr_line' id='line_1_32' title="bbox 1950 1645 3598 1721; baseline 0 -15"><span class='ocrx_word' id='word_1_221' title='bbox 1950 1646 2223 1707; x_wconf 85' lang='lat' dir='ltr'>rentibus</span> <span class='ocrx_word' id='word_1_222' title='bbox 2245 1666 2418 1707; x_wconf 91' lang='lat' dir='ltr'>usum</span> <span class='ocrx_word' id='word_1_223' title='bbox 2456 1666 2613 1710; x_wconf 89' lang='lat' dir='ltr'>esse.</span> <span class='ocrx_word' id='word_1_224' title='bbox 2648 1648 2792 1721; x_wconf 88' lang='lat' dir='ltr'>Quis</span> <span class='ocrx_word' id='word_1_225' title='bbox 2813 1648 2973 1709; x_wconf 88' lang='lat' dir='ltr'>enim</span> <span class='ocrx_word' id='word_1_226' title='bbox 2997 1646 3169 1708; x_wconf 84' lang='lat' dir='ltr'>facile</span> <span class='ocrx_word' id='word_1_227' title='bbox 3190 1645 3394 1707; x_wconf 89' lang='lat' dir='ltr'>credat</span> <span class='ocrx_word' id='word_1_228' title='bbox 3422 1663 3598 1707; x_wconf 84' lang='lat' dir='ltr'>voca-</span> 
     </span>
    </p>
   </div>
   <div class='ocr_carea' id='block_1_33' title="bbox 218 1733 1865 1815">
    <p class='ocr_par' dir='ltr' id='par_1_33' title="bbox 218 1733 1861 1815">
     <span class='ocr_line' id='line_1_33' title="bbox 218 1733 1861 1815; baseline 0 -23"><span class='ocrx_word' id='word_1_229' title='bbox 218 1738 350 1815; x_wconf 53' lang='grc' dir='ltr'>χώρα</span> <span class='ocrx_word' id='word_1_230' title='bbox 390 1739 638 1811; x_wconf 72' lang='grc' dir='ltr'>ζώντων,</span> <span class='ocrx_word' id='word_1_231' title='bbox 707 1743 814 1797; x_wconf 71' lang='grc' dir='ltr'>οὒκ</span> <span class='ocrx_word' id='word_1_232' title='bbox 890 1737 1332 1803; x_wconf 76' lang='grc' dir='ltr'>ἀποθνησκόντων</span> <span class='ocrx_word' id='word_1_233' title='bbox 1388 1733 1473 1790; x_wconf 78' lang='grc' dir='ltr'>διὰ</span> <span class='ocrx_word' id='word_1_234' title='bbox 1536 1741 1634 1804; x_wconf 81' lang='grc' dir='ltr'>τῆς</span> <span class='ocrx_word' id='word_1_235' title='bbox 1686 1737 1861 1812; x_wconf 70' lang='grc' dir='ltr'>ἁμαρ‹</span> 
     </span>
    </p>
   </div>
   <div class='ocr_carea' id='block_1_34' title="bbox 1954 1733 3594 1815">
    <p class='ocr_par' dir='ltr' id='par_1_34' title="bbox 1954 1734 3594 1815">
     <span class='ocr_line' id='line_1_34' title="bbox 1954 1734 3594 1815; baseline 0.001 -20"><span class='ocrx_word' id='word_1_236' title='bbox 1954 1735 2447 1809; x_wconf 72' lang='grc' dir='ltr'>ὺυΙυῐῐι,ὰποϐολή,</span> <span class='ocrx_word' id='word_1_237' title='bbox 2474 1756 2508 1798; x_wconf 91' lang='lat' dir='ltr'>a</span> <span class='ocrx_word' id='word_1_238' title='bbox 2528 1737 2744 1799; x_wconf 85' lang='lat' dir='ltr'>Basilio</span> <span class='ocrx_word' id='word_1_239' title='bbox 2767 1736 3101 1798; x_wconf 85' lang='lat' dir='ltr'>adhibitum</span> <span class='ocrx_word' id='word_1_240' title='bbox 3130 1753 3264 1797; x_wconf 87' lang='lat' dir='ltr'>esse</span> <span class='ocrx_word' id='word_1_241' title='bbox 3287 1735 3359 1796; x_wconf 90' lang='lat' dir='ltr'>ad</span> <span class='ocrx_word' id='word_1_242' title='bbox 3393 1734 3594 1815; x_wconf 81' lang='lat' dir='ltr'>signi-</span> 
     </span>
    </p>
   </div>
   <div class='ocr_carea' id='block_1_35' title="bbox 211 1823 1865 1907">
    <p class='ocr_par' dir='ltr' id='par_1_35' title="bbox 211 1825 1865 1907">
     <span class='ocr_line' id='line_1_35' title="bbox 211 1825 1865 1907; baseline 0.001 -25"><span class='ocrx_word' id='word_1_243' title='bbox 211 1830 328 1907; x_wconf 63' lang='grc' dir='ltr'>τὲςιςὶ</span> <span class='ocrx_word' id='word_1_244' title='bbox 364 1827 498 1882; x_wconf 65' lang='grc' dir='ltr'>ἀλλὰ</span> <span class='ocrx_word' id='word_1_245' title='bbox 527 1830 769 1898; x_wconf 80' lang='grc' dir='ltr'><strong>ζώντων</strong></span> <span class='ocrx_word' id='word_1_246' title='bbox 828 1830 929 1893; x_wconf 75' lang='grc' dir='ltr'><strong>τήν</strong></span> <span class='ocrx_word' id='word_1_247' title='bbox 982 1825 1238 1893; x_wconf 78' lang='grc' dir='ltr'>ἀληθινὴν</span> <span class='ocrx_word' id='word_1_248' title='bbox 1273 1826 1417 1895; x_wconf 80' lang='grc' dir='ltr'>ζωὴν</span> <span class='ocrx_word' id='word_1_249' title='bbox 1442 1825 1539 1892; x_wconf 74' lang='grc' dir='ltr'><strong>τὴν</strong></span> <span class='ocrx_word' id='word_1_250' title='bbox 1570 1825 1624 1881; x_wconf 78' lang='grc' dir='ltr'><strong>ἐν</strong></span> <span class='ocrx_word' id='word_1_251' title='bbox 1659 1834 1865 1905; x_wconf 77' lang='grc' dir='ltr'>Χριστῷ</span> 
     </span>
    </p>
   </div>
   <div class='ocr_carea' id='block_1_36' title="bbox 1954 1823 3600 1907">
    <p class='ocr_par' dir='ltr' id='par_1_36' title="bbox 1954 1823 3600 1904">
     <span class='ocr_line' id='line_1_36' title="bbox 1954 1823 3600 1904; baseline 0.001 -21"><span class='ocrx_word' id='word_1_252' title='bbox 1954 1823 2249 1884; x_wconf 86' lang='lat' dir='ltr'>ficandum</span> <span class='ocrx_word' id='word_1_253' title='bbox 2272 1824 2539 1888; x_wconf 90' lang='lat' dir='ltr'>dentium</span> <span class='ocrx_word' id='word_1_254' title='bbox 2564 1834 2925 1902; x_wconf 89' lang='lat' dir='ltr'>ortum,cum</span> <span class='ocrx_word' id='word_1_255' title='bbox 2952 1832 3145 1887; x_wconf 91' lang='lat' dir='ltr'>tamen</span> <span class='ocrx_word' id='word_1_256' title='bbox 3168 1842 3273 1904; x_wconf 92' lang='lat' dir='ltr'>per</span> <span class='ocrx_word' id='word_1_257' title='bbox 3295 1842 3360 1886; x_wconf 91' lang='lat' dir='ltr'>se</span> <span class='ocrx_word' id='word_1_258' title='bbox 3379 1824 3600 1902; x_wconf 88' lang='lat' dir='ltr'>signifi-</span> 
     </span>
    </p>
   </div>
   <div class='ocr_carea' id='block_1_37' title="bbox 216 1913 3597 1996">
    <p class='ocr_par' dir='ltr' id='par_1_37' title="bbox 216 1913 3597 1996">
     <span class='ocr_line' id='line_1_37' title="bbox 216 1913 3597 1996; baseline -0.002 -14"><span class='ocrx_word' id='word_1_259' title='bbox 216 1916 389 1982; x_wconf 73' lang='grc' dir='ltr'>ἰησοῦ.</span> <span class='ocrx_word' id='word_1_260' title='bbox 425 1916 566 1978; x_wconf 65' lang='lat' dir='ltr'>«ilic</span> <span class='ocrx_word' id='word_1_261' title='bbox 599 1917 883 1979; x_wconf 90' lang='lat' dir='ltr'>mundus</span> <span class='ocrx_word' id='word_1_262' title='bbox 905 1933 1044 1977; x_wconf 89' lang='lat' dir='ltr'>vere</span> <span class='ocrx_word' id='word_1_263' title='bbox 1067 1922 1125 1976; x_wconf 92' lang='lat' dir='ltr'>et</span> <span class='ocrx_word' id='word_1_264' title='bbox 1146 1914 1275 1994; x_wconf 91' lang='lat' dir='ltr'>ipse</span> <span class='ocrx_word' id='word_1_265' title='bbox 1320 1914 1611 1994; x_wconf 89' lang='lat' dir='ltr'>mortalis,</span> <span class='ocrx_word' id='word_1_266' title='bbox 1644 1924 1702 1977; x_wconf 87' lang='lat' dir='ltr'>et</span> <span class='ocrx_word' id='word_1_267' title='bbox 1735 1934 1865 1977; x_wconf 90' lang='lat' dir='ltr'>mo-</span> <span class='ocrx_word' id='word_1_268' title='bbox 1952 1921 2046 1974; x_wconf 91' lang='lat' dir='ltr'>cet</span> <span class='ocrx_word' id='word_1_269' title='bbox 2070 1914 2263 1993; x_wconf 88' lang='lat' dir='ltr'>potius</span> <span class='ocrx_word' id='word_1_270' title='bbox 2296 1932 2500 1976; x_wconf 92' lang='lat' dir='ltr'>eorum</span> <span class='ocrx_word' id='word_1_271' title='bbox 2524 1915 2726 1996; x_wconf 88' lang='lat' dir='ltr'>lapsus</span> <span class='ocrx_word' id='word_1_272' title='bbox 2768 1924 2943 1996; x_wconf 90' lang='lat' dir='ltr'>atque</span> <span class='ocrx_word' id='word_1_273' title='bbox 2960 1917 3287 1995; x_wconf 84' lang='lat' dir='ltr'>jacturam‘?</span> <span class='ocrx_word' id='word_1_274' title='bbox 3319 1913 3597 1976; x_wconf 81' lang='lat' dir='ltr'>Arbitror</span> 
     </span>
    </p>
   </div>
   <div class='ocr_carea' id='block_1_38' title="bbox 213 2002 3597 2085">
    <p class='ocr_par' dir='ltr' id='par_1_38' title="bbox 213 2002 3597 2085">
     <span class='ocr_line' id='line_1_38' title="bbox 213 2002 3597 2085; baseline 0 -20"><span class='ocrx_word' id='word_1_275' title='bbox 213 2005 463 2067; x_wconf 84' lang='lat' dir='ltr'>rientium</span> <span class='ocrx_word' id='word_1_276' title='bbox 490 2007 671 2068; x_wconf 88' lang='lat' dir='ltr'>locus</span> <span class='ocrx_word' id='word_1_277' title='bbox 688 2006 973 2079; x_wconf 86' lang='lat' dir='ltr'>est.Quia</span> <span class='ocrx_word' id='word_1_278' title='bbox 994 2003 1153 2067; x_wconf 91' lang='lat' dir='ltr'>enim</span> <span class='ocrx_word' id='word_1_279' title='bbox 1169 2022 1372 2065; x_wconf 89' lang='lat' dir='ltr'>rerum</span> <span class='ocrx_word' id='word_1_280' title='bbox 1390 2003 1709 2066; x_wconf 88' lang='lat' dir='ltr'>visibilium</span> <span class='ocrx_word' id='word_1_281' title='bbox 1728 2024 1870 2067; x_wconf 88' lang='lat' dir='ltr'>con-</span> <span class='ocrx_word' id='word_1_282' title='bbox 1951 2002 2231 2064; x_wconf 90' lang='lat' dir='ltr'>Basilium</span> <span class='ocrx_word' id='word_1_283' title='bbox 2263 2003 2373 2064; x_wconf 91' lang='lat' dir='ltr'>hoc</span> <span class='ocrx_word' id='word_1_284' title='bbox 2403 2004 2460 2064; x_wconf 92' lang='lat' dir='ltr'>in</span> <span class='ocrx_word' id='word_1_285' title='bbox 2478 2004 2610 2066; x_wconf 92' lang='lat' dir='ltr'>loco</span> <span class='ocrx_word' id='word_1_286' title='bbox 2633 2006 2870 2085; x_wconf 84' lang='grc' dir='ltr'>προϐολή</span> <span class='ocrx_word' id='word_1_287' title='bbox 2898 2024 3013 2066; x_wconf 90' lang='lat' dir='ltr'>non</span> <span class='ocrx_word' id='word_1_288' title='bbox 3067 2004 3313 2074; x_wconf 76' lang='grc' dir='ltr'>ἀποϐολή</span> <span class='ocrx_word' id='word_1_289' title='bbox 3335 2003 3597 2084; x_wconf 83' lang='lat' dir='ltr'>scriptu.-</span> 
     </span>
    </p>
   </div>
   <div class='ocr_carea' id='block_1_39' title="bbox 214 2095 1866 2177">
    <p class='ocr_par' dir='ltr' id='par_1_39' title="bbox 214 2095 1866 2177">
     <span class='ocr_line' id='line_1_39' title="bbox 214 2095 1866 2177; baseline -0.001 -23"><span class='ocrx_word' id='word_1_290' title='bbox 214 2096 410 2156; x_wconf 83' lang='lat' dir='ltr'>stitutio</span> <span class='ocrx_word' id='word_1_291' title='bbox 433 2096 793 2177; x_wconf 88' lang='lat' dir='ltr'>composita</span> <span class='ocrx_word' id='word_1_292' title='bbox 816 2108 933 2174; x_wconf 86' lang='lat' dir='ltr'>est,</span> <span class='ocrx_word' id='word_1_293' title='bbox 969 2113 1146 2156; x_wconf 83' lang='lat' dir='ltr'>omne</span> <span class='ocrx_word' id='word_1_294' title='bbox 1160 2111 1305 2154; x_wconf 89' lang='lat' dir='ltr'>vero</span> <span class='ocrx_word' id='word_1_295' title='bbox 1326 2095 1721 2169; x_wconf 87' lang='lat' dir='ltr'>compositum</span> <span class='ocrx_word' id='word_1_296' title='bbox 1753 2096 1866 2156; x_wconf 91' lang='lat' dir='ltr'>sol-</span> 
     </span>
    </p>
   </div>
   <div class='ocr_carea' id='block_1_40' title="bbox 217 2182 1864 2264">
    <p class='ocr_par' dir='ltr' id='par_1_40' title="bbox 217 2182 1864 2264">
     <span class='ocr_line' id='line_1_40' title="bbox 217 2182 1864 2264; baseline 0.002 -22"><span class='ocrx_word' id='word_1_297' title='bbox 217 2185 384 2264; x_wconf 78' lang='lat' dir='ltr'>vitur;</span> <span class='ocrx_word' id='word_1_298' title='bbox 412 2206 548 2247; x_wconf 89' lang='lat' dir='ltr'>cum</span> <span class='ocrx_word' id='word_1_299' title='bbox 606 2189 680 2249; x_wconf 88' lang='lat' dir='ltr'>in</span> <span class='ocrx_word' id='word_1_300' title='bbox 732 2185 961 2247; x_wconf 88' lang='lat' dir='ltr'>mundo</span> <span class='ocrx_word' id='word_1_301' title='bbox 996 2194 1055 2246; x_wconf 92' lang='lat' dir='ltr'>et</span> <span class='ocrx_word' id='word_1_302' title='bbox 1081 2201 1217 2264; x_wconf 91' lang='lat' dir='ltr'>pars</span> <span class='ocrx_word' id='word_1_303' title='bbox 1269 2182 1475 2244; x_wconf 88' lang='lat' dir='ltr'>mundi</span> <span class='ocrx_word' id='word_1_304' title='bbox 1508 2189 1718 2263; x_wconf 88' lang='lat' dir='ltr'>simus,</span> <span class='ocrx_word' id='word_1_305' title='bbox 1754 2203 1864 2245; x_wconf 87' lang='lat' dir='ltr'>ne—</span> 
     </span>
    </p>
   </div>
   <div class='ocr_carea' id='block_1_41' title="bbox 212 2273 1866 2354">
    <p class='ocr_par' dir='ltr' id='par_1_41' title="bbox 212 2273 1866 2354">
     <span class='ocr_line' id='line_1_41' title="bbox 212 2273 1866 2354; baseline 0.001 -20"><span class='ocrx_word' id='word_1_306' title='bbox 212 2277 447 2336; x_wconf 84' lang='lat' dir='ltr'>cessario</span> <span class='ocrx_word' id='word_1_307' title='bbox 481 2286 733 2338; x_wconf 57' lang='lat' dir='ltr'>natura;</span> <span class='ocrx_word' id='word_1_308' title='bbox 768 2275 1030 2336; x_wconf 90' lang='lat' dir='ltr'>universi</span> <span class='ocrx_word' id='word_1_309' title='bbox 1080 2282 1385 2336; x_wconf 87' lang='lat' dir='ltr'>consortes</span> <span class='ocrx_word' id='word_1_310' title='bbox 1406 2292 1635 2354; x_wconf 89' lang='lat' dir='ltr'>sumus;</span> <span class='ocrx_word' id='word_1_311' title='bbox 1667 2284 1726 2334; x_wconf 93' lang='lat' dir='ltr'>at</span> <span class='ocrx_word' id='word_1_312' title='bbox 1748 2273 1866 2335; x_wconf 91' lang='lat' dir='ltr'>illic</span> 
     </span>
    </p>
   </div>
   <div class='ocr_carea' id='block_1_42' title="bbox 214 2362 1866 2444">
    <p class='ocr_par' dir='ltr' id='par_1_42' title="bbox 214 2362 1866 2444">
     <span class='ocr_line' id='line_1_42' title="bbox 214 2362 1866 2444; baseline 0.001 -21"><span class='ocrx_word' id='word_1_313' title='bbox 214 2383 312 2425; x_wconf 83' lang='lat' dir='ltr'>non</span> <span class='ocrx_word' id='word_1_314' title='bbox 343 2376 428 2425; x_wconf 90' lang='lat' dir='ltr'>est</span> <span class='ocrx_word' id='word_1_315' title='bbox 451 2365 815 2427; x_wconf 81' lang='lat' dir='ltr'>immutatio</span> <span class='ocrx_word' id='word_1_316' title='bbox 851 2365 939 2426; x_wconf 90' lang='lat' dir='ltr'>vel</span> <span class='ocrx_word' id='word_1_317' title='bbox 963 2364 1234 2444; x_wconf 91' lang='lat' dir='ltr'>corporis</span> <span class='ocrx_word' id='word_1_318' title='bbox 1265 2363 1359 2426; x_wconf 81' lang='lat' dir='ltr'>vel</span> <span class='ocrx_word' id='word_1_319' title='bbox 1382 2362 1620 2426; x_wconf 64' lang='lat' dir='ltr'>animae.</span> <span class='ocrx_word' id='word_1_320' title='bbox 1654 2366 1866 2443; x_wconf 89' lang='lat' dir='ltr'>Neque</span> 
     </span>
    </p>
   </div>
   <div class='ocr_carea' id='block_1_43' title="bbox 214 2453 1866 2535">
    <p class='ocr_par' dir='ltr' id='par_1_43' title="bbox 214 2453 1866 2535">
     <span class='ocr_line' id='line_1_43' title="bbox 214 2453 1866 2535; baseline -0.001 -20"><span class='ocrx_word' id='word_1_321' title='bbox 214 2455 347 2515; x_wconf 88' lang='lat' dir='ltr'>enim</span> <span class='ocrx_word' id='word_1_322' title='bbox 371 2467 460 2517; x_wconf 85' lang='lat' dir='ltr'>est</span> <span class='ocrx_word' id='word_1_323' title='bbox 490 2456 898 2535; x_wconf 81' lang='lat' dir='ltr'>cogitationis</span> <span class='ocrx_word' id='word_1_324' title='bbox 946 2454 1269 2526; x_wconf 86' lang='lat' dir='ltr'>aberratio,</span> <span class='ocrx_word' id='word_1_325' title='bbox 1328 2471 1521 2532; x_wconf 90' lang='lat' dir='ltr'>neque</span> <span class='ocrx_word' id='word_1_326' title='bbox 1555 2453 1866 2514; x_wconf 84' lang='lat' dir='ltr'>sententiae</span> 
     </span>
    </p>
   </div>
   <div class='ocr_carea' id='block_1_44' title="bbox 213 2541 1869 2625">
    <p class='ocr_par' dir='ltr' id='par_1_44' title="bbox 213 2541 1869 2625">
     <span class='ocr_line' id='line_1_44' title="bbox 213 2541 1869 2625; baseline 0.001 -24"><span class='ocrx_word' id='word_1_327' title='bbox 213 2546 599 2619; x_wconf 83' lang='lat' dir='ltr'>variatio,cum</span> <span class='ocrx_word' id='word_1_328' title='bbox 622 2544 1116 2607; x_wconf 88' lang='lat' dir='ltr'>nullacalamitas</span> <span class='ocrx_word' id='word_1_329' title='bbox 1131 2551 1437 2625; x_wconf 87' lang='lat' dir='ltr'>peccatum</span> <span class='ocrx_word' id='word_1_330' title='bbox 1458 2541 1869 2621; x_wconf 82' lang='lat' dir='ltr'>tranquillum-</span> 
     </span>
    </p>
   </div>
   <div class='ocr_carea' id='block_1_45' title="bbox 213 2628 1868 2714">
    <p class='ocr_par' dir='ltr' id='par_1_45' title="bbox 213 2628 1868 2714">
     <span class='ocr_line' id='line_1_45' title="bbox 213 2628 1868 2714; baseline 0 -21"><span class='ocrx_word' id='word_1_331' title='bbox 213 2652 312 2713; x_wconf 87' lang='lat' dir='ltr'>que</span> <span class='ocrx_word' id='word_1_332' title='bbox 338 2636 786 2714; x_wconf 71' lang='lat' dir='ltr'>cogitationum</span> <span class='ocrx_word' id='word_1_333' title='bbox 839 2633 1111 2696; x_wconf 87' lang='lat' dir='ltr'>ordinem</span> <span class='ocrx_word' id='word_1_334' title='bbox 1163 2632 1409 2693; x_wconf 80' lang='lat' dir='ltr'>auferat.</span> <span class='ocrx_word' id='word_1_335' title='bbox 1449 2628 1553 2693; x_wconf 84' lang='lat' dir='ltr'>illa</span> <span class='ocrx_word' id='word_1_336' title='bbox 1596 2632 1734 2691; x_wconf 89' lang='lat' dir='ltr'>item</span> <span class='ocrx_word' id='word_1_337' title='bbox 1778 2639 1868 2695; x_wconf 89' lang='lat' dir='ltr'>est</span> 
     </span>
    </p>
   </div>
   <div class='ocr_carea' id='block_1_46' title="bbox 212 2719 1863 2805">
    <p class='ocr_par' dir='ltr' id='par_1_46' title="bbox 212 2719 1863 2805">
     <span class='ocr_line' id='line_1_46' title="bbox 212 2719 1863 2805; baseline 0.001 -23"><span class='ocrx_word' id='word_1_338' title='bbox 212 2742 354 2801; x_wconf 79' lang='lat' dir='ltr'>regio</span> <span class='ocrx_word' id='word_1_339' title='bbox 386 2726 761 2805; x_wconf 80' lang='lat' dir='ltr'>viventium,</span> <span class='ocrx_word' id='word_1_340' title='bbox 798 2723 899 2784; x_wconf 90' lang='lat' dir='ltr'>uhi</span> <span class='ocrx_word' id='word_1_341' title='bbox 932 2742 995 2785; x_wconf 92' lang='lat' dir='ltr'>se</span> <span class='ocrx_word' id='word_1_342' title='bbox 1044 2722 1299 2783; x_wconf 80' lang='lat' dir='ltr'>maxime</span> <span class='ocrx_word' id='word_1_343' title='bbox 1342 2722 1463 2783; x_wconf 89' lang='lat' dir='ltr'>Deo</span> <span class='ocrx_word' id='word_1_344' title='bbox 1507 2719 1863 2800; x_wconf 91' lang='lat' dir='ltr'>placiturum</span> 
     </span>
    </p>
   </div>
   <div class='ocr_carea' id='block_1_47' title="bbox 213 2810 1868 2897">
    <p class='ocr_par' dir='ltr' id='par_1_47' title="bbox 213 2810 1868 2897">
     <span class='ocr_line' id='line_1_47' title="bbox 213 2810 1868 2897; baseline -0.002 -22"><span class='ocrx_word' id='word_1_345' title='bbox 213 2814 487 2895; x_wconf 82' lang='lat' dir='ltr'>Propheta</span> <span class='ocrx_word' id='word_1_346' title='bbox 514 2815 922 2897; x_wconf 78' lang='lat' dir='ltr'>pronuntiat;</span> <span class='ocrx_word' id='word_1_347' title='bbox 978 2822 1041 2874; x_wconf 87' lang='lat' dir='ltr'>ut</span> <span class='ocrx_word' id='word_1_348' title='bbox 1081 2812 1235 2893; x_wconf 89' lang='lat' dir='ltr'>quia</span> <span class='ocrx_word' id='word_1_349' title='bbox 1269 2810 1433 2872; x_wconf 87' lang='lat' dir='ltr'>nullo</span> <span class='ocrx_word' id='word_1_350' title='bbox 1466 2818 1747 2871; x_wconf 81' lang='lat' dir='ltr'>extraneo</span> <span class='ocrx_word' id='word_1_351' title='bbox 1794 2829 1868 2872; x_wconf 82' lang='lat' dir='ltr'>ex</span> 
     </span>
    </p>
   </div>
   <div class='ocr_carea' id='block_1_48' title="bbox 214 2897 1863 2978">
    <p class='ocr_par' dir='ltr' id='par_1_48' title="bbox 214 2897 1863 2978">
     <span class='ocr_line' id='line_1_48' title="bbox 214 2897 1863 2978; baseline -0.001 -15"><span class='ocrx_word' id='word_1_352' title='bbox 214 2923 441 2965; x_wconf 87' lang='lat' dir='ltr'>nurnero</span> <span class='ocrx_word' id='word_1_353' title='bbox 474 2905 824 2967; x_wconf 84' lang='lat' dir='ltr'>viventium</span> <span class='ocrx_word' id='word_1_354' title='bbox 846 2901 1295 2963; x_wconf 87' lang='lat' dir='ltr'>abscindendus</span> <span class='ocrx_word' id='word_1_355' title='bbox 1327 2897 1537 2962; x_wconf 85' lang='lat' dir='ltr'>sit.Illa</span> <span class='ocrx_word' id='word_1_356' title='bbox 1565 2900 1727 2977; x_wconf 86' lang='lat' dir='ltr'>regio</span> <span class='ocrx_word' id='word_1_357' title='bbox 1752 2910 1863 2978; x_wconf 82' lang='lat' dir='ltr'>est,</span> 
     </span>
    </p>
   </div>
   <div class='ocr_carea' id='block_1_49' title="bbox 214 2988 1864 3076">
    <p class='ocr_par' dir='ltr' id='par_1_49' title="bbox 214 2988 1864 3076">
     <span class='ocr_line' id='line_1_49' title="bbox 214 2988 1864 3076; baseline -0.001 -24"><span class='ocrx_word' id='word_1_358' title='bbox 214 2995 260 3053; x_wconf 85' lang='lat' dir='ltr'>in</span> <span class='ocrx_word' id='word_1_359' title='bbox 287 3014 392 3073; x_wconf 85' lang='lat' dir='ltr'>qua</span> <span class='ocrx_word' id='word_1_360' title='bbox 426 3014 636 3076; x_wconf 87' lang='lat' dir='ltr'>neque</span> <span class='ocrx_word' id='word_1_361' title='bbox 682 3012 821 3067; x_wconf 78' lang='lat' dir='ltr'>nox,</span> <span class='ocrx_word' id='word_1_362' title='bbox 856 3010 1049 3073; x_wconf 89' lang='lat' dir='ltr'>neque</span> <span class='ocrx_word' id='word_1_363' title='bbox 1103 3009 1373 3069; x_wconf 88' lang='lat' dir='ltr'>somnus,</span> <span class='ocrx_word' id='word_1_364' title='bbox 1403 2988 1617 3051; x_wconf 89' lang='lat' dir='ltr'>mortis</span> <span class='ocrx_word' id='word_1_365' title='bbox 1646 2989 1864 3071; x_wconf 81' lang='lat' dir='ltr'>imago,</span> 
     </span>
    </p>
   </div>
   <div class='ocr_carea' id='block_1_50' title="bbox 1951 2091 3593 2174">
    <p class='ocr_par' dir='ltr' id='par_1_50' title="bbox 1951 2091 3593 2174">
     <span class='ocr_line' id='line_1_50' title="bbox 1951 2091 3593 2174; baseline 0.003 -23"><span class='ocrx_word' id='word_1_366' title='bbox 1951 2109 2080 2152; x_wconf 89' lang='lat' dir='ltr'>rum</span> <span class='ocrx_word' id='word_1_367' title='bbox 2114 2091 2478 2166; x_wconf 85' lang='lat' dir='ltr'>fuisse.Quid</span> <span class='ocrx_word' id='word_1_368' title='bbox 2505 2095 2666 2173; x_wconf 91' lang='lat' dir='ltr'>quod</span> <span class='ocrx_word' id='word_1_369' title='bbox 2696 2095 2942 2157; x_wconf 89' lang='lat' dir='ltr'>verbum</span> <span class='ocrx_word' id='word_1_370' title='bbox 2966 2096 3042 2153; x_wconf 79' lang='grc' dir='ltr'><strong>ἔνι</strong></span> <span class='ocrx_word' id='word_1_371' title='bbox 3068 2093 3287 2174; x_wconf 73' lang='lat' dir='ltr'>saepius</span> <span class='ocrx_word' id='word_1_372' title='bbox 3306 2094 3364 2155; x_wconf 91' lang='lat' dir='ltr'>in</span> <span class='ocrx_word' id='word_1_373' title='bbox 3385 2096 3593 2156; x_wconf 86' lang='lat' dir='ltr'>eadem</span> 
     </span>
    </p>
   </div>
   <div class='ocr_carea' id='block_1_51' title="bbox 1951 2180 3601 2266">
    <p class='ocr_par' dir='ltr' id='par_1_51' title="bbox 1951 2180 3601 2266">
     <span class='ocr_line' id='line_1_51' title="bbox 1951 2180 3601 2266; baseline 0.002 -25"><span class='ocrx_word' id='word_1_374' title='bbox 1951 2180 2196 2261; x_wconf 88' lang='lat' dir='ltr'>periodo</span> <span class='ocrx_word' id='word_1_375' title='bbox 2218 2184 2538 2262; x_wconf 90' lang='lat' dir='ltr'>repetitum</span> <span class='ocrx_word' id='word_1_376' title='bbox 2560 2184 3010 2266; x_wconf 79' lang='lat' dir='ltr'>legimus,quod</span> <span class='ocrx_word' id='word_1_377' title='bbox 3037 2192 3235 2247; x_wconf 88' lang='lat' dir='ltr'>tamen</span> <span class='ocrx_word' id='word_1_378' title='bbox 3260 2182 3502 2245; x_wconf 84' lang='lat' dir='ltr'>difficile</span> <span class='ocrx_word' id='word_1_379' title='bbox 3524 2183 3601 2245; x_wconf 93' lang='lat' dir='ltr'>sit</span> 
     </span>
    </p>
   </div>
   <div class='ocr_carea' id='block_1_52' title="bbox 1949 2271 3600 2354">
    <p class='ocr_par' dir='ltr' id='par_1_52' title="bbox 1949 2271 3600 2354">
     <span class='ocr_line' id='line_1_52' title="bbox 1949 2271 3600 2354; baseline 0.002 -22"><span class='ocrx_word' id='word_1_380' title='bbox 1949 2273 2008 2332; x_wconf 90' lang='lat' dir='ltr'>in</span> <span class='ocrx_word' id='word_1_381' title='bbox 2033 2271 2235 2335; x_wconf 91' lang='lat' dir='ltr'>Basilii</span> <span class='ocrx_word' id='word_1_382' title='bbox 2273 2275 2558 2354; x_wconf 86' lang='lat' dir='ltr'>operibus</span> <span class='ocrx_word' id='word_1_383' title='bbox 2588 2294 2705 2338; x_wconf 89' lang='lat' dir='ltr'>non</span> <span class='ocrx_word' id='word_1_384' title='bbox 2739 2276 3136 2338; x_wconf 81' lang='lat' dir='ltr'>controversis</span> <span class='ocrx_word' id='word_1_385' title='bbox 3162 2274 3350 2336; x_wconf 87' lang='lat' dir='ltr'>semel</span> <span class='ocrx_word' id='word_1_386' title='bbox 3381 2282 3480 2337; x_wconf 90' lang='lat' dir='ltr'>aut</span> <span class='ocrx_word' id='word_1_387' title='bbox 3508 2273 3600 2335; x_wconf 89' lang='lat' dir='ltr'>his</span> 
     </span>
    </p>
   </div>
   <div class='ocr_carea' id='block_1_53' title="bbox 1946 2362 3601 2440">
    <p class='ocr_par' dir='ltr' id='par_1_53' title="bbox 1946 2362 3601 2440">
     <span class='ocr_line' id='line_1_53' title="bbox 1946 2362 3601 2440; baseline 0.002 -18"><span class='ocrx_word' id='word_1_388' title='bbox 1946 2362 2248 2440; x_wconf 85' lang='lat' dir='ltr'>reperire?</span> <span class='ocrx_word' id='word_1_389' title='bbox 2284 2363 2534 2427; x_wconf 89' lang='lat' dir='ltr'>Tantine</span> <span class='ocrx_word' id='word_1_390' title='bbox 2584 2365 2841 2428; x_wconf 87' lang='lat' dir='ltr'>faciebat</span> <span class='ocrx_word' id='word_1_391' title='bbox 2869 2364 3192 2428; x_wconf 90' lang='lat' dir='ltr'>Eusebium</span> <span class='ocrx_word' id='word_1_392' title='bbox 3227 2364 3509 2439; x_wconf 80' lang='lat' dir='ltr'>Basilius,</span> <span class='ocrx_word' id='word_1_393' title='bbox 3538 2373 3601 2426; x_wconf 92' lang='lat' dir='ltr'>ut</span> 
     </span>
    </p>
   </div>
   <div class='ocr_carea' id='block_1_54' title="bbox 1957 2453 3601 2535">
    <p class='ocr_par' dir='ltr' id='par_1_54' title="bbox 1957 2453 3601 2535">
     <span class='ocr_line' id='line_1_54' title="bbox 1957 2453 3601 2535; baseline 0.003 -24"><span class='ocrx_word' id='word_1_394' title='bbox 1957 2470 2089 2513; x_wconf 88' lang='lat' dir='ltr'>cum</span> <span class='ocrx_word' id='word_1_395' title='bbox 2119 2453 2463 2533; x_wconf 90' lang='lat' dir='ltr'>possetipse</span> <span class='ocrx_word' id='word_1_396' title='bbox 2478 2454 2553 2516; x_wconf 90' lang='lat' dir='ltr'>de</span> <span class='ocrx_word' id='word_1_397' title='bbox 2576 2474 2685 2515; x_wconf 92' lang='lat' dir='ltr'>suo</span> <span class='ocrx_word' id='word_1_398' title='bbox 2728 2455 2976 2518; x_wconf 89' lang='lat' dir='ltr'>meliora</span> <span class='ocrx_word' id='word_1_399' title='bbox 2998 2454 3288 2535; x_wconf 87' lang='lat' dir='ltr'>proferre,</span> <span class='ocrx_word' id='word_1_400' title='bbox 3326 2455 3601 2516; x_wconf 89' lang='lat' dir='ltr'>maluerit</span> 
     </span>
    </p>
   </div>
   <div class='ocr_carea' id='block_1_55' title="bbox 1957 2540 3598 2624">
    <p class='ocr_par' dir='ltr' id='par_1_55' title="bbox 1957 2540 3598 2624">
     <span class='ocr_line' id='line_1_55' title="bbox 1957 2540 3598 2624; baseline 0.003 -24"><span class='ocrx_word' id='word_1_401' title='bbox 1957 2549 2151 2601; x_wconf 90' lang='lat' dir='ltr'>tamen</span> <span class='ocrx_word' id='word_1_402' title='bbox 2172 2540 2523 2605; x_wconf 88' lang='lat' dir='ltr'>Eusebianis</span> <span class='ocrx_word' id='word_1_403' title='bbox 2551 2545 2800 2607; x_wconf 85' lang='lat' dir='ltr'>uti?Non</span> <span class='ocrx_word' id='word_1_404' title='bbox 2822 2543 3036 2606; x_wconf 85' lang='lat' dir='ltr'>dubito</span> <span class='ocrx_word' id='word_1_405' title='bbox 3058 2544 3236 2622; x_wconf 82' lang='lat' dir='ltr'>igitur</span> <span class='ocrx_word' id='word_1_406' title='bbox 3255 2548 3598 2624; x_wconf 87' lang='lat' dir='ltr'>quintotum</span> 
     </span>
    </p>
   </div>
   <div class='ocr_carea' id='block_1_56' title="bbox 1950 2628 3602 2713">
    <p class='ocr_par' dir='ltr' id='par_1_56' title="bbox 1950 2628 3602 2713">
     <span class='ocr_line' id='line_1_56' title="bbox 1950 2628 3602 2713; baseline 0.001 -24"><span class='ocrx_word' id='word_1_407' title='bbox 1950 2628 2117 2702; x_wconf 89' lang='lat' dir='ltr'>illud,</span> <span class='ocrx_word' id='word_1_408' title='bbox 2157 2634 2183 2687; x_wconf 85' lang='grc' dir='ltr'>ὁ</span> <span class='ocrx_word' id='word_1_409' title='bbox 2220 2634 2419 2708; x_wconf 83' lang='grc' dir='ltr'>κόσμος</span> <span class='ocrx_word' id='word_1_410' title='bbox 2455 2634 2602 2700; x_wconf 82' lang='grc' dir='ltr'>οὗτος</span> <span class='ocrx_word' id='word_1_411' title='bbox 2653 2636 2807 2700; x_wconf 78' lang='grc' dir='ltr'>αὐτός</span> <span class='ocrx_word' id='word_1_412' title='bbox 2856 2635 2915 2690; x_wconf 83' lang='grc' dir='ltr'><em>τέ</em></span> <span class='ocrx_word' id='word_1_413' title='bbox 2958 2636 3071 2690; x_wconf 80' lang='grc' dir='ltr'>ἐστι</span> <span class='ocrx_word' id='word_1_414' title='bbox 3099 2634 3315 2713; x_wconf 75' lang='grc' dir='ltr'>θνητός,</span> <span class='ocrx_word' id='word_1_415' title='bbox 3351 2641 3495 2710; x_wconf 79' lang='lat' dir='ltr'>etc.,</span> <span class='ocrx_word' id='word_1_416' title='bbox 3529 2633 3602 2695; x_wconf 84' lang='lat' dir='ltr'>ad</span> 
     </span>
    </p>
   </div>
   <div class='ocr_carea' id='block_1_57' title="bbox 1949 2719 3601 2803">
    <p class='ocr_par' dir='ltr' id='par_1_57' title="bbox 1949 2719 3601 2803">
     <span class='ocr_line' id='line_1_57' title="bbox 1949 2719 3601 2803; baseline 0.002 -22"><span class='ocrx_word' id='word_1_417' title='bbox 1949 2719 2130 2781; x_wconf 80' lang='lat' dir='ltr'>finem</span> <span class='ocrx_word' id='word_1_418' title='bbox 2165 2722 2651 2803; x_wconf 84' lang='lat' dir='ltr'>usque,additum</span> <span class='ocrx_word' id='word_1_419' title='bbox 2682 2724 2807 2784; x_wconf 91' lang='lat' dir='ltr'>sita</span> <span class='ocrx_word' id='word_1_420' title='bbox 2830 2722 3091 2785; x_wconf 88' lang='lat' dir='ltr'>librariis</span> <span class='ocrx_word' id='word_1_421' title='bbox 3120 2722 3331 2803; x_wconf 83' lang='lat' dir='ltr'>(b),qui</span> <span class='ocrx_word' id='word_1_422' title='bbox 3364 2731 3431 2783; x_wconf 92' lang='lat' dir='ltr'>ut</span> <span class='ocrx_word' id='word_1_423' title='bbox 3460 2741 3601 2785; x_wconf 89' lang='lat' dir='ltr'>ora-</span> 
     </span>
    </p>
   </div>
   <div class='ocr_carea' id='block_1_58' title="bbox 1950 2810 3598 2892">
    <p class='ocr_par' dir='ltr' id='par_1_58' title="bbox 1950 2810 3598 2892">
     <span class='ocr_line' id='line_1_58' title="bbox 1950 2810 3598 2892; baseline 0.002 -22"><span class='ocrx_word' id='word_1_424' title='bbox 1950 2810 2174 2871; x_wconf 85' lang='lat' dir='ltr'>tionem</span> <span class='ocrx_word' id='word_1_425' title='bbox 2203 2811 2405 2873; x_wconf 91' lang='lat' dir='ltr'>Basilii</span> <span class='ocrx_word' id='word_1_426' title='bbox 2430 2812 2614 2892; x_wconf 88' lang='lat' dir='ltr'>pluris</span> <span class='ocrx_word' id='word_1_427' title='bbox 2644 2813 3001 2889; x_wconf 88' lang='lat' dir='ltr'>venderent,</span> <span class='ocrx_word' id='word_1_428' title='bbox 3028 2829 3157 2873; x_wconf 89' lang='lat' dir='ltr'>eam</span> <span class='ocrx_word' id='word_1_429' title='bbox 3196 2810 3598 2892; x_wconf 87' lang='lat' dir='ltr'>ampliandam</span> 
     </span>
    </p>
   </div>
   <div class='ocr_carea' id='block_1_59' title="bbox 1952 2900 3592 2983">
    <p class='ocr_par' dir='ltr' id='par_1_59' title="bbox 1952 2900 3592 2983">
     <span class='ocr_line' id='line_1_59' title="bbox 1952 2900 3592 2983; baseline 0.002 -22"><span class='ocrx_word' id='word_1_430' title='bbox 1952 2918 2085 2961; x_wconf 90' lang='lat' dir='ltr'>esse</span> <span class='ocrx_word' id='word_1_431' title='bbox 2112 2901 2821 2965; x_wconf 87' lang='lat' dir='ltr'>censuerunt.Timebant</span> <span class='ocrx_word' id='word_1_432' title='bbox 2845 2902 3004 2963; x_wconf 90' lang='lat' dir='ltr'>enim</span> <span class='ocrx_word' id='word_1_433' title='bbox 3028 2920 3127 2973; x_wconf 90' lang='lat' dir='ltr'>ne,</span> <span class='ocrx_word' id='word_1_434' title='bbox 3153 2902 3203 2962; x_wconf 93' lang='lat' dir='ltr'>si</span> <span class='ocrx_word' id='word_1_435' title='bbox 3240 2900 3592 2983; x_wconf 85' lang='lat' dir='ltr'>imperfecta</span> 
     </span>
    </p>
   </div>
   <div class='ocr_carea' id='block_1_60' title="bbox 1950 2990 3592 3073">
    <p class='ocr_par' dir='ltr' id='par_1_60' title="bbox 1950 2990 3592 3073">
     <span class='ocr_line' id='line_1_60' title="bbox 1950 2990 3592 3073; baseline 0.001 -22"><span class='ocrx_word' id='word_1_436' title='bbox 1950 2990 2250 3053; x_wconf 86' lang='lat' dir='ltr'>videretur</span> <span class='ocrx_word' id='word_1_437' title='bbox 2282 3000 2338 3053; x_wconf 92' lang='lat' dir='ltr'>et</span> <span class='ocrx_word' id='word_1_438' title='bbox 2369 2993 2857 3069; x_wconf 88' lang='lat' dir='ltr'>manca,minoris</span> <span class='ocrx_word' id='word_1_439' title='bbox 2886 2991 3281 3054; x_wconf 64' lang='lat' dir='ltr'>aestimaretur</span> <span class='ocrx_word' id='word_1_440' title='bbox 3310 2992 3384 3053; x_wconf 83' lang='lat' dir='ltr'>ab</span> <span class='ocrx_word' id='word_1_441' title='bbox 3417 3010 3592 3073; x_wconf 90' lang='lat' dir='ltr'>emp-</span> 
     </span>
    </p>
   </div>
   <div class='ocr_carea' id='block_1_61' title="bbox 210 3079 3597 3166">
    <p class='ocr_par' dir='ltr' id='par_1_61' title="bbox 210 3079 3597 3166">
     <span class='ocr_line' id='line_1_61' title="bbox 210 3079 3597 3166; baseline 0 -24"><span class='ocrx_word' id='word_1_442' title='bbox 210 3102 389 3159; x_wconf 84' lang='lat' dir='ltr'>neque</span> <span class='ocrx_word' id='word_1_443' title='bbox 412 3085 843 3163; x_wconf 85' lang='lat' dir='ltr'>cibus,ueque</span> <span class='ocrx_word' id='word_1_444' title='bbox 872 3079 1434 3163; x_wconf 85' lang='lat' dir='ltr'>potus,infirmitatis</span> <span class='ocrx_word' id='word_1_445' title='bbox 1461 3088 1678 3140; x_wconf 66' lang='lat' dir='ltr'>nostra:</span> <span class='ocrx_word' id='word_1_446' title='bbox 1708 3079 1869 3141; x_wconf 83' lang='lat' dir='ltr'>falci.</span> <span class='ocrx_word' id='word_1_447' title='bbox 1889 3116 1930 3166; x_wconf 75' lang='grc' dir='ltr'>ο</span> <span class='ocrx_word' id='word_1_448' title='bbox 1957 3082 2371 3145; x_wconf 86' lang='lat' dir='ltr'>toribus.Sane</span> <span class='ocrx_word' id='word_1_449' title='bbox 2403 3101 2520 3144; x_wconf 86' lang='lat' dir='ltr'>non</span> <span class='ocrx_word' id='word_1_450' title='bbox 2555 3101 2790 3163; x_wconf 89' lang='lat' dir='ltr'>parvam</span> <span class='ocrx_word' id='word_1_451' title='bbox 2816 3081 3079 3163; x_wconf 89' lang='lat' dir='ltr'>gratiam</span> <span class='ocrx_word' id='word_1_452' title='bbox 3105 3081 3366 3144; x_wconf 88' lang='lat' dir='ltr'>librariis</span> <span class='ocrx_word' id='word_1_453' title='bbox 3401 3080 3597 3143; x_wconf 90' lang='lat' dir='ltr'>haben</span> 
     </span>
    </p>
   </div>
   <div class='ocr_carea' id='block_1_62' title="bbox 212 3168 1861 3253">
    <p class='ocr_par' dir='ltr' id='par_1_62' title="bbox 212 3168 1861 3253">
     <span class='ocr_line' id='line_1_62' title="bbox 212 3168 1861 3253; baseline -0.001 -21"><span class='ocrx_word' id='word_1_454' title='bbox 212 3184 407 3252; x_wconf 80' lang='lat' dir='ltr'>menta,</span> <span class='ocrx_word' id='word_1_455' title='bbox 445 3194 578 3235; x_wconf 83' lang='lat' dir='ltr'>nec</span> <span class='ocrx_word' id='word_1_456' title='bbox 605 3172 914 3253; x_wconf 86' lang='lat' dir='ltr'>quidpiam</span> <span class='ocrx_word' id='word_1_457' title='bbox 941 3188 1146 3233; x_wconf 87' lang='lat' dir='ltr'>eorum</span> <span class='ocrx_word' id='word_1_458' title='bbox 1178 3187 1309 3250; x_wconf 64' lang='lat' dir='ltr'>quae</span> <span class='ocrx_word' id='word_1_459' title='bbox 1337 3168 1713 3230; x_wconf 76' lang='lat' dir='ltr'>extrinsecus</span> <span class='ocrx_word' id='word_1_460' title='bbox 1746 3188 1861 3231; x_wconf 91' lang='lat' dir='ltr'>mo-</span> 
     </span>
    </p>
   </div>
   <div class='ocr_carea' id='block_1_63' title="bbox 210 3258 1865 3340">
    <p class='ocr_par' dir='ltr' id='par_1_63' title="bbox 210 3258 1865 3340">
     <span class='ocr_line' id='line_1_63' title="bbox 210 3258 1865 3340; baseline 0 -19"><span class='ocrx_word' id='word_1_461' title='bbox 210 3263 413 3324; x_wconf 82' lang='lat' dir='ltr'>lestiam</span> <span class='ocrx_word' id='word_1_462' title='bbox 432 3273 695 3335; x_wconf 69' lang='lat' dir='ltr'>creant;</span> <span class='ocrx_word' id='word_1_463' title='bbox 724 3263 829 3324; x_wconf 88' lang='lat' dir='ltr'>sed</span> <span class='ocrx_word' id='word_1_464' title='bbox 856 3262 1021 3340; x_wconf 88' lang='lat' dir='ltr'>regio</span> <span class='ocrx_word' id='word_1_465' title='bbox 1053 3258 1401 3332; x_wconf 86' lang='lat' dir='ltr'>viventium,</span> <span class='ocrx_word' id='word_1_466' title='bbox 1440 3276 1550 3319; x_wconf 91' lang='lat' dir='ltr'>nec</span> <span class='ocrx_word' id='word_1_467' title='bbox 1585 3276 1691 3337; x_wconf 89' lang='lat' dir='ltr'>per</span> <span class='ocrx_word' id='word_1_468' title='bbox 1723 3277 1865 3338; x_wconf 89' lang='lat' dir='ltr'>pec-</span> 
     </span>
    </p>
   </div>
   <div class='ocr_carea' id='block_1_64' title="bbox 213 3346 1868 3431">
    <p class='ocr_par' dir='ltr' id='par_1_64' title="bbox 213 3346 1868 3431">
     <span class='ocr_line' id='line_1_64' title="bbox 213 3346 1868 3431; baseline -0.001 -20"><span class='ocrx_word' id='word_1_469' title='bbox 213 3362 381 3412; x_wconf 88' lang='lat' dir='ltr'>catum</span> <span class='ocrx_word' id='word_1_470' title='bbox 400 3353 835 3431; x_wconf 77' lang='lat' dir='ltr'>morientium,</span> <span class='ocrx_word' id='word_1_471' title='bbox 864 3360 923 3412; x_wconf 92' lang='lat' dir='ltr'>at</span> <span class='ocrx_word' id='word_1_472' title='bbox 947 3369 1080 3412; x_wconf 88' lang='lat' dir='ltr'>vera</span> <span class='ocrx_word' id='word_1_473' title='bbox 1098 3350 1213 3410; x_wconf 88' lang='lat' dir='ltr'>vita</span> <span class='ocrx_word' id='word_1_474' title='bbox 1226 3348 1545 3409; x_wconf 90' lang='lat' dir='ltr'>viventium</span> <span class='ocrx_word' id='word_1_475' title='bbox 1562 3353 1620 3408; x_wconf 90' lang='lat' dir='ltr'>in</span> <span class='ocrx_word' id='word_1_476' title='bbox 1636 3346 1868 3409; x_wconf 87' lang='lat' dir='ltr'>Christo</span> 
     </span>
    </p>
   </div>
   <div class='ocr_carea' id='block_1_65' title="bbox 212 3436 1867 3520">
    <p class='ocr_par' dir='ltr' id='par_1_65' title="bbox 212 3436 1867 3520">
     <span class='ocr_line' id='line_1_65' title="bbox 212 3436 1867 3520; baseline -0.002 -18"><span class='ocrx_word' id='word_1_477' title='bbox 212 3444 353 3503; x_wconf 85' lang='lat' dir='ltr'>lesu.</span> <span class='ocrx_word' id='word_1_478' title='bbox 385 3470 409 3499; x_wconf 77' lang='grc' dir='ltr'><strong><em>ι</em></strong></span> <span class='ocrx_word' id='word_1_479' title='bbox 448 3445 656 3507; x_wconf 87' lang='lat' dir='ltr'>Plura</span> <span class='ocrx_word' id='word_1_480' title='bbox 679 3443 917 3520; x_wconf 84' lang='lat' dir='ltr'>quidem</span> <span class='ocrx_word' id='word_1_481' title='bbox 944 3439 1326 3518; x_wconf 89' lang='lat' dir='ltr'>reperiuntur</span> <span class='ocrx_word' id='word_1_482' title='bbox 1360 3438 1417 3497; x_wconf 91' lang='lat' dir='ltr'>in</span> <span class='ocrx_word' id='word_1_483' title='bbox 1454 3436 1670 3497; x_wconf 82' lang='lat' dir='ltr'>Basilio</span> <span class='ocrx_word' id='word_1_484' title='bbox 1699 3456 1713 3511; x_wconf 89' lang='lat'><strong>;</strong></span> <span class='ocrx_word' id='word_1_485' title='bbox 1761 3438 1867 3499; x_wconf 91' lang='lat' dir='ltr'>sed</span> 
     </span>
    </p>
   </div>
   <div class='ocr_carea' id='block_1_66' title="bbox 215 3527 1866 3611">
    <p class='ocr_par' dir='ltr' id='par_1_66' title="bbox 215 3527 1866 3611">
     <span class='ocr_line' id='line_1_66' title="bbox 215 3527 1866 3611; baseline -0.001 -20"><span class='ocrx_word' id='word_1_486' title='bbox 215 3534 337 3611; x_wconf 84' lang='lat' dir='ltr'>quin</span> <span class='ocrx_word' id='word_1_487' title='bbox 355 3531 751 3596; x_wconf 83' lang='lat' dir='ltr'>restituenda</span> <span class='ocrx_word' id='word_1_488' title='bbox 773 3531 891 3589; x_wconf 88' lang='lat' dir='ltr'>sint</span> <span class='ocrx_word' id='word_1_489' title='bbox 914 3531 1039 3591; x_wconf 71' lang='lat' dir='ltr'>haec</span> <span class='ocrx_word' id='word_1_490' title='bbox 1060 3530 1187 3608; x_wconf 90' lang='lat' dir='ltr'>ipsa</span> <span class='ocrx_word' id='word_1_491' title='bbox 1205 3527 1430 3591; x_wconf 89' lang='lat' dir='ltr'>auctori</span> <span class='ocrx_word' id='word_1_492' title='bbox 1452 3545 1559 3587; x_wconf 93' lang='lat' dir='ltr'>suo</span> <span class='ocrx_word' id='word_1_493' title='bbox 1578 3527 1866 3602; x_wconf 89' lang='lat' dir='ltr'>Eusebio,</span> 
     </span>
    </p>
   </div>
   <div class='ocr_carea' id='block_1_67' title="bbox 220 3617 1869 3697">
    <p class='ocr_par' dir='ltr' id='par_1_67' title="bbox 220 3617 1869 3697">
     <span class='ocr_line' id='line_1_67' title="bbox 220 3617 1869 3697; baseline -0.001 -17"><span class='ocrx_word' id='word_1_494' title='bbox 220 3622 515 3684; x_wconf 84' lang='lat' dir='ltr'>dubitandi</span> <span class='ocrx_word' id='word_1_495' title='bbox 567 3622 737 3682; x_wconf 86' lang='lat' dir='ltr'>locus</span> <span class='ocrx_word' id='word_1_496' title='bbox 771 3638 902 3680; x_wconf 89' lang='lat' dir='ltr'>esse</span> <span class='ocrx_word' id='word_1_497' title='bbox 925 3620 1011 3680; x_wconf 80' lang='lat' dir='ltr'>vix</span> <span class='ocrx_word' id='word_1_498' title='bbox 1039 3627 1248 3697; x_wconf 90' lang='lat' dir='ltr'>potest.</span> <span class='ocrx_word' id='word_1_499' title='bbox 1277 3619 1423 3679; x_wconf 89' lang='lat' dir='ltr'>Nam</span> <span class='ocrx_word' id='word_1_500' title='bbox 1451 3617 1661 3677; x_wconf 89' lang='lat' dir='ltr'>deesse</span> <span class='ocrx_word' id='word_1_501' title='bbox 1686 3619 1869 3678; x_wconf 90' lang='lat' dir='ltr'>multa</span> 
     </span>
    </p>
   </div>
   <div class='ocr_carea' id='block_1_68' title="bbox 220 3706 1866 3789">
    <p class='ocr_par' dir='ltr' id='par_1_68' title="bbox 220 3706 1866 3789">
     <span class='ocr_line' id='line_1_68' title="bbox 220 3706 1866 3789; baseline -0.001 -20"><span class='ocrx_word' id='word_1_502' title='bbox 220 3712 271 3771; x_wconf 83' lang='lat' dir='ltr'>in</span> <span class='ocrx_word' id='word_1_503' title='bbox 296 3711 747 3774; x_wconf 84' lang='lat' dir='ltr'>commentario</span> <span class='ocrx_word' id='word_1_504' title='bbox 801 3728 871 3771; x_wconf 92' lang='lat' dir='ltr'>eo</span> <span class='ocrx_word' id='word_1_505' title='bbox 902 3727 1077 3789; x_wconf 72' lang='lat' dir='ltr'>quem</span> <span class='ocrx_word' id='word_1_506' title='bbox 1110 3711 1175 3769; x_wconf 82' lang='lat' dir='ltr'>in</span> <span class='ocrx_word' id='word_1_507' title='bbox 1203 3707 1362 3769; x_wconf 83' lang='lat' dir='ltr'>hunc</span> <span class='ocrx_word' id='word_1_508' title='bbox 1390 3706 1686 3786; x_wconf 79' lang='lat' dir='ltr'>psalmum</span> <span class='ocrx_word' id='word_1_509' title='bbox 1720 3723 1866 3767; x_wconf 90' lang='lat' dir='ltr'>con-</span> 
     </span>
    </p>
   </div>
   <div class='ocr_carea' id='block_1_69' title="bbox 220 3794 1865 3881">
    <p class='ocr_par' dir='ltr' id='par_1_69' title="bbox 220 3794 1865 3881">
     <span class='ocr_line' id='line_1_69' title="bbox 220 3794 1865 3881; baseline -0.004 -18"><span class='ocrx_word' id='word_1_510' title='bbox 220 3803 435 3881; x_wconf 77' lang='lat' dir='ltr'>scripsit</span> <span class='ocrx_word' id='word_1_511' title='bbox 462 3800 806 3877; x_wconf 82' lang='lat' dir='ltr'>Eusebius,</span> <span class='ocrx_word' id='word_1_512' title='bbox 837 3800 930 3859; x_wconf 90' lang='lat' dir='ltr'>vel</span> <span class='ocrx_word' id='word_1_513' title='bbox 966 3818 1035 3859; x_wconf 80' lang='lat' dir='ltr'>es</span> <span class='ocrx_word' id='word_1_514' title='bbox 1073 3798 1199 3859; x_wconf 87' lang='lat' dir='ltr'>sola</span> <span class='ocrx_word' id='word_1_515' title='bbox 1229 3795 1647 3858; x_wconf 89' lang='lat' dir='ltr'>commentarii</span> <span class='ocrx_word' id='word_1_516' title='bbox 1680 3794 1865 3856; x_wconf 90' lang='lat' dir='ltr'>brevi-</span> 
     </span>
    </p>
   </div>
   <div class='ocr_carea' id='block_1_70' title="bbox 223 3887 1866 3970">
    <p class='ocr_par' dir='ltr' id='par_1_70' title="bbox 223 3887 1866 3970">
     <span class='ocr_line' id='line_1_70' title="bbox 223 3887 1866 3970; baseline -0.004 -18"><span class='ocrx_word' id='word_1_517' title='bbox 223 3903 323 3953; x_wconf 87' lang='lat' dir='ltr'>tate</span> <span class='ocrx_word' id='word_1_518' title='bbox 354 3903 543 3970; x_wconf 84' lang='lat' dir='ltr'>patet.</span> <span class='ocrx_word' id='word_1_519' title='bbox 584 3894 714 3950; x_wconf 85' lang='lat' dir='ltr'>Jam</span> <span class='ocrx_word' id='word_1_520' title='bbox 768 3890 910 3966; x_wconf 92' lang='lat' dir='ltr'>quid</span> <span class='ocrx_word' id='word_1_521' title='bbox 964 3890 1036 3949; x_wconf 92' lang='lat' dir='ltr'>de</span> <span class='ocrx_word' id='word_1_522' title='bbox 1072 3889 1183 3949; x_wconf 82' lang='lat' dir='ltr'>hoc</span> <span class='ocrx_word' id='word_1_523' title='bbox 1234 3888 1562 3965; x_wconf 88' lang='lat' dir='ltr'>fragmento</span> <span class='ocrx_word' id='word_1_524' title='bbox 1590 3887 1866 3965; x_wconf 89' lang='lat' dir='ltr'>sentiam,</span> 
     </span>
    </p>
   </div>
   <div class='ocr_carea' id='block_1_71' title="bbox 226 3975 1871 4057">
    <p class='ocr_par' dir='ltr' id='par_1_71' title="bbox 226 3975 1871 4057">
     <span class='ocr_line' id='line_1_71' title="bbox 226 3975 1871 4057; baseline -0.002 -18"><span class='ocrx_word' id='word_1_525' title='bbox 226 3984 406 4057; x_wconf 83' lang='lat' dir='ltr'>paucis</span> <span class='ocrx_word' id='word_1_526' title='bbox 447 3980 814 4052; x_wconf 90' lang='lat' dir='ltr'>dicendum,</span> <span class='ocrx_word' id='word_1_527' title='bbox 867 3978 1141 4040; x_wconf 88' lang='lat' dir='ltr'>Arbitror</span> <span class='ocrx_word' id='word_1_528' title='bbox 1196 3977 1444 4037; x_wconf 88' lang='lat' dir='ltr'>ascitum</span> <span class='ocrx_word' id='word_1_529' title='bbox 1506 3975 1559 4034; x_wconf 92' lang='lat' dir='ltr'>id</span> <span class='ocrx_word' id='word_1_530' title='bbox 1619 3993 1772 4047; x_wconf 86' lang='lat' dir='ltr'>esse,</span> <span class='ocrx_word' id='word_1_531' title='bbox 1811 3982 1871 4036; x_wconf 87' lang='lat' dir='ltr'>et</span> 
     </span>
    </p>
   </div>
   <div class='ocr_carea' id='block_1_72' title="bbox 224 4062 1865 4145">
    <p class='ocr_par' dir='ltr' id='par_1_72' title="bbox 224 4062 1865 4145">
     <span class='ocr_line' id='line_1_72' title="bbox 224 4062 1865 4145; baseline -0.004 -14"><span class='ocrx_word' id='word_1_532' title='bbox 224 4071 323 4131; x_wconf 84' lang='lat' dir='ltr'>huc</span> <span class='ocrx_word' id='word_1_533' title='bbox 342 4092 409 4132; x_wconf 77' lang='lat' dir='ltr'>ex</span> <span class='ocrx_word' id='word_1_534' title='bbox 434 4069 806 4133; x_wconf 81' lang='lat' dir='ltr'>Eusebiauis</span> <span class='ocrx_word' id='word_1_535' title='bbox 850 4068 1054 4145; x_wconf 83' lang='lat' dir='ltr'>iniqua</span> <span class='ocrx_word' id='word_1_536' title='bbox 1088 4085 1264 4127; x_wconf 85' lang='lat' dir='ltr'>manu</span> <span class='ocrx_word' id='word_1_537' title='bbox 1296 4072 1695 4144; x_wconf 80' lang='lat' dir='ltr'>exportatum.</span> <span class='ocrx_word' id='word_1_538' title='bbox 1722 4062 1865 4125; x_wconf 84' lang='lat' dir='ltr'>Cum</span> 
     </span>
    </p>
   </div>
   <div class='ocr_carea' id='block_1_73' title="bbox 224 4154 1864 4238">
    <p class='ocr_par' dir='ltr' id='par_1_73' title="bbox 224 4154 1864 4238">
     <span class='ocr_line' id='line_1_73' title="bbox 224 4154 1864 4238; baseline -0.001 -21"><span class='ocrx_word' id='word_1_539' title='bbox 224 4172 396 4221; x_wconf 81' lang='lat' dir='ltr'>autem</span> <span class='ocrx_word' id='word_1_540' title='bbox 427 4163 555 4222; x_wconf 89' lang='lat' dir='ltr'>hou</span> <span class='ocrx_word' id='word_1_541' title='bbox 584 4158 931 4238; x_wconf 87' lang='lat' dir='ltr'>suspicandi</span> <span class='ocrx_word' id='word_1_542' title='bbox 966 4157 1111 4217; x_wconf 91' lang='lat' dir='ltr'>mihi</span> <span class='ocrx_word' id='word_1_543' title='bbox 1143 4154 1260 4216; x_wconf 92' lang='lat' dir='ltr'>sint</span> <span class='ocrx_word' id='word_1_544' title='bbox 1290 4171 1481 4216; x_wconf 76' lang='lat' dir='ltr'>causae</span> <span class='ocrx_word' id='word_1_545' title='bbox 1516 4154 1864 4225; x_wconf 71' lang='lat' dir='ltr'>multae,tres</span> 
     </span>
    </p>
   </div>
   <div class='ocr_carea' id='block_1_74' title="bbox 1953 3168 3592 3252">
    <p class='ocr_par' dir='ltr' id='par_1_74' title="bbox 1953 3168 3592 3252">
     <span class='ocr_line' id='line_1_74' title="bbox 1953 3168 3592 3252; baseline 0.002 -24"><span class='ocrx_word' id='word_1_546' title='bbox 1953 3168 2087 3229; x_wconf 89' lang='lat' dir='ltr'>dam</span> <span class='ocrx_word' id='word_1_547' title='bbox 2122 3188 2254 3232; x_wconf 91' lang='lat' dir='ltr'>esse</span> <span class='ocrx_word' id='word_1_548' title='bbox 2286 3180 2448 3252; x_wconf 90' lang='lat' dir='ltr'>puto,</span> <span class='ocrx_word' id='word_1_549' title='bbox 2483 3172 2583 3252; x_wconf 90' lang='lat' dir='ltr'>qui</span> <span class='ocrx_word' id='word_1_550' title='bbox 2614 3171 2913 3234; x_wconf 90' lang='lat' dir='ltr'>orationes</span> <span class='ocrx_word' id='word_1_551' title='bbox 2968 3170 3111 3233; x_wconf 88' lang='lat' dir='ltr'>alias</span> <span class='ocrx_word' id='word_1_552' title='bbox 3155 3170 3216 3231; x_wconf 91' lang='lat' dir='ltr'>in</span> <span class='ocrx_word' id='word_1_553' title='bbox 3246 3170 3396 3232; x_wconf 85' lang='lat' dir='ltr'>alios</span> <span class='ocrx_word' id='word_1_554' title='bbox 3432 3171 3592 3251; x_wconf 89' lang='lat' dir='ltr'>psal-</span> 
     </span>
    </p>
   </div>
   <div class='ocr_carea' id='block_1_75' title="bbox 1954 3260 3595 3342">
    <p class='ocr_par' dir='ltr' id='par_1_75' title="bbox 1954 3260 3595 3342">
     <span class='ocr_line' id='line_1_75' title="bbox 1954 3260 3595 3342; baseline 0.002 -25"><span class='ocrx_word' id='word_1_555' title='bbox 1954 3276 2102 3339; x_wconf 92' lang='lat' dir='ltr'>mos,</span> <span class='ocrx_word' id='word_1_556' title='bbox 2138 3278 2391 3340; x_wconf 88' lang='lat' dir='ltr'>quorum</span> <span class='ocrx_word' id='word_1_557' title='bbox 2443 3279 2682 3342; x_wconf 88' lang='lat' dir='ltr'>quoque</span> <span class='ocrx_word' id='word_1_558' title='bbox 2735 3279 2853 3322; x_wconf 90' lang='lat' dir='ltr'>non</span> <span class='ocrx_word' id='word_1_559' title='bbox 2886 3260 3105 3339; x_wconf 90' lang='lat' dir='ltr'>singuli</span> <span class='ocrx_word' id='word_1_560' title='bbox 3137 3277 3349 3323; x_wconf 93' lang='lat' dir='ltr'>versus</span> <span class='ocrx_word' id='word_1_561' title='bbox 3404 3260 3595 3342; x_wconf 83' lang='lat' dir='ltr'>expli-</span> 
     </span>
    </p>
   </div>
   <div class='ocr_carea' id='block_1_76' title="bbox 1952 3350 3084 3433">
    <p class='ocr_par' dir='ltr' id='par_1_76' title="bbox 1952 3350 3084 3433">
     <span class='ocr_line' id='line_1_76' title="bbox 1952 3350 3084 3433; baseline 0.003 -26"><span class='ocrx_word' id='word_1_562' title='bbox 1952 3358 2184 3423; x_wconf 89' lang='lat' dir='ltr'>cantur,</span> <span class='ocrx_word' id='word_1_563' title='bbox 2220 3350 2396 3412; x_wconf 92' lang='lat' dir='ltr'>nobis</span> <span class='ocrx_word' id='word_1_564' title='bbox 2426 3350 2680 3413; x_wconf 87' lang='lat' dir='ltr'>intactas</span> <span class='ocrx_word' id='word_1_565' title='bbox 2709 3350 3084 3433; x_wconf 87' lang='lat' dir='ltr'>reliquerint.</span> 
     </span>
    </p>
   </div>
   <div class='ocr_carea' id='block_1_77' title="bbox 2033 3438 3594 3522">
    <p class='ocr_par' dir='ltr' id='par_1_77' title="bbox 2033 3438 3594 3522">
     <span class='ocr_line' id='line_1_77' title="bbox 2033 3438 3594 3522; baseline 0.001 -23"><span class='ocrx_word' id='word_1_566' title='bbox 2033 3440 2130 3502; x_wconf 83' lang='lat'>39.</span> <span class='ocrx_word' id='word_1_567' title='bbox 2168 3438 2329 3500; x_wconf 89' lang='lat' dir='ltr'>lnter</span> <span class='ocrx_word' id='word_1_568' title='bbox 2361 3440 2622 3520; x_wconf 88' lang='lat' dir='ltr'>psalmos</span> <span class='ocrx_word' id='word_1_569' title='bbox 2651 3459 2799 3522; x_wconf 91' lang='lat' dir='ltr'>quos</span> <span class='ocrx_word' id='word_1_570' title='bbox 2829 3451 2935 3502; x_wconf 82' lang='lat' dir='ltr'>aut</span> <span class='ocrx_word' id='word_1_571' title='bbox 2963 3439 3295 3521; x_wconf 84' lang='lat' dir='ltr'>explanavit</span> <span class='ocrx_word' id='word_1_572' title='bbox 3315 3438 3594 3516; x_wconf 86' lang='lat' dir='ltr'>Basilius,</span> 
     </span>
    </p>
   </div>
   <div class='ocr_carea' id='block_1_78' title="bbox 1949 3528 3596 3610">
    <p class='ocr_par' dir='ltr' id='par_1_78' title="bbox 1949 3528 3596 3610">
     <span class='ocr_line' id='line_1_78' title="bbox 1949 3528 3596 3610; baseline 0.002 -22"><span class='ocrx_word' id='word_1_573' title='bbox 1949 3537 2049 3589; x_wconf 88' lang='lat' dir='ltr'>aut</span> <span class='ocrx_word' id='word_1_574' title='bbox 2068 3529 2417 3609; x_wconf 82' lang='lat' dir='ltr'>explanasse</span> <span class='ocrx_word' id='word_1_575' title='bbox 2440 3528 3070 3610; x_wconf 91' lang='lat' dir='ltr'>putatur,ultimoloco</span> <span class='ocrx_word' id='word_1_576' title='bbox 3093 3529 3396 3609; x_wconf 90' lang='lat' dir='ltr'>reperitur</span> <span class='ocrx_word' id='word_1_577' title='bbox 3416 3546 3596 3591; x_wconf 86' lang='lat' dir='ltr'>enar—</span> 
     </span>
    </p>
   </div>
   <div class='ocr_carea' id='block_1_79' title="bbox 1950 3618 3596 3700">
    <p class='ocr_par' dir='ltr' id='par_1_79' title="bbox 1950 3618 3596 3700">
     <span class='ocr_line' id='line_1_79' title="bbox 1950 3618 3596 3700; baseline 0.001 -22"><span class='ocrx_word' id='word_1_578' title='bbox 1950 3619 2101 3679; x_wconf 89' lang='lat' dir='ltr'>ratio</span> <span class='ocrx_word' id='word_1_579' title='bbox 2128 3618 2396 3698; x_wconf 69' lang='lat' dir='ltr'>quredam</span> <span class='ocrx_word' id='word_1_580' title='bbox 2441 3620 2501 3680; x_wconf 90' lang='lat' dir='ltr'>in</span> <span class='ocrx_word' id='word_1_581' title='bbox 2548 3618 2842 3700; x_wconf 87' lang='lat' dir='ltr'>psalmum</span> <span class='ocrx_word' id='word_1_582' title='bbox 2868 3618 3264 3681; x_wconf 83' lang='lat' dir='ltr'>centesimum</span> <span class='ocrx_word' id='word_1_583' title='bbox 3296 3618 3596 3681; x_wconf 91' lang='lat' dir='ltr'>decimum</span> 
     </span>
    </p>
   </div>
   <div class='ocr_carea' id='block_1_80' title="bbox 1951 3706 3599 3789">
    <p class='ocr_par' dir='ltr' id='par_1_80' title="bbox 1951 3706 3599 3789">
     <span class='ocr_line' id='line_1_80' title="bbox 1951 3706 3599 3789; baseline 0.001 -21"><span class='ocrx_word' id='word_1_584' title='bbox 1951 3709 2244 3787; x_wconf 89' lang='lat' dir='ltr'>quintum.</span> <span class='ocrx_word' id='word_1_585' title='bbox 2284 3706 2401 3771; x_wconf 91' lang='lat' dir='ltr'>Sed</span> <span class='ocrx_word' id='word_1_586' title='bbox 2438 3710 2771 3787; x_wconf 87' lang='lat' dir='ltr'>fragmenta</span> <span class='ocrx_word' id='word_1_587' title='bbox 2791 3708 2992 3769; x_wconf 87' lang='lat' dir='ltr'>omnia</span> <span class='ocrx_word' id='word_1_588' title='bbox 3021 3727 3153 3789; x_wconf 68' lang='lat' dir='ltr'>qua:</span> <span class='ocrx_word' id='word_1_589' title='bbox 3174 3726 3247 3770; x_wconf 83' lang='lat' dir='ltr'>ex</span> <span class='ocrx_word' id='word_1_590' title='bbox 3267 3708 3377 3770; x_wconf 88' lang='lat' dir='ltr'>hac</span> <span class='ocrx_word' id='word_1_591' title='bbox 3404 3710 3599 3770; x_wconf 88' lang='lat' dir='ltr'>inter-</span> 
     </span>
    </p>
   </div>
   <div class='ocr_carea' id='block_1_81' title="bbox 1953 3798 3598 3879">
    <p class='ocr_par' dir='ltr' id='par_1_81' title="bbox 1953 3798 3598 3879">
     <span class='ocr_line' id='line_1_81' title="bbox 1953 3798 3598 3879; baseline -0.001 -21"><span class='ocrx_word' id='word_1_592' title='bbox 1953 3798 2285 3877; x_wconf 89' lang='lat' dir='ltr'>pretatione</span> <span class='ocrx_word' id='word_1_593' title='bbox 2317 3798 2378 3858; x_wconf 92' lang='lat' dir='ltr'>in</span> <span class='ocrx_word' id='word_1_594' title='bbox 2404 3798 2675 3860; x_wconf 91' lang='lat' dir='ltr'>Corderii</span> <span class='ocrx_word' id='word_1_595' title='bbox 2706 3806 2916 3860; x_wconf 78' lang='lat' dir='ltr'>catena</span> <span class='ocrx_word' id='word_1_596' title='bbox 2940 3798 3222 3879; x_wconf 88' lang='lat' dir='ltr'>citantur,</span> <span class='ocrx_word' id='word_1_597' title='bbox 3248 3816 3418 3879; x_wconf 71' lang='lat' dir='ltr'>reque</span> <span class='ocrx_word' id='word_1_598' title='bbox 3441 3816 3510 3859; x_wconf 89' lang='lat' dir='ltr'>ac</span> <span class='ocrx_word' id='word_1_599' title='bbox 3540 3798 3598 3858; x_wconf 90' lang='lat' dir='ltr'>in</span> 
     </span>
    </p>
   </div>
   <div class='ocr_carea' id='block_1_82' title="bbox 1952 3886 3600 3969">
    <p class='ocr_par' dir='ltr' id='par_1_82' title="bbox 1952 3886 3600 3969">
     <span class='ocr_line' id='line_1_82' title="bbox 1952 3886 3600 3969; baseline 0 -22"><span class='ocrx_word' id='word_1_600' title='bbox 1952 3886 2251 3967; x_wconf 89' lang='lat' dir='ltr'>superiori</span> <span class='ocrx_word' id='word_1_601' title='bbox 2271 3887 2782 3968; x_wconf 89' lang='lat' dir='ltr'>psalmo,diversis</span> <span class='ocrx_word' id='word_1_602' title='bbox 2812 3888 3353 3969; x_wconf 88' lang='lat' dir='ltr'>scriptoribus,non</span> <span class='ocrx_word' id='word_1_603' title='bbox 3382 3887 3600 3949; x_wconf 91' lang='lat' dir='ltr'>Basilio</span> 
     </span>
    </p>
   </div>
   <div class='ocr_carea' id='block_1_83' title="bbox 1954 3975 3601 4055">
    <p class='ocr_par' dir='ltr' id='par_1_83' title="bbox 1954 3975 3601 4055">
     <span class='ocr_line' id='line_1_83' title="bbox 1954 3975 3601 4055; baseline 0 -19"><span class='ocrx_word' id='word_1_604' title='bbox 1954 3975 2320 4039; x_wconf 88' lang='lat' dir='ltr'>tribuuntur.</span> <span class='ocrx_word' id='word_1_605' title='bbox 2356 3978 2447 4055; x_wconf 89' lang='lat' dir='ltr'>Et,</span> <span class='ocrx_word' id='word_1_606' title='bbox 2488 3984 2550 4037; x_wconf 91' lang='lat' dir='ltr'>ut</span> <span class='ocrx_word' id='word_1_607' title='bbox 2603 3994 2808 4038; x_wconf 89' lang='lat' dir='ltr'>verum</span> <span class='ocrx_word' id='word_1_608' title='bbox 2850 3975 3061 4051; x_wconf 86' lang='lat' dir='ltr'>fatear,</span> <span class='ocrx_word' id='word_1_609' title='bbox 3093 3976 3341 4039; x_wconf 88' lang='lat' dir='ltr'>inclinat</span> <span class='ocrx_word' id='word_1_610' title='bbox 3368 3976 3601 4037; x_wconf 87' lang='lat' dir='ltr'>animus</span> 
     </span>
    </p>
   </div>
   <div class='ocr_carea' id='block_1_84' title="bbox 1952 4064 3600 4146">
    <p class='ocr_par' dir='ltr' id='par_1_84' title="bbox 1952 4064 3600 4146">
     <span class='ocr_line' id='line_1_84' title="bbox 1952 4064 3600 4146; baseline -0.001 -19"><span class='ocrx_word' id='word_1_611' title='bbox 1952 4074 2017 4127; x_wconf 87' lang='lat' dir='ltr'>ut</span> <span class='ocrx_word' id='word_1_612' title='bbox 2039 4066 2191 4125; x_wconf 86' lang='lat' dir='ltr'>hanc</span> <span class='ocrx_word' id='word_1_613' title='bbox 2223 4066 2660 4128; x_wconf 88' lang='lat' dir='ltr'>enarrationem</span> <span class='ocrx_word' id='word_1_614' title='bbox 2692 4064 2755 4127; x_wconf 90' lang='lat' dir='ltr'>in</span> <span class='ocrx_word' id='word_1_615' title='bbox 2789 4066 3010 4146; x_wconf 86' lang='lat' dir='ltr'>spuriis</span> <span class='ocrx_word' id='word_1_616' title='bbox 3040 4073 3217 4146; x_wconf 89' lang='lat' dir='ltr'>atque</span> <span class='ocrx_word' id='word_1_617' title='bbox 3248 4065 3600 4127; x_wconf 87' lang='lat' dir='ltr'>adulterinis</span> 
     </span>
    </p>
   </div>
   <div class='ocr_carea' id='block_1_85' title="bbox 1950 4153 3595 4235">
    <p class='ocr_par' dir='ltr' id='par_1_85' title="bbox 1950 4153 3595 4235">
     <span class='ocr_line' id='line_1_85' title="bbox 1950 4153 3595 4235; baseline -0.001 -18"><span class='ocrx_word' id='word_1_618' title='bbox 1950 4173 2187 4235; x_wconf 90' lang='lat' dir='ltr'>ponam.</span> <span class='ocrx_word' id='word_1_619' title='bbox 2217 4153 2388 4226; x_wconf 89' lang='lat' dir='ltr'>Nam,</span> <span class='ocrx_word' id='word_1_620' title='bbox 2420 4162 2485 4216; x_wconf 90' lang='lat' dir='ltr'>ut</span> <span class='ocrx_word' id='word_1_621' title='bbox 2512 4154 2753 4217; x_wconf 90' lang='lat' dir='ltr'>interim</span> <span class='ocrx_word' id='word_1_622' title='bbox 2784 4155 2859 4217; x_wconf 88' lang='lat' dir='ltr'>de</span> <span class='ocrx_word' id='word_1_623' title='bbox 2908 4156 3140 4217; x_wconf 78' lang='lat' dir='ltr'>caeteris</span> <span class='ocrx_word' id='word_1_624' title='bbox 3168 4164 3416 4228; x_wconf 89' lang='lat' dir='ltr'>taceam,</span> <span class='ocrx_word' id='word_1_625' title='bbox 3450 4153 3595 4235; x_wconf 91' lang='lat' dir='ltr'>quid</span> 
     </span>
    </p>
   </div>
   <div class='ocr_carea' id='block_1_86' title="bbox 223 4242 1865 4329">
    <p class='ocr_par' dir='ltr' id='par_1_86' title="bbox 223 4242 1861 4329">
     <span class='ocr_line' id='line_1_86' title="bbox 223 4242 1861 4329; baseline -0.003 -21"><span class='ocrx_word' id='word_1_626' title='bbox 223 4258 428 4310; x_wconf 84' lang='lat' dir='ltr'>tantum</span> <span class='ocrx_word' id='word_1_627' title='bbox 454 4258 564 4311; x_wconf 89' lang='lat' dir='ltr'>aut</span> <span class='ocrx_word' id='word_1_628' title='bbox 584 4257 840 4329; x_wconf 87' lang='lat' dir='ltr'>quatuor</span> <span class='ocrx_word' id='word_1_629' title='bbox 871 4246 1187 4325; x_wconf 84' lang='lat' dir='ltr'>proferam.</span> <span class='ocrx_word' id='word_1_630' title='bbox 1221 4244 1419 4305; x_wconf 84' lang='lat' dir='ltr'>Prima</span> <span class='ocrx_word' id='word_1_631' title='bbox 1450 4242 1724 4322; x_wconf 83' lang='lat' dir='ltr'>est,quod</span> <span class='ocrx_word' id='word_1_632' title='bbox 1759 4245 1861 4305; x_wconf 88' lang='lat' dir='ltr'>Ba-</span> 
     </span>
    </p>
   </div>
   <div class='ocr_carea' id='block_1_87' title="bbox 1954 4242 3596 4329">
    <p class='ocr_par' dir='ltr' id='par_1_87' title="bbox 1954 4243 3596 4322">
     <span class='ocr_line' id='line_1_87' title="bbox 1954 4243 3596 4322; baseline -0.004 -17"><span class='ocrx_word' id='word_1_633' title='bbox 1954 4243 2060 4305; x_wconf 81' lang='lat' dir='ltr'>Sibi</span> <span class='ocrx_word' id='word_1_634' title='bbox 2096 4244 2214 4304; x_wconf 83' lang='lat' dir='ltr'>Vult</span> <span class='ocrx_word' id='word_1_635' title='bbox 2265 4244 2411 4305; x_wconf 90' lang='lat' dir='ltr'>illud</span> <span class='ocrx_word' id='word_1_636' title='bbox 2449 4265 2462 4304; x_wconf 87' lang='lat'><strong>:</strong></span> <span class='ocrx_word' id='word_1_637' title='bbox 2502 4243 2651 4302; x_wconf 83' lang='grc' dir='ltr'>Ἀλλ’</span> <span class='ocrx_word' id='word_1_638' title='bbox 2685 4245 2795 4302; x_wconf 73' lang='grc' dir='ltr'>εἴθε</span> <span class='ocrx_word' id='word_1_639' title='bbox 2847 4247 3009 4320; x_wconf 81' lang='grc' dir='ltr'>κάμοὶ</span> <span class='ocrx_word' id='word_1_640' title='bbox 3056 4245 3266 4322; x_wconf 79' lang='grc' dir='ltr'>γένοιτο</span> <span class='ocrx_word' id='word_1_641' title='bbox 3320 4254 3596 4302; x_wconf 81' lang='grc' dir='ltr'>πιστεῦσαι</span> 
     </span>
    </p>
   </div>
   <div class='ocr_carea' id='block_1_88' title="bbox 223 4331 1865 4414">
    <p class='ocr_par' dir='ltr' id='par_1_88' title="bbox 223 4331 1861 4414">
     <span class='ocr_line' id='line_1_88' title="bbox 223 4331 1861 4414; baseline -0.004 -17"><span class='ocrx_word' id='word_1_642' title='bbox 223 4340 375 4399; x_wconf 84' lang='lat' dir='ltr'>silius</span> <span class='ocrx_word' id='word_1_643' title='bbox 397 4341 623 4400; x_wconf 85' lang='lat' dir='ltr'>itinere</span> <span class='ocrx_word' id='word_1_644' title='bbox 659 4346 719 4398; x_wconf 92' lang='lat' dir='ltr'>et</span> <span class='ocrx_word' id='word_1_645' title='bbox 740 4336 944 4397; x_wconf 87' lang='lat' dir='ltr'>labore</span> <span class='ocrx_word' id='word_1_646' title='bbox 969 4334 1353 4414; x_wconf 87' lang='lat' dir='ltr'>defatigatus,</span> <span class='ocrx_word' id='word_1_647' title='bbox 1375 4331 1670 4409; x_wconf 87' lang='lat' dir='ltr'>brevitati,</span> <span class='ocrx_word' id='word_1_648' title='bbox 1700 4341 1758 4391; x_wconf 93' lang='lat' dir='ltr'>ut</span> <span class='ocrx_word' id='word_1_649' title='bbox 1792 4350 1861 4391; x_wconf 82' lang='lat' dir='ltr'>ex</span> 
     </span>
    </p>
   </div>
   <div class='ocr_carea' id='block_1_89' title="bbox 1954 4331 3594 4414">
    <p class='ocr_par' dir='ltr' id='par_1_89' title="bbox 1954 4333 3594 4411">
     <span class='ocr_line' id='line_1_89' title="bbox 1954 4333 3594 4411; baseline -0.001 -22"><span class='ocrx_word' id='word_1_650' title='bbox 1954 4333 2126 4407; x_wconf 65' lang='grc' dir='ltr'>ἀξίως,</span> <span class='ocrx_word' id='word_1_651' title='bbox 2160 4335 2251 4391; x_wconf 72' lang='grc' dir='ltr'>’ἵνα</span> <span class='ocrx_word' id='word_1_652' title='bbox 2283 4334 2508 4404; x_wconf 75' lang='grc' dir='ltr'>λαλήσω</span> <span class='ocrx_word' id='word_1_653' title='bbox 2538 4341 2629 4390; x_wconf 80' lang='grc' dir='ltr'><strong>νῦν</strong></span> <span class='ocrx_word' id='word_1_654' title='bbox 2657 4342 2724 4411; x_wconf 75' lang='grc' dir='ltr'>τῇ</span> <span class='ocrx_word' id='word_1_655' title='bbox 2763 4333 3058 4405; x_wconf 70' lang='grc' dir='ltr'>Ἐκκλησίᾳ</span> <span class='ocrx_word' id='word_1_656' title='bbox 3090 4342 3182 4405; x_wconf 80' lang='grc' dir='ltr'>τοῦ</span> <span class='ocrx_word' id='word_1_657' title='bbox 3222 4339 3354 4389; x_wconf 76' lang='grc' dir='ltr'>Θεοῦ</span> <span class='ocrx_word' id='word_1_658' title='bbox 3386 4339 3453 4409; x_wconf 77' lang='grc' dir='ltr'>τῇ</span> <span class='ocrx_word' id='word_1_659' title='bbox 3487 4355 3594 4408; x_wconf 81' lang='grc' dir='ltr'>με-</span> 
     </span>
    </p>
   </div>
   <div class='ocr_carea' id='block_1_90' title="bbox 224 4420 1865 4520">
    <p class='ocr_par' dir='ltr' id='par_1_90' title="bbox 224 4422 1865 4520">
     <span class='ocr_line' id='line_1_90' title="bbox 224 4422 1865 4520; baseline -0.002 -34"><span class='ocrx_word' id='word_1_660' title='bbox 224 4427 338 4506; x_wconf 90' lang='lat' dir='ltr'>ipsa</span> <span class='ocrx_word' id='word_1_661' title='bbox 352 4422 1865 4520; x_wconf 70' lang='lat' dir='ltr'>psalmiexplanationeconstat,studeretquamma-</span> 
     </span>
    </p>
   </div>
   <div class='ocr_carea' id='block_1_91' title="bbox 1954 4420 3599 4520">
    <p class='ocr_par' dir='ltr' id='par_1_91' title="bbox 1954 4420 3599 4502">
     <span class='ocr_line' id='line_1_91' title="bbox 1954 4420 3599 4502; baseline -0.023 1"><span class='ocrx_word' id='word_1_662' title='bbox 1954 4421 2086 4500; x_wconf 68' lang='grc' dir='ltr'>γάλτι</span> <span class='ocrx_word' id='word_1_663' title='bbox 2117 4424 2282 4499; x_wconf 58' lang='grc' dir='ltr'>τνδτῐλ</span> <span class='ocrx_word' id='word_1_664' title='bbox 2332 4424 2486 4481; x_wconf 80' lang='grc' dir='ltr'>πέντε</span> <span class='ocrx_word' id='word_1_665' title='bbox 2539 4423 2730 4502; x_wconf 84' lang='grc' dir='ltr'>λόγους</span> <span class='ocrx_word' id='word_1_666' title='bbox 2782 4422 2837 4481; x_wconf 81' lang='grc' dir='ltr'>ὲν</span> <span class='ocrx_word' id='word_1_667' title='bbox 2867 4430 2943 4498; x_wconf 83' lang='grc' dir='ltr'>τῷ</span> <span class='ocrx_word' id='word_1_668' title='bbox 2974 4428 3062 4479; x_wconf 78' lang='grc' dir='ltr'>νο³ι</span> <span class='ocrx_word' id='word_1_669' title='bbox 3094 4445 3217 4502; x_wconf 66' lang='grc' dir='ltr'>μου,</span> <span class='ocrx_word' id='word_1_670' title='bbox 3252 4445 3277 4477; x_wconf 77' lang='grc' dir='ltr'>ι</span> <span class='ocrx_word' id='word_1_671' title='bbox 3313 4420 3432 4484; x_wconf 86' lang='lat' dir='ltr'>Sed</span> <span class='ocrx_word' id='word_1_672' title='bbox 3468 4421 3599 4481; x_wconf 80' lang='grc' dir='ltr'>οιί..</span> 
     </span>
    </p>
   </div>
   <div class='ocr_carea' id='block_1_92' title="bbox 225 4510 1866 4596">
    <p class='ocr_par' dir='ltr' id='par_1_92' title="bbox 225 4510 1866 4596">
     <span class='ocr_line' id='line_1_92' title="bbox 225 4510 1866 4596; baseline -0.002 -21"><span class='ocrx_word' id='word_1_673' title='bbox 225 4518 393 4587; x_wconf 78' lang='lat' dir='ltr'>xime;</span> <span class='ocrx_word' id='word_1_674' title='bbox 420 4537 535 4579; x_wconf 88' lang='lat' dir='ltr'>nec</span> <span class='ocrx_word' id='word_1_675' title='bbox 560 4516 814 4596; x_wconf 82' lang='lat' dir='ltr'>proinde</span> <span class='ocrx_word' id='word_1_676' title='bbox 838 4516 1051 4576; x_wconf 91' lang='lat' dir='ltr'>mirum</span> <span class='ocrx_word' id='word_1_677' title='bbox 1074 4511 1261 4574; x_wconf 92' lang='lat' dir='ltr'>videri</span> <span class='ocrx_word' id='word_1_678' title='bbox 1296 4511 1594 4583; x_wconf 81' lang='lat' dir='ltr'>debeat,si</span> <span class='ocrx_word' id='word_1_679' title='bbox 1614 4510 1866 4572; x_wconf 91' lang='lat' dir='ltr'>Basilius</span> 
     </span>
    </p>
   </div>
   <div class='ocr_carea' id='block_1_93' title="bbox 228 4600 1866 4685">
    <p class='ocr_par' dir='ltr' id='par_1_93' title="bbox 228 4600 1866 4685">
     <span class='ocr_line' id='line_1_93' title="bbox 228 4600 1866 4685; baseline -0.002 -21"><span class='ocrx_word' id='word_1_680' title='bbox 228 4615 284 4665; x_wconf 88' lang='lat' dir='ltr'>ut</span> <span class='ocrx_word' id='word_1_681' title='bbox 310 4610 455 4666; x_wconf 87' lang='lat' dir='ltr'>alias</span> <span class='ocrx_word' id='word_1_682' title='bbox 488 4612 602 4685; x_wconf 74' lang='grc' dir='ltr'>(α),</span> <span class='ocrx_word' id='word_1_683' title='bbox 633 4614 691 4665; x_wconf 89' lang='lat' dir='ltr'>et</span> <span class='ocrx_word' id='word_1_684' title='bbox 721 4605 815 4666; x_wconf 88' lang='lat' dir='ltr'>hic</span> <span class='ocrx_word' id='word_1_685' title='bbox 848 4622 1085 4685; x_wconf 90' lang='lat' dir='ltr'>quoque</span> <span class='ocrx_word' id='word_1_686' title='bbox 1120 4601 1417 4684; x_wconf 89' lang='lat' dir='ltr'>psalmum</span> <span class='ocrx_word' id='word_1_687' title='bbox 1453 4619 1570 4660; x_wconf 89' lang='lat' dir='ltr'>non</span> <span class='ocrx_word' id='word_1_688' title='bbox 1622 4600 1866 4661; x_wconf 87' lang='lat' dir='ltr'>omnino</span> 
     </span>
    </p>
   </div>
   <div class='ocr_carea' id='block_1_94' title="bbox 227 4690 1866 4775">
    <p class='ocr_par' dir='ltr' id='par_1_94' title="bbox 227 4690 1866 4775">
     <span class='ocr_line' id='line_1_94' title="bbox 227 4690 1866 4775; baseline -0.003 -21"><span class='ocrx_word' id='word_1_689' title='bbox 227 4696 982 4775; x_wconf 80' lang='lat' dir='ltr'>exposuerit.A|tera.quod</span> <span class='ocrx_word' id='word_1_690' title='bbox 1001 4700 1312 4773; x_wconf 90' lang='lat' dir='ltr'>postquam</span> <span class='ocrx_word' id='word_1_691' title='bbox 1340 4690 1602 4769; x_wconf 86' lang='lat' dir='ltr'>scriptor</span> <span class='ocrx_word' id='word_1_692' title='bbox 1628 4706 1866 4751; x_wconf 88' lang='lat' dir='ltr'>omnem</span> 
     </span>
    </p>
   </div>
   <div class='ocr_carea' id='block_1_95' title="bbox 233 4778 1867 4845">
    <p class='ocr_par' dir='ltr' id='par_1_95' title="bbox 233 4778 1867 4845">
     <span class='ocr_line' id='line_1_95' title="bbox 233 4778 1867 4845; baseline -0.001 -3"><span class='ocrx_word' id='word_1_693' title='bbox 233 4785 530 4845; x_wconf 85' lang='lat' dir='ltr'>hominum</span> <span class='ocrx_word' id='word_1_694' title='bbox 552 4786 727 4844; x_wconf 88' lang='lat' dir='ltr'>vitam</span> <span class='ocrx_word' id='word_1_695' title='bbox 754 4782 942 4843; x_wconf 89' lang='lat' dir='ltr'>tribus</span> <span class='ocrx_word' id='word_1_696' title='bbox 955 4800 1247 4842; x_wconf 89' lang='lat' dir='ltr'>annorum</span> <span class='ocrx_word' id='word_1_697' title='bbox 1271 4778 1745 4841; x_wconf 87' lang='lat' dir='ltr'>hebdomadibus</span> <span class='ocrx_word' id='word_1_698' title='bbox 1767 4778 1867 4840; x_wconf 84' lang='lat' dir='ltr'>de-</span> 
     </span>
    </p>
   </div>
   <div class='ocr_carea' id='block_1_96' title="bbox 235 4868 1874 4952">
    <p class='ocr_par' dir='ltr' id='par_1_96' title="bbox 235 4868 1874 4952">
     <span class='ocr_line' id='line_1_96' title="bbox 235 4868 1874 4952; baseline -0.001 -21"><span class='ocrx_word' id='word_1_699' title='bbox 235 4872 1062 4952; x_wconf 65' lang='lat' dir='ltr'>finiritmihilominus,secum</span> <span class='ocrx_word' id='word_1_700' title='bbox 1082 4874 1213 4951; x_wconf 89' lang='lat' dir='ltr'>ipse</span> <span class='ocrx_word' id='word_1_701' title='bbox 1227 4889 1342 4930; x_wconf 92' lang='lat' dir='ltr'>non</span> <span class='ocrx_word' id='word_1_702' title='bbox 1362 4868 1874 4947; x_wconf 86' lang='lat' dir='ltr'>consentiens,eo-</span> 
     </span>
    </p>
   </div>
   <div class='ocr_carea' id='block_1_97' title="bbox 240 4958 1866 5041">
    <p class='ocr_par' dir='ltr' id='par_1_97' title="bbox 240 4958 1866 5041">
     <span class='ocr_line' id='line_1_97' title="bbox 240 4958 1866 5041; baseline 0.001 -23"><span class='ocrx_word' id='word_1_703' title='bbox 240 4963 365 5022; x_wconf 54' lang='lat' dir='ltr'>item</span> <span class='ocrx_word' id='word_1_704' title='bbox 391 4964 448 5022; x_wconf 90' lang='lat' dir='ltr'>in</span> <span class='ocrx_word' id='word_1_705' title='bbox 465 4964 591 5024; x_wconf 84' lang='lat' dir='ltr'>loco</span> <span class='ocrx_word' id='word_1_706' title='bbox 605 4962 873 5041; x_wconf 89' lang='lat' dir='ltr'>quinque</span> <span class='ocrx_word' id='word_1_707' title='bbox 890 4968 1350 5032; x_wconf 80' lang='lat' dir='ltr'>recenseat,tem</span> <span class='ocrx_word' id='word_1_708' title='bbox 1362 4977 1469 5038; x_wconf 94' lang='lat' dir='ltr'>pus</span> <span class='ocrx_word' id='word_1_709' title='bbox 1483 4958 1866 5029; x_wconf 85' lang='lat' dir='ltr'>detentiouis.</span> 
     </span>
    </p>
   </div>
   <div class='ocr_carea' id='block_1_98' title="bbox 237 5047 1868 5131">
    <p class='ocr_par' dir='ltr' id='par_1_98' title="bbox 237 5047 1868 5131">
     <span class='ocr_line' id='line_1_98' title="bbox 237 5047 1868 5131; baseline -0.001 -22"><span class='ocrx_word' id='word_1_710' title='bbox 237 5055 729 5113; x_wconf 79' lang='lat' dir='ltr'>accommodatam</span> <span class='ocrx_word' id='word_1_711' title='bbox 758 5052 829 5112; x_wconf 89' lang='lat' dir='ltr'>ad</span> <span class='ocrx_word' id='word_1_712' title='bbox 856 5051 1203 5131; x_wconf 89' lang='lat' dir='ltr'>disciplinas</span> <span class='ocrx_word' id='word_1_713' title='bbox 1229 5047 1588 5111; x_wconf 85' lang='lat' dir='ltr'>ediscendas</span> <span class='ocrx_word' id='word_1_714' title='bbox 1612 5054 1868 5129; x_wconf 70' lang='lat' dir='ltr'>aetatem,</span> 
     </span>
    </p>
   </div>
   <div class='ocr_carea' id='block_1_99' title="bbox 242 5137 1867 5221">
    <p class='ocr_par' dir='ltr' id='par_1_99' title="bbox 242 5137 1867 5221">
     <span class='ocr_line' id='line_1_99' title="bbox 242 5137 1867 5221; baseline -0.001 -22"><span class='ocrx_word' id='word_1_715' title='bbox 242 5141 957 5221; x_wconf 73' lang='lat' dir='ltr'>annosephebios,statuln</span> <span class='ocrx_word' id='word_1_716' title='bbox 979 5137 1867 5217; x_wconf 87' lang='lat' dir='ltr'>virilem,senectutem.Tertia,</span> 
     </span>
    </p>
   </div>
   <div class='ocr_carea' id='block_1_100' title="bbox 244 5228 1873 5305">
    <p class='ocr_par' dir='ltr' id='par_1_100' title="bbox 244 5228 1873 5305">
     <span class='ocr_line' id='line_1_100' title="bbox 244 5228 1873 5305; baseline 0.001 -18"><span class='ocrx_word' id='word_1_717' title='bbox 244 5234 390 5305; x_wconf 86' lang='lat' dir='ltr'>quod</span> <span class='ocrx_word' id='word_1_718' title='bbox 414 5242 633 5292; x_wconf 84' lang='lat' dir='ltr'>tantum</span> <span class='ocrx_word' id='word_1_719' title='bbox 667 5228 840 5291; x_wconf 79' lang='lat' dir='ltr'>abest</span> <span class='ocrx_word' id='word_1_720' title='bbox 868 5236 933 5289; x_wconf 93' lang='lat' dir='ltr'>ut</span> <span class='ocrx_word' id='word_1_721' title='bbox 969 5229 1092 5290; x_wconf 67' lang='lat' dir='ltr'>haec</span> <span class='ocrx_word' id='word_1_722' title='bbox 1128 5229 1282 5291; x_wconf 88' lang='lat' dir='ltr'>inter</span> <span class='ocrx_word' id='word_1_723' title='bbox 1314 5247 1377 5289; x_wconf 90' lang='lat' dir='ltr'>se</span> <span class='ocrx_word' id='word_1_724' title='bbox 1409 5229 1769 5301; x_wconf 73' lang='lat' dir='ltr'>cohaereant,</span> <span class='ocrx_word' id='word_1_725' title='bbox 1810 5238 1873 5289; x_wconf 93' lang='lat' dir='ltr'>ut</span> 
     </span>
    </p>
   </div>
   <div class='ocr_carea' id='block_1_101' title="bbox 250 5316 1873 5398">
    <p class='ocr_par' dir='ltr' id='par_1_101' title="bbox 250 5316 1873 5398">
     <span class='ocr_line' id='line_1_101' title="bbox 250 5316 1873 5398; baseline 0.002 -24"><span class='ocrx_word' id='word_1_726' title='bbox 250 5320 429 5393; x_wconf 82' lang='lat' dir='ltr'>potius</span> <span class='ocrx_word' id='word_1_727' title='bbox 456 5320 791 5380; x_wconf 74' lang='lat' dir='ltr'>redundare</span> <span class='ocrx_word' id='word_1_728' title='bbox 816 5327 1019 5398; x_wconf 86' lang='lat' dir='ltr'>aperte</span> <span class='ocrx_word' id='word_1_729' title='bbox 1048 5318 1381 5381; x_wconf 85' lang='lat' dir='ltr'>videantur.</span> <span class='ocrx_word' id='word_1_730' title='bbox 1427 5318 1565 5380; x_wconf 87' lang='lat' dir='ltr'>Tria</span> <span class='ocrx_word' id='word_1_731' title='bbox 1600 5317 1762 5378; x_wconf 89' lang='lat' dir='ltr'>enim</span> <span class='ocrx_word' id='word_1_732' title='bbox 1793 5316 1873 5378; x_wconf 91' lang='lat' dir='ltr'>ait</span> 
     </span>
    </p>
   </div>
   <div class='ocr_carea' id='block_1_102' title="bbox 326 5482 1223 5569">
    <p class='ocr_par' dir='ltr' id='par_1_102' title="bbox 326 5482 1223 5569">
     <span class='ocr_line' id='line_1_102' title="bbox 326 5482 1223 5569; baseline 0.003 -21"><span class='ocrx_word' id='word_1_733' title='bbox 326 5482 381 5526; x_wconf 75' lang='grc'>⁸⁸</span> <span class='ocrx_word' id='word_1_734' title='bbox 402 5487 541 5552; x_wconf 82' lang='lat' dir='ltr'>Psal.</span> <span class='ocrx_word' id='word_1_735' title='bbox 564 5504 727 5569; x_wconf 79' lang='lat' dir='ltr'>cnv,</span> <span class='ocrx_word' id='word_1_736' title='bbox 754 5486 814 5551; x_wconf 92' lang='lat'>8.</span> <span class='ocrx_word' id='word_1_737' title='bbox 899 5485 951 5530; x_wconf 78' lang='grc' dir='ltr'>⁸ο</span> <span class='ocrx_word' id='word_1_738' title='bbox 978 5486 1129 5550; x_wconf 89' lang='lat' dir='ltr'>ibid.</span> <span class='ocrx_word' id='word_1_739' title='bbox 1159 5488 1223 5551; x_wconf 91' lang='lat'>9.</span> 
     </span>
    </p>
   </div>
   <div class='ocr_carea' id='block_1_103' title="bbox 341 5621 1461 5702">
    <p class='ocr_par' dir='ltr' id='par_1_103' title="bbox 341 5621 1461 5702">
     <span class='ocr_line' id='line_1_103' title="bbox 341 5621 1461 5702; baseline 0.006 -21"><span class='ocrx_word' id='word_1_740' title='bbox 341 5622 415 5702; x_wconf 86' lang='lat' dir='ltr'>(a)</span> <span class='ocrx_word' id='word_1_741' title='bbox 442 5624 578 5687; x_wconf 82' lang='lat' dir='ltr'>Vide</span> <span class='ocrx_word' id='word_1_742' title='bbox 606 5621 883 5687; x_wconf 88' lang='lat' dir='ltr'>homilias</span> <span class='ocrx_word' id='word_1_743' title='bbox 918 5623 985 5685; x_wconf 71' lang='lat' dir='ltr'>in</span> <span class='ocrx_word' id='word_1_744' title='bbox 1012 5621 1183 5686; x_wconf 77' lang='lat' dir='ltr'>Psal.</span> <span class='ocrx_word' id='word_1_745' title='bbox 1221 5629 1315 5686; x_wconf 79' lang='lat' dir='ltr'>iet</span> <span class='ocrx_word' id='word_1_746' title='bbox 1336 5639 1461 5689; x_wconf 70' lang='grc' dir='ltr'>ιιι.</span> 
     </span>
    </p>
   </div>
   <div class='ocr_carea' id='block_1_104' title="bbox 1952 4510 3601 4592">
    <p class='ocr_par' dir='ltr' id='par_1_104' title="bbox 1952 4510 3601 4592">
     <span class='ocr_line' id='line_1_104' title="bbox 1952 4510 3601 4592; baseline 0.001 -21"><span class='ocrx_word' id='word_1_747' title='bbox 1952 4530 2086 4573; x_wconf 91' lang='lat' dir='ltr'>nam</span> <span class='ocrx_word' id='word_1_748' title='bbox 2122 4521 2178 4574; x_wconf 90' lang='lat' dir='ltr'>et</span> <span class='ocrx_word' id='word_1_749' title='bbox 2213 4512 2358 4573; x_wconf 92' lang='lat' dir='ltr'>mihi</span> <span class='ocrx_word' id='word_1_750' title='bbox 2390 4513 2695 4591; x_wconf 85' lang='lat' dir='ltr'>contingat</span> <span class='ocrx_word' id='word_1_751' title='bbox 2716 4511 2893 4592; x_wconf 89' lang='lat' dir='ltr'>digne</span> <span class='ocrx_word' id='word_1_752' title='bbox 2920 4510 3267 4586; x_wconf 89' lang='lat' dir='ltr'>credere,ut</span> <span class='ocrx_word' id='word_1_753' title='bbox 3288 4529 3452 4572; x_wconf 88' lang='lat' dir='ltr'>nunc</span> <span class='ocrx_word' id='word_1_754' title='bbox 3479 4528 3601 4573; x_wconf 88' lang='lat' dir='ltr'>ma-</span> 
     </span>
    </p>
   </div>
   <div class='ocr_carea' id='block_1_105' title="bbox 1949 4599 3600 4682">
    <p class='ocr_par' dir='ltr' id='par_1_105' title="bbox 1949 4599 3600 4682">
     <span class='ocr_line' id='line_1_105' title="bbox 1949 4599 3600 4682; baseline -0.001 -21"><span class='ocrx_word' id='word_1_755' title='bbox 1949 4619 2080 4680; x_wconf 83' lang='lat' dir='ltr'>gnae</span> <span class='ocrx_word' id='word_1_756' title='bbox 2100 4602 2236 4663; x_wconf 89' lang='lat' dir='ltr'>huic</span> <span class='ocrx_word' id='word_1_757' title='bbox 2256 4601 2362 4664; x_wconf 89' lang='lat' dir='ltr'>Dei</span> <span class='ocrx_word' id='word_1_758' title='bbox 2385 4601 2671 4664; x_wconf 66' lang='lat' dir='ltr'>Ecclesiae</span> <span class='ocrx_word' id='word_1_759' title='bbox 2687 4600 2869 4664; x_wconf 90' lang='lat' dir='ltr'>verba</span> <span class='ocrx_word' id='word_1_760' title='bbox 2884 4600 3151 4682; x_wconf 90' lang='lat' dir='ltr'>quinque</span> <span class='ocrx_word' id='word_1_761' title='bbox 3172 4599 3235 4661; x_wconf 91' lang='lat' dir='ltr'>in</span> <span class='ocrx_word' id='word_1_762' title='bbox 3259 4618 3441 4663; x_wconf 91' lang='lat' dir='ltr'>sensu</span> <span class='ocrx_word' id='word_1_763' title='bbox 3462 4617 3600 4661; x_wconf 89' lang='lat' dir='ltr'>meo</span> 
     </span>
    </p>
   </div>
   <div class='ocr_carea' id='block_1_106' title="bbox 1952 4689 3603 4769">
    <p class='ocr_par' dir='ltr' id='par_1_106' title="bbox 1952 4689 3603 4769">
     <span class='ocr_line' id='line_1_106' title="bbox 1952 4689 3603 4769; baseline -0.001 -17"><span class='ocrx_word' id='word_1_764' title='bbox 1952 4691 2196 4752; x_wconf 67' lang='lat' dir='ltr'>dicam.»</span> <span class='ocrx_word' id='word_1_765' title='bbox 2209 4693 2384 4754; x_wconf 88' lang='lat' dir='ltr'>Certe</span> <span class='ocrx_word' id='word_1_766' title='bbox 2400 4710 2520 4753; x_wconf 90' lang='lat' dir='ltr'>non</span> <span class='ocrx_word' id='word_1_767' title='bbox 2535 4692 2834 4754; x_wconf 88' lang='lat' dir='ltr'>immerito</span> <span class='ocrx_word' id='word_1_768' title='bbox 2846 4690 3113 4752; x_wconf 88' lang='lat' dir='ltr'>additum</span> <span class='ocrx_word' id='word_1_769' title='bbox 3128 4700 3263 4752; x_wconf 88' lang='lat' dir='ltr'>esta</span> <span class='ocrx_word' id='word_1_770' title='bbox 3276 4689 3603 4769; x_wconf 84' lang='lat' dir='ltr'>scriptore,</span> 
     </span>
    </p>
   </div>
   <div class='ocr_carea' id='block_1_107' title="bbox 1952 4778 3600 4861">
    <p class='ocr_par' dir='ltr' id='par_1_107' title="bbox 1952 4778 3600 4861">
     <span class='ocr_line' id='line_1_107' title="bbox 1952 4778 3600 4861; baseline 0.002 -24"><span class='ocrx_word' id='word_1_771' title='bbox 1952 4784 2039 4838; x_wconf 84' lang='grc' dir='ltr'>καὶ</span> <span class='ocrx_word' id='word_1_772' title='bbox 2069 4780 2250 4856; x_wconf 73' lang='grc' dir='ltr'>μηδεὶς</span> <span class='ocrx_word' id='word_1_773' title='bbox 2280 4782 2727 4861; x_wconf 63' lang='grc' dir='ltr'>καταχλευαζὲτω</span> <span class='ocrx_word' id='word_1_774' title='bbox 2748 4784 2840 4839; x_wconf 82' lang='grc' dir='ltr'>τὸν</span> <span class='ocrx_word' id='word_1_775' title='bbox 2869 4780 3096 4861; x_wconf 63' lang='grc' dir='ltr'>λόγον’(</span> <span class='ocrx_word' id='word_1_776' title='bbox 3124 4778 3245 4842; x_wconf 88' lang='lat' dir='ltr'>Nec</span> <span class='ocrx_word' id='word_1_777' title='bbox 3276 4780 3600 4861; x_wconf 77' lang='lat' dir='ltr'>quisquam</span> 
     </span>
    </p>
   </div>
   <div class='ocr_carea' id='block_1_108' title="bbox 1955 4870 3603 4944">
    <p class='ocr_par' dir='ltr' id='par_1_108' title="bbox 1955 4870 3603 4944">
     <span class='ocr_line' id='line_1_108' title="bbox 1955 4870 3603 4944; baseline -0.001 -12"><span class='ocrx_word' id='word_1_778' title='bbox 1955 4872 2116 4932; x_wconf 87' lang='lat' dir='ltr'>hunc</span> <span class='ocrx_word' id='word_1_779' title='bbox 2147 4870 2393 4932; x_wconf 89' lang='lat' dir='ltr'>irrideat</span> <span class='ocrx_word' id='word_1_780' title='bbox 2422 4888 2825 4935; x_wconf 72' lang='lat' dir='ltr'>sermonem.»</span> <span class='ocrx_word' id='word_1_781' title='bbox 2861 4870 3015 4944; x_wconf 86' lang='lat' dir='ltr'>Quid</span> <span class='ocrx_word' id='word_1_782' title='bbox 3039 4872 3200 4933; x_wconf 84' lang='lat' dir='ltr'>enim</span> <span class='ocrx_word' id='word_1_783' title='bbox 3225 4879 3366 4932; x_wconf 90' lang='lat' dir='ltr'>tunc</span> <span class='ocrx_word' id='word_1_784' title='bbox 3384 4870 3603 4931; x_wconf 89' lang='lat' dir='ltr'>factum</span> 
     </span>
    </p>
   </div>
   <div class='ocr_carea' id='block_1_109' title="bbox 1954 4959 3605 5041">
    <p class='ocr_par' dir='ltr' id='par_1_109' title="bbox 1954 4959 3605 5041">
     <span class='ocr_line' id='line_1_109' title="bbox 1954 4959 3605 5041; baseline -0.001 -20"><span class='ocrx_word' id='word_1_785' title='bbox 1954 4959 2263 5040; x_wconf 91' lang='lat' dir='ltr'>sit,nescio</span> <span class='ocrx_word' id='word_1_786' title='bbox 2287 4959 2673 5040; x_wconf 89' lang='lat' dir='ltr'>quidem,sed</span> <span class='ocrx_word' id='word_1_787' title='bbox 2705 4959 2893 5041; x_wconf 84' lang='lat' dir='ltr'>probo</span> <span class='ocrx_word' id='word_1_788' title='bbox 2922 4960 3046 5022; x_wconf 91' lang='lat' dir='ltr'>scio</span> <span class='ocrx_word' id='word_1_789' title='bbox 3084 4960 3397 5023; x_wconf 90' lang='lat' dir='ltr'>hominum</span> <span class='ocrx_word' id='word_1_790' title='bbox 3418 4975 3605 5039; x_wconf 88' lang='lat' dir='ltr'>genus</span> 
     </span>
    </p>
   </div>
   <div class='ocr_carea' id='block_1_110' title="bbox 1954 5047 3607 5131">
    <p class='ocr_par' dir='ltr' id='par_1_110' title="bbox 1954 5047 3607 5131">
     <span class='ocr_line' id='line_1_110' title="bbox 1954 5047 3607 5131; baseline 0 -21"><span class='ocrx_word' id='word_1_791' title='bbox 1954 5069 2115 5112; x_wconf 91' lang='lat' dir='ltr'>nunc</span> <span class='ocrx_word' id='word_1_792' title='bbox 2145 5050 2225 5110; x_wconf 93' lang='lat' dir='ltr'>ita</span> <span class='ocrx_word' id='word_1_793' title='bbox 2251 5057 2659 5130; x_wconf 89' lang='lat' dir='ltr'>comparatum</span> <span class='ocrx_word' id='word_1_794' title='bbox 2690 5066 2847 5121; x_wconf 83' lang='lat' dir='ltr'>esse,</span> <span class='ocrx_word' id='word_1_795' title='bbox 2906 5057 2992 5126; x_wconf 90' lang='lat' dir='ltr'>ut,</span> <span class='ocrx_word' id='word_1_796' title='bbox 3028 5050 3081 5111; x_wconf 94' lang='lat' dir='ltr'>si</span> <span class='ocrx_word' id='word_1_797' title='bbox 3111 5050 3247 5131; x_wconf 91' lang='lat' dir='ltr'>quis</span> <span class='ocrx_word' id='word_1_798' title='bbox 3277 5048 3457 5111; x_wconf 89' lang='lat' dir='ltr'>hodie</span> <span class='ocrx_word' id='word_1_799' title='bbox 3490 5047 3607 5110; x_wconf 90' lang='lat' dir='ltr'>hoc</span> 
     </span>
    </p>
   </div>
   <div class='ocr_carea' id='block_1_111' title="bbox 1952 5136 3608 5219">
    <p class='ocr_par' dir='ltr' id='par_1_111' title="bbox 1952 5136 3608 5219">
     <span class='ocr_line' id='line_1_111' title="bbox 1952 5136 3608 5219; baseline -0.001 -18"><span class='ocrx_word' id='word_1_800' title='bbox 1952 5139 2112 5201; x_wconf 90' lang='lat' dir='ltr'>idem</span> <span class='ocrx_word' id='word_1_801' title='bbox 2138 5139 2299 5202; x_wconf 84' lang='lat' dir='ltr'>inter</span> <span class='ocrx_word' id='word_1_802' title='bbox 2314 5137 2791 5202; x_wconf 88' lang='lat' dir='ltr'>concionandum</span> <span class='ocrx_word' id='word_1_803' title='bbox 2814 5138 3237 5219; x_wconf 88' lang='lat' dir='ltr'>diceret,risus</span> <span class='ocrx_word' id='word_1_804' title='bbox 3258 5157 3377 5200; x_wconf 90' lang='lat' dir='ltr'>non</span> <span class='ocrx_word' id='word_1_805' title='bbox 3404 5136 3608 5219; x_wconf 82' lang='lat' dir='ltr'>paucis</span> 
     </span>
    </p>
   </div>
   <div class='ocr_carea' id='block_1_112' title="bbox 1954 5227 3603 5311">
    <p class='ocr_par' dir='ltr' id='par_1_112' title="bbox 1954 5227 3603 5311">
     <span class='ocr_line' id='line_1_112' title="bbox 1954 5227 3603 5311; baseline -0.001 -21"><span class='ocrx_word' id='word_1_806' title='bbox 1954 5228 2934 5307; x_wconf 85' lang='lat' dir='ltr'>exprimeretur.Dicasauctorem,</span> <span class='ocrx_word' id='word_1_807' title='bbox 2968 5228 3316 5311; x_wconf 90' lang='lat' dir='ltr'>quicunque</span> <span class='ocrx_word' id='word_1_808' title='bbox 3342 5228 3442 5290; x_wconf 89' lang='lat' dir='ltr'>ille</span> <span class='ocrx_word' id='word_1_809' title='bbox 3469 5227 3603 5300; x_wconf 90' lang='lat' dir='ltr'>fuit,</span> 
     </span>
    </p>
   </div>
   <div class='ocr_carea' id='block_1_113' title="bbox 1952 5316 3605 5399">
    <p class='ocr_par' dir='ltr' id='par_1_113' title="bbox 1952 5316 3605 5399">
     <span class='ocr_line' id='line_1_113' title="bbox 1952 5316 3605 5399; baseline -0.005 -20"><span class='ocrx_word' id='word_1_810' title='bbox 1952 5316 2232 5380; x_wconf 78' lang='lat' dir='ltr'>vaticinia</span> <span class='ocrx_word' id='word_1_811' title='bbox 2245 5317 2502 5399; x_wconf 86' lang='lat' dir='ltr'>quodam</span> <span class='ocrx_word' id='word_1_812' title='bbox 2514 5316 2720 5381; x_wconf 82' lang='lat' dir='ltr'>furore</span> <span class='ocrx_word' id='word_1_813' title='bbox 2730 5317 3087 5379; x_wconf 86' lang='lat' dir='ltr'>concitatum</span> <span class='ocrx_word' id='word_1_814' title='bbox 3100 5316 3605 5387; x_wconf 53' lang='lat' dir='ltr'>exclamasssﬁu’</span> 
     </span>
    </p>
   </div>
   <div class='ocr_carea' id='block_1_114' title="bbox 2034 5621 3607 5708">
    <p class='ocr_par' dir='ltr' id='par_1_114' title="bbox 2034 5621 3607 5708">
     <span class='ocr_line' id='line_1_114' title="bbox 2034 5621 3607 5708; baseline -0.012 -10"><span class='ocrx_word' id='word_1_815' title='bbox 2034 5623 2122 5703; x_wconf 70' lang='grc' dir='ltr'>(ὁ)</span> <span class='ocrx_word' id='word_1_816' title='bbox 2148 5623 2305 5705; x_wconf 80' lang='lat' dir='ltr'>Lege</span> <span class='ocrx_word' id='word_1_817' title='bbox 2335 5621 2504 5690; x_wconf 87' lang='lat' dir='ltr'>hom.</span> <span class='ocrx_word' id='word_1_818' title='bbox 2533 5625 2604 5688; x_wconf 72' lang='lat' dir='ltr'>in</span> <span class='ocrx_word' id='word_1_819' title='bbox 2616 5625 2925 5708; x_wconf 74' lang='lat' dir='ltr'>psalmum</span> <span class='ocrx_word' id='word_1_820' title='bbox 2956 5642 2999 5704; x_wconf 83' lang='grc' dir='ltr'>ι,</span> <span class='ocrx_word' id='word_1_821' title='bbox 3024 5629 3086 5687; x_wconf 84' lang='lat' dir='ltr'>et</span> <span class='ocrx_word' id='word_1_822' title='bbox 3109 5623 3171 5686; x_wconf 87' lang='lat' dir='ltr'>in</span> <span class='ocrx_word' id='word_1_823' title='bbox 3201 5641 3265 5707; x_wconf 89' lang='lat' dir='ltr'>p.</span> <span class='ocrx_word' id='word_1_824' title='bbox 3288 5636 3333 5689; x_wconf 84' lang='grc' dir='ltr'>ιι</span> <span class='ocrx_word' id='word_1_825' title='bbox 3358 5637 3454 5703; x_wconf 87' lang='lat' dir='ltr'>ps.</span> <span class='ocrx_word' id='word_1_826' title='bbox 3488 5632 3607 5681; x_wconf 78' lang='lat' dir='ltr'>xiv.</span> 
     </span>
    </p>
   </div>
  </div>
