4100 6202
467 255 604 306 CCVI

1859 241 2052 306 ΡΒοΒ
2069 239 2440 308 EGOMENA
2451 292 2464 306 .

467 384 632 461 ctura
658 375 785 438 ﬁeri
809 377 1020 455 possit.
1053 376 1190 440 Haec
1211 378 1700 460 itaqueleguntur
1718 379 1775 440 in
1795 395 2109 441 commen-

2205 373 2519 456 ἒπκχθείσης
2584 379 2890 458 ἰατρείας...
2930 382 3002 437 Οὐ
3069 379 3281 434 πάντων
3349 373 3410 434 δὲ
3447 381 3578 444 Θεὸς
3608 381 3636 436 6
3687 381 3846 454 Θεὸς,

470 467 613 527 tario
638 467 701 527 in
727 472 993 543 primum
1050 469 1397 547 psalmum:
1436 474 1542 528 Οὔκ
1591 469 1874 526 ἁπέκὶεισε
1927 467 1981 524 δὲ
2029 475 2120 524 τοῦ

467 564 803 632 μακαρισμοῦ
846 559 938 620 τὰς
985 573 1263 634 γυναῖκας,
1299 560 1418 616 ἀλλ’
1447 560 1505 617 ἐκ
1539 561 1628 617 τοῦ
1659 559 2119 637 ἡγεμονικωτέρου

467 648 527 701 τὸ
557 643 679 700 ὅλον
736 645 1042 710 ἐνεδείξατο.
1099 655 1234 714 sua;
1293 652 1391 728 γὰρ
1449 652 1656 730 φύσεως
1714 653 1798 706 καὶ
1845 649 1976 724 ἀνὴρ
2033 649 2122 703 καὶ

469 735 623 810 γυνή.
672 737 776 790 Οὔκ
806 735 929 790 εἴτε
960 735 1035 791 δέ·
1072 737 1129 800 ὅς
1161 742 1220 796 οὗ
1279 741 1574 817 πορεύεται.
1642 737 1698 795 Ὀ
1759 738 1854 814 μὲν
1915 739 2013 816 γὰρ
2067 736 2120 790 ἐν

469 829 542 896 τῷ
597 824 696 899 βίῳ
723 826 1025 902 τυγχάνων,
1083 825 1229 883 οῧπω
1261 831 1606 902 μακαριστὸς,
1657 826 1739 883 διὰ
1809 830 1870 883 τὸ
1925 825 2122 894 ἄδηλον

469 917 566 978 τῆς
625 910 912 977 ἐκϐάσεως·
975 918 1001 970 6
1067 914 1119 970 δὲ
1182 916 1538 995 ἀναντιῤῥῆτῳ
1621 917 1759 974 τέλει
1828 919 1924 984 τὴν
1981 917 2121 988 ζωὴν

471 1003 848 1074 κατακλείσας,
911 1003 1060 1067 οὗτος
1135 1004 1237 1072 ἤδη
1292 1005 1542 1087 ἀσφαλῶς
1602 1008 1940 1085 μακαρίζεται

477 1112 499 1146 (ι
536 1089 819 1152 Mulieres
854 1101 1048 1152 tamen
1081 1114 1111 1153 a
1147 1093 1514 1156 beatitudine
1547 1115 1664 1157 non
1701 1093 1975 1169 exclusit,
2011 1093 2116 1155 sed

471 1198 540 1240 ex
567 1180 976 1260 principaliori
1009 1191 1190 1244 totum
1227 1183 1571 1248 declaravit:
1609 1186 1906 1267 siquidem
1939 1183 2118 1245 unius

472 1282 696 1332 naturae
724 1281 861 1332 sunt
891 1275 977 1332 vir
1007 1281 1065 1332 et
1099 1273 1332 1337 mulier.
1390 1273 1516 1335 Non
1575 1276 1720 1336 dixit
1749 1286 1969 1350 autem,
2005 1273 2114 1346 Qui

471 1379 587 1421 non
617 1359 759 1421 abit.
797 1360 906 1432 Qui
940 1361 1097 1422 enim
1155 1364 1383 1424 exsistit
1413 1364 1472 1424 in
1504 1366 1614 1426 hac
1663 1365 1797 1440 vita,
1858 1364 2114 1425 necdum

473 1450 678 1511 beatus
698 1450 816 1511 dici
849 1451 1302 1532 debet,propter
1321 1454 1800 1516 incertitudinem
1827 1463 2071 1516 eventus
2098 1473 2111 1516 :

470 1540 655 1620 atqui
685 1540 1077 1618 irrefragabili
1110 1542 1227 1604 fine
1273 1544 1441 1605 vitam
1472 1545 1784 1618 conclusit,
1841 1545 1936 1605 hic
1992 1545 2114 1624 jam

472 1639 594 1691 tuto
627 1629 838 1692 beatus
871 1631 1236 1711 praedicatur.
1259 1633 1515 1694 nEadem
1550 1635 1814 1713 reperias
1833 1644 1891 1696 et
1917 1635 1975 1694 in
1999 1635 2115 1695 ila-

2203 464 2338 521 ἆλ)ὰ
2369 474 2472 524 τῶν
2506 468 2876 526 οἶκειωοέντων
2907 468 3049 543 αὐτῷ
3079 467 3142 524 δι’
3177 470 3450 547 ἀρετῆς...
3485 469 3656 541 οὐδὲν,
3687 472 3846 550 φησὶ,

2202 556 2386 632 γέγονε
2431 559 2596 632 μέσον
2624 559 2720 626 τῆς
2750 560 2920 640 ἐμερῆς
2943 560 3147 638 φωνῆς,
3194 559 3280 614 καὶ
3323 559 3418 627 τῆς
3465 560 3563 627 σῆς
3597 559 3848 640 χάριτος,

2203 643 2323 700 ἀλλ’
2359 649 2493 721 ὁμοῦ
2534 647 2819 726 ὰνέκρσιξκ,
2854 652 2941 705 καὶ
2993 652 3289 728 προσῆλθεν
3331 652 3504 712 iam.
3546 671 3570 704 (ι
3634 647 3853 712 Beatus

2205 743 2400 795 autem
2435 735 2560 810 ille,
2597 738 2698 818 qui
2731 738 2791 798 in
2854 738 3036 799 fundo
3069 756 3238 799 suam
3274 738 3506 817 plagam
3564 744 3857 816 agnoscit,

2207 833 2267 884 ut
2300 826 2483 903 possit
2515 828 2583 886 ad
2608 827 2904 889 medicum
2935 827 3254 900 accedens,
3280 828 3510 889 dicere:
3536 828 3706 890 Sana
3723 847 3845 904 me,

2208 914 2464 975 Domine
2492 916 2568 958 δι’
2600 919 2708 979 Hic
2733 917 2930 997 itaque
2956 917 3171 994 gratias
3225 918 3348 993 agit
3382 936 3486 998 pro
3541 918 3854 980 curatione

2207 1021 2382 1082 quam
2416 1006 2609 1066 fuerat
2636 1015 3016 1069 consecutus.
3056 1053 3070 1066 .
3107 1006 3262 1067 Deus
3311 1015 3508 1068 autem
3565 1025 3681 1067 non
3715 1025 3853 1066 om-

2205 1091 2371 1154 nium
2405 1095 2586 1175 Deus,
2617 1097 2720 1158 sed
2745 1115 2949 1157 eorum
2977 1095 3077 1172 qui
3110 1096 3184 1157 ob
3217 1097 3490 1158 virtutem
3521 1096 3635 1176 ipsi
3675 1096 3850 1158 fami-

2202 1181 2377 1243 liares
2408 1195 2567 1248 sunt.
2604 1184 2783 1258 Nihil,
2819 1186 3037 1266 inquit,
3074 1186 3412 1248 intercessit
3451 1186 3604 1248 inter
3624 1204 3844 1255 vocem

2204 1290 2416 1343 meam,
2443 1283 2498 1334 et
2519 1274 2764 1351 gratiam
2784 1285 2982 1350 tuam;
3018 1275 3121 1336 sed
3147 1275 3322 1336 simul
3347 1275 3691 1344 utclamavi.
3727 1293 3840 1337 cu-

2199 1361 2349 1421 ratio
2382 1361 2639 1424 advenit.
2674 1393 2693 1419 »
2721 1363 2855 1426 Haec
2869 1365 2968 1444 qui
3001 1363 3253 1426 voluerit
3283 1364 3555 1426 conferre
3580 1383 3713 1425 cum
3737 1366 3838 1426 Ba-

2201 1451 2709 1530 silianis,utraque
2733 1455 2887 1517 haud
2915 1454 3229 1515 dissimilia
3243 1455 3525 1533 reperiet.
3544 1455 3723 1516 Plura
3742 1455 3848 1535 qui

2202 1541 2381 1620 cupit,
2417 1541 2566 1620 legat
2591 1543 3063 1623 explanationem
3097 1545 3310 1605 horum
3334 1543 3816 1619 versuum,uPsal

2201 1629 2304 1690 lite
2325 1632 2636 1712 Domino,»
2663 1642 2742 1708 et,
2779 1632 3192 1696 «Conﬁtemini
3222 1633 3526 1694 memoriae
3555 1633 3846 1694 sanctita—

469 1719 583 1779 silii
617 1720 882 1780 oratione
907 1724 970 1780 in
997 1723 1262 1800 primum
1295 1722 1615 1802 psalmum.
1644 1724 2116 1786 Commentarius
2140 1744 2176 1794 Β
2201 1719 2274 1779 tis
2292 1720 2441 1797 ejus:
2484 1747 2505 1777 υ
2544 1723 2762 1803 quibus
2805 1723 2864 1784 in
2899 1722 3073 1802 locis,
3131 1736 3192 1781 ut
3223 1739 3383 1801 saepe
3429 1723 3594 1796 alias,
3647 1722 3850 1803 inepte

472 1809 534 1870 in
553 1809 850 1880 psalmum
870 1810 1163 1872 decimum
1185 1818 1466 1889 quartum
1489 1812 1976 1895 exhibetqnoque
1999 1833 2114 1874 non

473 1917 815 1979 pauca,qua3
836 1900 1080 1960 totidem
1101 1901 1344 1979 syllabis
1364 1903 1633 1983 reperire
1654 1905 1734 1965 sit
1757 1905 1817 1964 in
1851 1903 2118 1964 oratione

471 2007 699 2069 ea,qum
725 1988 880 2050 inter
899 1990 1227 2051 Basilianas
1243 1990 1401 2052 edita
1433 1999 1522 2052 est
1552 1995 1620 2054 in
1651 1993 1920 2054 eumdem
1947 1991 2115 2072 psal-

469 2095 656 2140 mum.
692 2078 808 2141 Sed
836 2099 968 2140 cum
1004 2080 1267 2158 opusculi
1301 2082 1478 2160 hujus
1522 2085 1813 2159 γνησιόττις
1851 2083 2032 2162 possit
2059 2082 2117 2142 in

470 2168 715 2230 dubium
777 2170 1066 2244 revocari,
1101 2188 1169 2231 ex
1203 2189 1272 2232 eo
1305 2171 1624 2252 quidquam
1658 2171 2114 2233 exscribendum

472 2277 589 2318 non
624 2259 964 2319 censuimus
1017 2259 1295 2339 Sequitur
1323 2261 1381 2321 in
1412 2260 1610 2322 Basilii
1643 2261 1904 2322 editione
1937 2279 2116 2322 enar—

473 2349 620 2409 ratio
646 2349 836 2427 prima
853 2360 915 2410 in
943 2349 1244 2429 psalmum
1267 2355 1616 2413 vicesimum
1635 2361 2117 2432 octavum,quam

474 2439 523 2498 si
557 2458 688 2499 cum
718 2442 1145 2501 commentaria
1169 2449 1629 2517 comparaveris,
1653 2441 1859 2502 eadem
1878 2443 1936 2502 in
1965 2452 2092 2502 utro

474 2547 587 2606 que
613 2528 900 2607 opusculo
951 2530 1384 2608 reprehendes.
1438 2529 1532 2592 Sic
1587 2532 1743 2591 enim
1780 2531 2030 2608 legimus
2057 2531 2121 2614 in

475 2618 904 2680 commentario
941 2638 1069 2697 pag.
1109 2621 1216 2682 59i
1263 2641 1275 2680 :
1312 2621 1404 2686 Ὧς
1438 2623 1534 2697 μὲν
1567 2624 1695 2700 πρὸς
1742 2624 1802 2677 τὸ
1848 2624 2120 2699 αἰσθητὸν,

475 2708 587 2764 ἐπεὶ
618 2709 667 2762 αἱ
700 2707 910 2786 νεφέλαι
938 2708 1158 2787 πλήρεις
1189 2710 1466 2788 γενόμεναι
1489 2710 1695 2790 ὕδατος,
1729 2712 1898 2790 ιζιόφον
1930 2712 2123 2767 ἀποτε-

475 2796 645 2876 λοῦσι,
679 2798 768 2852 καὶ
816 2801 848 2865 ἡ
908 2798 1138 2854 Θάλαττα
1196 2801 1452 2876 πνεύματι
1512 2801 1900 2878 ταραττομένη,
1953 2802 2122 2875 βίαιον

476 2888 616 2964 ἦχον
675 2887 961 2963 ἐκπέμπει,
1024 2887 1316 2951 δεικνύντος
1374 2898 1465 2947 τοῦ
1512 2890 1692 2968 λόγον),
1770 2891 1848 2946 ὅτι
1899 2897 2038 2946 niis:
2087 2893 2120 2958 ἡ

477 2976 641 3039 κτίσις
701 2979 983 3056 μονονουχὶ
1015 2980 1136 3057 βοᾷ,
1183 2982 1271 3034 τὸν
1319 2979 1506 3046 ﬁetu-ti};
1538 2977 1856 3058 δημιουργὸν
1914 3002 2119 3056 κατησ-

2201 1809 2546 1888 plagiarium
2562 1815 2680 1890 agit
2709 1822 2916 1876 auctor
2937 1811 3550 1874 commentarii.ldem
3570 1812 3849 1874 sentien-

2200 1899 2338 1958 dum
2360 1899 2432 1960 de
2449 1903 2822 1962 enarratione
2843 1905 2905 1962 in
2923 1906 3227 1982 psalmum
3249 1901 3626 1963 tricesimum
3639 1920 3849 1965 secun-

2200 1987 2433 2051 dum.in
2448 2009 2564 2066 qua
2593 2005 2706 2052 tam
2759 1991 2943 2052 multa
2967 1999 3129 2066 sunt,
3156 2009 3286 2071 quae
3307 2010 3340 2052 e
3368 1991 3563 2052 Basilii
3585 1993 3653 2053 in
3677 2011 3849 2054 eum-

2199 2077 2332 2138 dem
2347 2081 2647 2156 psalmum
2665 2082 2940 2142 oratione
2959 2079 3032 2141 ad
3050 2081 3293 2141 verbum
3310 2090 3544 2160 sumpta
3560 2099 3692 2143 esse
3710 2102 3849 2143 con-

2202 2174 2337 2242 stat,
2364 2187 2433 2228 ea
2459 2179 2519 2230 ut
2539 2169 2738 2231 malim
2766 2169 3240 2250 indicare,quam
3257 2169 3853 2251 exscribere.Legan-

2204 2264 2298 2315 tur
2351 2258 2528 2336 igitur
2571 2278 2703 2336 quae
2747 2261 2807 2320 in
2847 2261 3278 2322 commentario
3326 2261 3621 2322 habentur
3653 2264 3711 2323 in
3746 2263 3854 2324 hos

2202 2364 2426 2418 versus,
2441 2350 2833 2430 Conﬁtemini
2862 2351 3117 2412 Domino
3133 2351 3199 2411 in
3218 2351 3468 2412 cithara
3488 2350 3651 2431 5’;et:
3674 2351 3855 2414 Mise-

2202 2437 2468 2498 ricordia
2482 2439 2731 2500 Domini
2748 2439 2925 2519 plena
2943 2445 3029 2501 est
3047 2449 3206 2500 terra
3227 2439 3420 2513 52‘;et:
3447 2441 3628 2502 Verbo
3641 2441 3849 2502 Domi-

2205 2528 2270 2587 ni
2293 2529 2432 2589 caeli
2451 2529 2678 2608 ﬁrmati
2699 2537 2930 2608 sunt,et
2950 2531 3174 2609 Spiritu
3202 2532 3332 2591 oris
3361 2533 3484 2607 eius
3505 2533 3702 2592 omnis
3717 2540 3848 2593 vir-

2208 2625 2304 2677 tus
2326 2634 2545 2680 eorum
2567 2618 2620 2660 53
2645 2620 2922 2699 qualoca
2950 2619 2995 2680 si
3019 2638 3151 2679 cum
3176 2618 3484 2680 Basilianis
3500 2637 3845 2701 comparen-

2208 2716 2323 2787 tur,
2358 2707 2505 2769 nihil
2535 2724 2782 2788 uiraque
2822 2709 2978 2769 inter
3020 2728 3083 2770 se
3138 2709 3380 2770 differre
3411 2711 3536 2770 suis
3594 2711 3850 2792 quisque

2207 2796 2390 2857 oeulis
2421 2799 2762 2861 cernet.Nol
2777 2815 2947 2859 unius
2969 2805 3164 2858 tamen
3185 2804 3384 2858 omnia
3404 2799 3849 2877 quaecunquein

2206 2888 2638 2948 commentario
2665 2897 2895 2949 exstant
2924 2888 2982 2947 in
3017 2887 3185 2959 illud,
3216 2887 3402 2949 Verbo
3429 2888 3847 2968 Domim',etc.,

2209 2976 2384 3034 tribui
2439 2977 2678 3055 Basilio,
2716 2996 2851 3038 cum
2905 2995 3110 3037 eorum
3167 2985 3392 3056 partem
3426 2983 3744 3039 maximam
3779 2998 3849 3042 ex

476 3065 753 3142 γέλλουσα.
793 3066 899 3123 Κᾶἰν
923 3068 1116 3146 βροντὶ⁸
1141 3068 1193 3123 δὲ
1237 3069 1296 3124 ἐκ
1345 3070 1529 3146 νέφους
1563 3069 1782 3147 ἐκραγῇ,
1839 3071 1933 3124 οὒκ
1990 3068 2115 3124 ἄλλο

2210 3064 2465 3127 Eusebio
2495 3077 2792 3146 sumptam
2831 3084 2965 3127 esse
2995 3066 3311 3127 credamus
3345 3065 3456 3147 (b).

475 3178 524 3212 τι
555 3155 665 3234 χρὴ
696 3157 1012 3228 νομίζειν,ἤ
1062 3158 1141 3213 ὅτι
1191 3161 1216 3214 ὁ
1263 3160 1390 3221 Θεὸς
1443 3163 1540 3224 τῆς
1597 3157 1750 3224 δόξης
1809 3157 2114 3235 ἐϐρόντησε,

477 3248 562 3300 mi
616 3247 694 3300 ὃτι
753 3248 780 3300 ὁ
855 3248 1037 3324 Κύριος
1095 3249 1192 3314 τὴν
1221 3249 1378 3325 ὑγρὰν
1423 3248 1600 3302 οὗσίπιν
1625 3248 1838 3326 συνέχει
1871 3245 1937 3301 δι’
1989 3246 2115 3300 ἑαυ-

478 3342 590 3407 τοῦ,
623 3342 906 3395 etcaetera
930 3354 1042 3396 noe
1075 3354 1276 3414 pauca,
1321 3354 1454 3413 quae
1500 3337 1779 3415 quisque,
1831 3341 1877 3396 si
1925 3333 2112 3408 lubet,

478 3424 673 3501 legere
733 3434 943 3502 potest.
999 3425 1215 3486 Eadem
1271 3434 1465 3487 autem
1526 3435 1753 3486 exstant
1805 3425 1860 3485 in
1914 3423 2115 3485 Basilii

475 3515 761 3594 oratione,
794 3535 910 3576 non
935 3516 1172 3596 quidem
1205 3517 1716 3586 continentemsed
1746 3514 2118 3593 interpositis

477 3606 795 3670 nonnullis.
829 3606 945 3667 Nec
974 3607 1287 3668 dissimilia
1304 3626 1540 3686 quoque
1559 3606 1856 3666 habentur
1879 3605 1936 3664 in
1959 3607 2118 3664 hunc

477 3697 685 3774 psalmi
719 3713 977 3757 versum:
999 3696 1121 3757 Vox
1150 3695 1395 3758 Domini
1417 3697 1909 3759 interriendentis
1939 3696 2114 3772 ﬂam-

477 3804 639 3845 mam
671 3788 827 3864 ignis
860 3784 932 3849 5‘.
955 3784 1070 3846 Sed
1093 3785 1189 3846 ubi
1219 3787 1468 3863 legimus
1493 3786 1702 3846 usitate
1731 3794 1784 3846 et
1815 3786 2116 3863 eleganter

477 3876 538 3936 in
567 3877 806 3946 Basilio,
867 3880 1061 3940 ivx...
1094 3882 1153 3934 τὸ
1196 3880 1293 3953 μὲν
1324 3879 1475 3955 δριμὺ
1531 3883 1616 3936 καὶ
1678 3879 1992 3936 κολαστικὸν
2026 3883 2115 3933 τοῦ

478 3968 638 4042 πυρὸς
670 3981 787 4027 τοῖς
831 3969 992 4033 ἀξίοις
1046 3969 1139 4036 τῆς
1196 3971 1436 4031 καύσεως
1497 3971 1900 4047 προσαπομένῃ,
1966 3978 2110 4038 etc.,

483 4053 631 4118 «UL.
652 4056 825 4134 .ignis
841 4057 1079 4134 quidem
1101 4057 1390 4134 asperitas
1410 4076 1478 4118 ac
1501 4058 1815 4134 torquendi
1838 4058 2110 4136 proprie-

478 4155 564 4207 tas
596 4146 666 4207 iis
698 4146 798 4224 qui
823 4147 1134 4208 adustione
1168 4147 1330 4225 digni
1378 4157 1515 4207 sunt
1548 4163 1836 4218 servetur,
1876 4173 1900 4202 »
1967 4158 2108 4218 etc..

478 4235 754 4296 inusitate
789 4245 840 4296 et
871 4234 1121 4296 barbare
1145 4235 1366 4296 editum
1401 4236 1458 4296 in
1497 4237 2112 4298 Commentarioinve-

479 4328 698 4399 nimus,
733 4327 822 4382 ῗνκ
868 4330 926 4383 τὸ
959 4326 1054 4396 μὶν
1111 4325 1263 4404 δριμὺ
1307 4330 1392 4382 καὶ
1441 4329 1720 4383 κχυστικὸν
1766 4341 1883 4390 τοῖς
1949 4327 2056 4389 ἐεξξι

477 4408 712 4471 καύσεως
746 4407 1174 4485 προσκποίεἷσοι,
1216 4431 1240 4460 ι(
1305 4406 1382 4466 ita
1418 4415 1478 4466 ut
1531 4407 1827 4468 acerbitas
1875 4410 2113 4486 quidam

480 4504 538 4556 et
570 4496 779 4558 urendi
815 4496 902 4557 vis
935 4496 1165 4557 ustione
1193 4495 1388 4570 dignis
1419 4496 1926 4575 deputetur.»Sed
1946 4497 2119 4557 iaci.e

478 4586 836 4648 crediderim
853 4586 1134 4647 mendum
1151 4585 1678 4647 esselibrariorum
1692 4592 1810 4666 ,qui
1824 4607 1953 4667 ,pro
1970 4609 2119 4664 προσ·

484 4677 752 4755 σιπομένῃ,
784 4674 1182 4752 προσλποδείσοι
1216 4674 1537 4736 oscitanter
1562 4676 1881 4754 scripsere.
1939 4677 2120 4739 Com-

487 4766 758 4827 mentarii
791 4775 1016 4837 auctor,
1043 4765 1309 4845 quisquis
1340 4765 1440 4825 ille
1463 4765 1588 4837 fuit,
1617 4765 1754 4826 fecit
1792 4785 1955 4826 more
1987 4784 2119 4842 suo,

483 4862 565 4926 ut,
601 4874 734 4916 cum
758 4855 1049 4933 psalmum
1075 4853 1417 4914 vicesimum
1451 4873 1669 4914 nonum
1699 4855 2123 4935 interpretare-

484 4953 598 5015 tur,
619 4944 815 5005 Basilii
833 4948 898 5006 in
917 4946 1190 5007 eumdem
1209 4943 1517 5022 psalmum
1550 4946 1880 5006 orationem
1899 4945 2120 5024 compi-

488 5034 649 5096 larit.
688 5033 854 5095 Libet
883 5033 1166 5094 nonnulla
1183 5031 1512 5094 ascribere.
1551 5032 1633 5096 ita
1657 5033 2069 5113 igiturlegitur
2104 5053 2118 5097 :

487 5124 755 5201 Μακάριος
787 5121 840 5178 δὲ
872 5127 898 5178 6
929 5125 1026 5189 τὴν
1060 5131 1111 5178 ὲν
1144 5130 1218 5195 τῷ
1250 5123 1395 5197 βάθει
1418 5125 1575 5180 αὒτοῦ
1597 5123 1812 5201 πληγὴν
1834 5127 2121 5201 γνωρίζων,

488 5214 558 5274 ὡς
591 5211 833 5268 δύνασθαι
886 5213 1121 5288 προσιὼν
1170 5219 1244 5285 τῷ
1316 5213 1477 5288 ἰατρῴ
1533 5212 1727 5290 λέγειν.
1791 5213 1976 5270 "luenti
2029 5235 2117 5288 με,

493 5304 666 5381 Κύριε,
731 5298 984 5358 Ἐνταῦθα
1042 5300 1220 5376 μέντοι
1289 5304 1596 5381 εὐχαριστία
1654 5302 1791 5358 ἐστὶν
1853 5304 1983 5382 ὑπὲρ
2028 5305 2124 5371 τῆς

563 5461 610 5504 ⁵¹
645 5460 797 5524 Psal.
823 5475 1027 5537 xxvm,
1065 5460 1118 5520 ’1.

484 5541 559 5588 δι’
591 5543 746 5606 Psal.
779 5559 935 5617 κων,
969 5541 1030 5607 2.

565 5679 650 5760 (a)
677 5676 772 5742 Uti
800 5677 963 5740 soleo
997 5676 1248 5757 vulgatis
1277 5676 1903 5756 interpretationibus.

2285 3156 2563 3228 43.Quod
2582 3160 2628 3216 si
2651 3156 3599 3237 quaiindicavimus,nequaquam
3617 3159 3854 3222 suiﬁce-

2203 3244 2742 3325 revideanturJegi
2771 3247 3019 3326 insuper
3053 3253 3244 3326 potest
3265 3247 3558 3326 expositio
3590 3248 3848 3310 aliorum

2208 3351 2504 3409 versuum,
2538 3336 2792 3415 exempli
2817 3353 2994 3396 causa
3023 3335 3179 3396 illius
3212 3353 3224 3396 :
3267 3337 3671 3416 Congregans
3694 3341 3853 3402 sicut

2202 3432 2400 3485 utrem
2423 3443 2611 3503 aquas
2633 3431 2823 3487 maris
2844 3424 2920 3466 53‘
2951 3447 2965 3498 ;
3000 3426 3141 3485 item
3178 3425 3357 3487 illius:
3389 3428 3689 3500 Quoniam
3722 3435 3853 3509 ipse

2205 3516 2364 3574 dixit
2400 3524 2452 3574 et
2484 3518 2644 3592 [actu
2672 3517 2908 3579 sunt“.
2930 3514 3196 3594 Denique
3222 3523 3500 3593 praestare
3533 3516 3752 3588 audeo,
3800 3519 3852 3579 si

2205 3610 2324 3662 tota
2357 3604 2564 3682 psalmi
2598 3607 2932 3686 explanatio
2957 3605 3208 3682 legatur,
3232 3604 3440 3664 eadem
3467 3606 3687 3684 passim
3713 3606 3852 3669 etin

2205 3695 2872 3756 commentariiauctore
2892 3694 3019 3755 etin
3055 3693 3270 3755 Basilio
3307 3695 3845 3773 repertumiri.Pa-

2204 3783 2348 3844 ritvr
2367 3783 2418 3845 si
2449 3783 2508 3844 in
2541 3783 3214 3862 commentariolegatur
3238 3784 3504 3863 psalmus
3519 3784 3852 3865 quadrage-

2197 3871 2387 3933 simus
2416 3884 2682 3952 quartus,
2718 3875 2845 3954 ipse
2877 3890 3114 3952 quoque
3148 3873 3202 3930 id
3265 3872 3424 3948 quod
3456 3891 3492 3934 a
3539 3873 3757 3936 Basilio
3786 3876 3851 3936 in

2198 3962 2474 4022 eumdem
2508 3963 2798 4040 psalmum
2830 3961 3049 4023 dictum
3068 3961 3512 4038 est,exbibebit.
3544 3962 3736 4042 Cujus
3753 3963 3850 4025 rei

2197 4052 2597 4112 testimonium
2623 4071 2800 4112 unum
2824 4052 2939 4130 peti
2959 4057 3234 4128 potestex
3258 4049 3350 4110 his
3371 4051 3580 4129 psalmi
3599 4050 3799 4114 verbis
3833 4074 3848 4114 :

2196 4139 2433 4216 Lingua
2447 4159 2576 4202 mea
2598 4140 2869 4202 calamus
2883 4138 3098 4202 scriba:
3119 4137 3394 4201 velociter
3412 4140 3735 4204 scribentis
3751 4140 3852 4203 5".

2196 4228 2339 4289 Nam
2353 4231 2624 4291 versiculi
2639 4228 2813 4309 hujus
2825 4228 3164 4307 explicatio.
3200 4245 3377 4308 quam
3400 4228 3459 4289 in
3479 4243 3855 4294 commenta~

2093 4374 2096 4377 _
2133 4365 2180 4418 υ
2236 4318 2288 4377 io
2318 4319 2592 4398 legimus,
2623 4321 2803 4380 sinon
2824 4326 2963 4397 tota,
2991 4326 3052 4379 at
3082 4317 3216 4396 ejus
3237 4336 3373 4397 pars
3398 4336 3608 4397 magna
3629 4340 3697 4382 ex
3731 4321 3851 4384 Ba-

2203 4408 2320 4469 silii
2343 4408 2609 4470 oratione
2622 4417 2855 4488 sumpta
2869 4405 3218 4469 est.Deinde
3241 4425 3366 4468 rem
3393 4409 3669 4471 eamdem
3690 4410 3860 4472 miri-

2201 4500 2315 4559 ﬁce
2347 4501 2654 4560 conﬁrmat
2677 4499 2818 4559 illud
2842 4497 3268 4559 commentarii
3299 4516 3431 4577 pag'
3454 4498 3572 4562 834
3598 4520 3612 4562 :
3648 4511 3850 4578 τροπι-

2203 4593 2308 4653 κιῦς
2365 4589 2634 4666 ἡγούμεθα
2679 4611 2843 4645 tatu-:1
2892 4587 3148 4666 λελέχθαι
3204 4585 3288 4642 διὰ
3317 4589 3414 4654 τὴν
3463 4590 3733 4668 σάρκωσιν
3763 4597 3856 4647 τοῦ

2205 4685 2334 4736 θεοῦ
2368 4679 2560 4754 Λόγου,
2594 4677 2650 4743 ὅς
2701 4679 2811 4734 ἐστι
2843 4678 3146 4753 τομώτερος
3218 4678 3347 4755 ὑπὲρ
3395 4683 3570 4734 πᾶσαν
3630 4679 3852 4760 μάχαι-

2205 4791 2316 4846 ραν,
2388 4779 2537 4823 Διοτι
2597 4772 2623 4824 6
2694 4769 2864 4844 μηρὸς
2911 4763 3177 4840 σύμϐολόν
3207 4765 3316 4822 ἐστι
3346 4772 3446 4833 τῆς
3476 4769 3614 4823 κατὰ
3637 4769 3852 4847 γένεσιν

2206 4859 2488 4934 ἓνεργείας.
2520 4855 2740 4924 Ἐπειδή
2795 4855 2849 4912 δὲ
2923 4854 3106 4929 μέλλει
3137 4853 3488 4912 συνάπτεσθαι
3540 4862 3610 4934 τῇ
3683 4859 3850 4914 ἀσθε-

2208 4949 2317 5018 νείᾳ
2374 4952 2468 5011 τῆς
2541 4947 2734 5022 capaci;
2773 4947 2800 5002 ὁ
2855 4947 3103 5025 Χριστὸς,
3157 4943 3337 5007 καλῶς
3408 4946 3721 5024 πρόσκειται
3770 4950 3852 5015 τὸ,

2214 5035 2431 5096 Δυνατέ.
2463 5038 2732 5110 Μεγίστης
2765 5037 2864 5114 γὰρ
2895 5034 3190 5112 δυνάμεως,
3224 5035 3284 5088 τὸ
3327 5030 3610 5104 δυνηθῆναι
3643 5038 3774 5093 Θεὸν
3805 5037 3858 5094 ἐν

2210 5127 2480 5200 ἀνθρώπου
2532 5125 2680 5204 φύσει
2723 5124 2984 5202 γενέσθαι.
3053 5147 3078 5176 α
3133 5119 3410 5200 Figurate
3450 5123 3857 5186 existimamus

2212 5215 2335 5275 haec
2362 5212 2519 5274 dicta
2537 5230 2668 5275 esse
2713 5223 2954 5294 propter
2982 5209 3451 5276 incarnationem
3510 5211 3696 5276 Verbi
3727 5214 3854 5287 Dei,

2211 5303 2366 5384 quod
2400 5301 2563 5363 omni
2585 5301 2778 5380 gladio
2801 5301 3035 5366 acutius
3065 5297 3475 5371 est.Quoniam
3491 5302 3854 5384 femursym-

1204 5460 1423 5524 ωηεν,
1460 5478 1600 5538 xm,
1641 5465 1733 5526 14,
1783 5462 1834 5505 52
1862 5465 2010 5528 νεεδ,
2047 5478 2231 5541 mn,
2267 5461 2324 5528 3,
2373 5459 2460 5503 52*
2489 5460 2630 5526 ibid.
2666 5463 2724 5528 5.
2771 5460 2990 5524 53ibid.
3023 5460 3082 5520 6.
3129 5458 3209 5503 ⁵³·
3234 5458 3382 5522 ibid.
3415 5461 3479 5522 7.
3525 5459 3758 5525 “ibid.
3792 5461 3856 5527 9.

2299 5677 2385 5758 (ὁ)
2413 5677 2558 5758 Leg.
2591 5695 2756 5741 num.
2787 5677 2892 5742 35.
