4100 6202
490 283 670 335 eam

1885 264 2475 330 PROLEGOMENA.

564 396 600 461 ἰ
638 400 750 477 Qui
780 401 941 464 enim
968 400 1189 464 divinas
1236 400 1349 481 legi
1402 408 1592 483 vacat,
1624 408 1685 464 et
1738 399 1944 464 rivulis
2000 402 2132 481 ejus
2156 396 3434 480 Aquidem,indecoresaneliﬁcato,edidit;
3464 395 3866 483 Symmachus

490 491 790 572 irrigatur,
814 491 1141 553 asimilatus
1163 500 1253 552 est
1272 490 1471 552 arbori
1497 494 1663 569 juxta
1685 509 1870 572 aquas
1891 492 2123 553 consti-

492 590 650 645 tute.
684 607 708 637 ι
742 580 1106 660 thuoniam
1160 600 1279 642 non
1313 581 1559 643 multum
1596 583 1778 644 refert
1810 590 2004 643 utrum
2059 598 2127 641 ea

493 690 625 751 quae
679 671 1158 743 transcrihimus,
1191 671 1531 733 cohaereant
1587 672 1743 733 inter
1785 690 1873 747 se,
1911 690 2126 743 necne,

492 760 739 829 psalmos
772 760 1030 831 singulos
1055 760 1283 817 animus
1302 775 1417 817 non
1435 770 1519 819 est
1549 761 1750 818 ordine
1770 776 2128 832 percurrere:

491 845 588 901 sed
620 845 888 915 quidque,
921 853 1281 908 ntoccurret.
1313 845 1586 903 adnotare
1611 846 1744 901 satis
1768 846 2128 902 habebimus.

491 927 623 993 Otio
644 930 742 1009 qui
765 928 1028 990 abundat.
1048 929 1370 1010 quominus
1390 949 1511 992 suae
1536 931 1863 993 curiositati
1893 931 2129 993 satisfa-

496 1037 630 1080 cere
654 1021 859 1100 possit,
897 1018 1044 1080 nihil
1069 1028 1241 1082 vetat.
1277 1021 1474 1093 Quare
1493 1022 1563 1083 ad
1591 1021 1883 1101 psalmum
1914 1022 2128 1084 vicesi-

496 1126 652 1168 mum
668 1116 932 1169 octavum
953 1108 1399 1190 transibimus,e
1421 1129 1536 1192 quo
1561 1111 2132 1191 nonnullaexempli

493 1198 619 1258 loco
647 1197 1101 1276 proferentur,si
1128 1207 1323 1261 tamen
1340 1200 1502 1277 prius
1516 1200 1926 1261 monuerimus
1945 1202 2129 1263 Euse-

496 1288 651 1344 bium
665 1298 718 1343 et
739 1290 1662 1360 commemtariiscriptorem,dum
1683 1288 1906 1347 initium
1923 1290 2127 1361 psalmi

493 1372 709 1434 decimi
733 1374 925 1454 quarti
955 1376 1098 1437 inter
1114 1383 1563 1455 pretantur,non
1602 1394 1732 1436 raro
1754 1395 1993 1456 quoque
2023 1395 2129 1439 ea-

493 1461 627 1524 dem
661 1462 874 1524 iisdem
915 1462 1105 1525 verbis
1130 1463 1356 1530 dicere.
1388 1463 1525 1526 Haec
1557 1464 1734 1544 igitur
1766 1465 2039 1544 leguntur
2071 1468 2132 1528 in

493 1553 853 1610 enarratione
886 1553 1112 1611 Eusebii
1140 1556 1199 1611 in
1217 1556 1490 1627 psalmum
1504 1556 1816 1611 vicesimum
1854 1560 2089 1611 octavum
2116 1579 2127 1611 :

496 1638 584 1695 Ἐν
610 1642 697 1704 οἷς
730 1641 756 1694 ὁ
788 1637 947 1717 λόγος
988 1641 1087 1707 τὴν
1118 1640 1467 1719 εὒαγγελιιιὴν
1510 1644 1671 1721 χάριν
1701 1643 1799 1709 τὴν
1858 1644 1928 1707 είς
1960 1644 2131 1699 πάντα

2212 476 2385 553 vero.
2418 476 2479 554 in
2499 493 2709 555 decore
2726 498 2957 554 sancto.
2990 476 3129 550 Vult
3152 476 3311 549 enim
3330 503 3441 547 nos
3462 502 3594 546 cum
3619 476 3867 548 decenti

2212 591 2421 642 ornatu
2452 593 2508 643 et
2529 581 2722 643 amica
2749 585 2867 642 Deo
2884 578 3115 661 justitia
3143 577 3340 639 facere
3360 574 3794 637 adorationem.
3826 595 3859 633 ι

2213 670 2405 733 Velim
2433 672 2665 749 legatur
2680 671 2737 732 in
2754 671 2889 752 ipsi.-
2923 668 3091 731 lihris
3114 676 3233 731 tota
3254 666 3431 745 hujus
3452 663 3562 726 loci
3580 664 3865 744 explana-

2216 763 2319 840 tio,
2352 770 2598 843 tumque
2628 781 2747 824 una
2775 779 2907 822 cum
2938 758 3123 821 altera
3147 765 3567 843 comparetur;
3599 772 3716 843 quo
3741 755 3864 815 cla-

2212 850 2336 911 rius
2368 842 2653 932 appareat
2685 848 3099 913 commentarii
3147 855 3455 909 auctorem
3491 842 3865 932 nibilrmagis

2215 931 2595 1013 facere,quam
2617 941 2931 999 Eusebium
2954 938 3139 1010 palam
3164 936 3496 1007 compilare.
3516 931 3676 999 Quod
3707 932 3864 989 dixi-

2216 1044 2375 1098 mus,
2412 1025 2723 1099 vocabulo,
2766 1050 2786 1082 ε
2829 1025 3006 1096 alius,
3037 1050 3062 1079 »
3104 1020 3278 1084 modo
3308 1037 3493 1081 unum
3525 1026 3862 1093 auctorem,

2216 1116 2391 1176 modo
2418 1116 2669 1177 alterum
2694 1113 3044 1194 signiﬁcari,
3072 1116 3202 1191 ejus
3220 1108 3555 1188 exemplum
3584 1106 3645 1167 in
3667 1113 3864 1169 inter-

2213 1206 2553 1284 pretatione
2572 1205 2788 1285 psalmi
2807 1203 3076 1265 vicesimi
3104 1200 3245 1263 noni
3268 1198 3541 1262 habetur.
3570 1196 3716 1258 Nam
3749 1215 3867 1259 vox

2213 1313 2305 1372 ea,
2340 1315 2366 1349 α
2399 1294 2573 1375 alius,
2615 1319 2637 1352 ι
2674 1304 2738 1357 ut
2778 1313 2847 1355 ex
2898 1291 3144 1354 Eusebii
3193 1286 3643 1351 commentariis
3676 1294 3860 1364 patet,

2214 1383 2538 1445 Eusebium
2575 1385 2764 1463 ipsum
2800 1384 3045 1444 indicat.
3081 1379 3442 1445 Omittemus
3470 1394 3604 1456 qum
3626 1380 3866 1454 utrique

2215 1472 3097 1554 scriptori,pseudo-Theodoro
3130 1480 3191 1531 et
3210 1466 3492 1539 Eusebio,
3520 1464 3867 1526 communia

2214 1571 2351 1623 sunt
2376 1564 2463 1624 vel
2488 1564 2617 1643 ipso
2639 1563 2810 1624 initio
2833 1562 3230 1624 enarrationis
3254 1561 3317 1620 in
3338 1558 3646 1637 psalmum
3673 1556 3863 1616 trice-

2213 1654 2432 1714 simum
2458 1654 2783 1715 secundum
2812 1671 2828 1728 ;
2864 1653 2968 1713 sed
2999 1669 3130 1729 qua;
3160 1648 3441 1710 dicuntur
3462 1646 3523 1705 in
3548 1644 3674 1706 haec
3701 1644 3838 1723 ejus

494 1730 748 1807 χυθεῖσαν
799 1730 863 1785 τὰ
917 1728 1032 1785 καθ’
1064 1728 1193 1796 ὅλης
1236 1737 1334 1798 τῆς
1364 1730 1677 1805 οἰκουμένης
1710 1729 1830 1799 ἔθνη
1862 1754 2127 1811 προευαγ-

2215 1742 2349 1803 dem
2377 1741 2585 1821 psalmi
2607 1743 2817 1805 verba:
2848 1743 2969 1817 Qui
2984 1740 3171 1820 [ἰαίνει
3191 1736 3517 1826 sigillatim
3540 1734 3731 1797 corda
3755 1752 3862 1795 eo-

494 1817 839 1895 γελισάμενος
889 1861 903 1875 .
959 1868 972 1882 ,
1027 1867 1040 1881 .

494 1928 602 1984 ται,
637 1905 732 1962 οὒκ
790 1904 1083 1981 Ἰουδαίοις,
1148 1907 1283 1965 ἀλλὰ
1326 1923 1446 1973 ταῖς
1505 1923 1757 1987 πατριαϊς
1790 1914 1898 1966 τῶν
1944 1911 2127 1983 ἐθνῶν,

1093 1864 1106 1877 .
1141 1820 1306 1876 ταῦτέ
1360 1843 1416 1877 τε
1478 1822 1712 1895 κομίζειν
1771 1822 2127 1898 παρακελεύε-

2216 1850 2353 1893 rum
2374 1820 2487 1911 60‘,
2514 1851 2628 1893 non
2656 1831 2877 1912 pigebit
2897 1828 3219 1891 ascribere.
3257 1824 3582 1889 Eusebius:
3615 1826 3867 1899 Καταμό-

2220 1945 2312 1987 νας
2355 1922 2409 1978 δὲ
2442 1923 2653 1999 εἴρηται
2688 1922 2802 1978 ἀντὶ
2834 1924 2924 1977 τοῦ
2960 1918 3340 1998 ἂφωρισμὲνως
3384 1916 3528 1985 παρὰ
3580 1914 3644 1969 τὰ
3702 1912 3867 1968 λοιπὰ

493 1995 527 2062 ἤ
559 1997 695 2091 καῗὰ
749 1997 869 2062 τοὺς
930 1997 1145 2061 λοιποὺς
1209 2001 1560 2078 ἑρμηνευτὰίν
1626 2014 1745 2063 ταῖς
1804 2004 2133 2078 συγγενείαις
2218 2019 2349 2082 ζῶα.
2387 1995 2608 2091 Καρδὶας
2651 2010 2705 2067 δὲ
2762 2010 2958 2089 λέγων,
2991 1995 3113 2071 robe
3176 2006 3465 2083 λογισμοὺς
3524 2001 3739 2075 ἐδήλου,
3777 2005 3869 2058 καὶ

493 2092 597 2140 τῶν
628 2082 771 2142 λαῶν
819 2129 835 2145 .
889 2132 903 2147 .
955 2129 971 2145 .

490 2172 918 2249 δομήκοντα,ὡς
952 2178 1028 2252 μὴ
1082 2180 1324 2254 κείμενον
1385 2181 1521 2254 μήτε
1580 2180 1634 2236 ἐν
1691 2187 1765 2255 τῷ
1828 2178 2124 2259 Ἐὄρα’ίκῷ,

493 2280 631 2337 [arts
663 2267 802 2343 παρὰ
831 2282 951 2329 τοῖς
984 2278 1195 2332 λοιποῖς
1249 2270 1599 2347 ἑρμηνευταϊς
1651 2318 1666 2333 ,
1720 2318 1733 2333 ,
1786 2319 1801 2335 ,
1855 2320 1868 2333 ,
1906 2269 2046 2328 Ἀντὶ
2076 2270 2129 2327 δὲ

494 2361 609 2426 τοῦ,
688 2355 741 2409 ἓν
836 2356 969 2434 αύλῇ
1058 2358 1180 2437 ἁγίᾳ
1254 2359 1437 2439 αυτοῦ,
1497 2361 1523 2415 ὃ
1591 2360 1688 2433 μὲν
1761 2360 2011 2431 Ἀκύλας,
2075 2360 2129 2416 ἐν

493 2441 801 2521 διαπρεπείᾳ
858 2447 1182 2527 ἠγιαεμένῃ,
1246 2448 1516 2513 ἐξέδωκεν·
1591 2452 1618 2505 ὁ
1690 2448 1742 2505 δὲ
1804 2450 2126 2530 Σύμμαχος,

492 2536 546 2588 ἓν
604 2532 911 2611 δισπρεπείᾳ
969 2537 1111 2615 ἁγίᾳ.
1166 2537 1415 2595 Βούλεται
1484 2540 1583 2617 γὰρ
1636 2542 1777 2613 ἡμᾶς
1859 2543 1887 2595 ὁ
1971 2539 2129 2617 λόγος

492 2624 628 2695 μετὰ
652 2632 740 2681 τοῦ
768 2626 1061 2702 πρέποντος
1092 2628 1294 2702 κόσμου
1324 2629 1411 2685 καὶ
1465 2629 1561 2697 τῆς
1591 2635 1668 2702 τῷ
1725 2637 1840 2703 Θεῷ
1897 2652 2128 2709 προσφι-

492 2712 613 2777 λοῦς
643 2711 976 2782 δικαιοσύνης
1022 2718 1119 2783 τὴν
1174 2719 1528 2795 προσκύνησιν
1587 2723 1879 2780 ποιεῖσθαι.
1916 2742 1941 2773 ε
1981 2716 2127 2790 Qui-

491 2802 601 2863 bus
629 2820 772 2864 sane
805 2804 1203 2883 evangelicam
1227 2807 1471 2885 gratiam
1506 2808 1565 2867 in
1584 2825 1794 2868 omnes
1816 2806 1999 2868 totius
2027 2827 2130 2869 or-

493 2890 581 2953 bis
612 2893 881 2954 nationes
912 2893 1184 2956 dili'usam
1213 2897 1619 2975 prmnunlians
1668 2947 1681 2961 .
1734 2948 1747 2960 .
1799 2944 1814 2959 .
1867 2897 2133 2960 .htecaf-

490 2979 645 3042 l‘erre
660 2982 855 3061 jubet,
892 3002 1008 3044 non
1038 2983 1301 3059 Jutlzeos,
1334 2986 1439 3046 sed
1466 2986 1718 3047 familias
1742 2986 2007 3065 gentium
2040 2988 2128 3061 59,

489 3078 587 3131 aut
607 3073 936 3134 secundum
962 3073 1225 3154 reliquos
1240 3078 2013 3156 interpretes,cognationes
2030 3095 2131 3156 po-

486 3160 766 3237 pulorum
798 3207 811 3221 .
838 3204 852 3221 .
883 3211 897 3225 .
933 3213 945 3225 .
973 3162 1166 3235 Quare
1182 3163 2129 3246 haecinSeptuagintainterpreti-

491 3249 598 3311 bus
618 3251 792 3311 obelo
817 3253 1281 3331 notantur,quod
1307 3272 1502 3331 neque
1520 3255 1579 3315 in
1604 3254 1895 3316 Hebraico
1919 3274 2128 3317 exem-

492 3339 661 3419 plari,
697 3358 807 3400 nec
837 3341 991 3418 apud
1022 3341 1285 3424 reliquos
1324 3344 1680 3424 interpretes
1712 3354 2123 3425 compareant,

493 3428 643 3491 Loco
666 3438 861 3491 autem
891 3430 1069 3501 illius.
1092 3434 1158 3494 in
1189 3434 1334 3495 aula
1364 3442 1575 3496 sancta
1599 3434 1735 3512 ejus
1752 3435 1860 3514 59',
1883 3436 2122 3517 Aquila,

495 3522 558 3581 in
573 3519 787 3581 decore
807 3524 1202 3601 sanctiﬁcata,
1229 3524 1616 3604 Symmachus
1639 3542 1799 3596 vero.
1833 3526 1896 3587 in
1920 3526 2130 3587 decore

489 3616 725 3680 sancto,
752 3609 937 3670 edidit
994 3611 1130 3672 Vult
1157 3614 1316 3674 enim
1350 3632 1455 3674 nos
1494 3632 1625 3675 cum
1659 3612 1860 3675 debito
1890 3624 2126 3689 ornatu,

490 3700 691 3762 acDeo
705 3699 919 3763 dilecta
927 3702 1582 3781 justitiaadorationem
1603 3722 1906 3784 peragere.
1935 3726 1962 3765 ι
1991 3702 2130 3766 Haec

488 3806 625 3850 vera
653 3788 713 3852 in
745 3792 1213 3855 commentario:
1254 3794 1340 3851 Ἐν
1372 3798 1457 3858 οἷς
1491 3797 1516 3851 ὁ
1547 3793 1704 3873 λόγος
1756 3797 1852 3861 τὴν
1903 3798 2129 3873 εὐαγγε-

490 3879 647 3948 λικήν
703 3882 869 3962 χάριν
928 3875 1044 3939 καθ’
1103 3883 1233 3951 ὅλης
1284 3888 1607 3965 χυθήσεσθαι
1653 3886 1995 3961 προθεσπίζει
2031 3891 2127 3951 τῆς

488 3970 825 4044 οἰκουμένης.
894 3972 1221 4050 Παραγγέλει
1284 3976 1383 4050 γὰρ
1428 3975 1492 4029 τὰ
1562 3974 1820 4053 λεχθέντα
1867 3976 2125 4048 κομίζειν,

498 4062 591 4117 οὐκ
620 4058 912 4138 Ἰουδαίοις,
946 4060 1080 4117 ἆ).λά
1111 4063 1232 4123 ταῖς
1266 4076 1517 4142 πατριατς
1559 4070 1664 4120 τῶν
1698 4063 1878 4119 ἐθνῶν⁸
1928 4063 1963 4131 ἢ
1994 4064 2131 4118 κατὰ

497 4151 617 4214 τοὺς
691 4149 933 4227 λοιποὺς,
989 4164 1113 4214 ταῖς
1188 4153 1515 4229 συγγενείαις
1571 4160 1677 4208 τῶν
1730 4151 1900 4214 λαῶν,
1961 4149 2126 4207 '36::-

492 4239 674 4297 λισται
708 4241 828 4317 γὰρ’
864 4242 1005 4319 παρὰ
1055 4254 1170 4303 τοῖς
1231 4240 1631 4316 Ἐϐδομήκοντα
1680 4244 1766 4321 τὸ,
1824 4244 1921 4299 υἱοὶ
1972 4244 2125 4320 Θεοῦ,

490 4332 561 4393 ὡς
588 4330 661 4404 μὴ
697 4329 1003 4409 ἐγκείμενον
1032 4335 1107 4405 τῷ
1140 4329 1425 4410 Ἐϐραϊκῷ,
1466 4330 1601 4407 μηδὲ
1658 4335 1798 4411 παρὰ
1864 4345 1980 4393 τοῖς
2025 4329 2127 4387 ἅλ’-

490 4419 796 4483 λοις...

492 4511 610 4583 λας,
699 4510 752 4565 ἐν
840 4510 1120 4582 εύπρεπείᾳ
1199 4512 1527 4589 ἡγιασμένῃ,

492 4602 815 4680 Σύμμαχος,
844 4602 901 4656 ἓν
933 4600 1234 4673 εδπρεπείᾳ.
1296 4601 1439 4679 ἁγίᾳ.
1519 4601 1771 4657 Βούλεται
1832 4603 1931 4679 γὰρ
1979 4602 2126 4674 ἡμᾶς

492 4690 627 4763 μετᾶ
655 4697 748 4746 τοῦ
778 4689 1070 4766 πρέποντος
1120 4690 1320 4764 κόσμου
1378 4690 1465 4747 καί
1521 4696 1618 4757 τῆς
1677 4689 1999 4771 προσφιλοῦς
2053 4697 2128 4762 τῷ

492 4786 607 4851 Θεῷ
662 4776 998 4845 δικαιοσύνης
1042 4780 1140 4845 τὴν
1209 4781 1565 4856 προσκύνησιν
1628 4783 1909 4838 ποιεῖσθαι.
1974 4800 1996 4835 ι
2063 4777 2127 4839 In

489 4866 698 4936 quibus
710 4867 1007 4924 oraculum
1024 4868 1261 4937 gratiam
1278 4869 1664 4941 evangelicam
1680 4882 1778 4938 per
1792 4870 2126 4924 universum

490 4947 695 5011 orbein
720 4950 1168 5013 diﬂundendam
1202 4953 1470 5032 praadicit
1498 4953 1672 5015 lubet
1694 4952 1851 5015 enim
1875 4953 1976 5016 illa
1998 4971 2131 5029 quae

489 5042 783 5100 recensita
805 5049 941 5102 sunt
962 5041 1326 5117 aﬂ'erre,non
1345 5042 1717 5123 Judzeos,sed
1744 5044 1958 5123 patrias
1977 5060 2129 5121 gen-

490 5126 660 5201 tium,
691 5128 776 5188 vel
808 5130 1135 5191 secundum
1154 5133 1440 5214 reliquos,
1468 5138 1858 5213 cognationes
1878 5131 2101 5211 popqu

488 5235 645 5279 rum.
675 5218 845 5297 Apud
869 5218 1252 5300 Septuaginta
1275 5223 1434 5284 enim
1462 5230 1818 5304 expunctum
1844 5230 1931 5282 est
1954 5221 2126 5301 illud,

488 5306 604 5387 ﬁlii
636 5308 843 5384 0:160,
867 5309 1024 5390 quod
1056 5310 1113 5370 in
1146 5309 1395 5373 Hebraeo
1431 5311 1488 5373 id
1516 5331 1634 5373 non
1677 5311 1991 5391 habeatur,
2020 5330 2128 5372 nec

488 5398 644 5477 apud
677 5399 844 5459 alios.
876 5400 1170 5461 Caeterum
1208 5420 1337 5481 pro,
1374 5404 1438 5463 in
1467 5402 1609 5465 aula
1642 5411 1877 5476 sancta,
1914 5400 2127 5482 Aquila

564 5575 620 5621 ³ο
645 5576 799 5660 [{sal.
838 5594 956 5660 xxi.
988 5581 1086 5643 28.
1172 5578 1250 5623 ⁸⁸⁸
1284 5579 1436 5643 Psal.
1474 5596 1673 5656 sxvnt,
1716 5580 1795 5660 ‘2;
1845 5596 1973 5651 xcv,
2012 5581 2072 5643 8.
2156 5579 2210 5623 0°
2241 5577 2392 5641 Psal.
2431 5594 2629 5659 xxvm,
2666 5579 2721 5641 l.

493 5659 584 5722 lt.
668 5656 748 5704 σι’
780 5659 933 5725 Paul.
960 5677 1137 5739 um,
1169 5662 1267 5726 15.

1026 2136 1041 2152 .
1092 2090 1185 2145 Διὸ
1216 2091 1304 2146 καὶ
1358 2088 1640 2146 ὠὸἐλισται
1672 2091 1813 2167 παρὰ
1852 2094 1973 2155 τοὺς
2012 2090 2139 2149 '86-
2220 2101 2304 2159 ὅτι
2352 2088 2734 2180 ἀφωρισμένως
2789 2101 3009 2164 ἕκαστος
3073 2098 3343 2176 ἅνθρωπος
3402 2096 3582 2167 ὥσπερ
3635 2107 3866 2168 ταμεῖον

2213 2191 2693 2266 ἆποκεκλεισμένον
2738 2191 2860 2269 ἔχει
2922 2192 3019 2256 τὴν
3072 2190 3261 2245 ἑαυτοῦ
3318 2184 3574 2261 διάνοιαν,
3608 2185 3680 2242 ὡς
3746 2206 3865 2256 μη-

2213 2280 2332 2337 δένα
2382 2279 2625 2337 δύνασθαι
2672 2280 2850 2356 ἐτέρου
2891 2275 3329 2353 καταλαμϐάνειν
3384 2274 3702 2349 λογισμούς.
3754 2276 3869 2330 03-

2212 2369 2318 2432 δεὶς
2374 2377 2499 2447 γοῦν
2560 2368 2707 2426 οἶδεν
2740 2369 3029 2448 ἀνθρώπων
3058 2369 3123 2424 τὰ
3166 2374 3257 2424 τοῦ
3314 2363 3589 2442 ἀνθρώπου
3641 2405 3656 2421 .
3711 2409 3727 2423 .
3780 2406 3793 2419 .
3848 2406 3863 2420 .

2213 2466 2486 2525 Συνῆπται
2531 2461 2615 2538 τὺ,
2665 2459 2725 2517 Ὀ
2782 2460 2969 2523 συνιεὶς
3058 2456 3230 2513 πῖντα
3316 2455 3382 2511 τὰ
3471 2452 3601 2530 ἔργα
3660 2450 3863 2510 ανότῶν,

2217 2550 2386 2610 Μόνος
2434 2551 2534 2627 γὰρ
2595 2551 2747 2612 αὐτὸς
2810 2548 3047 2614 ωνίησιν
3109 2545 3159 2611 ἑξ
3240 2544 3426 2606 ὁποίας
3500 2539 3867 2619 προαιρέσεως

2213 2640 2279 2695 τὰ
2307 2645 2413 2694 τῶν
2466 2638 2753 2716 ἀνθρώπων
2812 2637 2941 2716 ἔργα
2998 2634 3353 2692 ἐπιτελεῖται²
3418 2629 3646 2705 μηδενὸς
3698 2628 3865 2686 ἄλλου

2214 2725 2499 2801 δυναμένου
2555 2726 2807 2803 συνιέναι,
2868 2725 2992 2796 ποίᾳ
3049 2721 3291 2800 προθέσει
3349 2721 3437 2777 καὶ
3503 2719 3661 2789 ὁποίᾳ
3721 2720 3866 2794 ὁρμῇ

2215 2815 2439 2880 ἕκαστος
2501 2823 2603 2872 τῶν
2660 2815 2947 2893 ἀνθρώπων
3005 2813 3221 2881 πράττει
3255 2812 3287 2867 ἃ
3317 2810 3557 2887 πράττει.
3600 2829 3623 2864 ε
3661 2804 3865 2885 Siga-

2216 2904 2389 2966 latim
2412 2904 2638 2967 dictum
2664 2912 2752 2965 est
2774 2902 2943 2983 quasi
2970 2900 3288 2983 separatim
3312 2907 3373 2961 et
3395 2915 3670 2960 seorsum
3695 2914 3732 2955 a
3761 2913 3867 2957 re-

2216 2995 2390 3075 liquis
2422 2993 2803 3056 animalibus.
2845 2995 2993 3055 Dum
3029 3000 3228 3053 autem
3262 2988 3443 3050 corda
3474 2992 3862 3062 memoraret,

2214 3084 2606 3163 cogitationes
2640 3081 3017 3160 signiﬁcavit,
3042 3080 3178 3159 quia
3208 3077 3459 3158 quilibet
3489 3076 3668 3136 homo
3700 3092 3868 3137 seor—

2213 3192 2342 3234 sum
2385 3182 2646 3234 mentem
2679 3190 2850 3234 suam
2885 3190 2996 3232 ceu
3056 3166 3500 3247 receptaculum
3554 3163 3865 3226 occlusum

2211 3260 2483 3334 habet,ut
2515 3279 2695 3323 nemo
2730 3258 2974 3321 alterius
2998 3258 3382 3336 cogitationes
3407 3252 3868 3333 deprehendere

2211 3351 2424 3413 valeat.
2489 3349 2701 3413 Nullus
2760 3349 2941 3428 igitur
2973 3347 3283 3409 hominum
3338 3342 3501 3405 novit
3537 3360 3673 3419 qna:
3730 3350 3873 3402 sunt

2212 3440 2470 3501 hominis
2487 3439 2536 3482 θί
2576 3489 2588 3501 .
2629 3486 2639 3497 .
2676 3488 2689 3500 .
2728 3436 3029 3501 .Additur
3050 3434 3316 3514 hoc,0ui
3342 3430 3635 3509 intelligit
3655 3431 3868 3492 omnia

2213 3548 2393 3610 opera
2416 3546 2621 3590 eorum
2634 3528 2878 3607 6“.Ipse
2908 3544 3162 3605 namque
3186 3524 3350 3585 solus
3372 3520 3653 3599 intelligit
3672 3538 3746 3581 ex
3765 3538 3873 3581 cu-

2205 3609 2776 3699 jusmodielectione
2791 3614 3104 3677 voluntatis
3131 3613 3438 3675 hominum
3464 3627 3647 3690 opera
3668 3609 3872 3671 edan-

2215 3720 2476 3785 tur,cum
2500 3708 2697 3771 nullus
2711 3707 2861 3769 alius
2883 3707 3215 3784 intelligere
3229 3709 3409 3784 queat
3430 3720 3498 3764 ex
3523 3701 3873 3781 cujnsmodi

2215 3798 2543 3881 proposito,
2578 3817 2648 3860 ex
2672 3817 2787 3878 quo
2813 3805 2974 3858 motu
3000 3794 3319 3856 voluntatis
3341 3791 3535 3871 quivis
3554 3789 3871 3861 hominum

2212 3899 2343 3969 agat
2374 3907 2506 3969 quae
2527 3890 2666 3967 agit.
2695 3912 2717 3943 ιι
2748 3886 2988 3950 Pseudo
3009 3884 3386 3947 -Theodorus
3408 3900 3581 3942 vero:
3622 3883 3871 3954 Καταμὸ-

2213 4003 2305 4044 νας
2362 3978 2437 4052 δέ,
2472 3979 2585 4033 ἀντὶ
2644 3986 2736 4034 τοῦ
2792 3977 3203 4056 ἀφωρισμένως,
3238 3971 3665 4053 κεχωρισμένως
3725 3971 3875 4046 παρὰ

2212 4070 2277 4125 τὰ
2328 4067 2486 4123 λοιπὰ
2567 4073 2695 4138 ζῶα*
2752 4062 2964 4143 καρδίας
3038 4061 3093 4119 δὲ
3164 4062 3309 4139 λέγει
3368 4062 3489 4120 τοὺς
3548 4058 3869 4135 λογισμούς,

2217 4159 2315 4215 Καὶ
2347 4158 2428 4213 ὅτι
2471 4154 2850 4236 ἀφωρισμένως
2909 4154 3131 4217 ἕκαστος
3186 4150 3456 4229 ἄνθρωπος
3520 4148 3700 4236 ὥσπερ
3761 4170 3869 4203 τα-

2214 4260 2369 4321 μεῖον
2443 4235 2929 4317 ἀποκεκλεισμένον
2986 4242 3104 4322 ἔχει
3167 4241 3267 4307 τὴν
3338 4241 3524 4297 ἑαυτοῦ
3594 4235 3868 4316 διάνοιαν,

2211 4339 2283 4402 ὡς
2331 4333 2531 4410 μηδένα
2616 4333 2854 4390 δύνασθαι
2928 4332 3105 4405 ἐτέρου
3175 4326 3614 4404 καταλαμϐάνειν
3697 4325 3865 4406 λογι-

851 4418 991 4477 Ἀντὶ
1020 4419 1073 4477 δὲ
1101 4428 1214 4501 τοῦ,
1264 4422 1318 4476 ἒν
1376 4421 1510 4499 αὐλῇ
1564 4424 1710 4500 ἁγίᾳ,
1746 4425 1772 4479 ὁ
1817 4422 1913 4498 μὲν
1963 4419 2126 4477 Ἀκύο
2156 4499 2181 4501 Α
2213 4426 2398 4501 σμούς.
2437 4421 2615 4487 Ούδεὶς
2647 4424 2746 4500 γὰρ
2774 4420 2889 4479 οἶδε
2938 4429 3043 4478 τῶν
3096 4420 3407 4494 ἀνθρώπων,
3440 4418 3528 4474 καὶ
3574 4416 3695 4483 ἑξῆς
3734 4458 3749 4474 .
3792 4458 3808 4473 .

1626 4510 1898 4577 ἓξεδωκεν³
1976 4514 2003 4567 ὁ
2073 4499 2489 4583 δὶοΣυνῆπται
2543 4515 2626 4591 τὸ,
2701 4514 2727 4568 ὁ
2788 4512 2979 4575 συνιεὶς
3072 4512 3143 4573 εἷς
3230 4530 3425 4577 παντα,
3482 4508 3554 4561 (ob
3628 4503 3871 4580 μηδενὸς

2212 4602 2373 4660 ἅλΛου
2431 4601 2716 4675 δυναμένου
2771 4600 3020 4671 συνιέναι,
3081 4598 3174 4670 οἵᾳ
3244 4595 3487 4674 προθέσει
3561 4595 3653 4651 καὶ
3728 4597 3873 4669 ὁρμῇ

2210 4693 2428 4756 ἕκαστος
2459 4693 2563 4747 τῶν
2605 4689 2925 4762 avenam»,
2960 4690 2993 4744 ἃ
3029 4684 3267 4765 πράττει,
3318 4686 3564 4763 πράττει.
3608 4706 3635 4738 ε
3666 4680 3869 4761 Sigil-

2212 4780 2384 4843 latim
2404 4787 2599 4841 autem
2622 4778 2819 4858 posuit
2838 4796 2943 4857 pro
2973 4776 3253 4854 seorsim,
3278 4773 3604 4851 separatim
3641 4791 3671 4830 a
3712 4771 3864 4832 reli-

2214 4869 2347 4949 quis
2369 4866 2799 4929 animantibus:
2827 4865 3010 4928 corda
3025 4874 3221 4927 autem
3242 4861 3519 4939 intelligit
3544 4859 3865 4939 cogitatio-

2214 4948 2701 5029 nes.thuoniam
2727 4956 2969 5027 quilibet
2994 4956 3164 5012 homo
3186 4953 3529 5024 segregatim
3553 4948 3718 5021 quasi
3743 4962 3870 5005 con-

2214 5044 2443 5105 clusum
2465 5040 2761 5123 quoddam
2790 5058 2946 5119 penu
2980 5048 3240 5100 mentem
3267 5053 3433 5097 suam
3456 5034 3664 5115 habet,
3694 5033 3776 5096 ita
3809 5039 3867 5094 ut

2216 5151 2392 5194 nemo
2418 5132 2664 5192 alterius
2688 5130 3076 5209 cogitationes
3104 5127 3289 5188 valeat
3316 5123 3654 5206 percipere.
3678 5124 3863 5187 Nemo

2211 5223 2369 5283 enim
2395 5222 2666 5299 scitque:
2686 5218 3236 5291 suuthominis,etc
3274 5262 3286 5275 .
3324 5258 3337 5270 .
3373 5261 3384 5272 .
3428 5258 3443 5274 .
3477 5212 3857 5293 Adjungitur:

2212 5309 2322 5383 Qui
2356 5312 2455 5372 inti
2481 5309 2633 5387 lligit
2652 5308 2876 5383 omnia,
2902 5326 2971 5369 ac
2996 5306 3047 5367 si
3066 5307 3263 5369 nullus
3287 5304 3439 5365 alius
3472 5303 3658 5383 possit
3682 5302 3859 5363 intel-

2214 5400 2421 5480 ligere,
2444 5416 2696 5480 quanam
2722 5396 3054 5460 intentione
3079 5404 3137 5458 et
3159 5414 3275 5477 quo
3298 5393 3583 5455 instinctu
3614 5390 3861 5472 quilibet

2807 5577 2883 5621 ⁸ο·
2912 5574 3066 5640 Psal.
3090 5589 3273 5655 nm,
3308 5574 3405 5636 l5.
3492 5570 3542 5613 5‘
3575 5568 3760 5635 ICor.
3797 5587 3857 5649 ιι,
