4100 6202
870 164 883 177 ς

1298 281 1369 343 D.
1411 282 1573 346 IUL.
1619 280 1995 346 GARNERII
2044 281 2462 346 PREFATIO.

3373 302 3555 351 CCXIII

184 412 375 490 ψευδῆ·
427 413 564 471 ὧτω
593 415 680 470 καὶ
723 414 917 471 πολλαί
950 416 1080 472 εἰσιν
1128 414 1395 491 ἀλήθειαι,
1443 416 1579 472 ana:
1640 417 1872 493 κυρίιοςΑ

1958 412 2118 476 esimi
2155 415 2311 476 tertii
2340 414 2517 476 verba
2573 415 3023 497 interpretantis
3060 436 3073 479 :
3132 416 3555 494 Ἀδακτωμὲνων

190 502 350 571 ἆλῆθε
363 525 413 558 ια
442 504 506 558 τὸ
535 504 699 567 ὅντως
727 502 815 563 δ’ν.
839 502 990 560 Ἐπεὶ
1020 503 1073 559 δὲ
1104 506 1191 561 καὶ
1216 527 1377 560 ταυτα
1412 503 1730 584 διέστραπτο
1748 506 1837 560 καὶ

191 594 531 669 ἦμαύρωντο,
578 597 637 649 οὑ
667 593 766 658 τὴν
819 592 1114 649 ἀπόστασιν
1177 593 1535 667 ἀπολεσαντα,
1570 592 1689 649 ἀλλ’
1733 594 1839 649 ἀπὸ

196 688 297 737 τῶν
328 681 618 759 ἀνθρώπων
639 680 1047 760 φυγαδευθέντα.
1087 706 1112 736 ι
1149 678 1260 743 Hic
1286 691 1524 743 sanctus
1549 683 1711 744 solus
1739 681 1841 742 de-

195 769 466 849 relictus,
505 769 784 831 omnibus
804 771 1157 831 contrariam
1191 770 1339 831 viam
1364 771 1736 847 ineuntibus,
1769 770 1839 831 ad

195 861 298 923 Dei
326 858 761 939 providentiam
806 859 1093 937 confugit.
1118 860 1329 921 Etnon
1348 860 1527 924 dixit:
1556 859 1842 933 Quoniam

192 958 435 1009 sanctus
456 947 700 1019 fuit,sed
729 948 883 1028 quod
906 949 963 1009 hi
991 950 1168 1011 etiam
1194 948 1294 1029 qui
1314 950 1503 1011 sancti
1526 948 1849 1029 sunt,peri-

194 1037 375 1117 erint,
405 1057 477 1099 eo
510 1037 667 1116 quod
706 1038 1082 1115 prmvaluerit
1114 1037 1413 1101 malitia...
1450 1038 1847 1112 Quemadmo-

197 1128 334 1187 dum
367 1127 608 1188 colores
630 1127 808 1206 aliqui
831 1128 1070 1207 quidem
1087 1135 1223 1188 sunt
1253 1128 1396 1203 veri,
1419 1128 1516 1190 alii
1533 1146 1671 1189 vero
1695 1126 1847 1187 falsi:

192 1217 404 1277 eodem
432 1216 611 1277 modo
646 1215 851 1277 multm
872 1217 1046 1276 etiam
1067 1226 1205 1277 sunt
1241 1216 1537 1293 veritates,
1573 1216 1677 1278 sed
1712 1233 1846 1296 pro-

194 1307 319 1384 prie
343 1304 563 1366 veritas
592 1312 683 1365 est
716 1305 770 1365 id
806 1305 967 1383 quod
993 1323 1129 1366 vere
1163 1314 1274 1369 est.
1307 1306 1454 1379 Quia
1479 1324 1620 1368 vero
1670 1308 1848 1367 etiam

193 1398 316 1457 haec
348 1410 632 1475 perversa
661 1403 853 1473 erant,
885 1404 943 1454 et
974 1395 1257 1456 oﬂ‘uscata
1290 1415 1306 1469 ;
1340 1415 1458 1456 non
1510 1395 1669 1476 quod
1701 1394 1847 1455 sub-

190 1486 471 1546 stantiam
496 1482 1036 1563 perdidissent,sed
1053 1484 1211 1560 quod
1234 1484 1308 1545 ab
1333 1484 1678 1546 hominibus
1696 1483 1850 1545 rele-

188 1585 324 1654 gata
357 1582 583 1646 essent,
623 1599 647 1627 ι
680 1582 797 1635 etc.
836 1570 941 1633 His
972 1573 1264 1635 absimilia
1288 1593 1406 1637 non
1435 1581 1723 1654 suntquae
1754 1573 1845 1634 le-

189 1676 424 1744 guntur
454 1661 611 1742 apud
643 1662 1153 1741 Chrysostomum,
1184 1664 1293 1725 hoc
1326 1664 1504 1726 modo
1529 1680 1544 1726 :
1572 1666 1732 1727 Οὗτος
1755 1663 1846 1719 ait:

189 1755 256 1823 δὴ
290 1755 457 1829 μόνος
490 1756 651 1819 αὑτῆς
677 1751 1095 1827 ἐπειλημμένος,
1130 1755 1343 1810 πάντων
1365 1755 1462 1821 τὴν
1490 1753 1728 1809 ἐναντίαν
1751 1754 1845 1830 βα·
1870 1786 1904 1835 Β

193 1844 473 1921 ς’ἓιζόντιιον⁷
520 1841 605 1897 ἐπὶ
635 1845 735 1907 τὴν
758 1849 851 1897 τοῦ
896 1849 1026 1897 Θεοῦ
1047 1844 1296 1919 πρόνοιαν
1325 1844 1719 1923 καταφεύγει...
1750 1846 1846 1901 Καὶ

193 1935 291 1991 οὒκ
323 1932 476 2003 εἷπε,
729 1952 820 2009 με,
869 1932 947 1987 ὅτι
993 1931 1050 1987 Οὔ
1086 1932 1301 2011 γέγονεν
1334 1932 1501 2012 ὅσιος,
1537 1932 1683 2003 ἀλλ’.
1719 1931 1852 1990 non

196 2020 513 2079 ὶκλέλοιπεν
547 2020 715 2081 ὅσιος·
753 2021 953 2081 δεικνὺς
1012 2019 1090 2076 ὅτι
1122 2023 1216 2077 καί
1250 2023 1297 2077 οἱ
1343 2018 1488 2087 ὄντες
1547 2020 1849 2095 ἀπώλοντο,

198 2110 385 2178 ἐπειδὴ
420 2111 713 2187 ἐκράτησεν
746 2112 780 2176 ἡ
812 2115 1048 2173 κακία...
1088 2112 1331 2188 Καθάπερ
1357 2111 1441 2167 ἐπὶ
1464 2114 1567 2168 τῶν
1617 2112 1852 2190 χρωμά-

198 2226 328 2281 των,
358 2202 453 2255 καὶ
480 2205 585 2253 τῶν
616 2197 791 2253 ἄλλων
825 2197 997 2279 εἰδῶν,
1032 2201 1098 2255 τὰ
1125 2198 1221 2273 μέν
1254 2200 1395 2256 ἐστιν
1447 2200 1647 2278 ἀληθῆ,
1707 2202 1770 2256 τὰ
1805 2198 1855 2254 δὲ

478 2288 617 2344 οὕτω
638 2286 693 2343 δὲ
725 2290 811 2344 καὶ
858 2288 939 2343 ἐπὶ
984 2289 1088 2345 τῶν
1118 2290 1341 2367 ἀρετῶν.
1389 2288 1644 2358 Ἀλήθεια
1672 2290 1771 2367 γὰρ
1800 2289 1860 2344 τὸ

198 2383 365 2442 ὅντως
400 2379 483 2449 ἂν,
522 2376 712 2452 ψεῦδος
742 2376 794 2432 δὲ
820 2380 881 2434 τὸ
915 2380 990 2453 μὴ
1021 2379 1099 2443 ἄν,
1138 2379 1283 2436 Ἐπεὶ
1314 2382 1400 2436 οὖν
1436 2387 1598 2435 ταῦτα
1620 2376 1834 2456 διέστρα

199 2493 299 2528 πτο
337 2470 432 2524 καὶ
468 2468 808 2543 ἡμαύρωντο,
834 2469 894 2524 οὑ
928 2470 1027 2535 τὴν
1059 2468 1348 2524 ὑπόστασιν
1420 2468 1759 2524 ἀπολέσαντα
1810 2465 1862 2531 ἐξ

206 2563 439 2629 ἑαυτῶν,
506 2555 627 2611 ἀλλ’
658 2558 759 2612 ὑπὸ
814 2562 921 2612 τῶν
973 2557 1259 2629 ἀνθρώπων
1313 2554 1713 2637 γυγαὲευθέντα,
1748 2563 1860 2616 etc.

201 2648 311 2710 Hic
343 2664 595 2727 quoque
620 2645 841 2724 justus,
879 2652 938 2705 ut
968 2645 1069 2722 qui
1090 2644 1252 2705 solus
1273 2662 1401 2706 eam
1432 2643 1865 2724 apprehendis-

202 2746 314 2800 set.
350 2734 597 2797 caeteris
653 2744 857 2794 contra
909 2733 1310 2808 tendentibus,
1365 2733 1630 2811 confugit
1659 2731 1733 2792 ad
1762 2731 1869 2794 Dei

206 2824 729 2908 providentiam...
767 2824 840 2885 Et
870 2843 985 2883 nou
1016 2822 1186 2885 dixit:
1214 2820 1461 2883 Salvum
1488 2839 1579 2882 me
1601 2823 1869 2900 fac,quo-

213 2917 371 2977 niam
405 2930 530 2973 non
566 2920 655 2973 est
684 2919 943 2984 sanctus,
982 2911 1089 2971 sed
1126 2909 1425 2983 Quoniam
1446 2908 1662 2987 defecit
1690 2928 1868 2972 sanc-

220 3016 313 3068 tus
332 3000 412 3070 ⁷³.
449 3000 778 3062 ostendens
808 3017 911 3061 eos
935 2998 1135 3071 etiam,
1188 2998 1290 3079 qui
1352 3008 1541 3079 erant,
1602 2999 1873 3079 periisse,

225 3106 542 3176 postquam
570 3089 816 3150 invaluit
840 3088 1125 3150 vitium...
1145 3086 1658 3160 Quemadmodum
1684 3088 1745 3148 in
1778 3106 1866 3149 co-

226 3184 459 3247 loribus
487 3191 550 3244 et
578 3179 709 3239 aliis
738 3178 1055 3257 generibus
1114 3178 1229 3239 alia
1258 3177 1499 3256 quidem
1546 3186 1689 3237 sunt
1716 3194 1875 3245 vera,

226 3277 336 3338 alia
364 3269 688 3338 faisa...ita
709 3266 885 3328 etiam
918 3267 977 3327 in
1011 3266 1585 3328 virtutibus.Veritas
1607 3266 1766 3327 enim
1791 3276 1879 3326 est

228 3368 381 3449 quod
409 3380 555 3425 vere
585 3368 677 3419 est
705 3356 1133 3449 :rmendacium
1191 3362 1388 3449 autem
1422 3356 1579 3435 quod
1612 3373 1732 3449 non
1765 3368 1876 3416 est.

229 3443 518 3527 Quoniam
546 3467 691 3527 ergo
732 3448 859 3507 haec
902 3454 1164 3520 inversa,
1201 3454 1256 3505 et
1279 3444 1596 3507 obscurata
1625 3443 1879 3516 fuerant,

232 3564 342 3606 non
374 3539 541 3625 quod
569 3555 738 3599 suam
763 3534 1143 3625 perdiderant
1163 3534 1576 3625 substantiam,
1596 3534 1701 3594 sed
1724 3535 1877 3625 quod

234 3635 298 3694 ab
330 3621 690 3695 hominibus
720 3625 912 3703 fugata
934 3624 1226 3699 fuerant,»
1255 3635 1369 3685 etc.
1393 3624 1540 3685 Cum
1561 3631 1677 3684 tam
1700 3621 1886 3683 multa

236 3724 524 3785 hactenus
550 3714 882 3795 sumpserit
909 3714 1523 3794 pseudo-Theodorus
1564 3730 1634 3773 ex
1667 3712 1887 3773 oratio-

239 3814 405 3874 nibus
436 3802 878 3888 Chrysostomi,
905 3804 1117 3864 mirum
1145 3802 1333 3865 videri
1363 3821 1481 3863 non
1512 3800 1712 3878 debet,
1746 3801 1797 3863 si
1818 3800 1890 3861 ab

244 3902 335 3963 illo
348 3900 616 3983 plurima
638 3912 875 3975 quoque
896 3894 954 3953 in
970 3893 1344 3974 explananda
1365 3891 1721 3983 duodecimo
1739 3890 1896 3970 psal-

248 4008 332 4050 mo
348 3978 678 4049 'mutuatus
705 3986 803 4043 sit.
829 3984 901 4044 Et
930 3989 1091 4042 certe
1115 3998 1249 4061 pars
1262 3978 1517 4040 maxima
1536 3996 1742 4040 eorum
1766 3996 1896 4059 quae

250 4096 281 4138 ι
298 4070 872 4158 pseudo-Theodoro
893 4068 1354 4144 dicuntur,nihil
1378 4066 1538 4128 aliud
1560 4075 1699 4127 sunt
1719 4084 1893 4147 quam

256 4157 405 4227 varia
433 4160 734 4226 orationis
750 4157 1156 4239 Chrysostomi
1174 4158 1722 4236 fragmenta,eaque
1748 4158 1898 4216 male

251 4265 460 4316 assuta.
497 4252 649 4333 Ejus
676 4249 767 4310 rei
795 4252 1028 4310 exstant
1054 4247 1330 4327 exempla
1358 4246 1418 4307 in
1450 4245 1581 4325 ipso
1610 4244 1900 4325 interpre-

250 4345 478 4405 tationis
511 4340 691 4402 initio
728 4358 746 4413 ;
779 4337 884 4398 sed
916 4355 991 4398 ne
1022 4336 1190 4417 copia
1223 4336 1411 4415 major
1440 4333 1764 4395 lectoribus
1795 4342 1900 4396 tre-

252 4434 406 4494 dium
434 4425 869 4507 aﬂ‘erat,missa
892 4444 961 4488 ea
990 4424 1265 4487 facimus.
1294 4422 1455 4488 Ordo
1488 4425 1814 4503 postularet
1842 4436 1902 4485 ut

1922 505 1967 558 οἱ
2022 504 2170 580 λόγοι
2203 508 2320 569 τοὺς
2380 507 2455 579 τῷ
2511 505 2701 574 πλήθει
2753 508 2840 562 καὶ
2870 510 2937 581 τῇ
2968 507 3121 585 ἰσχύϊ
3145 513 3253 563 τῶν
3291 508 3557 583 πολεμίων

1921 592 2366 660 καταϐληθὲν-τας.
2408 599 2501 651 Καὶ
2544 596 2818 674 προτροπή
2853 594 2988 668 ἐστι,
3038 599 3097 651 τὸ
3165 604 3269 653 πᾶν
3338 601 3428 654 sui
3472 602 3559 655 τὸν

1925 686 2055 738 Θεὸν
2100 686 2255 762 ῥῖψαι
2308 683 2620 763 κελεύουσα,
2670 684 2886 751 καὶτῆς
2931 684 3134 739 ἐκειθεν
3166 685 3373 752 ἐλπίδος
3405 687 3559 767 ἐξαρ-

1927 778 2087 838 τῆσαι
2138 774 2234 838 τὴν
2284 775 2454 839 νίκην.
2522 776 2619 829 Διὰ
2675 771 2799 829 τίδὲ
2829 788 2947 834 τοίς
2990 774 3087 828 ὠσί
3117 796 3131 849 ;
3164 775 3261 830 τίνι
3315 778 3414 855 γάρ
3482 800 3561 843 τις

1930 863 2075 936 μέρει
2133 861 2277 932 ἄλλη)
2306 862 2484 918 ἀκούει
2518 880 2534 937 ;
2573 865 2757 921 Kouov
2802 862 2918 927 ἔθος
2949 862 3108 942 ἐστὶν,
3144 863 3270 920 ὅταν
3322 889 3403 929 τις
3462 889 3564 923 πε·-

1930 952 2383 1030 πληροφορημένα
2433 952 2708 1031 διηγῆται,
2782 952 3080 1029 προτιθέναι
3120 966 3237 1017 τοῖς
3269 955 3393 1011 ὠσὶν
3421 955 3565 1023 ἀχη-

1933 1040 2054 1096 χοέν
2067 1063 2187 1100 ιι...
2223 1041 2371 1118 ’Ὅρα
2397 1039 2450 1096 δὲ
2474 1048 2587 1106 πῶς
2606 1039 2755 1097 δεινὰ
2786 1040 3107 1120 πάσχοντες,
3134 1043 3193 1098 οὖ
3220 1042 3482 1121 λέγουσιν,
3507 1047 3568 1100 τὸ

1932 1132 2018 1186 καὶ
2048 1132 2108 1185 τὸ
2143 1130 2401 1205 ἐπάθομεν
2426 1129 2509 1186 διὰ
2534 1132 2616 1210 σὲ,
2648 1131 2916 1207 βοήθησον
2945 1133 3102 1204 ἡμῖν·
3132 1131 3251 1188 ἀλλ’
3280 1135 3569 1198 ὡςοὶκειον

1934 1217 2098 1293 μηδέν
2129 1219 2346 1298 ἔχοντες
2378 1220 2570 1296 ἀγαθὸν
2613 1222 2685 1283 εἰς
2732 1218 3043 1297 παρρησίαν,
3092 1222 3164 1283 εἷς
3196 1223 3261 1277 τὰ
3290 1236 3405 1285 τοῖς
3437 1246 3567 1303 προσ

1934 1308 2107 1384 γόνοιε
2140 1309 2452 1386 ὑπηργμένα
2507 1310 2645 1385 παρὰ
2704 1315 2834 1365 Θεοῦ
2890 1310 3295 1387 καταφεύγουσι,
3356 1332 3384 1367 α
3435 1310 3572 1373 Hac

1932 1397 2117 1457 verba
2167 1404 2305 1456 sunt
2335 1396 2692 1475 erigentium
2727 1414 2855 1468 eos,
2913 1395 3015 1476 qui
3077 1397 3452 1462 multitudine
3506 1420 3574 1461 ac

1930 1483 2153 1545 robore
2187 1484 2443 1545 hostium
2487 1485 2763 1564 prostrati
2797 1494 2958 1544 sunt.
2996 1484 3066 1545 Et
3096 1485 3428 1548 adhortatio
3460 1497 3573 1568 est,

1933 1591 2061 1652 quae
2095 1581 2278 1633 lotum
2314 1573 2371 1632 in
2409 1572 2594 1633 Deum
2631 1572 2947 1652 projicere,
2981 1582 3042 1633 et
3068 1592 3137 1633 ex
3180 1574 3310 1653 ejus
3335 1595 3441 1656 spe
3462 1576 3576 1637 vic-

1931 1663 2138 1722 toriam
2167 1662 2537 1742 suspendere
2563 1662 2752 1740 jubet.
2788 1664 2869 1745 At,
2890 1678 2996 1722 cur
3016 1662 3574 1745 auribus?quonam

1930 1752 2085 1811 enim
2137 1752 2251 1812 alio
2286 1750 2552 1811 membro
2584 1750 2719 1829 quis
2743 1744 2945 1811 audiat
2973 1756 3002 1812 ?
3031 1744 3381 1815 Communis
3412 1755 3571 1816 enim

1934 1842 2299 1901 consuetudo
2330 1849 2442 1911 est,
2481 1851 2546 1900 ut
2576 1838 2811 1919 quando
2838 1839 2972 1918 quis
3017 1848 3179 1901 certa
3214 1852 3436 1923 narrat,
3467 1844 3577 1904 ad—

1938 1932 2036 1990 dat
2057 1930 2307 1990 auribus
2328 1947 2393 1989 se
2419 1925 3075 1990 audivisse...0bserva
3101 1947 3260 2006 vero,
3286 1933 3581 2011 quomodo

1938 2037 2069 2079 cum
2104 2037 2321 2099 aspera
2373 2035 2630 2098 quaeque
2661 2016 2818 2099 passi
2849 2017 2990 2089 sint,
3045 2036 3162 2078 non
3194 2019 3417 2093 dicant,
3458 2018 3585 2083 Hoc

1940 2118 1992 2169 et
2025 2109 2133 2169 hoc
2160 2109 2313 2187 passi
2345 2127 2554 2169 sumus
2587 2116 2831 2187 propter
2882 2117 2935 2168 te
2969 2130 2983 2175 :
3022 2107 3239 2186 adjuva
3285 2127 3394 2169 nos
3430 2129 3443 2172 :
3478 2110 3585 2171 sed

1942 2216 2007 2258 ac
2040 2198 2088 2257 si
2124 2197 2270 2257 nihil
2321 2197 2613 2257 haberent
2645 2195 2786 2256 boni
2813 2214 2928 2276 quo
3002 2196 3320 2278 conﬁdant,
3375 2199 3586 2259 confu-

1943 2288 2109 2365 giunt
2140 2288 2210 2346 ad
2236 2304 2303 2347 ea
2334 2304 2471 2366 quae.
2502 2284 2826 2363 majoribus
2845 2286 2970 2346 suis
2991 2303 3024 2345 a
3050 2288 3169 2346 Deo
3193 2288 3341 2347 facta
3362 2298 3522 2350 sunt.
3561 2312 3585 2345 ι

1945 2375 2111 2454 Apud
2151 2374 2635 2453 Chrysostomum
2667 2382 2865 2435 autem
2893 2376 2971 2434 ita
3015 2374 3265 2453 legitur:
3302 2386 3465 2435 Τοῦτο
3494 2381 3592 2458 γὰρ

1946 2469 2067 2528 τοὺς
2140 2465 2511 2543 ἀσθενέστερον
2542 2467 2673 2540 πρὸς
2735 2463 2856 2527 τοὺς
2888 2464 3079 2527 πόνους
3110 2463 3469 2540 διακειμένους
3524 2469 3590 2536 ἧν

1948 2555 2400 2627 ἀνακτωμένου..,
2433 2553 2496 2610 Ἦ
2556 2553 2697 2632 εὑχὴ
2725 2552 2858 2619 αὕτη
2892 2555 3165 2631 προτροπή
3213 2568 3331 2618 τοῖς
3358 2578 3589 2635 στρατο-

1950 2642 2126 2707 πέδιις
2190 2643 2320 2720 ἐστὶ,
2388 2644 2449 2697 τὸ
2494 2648 2597 2698 πᾶν
2627 2642 2713 2698 ἐπὶ
2766 2644 2858 2697 τὸν
2906 2644 3037 2696 Θεὸν
3068 2642 3223 2716 ῥῖψαι
3281 2643 3594 2722 κελεύουσα,

1952 2736 2037 2789 καὶ
2069 2731 2353 2803 ἐξαρτῆσαι
2406 2736 2503 2797 τῆς
2556 2730 2760 2787 ἐκεῖθεν
2793 2728 3003 2794 ἐλπιδος
3055 2732 3155 2797 τὴν
3187 2734 3356 2799 νίκην,
3396 2736 3492 2790 Διὰ
3551 2736 3600 2792 τί

1956 2819 2007 2875 ὃ.
2089 2824 2102 2839 9
2119 2845 2126 2850 _
2212 2823 2231 2839 ν
2391 2820 2404 2837 θ
2538 2821 2550 2842 Ι
2793 2819 2804 2830 ⁸
2904 2825 2927 2835 σ
2946 2840 2965 2855 ρ
3034 2819 3046 2830 ⁸
3130 2819 3143 2839 θ
3193 2821 3209 2843 ο
3236 2830 3248 2843 τ
3488 2824 3499 2837 ⁸
3553 2827 3565 2843 ι

1989 2853 2009 2874 ε
2053 2842 2148 2877 ουιι
2180 2841 2354 2892 ειπεν,
2415 2826 2747 2893 Ηιουσαμεν,
2780 2819 2988 2889 απλωκ,
3024 2818 3124 2875 αλλ
3215 2831 3284 2878 ιιν
3311 2836 3428 2884 τοῖς
3472 2845 3599 2879 erm

1957 2913 2111 2984 ἡμῶν
2168 2910 2469 2983 ἠιούσαμεν
2507 2926 2523 2984 ;
2569 2932 2702 2981 ποιῳ
2753 2910 2853 2987 γὰρ
2882 2909 3044 2987 ἑτέρῳ
3092 2910 3239 2988 μέρει
3295 2933 3375 2975 τις
3423 2912 3597 2969 ἀκούει

1961 3007 2053 3055 τοῦ
2110 3001 2480 3074 σώματος;...
2532 3001 2717 3057 Κοινὸν
2780 2998 2891 3060 ἔθος
2953 2999 3056 3053 τῶν
3087 2999 3375 3075 ἀνθρώπων
3434 3002 3597 3079 ἐστὶν,

1962 3088 2086 3145 ὅταν
2119 3090 2233 3143 τινα
2254 3086 2568 3165 διηγῶνται,
2600 3089 2727 3165 ὑπὲρ
2746 3096 2819 3144 ῶν
2852 3090 2948 3143 εἱσι
2983 3087 3597 3168 πεπληροφορημένοι...

1966 3178 2329 3256 προστιθέασιν
2359 3178 2435 3233 ἀεὶ
2486 3180 2550 3233 τὰ
2593 3180 2727 3252 ὦτα,
2789 3176 3078 3257 ⁹ίκιὶετνιοντες
3126 3191 3244 3241 τοῖς
3300 3180 3426 3236 ὠσὶν
3457 3182 3595 3249 ἀκη-

1961 3267 2161 3323 κοέιαι.
2204 3312 2215 3324 .
2254 3273 2489 3323 Τοσαῦτα
2523 3270 2610 3322 καὶ
2676 3265 2968 3333 τηὶικαῠτα
3000 3266 3252 3328 παθόντες
3313 3266 3456 3325 δεινᾶ
3514 3270 3603 3326 διὰ

1962 3360 2053 3411 τὸν
2075 3357 2278 3415 Θεὸν...
2316 3356 2462 3411 οὑδὲν
2495 3358 2691 3411 τούεων
2718 3357 2842 3433 φασὶ
2864 3356 3019 3425 τέως,
3053 3354 3133 3410 ὅτι
3169 3358 3226 3411 τὸ
3258 3359 3342 3413 καὶ
3376 3361 3436 3415 τὸ
3466 3359 3607 3415 ἑπά-

1964 3450 2121 3518 θομεν
2149 3443 2233 3499 διὰ
2262 3447 2343 3517 σὲ,
2377 3446 2643 3521 βοήθησον
2681 3448 2831 3519 ἡμῖν.
2867 3443 2989 3500 ἀλλ’
3019 3446 3167 3509 ὡς...
3221 3448 3314 3502 οὐκ
3378 3446 3598 3528 ἔχοντες

1963 3534 2018 3600 ἓξ
2048 3535 2252 3590 οἰκείων
2282 3536 2702 3612 κατορθωμάτων
2736 3533 3051 3613 παῤῥησίαν,
3086 3534 3251 3598 οὕτως
3284 3537 3356 3599 εἰς
3390 3539 3454 3593 τὰ
3482 3550 3600 3599 τοῖς

1968 3627 2245 3703 προγόνοις
2298 3624 2609 3702 ὑπηργμένα
2653 3627 2794 3702 παρὰ
2848 3626 2942 3678 τοῦ
3004 3631 3135 3679 Θεοὺ
3193 3627 3608 3704 καταφεύγουσι.

1977 3738 2001 3769 ιι
2037 3710 2164 3773 Hoc
2194 3721 2281 3772 est
2312 3712 2468 3773 enim
2504 3713 2635 3792 ejus
2663 3717 2885 3792 quieos
2913 3722 3148 3772 recreat
3178 3722 3234 3773 et
3266 3714 3478 3791 reficit,
3507 3718 3610 3795 qui

1976 3810 2113 3862 sunt
2146 3800 2397 3861 molliori
2428 3811 2486 3862 et
2515 3800 2895 3862 imbecilliori
2909 3802 3107 3862 animo
3125 3802 3197 3861 ad
3223 3801 3459 3864 labores
3478 3823 3610 3865 sus-

1976 3890 2309 3971 cipiendos.
2344 3888 2483 3951 Hmc
2517 3892 2782 3971 precatio
2805 3899 2894 3950 est
2923 3890 2995 3951 ad
3023 3890 3238 3951 milites
3258 3892 3616 3974 adhortatio,

1978 3998 2110 4058 quae
2133 3978 2305 4058 jubet
2336 3982 2611 4040 universa
2642 3979 2703 4039 in
2749 3978 2936 4039 Deum
2985 3979 3289 4059 conjicere
3320 3991 3615 4044 statuere-

1979 4088 2097 4150 que
2121 4087 2187 4129 ex
2221 4087 2325 4149 spe
2356 4069 2417 4130 in
2440 4068 2610 4130 illum
2639 4069 2903 4149 pendere
2930 4069 3256 4130 victoriam.
3283 4070 3401 4133 Cur
3419 4081 3617 4134 autem

1983 4177 2099 4219 non
2133 4157 2277 4217 dixit
2298 4157 2592 4233 absolute,
2617 4158 2990 4233 Audivimus,
3028 4158 3155 4231 sed,
3179 4157 3421 4221 Nostris
3441 4164 3620 4221 auri-

1984 4248 2090 4310 bus
2113 4248 2462 4309 audivimus
2481 4246 2564 4310 7‘?
2584 4247 2836 4329 quadam
2865 4265 3021 4308 enim
3046 4247 3158 4307 alia
3175 4248 3444 4327 corporis
3458 4260 3626 4329 parte

1983 4336 2453 4401 auditur?...ilic
2484 4347 2574 4398 est
2602 4357 2728 4398 mos
2760 4338 3095 4398 communis
3150 4337 3481 4411 hominum,
3528 4342 3625 4418 qui

1986 4426 2222 4508 quando
2252 4426 2452 4507 aliqua
2473 4426 2820 4505 uarrant,de
2853 4426 3066 4504 quibus
3098 4433 3235 4487 sunt
3264 4425 3397 4487 facti
3444 4428 3625 4488 certi-

250 4524 322 4585 de
352 4522 591 4601 psalmo
632 4499 813 4577 tertio
847 4514 1080 4576 decimo
1127 4511 1408 4574 nonnulla
1444 4499 1851 4601 proferrentur
1886 4499 2203 4577 ενοι-εδ...
2224 4499 2459 4596 semper
2479 4535 2652 4577 aures
2674 4499 2985 4595 adjiciunt,
3014 4516 3278 4575 dicentes
3302 4532 3367 4575 se
3384 4516 3630 4576 aurilms

249 4598 508 4672 eod—cum
544 4606 812 4688 psalmus
832 4602 934 4664 ille
964 4610 1023 4664 et
1049 4601 1152 4666 alii
1184 4601 1353 4664 multi
1378 4601 1440 4663 in
1458 4598 1703 4678 vulgatis
1719 4601 1905 4682 Chry-
1990 4607 2364 4668 audivisse...
2392 4610 2535 4669 Cum
2566 4616 2727 4666 totet
2750 4612 2909 4665 tanta
2954 4604 3113 4683 passi
3138 4613 3354 4669 essent.
3393 4612 3633 4685 propter
3670 4614 3673 4615 '

252 4700 489 4760 ωειοωί
512 4692 887 4758 editionihus
916 4690 1363 4760 desiderentur,
1406 4690 1484 4751 de
1515 4689 1606 4750 bis
1632 4690 1910 4752 omnibus

259 4789 398 4849 nihil
431 4786 644 4847 dicere
675 4781 989 4843 habemus.
1014 4781 1087 4844 At
1122 4780 1225 4842 ubi
1254 4796 1462 4841 novam
1490 4796 1653 4840 suam
1686 4779 1907 4844 editio-

259 4894 388 4939 nem
412 4871 745 4958 perfecerit
763 4869 1231 4932 Moutfauconius
1262 4877 1491 4958 noster,
1518 4869 1730 4958 inqua
1760 4869 1911 4932 inter

260 4955 472 5028 cetera
500 4962 796 5024 auecdota
825 4960 913 5020 illi
933 4977 1167 5040 quoque
1194 4957 1407 5039 psalmi
1437 4955 1910 5040 prodibunt,non

264 5053 468 5117 dubito
484 5053 632 5135 quin
674 5050 750 5111 sit
786 5050 1076 5123 futurum,
1112 5056 1175 5111 ut
1204 5048 1345 5109 hinc
1377 5048 1553 5108 etiam
1577 5047 1798 5110 similia
1821 5048 1912 5109 his

268 5161 389 5222 qua
415 5138 1031 5220 retulimus,ubertim
1050 5137 1179 5199 erui
1203 5136 1698 5218 possint.lnterim
1734 5155 1912 5217 pseu-

269 5232 748 5296 llo-Theodorum
772 5229 833 5289 in
866 5227 1257 5306 sequentibus
1273 5224 1519 5307 psalmis
1545 5228 1913 5306 exponendis

272 5338 395 5382 eum
422 5319 695 5400 esse,qui
714 5318 823 5379 fuit
840 5317 900 5379 in
924 5315 1314 5398 explanandis
1328 5312 1629 5396 prioribus
1640 5317 1915 5380 ostenda-

275 5428 420 5477 mus.
444 5410 594 5491 Ejus
612 5409 793 5488 igitur
820 5408 1003 5470 verba
1030 5415 1192 5483 sunt,
1227 5405 1420 5486 prima
1434 5403 1643 5484 psalmi
1667 5406 1915 5486 quadra.

344 5573 405 5622 π
426 5572 583 5634 Psal.
619 5586 706 5650 xi,
733 5568 793 5629 Ξ.
886 5570 950 5618 τι
980 5566 1143 5631 Psal.
1170 5581 1338 5638 anI,
1373 5564 1472 5630 26.

591 5710 833 5775 Pateor.
901 5710 1016 5773 Gn.
1064 5705 1287 5771 XXIX.

1995 4699 2180 4760 Deum
2193 4743 2207 4757 .
2245 4694 2411 4757 .nibil
2426 4713 2632 4755 eorum
2646 4694 2879 4755 interim
2896 4694 3123 4765 dicunt,
3137 4691 3561 4756 videlicetzﬂoc
3578 4708 3635 4755 et

1993 4786 2137 4847 illud
2162 4784 2885 4865 passisumuspropterte,
2910 4782 2982 4843 da
3002 4780 3495 4859 nobisauxilium;
3528 4784 3633 4845 sed

1994 4888 2268 4957 tanquam
2291 4871 2563 4934 fiduciam
2578 4889 2653 4933 ex
2666 4871 2791 4932 suis
2808 4871 2982 4933 factis
2996 4889 3110 4931 non
3128 4871 3521 4954 haberent,ad
3542 4892 3633 4950 ca,

1995 4984 2128 5047 quae
2149 4963 2307 5025 Deus
2327 4960 2652 5041 majoribus
2670 4961 2905 5021 illorum
2927 4959 3170 5034 fecerat,
3206 4963 3574 5040 confugiunt.
3607 4988 3629 5021 ι

2000 5060 2083 5119 De
2112 5062 2327 5116 caetero
2360 5051 2533 5113 velim
2569 5050 2838 5111 conferas
2892 5051 3049 5111 inter
3075 5066 3209 5111 sese
3240 5048 3640 5131 Cbrysostomi

2000 5143 2325 5207 orationem
2347 5150 2403 5202 et
2420 5140 2913 5203 commentarium
2926 5148 3007 5212 ,et
3030 5159 3097 5201 ex
3107 5138 3343 5220 periar'e
3359 5141 3641 5222 quemad-

2001 5234 2243 5295 modum
2260 5229 2418 5292 illius
2429 5229 2656 5291 dictain
2673 5231 2783 5291 hoc
2796 5230 3165 5309 explananda
3182 5230 3407 5309 psalmo
3422 5233 3641 5311 passim

1999 5321 2333 5401 compilarit
2364 5318 2986 5399 pseudo-Theodorus,
3013 5319 3227 5400 saepius
3255 5321 3635 5391 contrabeus,

2002 5411 2297 5474 interdum
2343 5407 2613 5470 nonnihil
2640 5409 2958 5470 immutans
2997 5411 3147 5484 ;sed
3201 5409 3278 5469 ita
3326 5420 3544 5488 tamen,
3583 5417 3645 5470 ut
