4100 6202
554 358 733 412 οων

1959 339 2369 404 PROLEGOM
2379 336 2550 403 ENA.

552 491 777 563 partem
805 481 1119 542 maximam
1150 491 1380 553 eorum,
1405 497 1537 559 quae
1562 477 2169 558 profert,eChrysosto

2278 478 2399 549 θείῳ
2438 478 2586 552 νόμῳ
2617 478 2677 533 τὸ
2710 479 2907 534 οἰκεῖοι
2951 478 3159 551 θέλημα
3190 490 3587 555 συναρμόττωδ.
3632 502 3658 535 α
3692 476 3924 541 Etenim

551 596 645 637 mo
667 575 738 637 ad
758 572 995 634 verbum
1017 579 1307 651 sumptam
1334 588 1464 631 esse
1479 590 1651 631 nemo
1670 590 1785 631 non
1802 568 2193 644 videat.Qu0d

550 666 599 727 si
631 663 929 743 quiSpiam
964 662 1147 723 libros
1169 661 1331 721 adire
1364 660 1531 740 nolit,
1558 659 1809 722 libentes
1828 660 2114 722 addemus
2139 674 2196 724 et

549 773 679 836 qua)
703 753 775 814 ab
796 760 1041 830 utroque
1063 748 1356 829 scriptore
1376 749 1658 811 dicuntur
1674 751 1733 810 in
1761 750 1965 810 ultinza
1988 743 2195 829 psalmi

550 843 747 917 verba,
771 861 887 921 quo
915 839 1125 900 melius
1158 839 1231 899 de
1263 839 1492 920 reliqua
1514 839 2071 919 pseudo-Theodori
2094 839 2192 898 in-

548 929 970 1010 terpretatione
1027 926 1367 989 existimare
1417 926 1621 1008 possit.
1660 926 1795 989 Haec
1829 936 1964 987 sunt
2018 926 2197 1005 igitur

544 1018 956 1099 Chrysostomi
988 1016 1165 1077 verba
1198 1019 1257 1077 in
1301 1016 1443 1079 illud
1484 1038 1496 1079 :
1532 1017 1841 1096 Exsurge,
1912 1016 2189 1093 Domine,

542 1112 775 1188 adjuva
806 1107 1013 1169 710875:
1079 1112 1240 1173 Στῆθι
1286 1105 1805 1182 ἀντιλαμϐανόμενος
1864 1109 2041 1185 ἡμῶν,
2104 1106 2191 1162 καῖ

539 1204 685 1279 ῥῦσαι
720 1203 860 1274 ἡμᾶς
906 1197 989 1253 διὰ
1020 1200 1078 1253 τὲ
1111 1197 1257 1261 ἔλεός
1282 1220 1398 1257 σου.
1447 1197 1599 1275 ’Ὅρα
1650 1200 1750 1253 που
1780 1198 1868 1252 τὸν
1897 1198 2054 1273 Ηγον
2085 1219 2189 1252 καα

540 1290 836 1347 τέκλεισαν,
914 1288 1059 1343 Μετὰ
1126 1288 1283 1364 μυρία
1342 1290 1509 1345 αὐτῶν
1567 1287 1971 1364 κατορθώματα,
2034 1286 2190 1341 πόθεν

539 1380 738 1444 ἀξιοῦσι
764 1380 1048 1449 σώζεσθαι;
1084 1375 1225 1433 Ἀπὸ
1260 1375 1461 1447 ἐλέους,
1490 1374 1593 1431 ἀπὸ
1626 1374 2017 1454 φιλανθρωπίας
2134 1376 2191 1431 Τί

536 1476 699 1542 εστιν,
740 1467 968 1525 ’Ἕνεκεν
1001 1474 1091 1522 του
1122 1464 1382 1540 ὀνόματός
1418 1488 1509 1521 σου
1542 1485 1556 1544 ς
1589 1464 1715 1521 ’Ἵνα
1743 1466 1819 1538 μὴ
1865 1466 1988 1519 2-3.2.
2018 1463 2187 1540 βεϐη-

537 1558 707 1635 λωθῇ.
752 1583 777 1612 ιι
813 1558 915 1619 Sta
948 1572 1055 1615 nos
1086 1554 1437 1627 defendens,
1476 1562 1534 1616 et
1566 1553 1751 1615 libera
1785 1570 1893 1614 nos
1948 1563 2187 1632 propter

541 1646 1014 1709 misericordiam
1054 1656 1239 1706 tuam.
1270 1643 1420 1703 Vide
1446 1653 1741 1723 quomodo
1765 1642 2191 1704 concluserunt

538 1738 890 1797 orationem.
928 1733 1066 1796 Post
1097 1731 1557 1794 innumerabilia
1588 1751 1718 1808 quae
1748 1731 1821 1792 ab
1840 1733 1927 1792 eis
1946 1742 2109 1792 recte
2133 1739 2189 1790 et

2277 564 2511 627 virtutis
2532 566 2770 629 athletae
2800 564 3069 628 laborum
3094 566 3336 647 quidem
3390 568 3615 629 fructus
3646 569 3706 630 in
3735 571 3931 631 futura

2276 653 2391 715 vita
2428 655 2893 735 reportabunt...
2932 664 2991 716 et
3021 656 3198 717 animi
3235 657 3630 719 delectatione
3663 657 3933 719 laborum

2277 746 2609 807 molestiam
2627 744 2857 808 fallunt.
2873 792 2883 804 .
2901 747 3460 809 .Nihilcontrarium
3478 747 3938 827 divinislegibus

2283 835 2622 915 hujusmodi
2656 834 2832 897 homo
2861 837 3055 898 facere
3111 837 3283 917 volet,
3323 848 3383 899 ut
3418 840 3517 917 qui
3547 838 3763 899 divinae
3819 841 3936 916 legi

2282 942 2449 984 suam
2483 924 2669 1003 ipsius
2695 925 3054 989 voluntatem
3080 927 3761 992 accommodet.)Veiba
3792 946 3933 992 vero

2283 1012 2847 1093 pseudo-Theodori
2873 1017 2997 1077 haec
3028 1025 3181 1079 sunt:
3224 1022 3322 1075 Καὶ
3366 1020 3465 1095 γὰρ
3511 1022 3557 1074 οἱ
3589 1025 3687 1085 τῆς
3734 1020 3932 1097 ἀρετῆς

2280 1104 2501 1170 ἀθληταὶ
2544 1105 2664 1168 τοὺς
2697 1104 2793 1180 μὲν
2826 1113 2929 1161 τῶν
2974 1109 3149 1163 πόνων
3193 1113 3425 1183 καρποὺς
3457 1110 3591 1166 κατὰ
3633 1111 3695 1163 τὸ
3726 1108 3929 1171 μέλλον

2275 1195 2656 1266 κομίζονται...
2711 1196 2796 1249 καὶ
2828 1194 3110 1253 κλέπτουσι
3152 1199 3219 1271 τῄ
3282 1199 3606 1275 ψυχαγωγία
3662 1198 3760 1264 τὴν
3821 1205 3930 1253 τῶν

2273 1284 2450 1338 πόνων
2480 1283 2823 1358 βαρὺτητα.,,
2864 1283 3023 1341 Οὗδὲν
3054 1286 3152 1362 γὰρ
3176 1288 3409 1341 ἒναντίον
3432 1300 3545 1351 τοῖς
3558 1288 3714 1349 θείοις
3739 1289 3931 1361 νόμοις

2274 1370 2626 1452 διενεργίξσει²
2660 1378 2736 1445 τῷ
2766 1382 2859 1429 τοῦ
2889 1375 3051 1449 νόμου
3100 1374 3406 1451 βουλήματι
3455 1378 3833 1453 συναρμόττων
3868 1379 3931 1433 τὸ

2273 1461 2511 1535 θέλημα.
2562 1486 2585 1517 α
2654 1462 2961 1543 Siquidem
3019 1464 3254 1525 athletae
3314 1465 3552 1527 virtutis
3610 1466 3669 1525 in
3730 1465 3933 1526 futura

2274 1550 2513 1630 quidem
2567 1551 2682 1613 vita
2735 1551 3003 1613 laborum
3060 1554 3289 1615 fructus
3338 1554 3682 1617 referent...
3743 1564 3931 1634 atque

2271 1640 2456 1701 animi
2488 1641 2793 1703 alacritate
2818 1641 3084 1703 laborum
3118 1644 3450 1706 molestiam
3487 1644 3697 1705 fallunt
3732 1692 3744 1703 .
3810 1645 3925 1706 Ni-

2271 1729 2353 1790 hil
2406 1730 2564 1790 enim
2621 1731 2835 1793 divinis
2868 1731 3093 1809 legibus
3126 1733 3489 1793 contrarium
3524 1734 3927 1813 perpetrabit,

538 1845 607 1888 ex
639 1827 852 1885 virtute
883 1824 1034 1885 facta
1055 1822 1315 1896 fuerant,
1349 1822 1646 1882 undenam
1674 1822 1923 1881 salutem
1947 1820 2187 1896 assequi
2213 1850 2245 1896 κ
2270 1838 2403 1881 cum
2439 1820 2586 1898 legis
2608 1820 2851 1881 decreto
2885 1823 3245 1883 Voluntatem
3270 1823 3701 1884 conforman5.»
3732 1825 3926 1885 Mutat

537 1934 765 1996 azquum
802 1922 1054 1975 censent
1082 1919 1110 1974 ἲ
1142 1918 1182 1972 Α
1208 1911 1645 1989 misericordia,
1670 1929 1704 1970 a
1734 1909 2097 1988 benignitate
2129 1919 2185 1969 et

534 2002 1092 2076 clementia...Quid
1116 2003 1484 2081 est,Propter
1508 2018 1727 2061 nomen
1751 2002 1945 2061 tuum?
1968 2000 2055 2059 Ne
2090 2002 2181 2078 ip-

533 2113 663 2154 sum
700 2093 1105 2173 profanetur.»
1142 2088 1241 2152 Sic
1270 2100 1469 2151 autem
1499 2089 1725 2151 editum
1760 2088 2097 2149 invenimus
2122 2089 2179 2147 in

530 2182 1008 2245 commentario:
1070 2181 1359 2247 Ἀνάστηθι
1416 2176 1938 2253 ἀντιλαμϐανόμενος
1997 2180 2176 2251 ἡμῶν,

530 2277 617 2329 καὶ
639 2275 787 2350 ῥῦσαι
816 2275 957 2347 ἡμᾶς
992 2270 1076 2326 διὰ
1106 2272 1166 2325 τὸ
1199 2269 1347 2331 ἐλεός
1378 2292 1492 2330 σου,
1544 2266 1692 2346 ’Ὅρα
1722 2275 1819 2323 που
1873 2270 1963 2322 τὸν
2016 2266 2176 2344 λόγον

530 2362 894 2420 κατέκλεισεν.
930 2361 1119 2439 Ἀφεὶς
1154 2360 1252 2437 γὰρ
1282 2360 1347 2414 τὰ
1378 2358 1785 2435 κατοροώμιτα,
1851 2356 1955 2412 ἀπὸ
2002 2355 2175 2415 ἐλέους

529 2455 615 2508 καὶ
646 2451 1035 2531 φιλανθρωπίις
1067 2448 1207 2513 ἀξιοῖ
1237 2448 1522 2517 σώζεσθαι,
1580 2447 1638 2503 Τί
1665 2444 1717 2500 δέ
1770 2445 1934 2518 ἐστιν,
2001 2445 2174 2500 ’Ἕνε-

531 2566 617 2599 κεν
651 2549 741 2597 τοῦ
771 2541 1030 2615 ὀνόματός
1068 2562 1159 2595 σου
1200 2557 1215 2612 ;
1246 2537 1374 2595 ’Ἱνα
1397 2543 1474 2612 μή
1506 2538 1653 2605 αὐτὸ,
1682 2536 1831 2614 φησὶ,
1866 2532 2169 2611 βεϐηλωθῇ.

533 2656 560 2686 α
592 2632 883 2707 Exsurge,
917 2635 1233 2709 protegens
1265 2644 1394 2699 nos,
1431 2633 1489 2685 et
1549 2623 1735 2685 libera
1766 2641 1874 2683 nos
1931 2638 2175 2702 propter

528 2717 997 2781 misericordiam
1036 2726 1217 2778 tuam.
1276 2715 1429 2780 Vide
1478 2714 1778 2791 quomodo
1834 2730 2170 2774 sermonem

525 2808 821 2871 clauserit.
858 2804 1107 2870 Omissis
1161 2805 1319 2868 enim
1368 2803 1536 2864 bonis
1573 2801 1878 2882 operibus,
1934 2812 2175 2882 propter

526 2896 996 2959 misericordiam
1042 2904 1101 2956 et
1159 2892 1587 2972 benignitatem
1636 2892 1890 2971 postulat
1938 2890 2169 2959 salvari,

524 2986 676 3059 Quid
706 3003 904 3065 porro,
946 2984 1202 3063 Propter
1218 2999 1441 3044 nomen
1461 2978 1753 3042 tuumZ’Ne
1777 2978 2170 3059 illud,inquit,

525 3076 981 3138 contaminetur.
1023 3098 1043 3129 ι
1086 3075 1397 3152 Potsquam
1432 3068 1771 3147 singillatim
1803 3071 1875 3128 de
1935 3069 2175 3148 psalmis

2272 1908 2508 1969 voculas
2541 1910 2822 1990 quasdam
2852 1911 3458 1990 pseudo-Theodorus
3481 1932 3645 1974 more
3669 1917 3915 1975 suozsed

2268 2001 2831 2079 nemo,opinor,nisi
2853 2001 3053 2062 volens
3076 2001 3333 2082 falletur,
3369 2020 3502 2063 cum
3528 2003 3916 2082 perspicuum

2265 2088 2337 2148 sit
2362 2088 2485 2148 haec
2507 2107 2622 2149 non
2656 2089 2891 2151 aliunde
2916 2109 3089 2170 quam
3115 2110 3147 2151 e
3171 2090 3533 2152 Theodoreti
3554 2099 3921 2155 commenta-

2262 2177 2365 2237 riis
2393 2186 2626 2257 sumpta
2659 2198 2815 2242 esse.
2840 2181 3049 2242 Sciens
3072 2188 3358 2260 praetereo
3388 2181 3583 2262 aliqua
3614 2200 3681 2242 ex
3706 2182 3916 2261 expla—

2262 2267 2498 2328 natione
2522 2269 2769 2330 secundi
2798 2271 3027 2348 psalmi,
3046 2281 3105 2330 et
3129 2271 3414 2351 deinceps
3442 2271 3757 2351 praeteribo
3784 2291 3921 2351 quae

2259 2374 2293 2416 a
2315 2356 2579 2436 quolibet
2636 2358 2693 2419 in
2755 2358 3246 2439 interpretatione
3271 2360 3519 2422 aliorum
3553 2361 3915 2439 psalmorum

2259 2445 2373 2525 legi
2402 2456 2872 2529 possunt;ueque
2891 2448 3048 2510 enim
3079 2450 3222 2512 Inibi
3249 2452 3615 2531 propositum
3635 2462 3726 2510 est
3756 2454 3918 2530 (quis

2259 2536 2418 2595 enim
2444 2538 2684 2615 possit?)
2717 2539 2917 2599 omnia
2947 2538 3257 2599 adnotare.
3312 2538 3555 2601 Interim
3592 2550 3813 2611 tamen,
3849 2551 3911 2600 ut

2257 2625 2401 2687 alios
2432 2625 2779 2688 difﬁcultate
2834 2630 3139 2708 quaerendi
3170 2630 3501 2697 exiinanus.
3554 2630 3846 2691 nonnulla
3873 2649 3906 2689 e

2259 2715 2430 2775 tertio
2466 2717 2688 2795 psalmo
2722 2718 3111 2780 ascribemus.
3168 2718 3530 2781 Theodoreti
3562 2719 3741 2797 igitur
3779 2720 3904 2780 haec

2257 2812 2394 2865 sunt
2424 2806 2482 2865 in
2518 2807 2639 2887 illa,
2682 2805 2832 2869 Voce
2860 2825 2986 2869 mea
3020 2809 3099 2869 ad
3153 2809 3474 2871 Dominum
3510 2810 3767 2871 clamavi
3805 2810 3858 2851 77
3891 2833 3903 2867 :

2258 2898 2325 2952 Τὸ
2358 2894 2436 2973 δὲ,
2472 2898 2758 2966 Είσήκουσέ
2816 2920 2916 2965 μου
2954 2898 3005 2963 ἐξ
3060 2896 3210 2977 δ’ρόυς
3242 2901 3388 2976 ἁγίου
3416 2903 3594 2978 αὺτοῦ,
3635 2900 3773 2957 κατὰ
3805 2902 3907 2968 τὴν

2256 2983 2419 3041 πάλαι
2468 2984 2808 3065 κατέχουσαν
2841 2987 3053 3065 εἴρηται
3087 2988 3258 3053 δόξαν,
3300 2992 3577 3063 Ενομίζετο
3608 2991 3706 3067 γὰρ
3752 2990 3808 3045 ἐν
3838 2990 3909 3065 τῇ

2256 3081 2433 3150 σκηνῇ
2464 3090 2737 3132 κατοικεῖν
2768 3079 2794 3131 ὁ
2846 3084 2950 3131 τῶν
3002 3076 3139 3133 ὃλων
3186 3081 3339 3149 Θεὸς,
3398 3077 3578 3145 ἐπειδὴ
3636 3081 3721 3136 καὶ
3781 3082 3906 3144 τοὺς

520 3185 640 3226 non
661 3170 865 3242 paucis
906 3163 1270 3242 disputatum
1317 3170 1428 3229 est,
1466 3160 1742 3219 universe
1776 3176 1931 3217 nunc
1978 3156 2165 3218 dicam

2257 3167 2538 3242 χρησμοὺς
2571 3165 2771 3221 ἐγεῖθεν
2818 3174 2939 3228 τοὺς
2995 3169 3215 3241 ἱερεῦσιν
3248 3166 3428 3227 ἐδίδου,
3470 3167 3536 3227 Et
3566 3169 3741 3247 paulo
3778 3179 3912 3249 p08!

526 3255 779 3333 psalmos
802 3251 1321 3333 quadragesimum
1344 3247 2166 3329 quartum,quadragesimum

525 3341 1349 3422 quintum,quadragesimum
1380 3347 1608 3398 sextum
1647 3335 2165 3417 quadragesimum

523 3431 869 3510 septimum,
897 3428 1414 3510 quadragesimum
1448 3435 1717 3487 octavum
1756 3425 2164 3505 etquadrage-

522 3522 737 3584 simum
761 3540 981 3584 nonum
1006 3520 1350 3597 fragmentis
1372 3517 1511 3579 hinc
1529 3517 1691 3579 illinc
1707 3516 2164 3595 eClirysostomo

523 3613 825 3691 excerptis
846 3610 1139 3672 referciri.
1164 3607 1253 3671 Ad
1284 3607 1401 3668 alia
1430 3605 1899 3686 properabimus,
1933 3605 1983 3665 si
2005 3607 2166 3684 prius

524 3701 934 3761 monuerimus
987 3699 1047 3759 in
1103 3695 1556 3767 commentario,
1593 3704 1748 3756 tomo
1827 3695 2038 3774 primo,
2102 3714 2160 3774 ν.

520 3790 660 3864 836,
687 3790 804 3852 dici
839 3789 910 3853 ab
942 3787 1170 3850 Helena
1202 3784 1581 3864 Eudociaque
1613 3793 1670 3844 et
1691 3783 1765 3845 ab
1795 3782 1927 3843 aliis
1955 3800 2161 3859 regum

522 3879 759 3940 ﬁliabus
774 3880 1043 3959 plurimis
1061 3883 1395 3937 constructa
1410 3874 1593 3934 fuisse
1614 3872 1998 3953 Jerosolymis
2021 3881 2166 3933 tem-

522 3969 613 4049 pla
630 3969 1088 4048 magniﬁcazquo
1116 3966 1300 4045 magis
1326 3964 1507 4024 miror
1541 3965 1651 4024 boc
1685 3982 1832 4043 opus
1852 3962 2163 4023 Theodoro

518 4057 883 4120 lleracleotaz
914 4055 1131 4117 ascribi
1171 4054 1456 4134 potuisse.
1494 4055 1641 4115 Nam
1704 4053 1957 4114 libenter
1994 4070 2161 4133 qua:-

514 4166 738 4222 rerem,
773 4166 903 4228 quae
929 4145 1103 4207 fuerit
1152 4142 1415 4206 Eudocia
1442 4142 1562 4204 illa.
1600 4162 1733 4220 quae
1794 4144 1989 4203 multae
2048 4142 2161 4202 illae

511 4256 718 4316 regum
791 4237 948 4309 filias,
985 4254 1114 4316 quae
1176 4234 1394 4313 templa
1453 4240 1799 4311 sumptuosa
1856 4231 2159 4294 Theodori

514 4337 683 4389 astate
712 4324 1107 4406 Jerosolymis
1149 4323 1514 4385 aediﬁcarim.
1571 4323 1739 4393 Nam,
1806 4329 1871 4382 ut
1923 4322 2156 4382 interim

512 4417 718 4478 sileam
754 4418 828 4477 de
859 4415 1057 4476 multis
1090 4414 1206 4475 illis
1261 4430 1462 4491 regum
1524 4410 1776 4487 filiabus,
1846 4431 1961 4472 non
2018 4413 2157 4473 satis

509 4505 777 4583 intelligo
809 4523 927 4583 qua
951 4504 1024 4564 de
1058 4502 1318 4564 Eudocia
1343 4502 1437 4562 hic
1468 4519 1665 4561 sermo
1698 4500 2008 4563 habeatur.

591 4598 690 4660 48.
728 4598 811 4659 Ex
837 4594 907 4655 iis
931 4612 1062 4672 qua;
1090 4593 1404 4654 retulimus
1427 4591 1597 4652 facile
1622 4592 1971 4669 intelligitur
1991 4612 2150 4654 com-

510 4685 867 4748 mentarium
901 4684 1001 4765 qui
1039 4682 1278 4743 nomine
1310 4680 1607 4742 Theodori
1634 4679 2001 4743 Heracleotaa
2024 4683 2147 4743 cir-

509 4776 858 4855 cumfertur,
885 4775 1018 4854 ejus
1046 4792 1161 4832 non
1195 4790 1352 4850 esse,
1385 4789 1495 4831 nec
1530 4770 1583 4831 ei
1608 4769 1785 4831 tribui
1819 4771 1936 4832 ullo
1971 4772 2145 4832 modo

506 4884 702 4945 posse.
729 4866 1002 4926 Attamen
1028 4881 1101 4923 ne
1122 4860 1536 4923 Theodoretus
1558 4860 1891 4939 asymbolus
1914 4880 2045 4922 esse
2070 4861 2146 4921 vl-

506 4954 737 5027 deatur,
772 4952 1058 5014 nonnulla
1088 4970 1157 5013 ex
1185 4970 1256 5012 eo
1288 4950 1507 5011 addere
1540 4949 1700 5012 libet.
1736 4948 2145 5011 Theodoretus

504 5044 681 5121 igitur
715 5042 810 5104 illa
844 5042 1017 5120 primi
1054 5040 1264 5120 psalmi
1290 5037 1607 5120 verba,aEt
1638 5039 1843 5101 folium
1876 5039 2003 5118 ejus
2028 5058 2141 5101 non

499 5134 721 5195 detinet
752 5129 828 5208 7°,
865 5156 891 5185 ι
930 5139 1071 5201 etc.,
1099 5129 1662 5209 interpretaturboc
1693 5128 1887 5188 modo:
1928 5131 2021 5188 Καὶ
2045 5132 2143 5208 γὰρ

495 5227 543 5279 οἱ
572 5225 668 5287 τῆς
706 5223 898 5300 ἀρετῆς
932 5218 1153 5285 ἀθληταὶ
1185 5228 1288 5274 τῶν
1349 5221 1444 5295 μὲν
1499 5223 1674 5274 πόνων
1716 5219 1853 5275 κατὰ
1882 5221 1971 5274 τὸν
2004 5218 2140 5293 μὲλ-

494 5312 653 5369 λοντα
687 5313 797 5387 βίον
826 5309 1137 5383 κομίσονται
1167 5310 1285 5373 τοὺς
1318 5310 1627 5387 καρποὺς...
1684 5310 1771 5364 καὶ
1817 5307 2011 5364 συλῶσι
2074 5315 2139 5385 τῇ

492 5402 816 5484 ψυχαγωγία
846 5403 943 5466 τὴν
987 5408 1092 5457 τῶν
1127 5403 1302 5456 πόνων
1326 5402 1673 5479 βαρύτητᾶ...
1713 5398 1870 5458 Οὐδὲν
1899 5401 2135 5457 ἒναντίυν

2253 3252 2577 3333 explanans
2610 3253 2777 3333 illud,
2812 3255 2944 3336 Ego
2978 3257 3245 3318 dormivi
3275 3256 3351 3337 ⁷8,
3384 3266 3525 3338 etc.,
3563 3257 3648 3318 sic
3704 3257 3909 3335 loqui-

2252 3349 2386 3403 tur:
2424 3342 2640 3411 Ἐπειδῗπ⁸
2672 3347 2742 3407 ὡς
2790 3346 2842 3399 ἐν
2875 3351 3050 3403 σκότει
3080 3346 3279 3424 διάγειν
3321 3349 3622 3422 νομίζουσιν
3677 3348 3723 3403 οἱ
3782 3365 3904 3414 τοῖς

2251 3430 2382 3510 ἄγαν
2416 3434 2654 3512 ἀνιαροῖς
2727 3436 3210 3511 περιπίπτοντες...
3247 3438 3495 3512 σημαίνει
3538 3440 3705 3496 τοίνυν
3766 3442 3902 3494 κατὰ

2250 3524 2438 3578 ταυτὸν
2479 3525 2573 3585 τὰς
2604 3522 2805 3599 θλίψεις
2848 3526 2933 3580 καὶ
2970 3526 3065 3593 τὴν
3098 3526 3297 3582 τούτων
3327 3525 3670 3603 ἀπαλλαγήν.
3710 3551 3733 3580 ι
3772 3526 3901 3588 Hoc

2250 3617 2478 3690 autem,
2535 3612 2879 3674 Exuudz'vit
2937 3631 3030 3675 me
3092 3614 3161 3674 de
3203 3622 3399 3677 monte
3427 3622 3633 3677 sancto
3676 3633 3789 3678 suo
3818 3616 3899 3692 79,

2248 3698 2467 3760 dictum
2501 3708 2589 3761 est
2616 3709 2857 3781 propter
2876 3701 3248 3782 opinionem,
3283 3722 3415 3784 quae
3434 3704 3573 3764 olim
3608 3704 3897 3768 obtinuit.

2247 3786 2703 3851 Existimabatur
2733 3790 2891 3851 enim
2918 3791 3328 3853 universorum
3354 3792 3507 3855 Deus
3531 3795 3586 3855 iu
3619 3793 3903 3857 taberna-

2243 3878 2377 3938 culo
2406 3878 2690 3958 habitare,
2724 3880 3005 3959 quoniam
3034 3889 3091 3942 et
3124 3882 3540 3944 oraculaillinc
3558 3885 3902 3946 sacerdoti-

2246 3965 2356 4028 bus
2390 3967 2757 4047 pandebat...
2794 3970 2941 4043 Quia
2970 3971 3128 4033 velut
3168 3971 3229 4032 in
3264 3972 3530 4034 tenebris
3569 3972 3773 4035 vivere
3828 3994 3902 4037 se

2244 4057 2583 4119 existimant
2616 4057 2724 4131 illi,
2756 4059 2854 4139 qui
2888 4058 2947 4120 in
2970 4078 3065 4121 res
3096 4060 3415 4122 admodum
3450 4062 3649 4123 tristes
3678 4062 3901 4125 incur-

2242 4145 2592 4211 runt...Una
2614 4147 2794 4225 igitur
2826 4148 3193 4211 demonstrat
3213 4151 3561 4213 aﬂlictiones
3592 4160 3651 4213 et
3671 4152 3747 4213 ab
3772 4153 3905 4217 illis

2244 4235 2926 4300 liberationem.»Verba
2942 4240 3507 4318 pseudo-Theodori
3527 4243 3646 4319 jam
3670 4244 3908 4305 exscri-

2243 4324 2474 4405 bamus,
2498 4344 2629 4406 quae
2653 4333 2790 4386 sunt
2822 4326 3117 4406 ejusmodi
3153 4346 3166 4391 ;
3203 4333 3272 4387 Τὸ
3297 4333 3408 4409 καὶ,
3442 4330 3746 4401 Ἐπήκουσέ
3794 4357 3906 4409 μου

2242 4414 2292 4480 ἐξ
2348 4413 2522 4493 ὅρους,
2556 4418 2690 4472 κατὰ
2728 4418 2826 4484 τὴν
2858 4416 3023 4474 πάλαι
3062 4418 3394 4498 κατέχουσαν
3443 4422 3650 4499 ε’ῖρηται
3706 4420 3896 4488 δόξαν,

2177 4531 2218 4581 D
2243 4503 2546 4578 Ἐνομίζετο
2578 4506 2676 4584 γὰρ
2707 4506 2762 4561 ἐν
2794 4513 2860 4583 τῇ
2907 4514 3081 4583 σκηνῇ
3111 4523 3407 4586 κατοικεῖν,
3462 4509 3899 4577 ἐπειδὴλέκεϊθεν

2234 4596 2321 4650 καὶ
2349 4598 2393 4650 οἱ
2446 4596 2684 4673 χρησμοὶ
2714 4610 2833 4660 τοῖς
2862 4598 3086 4674 ἱερεῦσιν
3150 4596 3455 4663 ἐδίδοντο...
3504 4599 3596 4663 Ὠς
3658 4603 3761 4681 γὰρ
3839 4606 3898 4660 ἐν

2231 4683 2406 4757 σκότῳ
2435 4685 2521 4738 καὶ
2566 4684 2713 4757 ὕπνῳ
2773 4682 2971 4762 διάγειν
3028 4688 3325 4761 νομίζουσιν
3369 4692 3415 4746 οἱ
3447 4690 3691 4768 ἀγιαροϊς
3724 4715 3893 4771 περι-

2231 4775 2530 4847 πίπτοντες,
2579 4774 2714 4830 κατὰ
2742 4776 2931 4830 ταυτὸν
2971 4778 3058 4830 οὖν
3090 4780 3335 4851 σημαίνει
3366 4780 3452 4836 καὶ
3513 4781 3605 4843 τὰς
3638 4781 3882 4857 θλίψεις,

2230 4865 2315 4918 καὶ
2346 4864 2444 4930 τὴν
2472 4863 2670 4919 τούτων
2700 4862 3042 4942 ἀπαλλαγήν.
3088 4888 3108 4919 ο
3176 4863 3322 4927 Illud
3382 4874 3604 4942 autem,
3655 4870 3891 4934 Exau-

2229 4950 2384 5013 (liv’it
2447 4969 2542 5013 me
2590 4951 2677 5044 de
2729 4959 2945 5044 monte,
3000 4952 3225 5044 dictum
3289 4957 3559 5035 estjuxta
3591 4969 3885 5044 veterem,

2228 5059 2359 5120 quas
2384 5050 2519 5102 tunc
2551 5038 2875 5115 obtinebat,
2916 5042 3285 5122 Opinionem.
3339 5045 3661 5109 Putabatur
3720 5038 3888 5111 enim

2228 5130 2287 5190 in
2319 5129 2697 5191 tabernaculo
2730 5130 3025 5203 habitare,
3052 5134 3334 5214 quoniam
3361 5134 3441 5198 ibi
3464 5139 3895 5202 sacerdotibus

2226 5238 2464 5299 quoque
2493 5219 2736 5280 oracula
2791 5218 3156 5286 dabantur...
3216 5224 3383 5287 Sicut
3417 5227 3576 5287 enim
3612 5235 3669 5289 in
3707 5238 3893 5292 tene-

2224 5308 2347 5369 bris
2377 5317 2434 5369 et
2458 5328 2669 5370 somno
2687 5308 2906 5370 versari
2936 5328 3001 5371 se
3028 5312 3373 5377 existimant
3396 5318 3494 5396 qui
3522 5318 3583 5379 in
3615 5337 3714 5379 res
3742 5322 3892 5381 tris-

2223 5406 2310 5461 tes
2341 5398 2636 5471 incidunt,
2673 5397 2761 5460 sic
2793 5398 2968 5459 etiam
3002 5419 3036 5461 a
3088 5402 3269 5465 simili
3304 5406 3570 5486 eXplicat
3597 5408 3886 5471 afﬂictio-

489 5508 607 5556 τοῖς
650 5493 808 5555 θείοις
832 5495 1016 5567 νόμοις
1048 5488 1138 5569 ὅγε
1173 5498 1405 5555 τοιοῦτος
1438 5489 1620 5569 δρᾶσαι
1679 5489 2022 5567 βουλήσεται.
2056 5498 2133 5565 τῷ

2262 5507 2350 5568 es,
2376 5499 2439 5549 et
2469 5487 2679 5550 harum
2714 5488 3155 5556 liberationem.
3197 5517 3219 5552 ι
3253 5491 3367 5557 Sed
3392 5502 3451 5557 et
3481 5496 3644 5561 aliud
3678 5517 3888 5562 exem-

564 5666 626 5717 75
654 5662 808 5727 Psal.
846 5678 1010 5739 XLIII,
1044 5658 1147 5722 26.
1234 5658 1299 5709 70
1325 5659 1490 5725 Psal.
1524 5676 1569 5743 1,
1601 5660 1659 5725 3.

1745 5660 1805 5711 77
1834 5660 1993 5723 Psal.
2024 5655 2116 5735 ηιξ
2146 5662 2204 5723 5.

2290 5659 2353 5709 78
2384 5657 2526 5722 ibid.
2562 5659 2623 5723 6.
2710 5656 2946 5723 79ibid.
2978 5660 3038 5727 5.
