4100 6202
1888 309 2482 375 PROLEGOMENA.

485 451 596 507 est.
628 442 756 505 Hoc
789 452 985 507 autem
1011 444 1213 507 dicere
1241 444 1472 507 videtur
1502 447 1803 526 interpres
1834 445 2073 509 Graecus
2109 465 2121 507 :

2210 446 2572 522 αἰσθανόμενοι
2616 455 2713 517 τῆς
2772 448 2898 530 παρ’
2945 454 3135 509 ἑαυτοῦ
3196 450 3392 527 δωρεᾶς
3427 466 3438 479 ·
3491 453 3538 506 οἱ
3594 449 3671 509 δέ.
3738 459 3864 513 etc.

486 555 515 594 ‹
550 532 721 595 Nunc
747 543 944 595 autem
976 534 1180 609 timeo,
1213 554 1309 610 ne,
1340 544 1405 597 ut
1433 535 1574 598 olim
1602 537 1660 597 in
1688 535 1927 598 Iudaica
1960 535 2126 596 sedi-
2213 533 2375 595 Idem
2407 535 2634 614 vitium,
2669 538 2826 618 quod
2858 539 3021 602 alias.
3072 538 3389 618 Participia
3437 538 3558 609 illa,
3608 540 3756 605 ὅντες
3808 548 3873 600 et

487 624 647 685 tione
679 631 847 685 erant
875 624 1228 705 quiseipsos
1249 623 1685 687 arbitrarentur
1706 624 2130 706 indignos,qui
2216 626 2606 699 αἰσθανόμενοι,
2643 627 2888 689 verbum
2946 628 3187 710 aliquod
3230 628 3573 707 adjunctum
3606 627 3881 690 habeant

483 714 711 776 caeteris
743 714 1420 795 prmﬁcerenturmtpote
1452 734 1572 777 sua:
1593 716 1856 796 ipsorum
1880 733 2134 795 pauper-
2218 731 2471 775 necesse
2496 723 2608 791 est,
2642 725 2704 777 ut
2734 719 3032 779 sententia
3083 718 3300 780 idonea
3341 718 3654 794 efﬁciatur,
3691 737 3877 779 com-

487 803 619 864 tatis
651 802 902 884 conscii,
954 805 1033 865 ita
1075 804 1187 864 hoc
1221 810 1493 885 tempore
1539 805 1658 866 sint
1698 806 1994 878 nonnulli,
2030 804 2130 885 qui
2217 801 2871 884 pleaturque.Fortasse
2891 807 3476 887 meutemscriptoris
3498 808 3876 888 assequeris,

481 317 708 371 CCXVIII

487 894 625 955 licet
655 892 953 956 Christum
983 901 1043 954 et
1069 893 1471 956 miserationis
1498 895 1726 957 viscera
1773 895 1963 957 induti
2013 914 2128 954 non

484 982 958 1059 sint,secuudum
994 983 1363 1063 Apostolum,
1386 984 1433 1044 si
1465 984 1598 1065 quis
1622 993 1820 1045 tamen
1853 1001 1958 1045 eos
1985 1004 2127 1063 pro-

484 1081 736 1154 moveat,
768 1091 887 1134 non
918 1072 1367 1135 contradicant:
1404 1074 1527 1134 etsi
1552 1080 1893 1153 promoveat
1925 1092 2123 1153 nemo,

485 1171 679 1224 tamen
714 1161 950 1239 plurimi
984 1180 1047 1222 se
1070 1161 1401 1223 intrudunt.
1432 1184 1459 1222 ››
1491 1160 1824 1223 Notandum
1859 1171 1919 1225 et
1948 1163 2121 1242 illud,

481 1250 660 1313 verba
688 1250 889 1313 Graeca
940 1250 1295 1331 perturbari,
1355 1270 1466 1313 nec
1508 1269 1615 1313 suo
1668 1252 1797 1312 loco
1849 1252 2008 1331 poni.
2044 1251 2127 1313 Ita

484 1344 643 1404 enim
671 1340 846 1402 scribi
872 1349 1231 1421 oportuerat:
1258 1342 1379 1399 Ἐπὶ
1399 1342 1448 1399 δὲ
1477 1344 1582 1399 τῶν
1605 1343 2008 1420 παρόντων,κᾶν
2031 1346 2128 1400 ὠσί

480 1454 620 1495 τινες
651 1434 728 1507 μὴ
756 1430 1084 1505 ἐνδεδυμένοι
1122 1429 1658 1511 Χριστόι,θι6.εδθά
1684 1431 1795 1492 hoc
1829 1437 2124 1514 tempore,

2213 894 2259 953 si
2296 893 2375 952 ita
2405 893 2839 973 interpretere:
2884 922 2909 952 α
2956 896 3069 971 Qui
3102 897 3343 974 quidem
3404 897 3513 957 Dei
3569 916 3681 976 ope
3713 897 3882 959 tales

2211 983 2753 1063 exsistunt,douum
2774 985 2922 1048 illud
2947 987 3021 1048 ab
3044 1005 3115 1049 eo
3141 986 3436 1066 proficisci
3458 995 3821 1065 agnoscunt.
3838 1012 3867 1042 ι

2211 1070 2393 1142 Quam
2456 1073 2659 1147 inepta
2711 1075 2785 1136 sit
2842 1076 2966 1137 haec
3010 1076 3294 1157 loquendi
3351 1077 3523 1150 ratio,
3558 1094 3876 1157 quamque

2208 1160 2403 1222 aliena
2423 1180 2455 1222 a
2479 1162 2684 1225 Basilii
2724 1165 3003 1243 stylo,hic
3020 1166 3223 1227 dicere
3243 1166 3390 1226 nihil
3408 1166 3640 1229 attinet.
3676 1167 3875 1228 Eum-

2208 1249 2344 1310 dem
2367 1249 2443 1311 ad
2466 1251 2704 1312 modum
2724 1253 2932 1316 mutila
2944 1254 3123 1317 dictio
3140 1253 3440 1328 est,ubiex
3453 1254 3874 1333 plicanturilla

2213 1339 2545 1416 (num.183i
2577 1359 2589 1400 :
2616 1341 2699 1403 Et
2720 1344 2786 1404 in
2806 1360 2993 1405 manu
3013 1363 3123 1405 sua
3152 1342 3407 1405 habebat
3432 1344 3750 1406 carbonem
3772 1345 3877 1406 88.

2213 1428 2313 1489 Sic
2341 1430 2501 1490 enim
2533 1430 2800 1510 loquitur
2834 1449 2847 1494 :
2888 1436 2942 1491 Et
2995 1435 3116 1513 γὰρ,
3169 1433 3298 1512 ὅπερ
3358 1433 3751 1514 ἐφαντάσθησάν
3787 1458 3881 1489 τι·

482 1520 711 1582 etiamsi
736 1520 1116 1582 inveniantur
1136 1521 1235 1601 qui
1266 1520 1565 1583 Christum
1600 1521 1793 1581 induti
1812 1540 1929 1582 non
1946 1523 2120 1601 sint,-

2215 1540 2322 1591 νες,
2357 1522 2421 1575 τὰ
2451 1519 2537 1576 δύο
2571 1521 2663 1577 τοῦ
2721 1526 2938 1601 οὐρανοῦ
2992 1525 3336 1603 ἡμισφαίρια,
3390 1523 3487 1579 ἀνὰ
3518 1524 3671 1601 μέρος
3731 1526 3882 1603 ὑπὲρ

484 1618 601 1673 etc.
638 1609 938 1690 Interpres
980 1610 1303 1690 explanans
1353 1610 1451 1671 illa
1510 1609 1674 1671 Isaiae
1703 1610 1787 1681 84,
1818 1611 1894 1673 Ει
1923 1610 2124 1672 humi-

2212 1613 2312 1687 γῆς
2346 1610 2655 1688 φαινόμενα,
2694 1610 2746 1677 ἓξ
2782 1611 2993 1689 μέρεσιν
3047 1613 3331 1691 ἑκατέρων,
3384 1615 3541 1669 οἱονεί
3588 1637 3692 1669 τισι
3724 1637 3876 1669 τετε.-

485 1700 826 1779 lz‘abuntur,
883 1706 937 1762 et
996 1698 1280 1776 lugebant
1314 1699 1495 1762 thecae
1525 1709 1780 1762 ornatus
1802 1703 2007 1779 vestri,
2042 1702 2124 1763 sic

2213 1711 2353 1777 ροϊς,
2388 1700 2517 1775 πρὸς
2548 1700 2645 1767 τὴν
2677 1700 2853 1766 ὀξεῖαν
2892 1704 3099 1768 κίνησιν
3163 1704 3542 1781 κεχρημένων,
3598 1710 3708 1764 πῶς
3744 1704 3875 1759 ἀπ-

482 1789 746 1870 loquitur
793 1797 982 1861 (num.
1020 1788 1150 1850 132‘
1205 1810 1217 1846 :
1278 1791 1497 1858 Χρυσίου
1544 1792 1632 1846 καὶ
1682 1791 1924 1869 ἀργυρίου
1969 1791 2124 1859 θῆκαι

2212 1784 2488 1844 εστέλλετο
2546 1792 2607 1845 τὸ
2642 1790 2820 1867 ἓτερον
2850 1792 3050 1847 τούτων
3083 1811 3101 1861 ;
3158 1793 3297 1852 Post
3332 1809 3534 1853 vocem
3566 1793 3871 1865 φαινόμενα

484 1882 571 1937 καὶ
627 1880 845 1946 ἐσθῆτος
886 1878 1231 1957 πολυτελοῦς,
1279 1880 1367 1935 καὶ
1410 1878 1565 1936 λίθων
1640 1881 1961 1958 βαρυτίμων,
2022 1881 2123 1944 ἕως

2210 1875 2455 1937 verbum
2469 1877 2708 1959 aliquod
2726 1882 3168 1960 exepectas,sed
3185 1880 3330 1941 illud
3352 1880 3866 1942 tibidivinandum

487 1970 583 2045 μὲν
635 1968 695 2025 ἂν
740 1968 848 2047 ἔχῃ
907 1969 972 2024 τὰ
1016 1967 1299 2043 κειμήλια,
1356 1966 1562 2034 πολλῆς
1617 1968 1846 2032 ἀξιοῦται
1892 1970 2122 2039 σπουδῆς
2207 1964 3013 2048 reliquitinterpreslbidem
3041 1969 3317 2046 legimus:
3343 1970 3492 2026 Ἀλλ’
3517 1971 3644 2050 ὅπερ
3668 1974 3865 2050 εἷπον,

487 2060 573 2115 καὶ
622 2056 974 2132 ἐπιμελείαςο
1023 2057 1078 2112 ὲν
1137 2057 1309 2118 οἴκοις
1365 2058 1587 2135 ὀχυροῖς
1654 2057 1980 2133 ἀποκείμενα
2041 2060 2123 2116 ἐπὶ
2207 2053 2449 2129 δυνάμεις
2513 2060 2894 2139 ὑπερκὸσμιαι,
2958 2066 3057 2127 τῆς
3142 2060 3415 2138 ἐγγυτάτω
3475 2062 3709 2125 στάσεως
3770 2060 3866 2117 διὰ

483 2146 707 2223 ὑψηλῶν
737 2147 939 2220 τόπων,
973 2147 1062 2203 καὶ
1096 2144 1317 2226 μοχλοὶ,
1352 2148 1441 2202 καὶ
1471 2145 1647 2220 κλεῖς,
1680 2149 1766 2203 καὶ
1813 2148 2121 2228 σφραγῖδες,
2208 2146 2305 2212 τὴν
2337 2146 2391 2201 ἐν
2444 2150 2695 2227 ἁγιασμῴ
2725 2150 3002 2227 ἀκρότητα
3047 2149 3440 2222 κατηξιωμὲναι
3477 2167 3489 2179 ·
3541 2151 3616 2205 ὧν
3646 2152 3702 2222 ἡ,
3738 2160 3871 2211 etc.

483 2238 567 2293 καὶ
615 2235 864 2316 φύλακες,
902 2237 986 2292 καὶ
1029 2257 1201 2291 παντα
1232 2235 1298 2290 τὰ
1350 2237 1481 2314 πρὸς
1513 2235 1804 2314 ἀσφάλειαν
1838 2241 1925 2294 καὶ
1956 2238 2124 2317 φυλας

2213 2233 2325 2295 Tot
2358 2236 2885 2317 participia,verbo
2912 2238 3367 2307 destituta,nibil
3402 2238 3727 2318 quidquam
3758 2243 3876 2301 Ba-

482 2327 584 2393 κήν
612 2329 981 2399 ἒπινοοὺμενα,
1020 2323 1264 2381 Ἐπειδὰν
1294 2324 1347 2379 δὲ
1407 2325 1555 2398 κενά,
1607 2334 1720 2386 etc.
1769 2326 1899 2398 Quo
1922 2346 2124 2389 exem-

2213 2323 2491 2385 silianum
2517 2327 2986 2408 praeferunt,nec
3002 2345 3205 2407 parum
3230 2326 3872 2389 habentobscuritatis.

485 2415 583 2496 plo
613 2413 926 2495 perspicue
948 2412 1237 2494 probatur
1258 2413 1643 2493 interpretem
1678 2414 2019 2483 ἒλλειπτικῶς
2051 2419 2125 2478 si-
2210 2414 2302 2476 Ad
2338 2413 2495 2477 idem
2519 2434 2708 2494 genus
2731 2417 2995 2496 pertinet
3018 2416 3186 2491 illud,
3216 2436 3330 2497 quo
3364 2417 3543 2477 utitur
3568 2416 3876 2497 interpres

485 2503 605 2565 mul
637 2511 696 2565 et
725 2502 978 2565 obscure
1000 2502 1264 2564 locutum
1296 2502 1501 2564 fuisse.
1534 2502 1678 2564 Nam
1715 2512 1844 2584 post
1885 2505 2006 2579 illa,
2042 2510 2125 2564 κχὶ
2211 2503 2285 2565 ad
2306 2504 2669 2585 explananda
2696 2506 2798 2567 illa
2822 2507 3190 2587 (nummi):
3222 2506 3299 2569 Et
3322 2507 3873 2587 quodcunquecou-

487 2592 710 2674 μοχλοὶ,
744 2596 831 2650 καὶ
862 2593 1040 2668 κλεῖς,
1094 2599 1240 2666 etc.,
1297 2591 1523 2671 aliquid
1561 2594 1960 2674 supplendum
1996 2614 2124 2657 esse

2210 2592 2417 2657 silium
2440 2597 2708 2658 interius
2729 2596 2935 2678 89,θῑο.
2981 2618 2995 2658 :
3026 2598 3244 2677 ’Ὥσπερ
3275 2600 3373 2675 γὰρ
3405 2600 3449 2653 οἱ
3480 2606 3546 2672 τῇ
3580 2600 3865 2675 προσθήκη

486 2701 662 2744 nemo
681 2700 796 2743 non
818 2681 1013 2763 videt;
1041 2699 1153 2742 nec
1179 2699 1427 2743 necesse
1450 2681 1640 2744 habeo
1674 2688 1748 2745 de
1770 2683 2124 2748 obscuritate

2210 2691 2303 2748 τῆς
2335 2684 2467 2752 ὅλης
2492 2691 2590 2753 τῆς
2637 2690 2956 2767 καιομένης,
3015 2688 3098 2744 ἐπὶ
3159 2690 3218 2744 τὸ
3251 2696 3434 2760 μεῖζον
3467 2687 3712 2765 αἴροντες
3756 2692 3863 2755 τὴν

486 2771 711 2845 dicere,
746 2790 880 2832 cum
912 2789 984 2833 ea
1014 2788 1121 2852 per
1149 2789 1213 2832 se
1268 2770 1409 2832 satis
1461 2780 1673 2851 pateat.
1723 2773 1891 2835 Alius
1935 2775 2124 2854 quivis

2210 2774 2405 2855 φλόγα,
2430 2776 2590 2851 οὕτω,
2627 2777 2972 2840 etc.Deesse
2993 2776 3217 2853 aliquid
3251 2784 3383 2855 post
3412 2795 3618 2838 vocem
3650 2777 3856 2856 φλόγα,

487 2860 738 2940 scriptor
768 2857 1132 2938 diligensita
1162 2859 1536 2937 scripsisset:
1594 2862 1815 2939 Χρυσίου
1839 2865 1925 2919 καὶ
1956 2865 2120 2942 ἀργυκ
2207 2863 2406 2924 vident
2462 2883 2691 2927 omnes.
2753 2865 3039 2929 Similiter
3089 2885 3225 2928 cum
3285 2866 3713 2945 interpretatur
3751 2866 3860 2927 illa

484 2952 594 3027 ρίου
622 2949 777 3017 θῆκαι
838 2950 923 3004 καὶ
982 2949 1199 3015 ἐσθῆτος
1250 2948 1592 3021 πολυτελοῦς,
1654 2952 1741 3006 καὶ
1772 2950 1925 3007 λίθων
1956 2954 2121 3031 βαρυ-

2210 2953 2546 3034 (numEQG)
2577 2975 2590 3016 :
2625 2956 2789 3033 Quia
2816 2959 3118 3038 parvulus
3147 2964 3325 3019 natus
3355 2965 3443 3018 est
3466 2958 3635 3019 nobis
3653 2958 3740 3031 90,
3765 2956 3866 3017 sui

481 3041 673 3114 τίμων,
734 3036 835 3100 ἕως
898 3037 994 3111 μὲν
1053 3036 1112 3093 ἂν
1172 3036 1343 3116 ἔχωσι
1419 3040 1484 3094 τὰ
1554 3038 1832 3116 κειμήλια,
1895 3042 2121 3108 πολλοῖς

2210 3060 2324 3106 non
2356 3044 2665 3107 dissimilis
2714 3036 3154 3128 est—interpres,
3180 3047 3266 3107 sic
3301 3046 3548 3126 loquens
3584 3064 3596 3105 :
3633 3058 3801 3106 octo:
3840 3051 3868 3103 ὁ

480 3127 845 3193 ἀξιοῦνται....
883 3127 1331 3200 ἂποκείμεναι....
1365 3125 1712 3203 ὲπινοούμενα
1735 3131 2115 3205 προστίθενταιτ
2146 3138 2304 3215 ητήν
2360 3136 2599 3213 μεγάλην
2667 3137 2867 3213 βουλὴν
2911 3125 3008 3205 τὴν
3069 3125 3546 3215 ἀποκεκρυμμένην
3606 3137 3712 3192 ἀπὸ
3758 3143 3869 3191 τῶν

478 3214 642 3294 quod
675 3214 756 3306 ita
806 3214 1187 3306 interpretari
1248 3212 1516 3275 licuisset
1550 3202 1627 3276 :a
1662 3202 1875 3306 Theca:
1906 3220 2035 3279 auri
2067 3230 2123 3282 et

2211 3224 2412 3280 αἰώνων
2443 3202 2717 3305 ’γνωρίσας
2769 3241 2892 3292 ταῖς
2952 3227 3154 3306 ἑτέραις
3209 3202 3421 3304 γενεαξς
3478 3228 3553 3299 μὴ
3612 3248 3869 3306 φανερω-

479 3305 705 3383 argenti
727 3304 1027 3383 vestisque
1057 3310 1420 3381 sumptuosa:
1451 3312 1507 3363 et
1553 3304 1945 3383 pretiosorum
1975 3307 2121 3388 lapi-

480 3392 923 3472 dum,quandiu
955 3390 1354 3470 suppellectili
1388 3392 1646 3472 pretiosa
1673 3394 2124 3477 replentur,stu-

480 3482 578 3545 dio
611 3482 795 3543 multo
826 3492 1002 3561 atque
1054 3480 1364 3555 diligentia
1412 3492 1810 3556 asservautur,
1844 3504 1913 3547 ac
1944 3505 2122 3566 sepo-

480 3577 705 3634 nuntur
734 3571 795 3632 in
819 3572 960 3632 tutis
983 3569 1200 3631 aedium
1228 3569 1493 3650 partibus
1512 3584 1570 3632 et
1590 3572 1649 3632 in
1684 3574 1932 3635 excelsis
1953 3576 2122 3654 locis;

479 3659 957 3741 adhibenturque
1003 3666 1221 3732 vectes,
1256 3660 1472 3727 claves,
1528 3687 1551 3715 ι
1591 3671 1704 3725 etc.
1762 3663 1901 3741 Legi
1935 3676 2127 3744 potest

480 3768 552 3813 ea
581 3768 755 3830 quam
788 3748 862 3810 ad
888 3749 1042 3810 hunc
1076 3748 1270 3809 locum
1301 3749 1507 3812 addidi
1539 3750 1823 3814 nota.Nec
1855 3753 2123 3818 dissimi-

481 3839 538 3902 le
572 3839 743 3919 illud,
776 3857 891 3918 quo
924 3838 1313 3918 explanantur
1348 3838 1524 3902 verba
1559 3842 1681 3903 haec
1714 3853 1900 3912 (num.
1942 3844 2077 3922 135)
2111 3866 2122 3907 :

479 3931 553 3993 1η
605 3929 705 3992 die
754 3935 956 3990 autem
1017 3926 1128 3989 illa
1174 3929 1546 4008 splendescet
1608 3932 1692 4006 85,
1753 3945 1869 3995 etc.
1922 3954 1935 3992 :
1994 3937 2130 3992 Καθὸ

483 4023 570 4078 καὶ
628 4022 656 4077 ὁ
700 4020 978 4098 προφήτης
1034 4021 1164 4096 πρὸς
1210 4020 1330 4081 τοὺς
1375 4022 1427 4075 ἓν
1492 4021 1668 4098 ’ἔργοις
1719 4022 1817 4096 μὲν
1870 4038 2129 4099 πονηροῖς

480 4110 659 4187 ὄντας,
707 4107 1015 4185 ἐπείγοντας
1076 4105 1127 4161 δὲ
1162 4107 1259 4173 τὴν
1311 4107 1515 4186 ἡμέραν
1570 4112 1668 4175 τῆς
1699 4110 2126 4174 ἀνταποδόσεως,

481 4198 635 4279 Ἵνα,
672 4205 789 4258 etc.
821 4193 1373 4268 «Quemadmodum
1418 4204 1476 4256 et
1500 4197 1785 4276 propheta
1815 4199 1874 4260 in
1909 4220 2008 4262 eos
2033 4202 2127 4261 in-

480 4287 740 4361 vehitur,
775 4283 877 4365 qui
909 4284 1139 4345 etiamsi
1186 4284 1246 4344 in
1278 4285 1563 4365 operibus
1589 4287 1896 4365 ﬂagitiosis
1925 4309 2128 4353 versa-

478 4363 1108 4455 rentur,nibilominus
1127 4363 1495 4435 tamenvdiem
1518 4363 1928 4439 retributioﬂs
1955 4398 2121 4459 urge-

481 4466 642 4529 bant.
678 4464 755 4530 Ut
774 4464 943 4542 quid,
973 4489 999 4519 na
1037 4472 1151 4526 etc.
1179 4464 1352 4527 Certe
1377 4462 1620 4525 verbum
1646 4466 1881 4544 aliquod
1906 4470 2127 4530 excidit

2208 3317 2390 3370 θεῖσαν
2428 3332 2439 3345 ’
2535 3326 2685 3379 ουτος
2760 3320 2787 3373 ὁ
2866 3317 3185 3394 ἀναγγείλας
3249 3317 3333 3371 καὶ
3406 3316 3715 3393 φανερώσας
3774 3318 3870 3372 τὸν

2209 3403 2607 3484 ἀνεξιχνίαστον
2654 3407 2842 3464 ἑαυτοῦ
2900 3406 3128 3463 πλοῦτον
3185 3407 3238 3462 ἐν
3282 3419 3401 3467 τοῖς
3459 3407 3679 3478 ἔθνεσιν,
3715 3407 3867 3462 εἶναι

2207 3494 2271 3548 τὰ
2304 3493 2425 3561 ἔθνη
2457 3494 2869 3575 συγκληρονομα
2915 3500 3002 3552 καὶ
3059 3497 3313 3569 σύσσωμα
3349 3512 3364 3525 ⁸
3410 3497 3566 3552 αὖτοῦ
3596 3497 3696 3573 γὰρ
3733 3497 3861 3551 τού-

2207 3603 2323 3658 του,
2359 3586 2417 3638 οὗ
2446 3585 2479 3651 ἡ
2542 3584 2686 3664 ἀρχή
2747 3585 2856 3641 ἐστι
2910 3585 2996 3641 ἐπὶ
3024 3596 3117 3644 τοῦ
3146 3586 3297 3658 ὤμου
3331 3587 3509 3658 αὐτοῦ,
3558 3586 3862 3663 τουτέστιν,

2207 3673 2241 3739 ἡ
2272 3670 2512 3748 βασιλεία
2570 3676 2658 3729 καὶ
2701 3676 2735 3741 ἡ
2793 3674 3009 3749 δύναμις
3070 3675 3124 3730 ἐν
3171 3682 3247 3748 τῷ
3280 3677 3507 3752 σταυρῷ.
3567 3672 3690 3732 Ἐπὶ
3736 3685 3855 3735 τοῦ.

2208 3756 2377 3821 Nunc
2408 3763 2613 3824 omitto
2646 3761 2957 3843 participia
3001 3762 3124 3836 illa,
3171 3765 3453 3840 γνωρίσας,
3507 3763 3866 3841 ἀναγίείλας,

2213 3852 2538 3930 φανερώσας,
2597 3869 2729 3932 qua)
2778 3853 3053 3913 videntur
3107 3852 3417 3913 indefinite
3476 3852 3713 3931 posita:
3754 3854 3866 3913 sed

2213 3957 2415 4015 qurere
2443 3940 2582 4020 quid
2616 3941 2729 4002 sibi
2756 3942 2895 4003 velit
2917 3942 3084 4015 illud,
3115 3944 3286 3999 εἶναι.
3325 3945 3459 4004 Non
3492 3941 3652 4003 enim
3687 3942 3870 4004 video

2216 4048 2333 4109 quo
2353 4036 2681 4107 rogatur,et
2697 4031 2769 4092 ad
2791 4032 2951 4111 quod
2977 4031 3192 4093 referri
3226 4031 3709 4110 possit.Scriptor
3730 4033 3868 4091 for-

2216 4126 2372 4180 tasse
2400 4119 2584 4180 voluit
2615 4121 2877 4201 suppleri
2938 4122 3045 4183 has
3074 4120 3223 4183 duas
3275 4139 3470 4194 voces,
3520 4124 3594 4186 εἷς
3624 4123 3683 4178 τό
3715 4122 3809 4201 (a)
3852 4139 3867 4183 :

2216 4208 2378 4285 quod
2404 4207 2483 4269 ita
2507 4210 2979 4290 interpretabere
3010 4230 3022 4273 :
3057 4237 3077 4265 ιι
3118 4220 3181 4273 ιιι
3204 4210 3413 4273 ﬁerent
3434 4218 3645 4289 gentes
3666 4210 3871 4272 cohae-

2211 4296 2388 4358 redes
2418 4304 2477 4358 et
2504 4300 3021 4379 concorporales.»
3054 4299 3487 4380 Accedit,quod
3519 4299 3872 4372 illud,z-3-.-os

2212 4387 2310 4464 γὰρ
2335 4386 2857 4465 τούτου,ἱηάθῐίιιὶιθ
2874 4408 3116 4468 quoque
3136 4389 3385 4469 positum
3415 4407 3545 4450 esse
3562 4388 3865 4452 videatur.

2210 4473 2330 4536 Nec
2352 4474 2626 4537 absimile
2651 4478 2927 4559 est,quo.i
2953 4479 3204 4557 legimus
3235 4478 3293 4539 in
3333 4478 3437 4538 illa
3462 4478 3815 4559 (nun1.i45)
3849 4502 3864 4540 :

480 4554 818 4636 interpreti,
852 4553 953 4635 qui
978 4553 1141 4616 aliud
1156 4553 1803 4648 cogitansoratiouem
1839 4558 2121 4648 imperfe—

2210 4563 2291 4626 Et
2321 4568 2443 4626 erit
2476 4568 2539 4627 in
2556 4567 2655 4628 die
2679 4553 2815 4648 illa,
2844 4586 2967 4630 non
2998 4553 3167 4630 ultra
3196 4553 3518 4648 adjiciatur
3562 4568 3642 4640 91,
3678 4553 3807 4633 etc.
3850 4594 3864 4633 :

481 4656 642 4710 ctam
664 4644 1005 4725 reliquit.In
1038 4642 1411 4723 explicandis
1437 4642 1589 4703 illis:
1622 4646 1753 4706 Non
1779 4647 2121 4724 putabitur,

480 4753 673 4816 neque
695 4733 969 4814 fodiatur
999 4732 1264 4812 amplius
1306 4731 1390 4807 86,
1425 4731 1505 4793 ita
1532 4750 1597 4792 se
1630 4734 1904 4813 exprimit
1934 4742 2120 4807 (num.

481 4825 600 4889 147
636 4845 650 4889 :
687 4826 773 4890 Εἷς
807 4831 895 4881 οὖν
928 4823 1028 4890 τὴν
1079 4822 1422 4902 ἀγεώργητον
1483 4824 1666 4901 ψυχὴθ
1725 4824 1858 4881 πολὺ
1888 4828 1948 4883 τὸ
1980 4826 2123 4893 πλῆ.

481 4917 570 4978 θος
601 4920 704 4969 τῶν
735 4917 1031 4990 μεριμνῶν.
1072 4911 1189 4984 Διό,
1222 4919 1340 4973 etc.
1396 4912 1469 4972 Et
1523 4910 1619 4971 hic
1669 4930 1905 4993 quoque
1963 4927 2125 4976 curta

485 5009 576 5065 est
596 5009 656 5063 et
674 5000 880 5062 mutila
905 4999 1389 5064 oratio.Verbum
1418 4999 1465 5060 si
1495 4999 1796 5080 suppleas,
1834 5004 1910 5063 ita
1936 5004 2125 5066 inter-

482 5089 703 5172 pretari
734 5088 938 5151 licebit
990 5110 1003 5152 :
1042 5109 1072 5149 ‹
1122 5088 1323 5171 Itaque
1376 5088 1586 5167 ingens
1625 5107 1897 5152 curarum
1936 5101 2128 5155 turma

481 5176 783 5241 invaditin
803 5177 1424 5241 animamincultam.»
1454 5176 1556 5240 Illa
1592 5204 1606 5238 ς
1646 5179 1736 5240 Vae
1756 5184 1860 5258 qui
1892 5182 2123 5244 intem-

478 5273 680 5348 gcntes
696 5272 836 5330 estis
855 5268 919 5329 in
933 5266 1376 5348 vobismetipsis
1395 5266 1860 5348 87,explicantur
1880 5270 1988 5333 hoc
2009 5291 2129 5333 mo-

482 5358 560 5421 do
595 5356 787 5439 (num.
813 5358 948 5429 175)
985 5378 997 5415 :
1044 5362 1103 5417 Οἱ
1148 5360 1245 5435 μὲν
1301 5360 1408 5415 ἀπὸ
1440 5366 1570 5417 Θεοῦ
1598 5356 1743 5423 ὄντες
1773 5369 2003 5419 τοιοῦτοι
2032 5383 2043 5394 '
2079 5365 2127 5419 οἱ

561 5518 627 5570 84
650 5517 887 5599 lsa.u_r,
921 5518 1021 5580 26.
1109 5517 1316 5581 8813a.
1346 5533 1425 5599 1v,
1463 5515 1522 5576 ‘2.
1608 5516 1675 5569 86
1705 5519 1817 5581 lea.
1852 5536 1904 5594 ν,
1932 5524 1992 5584 6.

476 5617 564 5684 ιι,
597 5600 657 5665 6.
744 5597 795 5643 ⁹¹
828 5596 940 5661 Isa.
976 5616 1039 5675 χ,
1073 5599 1172 5662 20.

2078 5525 2140 5575 87
2173 5525 2320 5592 ibid.
2343 5527 2441 5591 91.

2210 4654 2423 4718 Τούτοις
2455 4655 2817 4732 προστιθέντες
2862 4658 3042 4732 ὥσπερ
3100 4656 3286 4719 παῖδες
3342 4658 3560 4724 ἀνόητοι
3604 4674 3721 4721 τοῖς
3761 4661 3865 4714 ἂν-

2208 4739 2607 4824 δραποδιστατς,
2642 4748 2696 4800 ο’ἰ
2727 4745 3136 4825 πολλάκιςβίϐ.
3175 4745 3401 4808 Ibidem
3441 4767 3454 4805 ε
3485 4749 3868 4823 Προπιθέντες

2209 4840 2296 4890 οὖν
2340 4832 2579 4890 κάκεῖνοι
2610 4846 2726 4897 τοῖς
2759 4832 2994 4891 ἀδικοῦσι
3020 4851 3033 4865 ⁸
3064 4858 3150 4891 και
3172 4838 3359 4912 ἡμεῖς,
3396 4833 3643 4897 etc.Sub
3676 4836 3867 4897 ﬁnem

2210 4919 2417 4998 capitis
2452 4921 2526 4982 14
2554 4921 2640 4982 sic
2698 4921 2964 4999 loquitur
3010 4923 3309 5002 interpres
3344 4943 3356 4986 :
3395 4927 3455 4981 Οἱ
3486 4925 3540 4980 δὲ
3589 4929 3681 4981 τὸν
3737 4935 3867 4984 γοῦν

2212 5011 2409 5068 ἑαυτῶν
2464 5013 2853 5091 κεκαθαρμένον
2904 5013 3145 5094 ἔχοντες,
3208 5015 3263 5074 ὅς
3314 5011 3626 5089 ὀνομάζεται
3694 5018 3860 5079 Σιών,

2213 5095 2450 5180 Ἐπειδὴ,
2485 5108 2602 5162 etc.
2630 5100 2809 5163 Plura
2838 5102 3123 5163 adnotare
3150 5102 3323 5163 facile
3374 5112 3480 5177 est,
3515 5122 3649 5165 cum
3682 5123 3861 5165 com-

2212 5189 2541 5251 mentarius
2556 5190 2850 5253 similibus
2870 5192 3160 5272 exemplis
3175 5192 3430 5253 refertus
3445 5193 3545 5265 sit;
3570 5192 3672 5252 sed
3691 5194 3857 5274 nolo,

2212 5283 2271 5337 ut
2294 5278 2575 5359 loquendi
2596 5299 2833 5362 quoque
2853 5282 2927 5342 de
2941 5281 3191 5362 reliquis
3213 5281 3369 5343 vitiis
3385 5283 3645 5362 supersit
3663 5289 3851 5345 locus.

2211 5367 2340 5429 Non
2360 5386 2598 5449 possum
2620 5376 2816 5431 tamen
2841 5370 2981 5451 quin
2996 5371 3273 5449 adjiciam
3290 5370 3485 5432 locum
3504 5373 3861 5456 quemdam,

2526 5527 2727 5595 8813a.
2762 5546 2843 5608 v1,
2879 5531 2938 5594 6.
3026 5527 3229 5594 891sa.
3281 5546 3404 5611 vru,
3438 5531 3535 5593 iO.
3619 5532 3684 5583 90
3739 5532 3864 5600 lea.

559 5735 644 5818 (α)
660 5731 820 5801 Vide
849 5731 1265 5801 Praefationem
1291 5728 1439 5795 torni
1469 5731 1544 5813 II,
1575 5730 1735 5814 apud
1760 5750 1868 5797 nos
1896 5732 1995 5816 III,
2034 5737 2065 5820 ς
2094 5754 2219 5807 xxv.
2250 5738 2414 5807 Enrr.
