4100 6202
1317 300 1388 363 D.
1434 297 1592 364 JUL.
1640 298 2018 362 GARNERII
2062 299 2485 363 PREFATIO.

3406 315 3591 366 CCXIX

217 433 325 494 ubi
356 433 748 514 explanantur
777 432 878 494 illa
898 432 1436 513 (num.306):Audi
1443 436 1634 496 vimus
1655 442 1866 497 contu-
1885 436 1924 484 Α
1947 429 2167 494 (luisset
2193 432 2610 512 perSpicuitati.
2639 433 2747 496 Hic
2770 432 2935 495 locus
2952 433 3015 496 in
3032 435 3190 498 notis
3221 433 3577 498 illustratur.

221 523 463 585 meliam
493 521 1166 585 Moabzcontumeliosus
1191 522 1362 586 valde
1377 522 1456 606 θ’,
1491 534 1600 587 etc.
1632 523 1733 586 Est
1757 543 1867 586 au-

219 622 339 674 tem
371 612 670 692 ejusmodi
701 633 714 672 :
756 617 852 671 Καὶ
884 614 1100 671 Evn-39::
1139 615 1299 671 τοίνυτ
1336 616 1543 685 πολλὴν
1577 630 1696 680 τοῖς
1744 613 1867 672 ἔπι-

217 703 508 780 στρὲψκσιν
558 703 869 783 ἐμφήναντιι
929 704 1278 784 χρηστότητα
1326 709 1391 764 τὰ
1448 707 1722 786 εἰρημένα,
1775 707 1868 764 ἀπ’

218 792 381 858 ἄλλης
405 793 587 871 ἀρχῆς
621 794 685 848 τὰ
716 815 1004 871 πικροτερει
1033 793 1192 850 πάλιν
1225 795 1641 858 ἐπανατείιετιιι,
1677 794 1865 868 Quem

215 879 406 943 locum
443 898 581 942 cum
615 880 892 943 crederet
909 881 1302 944 Combeﬁsins
1325 884 1675 947 mendosum
1709 903 1865 966 esse,

215 989 346 1031 eum
380 971 469 1031 sic
518 969 964 1032 emendandum
1021 977 1275 1049 censuit,
1329 973 1531 1042 πολλὴν
1576 989 1695 1040 τοῖς
1741 978 1864 1031 ἒπι-

211 1061 503 1135 πρέ-φασιν
537 1062 782 1139 ἐμφήνας
813 1062 912 1128 τὴν
956 1063 1303 1140 χρηστότητα
1333 1065 1474 1142 παρὰ
1531 1065 1618 1143 τά,
1665 1064 1865 1125 addit-

211 1167 346 1228 que,
388 1174 416 1202 α
450 1149 551 1209 Sic
584 1148 731 1209 mihi
759 1148 990 1210 videtur
1011 1150 1212 1212 Basilii
1245 1151 1618 1216 restituenda
1658 1152 1858 1232 lectio,

209 1256 275 1298 ac
305 1237 654 1300 solrecismo
679 1237 1014 1318 liberanda,
1043 1240 1139 1299 cui
1171 1239 1222 1302 is
1269 1241 1516 1302 minime
1546 1241 1702 1304 solet
1731 1261 1862 1304 esse

210 1327 527 1388 obnoxius.
559 1349 588 1384 ι
624 1327 771 1389 Tum
806 1327 1024 1389 deinde
1052 1328 1208 1390 hunc
1234 1331 1424 1391 locum
1448 1340 1634 1411 recte,
1667 1340 1727 1393 ut
1758 1352 1862 1408 pu-

207 1417 389 1490 tabat,
423 1417 807 1497 feliciterque
857 1427 1195 1480 correctum
1234 1419 1320 1480 sic
1379 1419 1806 1501 interpretatur
1839 1440 1852 1484 :

1953 521 2032 582 litt
2071 521 2284 600 legitur
2315 542 2476 584 num.
2517 523 2628 586 166
2657 521 2710 565 9⁵
2745 540 2758 584 ε
2795 525 2951 604 Τήρει
2986 526 3072 582 κκὶ
3103 525 3182 581 ὅτι
3215 527 3296 600 τὸ,
3357 528 3411 582 ἒν
3435 529 3590 602 αὐτῇ,

1953 613 2087 666 κατὰ
2117 614 2212 680 τὴν
2243 614 2422 680 κοινὴν
2469 615 2744 683 συνήθειαν
2775 612 3011 690 εἷ’ρηταιο
3075 615 3147 677 ὡς
3200 616 3288 671 καὶ
3345 615 3433 671 ἒπὶ
3485 617 3589 672 τῶν

1952 699 2228 757 ἰδιωτικῶν
2259 703 2425 758 οὝκων
2485 701 2742 767 πολλάκις
2802 705 2923 765 τοὺς
2981 703 3344 782 ὑπερέχοντας
3405 705 3590 768 αὐτοὺς

1954 793 2549 870 προτιι-ίορεύεπϐκιῦπὸ
2591 798 2695 847 τῶν
2739 793 3080 848 ἐνοικούντων
3137 794 3380 859 σύνηθες,
3436 791 3587 865 Quid

1952 889 2062 958 est,
2111 881 2157 939 si
2222 900 2336 940 non
2388 881 2498 942 hoc
2555 881 2777 960 ineptia
2804 880 3266 943 est?Dissimile
3293 900 3410 942 non
3471 894 3587 956 est,

1951 967 2106 1046 quod
2129 968 2350 1029 editum
2378 969 2715 1031 invenimus
2737 971 2797 1030 in
2833 969 2932 1030 illa
2960 970 3150 1048 (num.
3181 969 3337 1045 175):
3373 969 3452 1032 Et
3482 972 3585 1032 in-

1950 1056 2239 1136 dignatus
2264 1067 2348 1119 est
2373 1064 2465 1118 ira
2498 1059 2784 1121 Dominus
2814 1058 2888 1134 96,
2923 1065 3039 1122 etc.
3065 1059 3162 1122 Sic
3195 1058 3354 1119 enim
3386 1058 3584 1137 loqui-

1951 1154 2042 1205 tur
2073 1147 2368 1227 interpres
2398 1165 2410 1210 Σ
2449 1151 2571 1228 Χεὶρ
2599 1150 2698 1228 γὰρ
2748 1151 2931 1230 Κυρίου
2960 1153 2993 1218 ἡ
3038 1148 3286 1225 ἁψαμένη
3318 1151 3418 1224 μού
3447 1148 3579 1209 ἐστι.

1951 1240 2041 1292 Καὶ
2075 1237 2126 1292 ἐν
2159 1239 2348 1312 τούτῳ³
2397 1237 2642 1295 διαϐόλου
2673 1253 2837 1317 γεϊραι
2883 1240 3130 1319 λέγοντος
3187 1243 3242 1295 ἓν
3292 1246 3368 1312 τῷ
3418 1246 3582 1317 καιρῷ

1945 1331 2039 1392 τῆς
2066 1326 2361 1392 κολάσεως·
2401 1331 2456 1384 -ιῦ
2482 1329 2589 1400 μὴν
2613 1327 2688 1391 δὲ,
2715 1328 2852 1384 ἀλλὰ
2882 1328 3200 1386 ἀπόστειλον
3260 1329 3360 1395 τὴν
3417 1329 3582 1408 χεῖρά

1942 1437 2060 1494 σου,
2096 1419 2180 1471 καὶ
2213 1418 2342 1492 ἅψαι
2372 1425 2474 1472 τῶν
2503 1421 2671 1473 ὀστῶν
2700 1420 2876 1480 αὒτοῦ,
2939 1428 3248 1497 Τοιγαροῦν,
3315 1425 3425 1478 etc.
3461 1417 3582 1477 Nec

209 1532 226 1559 ι
269 1504 380 1568 Ubi
411 1525 522 1586 per
539 1525 606 1566 ea
629 1525 764 1587 qua:
787 1505 943 1567 dicta
964 1516 1122 1586 sunt,
1157 1507 1253 1580 iis,
1287 1509 1386 1590 qui
1409 1519 1858 1585 convertuntur,
1942 1504 2961 1586 elcgantiusscribitinterpres,cnm
2988 1506 3577 1588 explanatilla(num.

201 1598 453 1657 multam
480 1597 807 1658 insinuavit
829 1596 1126 1658 lenitatem
1157 1615 1222 1658 ac
1247 1598 1844 1680 clementiam,abalic

1948 1594 2081 1666 157)
2122 1615 2134 1655 :
2175 1593 2253 1655 Et
2283 1596 2462 1658 dixit:
2492 1595 2644 1658 Ecce
2675 1597 2868 1676 tetigit
2899 1597 3004 1658 hoc
3025 1596 3188 1658 labia
3223 1604 3333 1658 tua
3354 1594 3430 1675 9⁷,
3463 1603 3582 1657 etc.

200 1703 403 1745 rursus
439 1685 738 1765 principio
769 1684 1083 1747 acerbiora
1112 1685 1424 1751 intentat.»
1455 1686 1568 1750 Sed
1597 1707 1731 1750 eum
1765 1690 1844 1751 fe-

1944 1686 2089 1766 Ejus
2121 1687 2242 1747 haec
2278 1697 2418 1748 sunt
2463 1688 2640 1748 verba
2676 1709 2687 1750 ε
2726 1696 3015 1768 [Ιεριαιρῶν
3088 1688 3299 1769 [λόγος]
3355 1691 3418 1744 τὰ
3477 1687 3576 1753 ἔξω

197 1774 340 1835 tellit
362 1793 512 1834 vana
542 1778 712 1836 δοιαὶ(
734 1775 866 1834 ismi
923 1774 1138 1854 imago.
1174 1775 1555 1840 Soloecismus
1588 1796 1705 1838 non
1739 1788 1844 1856 est,

1941 1784 2029 1832 τοῦ
2059 1779 2194 1833 θείου
2224 1781 2384 1852 νόμου
2415 1777 2820 1857 ἐπιτελούμενα,
2854 1781 2939 1836 καὶ
2971 1780 3029 1836 ἐκ
3073 1780 3176 1834 τῶν
3203 1781 3578 1856 ἁμαρτητικῶς

193 1865 298 1925 sed
328 1864 591 1944 pessima
623 1863 909 1944 loquendi
938 1865 1107 1940 ratio,
1137 1865 1276 1927 huic
1326 1867 1577 1941 auctori,
1610 1877 1674 1930 ut
1703 1869 1844 1929 vidi-

1941 1868 2314 1943 πραττομένων
2370 1869 2652 1946 κκθχίρων.
2714 1866 2984 1948 Scriptor
3033 1868 3206 1948 paulo
3267 1867 3583 1928 humanior

197 1974 350 2027 inus,
389 1953 852 2034 perfamiliaris:
891 1973 1005 2035 qua
1037 1955 1365 2036 participiis
1402 1957 1632 2018 incerte
1680 1966 1844 2039 atque

1940 1955 2186 2018 dixisset
2222 1977 2234 2016 :
2279 1963 2372 2014 Καὶ
2417 1960 2482 2015 τὰ
2513 1959 2888 2034 ἁμαρτητικώς
2928 1956 3265 2037 πραττόμενα
3297 1956 3578 2034 καθαίρων,

194 2045 508 2106 indeﬁnite
556 2046 642 2106 uti
696 2044 869 2106 solet.
924 2045 1150 2124 Itaque.
1204 2055 1266 2106 ut
1315 2045 1462 2109 alias
1533 2065 1712 2127 sape,
1773 2048 1854 2110 ita

191 2135 363 2194 etiam
401 2135 501 2194 hic
538 2133 916 2215 participium
953 2135 1036 2196 sic
1068 2135 1247 2198 debet
1297 2137 1508 2217 accipi,
1543 2145 1602 2198 ut
1632 2137 1852 2218 aliquid

190 2223 540 2285 necessario
575 2224 974 2305 supplendum
1026 2225 1100 2285 sit
1132 2225 1201 2286 ad
1261 2226 1590 2289 orationem
1651 2227 1854 2289 absol-

189 2313 466 2376 vendam.
502 2312 630 2374 Nec
664 2321 998 2375 erraturum
1035 2324 1198 2395 puto,
1234 2315 1339 2394 qui
1369 2315 1724 2378 existimarit
1751 2337 1854 2378 vo-

190 2420 283 2461 ces
324 2404 652 2480 ἐμφήναντα
704 2404 1072 2478 τὰειρημένα,
1124 2405 1218 2466 hic
1279 2406 1336 2466 in
1383 2405 1620 2466 modum
1683 2423 1855 2468 casus

188 2489 442 2552 absoluti
474 2491 698 2571 positas
725 2510 854 2552 esse
883 2509 896 2554 :
933 2501 1054 2568 aut,
1081 2493 1130 2554 si
1187 2494 1392 2565 mavis,
1430 2495 1642 2556 modus
1674 2496 1848 2558 inde-

1946 2069 1967 2099 ιι
2009 2044 2114 2117 Qui
2159 2064 2353 2106 sermo
2417 2065 2654 2126 prorsus
2714 2044 2909 2109 abolet
2958 2066 3086 2128 quae
3130 2046 3584 2108 committuntur

1942 2145 2157 2214 praeter
2181 2136 2437 2198 divinam
2489 2137 2707 2216 legem,
2733 2145 2910 2218 atque
2943 2147 3186 2218 peccata
3208 2142 3509 2215 expurgat.
3551 2157 3574 2190 ι)

1941 2226 2224 2305 Ejusdem
2253 2227 2491 2305 generis
2514 2237 2605 2288 est
2648 2226 2816 2302 illud,
2851 2246 2966 2308 quo
3025 2225 3354 2307 explicatur
3388 2225 3578 2298 (num.

1938 2315 2085 2384 217)
2117 2316 2442 2377 versiculus
2493 2315 2764 2378 decimus
2814 2325 2872 2377 et
2901 2327 3141 2378 octavus
3190 2314 3367 2395 capit.
3423 2329 3577 2375 Vin:

1945 2431 1967 2457 α
2011 2407 2164 2466 Ecce
2187 2423 2294 2484 ego
2321 2413 2380 2466 et
2399 2405 2568 2485 pueri
2590 2424 2741 2485 quos
2764 2406 2906 2467 mihi
2931 2403 3459 2478 deditDeus,n'ISob
3491 2406 3576 2460 οὗν

1937 2495 2044 2570 ἐγὼ
2106 2497 2190 2550 καὶ
2239 2498 2304 2550 τὰ
2351 2494 2554 2574 πιιιδία,
2612 2493 2835 2551 δείκνυσι
2887 2497 3005 2558 τοὺς
3043 2494 3322 2557 ἐκλεκτοὺς
3367 2495 3574 2554 ἑαυτοῦ.

190 2582 385 2642 ﬁnitus
419 2583 735 2660 ἐμφήναντα
777 2581 890 2642 hoc
927 2582 1148 2656 loco,ut
1177 2583 1316 2645 alibi
1353 2585 1594 2665 passim,
1625 2586 1844 2665 positus

1939 2587 2106 2659 Διιέτι,
2143 2593 2258 2646 etc.
2285 2583 2479 2647 Scribi
2509 2583 2708 2662 potius
2729 2582 3072 2664 oportebat,
3103 2583 3187 2640 διὰ
3213 2585 3422 2662 τούτου,
3457 2589 3572 2643 etc.

189 2681 272 2731 est
305 2687 415 2747 pro
451 2670 651 2744 ﬁnito,
687 2671 967 2750 ἐνέφηναν,
994 2672 1079 2732 sic
1110 2679 1331 2746 tamen,
1372 2683 1433 2734 ut
1466 2673 1851 2737 subandiatur
1935 2675 2134 2753 Itaque
2168 2671 2662 2754 perillud,(Ecce
2684 2690 2910 2752 θεοι...
2941 2672 3163 2734 electos
3180 2689 3319 2733 suos
3342 2669 3576 2749 signiﬁ-

191 2780 288 2822 τοι
321 2760 540 2832 ἐπειδὴ,
574 2770 674 2822 aut
703 2760 819 2823 alia
850 2762 1086 2843 similis,
1120 2762 1274 2842 quod
1305 2762 1382 2824 ita
1407 2766 1553 2826 verti
1583 2766 1793 2844 poterit
1830 2786 1846 2826 :
1935 2771 2046 2823 cat.
2078 2763 2398 2824 Consimile
2459 2769 2574 2844 est,
2624 2761 2778 2842 quod
2831 2762 3048 2824 dicitur
3105 2762 3165 2823 in
3229 2760 3328 2822 illa
3379 2764 3577 2832 (num.

195 2878 216 2904 ι
280 2854 343 2910 Et
398 2852 499 2912 hic
558 2851 739 2928 igitur
785 2859 1095 2930 postquam
1139 2870 1230 2927 ea,
1294 2871 1426 2933 quae
1477 2853 1634 2914 dicta
1683 2865 1844 2936 sunt,
1933 2853 2180 2914 237cm
2205 2855 2324 2914 erit
2347 2870 2480 2914 cum
2503 2852 3005 2914 consummaverit
3030 2846 3572 2924 Dominus99,etc.:

193 2942 441 3002 multum
477 2941 875 3002 ostenderunt
910 2941 1164 3003 lenitatis
1184 2951 1364 3024 atque
1387 2943 1738 3018 clementize,
1776 2947 1844 3006 iis

1934 2943 2079 2997 Μετὰ
2110 2945 2168 2998 τὸ
2205 2941 2490 3020 προστάξαι
2521 2956 2638 3006 τοῖς
2689 2942 2742 2997 ἐν
2788 2940 3156 3019 Ἰερουσαλὴμ,
3209 2943 3294 2997 καὶ
3348 2953 3462 3004 τοῖς
3519 2939 3574 2994 ἐν

193 3030 288 3110 qui
322 3050 388 3091 se
424 3040 806 3109 convertunt,
846 3049 1049 3092 rursus
1079 3029 1152 3092 ab
1177 3033 1290 3095 alio
1324 3033 1618 3113 principio
1651 3033 1842 3095 inten-

1932 3033 2202 3110 Σῖςίιαρείᾳ
2255 3030 2575 3108 ὀλολυγμὸν,
2602 3033 2688 3088 καὶ
2719 3038 2786 3108 τῇ
2815 3031 2899 3088 ἐπ’
2932 3035 3116 3093 αὐτοῖς
3161 3029 3379 3106 ἀπειλῇ.
3414 3038 3568 3086 Οῖον.

190 3129 384 3180 tantur
417 3119 716 3180 amariora
773 3145 799 3173 η
838 3121 1099 3192 Quantas
1139 3129 1332 3181 autem
1398 3120 1672 3182 tenebras
1709 3141 1841 3184 mu-

1931 3119 2140 3190 Quaero
2175 3120 2310 3199 quid
2343 3119 2454 3179 sibi
2488 3119 2628 3180 velit
2648 3119 2820 3194 illud,
2855 3121 2942 3176 καὶ
2987 3126 3054 3197 τῇ
3087 3119 3172 3174 ἐπ’
3204 3120 3384 3182 αὐτοῖς
3419 3118 3573 3173 ἄπει-

192 3210 350 3269 tilum
405 3207 558 3270 illud
621 3228 692 3270 ac
747 3209 1010 3288 ineptum
1064 3210 1299 3272 dicendi
1361 3229 1548 3288 genus
1580 3205 2020 3286 oti‘untlatvlfi.
2072 3212 2398 3288 Interpres,
2455 3209 2504 3270 si
2551 3208 2669 3272 sibi
2719 3215 2994 3271 constare
3058 3207 3251 3288 vellet,
3309 3205 3576 3268 scribere

189 3299 385 3375 rebus,
413 3299 509 3359 vix
538 3299 658 3360 dici
702 3308 914 3378 potest.
945 3299 1212 3361 Profecto
1247 3300 1296 3361 si
1344 3301 1608 3381 scriptor
1666 3321 1836 3364 suum

1929 3299 2236 3372 debuerat,
2270 3302 2355 3356 iui
2387 3301 2521 3372 μετὰ
2550 3323 2647 3367 την
2689 3297 2774 3356 ἐπ’
2814 3299 2997 3361 αὐτοῖς
3031 3298 3281 3368 ἀπειλήν.
3328 3321 3354 3352 tr
3395 3299 3575 3359 Post-

190 3389 686 3449 cmnmentarium
723 3388 970 3467 intelligi
1028 3388 1328 3470 cupiebat,
1363 3409 1497 3452 cum
1553 3391 1842 3454 debuerat
1926 3411 2100 3473 quam
2126 3392 2425 3471 sculptilia
2457 3410 2587 3472 qua:
2611 3391 2870 3456 erantin
2910 3390 3239 3454 Jerusalem
3265 3398 3321 3452 et
3366 3387 3428 3450 in
3459 3387 3572 3451 Sa-

189 3477 483 3557 nliquxbus
514 3477 765 3539 scholiis
797 3478 1123 3542 illustrare.
1150 3480 1323 3542 Certe
1355 3480 1405 3540 si
1433 3499 1550 3542 non
1574 3481 1834 3556 aliunde,
1927 3485 2132 3562 maria,
2179 3482 2405 3543 ululare
2431 3483 2600 3562 jussa
2633 3491 2795 3562 sunt,
2842 3481 3051 3561 eisque
3102 3480 3406 3544 intentata;
3437 3486 3575 3540 sunt

187 3577 246 3626 at
275 3568 421 3629 satis
452 3576 654 3627 tamen
690 3567 868 3648 hujus
898 3568 1310 3630 commentarii
1342 3572 1512 3627 νοθείι
1542 3590 1609 3631 ex
1646 3589 1716 3633 eo
1745 3592 1842 3651 pa-
1931 3572 2126 3650 minae,
2161 3570 2672 3650 eteoExeniplum
2705 3569 2862 3632 aliud
2887 3569 3260 3650 proferemus
3278 3588 3350 3630 ex
3377 3568 3570 3629 inter-

193 3666 358 3735 ιρι-ει,
393 3657 560 3737 quod
595 3659 851 3735 scriptor
883 3677 1000 3718 non
1026 3657 1287 3719 absolvat
1331 3664 1686 3733 orationem,
1736 3661 1838 3722 sed
1929 3661 2256 3740 pretatione
2284 3661 2594 3720 verborum
2623 3659 2856 3720 illorum
2888 3663 3078 3739 (num.
3114 3659 3258 3736 ω)
3293 3679 3306 3721 :
3341 3658 3421 3720 Et
3451 3659 3573 3720 erit

192 3747 413 3807 incerte
440 3752 505 3808 et
538 3747 847 3808 indeﬁnite
892 3749 1188 3827 loquatur.
1225 3748 1369 3810 Nam
1431 3757 1491 3808 ut
1551 3749 1694 3810 nihil
1753 3759 1840 3811 est
1928 3749 2410 3811 Iumenlsraelin
2433 3747 3566 3830 ignem,etsanctiﬁcabitillum”,etc.:

192 3837 537 3897 familiarius
570 3836 706 3896 huic
740 3837 990 3914 auctori,
1021 3837 1100 3898 ita
1134 3836 1281 3898 nihil
1314 3845 1405 3898 est
1463 3838 1661 3900 minus
1710 3840 1836 3900 usi-

194 3935 369 3986 tatum
403 3925 562 4005 apud
600 3925 878 3986 Basilium
913 3925 1205 4005 Magnam.

266 4013 680 4094 56.Quidquid
698 4014 965 4075 vitiosum
991 4025 1077 4076 est
1092 4015 1150 4076 in
1177 4017 1338 4080 bisce
1357 4019 1834 4094 commentariis,

192 4124 358 4166 omne
376 4104 433 4165 id
453 4103 744 4166 adnotare
759 4122 1057 4183 nunquam
1080 4105 1224 4166 mihi
1247 4106 1522 4187 proposui
1537 4108 1834 4188 .Alioqnin

189 4196 341 4254 enim
371 4204 532 4254 totus
555 4191 679 4253 fere
694 4192 838 4253 mihi
857 4192 1283 4256 exscribendus
1304 4196 1512 4259 fuisset
1533 4216 1834 4258 commen-

191 4283 522 4343 farius.Sed
549 4292 742 4343 tamen
769 4282 883 4345 alia
897 4283 1116 4362 aliquot
1140 4283 1266 4344 loca
1288 4285 1587 4365 subjicere
1610 4286 1834 4348 libitum

187 4385 290 4453 est,
327 4393 462 4453 qua:
524 4382 640 4433 tam
675 4374 927 4434 obscura
951 4381 1110 4442 sunt,
1143 4382 1382 4455 tamque
1412 4376 1640 4450 vitiosa,
1672 4386 1734 4438 ut
1767 4396 1837 4440 ex

187 4466 248 4523 iis
268 4463 431 4524 nulla
455 4462 706 4522 omnino
732 4461 945 4522 idonea
968 4463 1260 4524 sententia
1291 4465 1531 4526 extundi
1558 4484 1730 4546 posse
1752 4468 1837 4530 vi-

186 4557 417 4619 deatur.
451 4554 596 4616 Tale
620 4566 730 4626 est,
765 4554 922 4630 quod
948 4555 1089 4638 dicit
1114 4557 1412 4636 interpres
1437 4559 1495 4618 in
1523 4559 1827 4636 illa(num.

195 4648 302 4721 t6):
319 4644 468 4707 Haec
501 4645 653 4706 dicit
679 4644 989 4705 Dominus:
1018 4646 1134 4706 Pro
1151 4664 1218 4706 eo
1240 4647 1397 4723 quod
1419 4648 1666 4710 elevato:
1687 4658 1832 4712 sunt

184 4735 326 4809 [ilict
354 4731 713 4808 Siun”,etc.
739 4736 1058 4811 Postquam
1083 4741 1239 4796 enim
1257 4736 1574 4798 insectatus
1597 4748 1682 4799 est
1703 4757 1830 4808 eos.

186 4824 276 4901 qui
319 4824 594 4902 reliquos
625 4831 1036 4904 contemnunt,
1072 4823 1292 4886 desinit
1325 4826 1411 4886 bis
1459 4826 1651 4888 verbis
1682 4848 1695 4889 :
1732 4830 1831 4892 Οῧς

185 4915 322 4969 -.=.k.=.-.
365 4916 427 4969 τὸ
459 4912 749 4979 ἂπειλτιϐἒν
804 4920 998 4987 πτῶμα
1026 4916 1083 4970 τὸ
1115 4913 1196 4972 διὰ
1268 4917 1360 4983 τῆς
1423 4917 1818 4988 ταπεινώσεως,

193 5006 238 5058 τε)
275 5005 374 5058 ἐπὸ
403 5011 499 5058 τα)
523 5002 710 5076 ὕψους.
746 5003 842 5060 Καὶ
898 5000 1118 5079 Κύρνος,
1179 5011 1297 5066 etc.
1355 5003 1552 5066 Nihilo
1614 5006 1825 5068 melius

187 5094 332 5170 quod
371 5092 588 5168 legitur
615 5110 778 5152 num.
816 5092 888 5152 87
920 5089 996 5156 9‘.
1022 5091 1122 5154 Sic
1143 5103 1339 5154 autem
1375 5094 1582 5155 scribit
1617 5113 1631 5158 :
1663 5099 1722 5155 Τί
1762 5097 1822 5153 ἂν

191 5188 258 5234 :r'-
297 5190 356 5256 εξ,
385 5185 571 5238 τἰἆτοδ
605 5181 698 5253 (ιέᾳ
734 5186 922 5236 πιθεῖν
953 5183 1041 5238 τὸν
1089 5185 1310 5262 πτωχὸν
1370 5183 1539 5259 δῆμον
1590 5185 1819 5267 ἐκεῖνον,

320 5273 451 5328 τὲως
500 5273 562 5326 τὰ
607 5273 772 5349 μικρὰ
829 5273 1157 5343 θαυμάζονται
1218 5275 1338 5337 τοὺς
1404 5273 1602 5329 ἑαυτῶν
1658 5277 1821 5354 ὕπερ-

193 5385 335 5440 :15.1:
349 5386 398 5415 1:
415 5362 599 5420 .Sane
621 5359 798 5421 aliter
822 5359 1052 5421 locutus
1075 5361 1686 5443 fuissetscriptor,qni
1707 5372 1821 5423 stu-

257 5520 314 5569 93
343 5519 455 5582 lsa.
492 5538 612 5595 xw,
646 5523 708 5582 6.
793 5520 857 5570 95
884 5521 992 5582 lsa.
1021 5537 1105 5595 ιιι,
1151 5522 1240 5583 t6.
1325 5521 1518 5586 Nisa.
1557 5540 1618 5586 ιι.
1656 5526 1752 5584 Η.

185 5603 382 5674 ωε.
466 5600 848 5662 ωίιιιεωγ.
935 5601 956 5646 ι
1017 5603 1240 5676 lsa.x1,
1285 5603 1378 5666 12.

1836 5524 1902 5578 96
1929 5527 2037 5588 lsa.
2073 5542 2131 5604 ν,
2174 5526 2260 5585 Μ.

1463 5603 1488 5646 9
1517 5601 1631 5665 lsa.
1656 5621 1780 5685 xui,
1817 5607 1910 5669 Η.

1922 3843 2219 3906 Φάσ.ιο·ιτες
2252 3842 2349 3908 τήν
2393 3841 2490 3916 μὲν
2522 3840 2733 3896 ἀστείαν
2776 3842 2894 3896 τινὰ
2942 3842 3110 3920 εἶναι,
3172 3843 3259 3897 καὶ
3320 3840 3415 3896 ἐπὶ
3479 3841 3568 3895 τὸν

1921 3932 2209 3988 σπουδαῖον
2244 3933 2451 3987 πίπτειν
2484 3929 2652 4009 γέρως
2687 3932 2847 3987 οἷυν
2880 3931 3114 3997 ἀξίωσιν·
3145 3933 3207 3988 τὸ
3241 3930 3319 3987 δέ.
3354 3928 3564 4009 Suspi~

1919 4040 2022 4082 cor
2051 4041 2164 4082 non
2214 4021 2543 4100 defuturos,
2577 4019 2792 4099 quibus
2844 4020 3104 4082 tenebm
3134 4027 3252 4083 sint
3283 4019 3408 4080 haec
3459 4023 3569 4077 tria

1919 4111 2120 4183 verba,
2157 4113 2320 4190 γέρως
2352 4112 2509 4166 οὖσαν
2553 4111 2784 4176 ἀξίωσιν.
2827 4111 2950 4174 Nec
3003 4110 3322 4172 dilucidius
3373 4107 3565 4186 expli-

1923 4210 2131 4262 cantur
2159 4201 2426 4280 illa(num
2451 4199 2612 4273 949):
2641 4199 2725 4262 Et
2769 4199 2993 4263 levabit
3021 4203 3264 4278 signum
3314 4201 3379 4260 in
3407 4213 3562 4278 gen-

1922 4301 2002 4354 tes
2029 4292 2072 4353 ί.
2111 4293 2190 4352 lta
2221 4310 2360 4367 ergo
2395 4289 2601 4350 scribit
2637 4289 2955 4370 interpres:
2997 4290 3081 4347 ’Ἦ
3115 4290 3192 4346 ὅτι
3226 4291 3325 4367 πρὸ
3356 4288 3445 4344 τοῦ
3471 4287 3563 4352 ξοα-

1920 4381 2062 4438 λίνου
2118 4390 2339 4458 στχυροῦ
2411 4381 2598 4447 νοητός
2631 4403 2712 4443 τις
2761 4388 2837 4454 τῷ
2869 4382 3054 4456 κόσμῳ
3083 4381 3238 4436 πιιντὶ
3270 4379 3560 4435 συνεσταύυ

1920 4495 2104 4549 ρωτχι.
2145 4472 2229 4531 Αει
2254 4469 2500 4530 verbum
2534 4489 2548 4530 :
2587 4494 2606 4523 ι
2637 4470 2770 4530 Sive
2795 4468 2951 4550 quod
2981 4479 3119 4531 ante
3151 4469 3406 4546 ligneam
3431 4485 3561 4528 cru-

1860 4532 1900 4582 θ
1920 4532 2045 4622 cem
2073 4559 2462 4639 intelligibilis
2478 4557 2746 4639 quaedam
2763 4532 2878 4620 una
2891 4575 3024 4620 cum
3046 4566 3161 4619 toto
3190 4557 3410 4618 mundo
3429 4575 3560 4617 cru-

1917 4651 2086 4711 ciﬁxa
2109 4662 2225 4710 est.
2268 4674 2288 4705 ι)
2320 4647 2468 4720 Quid
2495 4656 2608 4726 est,
2643 4666 2865 4728 quaeso,
2913 4647 3109 4727 inepte
3159 4646 3343 4727 loqui,
3371 4646 3421 4708 si
3443 4647 3558 4707 hoc

1917 4759 2033 4801 non
2067 4746 2184 4801 est?
2208 4736 2331 4798 lioc
2363 4746 2584 4815 autem,
2613 4736 2662 4797 si
2695 4737 2958 4798 divinare
2983 4736 3350 4815 licet,dicere
3376 4736 3559 4797 voluit

1917 4830 2278 4908 inte*prcs:«
2298 4827 2432 4888 Sive
2465 4826 2622 4906 quod
2655 4835 2793 4888 ante
2823 4826 3076 4905 ligneam
3099 4826 3260 4886 illam
3287 4843 3550 4901 crucem,

1907 4920 2102 4981 crucis
2120 4915 2428 4993 cujusdam
2450 4913 2844 4992 intclligibilis
2860 4914 3052 4994 imago
3065 4933 3131 4977 ac
3151 4916 3337 4994 ﬁgura
3356 4916 3414 4975 in
3435 4921 3555 4975 toto

1910 5008 2133 5070 mundo
2158 5007 2540 5068 haberetur.»
2571 5003 2822 5066 Basilius
2842 5023 2960 5065 non
2982 5004 3422 5085 italoquisolet:
3447 5006 3554 5067 sed

1908 5099 1988 5159 ita
2005 5097 2310 5160 enucleate
2329 5095 2497 5167 dicit,
2535 5101 2598 5154 ut
2621 5093 2767 5154 nihil
2819 5094 2938 5155 ullo
2962 5112 3108 5178 opus
3135 5096 3211 5157 sit
3241 5093 3453 5175 (Edipo
3481 5095 3552 5158 ad

1909 5186 2361 5264 intelligendum
2377 5235 2384 5241 .
2399 5183 2539 5244 item
2562 5183 2703 5262 quid
2722 5182 2836 5244 sibi
2851 5183 3030 5246 velint
3047 5183 3472 5262 quaadicuntur
3493 5185 3554 5246 in

1909 5275 2227 5354 illntl(nnm
2243 5275 2374 5335 .267
2387 5292 2424 5347 ιι
2460 5275 2536 5334 Et
2547 5272 2795 5352 perdam
2811 5276 3102 5352 iniuriam
3117 5276 3553 5355 iniquorum,ct

1907 5364 2325 5426 contumeliam
2350 5360 2746 5442 superborum
2773 5361 3112 5425 humiliabo
3129 5359 3156 5404 ²
3188 5370 3549 5443 ,promptum

2350 5521 2414 5572 96
2442 5520 2590 5585 ibid.
2624 5522 2726 5586 25.
2811 5521 2873 5572 97
2902 5521 3013 5585 lsa.
3048 5540 3126 5598 vt,
3186 5525 3245 5586 7.
3340 5521 3404 5572 98
3433 5521 3544 5585 lsa.
