4100 6202
1919 358 2115 423 PROL
2122 355 2329 422 EGOM
2334 361 2435 423 EN
2440 364 2484 424 A
2497 410 2511 424 .

551 517 668 561 non
700 508 789 562 est
812 500 1172 580 conjectare.
1224 500 1359 564 Haec
1389 508 1583 563 autem
1635 509 1812 564 sunt:
1877 498 2025 557 Ἀλλ’
2088 498 2531 562 ἀπὸΔτθοιιιτίι
2588 502 2652 563 in
2704 499 3161 581 commentario,
3223 508 3288 561 ut
3337 501 3651 564 satietatem
3695 520 3872 566 creare

548 593 661 653 ἑνὸς
695 591 1077 670 ἁμαρτήματος
1109 590 1420 655 διατατικῶς
1467 591 1547 669 ἐφ’
1580 590 1678 647 ὅλα
1710 592 1773 647 τὰ
1795 588 1915 656 εἴδη
1946 589 2041 655 τῆς
2083 610 2186 643 κα·-
2276 590 2484 665 possit,

550 682 663 744 χίας
696 678 957 745 ὲξακοὺειν
981 680 1233 756 προσήκει
1265 689 1365 748 τῆς
1393 679 1611 759 ὕϐρεως,
1650 683 1707 738 Οἱ
1737 681 1858 758 γὰρ,
1887 686 1997 738 etc.
2030 678 2185 738 Rur-

2353 678 2453 742 58.
2483 677 2800 761 Postquam
2833 679 2907 741 de
2944 677 3139 741 verbis
3171 680 3364 761 deque
3396 698 3597 742 eorum
3627 688 3870 741 constru-

550 788 673 842 sus,
710 770 759 831 si
791 769 1167 847 interpretari
1198 770 1365 842 velis,
1388 770 1460 832 ad
1485 770 1861 850 conjecturas
1884 766 2189 844 confugias
2272 766 2468 828 ctione
2490 768 2974 849 disceptaviuius,
3000 769 3295 849 reliquum
3320 777 3487 831 estut
3505 768 3577 830 de
3599 770 3876 832 sententiis

553 876 796 921 necesse
827 868 934 920 est.
972 859 1093 922 Nec
1143 860 1291 922 forte
1327 860 1479 922 male
1518 857 1908 939 augurabere,
1945 857 1993 918 si
2029 856 2189 916 dicas
2275 855 2422 936 ipsis
2449 856 2683 938 aliquid
2710 858 3002 921 dicamus.
3034 857 3185 922 Sunt
3213 866 3407 919 autem
3445 858 3736 938 nonnulla,
3766 878 3879 939 qua

556 948 722 1022 illud,
773 952 833 1006 τὸ
864 952 1178 1029 ἁμάρτημα,
1212 950 1609 1031 supplendum
1636 966 1768 1010 esse
1834 960 1934 1007 nte
1962 963 2187 1022 vocem,
2273 945 2359 1006 sic
2389 946 2641 1007 fabulam
2666 948 2926 1029 sapiunt,
2954 956 3015 1009 ut
3046 967 3116 1011 ea
3149 949 3305 1010 Patri
3334 947 3676 1027 gravissimo
3718 948 3877 1010 tribui

550 1038 772 1117 ὕϐρεως,
807 1048 869 1100 ut
900 1039 1095 1103 verbis
1126 1041 1218 1103 bis
1249 1040 1346 1103 hic
1395 1038 1585 1103 subsit
1613 1057 1845 1101 sensus:
1889 1064 1912 1091 α
1938 1035 2053 1099 Sed
2091 1052 2193 1113 par
2274 1053 2391 1095 non
2417 1054 2591 1116 posse
2622 1036 2949 1100 videantur.
2985 1036 3223 1116 Insigne
3254 1037 3529 1117 est,quod
3552 1045 3803 1098 narratur
3821 1037 3879 1097 de

554 1136 644 1190 est
672 1131 1046 1192 contumeliae
1061 1140 1365 1210 peccatum
1386 1130 1466 1191 ita
1484 1127 1957 1208 interpretari,ut
1980 1124 2050 1186 ab
2076 1142 2191 1183 uno
2276 1123 2792 1188 daamonibus.Sed
2813 1128 3203 1207 interpretem
3224 1128 3415 1207 ipsum
3439 1126 3641 1188 audire
3655 1134 3877 1206 praestat,

560 1226 800 1297 peccato
827 1219 897 1281 ad
927 1222 1126 1283 omnia
1156 1219 1434 1301 nequitiae
1475 1236 1695 1298 genera
1719 1216 2073 1278 extendatur
2103 1214 2187 1273 si-

2304 1212 2616 1288 llud(num.
2647 1216 2774 1295 25):
2800 1215 3027 1278 Plenus
3049 1234 3180 1278 sum
3202 1215 3229 1259 ³
3261 1216 3714 1297 ,explanantem.
3731 1238 3750 1270 α
3772 1215 3880 1277 Dae-

556 1307 875 1383 gnificatio.
912 1338 934 1364 n
966 1309 1081 1373 Sed
1116 1328 1316 1387 quaero
1349 1328 1422 1370 an
1447 1308 1697 1379 homini,
1736 1326 1851 1368 non
1872 1305 2003 1365 dico
2037 1306 2189 1365 Gra3-
2274 1303 2731 1384 monesquidem
2752 1312 2953 1385 utpote
2974 1304 3882 1385 voluptatibusaﬂ‘ectibusquein-

556 1415 649 1475 co,
685 1398 786 1458 sed
814 1398 1088 1475 barbaro,
1126 1400 1205 1461 ita
1237 1401 1395 1481 loqui
1422 1399 1593 1461 liceat
1620 1404 1647 1461 ’ξ
2274 1390 2608 1470 dulgentes,
2633 1412 2704 1454 ex
2731 1394 2988 1456 victimis
3014 1413 3130 1455 non
3159 1394 3304 1456 nihil
3331 1394 3574 1475 capiunt
3596 1394 3883 1473 voluptatis

641 1487 975 1550 57.Addam
1009 1499 1067 1551 et
1082 1489 1217 1561 alia,
1248 1506 1382 1567 quae
1404 1485 2193 1569 peregrinitatcmitaapt-rte
2275 1499 2342 1542 ac
2362 1482 2774 1544 emolumenti.
2800 1484 3035 1564 Quippe
3066 1483 3205 1544 dum
3242 1482 3881 1562 incenduntur.sanguis

560 1578 822 1645 olent,ea
853 1587 917 1639 ut
938 1597 1139 1657 nemo,
1164 1577 1277 1641 nisi
1326 1568 1708 1659 prejudicata
1758 1573 1960 1654 opinio
1979 1573 2191 1642 obstet,
2283 1586 2387 1648 per
2414 1568 2784 1633 adustionem
2820 1574 3188 1635 convertitur
3210 1575 3269 1634 in
3296 1593 3597 1653 vaporem,
3631 1573 3814 1652 sicque
3832 1573 3878 1632 in

559 1665 855 1730 Basiliana
875 1666 1488 1749 dixerit.thuoniam
1505 1665 1579 1728 de
1597 1666 1808 1728 ordine
1826 1665 1883 1723 in
1903 1662 2193 1742 ejusmodi
2281 1658 2573 1749 ejusmodi
2607 1661 2861 1723 minutas
2885 1670 3081 1741 partes
3106 1664 3400 1724 resolutus
3436 1665 3495 1723 in
3544 1681 3737 1723 eorum
3757 1659 3880 1722 sab-

560 1756 741 1817 rebus
793 1774 911 1819 non
972 1748 1235 1819 multum,
1270 1756 1659 1819 laborandum
1687 1765 1775 1816 est
1802 1776 1817 1823 ς
1849 1764 1909 1814 ιιι
1940 1753 2197 1832 quidque
2283 1748 2552 1810 stantiam
2580 1750 2870 1813 subit.nld
2905 1752 3145 1828 quidem
3171 1751 3487 1813 ridiculum
3510 1760 3595 1814 est
3620 1769 3717 1831 per
3735 1768 3881 1821 sese;

564 1845 812 1925 primam
843 1847 902 1907 in
930 1858 1195 1910 mentem
1220 1847 1470 1924 venerit,
1499 1845 1580 1906 ita
1613 1846 1865 1925 primum
1910 1859 2198 1922 propuue-
2224 1902 2259 1925 η
2284 1836 2386 1925 sed
2421 1836 2601 1916 longe
2625 1838 2808 1918 magis
2840 1840 3095 1902 ridicula
3116 1849 3202 1901 est
3226 1842 3587 1920 comparatio
3604 1857 3798 1920 ea,qua
3823 1838 3878 1898 ait

568 1902 718 1998 l"mus.
755 1936 898 1998 Dico
919 1935 1106 2015 igitur
1131 1955 1307 1998 voces
1336 1902 1680 1998 desinentes
1701 1934 1760 1995 in
1791 1902 1931 2011 τέονξ
1958 1902 2196 2005 στξμεεω-
2223 1902 2262 1953 Β
2284 1924 2341 2015 id
2376 1926 2744 2005 probandum
2771 1930 2972 1991 utitur.
3004 1929 3145 2010 Ejus
3170 1931 3294 1992 haec
3317 1902 3497 1991 verba
3515 1940 3644 1991 sunt
3671 1902 3692 1992 ε’
3714 1902 3736 1982 λ
3762 1926 3882 1991 0m~

562 2026 705 2103 τὲον,
742 2014 987 2102 νοητὲον,
1018 2026 1338 2106 χωριστέον,
1374 2033 1433 2086 et
1464 2023 1578 2085 alia
1612 2023 1668 2084 id
1691 2041 1877 2099 genus
1911 2019 2198 2098 permulta

2304 2014 2425 2076 tino
2446 2015 2608 2106 enim
2645 2018 2747 2077 toti
2797 2018 3109 2096 vaporibus
3141 2019 3401 2092 aluntur,
3441 2038 3556 2080 non
3614 2018 3757 2097 quod
3803 2034 3885 2077 eos

567 2112 784 2194 passim
814 2104 1131 2176 occurrere
1161 2114 1221 2174 in
1252 2114 1362 2175 hoc
1394 2112 1848 2189 commentario,
1876 2115 1937 2171 in
1989 2109 2198 2170 Basilio
2288 2104 2591 2178 mandant,
2621 2115 2719 2167 aut
2741 2107 3018 2188 injiciant
3040 2109 3097 2170 in
3130 2117 3423 2179 ventrem,
3458 2109 3562 2170 sed
3590 2107 3812 2188 perinde
3839 2114 3887 2164 ut

568 2221 703 2264 vero
735 2202 908 2281 longe
935 2203 1147 2264 rarius.
1181 2202 1433 2263 Basilius
1484 2202 1566 2265 ita
1601 2199 1798 2281 jungit
1846 2197 2196 2259 infinitivum
2284 2194 2632 2255 animalium
2667 2196 2791 2275 pili,
2829 2217 3079 2277 ungues,
3116 2208 3173 2257 et
3221 2216 3598 2278 quacunque
3628 2210 3753 2257 sunt
3780 2196 3887 2272 ejus

571 2292 1071 2373 praepositionimt
1089 2310 1158 2353 eo
1190 2290 1472 2372 loquendi
1496 2308 1717 2367 genere
1750 2308 1925 2371 parce.
1958 2298 2149 2349 utatur
2185 2308 2197 2349 ε
2288 2283 2547 2364 generis,
2584 2286 2656 2345 ad
2692 2305 2855 2346 suam
2894 2296 3072 2348 totam
3094 2287 3571 2349 constituendam
3598 2283 3887 2373 substanti—

567 2392 625 2444 at
654 2372 882 2444 auctori
898 2393 1099 2442 nostro
1118 2382 1226 2442 hac
1245 2381 1486 2443 dicendi
1507 2380 1759 2441 formula
1782 2378 1928 2439 nihil
1962 2377 2206 2438 familia-
2289 2391 2380 2435 am
2404 2372 2752 2435 alimentum
2773 2376 3479 2457 excipiunt.Quapropter
3500 2372 3889 2453 avitlegaudent

565 2471 714 2534 rius.
748 2469 932 2550 Cujus
956 2471 1190 2550 generis
1239 2479 1332 2531 est
1362 2469 1504 2531 illud
1540 2485 1553 2531 :
1588 2470 1736 2527 Ἐπεὶ
1799 2472 1886 2526 οὖν
1955 2469 2012 2525 οὗ
2070 2489 2203 2542 μετ-
2291 2461 2941 2543 nidoribus,acfumum
2961 2485 3033 2529 ex
3060 2467 3886 2545 thureprodeunlemtanquam

569 2560 874 2631 εὸλήθησαν
920 2561 1026 2618 ἀπὸ
1070 2568 1163 2618 τοῦ
1194 2559 1368 2617 ἂδικοι
1404 2560 1572 2632 εἶναι,
1615 2561 1701 2615 καὶ
1733 2557 1917 2615 σκολιὰ
1948 2559 2094 2637 ἔχειν
2143 2559 2205 2611 τα

2304 2550 2490 2613 sibiad
2506 2553 2844 2615 alimoniam
2865 2556 3377 2617 accommodatum
3394 2553 3789 2617 exsorbent.Et
3802 2551 3889 2611 for-

571 2648 864 2711 ὲπιϐούλια.
900 2647 1043 2712 Item
1078 2648 1221 2709 illud
1260 2669 1274 2708 :
1318 2649 1463 2728 Παρὰ
1494 2651 1576 2727 τὸ,
1610 2650 1696 2704 xxi
1730 2648 1785 2704 ἐκ
1821 2650 2085 2720 στόματος
2116 2653 2205 2701 τοῦ

2304 2658 2444 2702 asse
2466 2640 2524 2701 in
2548 2641 2906 2706 animaiibus
2932 2645 3293 2725 inestaliqua
3315 2664 3450 2705 cum
3474 2642 3886 2728 dmmouicorutn

571 2746 703 2796 Θεοῦ
730 2738 974 2816 λέγεσθαι
1006 2738 1439 2818 προεληλυθέναι.
1476 2735 1622 2799 Item
1660 2736 1802 2798 illud
1838 2756 1850 2796 :
1906 2737 2066 2811 Ὑπὲρ
2117 2746 2207 2790 του

2304 2748 2603 2809 :orporum
2657 2734 3124 2814 pr0prietatibus
3184 2734 3584 2796 necessitudo.
3619 2733 3779 2793 Porro
3809 2727 3889 2801 qui

570 2835 729 2885 πᾶσιν
760 2832 928 2887 αὐτῶν
958 2829 1025 2884 τὰ
1054 2828 1314 2908 πρόσωπα
1339 2828 1480 2884 εῖναι
1513 2832 1813 2907 καταφανῆ.
1848 2826 1993 2887 Item
2020 2824 2162 2885 illud
2191 2844 2204 2881 :

2304 2819 2443 2879 votis
2483 2818 2817 2882 daemonum
2843 2822 3153 2903 explendis
3183 2823 3451 2904 student,
3481 2823 3577 2884 alii
3609 2820 3750 2884 aliud
3779 2818 3887 2880 offe-

572 2926 810 2977 Τοσαῦτα
843 2920 915 2981 εἷς
946 2918 1006 2973 τὸ
1036 2917 1356 2997 σαφέστερον
1389 2918 1724 2983 νοηθῆναι...
1758 2916 1894 2971 κατᾶ
1924 2918 1984 2971 τὸ
2019 2957 2063 2976 .,
2138 2916 2209 2976 εἷς

2304 2912 2738 2997 runt,tanquam
2766 2910 2852 2973 eis
2872 2912 2944 2974 ad
2967 2913 3306 2974 alimoniam
3339 2910 3836 2974 accommodatius.
3874 2936 3888 2957 τ

572 3009 657 3086 τὸ,
707 3006 907 3085 ἡμέρας
968 3008 1066 3082 μὲν
1121 2995 1352 3077 άκιάζειν
1401 3007 1588 3070 αὖτοὺς
1618 3006 1714 3072 τὴν
1758 3003 2000 3080 νεφέλην.
2066 3004 2208 3061 Item

2304 2995 2606 3072 Graecame
2636 2999 2866 3078 longior
2886 3020 3105 3083 essem,
3128 3021 3241 3062 non
3268 3001 3519 3081 apposui
3551 3022 3566 3077 ;
3590 3000 3686 3062 sed
3714 3018 3743 3060 a
3769 3014 3893 3086 quof

574 3084 720 3157 illud
758 3110 772 3156 ζ
809 3096 956 3152 Κατὰ
998 3096 1059 3151 τὸ
1091 3094 1580 3174 ἒμπιριειληφὲναι.
1614 3092 1760 3154 Item
1810 3092 1949 3152 illud
1984 3113 1997 3149 :
2061 3090 2214 3153 ’Ἑξω

2304 3086 2444 3148 libet
2473 3086 2587 3165 legi
2616 3098 2863 3168 possunt
2905 3109 2974 3151 eo
3020 3110 3196 3172 quem
3231 3092 3353 3152 dixi
3399 3092 3553 3153 loco.
3586 3089 3745 3167 Quid,
3768 3084 3891 3166 quod

574 3186 737 3262 δσμὲν
791 3192 887 3240 τοῦ
942 3186 1303 3255 ταλανίζεσθαι
1360 3184 1444 3239 ἐπὶ
1535 3198 1653 3244 τοῖς
1712 3184 1989 3243 τοιούτοις.
2071 3178 2213 3241 [tein

2304 3193 2508 3255 parum
2542 3177 2745 3238 habuit
2788 3180 3041 3260 scriptor
3085 3181 3363 3260 praeclara
3398 3181 3502 3243 illa
3534 3179 3707 3243 semel
3737 3177 3891 3239 eﬂ‘uti-

578 3273 720 3337 illud
759 3292 773 3334 ζ
810 3275 906 3328 Διὰ
947 3274 1046 3350 γὰρ
1077 3275 1138 3329 τὸ
1192 3275 1479 3353 χαίροντας
1534 3272 1721 3332 αὐτοὺς
1778 3272 1863 3326 καὶ
1919 3269 2213 3349 ὑϐρίζοντα

2304 3266 2452 3328 visse
2483 3271 2510 3328 ?
2542 3267 2711 3329 Dicas
2742 3286 2877 3330 eum
2904 3270 3016 3331 hoc
3048 3278 3389 3331 commento
3419 3287 3785 3348 summopere
3810 3266 3895 3325 tle-

546 376 705 428 CCXX

576 3362 811 3443 τρέχειν.
847 3360 937 3423 Ad
958 3359 1117 3424 idem
1143 3380 1355 3441 genus,
1390 3380 1523 3421 cum
1557 3359 1629 3421 de
1663 3359 1948 3419 inﬁnitivo
1982 3376 2216 3437 quoque

580 3458 806 3529 agatur,
845 3449 1099 3530 pertinet
1137 3449 1395 3527 quodam
1433 3450 1607 3511 modo
1641 3458 1698 3511 et
1722 3448 1863 3511 illud
1901 3468 1915 3506 :
1968 3449 2151 3506 o-Lxs'ro.
2182 3450 2214 3512 ἦ

580 3549 670 3598 τοῦ
712 3538 1113 3617 ἐγκαταλείπειν
1144 3542 1235 3597 τὸν
1272 3541 1455 3615 Κύριον
1489 3542 1718 3619 ἁμαρτία
1754 3540 2210 3617 ἐνεργηθήσεταιμ

582 3629 719 3692 Haec
778 3628 979 3706 retuli,
1040 3647 1155 3688 non
1190 3628 1342 3709 quod
1402 3636 1596 3708 putem
1624 3629 1915 3707 ejusmodi
1949 3626 2219 3704 exempla

584 3718 746 3779 nulla
793 3726 1027 3779 exstare
1054 3717 1211 3797 apud
1262 3717 1519 3797 optimos
1549 3737 1821 3797 quosque
1852 3717 2171 3797 scriptores
2203 3735 2215 3776 :

581 3805 685 3867 sed
711 3805 868 3886 quod
900 3811 1112 3867 horum
1137 3825 1278 3868 usus
1305 3806 1672 3885 frequentior
1696 3806 1877 3868 multo
1906 3808 1979 3866 sit
2004 3811 2060 3864 ln
2089 3825 2219 3865 nos-

589 3904 676 3956 tro
708 3904 973 3968 auctore,
999 3914 1173 3975 quam
1206 3894 1267 3956 in
1307 3896 1542 3959 Basilio.
1580 3898 1647 3957 Et
1673 3896 1826 3977 quod
1878 3900 2061 3973 magis
2088 3913 2216 3954 mo-

584 4002 722 4045 vere
752 3982 954 4060 debet,
991 4004 1108 4044 non
1137 4001 1325 4065 pauca
1353 3992 1490 4046 sunt
1520 3985 1597 4045 ita
1631 4003 1800 4049 nova.
1837 3984 1914 4044 ita
1963 3983 2220 4053 insolita,

592 4082 655 4137 ut
677 4071 896 4134 similia
927 4072 1067 4134 alibi
1092 4072 1355 4135 nancisci
1383 4073 1629 4135 difﬁcile
1662 4074 1756 4136 sit.
1784 4072 1989 4146 Qualia
2021 4073 2221 4133 tortas-

2302 3354 2575 3417 lectatum
2602 3368 2823 3437 esse,et
2846 3359 3221 3440 timuisse,ne
3242 3360 3289 3419 si
3310 3360 3503 3421 semel
3524 3369 3736 3421 tantum
3752 3356 3893 3414 dixis-

2301 3444 2676 3518 set,lectores
2690 3446 3060 3526 fugeret.Sed
3078 3468 3283 3510 rursus
3308 3449 3639 3511 audiendus
3658 3456 3756 3508 est.
3788 3445 3901 3522 Ejus

2303 3534 2484 3614 igitur
2508 3535 2632 3598 haec
2649 3545 2806 3609 sunt,
2829 3537 2929 3598 illa
2950 3538 3310 3619 (num.236):
3327 3537 3589 3619 Ulutate,
3610 3535 3898 3613 sculptilia,

2305 3627 2369 3685 in
2386 3627 2728 3687 Jerusalem
2758 3625 2783 3666 ⁴
2817 3636 2983 3707 ,etc.,
3012 3629 3488 3707 interpretantis:
3526 3652 3548 3683 ι
3579 3626 3895 3701 Quoniam,»

2306 3713 2515 3794 inquit,
2553 3735 2581 3773 ι
2642 3715 2815 3794 lignis
2856 3716 2931 3778 ab
2975 3719 3252 3779 humanis
3287 3718 3563 3779 manibus
3605 3718 3826 3777 formam
3852 3729 3902 3770 ac

2306 3803 2551 3880 figuram
2576 3803 3032 3870 habentibus....
3055 3817 3152 3869 aut
3173 3807 3424 3888 reliquis
3445 3807 3641 3871 idolis.
3658 3818 3904 3885 quaecun-

2307 3910 2421 3971 que
2450 3891 2565 3954 alia
2594 3902 2731 3955 sunt
2762 3914 2829 3956 ex
2858 3895 3113 3976 pretiosa
3137 3897 3223 3958 vel
3257 3896 3349 3957 vili
3386 3896 3631 3957 materia
3680 3896 3830 3969 facta,
3860 3900 3901 3948 et

2305 4000 2436 4062 qua
2457 4000 2489 4043 a
2509 3984 2783 4058 gentibus
2805 3986 3147 4067 adorantur,
3181 3986 3438 4047 latenter
3460 3986 3719 4047 assident
3742 3976 3905 4060 priesi-

2308 4072 2412 4131 des
2429 4071 2667 4152 quidam
2690 4073 3095 4156 daemones,“
3122 4077 3199 4137 im
3210 4078 3372 4156 puris
3386 4075 3575 4135 sacris
3594 4074 3906 4149 voluptatem

591 4183 656 4226 se
686 4161 828 4223 illa:
864 4163 1012 4241 Παρὰ
1041 4164 1125 4242 τὸ,
1158 4165 1244 4219 καὶ
1273 4165 1331 4219 ἐκ
1385 4166 1648 4237 στόματος
1680 4171 1771 4221 τοῦ
1804 4172 1931 4219 Θεοῦ
1981 4162 2216 4241 λέγεσθιι

2308 4160 2629 4241 capientes.
2666 4162 3176 4235 Quemadmodum
3205 4166 3364 4226 enim
3408 4164 3469 4225 in
3499 4165 3641 4225 locis
3665 4156 3905 4222 macello-

588 4250 1019 4332 προεληλυθέναι·
1109 4251 1207 4317 ’ἐξω
1264 4254 1424 4328 ἐσμέν
1508 4263 1598 4312 τοῦ
1650 4252 2038 4324 ταλανίζεςθχιο
2100 4255 2126 4309 ὃ
2175 4252 2216 4306 δὲ

2316 4269 2471 4326 rum,
2491 4250 2591 4312 ubi
2609 4271 2788 4315 cruor
2810 4262 2870 4317 et
2892 4255 3132 4333 sanguis
3147 4255 3267 4334 jam
3286 4262 3606 4333 corruptus
3629 4249 3911 4320 invenitur,

594 4344 907 4419 ἐπιστήμων
937 4341 1073 4397 κατὰ
1101 4343 1163 4398 τὸ
1219 4341 1686 4422 ἐμπεριειληφέναι
1720 4344 1783 4398 τὰ
1843 4344 2111 4421 ἀναγκαῖα
2159 4344 2216 4397 sit

2319 4359 2493 4401 canes
2523 4342 2796 4422 cupeJiis
2819 4343 3007 4406 dediti
3041 4353 3512 4405 commorantur:
3546 4343 3620 4404 ita
3646 4350 3700 4401 et
3726 4338 3916 4399 deamo-

594 4432 963 4512 μακαριότητα
994 4432 1335 4509 θεωρήματα,
1392 4432 1529 4506 μετὰ
1562 4434 1679 4496 τοὺς
1710 4430 1812 4500 ἢδη
1867 4432 2087 4489 ἑκτικῶς
2148 4455 2216 4486 κα

2319 4448 2424 4492 nes
2456 4431 2608 4508 gula;
2633 4433 3349 4514 servientes;voluptatem
3372 4451 3446 4494 ex
3472 4430 3745 4510 sanguine
3764 4444 3821 4488 ac
3849 4428 3919 4481 nl~

596 4523 799 4599 παγίως
824 4520 1069 4600 συνέχειν
1084 4520 1136 4578 ἐν
1163 4521 1333 4594 ἑαυτῷ
1384 4517 1555 4592 Quod
1575 4530 1770 4582 autem
1800 4520 1993 4583 notavi
2028 4520 2216 4580 ιιΙῐὶῐιι(

2321 4518 2466 4581 dore
2498 4520 2926 4583 sacrificiorum
2953 4522 3452 4603 captautes,circa
3474 4539 3605 4582 aras
3626 4526 3922 4590 statuasque

602 4611 756 4686 loco,
791 4609 1023 4677 οὒκέτιή
1051 4609 1142 4666 τοῦ
1172 4611 1573 4688 ἐγκαταλείπειν
1630 4612 1719 4667 τόν
1764 4612 1949 4689 Κύριοι.
2010 4611 2216 4689 ἀμαρτίτ

2320 4605 2436 4669 sibi
2455 4616 2832 4671 consecratas
2866 4610 3218 4672 volutantur.
3248 4612 3429 4673 Forte
3453 4611 3610 4671 enim
3632 4605 3925 4668 nutriuntur

603 4700 1039 4779 ἐνεργηθήσεται,
1072 4697 1148 4761 de
1168 4698 1281 4760 heo
1314 4698 1505 4760 habeo
1567 4700 1856 4780 polliceri,
1913 4699 2083 4760 talem
2150 4703 2237 4759 tu-
2323 4695 2501 4758 etiam
2535 4715 2741 4758 eorum
2781 4716 3053 4780 corpora,
3089 4719 3219 4781 quae
3250 4701 3419 4761 aeria
3468 4708 3606 4760 sunt
3634 4704 3728 4756 aut
3759 4690 3923 4781 ignita,

603 4787 1093 4871 quendimodum
1125 4787 1188 4849 in
1213 4789 1485 4868 genuinis
1513 4787 1716 4851 Basilii
1763 4790 2043 4869 operibus
2094 4807 2239 4849 nus-
2323 4795 2421 4850 aut
2452 4804 2522 4847 ex
2576 4796 2829 4868 utroque
2862 4789 3157 4851 elemento
3190 4789 3599 4869 composita...
3655 4783 3794 4845 Hinc
3842 4792 3922 4857 ψη

605 4894 782 4957 quam
811 4874 1248 4957 reperiri.Leve
1266 4876 1563 4939 videbitur
1595 4878 1751 4955 quod
1778 4877 2243 4959 addam;addere
2327 4884 2651 4937 vescuntur
2680 4876 3049 4958 idolothytis,
3080 4877 3404 4959 participes
3436 4876 3716 4936 dicuntur
3748 4880 3928 4930 mensae

604 4963 1147 5047 tamenlibet,quod
1168 4965 1241 5029 ad
1255 4984 1383 5029 rem
1405 4965 2060 5046 faciat:nempe,vocem
2086 4990 2216 5023 κατα

2328 4964 2933 5028 ἀωωοηὶοτυιη.(ὶυιη
2962 4967 3118 5028 enim
3136 4966 3373 5028 victima
3388 4966 3639 5026 offertur
3655 4962 3928 5033 idolo,p0r-

603 5056 784 5123 νόησις
815 5070 951 5117 raro
984 5054 1306 5117 admodum
1340 5054 1617 5118 adhiberi
1647 5074 1677 5116 a
1726 5056 1964 5117 Basilio.
1994 5075 2062 5115 ea
2109 5075 2245 5115 vero
2332 5053 2619 5134 tioaliqua
2638 5054 2814 5115 etiam
2835 5055 3119 5117 assidenti
3146 5056 3400 5117 daemoni
3430 5054 3925 5134 destinatumqan-

605 5162 747 5207 voce
777 5144 1161 5224 interpretem
1214 5145 1295 5206 uti
1327 5164 1502 5226 quam
1562 5145 2056 5224 frequentissime.
2127 5144 2251 5206 Hoc
2334 5130 2656 5225 doquidem
2688 5143 3044 5207 daemonium
3078 5156 3135 5207 et
3167 5164 3240 5207 ex
3266 5144 3559 5224 sanguine
3582 5141 3683 5223 qui
3712 5133 3864 5198 veluti
3885 5130 3927 5188 in

604 5233 766 5296 idem
801 5232 923 5295 fere
953 5233 1176 5295 dictum
1205 5234 1480 5296 volumus
1511 5234 1585 5295 de
1616 5234 1741 5313 illo,
1777 5232 2092 5310 διορατικόζ.
2130 5232 2252 5295 Nec
2334 5251 2534 5295 aerem
2564 5251 2767 5294 versus
2798 5243 2906 5310 est,
2943 5243 3000 5296 et
3032 5254 3099 5296 ea
3134 5236 3310 5317 adipe
3344 5233 3770 5310 suﬂ‘umigante,
3804 5231 3928 5317 etc!

604 5323 778 5386 aliter
806 5323 1187 5385 sentiendum
1224 5322 1297 5385 de
1325 5340 1469 5385 voce
1493 5325 1812 5402 ἡγεμονικός
1845 5324 1979 5384 Scio
2012 5324 2251 5403 quidem
2336 5323 2587 5403 reliquis
2603 5316 3535 5406 holocaustispartemquamdam
3552 5316 3928 5406 sibiassmnit,»

604 5414 761 5477 hanc
788 5431 992 5474 vocem
1022 5420 1084 5473 ut
1111 5410 1404 5484 aBasilio,
1430 5413 1512 5476 ita
1540 5432 1576 5475 a
1602 5412 1978 5494 politioribus
1999 5402 2253 5493 scripto-
2339 5402 2667 5492 etc.Legas
2698 5413 2873 5473 velim
2906 5402 3113 5479 Graeca
3134 5416 3193 5475 in
3211 5402 3342 5495 ipso
3377 5402 3933 5474 commentario.ch

606 5504 772 5568 ribus
796 5502 1054 5567 libenter
1082 5502 1508 5584 usurparizsed
1536 5522 1606 5566 ea
1633 5519 1745 5566 vox
1776 5513 1889 5565 tam
1917 5502 2257 5583 frequenter
2342 5503 2586 5586 quidem
2639 5512 2942 5584 utcunque
2975 5502 3281 5567 toleranda
3319 5510 3528 5567 essent
3556 5500 3706 5582 apud
3768 5502 3938 5576 poetas

681 5677 715 5729 δ
754 5676 1069 5754 181.1,“.
1155 5671 1329 5740 ‘Isa.
1359 5692 1417 5750 ιι,
1457 5674 1553 5737 10.
