4100 6202
1381 303 1452 363 D.
1497 301 1658 364 JUL.
1707 296 2086 361 GARNERII
2136 301 2555 364 PREFATIO.

3476 317 3659 366 CCXXI

280 446 379 501 ant
401 436 561 518 apud
586 437 862 517 jocosum
896 432 1254 513 scriptorem
1277 431 1922 496 Lucianummteadem
1944 440 1981 491 Α
2005 433 2203 512 ipsum
2229 434 2715 512 coarguitFilios
2744 438 2929 516 genui
2959 444 3013 498 et
3032 435 3655 500 emaltavi6.t}enera-

281 528 337 589 in
366 531 601 588 Patrum
631 522 987 604 gravissimo
1012 523 1226 584 Basilio
1249 521 1384 598 quis
1405 520 1583 583 ferat?
1614 518 1751 583 Scio
1785 519 1922 601 qui-

278 616 407 676 dem
436 613 702 677 caelestia
734 612 1001 692 quasdam
1056 629 1305 691 corpora
1351 610 1577 689 angelis
1607 628 1640 670 a
1670 608 1923 691 quibus—

277 708 405 767 dam
428 704 709 769 Patribus
726 701 949 766 Grmcis
974 700 1287 764 tribuizsed
1304 699 1688 780 nullus,quod
1713 700 1920 778 sciam,

279 794 578 875 ejusmodi
601 811 788 871 nugas
818 810 1075 870 unquam
1107 790 1369 869 garrivit.
1398 789 1673 851 Arbitror
1724 797 1922 849 autem

280 885 557 947 Basiliam
609 902 643 944 a
695 883 871 942 tantis
901 880 1309 941 deliramentis
1367 878 1623 940 maxime
1655 878 1920 939 omnium

272 972 686 1035 abhorruisse.
708 971 814 1033 Vir
843 988 1112 1031 summus
1143 988 1218 1031 ne
1248 968 1471 1048 optima
1496 968 1761 1049 quidem,
1792 985 1922 1046 quae

274 1073 397 1125 erat
427 1064 563 1143 ejus
615 1059 906 1122 mirabilis
948 1059 1118 1140 c0pia
1147 1058 1412 1140 dicendi,
1436 1067 1711 1139 repetere
1740 1057 1915 1120 solet.

276 1152 593 1226 Quomodo
631 1169 776 1230 ergo
821 1149 915 1211 sui
930 1157 1063 1216 .tam
1097 1147 1406 1209 dissimilis
1437 1165 1569 1208 esse
1600 1145 1811 1226 potuit,
1863 1154 1924 1206 ut

271 1241 459 1303 semel
492 1252 551 1303 et
584 1240 799 1301 iterum
833 1239 1023 1300 aniles
1072 1236 1303 1298 fabulas
1363 1235 1735 1297 narraverit?
1788 1234 1923 1312 Legi

272 1331 451 1393 etiam
486 1337 760 1410 possunt,
795 1346 926 1408 quae
952 1326 1231 1389 dicuntur
1253 1324 1327 1388 de
1352 1324 1634 1387 Calvariaz
1677 1324 1807 1385 loco
1830 1333 1923 1385 tit-

272 1443 384 1504 que
416 1426 688 1487 nomine.
726 1440 842 1482 non
877 1420 1079 1500 procul
1124 1419 1197 1482 ab
1244 1419 1409 1481 initio
1460 1417 1675 1499 capitis
1704 1416 1921 1497 quinti.

270 1513 377 1576 His
398 1521 569 1575 certe
599 1512 747 1573 nihil
774 1510 1053 1591 lepidius,
1081 1510 1226 1572 nihil
1249 1509 1517 1572 facetius.

348 1601 635 1666 59.Hunc
648 1600 750 1682 qui
771 1600 830 1662 in
857 1600 1130 1661 manibus
1152 1607 1245 1661 est
1270 1596 1766 1660 commentarium
1789 1614 1924 1656 cum

271 1693 779 1771 interpretarer,a
807 1688 1093 1770 plagiario
1130 1689 1464 1749 confectum
1496 1704 1631 1748 esse
1652 1685 1925 1766 suspica-

2007 523 2184 586 tiouis
2206 524 2339 586 duae
2361 525 2591 604 species
2622 534 3043 607 sunt,quarum
3070 524 3184 587 alia
3204 534 3292 587 est
3318 526 3418 588 illa
3446 544 3658 588 secun-

2006 614 2144 675 dum
2182 613 2367 675 Deum
2392 615 2743 696 forma,quze
2766 632 2835 676 ex
2855 615 3137 696 operibus
3161 624 3219 677 et
3251 635 3318 677 ex
3354 615 3659 677 mandato-

2007 721 2136 764 rum
2173 706 2553 783 perceptione
2579 708 3026 786 perliciturzqua
3056 706 3287 767 ratione
3320 706 3536 767 Paulus
3560 706 3653 766 di-

2007 791 2268 872 scipulos
2293 813 2435 855 suos
2460 813 2563 875 per
2595 795 2983 872 Evangelium
3018 794 3222 874 gignit.
3259 816 3287 854 »
3322 795 3539 858 Eadem
3562 814 3655 858 re-

2008 882 2201 962 peries
2230 902 2338 945 suo
2370 884 2501 945 loco
2547 885 2704 963 apud
2742 885 3295 966 pseudo-Basiliam
3348 890 3405 945 in
3440 886 3651 948 eadem

2009 972 2309 1051 prophetze
2334 972 2744 1052 verba(num.l
2761 978 2844 1053 5),
2867 976 3053 1035 Filios
3075 976 3260 1054 genui
3282 982 3337 1037 et
3358 974 3648 1038 θωαιίαυί.

2004 1062 2214 1122 Moneo
2267 1060 2597 1136 tamen,ubi
2656 1061 2873 1140 legitur
2919 1062 2977 1122 in
3034 1062 3314 1131 Eusebio.
3368 1066 3652 1141 μαρτυρίαν

2006 1150 2531 1230 ἐλέγχει,1θείδρυά
2567 1152 3647 1233 ρεθιιιΙο-Βδεὶιίυῐη,ἀμαρτὶανἐλέγχει,

2008 1237 2123 1300 Sed
2159 1240 2437 1302 mendum
2461 1257 2592 1303 esse
2625 1241 2890 1302 arbitror
2919 1240 3456 1303 librariorum.Non
3490 1240 3646 1302 enim

2007 1327 2209 1388 dubito
2229 1330 2372 1410 quin
2399 1330 2713 1408 legendum
2748 1332 3258 1407 8Ῐι,ἆυ.αρτίαν,ῑυῐη
3279 1330 3433 1409 quod
3464 1348 3527 1391 ea
3542 1349 3649 1390 vox

2008 1418 2362 1481 sententiam
2396 1420 2580 1499 magis
2608 1420 2885 1482 idoneam
2921 1421 3291 1500 efficiat,tum
3326 1418 3480 1501 quod
3500 1419 3648 1481 Pro-

2009 1509 2339 1588 copius,qui
2372 1516 2428 1569 et
2460 1510 2587 1589 ipse
2619 1528 2855 1590 quoque
2876 1508 3209 1571 Eusebiana
3232 1510 3447 1590 passim
3490 1528 3651 1571 com-

2012 1594 2232 1670 pilavit,
2270 1597 2580 1678 scripserit
2626 1599 2837 1660 eodem
2875 1599 3071 1679 modo,
3104 1601 3360 1678 ἁμαρτίαν
3407 1600 3646 1678 ἐλέγχει.

2008 1684 2253 1747 Eusebii
2284 1688 2493 1749 iterum
2522 1688 2695 1750 verba
2718 1697 2877 1767 sunt,
2901 1687 3043 1750 illud
3074 1711 3086 1746 :
3112 1690 3388 1751 Eversoa
3410 1687 3651 1769 populis

271 1782 645 1845 bar.Etenim
673 1797 790 1841 non
818 1796 952 1839 raro
978 1778 1186 1840 eadem
1218 1776 1524 1859 pr0phetaz
1553 1777 1682 1837 loca
1713 1773 1807 1835 bis
1827 1780 1928 1834 aut
1952 1805 1987 1853 Β
2008 1774 2226 1838 alienis
2254 1779 2408 1839 sicut
2430 1779 2893 1841 tabernaculum
2922 1782 2988 1841 in
3010 1781 3188 1841 vinea
3207 1779 3260 1858 7,
3295 1786 3436 1859 etc.;
3469 1785 3650 1840 inter-

272 1882 363 1933 ter
390 1871 671 1953 explanat
686 1867 1047 1949 scriptor-,ob
1078 1868 1256 1948 idque
1282 1865 1429 1927 mihi
1458 1865 1518 1927 in
1548 1879 1805 1926 mentem
1820 1882 1917 1926 ve-

2012 1866 2341 1946 pl‘elamiSI
2384 1870 2469 1934 Εἷς
2501 1870 2727 1948 φρουρὰν
2787 1870 2890 1926 τῶν
2949 1868 3001 1924 ἓν
3061 1882 3181 1929 ταῖς
3229 1868 3487 1943 ἀμπέλοις
3514 1890 3649 1946 καρ-

267 1959 471 2022 niehat
498 1978 637 2021 eum
660 1957 775 2020 alia
805 1958 1044 2019 aliunde
1061 1957 1413 2037 sumpsisse.
1448 1954 1754 2036 Exempla,
1789 1972 1917 2016 cum

2009 1962 2122 2013 πῶν
2153 1958 2203 2013 αἰ
2235 1960 2425 2025 σκηναὶ
2468 1960 2784 2036 πήγνυνται.
2833 1956 3016 2017 ’Ὅταν
3046 1960 3143 2033 μὲν
3176 1959 3267 2016 οὖν
3308 1961 3502 2033 εὗθῆνῇ
3531 1970 3649 2020 τοῖς

266 2050 442 2111 obvia
472 2050 619 2121 sint,
652 2048 865 2109 inutile
899 2047 1077 2109 fuerit
1098 2047 1295 2127 aliqua
1328 2046 1617 2126 proferre.
1653 2044 1917 2123 Augebat

2007 2047 2215 2110 οἰκείοις
2262 2061 2492 2126 καρποῖς
2522 2050 2556 2117 ἡ
2591 2046 2855 2123 ἄμπελος,
2890 2046 3235 2119 σπουδάζεται
3260 2050 3293 2116 η
3319 2049 3516 2121 σκηνὴ,
3563 2050 3650 2103 καὶ

266 2138 703 2221 suspicionem,
725 2137 882 2214 quod
914 2137 1257 2216 scriptionis
1284 2153 1473 2216 genus
1495 2134 1738 2197 Eusebii
1770 2134 1917 2216 stylo

2007 2135 2182 2203 πάσης
2211 2135 2444 2201 ἀξιοῦται
2482 2137 2811 2212 ἐπιμελείας·
2850 2138 2988 2195 ὥστε
3032 2138 3123 2194 ἀπ’
3158 2142 3321 2205 αὒτῆς
3350 2137 3649 2194 κατοπτεύ-

265 2248 442 2307 quam
479 2228 754 2309 proxime
774 2224 1265 2289 accedit.Norunt
1285 2225 1444 2286 enim
1470 2223 1572 2305 qui
1594 2222 1919 2286 Eusebium

261 2319 345 2378 vel
373 2318 842 2397 printoribus,ut
867 2315 1105 2385 dicitur.
1143 2316 1326 2377 labris
1354 2314 1699 2394 attigerunt,
1743 2331 1919 2394 quam

262 2408 311 2469 ei
345 2407 645 2469 familiare
676 2405 755 2468 sit
798 2404 1141 2467 nominibus
1171 2406 1232 2466 in
1253 2427 1345 2468 κος
1379 2401 1789 2466 desinentibus
1811 2402 1914 2484 uti;

261 2497 319 2557 id
343 2496 607 2576 quod,ut
628 2496 1121 2575 monuimus,non
1139 2494 1407 2556 insolens
1437 2493 1573 2555 facit
1595 2493 1914 2571 interpres.

265 2584 457 2648 Voces
508 2584 731 2647 multas
765 2603 909 2666 quas
955 2584 1267 2646 inusitatas
1292 2582 1446 2664 apud
1480 2581 1761 2645 Basilium
1787 2600 1918 2643 esse

264 2684 321 2736 et
338 2692 522 2736 novas
555 2674 939 2755 putabam,in
970 2673 1228 2736 Eusebio
1260 2673 1460 2753 legere
1492 2672 1915 2733 memineram.

263 2762 405 2844 Ejus
436 2763 683 2843 generis
730 2771 868 2824 sunt
907 2780 1103 2833 voces,
1150 2761 1491 2843 ἀσεϐήματα,
1543 2763 1677 2818 κατὰ
1722 2783 1917 2837 συναρ-

266 2856 468 2932 παγὲν,
504 2852 868 2930 δεκάπληγος,
895 2858 1009 2915 etc.
1037 2855 1162 2914 lmo
1197 2870 1320 2913 non
1343 2850 1522 2912 verba
1552 2850 1773 2930 solum,
1812 2848 1916 2911 sed

264 2941 599 3004 sententias
629 2941 804 3003 etiam
840 2940 995 3021 ipsas
1026 2940 1099 3001 ab
1134 2940 1388 3003 Eusebio
1426 2940 1641 3001 mutari
1673 2938 1920 3000 mihivi-

2004 2246 2079 2280 ειν
2108 2227 2197 2281 τὸν
2230 2226 2460 2306 φύλακα,
2482 2229 2691 2302 μὴποτε
2722 2234 2983 2304 ταυγῶσιν
3020 2229 3179 2296 αὑτὴν
3206 2229 3251 2283 οἱ
3282 2225 3653 2305 πηαραπορευοό

2003 2335 2152 2390 μενοι
2184 2316 2280 2381 τὴν
2314 2314 2455 2377 ὁδόν.
2504 2313 2680 2374 ’Ὅταν
2713 2315 2766 2372 δὲ
2812 2316 3047 2394 ἄκαρπος
3077 2322 3142 2397 ᾗ,
3171 2315 3453 2390 ἀμελεῖται
3483 2318 3645 2394 ἁναγ.

2003 2404 2165 2469 καίως
2210 2407 2307 2471 τῆς
2367 2406 2607 2481 ἀμπέλου
2650 2408 2715 2463 τὰ
2782 2406 3137 2486 φυλακτήρια.
3204 2408 3301 2462 Διὰ
3348 2416 3501 2465 τοῦτο
3558 2414 3650 2463 τοῦ

2004 2492 2398 2570 ἰσραηλιτικοῠ
2478 2495 2609 2552 λαοῦ
2663 2498 2761 2561 τὴν
2816 2495 3195 2574 ἐγκατάλειψιν
3268 2495 3506 2568 ἀπειλεῖ,
3572 2498 3644 2561 ὡς

2004 2583 2081 2659 μή
2139 2592 2595 2663 καρποφοροῦσα-τος
2646 2586 2712 2641 τὰ
2770 2584 3145 2647 ἐπιϐαλλοντα.
3190 2587 3515 2659 Φοὸηθῶμεν
3559 2584 3647 2642 οὖν

2004 2674 2145 2729 εἶναι
2179 2672 2430 2754 ἅίκαρποι,
2464 2676 2541 2749 μὴ
2582 2673 3081 2754 ἐγκαταλειφθῶμεν
3110 2676 3212 2734 ὑπὸ
3238 2674 3331 2741 τῆς
3360 2676 3523 2751 ὀργῆς
3555 2674 3647 2731 τοῦ

2005 2764 2158 2824 Θεοῦ,
2186 2765 2257 2822 Τὸ
2308 2763 2576 2843 φυλάσσον
2638 2766 2802 2843 ἡμᾶς,
2849 2766 2909 2820 τὸ
2942 2770 3156 2840 Πνεῦμα
3185 2765 3246 2822 τὸ
3277 2763 3426 2841 ἅγιόν
3480 2763 3643 2825 ἐστιν.

2002 2849 2182 2909 ’Ὅταν
2214 2853 2311 2927 μὲν
2344 2852 2434 2909 οὖν
2490 2860 2798 2932 καρποφορῇ
2837 2856 2864 2921 ἦ
2909 2855 3063 2933 ψυχὴ
3101 2852 3218 2918 ἄξια
3275 2852 3378 2909 τῶν
3425 2853 3648 2909 αἰωνίων

2001 2941 2308 3014 ἁποθηκῶν,
2363 2945 2652 3021 παραμένει
2711 2944 2797 2998 καὶ
2870 2942 3148 3023 φυλάσσει,
3225 2944 3311 2999 καὶ
3387 2941 3648 3019 πόρῥωθεν

265 3030 720 3104 debatur.Et,ut
751 3030 933 3091 multa
950 3030 1505 3110 omittam,scriptor
1529 3029 1607 3090 ita
1628 3028 1917 3108 interpre-

2003 3030 2236 3108 ἀπείργει
2266 3033 2359 3093 τὰς
2399 3039 2491 3089 τοῦ
2550 3039 2734 3104 μονιοῦ
2799 3040 2893 3090 τοῦ
2946 3032 3124 3111 ἀγρίου
3179 3028 3483 3093 ἐπιϐουλάς³
3519 3029 3646 3086 ὅταν

267 3129 420 3223 tatur
449 3119 1032 3223 ill-sinum.‘27‘3)‘:_Et
1055 3121 1166 3181 erit
1203 3118 1475 3223 Babylon
1506 3136 1644 3219 quae
1662 3124 1917 3218 vocatur

2002 3118 2062 3223 δέ
2117 3120 2386 3199 σταφυλὴν
2431 3121 2604 3202 χολής
2662 3128 2899 3201 γεωργῇ,
2930 3123 3017 3178 καὶ
3046 3122 3232 3198 βότρυν
3284 3120 3490 3198 πικρίας
3546 3121 3643 3176 ἑκ-

270 3208 491 3290 inclyta
511 3210 547 3261 5
570 3217 784 3289 etc.,ut
805 3208 1053 3269 dubium
1089 3228 1207 3269 non
1240 3208 1522 3270 haberem
1547 3207 1689 3288 quin
1718 3207 1915 3268 nomi-

2002 3209 2158 3291 φέρη,
2204 3209 2658 3288 ἔγκαταλιμπάνει
2699 3212 2795 3267 τ’ὶιν
2863 3210 3093 3287 ἄκαρπον
3152 3211 3358 3291 ψυχήν·
3392 3210 3476 3266 καὶ
3520 3209 3641 3265 τότε

268 3318 401 3359 num
436 3298 838 3379 quorumdam
874 3298 1403 3377 interpretationes
1458 3296 1811 3379 sumpsisset
1843 3296 1916 3357 ab

2002 3302 2101 3359 ὑπὸ
2163 3302 2359 3364 παντὸς
2413 3299 2675 3377 λογισμοῦ
2743 3298 3030 3375 θηριώδους
3080 3303 3166 3356 καὶ
3222 3300 3397 3365 πάσης
3450 3298 3647 3375 ἀλόγου

272 3386 711 3460 Eusebio.Quid
742 3388 939 3467 plura?
969 3387 1472 3450 Commentarium
1506 3386 1773 3468 eum,qui
1805 3406 1916 3449 no-

2002 3388 2277 3463 ἐπιθυμίας
2321 3403 2729 3452 καταπεσεϊται,
2794 3388 3081 3469 Πολλαχοὺ
3111 3391 3197 3446 καὶ
3227 3394 3488 3468 τροπικῶς
3531 3386 3641 3461 ἆμ-

270 3478 424 3539 mine
453 3477 665 3540 Basilii
690 3477 1127 3557 circumfertur,
1149 3478 1430 3539 attentius
1460 3495 1594 3538 cum
1628 3478 1911 3556 legerem,

2002 3477 2215 3535 πελῶνα
2274 3481 2365 3535 τὸν
2416 3478 2629 3557 Ἰσραὴλ
2689 3482 2715 3535 6
2760 3479 2920 3556 λόγος
2972 3478 3370 3557 προσαγορεόει·
3427 3479 3498 3539 ὡς
3558 3477 3639 3531 τό·

274 3568 684 3649 eamdemque
708 3586 842 3629 cum
875 3565 1113 3628 Eusebii
1146 3570 1572 3629 commentario
1603 3566 1917 3647 diligenter

2009 3564 2300 3640 ’Ἄμπελον
2382 3566 2434 3633 ἐξ
2499 3569 2760 3646 Αἰγύπτου
2818 3570 3074 3645 μετ-ἤρας·
3163 3569 3290 3637 καὶ,
3364 3563 3644 3640 Ἀμπελὼν

278 3656 895 3738 compararem,illius
946 3666 1243 3719 auctorem
1278 3665 1634 3737 purumputo
1700 3656 1917 3737 plagia-

2004 3656 2231 3735 ἐγενήθη
2305 3662 2382 3729 τῷ
2445 3656 2806 3734 ἠγαπημένῳ·
2884 3660 2996 3734 καὶ,
3055 3655 3198 3734 Ἐγὼ
3268 3654 3322 3711 δὲ
3389 3654 3645 3734 ἐφύτευσα

270 3747 416 3808 rium
450 3767 588 3810 esse
616 3745 1061 3829 compcri.Ejus
1082 3752 1171 3807 rei
1202 3765 1360 3808 nunc
1383 3746 1693 3827 subjiciam
1728 3764 1917 3807 exem-

2006 3769 2064 3803 σε
2121 3746 2361 3821 ἄμπελον
2442 3746 2778 3825 καρποφόρον
2812 3794 2828 3825 ,
2886 3752 3059 3803 πᾶσαν
3115 3746 3394 3815 ἀληθινήν,
3467 3746 3520 3801 Εἰ
3590 3741 3644 3799 δὲ

267 3837 355 3916 pla
371 3838 585 3917 multa,
613 3855 685 3899 ex
715 3835 935 3915 quibus
962 3835 1261 3897 constabit
1297 3835 1715 3915 imperfectum
1750 3835 1913 3896 illum

2006 3839 2033 3892 6
2092 3834 2305 3913 Ἰσραὴλ
2351 3834 2633 3911 ἁμπελὼν,
2694 3838 2868 3902 σκηνὴ
2914 3840 3011 3901 νῆς
3064 3834 3305 3909 ἀμπέλου
3376 3836 3570 3901 ταύτης
3616 3836 3644 3890 6

270 3925 326 3986 in
358 3926 580 3989 Isaiam
615 3925 1111 3987 commentarium
1148 3945 1264 3987 non
1299 3944 1511 4003 magno
1560 3925 1648 3987 illi
1699 3924 1916 3987 Basilio

2003 3925 2156 3987 οἶκος
2216 3924 2361 4003 τάχα
2406 3926 2432 3978 6
2470 3931 2562 3980 τοῦ
2606 3930 2752 3981 ναοῦ.
2791 3926 3062 3998 Σκήνωμα
3095 3926 3192 4002 γὰρ
3221 3923 3375 3991 δόξης
3407 3922 3642 4002 ἐλέγετο,

264 4014 618 4077 Caesariensi
654 4014 1071 4095 episcopo.sed
1094 4015 1264 4076 alteri
1297 4014 1483 4075 cuivis
1503 4013 1783 4094 scriptori
1806 4013 1915 4073 tri-

2002 4015 2085 4070 καὶ
2163 4015 2423 4088 σκήνωμα
2459 4059 2475 4087 ,
2553 4016 2613 4069 οὗ
2691 4015 3095 4082 κατεσκήνωσεν
3181 4014 3235 4069 si
3320 4014 3640 4091 ἀνθρώποις·

265 4105 573 4167 boendum
608 4103 1084 4169 esse.Neminem
1100 4105 1259 4166 enim
1288 4113 1424 4184 puto
1440 4104 1739 4166 hominem
1760 4104 1910 4175 fore,

2002 4100 2156 4166 ’Ἕως
2207 4104 2303 4177 μὲν
2356 4105 2444 4158 οὖν
2493 4101 2582 4157 ὅτε
2614 4102 2778 4159 ἐποίει
2813 4105 3010 4181 καρπὸν
3057 4102 3239 4176 πολὺν,
3284 4105 3434 4169 καὶὴ
3468 4103 3642 4169 σκηνή

264 4195 362 4272 qui
397 4205 519 4255 tam
550 4193 787 4276 iniquus
813 4195 888 4254 sit
927 4212 1128 4255 rerum
1162 4195 1504 4268 aestimator,
1537 4202 1600 4254 ut
1630 4192 1913 4255 Basilium

2002 4190 2081 4248 διὰ
2113 4194 2210 4259 τὴν
2251 4192 2357 4248 τῶν
2401 4199 2617 4271 καρπῶν
2670 4191 2910 4271 φυλακὴν
2971 4194 3325 4260 συνειστῆκει·
3358 4192 3471 4247 ἐπεὶ
3515 4189 3569 4246 δὲ
3615 4194 3640 4247 ὁ

266 4287 545 4364 Magnum
581 4285 739 4345 inter
772 4284 1033 4363 insignes
1064 4284 1377 4365 plagiarios
1410 4301 1724 4346 recensere
1754 4282 1912 4344 velit.

2002 4283 2257 4362 φυτεύσας
2304 4283 2466 4348 αὕτη»
2502 4280 2672 4354 ἕμείνε
2706 4290 2798 4338 τοῦ
2852 4289 3070 4348 ποιῆσαι
3128 4281 3419 4359 σταφυλὴν,
3453 4279 3642 4347 ἐποίη-

262 4375 615 4454 Exemplum
645 4372 903 4454 primum
928 4391 996 4435 ex
1021 4374 1148 4451 ipso
1163 4373 1478 4435 Eusebiani
1499 4371 1917 4434 commentarii

2002 4393 2058 4427 σε
2109 4372 2200 4426 καὶ
2246 4371 2497 4443 ἀκάνθας,
2562 4376 2652 4434 αἷς
2712 4374 2802 4426 τὸν
2874 4370 3063 4447 Κύριον
3121 4372 3508 4449 ἐστεφάνωσαν,
3555 4370 3642 4426 καὶ

260 4461 429 4524 initio
464 4461 796 4543 petam.Sic
825 4463 1007 4542 igitur
1037 4462 1303 4544 loquitur
1350 4462 1636 4524 Eusebius
1672 4483 1685 4525 :
1719 4463 1915 4518 Σύνθε-

2002 4462 2233 4541 ἓστράιρη
2285 4468 2429 4517 πᾶσα
2486 4462 2557 4522 εἰς
2638 4460 2874 4540 πικρίαν·
2938 4463 3153 4527 εποίησε
3207 4464 3304 4538 γαρ
3372 4460 3644 4539 σταφυλὴν

260 4573 348 4616 τος
396 4557 425 4609 6
456 4532 735 4631 έῖνθρωπος
781 4532 1054 4633 ἐκνψυχῆς
1109 4532 1194 4609 καὶ
1243 4555 1517 4627 σώματας,
1565 4554 1599 4621 ἡ
1643 4550 1768 4629 σὰρξ
1811 4532 1982 4608 ἀπὸῡ

258 4648 354 4708 τῆς
415 4647 551 4721 γῆς,
597 4644 632 4709 ἡ
664 4643 818 4722 ψυχὴ
852 4644 1087 4717 οὐρανία.
1140 4640 1288 4699 Ἐπεὶ
1340 4643 1428 4699 οὖν
1470 4645 1599 4720 πρὸς
1646 4640 1916 4719 ὰμφόθερα

262 4733 433 4787 αὒτὼν
459 4734 494 4798 ἡ
542 4732 823 4809 συγγένεια
879 4733 1039 4805 ἑσθιν,
1072 4733 1158 4788 ἒπὶ
1214 4739 1319 4788 τῶν
1380 4733 1713 4789 οἰκειοτάτων
1760 4730 1917 4786 αὒτοῦ

259 4822 359 4885 τὴν
416 4823 708 4898 μαρτυρίαν
751 4820 967 4900 ἐλέγχει
1048 4823 1199 4884 Υίοὺς
1257 4821 1516 4898 ἐγέννησα
1560 4822 1647 4875 καὶ
1700 4819 1909 4895 ὕψωσα.

264 4912 569 4978 Phanium;
602 4907 725 4976 εἴδη
755 4909 867 4984 δύο,
909 4912 942 4977 ἡ
989 4911 1084 4984 μὲν
1127 4915 1160 4978 ἡ
1194 4914 1327 4965 κατα
1386 4912 1514 4967 Θεὸν
1556 4911 1830 4987 ςιόρφωσις
1861 4908 1912 4974 ἒξ

266 4998 432 5076 ἰργων
494 5001 583 5057 καὶ
644 4997 958 5079 παραδοχῆς
1020 4998 1298 5076 δογμάτων
1370 4998 1775 5073 ἐπιτελουμέιη⁶
1838 5002 1911 5063 ὡς

266 5095 423 5164 γεννᾷ
479 5088 685 5154 ΙΙαῦλος
765 5085 832 5144 δι’
916 5088 1233 5167 Εὐαγγελίου
1313 5091 1433 5154 τοὺς
1511 5089 1749 5164 μαθητὰς
1812 5090 1910 5143 αὖ·-

416 5202 438 5233 α
481 5176 674 5239 Homo
704 5194 772 5236 ex
806 5176 1005 5237 anima
1029 5186 1084 5237 et
1118 5196 1369 5258 corpore
1393 5179 1743 5239 constitutus
1769 5185 1857 5238 est
1892 5196 1906 5239 :

266 5284 401 5328 caro
454 5286 526 5328 ex
562 5277 743 5345 terra,
777 5266 977 5326 anima
1006 5265 1265 5329 caelestis
1297 5268 1548 5329 exsistit.
1595 5267 1743 5340 Quia
1773 5283 1910 5326 vero

267 5373 393 5417 eum
427 5365 687 5437 utroque
710 5372 917 5416 eorum
943 5355 1356 5434 cognationem
1392 5357 1568 5419 habet
1594 5356 1912 5429 homo,cir~

269 5461 334 5504 ea
362 5464 432 5507 ea
453 5462 590 5527 quae
610 5442 725 5525 ipsi
745 5443 1004 5506 maxime
1026 5444 1267 5525 propria
1286 5445 1788 5528 sunt,testimonio
1804 5464 1911 5507 suo

1332 5614 1363 5668 7
1400 5616 1548 5680 ibid.
1586 5618 1646 5681 8.

342 5616 376 5665 ⁵
402 5615 515 5678 lsa.
551 5630 682 5688 ιω,
719 5614 820 5678 19.
903 5613 1080 5678 613a.
1113 5630 1158 5692 Ι,
1186 5615 1245 5679 2.

2002 4549 2177 4629 χολῆς
2209 4551 2295 4606 καὶ
2325 4550 2512 4628 βότρυν
2544 4553 2774 4625 πικρίας.
2830 4551 2929 4605 Διὸ
2970 4553 3057 4607 καὶ
3087 4552 3157 4613 εἰς
3214 4553 3272 4605 τὸ
3294 4551 3482 4626 βρῶμα
3510 4549 3640 4607 ἔδων

2000 4662 2098 4695 καν
2150 4646 2227 4712 τῷ
2279 4639 2446 4717 Κυρίῳ
2502 4638 2702 4717 χολήν.
2784 4642 2880 4695 Διὰ
2949 4644 3103 4697 τοῦτο
3174 4640 3551 4718 ἐγκατελείφθη
3608 4641 3643 4707 τη

2000 4729 2174 4796 σκηνὴ
2230 4736 2321 4784 τοῦ
2392 4728 2737 4802 ἀμπελῶνος,
2798 4728 2931 4787 ’ἰδοὺ
2988 4730 3111 4806 γὰρ,
3175 4730 3330 4806 φησὶν
3370 4777 3385 4808 ,
3437 4730 3643 4808 ἀφίεται

1999 4819 2127 4892 ὑμῖν
2160 4820 2373 4882 ὁτοῖκος
2422 4819 2571 4891 ὑμῶν
2618 4816 2839 4896 ἔρημος.
2888 4819 3018 4875 Τότε
3058 4817 3341 4886 ἐπληρώθη
3403 4820 3436 4885 ἦ
3481 4818 3640 4874 ἄπεισ-

1998 4906 2067 4974 λή
2136 4906 2291 4974 αὖτη*
2350 4905 2766 4986 Ἐγκατελειιρθη
2824 4908 2922 4985 γὰρ
2982 4909 3052 4973 ὡς
3103 4908 3278 4974 σκηνὴ
3347 4907 3402 4963 ἐν
3460 4908 3642 4980 ἀμπε-

1995 4996 2145 5059 λιῦνί,
2192 4994 2280 5062 Ἐξ
2312 4996 2507 5053 ἐκείνου
2538 4998 2725 5052 Λοιπὸν
2781 5001 2865 5052 καὶ
2914 5010 3034 5057 ταῖς
3079 4999 3317 5075 νεφέλαις
3374 4996 3643 5053 ὶντείλατο

1993 5094 2085 5143 τοῦ
2117 5088 2192 5161 μη
2249 5085 2423 5165 βρέξαι
2467 5087 2551 5141 ἐπὶ
2594 5086 2686 5141 τὸν
2732 5083 3043 5159 ἀμπελῶνα.
3112 5088 3210 5142 Δια
3258 5095 3412 5143 τοῦτο
3469 5087 3643 5144 οὒκέτι

1992 5180 2259 5252 προφῆται
2318 5173 2444 5246 παρ’
2512 5176 2719 5248 αὐτοῖς,
2785 5173 2957 5229 οὐκέτι
3014 5179 3221 5252 οὐρανία
3263 5177 3446 5255 χάρις’
3502 5176 3642 5232 ἀλλὰ

1995 5263 2209 5341 γέγονεν
2266 5264 2338 5326 εἷς
2389 5263 2581 5342 χέρσον
2628 5265 2714 5318 καὶ
2772 5264 3161 5340 καταπάτημα,
3208 5266 3262 5321 οἵ
3318 5288 3374 5322 τε
3408 5271 3641 5346 φραγμοί

1994 5360 2086 5409 τοῦ
2148 5353 2276 5407 ναοῦ
2320 5351 2518 5407 ἐκείνου
2564 5352 2957 5432 καθῃρέθησαν,
3018 5356 3045 5409 6
3087 5354 3484 5432 ὑπέρασπισμὸς
3535 5362 3640 5412 τῶν

1996 5442 2159 5520 ἁγίων
2188 5438 2479 5516 δυνάμεων,
2526 5437 2620 5496 κᾶἱν
2664 5462 2714 5496 τι
2768 5441 3098 5520 ἐργάσωνται
3146 5446 3283 5499 κατὰ
3327 5445 3419 5499 τὸν
3451 5445 3637 5522 νόμον,
