4100 6202
1912 281 2502 346 PROLEGOMENA.

472 418 578 480 sed
611 419 657 480 si
682 418 1007 499 posterius,
1046 416 1470 496 nullius,quod
1495 415 1778 494 equidem
1812 414 2116 498 sciam,“

2215 422 2414 493 κτανθῇ
2470 418 2530 475 ἐκ
2564 418 2659 487 τῆς
2714 424 2899 499 ψυχῆς
2957 421 3114 476 οἱονεὶ
3158 416 3289 499 ξίφει
3347 420 3452 474 τινὶ
3502 425 3578 491 τῷ
3607 423 3868 491 τμητικῷ

476 508 743 588 emplum
777 525 912 568 eum
948 514 1285 568 excusaret.
1332 504 1479 578 Quis
1532 506 1716 588 enim,
1752 528 1977 593 quaeso,
2009 519 2116 573 tam

2213 506 2358 584 λόγῳ
2387 510 2475 564 καὶ
2512 509 2842 589 ἀφανιστικῷ
2884 510 2989 566 τῶν
3040 513 3241 581 παθῶν,
3299 509 3386 565 καὶ
3442 516 3595 566 τοῦτο
3639 509 3869 586 γένηται

478 596 833 667 ineruditus,
870 605 983 657 tam
1020 596 1212 665 rudis,
1245 603 1490 673 tamque
1522 595 1761 658 dicendi
1796 600 1971 682 inops
1997 602 2116 675 fuit,

2213 598 2267 653 ὲν
2290 598 2481 675 πρωίᾳ,
2518 599 2777 673 τουτέστι,
2802 601 2937 655 κατὰ
2967 600 3065 667 τὴν
3092 601 3164 663 εἷς
3188 599 3249 655 τὸ
3279 600 3498 677 φανερὸν
3521 597 3871 673 ἀποκάλυψιν

479 696 543 749 ut
573 704 704 750 cum
730 685 896 747 Isaiae
930 685 1208 747 vaticinia
1238 685 1599 765 explauaret,
1640 686 1713 747 ob
1770 691 2116 770 imperitiam

2218 686 2343 764 (πᾶν
2361 688 2459 766 γὰρ
2488 689 2547 744 τὸ
2579 689 2964 768 φανερούμενοι.
2989 694 3101 767 φῶς
3126 687 3287 765 ἐστι),
3318 688 3454 759 μετὰ
3481 689 3579 753 τὴν
3602 687 3657 743 ὲν
3674 687 3871 764 καρδίᾳ

479 778 548 837 ad
582 774 821 837 Eusebii
861 777 923 836 in
959 774 1234 838 Psalmos
1283 776 1780 838 commentarium
1815 797 2116 841 recurrere

2212 778 2487 854 μοιχείαν,
2526 779 2609 833 καὶ
2644 777 2727 833 ἐπὶ
2760 778 2858 843 τὴν
2887 778 3105 851 μείζονα
3131 778 3323 842 ταύτης
3355 777 3612 853 ἁμαρτίαν
3643 776 3870 855 προαξει

478 874 716 928 coactus
747 865 852 928 sit?
876 865 1046 938 Quod
1080 865 1541 944 tamen,opinor,
1569 866 1836 929 nondum
1861 870 2116 931 auditum

2210 867 2300 920 τὸν
2340 862 2632 945 ἄνθρωπον,
2672 870 2801 945 πρὸς
2823 868 2922 933 τὴν
2951 865 3035 923 διὰ
3065 866 3155 922 τοῦ
3186 866 3432 940 σώματος
3462 865 3725 944 ἐνέργειαν
3754 866 3869 922 αὒ-

480 966 717 1029 est,nec
740 961 946 1035 postea
969 952 1334 1033 audietur,id
1360 952 1711 1033 scriptorem
1743 967 2013 1018 nostrum
2046 958 2116 1018 fe-

2208 954 3004 1029 τὸνέκκαλούμενοςΑΝθῐῐιίηί
3041 963 3178 1034 puto
3212 973 3331 1015 non
3360 954 3737 1015 manifestum
3762 972 3873 1016 es-

479 1046 636 1107 cisse
659 1044 1204 1124 constat.Exempla
1225 1042 1617 1124 supponimus
1648 1044 2129 1127 Eusebiusigitur
2210 1060 2275 1105 se
2329 1043 2452 1104 haec
2489 1045 2857 1124 :enigmatice
2916 1045 3073 1105 dicta
3103 1042 3328 1120 fuisse;
3366 1061 3561 1123 neque
3593 1044 3750 1105 enim
3783 1063 3868 1107 ea

477 300 703 349 CCXXIV

479 1136 541 1197 in
573 1135 1024 1196 commentariis
1056 1134 1128 1195 iis
1159 1151 1306 1213 quos
1336 1134 1404 1195 in
1459 1132 1736 1198 Psalmos
1765 1138 2119 1215 composuit,

477 1225 599 1287 illa:
622 1224 761 1286 Illic
786 1242 972 1287 naves
990 1222 1968 1307 pertranscunt91,explanans,sic
1983 1233 2126 1286 scri-

480 1313 646 1395 psit:
703 1316 808 1373 Καὶ
851 1315 992 1371 ἔστιν
1048 1316 1403 1390 ἐπαινούμενα
1447 1314 1614 1372 πλοῖα
1664 1318 1728 1372 τὰ
1787 1316 2120 1373 διαϐαίνοντα

475 1405 575 1471 τὴν
618 1403 910 1476 θάλασσαν,
972 1402 1109 1460 ἀλλὰ
1167 1404 1243 1478 μὴ
1293 1403 1684 1479 ἒναπομὲνοντα
1762 1411 1920 1483 αὐτῇ,
1984 1404 2120 1480 μηδὲ

478 1491 983 1567 καταϐαπτιζόμενα
1065 1506 1183 1556 τοῖς
1254 1494 1501 1568 κύμασιν,
1567 1498 1625 1552 Οἱ
1703 1496 1802 1575 γὰρ
1861 1497 1914 1552 ὲν
1966 1497 2122 1573 σαρκὶ

477 1583 650 1654 ὄντες,
729 1586 809 1639 ιιαὶ
867 1584 943 1657 μὴ
1010 1584 1143 1639 κατὰ
1213 1584 1379 1662 σάρκα
1464 1585 1890 1661 στρατευόμενοι,
1948 1607 2120 1641 κατα-

2208 1138 2298 1193 est
2329 1133 2470 1194 dicti
2493 1134 2808 1215 sententia,
2843 1153 2939 1195 me
2973 1133 3315 1195 ineuntibus
3346 1132 3596 1211 singulis
3642 1132 3869 1195 diebus

2211 1220 2469 1284 humano
2501 1223 2787 1303 sanguine
2837 1241 3049 1285 manus
3078 1220 3333 1284 foedasse
3366 1240 3530 1284 meas
3558 1240 3573 1284 :
3607 1221 3666 1282 id
3687 1223 3863 1284 enim

2209 1321 2600 1392 praeterquam
2631 1313 2786 1393 quod
2848 1313 3261 1374 detestandum
3294 1323 3476 1387 esset,
3514 1311 3863 1373 nullatenus

2206 1400 2495 1463 credibile
2527 1411 2640 1465 est.
2676 1402 2986 1475 Quomodo
3043 1402 3204 1464 enim
3267 1401 3518 1480 singulis
3551 1401 3865 1463 matutinis

2205 1507 2415 1551 omnes
2435 1501 2775 1569 peccatores
2800 1500 2973 1552 terra;
2992 1510 3167 1552 manu
3193 1492 3431 1571 propria
3443 1490 3736 1552 conﬁcere
3750 1510 3864 1571 po-

2208 1579 2656 1660 tuisset?Neque
2670 1580 2827 1642 enim
2847 1600 2998 1641 unus
3017 1599 3226 1641 omnes
3241 1597 3527 1659 superare
3542 1580 3858 1651 valuisset,

476 1683 764 1735 πατοῦντες
795 1676 884 1728 τὸν
935 1670 1172 1728 κλύδωνα
1220 1680 1311 1728 τοῦ
1364 1672 1500 1747 βίου,
1535 1676 1620 1728 καὶ
1662 1673 1984 1751 ὑψηλότεροι
2019 1678 2116 1732 αὒ-

2206 1678 2436 1740 cum,ut
2450 1670 2779 1732 verisimile
2794 1679 3128 1750 est,magna
3145 1679 3301 1730 esset
3318 1678 3694 1750 peccatorum
3712 1668 3865 1731 mul-

476 1770 568 1818 τοῦ
609 1762 780 1831 ὅντες,
836 1768 1073 1819 ποιοῦσιν
1120 1760 1364 1840 ἐργασίαν
1420 1762 1474 1817 ἐν
1519 1760 1663 1818 ὕδασι
1711 1762 1934 1824 πολλοῖς
1986 1784 2120 1839 συγ-

2207 1757 2414 1820 titudo:
2442 1777 2509 1819 ac
2534 1759 2583 1819 si
2610 1778 2710 1820 eos
2728 1760 2789 1820 in
2816 1760 2971 1821 bello
2998 1759 3258 1839 vicisset,
3286 1778 3404 1821 uno
3425 1760 3483 1818 in
3517 1758 3861 1821 matitutino

475 1850 875 1915 καταϐαίνοντες
958 1850 1042 1907 ἐπὶ
1101 1858 1177 1925 τῷ
1248 1850 1501 1928 κερδῆσαί
1586 1874 1732 1915 τινας
1790 1858 1895 1907 τῶν
1953 1849 2116 1927 βεϐυ-

2204 1865 2416 1908 omnes
2451 1847 2849 1910 interfecisset
2866 1867 3083 1929 ,neque
3101 1848 3350 1927 singulis
3374 1847 3674 1909 matutinis
3691 1847 3860 1929 ipsos

474 1940 756 2015 θισμένων.
796 1961 815 1993 α
854 1938 1197 2001 Laudantur
1221 1957 1396 2019 porro
1420 1956 1595 2000 naves
1620 1959 1755 2016 quae
1780 1958 1943 2001 mare
1976 1958 2117 2021 per-
2208 1937 2449 2015 propria
2475 1956 2649 1999 manu
2682 1939 3109 2000 interemisset.
3147 1938 3299 2011 Quid
3340 1943 3540 2018 itaque
3565 1937 3862 2016 signiﬁcat

478 2032 808 2101 transeunt,
844 2045 959 2088 non
997 2043 1136 2088 vero
1168 2046 1300 2108 quas
1341 2026 1422 2088 ibi
1456 2037 1828 2107 permanent,
1867 2029 1954 2091 vel
1992 2048 2122 2110 quae
2203 2024 2348 2085 illud
2371 2025 2726 2089 ?Attentius
2748 2037 2806 2088 et
2830 2028 3182 2106 prudentius
3230 2028 3387 2088 dicta
3415 2026 3853 2104 intelligamus,

475 2114 751 2177 ﬂuctibus
778 2115 1381 2195 demerguntur.Nam
1401 2116 1501 2197 qui
1526 2119 1586 2178 in
1606 2136 1786 2180 carne
1820 2128 1982 2189 sunt,
2011 2138 2121 2181 nec

474 2204 803 2266 secundum
838 2224 1076 2268 carnem
1099 2207 1512 2281 militant,vitaz
1534 2208 1778 2270 ﬂuctum
1801 2208 2116 2289 calcantes,

474 2312 660 2374 eoque
690 2296 1061 2377 superiores,
1114 2298 1337 2358 faciunt
1388 2297 1796 2377 operationem
1856 2298 1913 2358 in
1946 2298 2118 2378 aquis

475 2383 697 2459 multis,
734 2402 805 2445 ac
837 2385 1229 2458 descendunt,
1258 2397 1321 2448 ut
1345 2402 1417 2446 ex
1441 2386 1734 2447 demersis
1759 2385 1987 2466 aliquos
2021 2386 2113 2447 lu-

474 2483 775 2534 crentur.»
807 2473 1014 2536 Haecin
1039 2474 1495 2556 pseudo-Basilii
1527 2476 1973 2537 commentariis
2004 2477 2118 2537 hoc

474 2562 603 2641 ipso
628 2564 686 2624 in
712 2562 1019 2625 volumine
1042 2564 1216 2626 editis
1244 2564 1596 2637 invenies,si
1630 2564 1790 2643 legas
1812 2584 1941 2645 qua:
1963 2566 2119 2627 dicta

475 2661 611 2712 sunt
640 2653 701 2714 in
723 2653 867 2714 illud
901 2656 1095 2733 (num.
1129 2655 1275 2734 93):
1313 2654 1399 2717 Et
1430 2673 1867 2735 supcromnem
1899 2672 2119 2717 navem

475 2743 669 2803 maris
687 2742 1071 2806 25.Eusebius
1099 2763 1307 2806 rursus
1330 2745 1425 2807 illa
1454 2766 1467 2807 :
1505 2746 1576 2807 In
1601 2748 1898 2808 matutino
1921 2746 2117 2806 inter-

473 2831 751 2910 ﬁcicbum
774 2850 981 2895 omnes
1006 2842 1345 2916 peccatores
1396 2843 1573 2896 terrae
1602 2833 1680 2915 εδ,
1717 2835 2119 2914 interpretans

475 2920 561 2983 sic
581 2921 877 3003 loquitur:
919 2928 1081 2981 Παντί
1111 2947 1211 2981 που
1242 2924 1426 3001 δῆλον,
1461 2925 1541 2981 ὅτι
1567 2926 1620 2981 ἐν
1656 2927 1922 3003 αἰνίγματι
1954 2945 2112 2979 κεκαο

2206 2132 2281 2175 ne
2305 2117 2651 2195 prophetica
2678 2118 2919 2179 oracula
2949 2116 3247 2178 mendacii
3290 2135 3669 2190 accusemus,
3698 2117 3858 2197 quod

2204 2203 2368 2265 nefas
2400 2214 2578 2267 esset.
2613 2205 2835 2269 Civitas
2879 2207 3117 2270 Domini
3166 2213 3256 2267 est
3278 2207 3553 2267 humanae
3574 2215 3863 2267 stucturaa

2202 2294 2581 2372 compositio;
2606 2306 2953 2376 peccatores
2978 2305 3175 2357 autem
3204 2308 3377 2356 terrae
3394 2294 3436 2354 ii
3466 2296 3712 2374 suut,de
3730 2295 3862 2375 qui-

2201 2382 2309 2443 bus
2332 2384 2599 2446 Salvator
2617 2385 2697 2446 ait
2731 2404 2744 2445 :
2792 2386 2879 2446 Ab
2896 2388 3059 2447 intus
3079 2403 3161 2446 ea:
3176 2386 3356 2448 corde
3377 2394 3600 2448 exeunt
3621 2387 3856 2465 cogita-

2202 2474 2397 2534 tiones
2418 2476 2619 2546 maloe,
2655 2476 3009 2551 homicidio,
3044 2473 3854 2551 adulteria,/oruicatiancs,

2198 2563 2397 2643 furta,
2419 2563 2968 2645 falsalestimonia,
3014 2564 3397 2644 blasphemia:
3420 2561 3497 2626 ³⁵.
3530 2564 3674 2627 Hac
3712 2573 3855 2628 sunt

2202 2669 2340 2731 qua:
2357 2655 2762 2735 coinquinant
2791 2653 3253 2717 hominem.Hos
3280 2663 3475 2714 autem
3511 2662 3857 2733 peccatores

2202 2759 2271 2802 ex
2301 2749 2459 2802 terra
2484 2751 2669 2823 ortos,
2706 2745 2763 2805 id
2784 2754 2978 2817 est,ex
3005 2752 3242 2805 terrena
3266 2762 3444 2805 carne
3461 2743 3852 2825 prodeuntes,

2203 2831 2341 2891 dum
2364 2832 2607 2911 singulae
2656 2833 2733 2896 de
2790 2838 2912 2897 Deo
2964 2833 3359 2913 cogitationes
3384 2834 3758 2916 exoriuntur,
3784 2853 3855 2896 ex

2205 2921 2441 3000 propria
2458 2931 2721 2984 stuctura
2744 2923 3030 3003 tollit,qui
3062 2941 3196 2984 sese
3240 2931 3467 3002 purgat.
3494 2925 3853 2985 Matutinum

474 3010 756 3087 λυμμένως
790 3013 1026 3091 εἴρηται·
1065 3017 1124 3071 οὗ
1160 3016 1259 3093 γάρ
1289 3015 1369 3070 ὅτι
1400 3014 1517 3071 καθ’
1550 3012 1779 3081 ἑκάστην
1810 3014 1988 3093 ἀρχὴν
2018 3018 2116 3078 τῆς

2202 3017 2398 3072 autem
2434 3020 2489 3071 et
2514 3011 2839 3074 diluculum
2872 3013 2931 3073 in
2956 3012 3155 3073 anima
3197 3012 3551 3090 est,quoties
3579 3012 3858 3075 salutaris

473 3100 676 3178 ἡμέρας
719 3102 913 3177 αἵματι
969 3102 1256 3181 ἀνθρώπων
1301 3104 1393 3165 τὰς
1424 3116 1620 3181 χεῖρας
1659 3102 2021 3178 ἐμολυνόμην,
2057 3102 2115 3157 οὒ

474 3192 627 3247 τοῦτό
671 3214 830 3272 φησιν
887 3194 914 3247 ὁ
972 3191 1155 3269 λόγος.
1211 3200 1374 3251 Τοῦτο
1421 3194 1541 3270 γάρ,
1603 3195 1735 3269 πρὸς
1782 3199 1858 3266 τῷ
1905 3192 2111 3270 ἐναγεῖ,

475 3279 551 3334 ἔτι
596 3282 681 3335 καὶ
740 3283 801 3336 τὸ
859 3280 1109 3336 ἀπίθανον
1169 3280 1309 3361 ἔχει.
1373 3288 1487 3344 Πῶς
1560 3283 1659 3360 γὰρ
1718 3283 1927 3338 πάντων
1982 3279 2114 3348 ἡδύ-

482 3390 598 3424 νατο
656 3368 771 3424 καθ’
843 3369 1073 3436 ἐχθίστην
1152 3373 1354 3450 πρωίαν
1409 3372 1666 3451 αὐτόχειρ
1722 3372 1954 3449 γίνεσθαι
2011 3373 2114 3425 τῶν

472 3457 803 3535 ἁμαρτωλῶν
848 3464 946 3526 τῆς
1010 3460 1164 3538 γῆςς
1230 3464 1300 3519 Οὐ
1349 3461 1448 3538 γὰρ
1510 3462 1859 3540 περιγίνεσθαι
1912 3460 2117 3516 πάντων

473 3545 690 3604 δυνατὸν
739 3547 853 3622 ἕνα,
909 3548 1124 3605 πολλῶν
1173 3557 1278 3606 τῶν
1311 3549 1775 3629 ἐξαμαρτανόντων
1810 3552 1882 3612 ὡς
1925 3551 1987 3606 τὸ
2036 3552 2115 3605 εἰ·

473 3638 563 3697 κὸς
627 3636 816 3718 ὄντων,
869 3640 954 3695 καὶ
1011 3641 1054 3694 εἰ
1106 3638 1327 3714 πολέμῳ
1371 3640 1542 3696 «seu»
1592 3641 2009 3718 κατελράτησεν,
2061 3639 2116 3694 ἐν

476 3732 572 3798 υ.ιᾷ
603 3725 663 3781 ἂν
708 3728 983 3783 ἀπέκτεινε
1037 3735 1207 3806 πρωίᾳ
1250 3731 1374 3791 τοὺς
1432 3730 1766 3807 σύμπαντας,
1825 3726 1941 3784 ἀλλ’
1994 3730 2113 3808 οὒχῖ

473 3815 591 3872 καθ’
642 3818 872 3885 ἑκάστην
931 3821 1132 3897 πρωίαν
1202 3819 1455 3899 αὖτὸχειρ
1533 3824 1704 3877 αὐτῶν
1771 3820 1992 3897 ἐγίνετο,
2057 3818 2115 3875 Τί

2201 3098 2491 3176 dogmatis
2512 3109 2679 3162 ortus
2700 3101 3063 3181 accidit,quo
3084 3119 3291 3162 omnes
3315 3101 3708 3179 cogitationes
3726 3121 3859 3182 qua;

2200 3199 2521 3268 operantur
2553 3191 3036 3271 iniquitatem,de
3062 3189 3259 3250 medio
3287 3190 3411 3253 tolli
3443 3200 3707 3270 oportet.
3732 3190 3858 3253 Nisi

2201 3278 2360 3338 enim
2380 3278 2550 3359 primi
2565 3281 2779 3342 animae
2795 3289 2987 3342 motus
3003 3280 3074 3341 ad
3092 3279 3374 3342 malitiam
3392 3280 3854 3360 exscindantur,

2203 3370 2606 3429 necessarium
2657 3377 2747 3431 est
2798 3368 3113 3449 cupidines
3163 3367 3233 3429 ad
3284 3387 3433 3449 opus
3494 3372 3852 3449 procedere.

2202 3455 2472 3537 Exempli
2501 3468 2985 3539 causa,peccator
3016 3467 3191 3519 terrae
3223 3467 3312 3519 est
3344 3459 3624 3537 cogitatio
3659 3460 3854 3522 forni-

2202 3546 2494 3609 cationem
2529 3566 2885 3627 suggerens,
2920 3566 3052 3628 quae
3083 3547 3269 3610 efficit
3292 3556 3353 3609 ut
3382 3547 3514 3627 quis
3538 3551 3854 3612 mulierem

2199 3636 2478 3714 respiciat
2508 3638 2581 3697 ad
2610 3636 3157 3719 concupiscendum
3215 3656 3344 3699 eam
3379 3634 3433 3679 εδ
3470 3660 3483 3700 :
3515 3639 3641 3700 haec
3677 3658 3856 3719 porro

2201 3724 2316 3785 nisi
2347 3728 2404 3786 in
2429 3726 2628 3787 anima
2660 3727 3067 3806 occidatur,ac
3092 3727 3325 3788 ratione
3347 3746 3453 3789 ceu
3471 3728 3674 3807 gladio
3699 3730 3857 3791 scin-

2199 3813 2375 3874 dente
2397 3824 2453 3875 et
2470 3817 2712 3877 affectus
2735 3816 2983 3878 tollente
2998 3815 3543 3896 ciedatur,idquein
3561 3825 3855 3881 matutino

949 3926 971 3984 ,'
1016 3910 1375 3987 Συνετώτερον
1432 3915 1537 3965 τῶν
1596 3908 1898 3987 λεγομένων
1948 3907 2112 3963 ἀκού-

2202 3903 2749 3979 efliciatur,scilicet
2762 3924 2895 3967 cum
2913 3907 2999 3986 pri
3012 3924 3171 3966 mum
3193 3906 3295 3967 illa
3308 3907 3498 3986 palam
3515 3907 3858 3984 depreheuo

476 4018 678 4069 σωμεν,
717 3996 807 4051 τίνα
853 3998 929 4070 μὴ
986 4000 1448 4077 κατηγορήοωμεν
1494 3997 1579 4053 ἐπὶ
1629 3996 1813 4072 ψευδεῖ
1841 4003 1945 4052 τῶν
1978 4016 2111 4072 προ-

2202 3993 2364 4055 ditur
2397 3994 2556 4075 (nam
2583 3995 3231 4075 quidvisconspicuum
3254 3996 3352 4058 lux
3383 3995 3666 4077 est),post
3689 3998 3858 4059 illam

471 4092 709 4162 φητικῶν
753 4084 971 4165 λογίων,
1028 4088 1056 4142 ‘6
1110 4088 1187 4162 μη
1249 4087 1422 4161 θέμις,
1485 4087 1644 4148 Πόλις
1703 4089 1795 4143 τοῦ
1856 4084 2038 4163 Κυρίου
2081 4084 2115 4151 ἡ

2202 4083 2263 4143 in
2296 4084 2477 4147 corde
2503 4084 3065 4166 fornicationem,ad
3088 4087 3324 4163 gravius
3342 4086 3518 4147 etiam
3539 4096 3858 4166 peccatum

471 4174 714 4238 σύστασίς
766 4175 876 4231 ἐστι
951 4176 1044 4242 τῆς
1118 4176 1449 4254 ἀνθρωπίνης
1504 4177 1880 4240 κατασκευῆς·
1942 4174 2109 4248 ἀμαρς

2202 4172 2296 4233 illa
2323 4174 2625 4235 hominem
2657 4174 2935 4249 deducet,
2985 4175 3043 4236 id
3090 4186 3180 4236 est
3216 4175 3287 4237 ad
3320 4193 3676 4255 corporeum
3704 4195 3863 4256 opus

469 4262 628 4319 τωλοὶ
670 4267 757 4321 καὶ
813 4265 937 4344 γῆς,
1000 4267 1117 4343 περὶ
1166 4269 1242 4322 ὧν
1281 4288 1447 4344 φησιν
1475 4268 1501 4321 ὁ
1534 4266 1746 4343 Σωτὴρ,
1787 4265 1866 4320 ὅτι
1916 4264 2112 4321 "Eam-

2202 4263 2490 4324 evocabit.
2530 4287 2557 4319 ao
2586 4262 2724 4324 Hatc
2746 4263 2817 4324 ad
2843 4262 3089 4325 verbum
3114 4264 3390 4342 leguntur
3411 4263 3567 4345 apud
3595 4264 3866 4344 pseudo-

466 4356 551 4409 θεν
605 4354 664 4410 ἐκ
722 4358 818 4422 τῆς
896 4353 1110 4433 καρδίας
1189 4354 1500 4434 ἐξέρχονται
1565 4353 1810 4432 λογισμοὶ
1865 4354 2107 4430 πονηροὶ,

2202 4352 2479 4413 Basilium
2547 4372 2617 4413 eo
2672 4357 2730 4413 in
2785 4353 2941 4428 loco,
2986 4350 3108 4415 ubi
3144 4354 3348 4415 ultima
3398 4354 3527 4415 vice
3576 4354 3866 4434 explanat

467 4444 638 4522 φόνοι,
698 4458 972 4525 μοιχεῖαι,
1058 4459 1329 4523 πορνεῖαι,
1431 4443 1649 4512 κλοπαὶ,
1746 4442 2110 4520 ψευδομαρτυ-

2202 4441 2294 4503 illa
2314 4444 2505 4517 (num.
2529 4441 2684 4521 163):
2713 4441 2919 4521 Itaque
2944 4460 3029 4504 vo:
3053 4447 3132 4504 iis
3152 4446 3256 4522 qui
3278 4450 3542 4522 surgunt
3562 4461 3747 4506 mane
3774 4443 3858 4522 ‘3",

468 4534 595 4612 ρίαι,
684 4533 1039 4612 βλασφημίαι.
1120 4536 1295 4592 Ταῦτά
1367 4534 1477 4590 ἐστι
1550 4534 1616 4588 τὰ
1687 4540 1959 4589 κοινοῦντα
2024 4535 2112 4588 τὸν

2202 4529 2579 4593 etc.Necesse
2594 4549 2710 4591 non
2735 4539 2873 4610 puto
2886 4532 3208 4612 quidquam
3223 4530 3668 4612 addere.Spero
3689 4534 3859 4594 enim

465 4622 759 4700 ἄνθρωπον.
816 4624 1040 4687 Τούτους
1097 4623 1150 4679 δὲ
1220 4625 1342 4687 τοὺς
1409 4624 1468 4680 ἐκ
1511 4629 1604 4699 τῇς
1664 4626 1864 4701 γηίνης
1919 4624 2113 4699 σαρκὸς

2202 4638 2408 4681 omnes
2440 4621 2713 4681 homines
2744 4621 2889 4682 mihi
2916 4621 3738 4702 assensuros,ineptissimam
3773 4625 3862 4684 il-

469 4712 777 4788 προϊόντας,
821 4712 938 4769 καθ’
991 4712 1223 4780 ἑκάστην
1281 4713 1484 4769 ἔννοιαν
1527 4714 1623 4780 τὴν
1680 4713 1796 4790 περὶ
1842 4719 1974 4768 Θεοῦ
2029 4710 2116 4775 ἐξ-

2202 4710 2317 4769 lam
2358 4708 2795 4789 interpretandi
2831 4710 3122 4772 rationem
3172 4730 3289 4772 non
3322 4712 3539 4773 decere
3572 4729 3864 4791 magnum

473 3905 561 3961 οὖν
614 3908 765 3963 τοῦτό
807 3907 915 3964 ἐστι
952 3926 971 3964 :

2140 4318 2178 4366 D

470 4802 702 4878 αφανίζει
735 4802 793 4857 ἐκ
826 4803 919 4869 τῆς
969 4801 1102 4865 ἰδίας
1137 4802 1439 4865 συστάσεως
1496 4805 1523 4857 ὁ
1555 4802 1737 4857 ἑαυτὸν
1768 4802 2113 4879 ἐκκαθαίρων,

470 4890 646 4966 Πρωία
681 4900 769 4948 οὖν
800 4893 885 4945 καὶ
930 4891 1111 4971 ὄρθρος
1172 4891 1226 4947 ἐν
1258 4897 1413 4971 ψυχ
1445 4891 1560 4948 καθ’
1594 4891 1822 4957 ἑκάστην
1853 4888 2115 4956 ἀνατολὴν

467 4978 728 5053 σωτηρίου
787 4981 1026 5056 γίνεται·
1106 4982 1159 5038 ἐν
1223 4985 1258 5058 ᾖ
1317 4981 1703 5062 ἐξαφανίζεσθαι
1760 4978 1843 5034 δεῖ
1919 4980 2117 5043 πάντας

466 5066 584 5130 τοὺς
628 5066 1010 5144 ἐργαζομένους
1078 5073 1178 5139 τὴν
1234 5073 1457 5147 ἀνομίαν
1513 5069 1823 5148 λογισμούς,
1903 5070 1959 5125 Εἴ
2018 5069 2116 5146 γὰρ

468 5157 545 5231 μὴ
582 5158 646 5212 τὰ
700 5163 883 5234 πρῶτα
957 5163 1087 5237 πρὸς
1149 5161 1402 5239 πονηρίας
1461 5161 1730 5228 κινήματα
1773 5164 1872 5225 τῆς
1931 5162 2114 5236 ψυχῆς

466 5245 777 5317 ὲκτμηθείη,
837 5248 1043 5327 ἀνάγκη
1109 5253 1180 5315 εἷς
1227 5250 1378 5329 ἔργον
1417 5248 1771 5329 προχωρῆσαι
1830 5248 1919 5311 τὰς
1963 5249 2115 5303 ἔνθυ-

466 5333 677 5409 μῆῖιεις.
715 5336 871 5413 Οῖον,
936 5341 1040 5415 γῆς
1095 5338 1411 5417 ἆμαρτωλός
1462 5339 1604 5395 ἐστιν
1648 5341 1676 5394 ὁ
1714 5340 1813 5407 τήν
1860 5337 2115 5416 μοιχείαν

466 5422 778 5481 ὅποϐάλλων
808 5425 1092 5505 λογισμὸς,
1129 5428 1275 5493 ὅστις
1321 5428 1531 5507 ἐνεργεῖ
1576 5431 1638 5485 τὸ
1696 5424 1966 5503 ὲμϐλεψαι
2012 5447 2114 5503 γυ-

466 5515 603 5571 ναικὶ
632 5516 763 5595 πρὸς
794 5518 853 5573 τὸ
884 5515 1207 5594 ἰπιθυμῆσαι
1254 5518 1421 5587 αὐτῆς
1454 5536 1469 5552 ⁸
1502 5529 1653 5582 οὗτος
1683 5519 1774 5573 ξαν
1833 5515 1911 5593 μὴ
1969 5514 2113 5573 ἀπο-

2202 4798 2365 4859 illum
2401 4798 2829 4873 Basilium,nec
2861 4800 2914 4860 ei
2939 4799 3063 4860 ullo
3090 4800 3265 4861 modo
3289 4799 3472 4861 tribui
3504 4799 3863 4881 posse.Pro-

2201 4889 2384 4949 feram
2416 4897 2612 4950 tamen
2640 4896 2697 4949 et
2727 4889 2884 4950 aliud
2908 4890 3317 4951 testimonium
3343 4909 3377 4951 e
3402 4889 3629 4970 psalmo
3655 4902 3868 4954 cente-

2200 4981 2350 5038 simo
2374 4977 2549 5039 tertio
2577 4985 2650 5054 (ν.
2681 4977 2910 5057 34),ιιι)ί
2933 4977 3229 5041 Eusebius
3252 4980 3310 5040 in
3333 4979 3704 5061 explicandis
3726 5000 3866 5044 ver-

2202 5068 2293 5132 bis
2323 5067 2463 5142 illis,
2492 5066 2843 5131 Jucundum
2871 5078 2948 5131 sit
2999 5072 3053 5131 ei
3099 5068 3403 5150 eloquium
3435 5087 3661 5144 meum,
3705 5081 3861 5146 etc.,

2201 5158 2313 5219 hoc
2365 5175 2431 5218 se
2483 5156 2656 5218 modo
2711 5158 2990 5238 exprimit
3036 5177 3049 5222 ζ
3107 5160 3301 5217 Πολλοὶ
3339 5162 3476 5216 κατὰ
3510 5162 3865 5239 ευναρπαγὴν

2199 5246 2660 5324 πτρηλλαγμένως
2722 5252 2807 5311 τὰς
2855 5251 3048 5317 ιρίσεις
3107 5251 3406 5330 ἔκφερουσι,
3455 5252 3555 5330 πρὸ
3613 5250 3868 5319 καταλη-

2200 5341 2343 5411 ψεως
2375 5342 2473 5403 τῆς
2506 5337 2557 5403 ἐξ
2588 5342 2768 5395 ἱκανοῦ
2798 5338 2985 5418 λόγου,
3018 5340 3105 5396 καὶ
3130 5339 3412 5397 ὲπιπλεϊον
3456 5339 3863 5422 ἐρευνηθέντος,

2197 5426 2571 5504 ἐγγινομένης,
2628 5426 2992 5489 ἀϐασανίστως
3046 5430 3184 5486 κατὰ
3234 5428 3556 5507 προπέτειαν
3587 5430 3683 5493 τὰς
3733 5434 3872 5502 περὶ

2197 5515 2421 5572 ἑκάστου
2491 5513 2755 5595 δόγματος
2814 5517 3118 5595 ῥιπτοῦντες
3173 5516 3607 5597 συγκαταθέσεις.
3674 5517 3740 5574 Ἠ
3798 5518 3872 5578 δὲ

544 5651 598 5698 29
625 5650 781 5716 Psal.
813 5669 935 5731 cui,
969 5654 1073 5720 26.
1157 5652 1344 5717 3315a.
1376 5671 1441 5729 ιι,
1484 5656 1577 5717 lti.
1660 5651 1897 5715 “Psal.
1935 5668 1993 5728 ο,
2020 5653 2083 5715 8.
2165 5647 2220 5691 ³⁵
2246 5649 2451 5712 Matth.
2486 5668 2584 5725 xv,
2618 5654 2711 5717 l9.
2798 5651 3072 5717 “Matth.
3126 5671 3185 5728 v,
3240 5655 3340 5719 98.
3382 5674 3385 5675 ⁷
3424 5653 3479 5696 9⁷
3505 5653 3613 5718 lsa.
3649 5674 3707 5730 v,
3758 5660 3832 5720 ll
