4100 6202
1304 323 1371 384 D.
1420 322 1580 384 JUL.
1629 320 2009 386 GARNERII
2058 319 2477 385 PR/EFATIO.

3438 326 3639 391 ccxxv

301 463 385 526 τῆς
434 456 758 524 διαλεκτικῆς
820 460 971 537 φύσις
1044 459 1278 536 μάλιστα
1334 462 1677 517 πεπίστευται
1740 476 1904 515 non

1999 452 2303 514 centesimi
2339 454 2466 515 fuse
2498 461 2557 516 et
2588 455 3006 536 intempestive
3059 455 3176 518 sibi
3226 455 3640 538 explicandam

301 548 527 627 παρέχειν
591 546 857 622 δύνασθιι,
894 549 1117 628 διπιρεῒν
1162 548 1387 627 ἀκριϐὠι
1445 552 1539 613 τὰς
1607 574 1711 606 των
1763 571 1902 625 πρι-

298 640 495 715 ιχμέτων
528 638 722 717 φζσεις,
757 640 844 693 καὶ
878 640 941 694 τὰ
973 638 1131 713 ὅμοια
1186 640 1473 715 γνωρίζειν,
1510 642 1596 694 καὶ
1653 643 1717 694 τὰ
1780 640 1905 695 ἐπω-

294 734 375 792 τῆς
424 725 723 801 διακρίνειν.
794 729 989 805 Διόπερ
1058 727 1302 792 συνειδὼς
1382 731 1551 801 ἑαυτῴ
1609 730 1707 795 τὴν
1769 730 1907 784 Θείαν

294 814 599 881 διαλεκτικὴν
671 816 879 895 ἔχοντι,
947 816 1124 894 ἔλεγεν
1172 820 1198 873 ὸ
1263 816 1417 874 Δαόὶδ
1475 820 1559 896 τὸ,
1638 818 1906 883 Ἠδύνθείη

293 908 415 971 ,0ιὴ
448 903 660 982 aulo-{ﬁ
695 930 823 979 μου,
878 907 943 963 ’Β
982 910 1079 984 γὰρ
1138 909 1241 963 τῶν
1299 909 1574 986 ἐριστικῶς
1624 911 1709 964 καὶ
1765 908 1912 987 φιλο-

292 998 451 1056 νεὲκως
528 993 957 1069 ἐπεμϐαινόντων
1039 1010 1154 1054 τοῖς
1228 1000 1501 1075 πράγμασι
1574 995 1906 1064 διαλεκτικὴ.

430 1082 602 1161 ἡδεῖα,
639 1083 775 1139 ἀλλὰ
807 1088 1299 1163 πιριπικραίνουσά
1340 1090 1417 1150 τίς
1474 1090 1639 1145 ἔστιν.
1686 1110 1707 1139 α
1749 1086 1912 1147 Multi

289 1179 519 1250 quaestus
543 1190 726 1231 causa
764 1190 1043 1251 perverse
1069 1173 1298 1252 judicia
1321 1174 1544 1247 ferunt,
1569 1173 1672 1235 sed
1711 1182 1771 1236 et
1800 1192 1907 1234 an-

290 1267 501 1335 tequam
536 1278 643 1339 per
667 1272 1009 1322 accuratum
1037 1282 1282 1324 examen
1309 1275 1362 1324 et
1391 1264 1908 1344 perquisitionem,

286 1367 386 1424 qua
412 1348 484 1408 de
511 1368 576 1408 re
606 1357 815 1426 agatur
848 1351 1205 1429 intelligant,
1236 1361 1465 1414 temere
1488 1354 1735 1432 singulis
1767 1372 1911 1414 sen-

288 1436 471 1497 tentiis
486 1455 802 1499 assensum
840 1439 1123 1517 praebent.
1159 1442 1231 1503 At
1260 1460 1327 1502 ea
1351 1442 1677 1504 dialectirze
1706 1452 1914 1504 natura

1994 540 2550 622 proposuissemwc
2571 556 2732 608 certe
2763 545 2983 626 scripto
2995 547 3043 607 ri
3071 548 3294 609 ultima:
3316 546 3647 624 sortis,non

1991 633 2210 692 oratori
2233 633 2441 713 prima;
2476 642 2631 698 notae
2660 638 2724 697 in
2757 643 3017 697 mentem
3051 636 3255 698 venire
3286 644 3637 716 potuerunt.

2075 811 2139 874 (il
2160 811 2419 873 .Eusebii
2442 815 2908 878 commentarios
2932 823 2991 877 et
3015 813 3469 895 pseudo-Basilii
3503 834 3640 876 cum

1994 900 2336 979 considero,
2372 922 2491 963 non
2525 923 2760 982 possum
2795 905 2936 984 quin
2970 903 3211 965 credam
3250 903 3407 965 hunc
3438 904 3510 966 ab
3546 906 3645 967 illo

1996 990 2310 1050 maximam
2337 991 2428 1052 sui
2450 999 2649 1071 operis
2672 1002 2899 1073 partem
2926 993 2998 1054 ad
3019 992 3263 1053 verbum
3292 993 3641 1075 sumpsisse.

1994 1080 2178 1141 Tanta
2204 1087 2292 1139 est
2314 1082 2470 1141 enim
2491 1082 2550 1141 in
2574 1089 2825 1162 utroque
2845 1083 3274 1143 commentario
3289 1083 3646 1145 convenien-

1999 1167 2075 1229 tia
2108 1168 2262 1248 styli,
2294 1177 2576 1249 tantaque
2606 1172 2957 1248 similitudo,
2992 1171 3049 1233 id
3101 1181 3163 1231 ut
3207 1171 3353 1231 mihi
3398 1172 3641 1235 minime

1996 1255 2240 1317 dubium
2273 1276 2406 1319 esse
2436 1260 2727 1322 videatur.
2750 1261 2863 1324 Sed
2895 1279 3026 1323 cum
3054 1279 3189 1342 pars
3216 1259 3496 1322 duntaxat
3515 1261 3637 1322 Eu-

1996 1346 2225 1407 sebiani
2258 1349 2671 1411 commentarii
2724 1350 2795 1410 ad
2833 1369 2939 1412 nos
2966 1350 3325 1430 pervenerit,
3361 1368 3537 1429 quam
3571 1369 3640 1412 ex

1997 1436 2221 1495 catenis
2275 1437 2566 1499 edendam
2630 1441 2853 1500 curavit
2910 1439 3407 1505 Montfauconius.
3444 1440 3646 1501 omnia

284 1534 382 1593 est,
409 1534 683 1588 utier-um
707 1538 945 1590 naturas
968 1541 1243 1592 accurate
1260 1531 1755 1610 distinguendi,et
1780 1551 1912 1610 qua
1996 1524 2463 1603 pseudo-Basilii
2496 1527 2650 1589 furta
2680 1529 2961 1606 detegere
2997 1528 3218 1590 frustra
3249 1546 3632 1591 conaremur.

283 1616 343 1675 ad
372 1633 431 1675 se
464 1617 807 1693 pertineant
842 1619 1221 1681 discernendi
1256 1620 1598 1683 facnltatem
1633 1632 1910 1702 praestare
1994 1616 2270 1675 Altamen
2304 1626 2518 1695 praeter
2540 1636 2609 1677 ea
2631 1637 2763 1693 qua:
2780 1619 2904 1697 jam
2929 1616 3473 1696 notavimus,etalia
3497 1635 3635 1696 quo-

283 1723 434 1784 posse
462 1716 729 1786 putetur.
764 1707 1159 1779 Quamobrem
1200 1710 1371 1772 David
1429 1730 1560 1773 curn
1595 1730 1660 1774 se
1712 1713 1911 1773 divina
1994 1720 2109 1782 que
2142 1723 2258 1763 non
2294 1724 2479 1784 pauca
2512 1707 2721 1767 eodem
2756 1727 2825 1768 ex
2882 1707 3041 1768 fonte
3072 1707 3145 1767 ab
3172 1707 3381 1768 eodem
3433 1707 3643 1770 hausta

282 1796 567 1857 dialectica
604 1798 966 1859 instructum
1000 1820 1133 1861 esse
1182 1810 1593 1880 cognosceret,
1630 1801 1905 1864 dicebat:
1935 1837 1971 1885 Β
1994 1810 2129 1885 ξξδθ
2164 1794 2323 1885 ηυυο
2369 1796 2626 1885 negotio.
2667 1795 2781 1856 ιιίεὶ
2830 1796 3001 1856 valde
3060 1794 3250 1867 fallor.
3279 1796 3640 1885 PBFViticam.

283 1886 605 1946 Iucundum
630 1892 706 1947 sit
732 1887 844 1948 tibi
865 1890 1167 1969 eloquium
1202 1909 1419 1962 meum,
1453 1890 1576 1951 sive
1595 1892 1912 1953 dialectica

1999 1880 2218 1943 Monuit
2241 1883 2299 1943 in
2326 1885 2480 1945 notis
2504 1884 2627 1946 suis
2656 1886 2815 1946 idem
2838 1885 3147 1962 ille,quem
3174 1903 3305 1945 mox
3321 1884 3642 1960 nominavi,

289 1992 416 2033 mea.
440 1972 580 2035 Nam
620 1976 929 2039 dialectica
959 1997 1167 2039 eorum
1202 1980 1301 2060 qui
1326 1980 1654 2042 altercandi
1678 2000 1744 2042 ac
1763 2001 1909 2043 con-
1997 1969 2336 2034 Bernartius
2365 1973 2860 2047 Monlfauconius.
2893 1973 3317 2054 Hieronymum
3354 1973 3534 2034 τηυιιδ
3566 1991 3639 2035 ex

287 2063 771 2127 tendendianimo
800 2086 895 2129 res
918 2069 1492 2147 aggrediuntur,non
1508 2070 1911 2150 jucunda,sed
2003 2061 2241 2122 Eusebii
2275 2070 2341 2124 in
2367 2063 2592 2126 Isaiam
2629 2065 3058 2126 commentario
3116 2068 3186 2125 ad
3242 2062 3487 2126 verbum
3519 2062 3645 2125 fere

289 2152 458 2230 potius
483 2172 854 2234 eanpernns
878 2168 1024 2219 est.»
1044 2158 1113 2218 Et
1141 2159 1263 2219 haec
1284 2178 1520 2240 quoque
1548 2160 1917 2239 pseudo-Ba-
2000 2152 2387 2240 convertisse,
2422 2172 2609 2235 eaque
2638 2154 2697 2214 in
2729 2172 2902 2215 suum
2937 2152 3344 2215 transtulisse:
3382 2154 3538 2234 quod
3572 2171 3643 2215 ex

288 2242 436 2303 silius
454 2243 511 2302 iu
535 2263 717 2304 suum
745 2249 1235 2309 commentarium
1260 2239 1583 2311 transferre
1607 2269 1723 2311 non
1748 2250 1917 2311 dubi-
2002 2239 2270 2302 iocorum
2302 2242 2621 2305 collatione
2647 2244 3025 2324 perSpicuum
3057 2252 3167 2305 est.
3195 2244 3349 2321 Ergo
3371 2244 3420 2303 si
3439 2252 3641 2304 osten-

287 2332 403 2391 tavit
427 2346 631 2408 (num.
675 2335 838 2414 173),
862 2356 995 2397 cum
1033 2338 1151 2418 illa,
1200 2339 1286 2399 Va:
1319 2341 1424 2417 qui
1451 2341 1656 2402 dicitis
1684 2343 1913 2401 malum
2003 2330 2148 2391 dero
2174 2331 2363 2418 multa
2392 2332 2507 2412 legi
2539 2334 2694 2414 apud
2729 2332 3181 2414 Hieronymum,
3204 2351 3336 2413 quae
3351 2340 3555 2412 aperte
3572 2349 3642 2393 ex

287 2418 1040 2504 bom:m”,etc.,explicaret
1071 2417 1417 2508 Eaemplum
1435 2429 1701 2489 ultimum
1720 2438 1911 2509 petam
2002 2417 2471 2509 pseudo-Basilii
2502 2421 2947 2483 commentariis
2971 2438 3248 2502 expressa
3271 2423 3409 2494 sint,
3412 2421 3551 2500 jure
3575 2439 3645 2483 ac

286 2525 312 2567 e
337 2511 546 2588 psalmo
578 2521 917 2575 centesimo
946 2517 1239 2589 secundo,
1267 2518 1437 2597 cujus
1461 2518 1691 2578 initium
1724 2508 1808 2579 sic
1830 2518 1917 2579 in-
2000 2508 2211 2597 φθτίιο
2236 2520 2487 2591 uterque
2507 2523 2627 2572 tum
2652 2510 3052 2591 Hieronymus
3073 2520 3196 2571 tum
3224 2512 3640 2590 pseudo-338i-

285 2607 627 2678 terpretatur
658 2602 993 2667 Eusebius:
1030 2616 1157 2668 Tot;
1218 2594 1365 2670 ἐντὸὲ
1426 2612 1584 2666 αὖτοῦ
1641 2611 1911 2685 agonia-
2000 2594 2115 2657 lius
2138 2599 2261 2659 haec
2291 2598 2366 2659 ab
2397 2598 2654 2661 Eusebio
2714 2599 3044 2681 sumpsisse
3104 2598 3486 2679 putabuntur.
3520 2600 3644 2663 Nec

285 2710 348 2744 εει
396 2690 645 2769 εὐλογεῖν
705 2696 765 2749 τὸ
846 2693 1012 2771 ὄνομα
1076 2698 1281 2771 Κυρίου,
1345 2697 1580 2753 τουτέστι
1645 2706 1710 2774 τῇ
1764 2699 1911 2777 φύσει

1999 2704 2356 2777 quemquam
2389 2689 2687 2750 dicturum
2713 2688 3311 2770 puto,Hieronymum
3347 2689 3642 2769 ejusmodi

282 2781 371 2833 τῶν
424 2779 624 2837 ἔσωθεν
677 2782 1041 2862 ἐξερχομένων
1097 2784 1478 2863 διαλογισμῶν,
1543 2790 1617 2840 ὧν
1689 2773 1911 2844 Ῠδιττλοῠν

1999 2773 2124 2836 loca
2148 2794 2219 2839 ex
2249 2778 2363 2839 hoc
2394 2778 2520 2857 ipso
2554 2778 2653 2859 qui
2685 2778 2890 2841 Basilii
2925 2779 3167 2839 nomine
3226 2779 3641 2839 circumfertur

282 2869 376 2925 ἐστι
449 2874 509 2928 τὸ
594 2876 805 2950 τὰγμα,
868 2878 929 2932 Οἱ
988 2879 1084 2947 μὲν
1143 2879 1243 2954 γὰρ
1314 2879 1581 2956 μοχθηροί
1644 2880 1763 2952 εἰσι,
1811 2882 1909 2959 φό-

1999 2868 2427 2928 commentario
2473 2868 2733 2930 mutuari
2762 2868 3046 2948 potuisse,
3078 2885 3215 2929 cum
3254 2866 3314 2927 id
3344 2886 3495 2947 opus
3527 2868 3643 2947 ipsi

281 2983 371 3039 νοι,
438 2976 725 3042 μοιχεῖαι,
778 2964 997 3022 adorta?
1034 2968 1081 3023 οἱ
1124 2965 1176 3021 δὲ
1225 2968 1431 3024 ἀστεῖοι
1491 2971 1575 3025 καὶ
1633 2972 1909 3050 σωτήριοι,

1999 2963 2202 3018 notum
2219 2975 2336 3018 non
2356 2956 2536 3019 fuisse
2550 2954 3281 3037 videamus.Hieronymus
3295 2957 3456 3018 enim
3472 2957 3639 3019 Isaia)

283 3048 652 3128 ᾳιλινθρωπία,
716 3056 1051 3134 σωφροσύνη,
1112 3058 1171 3114 τὸ
1228 3060 1559 3115 κοινωνικόν.
1622 3054 1684 3141 ᾯ
1740 3060 1911 3117 τοίνον

1999 3045 2351 3126 interpretes
2368 3046 2429 3107 in
2452 3065 2560 3109 suo
2587 3048 2830 3127 prologo
2855 3046 3342 3125 recensens,ejus
3362 3046 3465 3127 qui
3484 3046 3644 3108 Basi-

286 3139 431 3195 πάντα
457 3143 521 3197 τὰ
553 3142 713 3206 ἐντὸς
743 3146 1081 3221 γατώρθωτιι
1137 3148 1209 3209 εἷς
1254 3147 1578 3221 ἑτοιμότητα
1635 3135 1726 3206 τοῦ
1758 3149 1910 3206 εὔλο-

1999 3135 2058 3196 lii
2073 3154 2291 3198 nomen
2306 3136 2969 3217 praefertcommentarii
2989 3135 3208 3196 nullam
3223 3136 3466 3197 omnino
3481 3153 3644 3197 men-

1998 3224 2217 3287 tionem
2251 3226 2409 3287 facit.
2437 3228 2643 3307 Neque
2672 3244 2811 3287 vero
2840 3221 3005 3286 credi
3039 3223 3247 3285 merito
3281 3232 3473 3305 potest
3504 3226 3641 3287 Hie-

341 3241 387 3281 ῖν
414 3232 473 3284 τὸ
497 3229 672 3295 ὄνομα
700 3242 792 3291 τοῦ
840 3241 970 3289 eam
1019 3238 1079 3290 τὸ
1122 3235 1296 3295 ἅγιον.
1330 3240 1484 3295 οὗτος
1539 3236 1718 3295 καλῶς
1773 3262 1911 3295 συν.-

286 3248 387 3302 γτῖν
414 3250 473 3284 το
497 3248 672 3305 ονομα
700 3248 792 3291 τἰῠ
840 3248 970 3289 eam
1019 3248 1079 3290 τὸ
1122 3248 1296 3309 ἅγιον,
1330 3248 1484 3301 οὐτος
1539 3248 1718 3303 καλως
1773 3262 1911 3314 συμ-
1998 3248 2217 3287 uonem
2251 3248 2409 3287 lacu.
2439 3248 2643 3307 neque
2672 3248 2811 3287 vero
2840 3248 3005 3286 creat
3039 3248 3247 3285 merito
3281 3248 3473 3305 poresr
3504 3248 3631 3287 n16-

289 3318 673 3393 πιραλαμϐἀνει
736 3324 833 3388 τὴν
890 3323 1034 3380 ἔνδον
1091 3322 1340 3394 διάθεσιν,
1402 3328 1477 3390 εἷς
1508 3326 1607 3394 τὴν
1664 3335 1755 3384 τοῦ
1785 3335 1915 3385 θεοῦ
1996 3316 2433 3394 ronymusideo
2467 3316 2540 3376 de
2574 3316 2685 3377 hoc
2711 3313 3142 3376 commentario
3188 3321 3408 3389 tacere,
3435 3321 3631 3375 utsna

289 3318 673 3393 παραλαμϐάνει
736 3324 833 3388 τὴν
890 3323 1034 3380 ἔνδον
1091 3322 1340 3405 διάθεσιν,
1402 3328 1477 3390 εἷς
1508 3326 1607 3395 τὴν
1664 3335 1755 3384 τοῦ
1785 3335 1915 3385 Θεοῦ

287 3407 625 3496 stippa-dav.
704 3432 725 3465 α
762 3408 998 3472 Nomini
1032 3413 1269 3476 Domini
1323 3412 1687 3477 benedicere
1743 3415 1915 3496 jubet

287 3493 547 3559 interiora
569 3518 715 3573 sua,
736 3499 795 3560 id
821 3508 910 3562 est
939 3501 1331 3578 cogitationes
1361 3522 1519 3583 suas,
1555 3522 1688 3583 qua;
1712 3493 1785 3567 ab
1816 3505 1913 3567 in-

287 3589 363 3641 tns
392 3589 745 3669 procedunt,
778 3607 1023 3669 quarum
1046 3592 1261 3671 duplex
1283 3604 1372 3655 est
1405 3593 1737 3655 ordo.;\lite
1757 3595 1915 3656 enim

289 3689 456 3749 pravae
510 3688 679 3751 sunt,
712 3696 931 3759 nempe
973 3679 1188 3756 caedes,
1222 3682 1649 3744 fornicationes
1679 3693 1736 3745 et
1766 3684 1920 3746 furta

287 3771 637 3854 spectantes;
676 3766 811 3828 alia:
849 3786 987 3830 vero
1020 3768 1266 3832 urbanae
1295 3779 1354 3833 et
1382 3772 1918 3854 salutares,nempe

287 3848 619 3945 humanitas,
664 3862 1063 3937 temperantia
1094 3869 1149 3921 et
1182 3862 1599 3925 communitas.
1632 3861 1688 3923 Is
1724 3848 1916 3945 itaque

288 3940 431 4031 cujus
455 3947 661 4007 omnia
683 3946 972 4009 interiora
990 3962 1154 4010 recta
1175 3957 1313 4011 sunt
1335 3959 1392 4012 et
1416 3959 1617 4031 parata
1637 3952 1709 4012 ad
1740 3940 1920 4014 liene-

1998 3402 2153 3465 furta
2181 3403 2374 3482 celet;
2409 3424 2545 3466 cum
2571 3404 2646 3466 de
2682 3403 3016 3465 Ensebiano
3057 3403 3484 3463 commentario
3540 3403 3631 3463 lo-

2001 3501 2235 3572 quatur,
2272 3513 2305 3555 e
2334 3513 2450 3575 quo
2485 3493 2778 3575 permulta
2807 3500 3155 3554 convertere
3211 3510 3329 3553 non
3383 3490 3635 3557 dubitat.

2000 3580 2228 3645 Rursus
2262 3584 2480 3646 dixerit
2530 3602 2730 3657 neruo,
2767 3582 3102 3663 imperfecti
3136 3582 3294 3643 illius
3325 3600 3637 3644 commen-

2003 3672 2133 3734 tarii
2162 3680 2465 3736 auctorem
2500 3692 2570 3735 ea
2629 3690 2760 3753 quae
2818 3671 3035 3734 Latine
3068 3672 3126 3731 in
3158 3670 3515 3751 Hieronymo
3548 3674 3638 3734 le-

1998 3763 2395 3841 gerat,Graece
2418 3760 3233 3824 reddidisse.Alienissimum
3259 3760 3489 3822 enimid
3510 3779 3642 3823 esse

1999 3871 2031 3913 a
2061 3850 2400 3914 ercorum
2437 3852 2699 3913 moribus
2758 3868 2990 3930 omnes,
3021 3857 3089 3910 ut
3144 3850 3378 3930 opinor,
3410 3849 3628 3912 sciunt.

2000 3944 2294 4004 Praeterea
2350 3960 2485 4003 cum
2543 3949 2846 4003 exstarent
2896 3940 3267 4021 temporibus
3296 3939 3418 4002 illis
3474 3940 3640 4001 multi

286 4027 578 4094 dicendum
601 4037 837 4097 nomini
864 4046 1067 4099 sancto
1098 4037 1223 4119 Dei,
1258 4027 1531 4102 interiori
1558 4058 1665 4102 suo
1698 4042 1908 4103 affectu
2000 4029 2188 4095 Graeci
2211 4033 2270 4093 in
2292 4033 2504 4096 Isaiam
2531 4030 3219 4105 commentarii,dubium
3247 4049 3366 4091 non
3387 4038 3476 4091 est
3498 4038 3639 4110 quin

287 4130 422 4209 {9010
447 4126 631 4185 utitur
664 4125 741 4187 ad
773 4127 1096 4203 gratiarum
1130 4118 1392 4191 actiones
1423 4129 1544 4192 Deo
1567 4131 1845 4209 agendas.
1880 4157 1904 4187 υ
2001 4121 2256 4203 scriptor
2284 4125 2524 4186 Graecus
2572 4121 2807 4185 Graecos
2855 4122 3049 4201 potius
3099 4118 3435 4199 compilarit
3467 4137 3641 4199 quam

290 4203 663 4275 Haactotidem
691 4214 929 4294 syllabis
943 4216 1253 4280 etvocibus
1266 4203 1651 4298 reperiuntur
1667 4219 1908 4299 quidem
2005 4229 2185 4272 unum
2211 4211 2471 4290 aliquem
2506 4212 2863 4291 εεΐίρίοτεῐη
2890 4210 3181 4272 “mnum-
3204 4209 3645 4299 Βθβίειυυιηρδι

287 4301 417 4373 apud
442 4303 1003 4379 pseudo-Basiliam
1028 4306 1220 4385 (num.
1245 4297 1748 4387 314),verbailla:
1778 4310 1913 4372 Ideo
2003 4301 2182 4379 igitur
2213 4311 2275 4363 ut
2305 4312 2577 4383 uterque,
2613 4301 3006 4380 Hieronymus
3037 4309 3096 4361 et
3126 4297 3642 4380 pseudo-Basilius

287 4395 619 4446 War-neua
645 4408 812 4465 super
826 4393 978 4451 Moab
1007 4395 1163 4466 quasi
1189 4395 1399 4453 cithara
1426 4397 1643 4454 sonabit
1677 4396 1749 4463 99,
1779 4410 1911 4466 etc..
1998 4389 2127 4452 loca
2159 4390 2258 4453 illa
2286 4392 2399 4454 sibi
2431 4391 2770 4452 communia
2802 4390 2875 4451 ab
2916 4389 3113 4469 aliquo
3170 4393 3468 4449 mutuatus
3521 4388 3635 4448 sit:

290 4470 760 4565 iuterpretantem
798 4500 811 4541 :
852 4480 958 4541 sed
1007 4480 1096 4542 sic
1144 4490 1365 4557 tamen,
1400 4491 1465 4544 ut
1515 4483 1576 4545 in
1633 4502 1703 4545 eo
1738 4485 1914 4565 paulo
1997 4499 2173 4561 quem
2194 4500 2300 4561 ego
2322 4482 2617 4544 aliirmare
2642 4498 2816 4561 posse
2834 4478 3038 4540 videor
3068 4477 3248 4539 alium
3279 4475 3352 4538 ab
3385 4474 3637 4537 Eusebio

289 4561 390 4621 sint
414 4564 658 4629 fusiora.
683 4568 763 4629 Ex
799 4588 915 4650 quo
949 4571 1036 4652 ﬁt,
1062 4579 1124 4631 ut
1154 4570 1428 4634 librarios
1457 4573 1556 4654 qui
1578 4561 1915 4637 Ensebiana
1934 4599 1980 4652 ι)
2000 4589 2116 4631 non
2134 4589 2417 4648 esse,cum
2436 4570 2933 4650 etHieronymnm
2949 4566 3637 4630 etcommentariiGraaci

293 4655 745 4743 fisci-ipsarum,
777 4658 1001 4740 aliquid
1031 4660 1142 4722 hoc
1167 4662 1297 4723 loco
1322 4662 1595 4725 omisisse
1621 4665 1911 4743 suspicer.

291 4735 423 4831 §atis
449 4755 559 4819 est,
594 4750 659 4809 ni
694 4735 898 4821 fallor,
920 4750 1045 4811 haec
1076 4752 1451 4825 retulisse,ut
1480 4735 1813 4831 imperfecti
1836 4735 1912 4815 il?

291 4827 388 4891 lius
417 4839 472 4895 in
509 4837 725 4899 Isaiam
754 4840 1162 4901 commentarii
1204 4842 1365 4898 iocata
1385 4827 1913 4919 ostendatur;nec

291 4922 469 4984 multis
499 4927 705 4988 verbis
736 4946 885 5008 opus
916 4947 1048 4991 esse
1076 4928 1151 4990 ad
1204 4930 1261 4991 id
1317 4930 1689 5010 probandum
1748 4932 1913 4994 arbi-

292 5016 419 5074 tror.
444 5017 595 5078 Nam
628 5036 729 5079 res
761 5019 889 5097 ipsa
930 5019 1166 5092 clamat,
1195 5018 1686 5082 facundissimum
1714 5031 1915 5083 orato-

290 5114 397 5158 rem
422 5104 729 5178 Basiliam,
763 5108 812 5168 si
876 5107 1082 5170 Isaiam
1144 5109 1571 5189 interpretatus
1630 5120 1805 5192 esset,
1841 5111 1915 5173 de

290 5204 400 5248 corn
409 5192 652 5270 pilando
673 5215 804 5257 com
815 5215 946 5257 men
955 5197 1103 5258 tario
1117 5196 1356 5260 Eusebii
1372 5200 1435 5259 in
1448 5199 1914 5263 Psalnosneco-

290 5280 584 5368 gitatururn
601 5284 845 5365 quidem
858 5284 1389 5359 fnisse.Etvero,ut
1402 5288 1698 5368 neloqnar
1712 5289 1788 5350 de
1807 5308 1917 5351 caa-

291 5366 579 5447 teris.quis
602 5374 716 5435 sibi
736 5374 907 5436 facile
926 5366 1598 5455 persuadebitBasilium
1614 5377 1913 5457 Magnum,

292 5468 407 5516 cum
434 5458 643 5524 Isaiam
684 5463 1062 5545 interpretari
1087 5464 1416 5541 debuisset,
1443 5476 1668 5549 partem
1705 5466 1914 5549 psalmi

362 5634 549 5703 “In.
586 5660 645 5722 ν,
677 5644 777 5703 20.
859 5641 916 5687 ³³
943 5641 1197 5725 Ila.xvr,
1224 5648 1322 5708 11.

1996 4663 2350 4740 scriptorem
2380 4661 2563 4721 multa
2593 4660 2669 4721 ab
2714 4657 2974 4721 Eusebio
3022 4660 3350 4737 sumpsisse
3391 4657 3636 4719 aliunde

1996 4759 2249 4814 constet.
2272 4754 2401 4812 Jam
2428 4750 2800 4832 proferamus
2822 4747 3121 4826 exempla,
3160 4746 3380 4825 quibus
3400 4757 3633 4809 utrum-

1994 4857 2111 4919 que
2125 4840 2201 4903 ab
2224 4841 2433 4902 eodem
2458 4839 2617 4901 fonte
2648 4837 2919 4901 hausisse
2940 4847 3104 4899 certo
3121 4838 3405 4915 cognosci
3427 4837 3631 4918 possit.

1995 4929 2097 4993 Sic
2119 4929 2294 5009 igitur
2316 4929 2573 5010 loquitur
2595 4927 2843 5010 pseudo.
2858 4926 3109 4989 Basilius
3128 4928 3630 5009 (2,13,num.91):

1996 5021 2150 5100 Φέρει
2182 5018 2237 5076 δὲ
2268 5022 2329 5077 τὸ
2361 5018 2566 5097 δένδρον
2603 5026 2760 5075 τοῦτο
2810 5020 3037 5097 καρπὸν,
3078 5016 3212 5075 ἀλλὰ
3273 5019 3473 5097 χοίρων
3516 5042 3635 5099 τρο-

1998 5110 2125 5189 φήν.
2164 5112 2261 5167 Διὰ
2306 5118 2459 5167 τοῦτο
2519 5107 2723 5187 δένδρον
2776 5108 3036 5187 αἶσχύνης
3084 5107 3379 5189 ὠνόμασεε
3412 5112 3481 5167 Τὸ
3537 5112 3636 5188 γὰρ

2000 5186 2174 5256 Βασὰν
2206 5202 2277 5262 εἰς
2326 5202 2423 5269 τὴν
2482 5186 2745 5280 αἰσχύνην
2798 5186 3316 5273 μετσλαμϐάνουσιν,
3352 5186 3446 5254 ττὶν
3480 5186 3567 5255 οὖν

1998 5286 2120 5354 δόξα
2149 5290 2245 5356 τῆς
2291 5292 2649 5369 καρποφορίας
2695 5288 2928 5368 αἰσχύνη
2981 5288 3114 5363 ἐστὶ,
3146 5290 3236 5346 καὶ
3305 5288 3387 5346 ἐπὶ
3434 5292 3637 5352 τούτοις

1998 5378 2145 5459 ἔσται
2174 5381 2208 5447 ἡ
2241 5379 2413 5458 ἡμέρα
2441 5389 2532 5438 τοῦ
2562 5380 2769 5457 Κυρίου.
2804 5378 2948 5451 Quae
2976 5383 3063 5440 sic
3113 5396 3394 5459 expressa
3423 5378 3638 5457 legun-

1999 5456 2092 5529 tur
2139 5468 2299 5549 apud
2350 5456 2772 5549 Hieronymum
2822 5485 2959 5548 pag.
2992 5468 3095 5542 27,
3127 5456 3397 5547 liberius,
3432 5466 3491 5528 id
3521 5475 3633 5541 est,
