4100 6202
509 300 777 350 CCXXVII]

1939 282 2337 347 PROLEGOM
2349 281 2521 345 ENA.

510 409 696 473 αὖτοὺς
725 410 780 466 ἒν
809 411 941 490 ὀργῇ
970 411 1146 470 αὐτοῦ.
1201 422 1364 489 χεῖρα
1421 406 1592 485 λέγων
1658 407 1757 474 τὴν
1828 405 2149 475 κολαστικὴν

2238 413 2334 466 aut
2365 423 2644 486 expressa
2675 421 2827 468 esse.
2854 404 3002 467 Cum
3035 403 3216 484 igitur
3231 408 3727 468 commentarium
3749 427 3866 471 eum

511 501 751 579 δύναμιν,
816 500 952 555 κατὰ
1015 501 1106 555 τὸν
1153 490 1292 555 Ἰώϐ·
1333 499 1453 577 Χεὶρ
1512 498 1611 575 γὰρ
1673 498 1858 575 Κυρίου
1915 499 1949 565 ἠ
2008 498 2155 573 ἅψαι-

511 591 646 667 μὲνη
705 589 807 646 μού
836 588 969 667 ἐστι,
1027 589 1111 644 καὶ
1160 590 1211 643 ἓν
1264 587 1435 660 τούτῳ
1465 593 1556 643 τοῦ
1583 583 1835 642 διαϐόλου
1867 608 2029 666 χεορα
2060 586 2156 641 λέ-

510 702 695 757 γοντος
757 678 808 733 ἐν
888 684 962 750 τῷ
1020 684 1187 755 καιρῷ
1246 676 1342 743 τῆς
1400 674 1692 737 κολάσεως·
1770 677 1842 734 O6
1914 678 2018 750 μὴν
2076 674 2153 755 δὲ,

509 769 647 826 ἀλλὰ
702 766 1013 824 ἀπόστειλον
1074 770 1173 832 τὴν
1209 766 1374 845 χεῖρά
1406 788 1522 836 σου,
1548 768 1634 821 καὶ
1668 766 1797 840 ἅψαι
1828 772 1933 821 τῶν
1986 766 2152 821 ὀπτῶν

514 861 692 919 αὑτοῦ.
740 854 1133 934 Hieronymus
1164 855 1279 916 col.
1307 856 1371 919 6|
1413 876 1426 919 :
1463 880 1488 909 α
1522 858 1590 918 Et
1631 853 1952 925 Abraham,
1990 862 2154 935 post-

510 964 687 1023 quam
711 943 856 1005 vidit
884 942 1226 1019 Dominum,
1260 954 1320 1005 et
1342 944 1561 1005 audivit
1591 961 1794 1005 vocem
1840 944 1993 1022 ejus,
2030 953 2154 1005 ter-

507 1054 634 1098 ram
679 1045 736 1095 et
768 1033 1033 1095 cinerem
1071 1051 1201 1095 esse
1228 1053 1293 1095 se
1324 1034 1465 1096 dicit
1497 1034 1575 1093 51.
1640 1058 1666 1088 ιο
1733 1031 2150 1095 ΡδθιιᾱοοΒδεί-

508 1123 1259 1203 lius(v1,1,num.182):
1326 1123 1474 1180 Ἐπεὶ
1523 1125 1609 1180 καὶ
1668 1127 1694 1179 ὁ
1754 1120 2015 1199 Ἀϐρααμ,
2070 1124 2155 1180 ὅτε

509 1218 661 1295 ὤφθη
692 1215 892 1285 αὖτῷὁ
944 1215 1097 1285 Θεὸς,
1157 1214 1277 1268 τότε
1334 1212 1725 1292 ἀναγέγραπται
1787 1214 2010 1288 εἷρηκῶς
2072 1215 2154 1287 τὸ,

510 1304 654 1382 Ἐγὼ
683 1301 736 1358 δέ
779 1307 887 1377 εἰμι
917 1308 987 1379 γῆ
1019 1305 1106 1359 καὶ
1136 1300 1345 1363 σποδός.
1406 1301 1803 1381 Hieronymus
1851 1301 1967 1363 Cui.
2033 1301 2110 1365 69
2137 1323 2151 1360 :

508 1412 540 1453 (
574 1393 728 1470 Ergo
760 1391 915 1453 sicut
941 1391 1328 1469 profundum,
1366 1392 1669 1452 infernum
1695 1390 1992 1469 signiﬁcat
2023 1410 2038 1468 ;
2072 1390 2149 1451 ita

503 1481 811 1546 excelsum
839 1497 1015 1558 supra
1038 1480 1221 1542 cmlos
1244 1479 1580 1558 intelligere
1605 1480 1941 1542 debemus..
1959 1480 2150 1552 .Quod

506 1580 823 1649 utrumque
854 1572 928 1630 ad
982 1578 1179 1649 typum
1233 1569 1487 1649 pertinet
1548 1572 1753 1631 mortis
1804 1569 2039 1630 Domini
2096 1578 2155 1629 et

506 1659 911 1722 ascensionis:
951 1658 1068 1733 Qui
1096 1662 1254 1720 enim
1284 1659 1604 1729 descendit,
1664 1660 1794 1738 ipse
1848 1664 1936 1721 est
1967 1659 2071 1738 qui
2100 1664 2153 1720 et
2180 1696 2214 1744 Β

505 1748 775 1812 ascendit
795 1746 947 1806 “Et
979 1747 1037 1807 in
1062 1747 1354 1826 Apostolo
1379 1748 1656 1827 legimus:
1704 1748 1792 1810 Ne
1822 1748 2056 1810 dixeris
2086 1749 2153 1810 in

505 1840 683 1900 corde
705 1845 829 1898 tuo:
842 1836 986 1909 Quis
1005 1836 1282 1898 ascendet
1305 1840 1370 1898 in
1385 1835 1736 1899 cwlumihoc
1752 1838 2153 1899 estC/tristum

505 1927 962 2005 deducere;uut,
984 1924 1139 2000 Quis
1159 1927 1481 1988 descendet
1511 1928 1577 1988 in
1600 1926 1923 2004 abyssum?
1942 1926 2048 1989 hoc
2067 1936 2152 1987 est

505 2015 823 2077 Christum
849 2015 920 2076 de
964 2016 1215 2076 mortuis
1236 2017 1525 2077 reducere
1545 2014 1621 2076 ⁵³.
1661 2042 1686 2070 ι)
1721 2015 2154 2077 Pseudo-Basi-

509 2104 622 2165 lius
643 2104 724 2184 (7,
764 2108 862 2184 H,
898 2122 1062 2166 num.
1094 2104 1229 2176 198)
1258 2124 1271 2163 2
1319 2102 1402 2161 ’Ἢ
1435 2106 1580 2185 τάχα
1604 2107 1760 2183 βάθος
1808 2108 2057 2180 σημαίνει
2088 2108 2154 2163 τὰ

505 2194 784 2251 κατώτατα
851 2200 942 2249 τοῦ
1004 2192 1149 2266 ἅδοι),
1211 2194 1343 2269 ὕψος
1389 2193 1572 2261 δὲτὴν
1628 2196 1997 2275 ὑπερθυράνιον
2028 2199 2150 2274 χώ-

511 2306 628 2362 ραν,
690 2286 765 2346 ὡς
824 2285 851 2339 ὁ
912 2280 1241 2347 Ἀπόστολος
1279 2285 1414 2359 ἡμῖν
1470 2286 1751 2360 παρίστησι
1814 2284 2004 2363 λέγων·
2065 2285 2152 2351 Μὴ

508 2372 671 2450 εἴπῃς
732 2372 784 2430 ἓν
830 2378 899 2449 τῇ
948 2370 1132 2450 καρδίᾳ
1204 2396 1321 2449 σου,
1375 2376 1451 2435 τίς
1526 2372 1849 2441 ἀναϐησεται
1907 2376 1980 2438 είς
2062 2377 2152 2431 τὸν

508 2462 770 2543 οὐρανόν;
820 2464 1059 2520 τουτέστι
1121 2464 1341 2539 Χριστὸν
1400 2476 1755 2542 καταγαγεῖν
1820 2463 1854 2531 ἥ
1900 2466 1977 2529 τίς
2049 2486 2149 2520 οια-

506 2552 797 2623 ταϐήσεται
884 2552 955 2617 εἰς
1037 2551 1135 2617 τὴν
1238 2550 1513 2623 ἄϐυσσονε
1597 2553 1835 2609 τουτέστι
1929 2555 2153 2631 Χριστὸν

505 2645 568 2698 Ex
623 2641 820 2719 νεκρῶν
877 2640 1192 2719 ἀναγαγεῖν.
1268 2640 1412 2698 Ἐπεὶ
1472 2643 1561 2698 οὖν
1618 2645 1646 2699 ὁ
1702 2642 1937 2705 καταϐὰς
1997 2641 2151 2705 αὑτός

506 2731 616 2787 ἐστι
697 2732 783 2786 καὶ
876 2727 1092 2804 ἀναϐὰς,
1209 2730 1269 2786 τὸ
1354 2732 1425 2793 εἷς
1520 2732 1677 2807 βάθος
1754 2733 1842 2789 καὶ
1894 2734 1966 2797 εἷς
2019 2732 2150 2804 ὕψος

508 2833 738 2896 σημεῖον
796 2822 914 2899 περὶ
971 2819 1067 2886 τῆς
1118 2819 1339 2876 καθόδου
1395 2819 1456 2875 ἄν
1487 2820 1580 2889 εἴη
1612 2821 1902 2900 λεγόμενον
1932 2827 2029 2889 τῆς
2062 2823 2154 2877 106

512 2909 717 2988 Κυρίου·
754 2910 839 2965 καὶ
898 2909 925 2964 ὁ
982 2906 1177 2971 ἀναϐὰς
1238 2909 1391 2973 αὐτός
1452 2909 1592 2965 ἐστιν
1644 2912 1885 2988 ὑπεράνω
1938 2911 2151 2967 πάντων

506 3005 611 3055 τῶν
671 2998 929 3069 οὒρανῶδ.
972 2993 1369 3076 Hieronymus
1397 2997 1512 3060 col.
1549 2997 1629 3059 7O
1664 3016 1677 3061 :
1714 3018 1744 3058 ‹
1794 2997 1864 3060 Ει
1897 2999 2009 3060 hoc
2037 3018 2207 3081 [ιο-⁸,,

511 3085 754 3148 tandum
788 3084 945 3165 quod
976 3084 1174 3145 Achaz
1201 3070 1349 3163 rege
1383 3085 1734 3164 impiissimo
1792 3088 2033 3149 nolente
2062 3070 2210 3149 ξιξ-’³

509 3192 688 3256 gnum
722 3183 946 3254 petere,
980 3192 1177 3235 sermo
1210 3176 1595 3254 propheticus
1650 3174 1723 3236 ad
1747 3176 1991 3237 domum
2028 3180 2149 3240 Da-

508 3265 682 3326 vid...
708 3271 1104 3325 convertatur.
1136 3286 1161 3318 ι
1191 3260 1717 3325 Pseudo-Basilius
1750 3265 1831 3345 (Ἰ,
1860 3267 1958 3345 12,
1980 3284 2147 3332 num.

515 3352 650 3432 199)
691 3353 810 3412 :06
842 3355 941 3431 γὰρ
970 3350 1211 3424 εὐλαϐείᾳ
1259 3358 1359 3407 τινὶ
1423 3367 1721 3432 παρῃτεῖτο
1774 3356 1871 3423 τὴν
1932 3354 2148 3423 αἴτησιν

508 3450 602 3501 τοῦ
652 3443 874 3518 σημείδυ
917 3444 944 3499 ὁ
1005 3440 1255 3522 Ἀχάζη.
1312 3442 1652 3521 ἀποστρέψας
1698 3445 1797 3524 γὰρ
1846 3447 1935 3501 τὸν
1992 3445 2151 3524 λόγον

508 3533 594 3590 ἐπὶ
623 3532 715 3589 τοῦ
743 3530 922 3608 Δαϐίδ,
961 3537 1078 3595 etc.
1116 3532 1260 3604 Quae
1286 3530 1446 3592 refer
1468 3530 1885 3613 Hieronymus,
1913 3533 2026 3595 col.
2048 3539 2149 3612 71,

509 3619 587 3682 de
616 3623 813 3701 puella
843 3622 1014 3702 cujus
1041 3621 1103 3683 ﬁt
1125 3620 1344 3683 mentio
1377 3620 1437 3681 in
1463 3620 1953 3701 Deuteronomio,
1991 3633 2047 3686 et
2079 3625 2153 3687 de

509 3712 754 3791 Abisag,
788 3730 858 3773 ea
880 3717 1009 3791 ipsa
1032 3728 1268 3789 quoque
1285 3727 1316 3770 e
1338 3705 1560 3771 Graecis
1580 3728 1862 3792 eXpressa
1886 3731 2018 3774 esse
2040 3732 2152 3774 ne-

512 3802 637 3879 gari
668 3821 787 3863 non
822 3797 1240 3881 p0test.Velim
1275 3798 1546 3860 conferas
1563 3798 1768 3862 Latina
1791 3802 2153 3865 cumGraacis

510 3910 676 3951 num.
697 3883 838 3955 201.
863 3888 1256 3967 Hieronymus
1275 3888 1391 3950 col.
1424 3888 1518 3950 76:
1558 3909 1588 3949 ι
1620 3889 1871 3963 Quidam
1896 3892 2153 3971 prophe-

510 3980 713 4041 tissam
744 3986 1005 4041 sanctam
1028 3975 1275 4040 Mariam
1298 3977 1788 4060 interpretantur,
1809 3998 1986 4057 quam
2008 3998 2151 4059 pro-

508 4070 714 4151 phetin
740 4070 918 4130 fuisse
949 4084 1069 4128 non
1094 4064 1340 4127 dubium
1371 4075 1460 4127 est
1499 4085 1512 4128 ε
1549 4067 1676 4146 ipsa
1696 4069 1853 4128 enim
1889 4068 2153 4149 loquitur

509 4158 569 4219 in
602 4155 1100 4238 EvangeliozEcce
1125 4160 1282 4216 eaim
1305 4156 1521 4217 amodo
1552 4154 1793 4218 beatam
1826 4175 1922 4219 me
1949 4160 2153 4220 dicent

2240 494 2342 571 qui
2360 513 2576 555 nomen
2596 492 2798 555 Basilii
2812 493 3201 575 praefertmon
3220 494 3452 556 noverit
3466 494 3867 576 Hieronymus,

2240 602 2349 644 nec
2368 584 2655 645 credibile
2678 586 2753 643 sit
2776 583 3193 650 commentarii
3217 583 3571 664 scriptorem
3596 584 3868 669 Hierony-

2242 673 2439 734 miana
2472 672 2676 736 Graece
2703 672 3062 741 reddidisse.
3088 674 3419 752 praesertim
3445 693 3577 735 cum
3606 676 3664 735 in
3689 676 3869 738 mani-

2240 761 2352 823 bus
2381 762 2646 823 omnium
2680 771 2880 823 essent
2898 761 3529 844 commentariiGmci,
3567 762 3727 825 unde
3747 763 3872 827 faci-

2240 853 2353 914 lius
2385 851 2626 913 hanrire
2662 859 2913 932 poterat,
2945 860 3109 914 certe
3143 860 3355 912 neuter
3385 850 3459 913 ab
3489 852 3676 914 altero
3709 854 3870 933 quid-

2239 959 2416 1019 quam
2448 941 2775 1021 sumpsisse
2800 940 3095 1020 putandus
3119 939 3457 1014 est.Quare,
3485 950 3546 1002 ut
3570 942 3716 1002 mihi
3748 943 3873 1023 qui-

2240 1031 2372 1093 dem
2405 1031 2664 1110 videtur,
2686 1030 2946 1091 dubitari
2976 1030 3072 1092 vix
3105 1038 3296 1109 potest
3327 1030 3468 1110 quin
3523 1038 3790 1111 uterque,
3825 1039 3875 1092 et

2242 1119 2636 1201 Hieronymus
2658 1130 2714 1181 et
2728 1119 3141 1184 commentarii
3165 1119 3419 1200 scriptor
3442 1138 3511 1182 ea
3527 1139 3656 1201 quas
3673 1122 3877 1182 exscri-

2242 1212 2469 1291 psimus
2495 1213 2619 1271 loca
2650 1209 2722 1271 ab
2756 1207 3014 1271 Eusebio
3038 1208 3380 1289 sumpserit,
3408 1208 3874 1289 quandoquidem

2239 1296 2293 1379 ej
2303 1292 2682 1363 n‘st'nlsatam
2706 1299 3169 1360 commentarios
3183 1299 3254 1358 ab
3272 1300 3877 1380 utroquecompilatos

2239 1408 2371 1451 esse
2400 1390 2646 1453 aliunde
2673 1389 2974 1450 novimus.
3010 1388 3160 1449 Illud
3197 1396 3392 1448 tamen
3425 1397 3691 1449 notatum
3727 1388 3871 1457 volo,

2234 1480 2587 1559 scriptorem
2619 1478 3035 1539 commentarii
3068 1473 3515 1558 abHieronymo
3544 1480 3598 1538 in
3626 1497 3695 1539 eo
3720 1478 3875 1540 dissi-

2236 1568 2567 1649 dere,quod
2593 1566 2935 1628 illeEusebii
2960 1566 3289 1646 fragmenta
3317 1571 3371 1626 in
3387 1586 3559 1627 suum
3586 1585 3873 1628 commen-

2238 1658 2446 1719 tarium
2481 1656 2555 1718 ad
2586 1656 2832 1717 verbum
2857 1654 3293 1729 transferat;hic
3316 1674 3451 1725 vero
3475 1655 3876 1717 itaEusebiana

2237 1756 2562 1821 mutuetur,
2597 1754 2660 1805 ut
2689 1765 2759 1806 ea
2818 1754 2875 1806 et
2904 1744 3175 1805 ornando
3212 1754 3270 1805 et
3299 1745 3575 1807 addendo
3599 1763 3706 1806 sua
3735 1764 3874 1825 quo-

2236 1836 2553 1897 dammodo
2586 1835 2824 1897 elticiat.
2864 1833 2945 1896 Ex
2971 1833 3187 1914 quibus
3217 1834 3499 1895 omnibus
3519 1835 3799 1913 colligere
3816 1834 3873 1895 ii-

2236 1934 2474 1987 ceteum
2488 1925 2611 2006 ,qui
2630 1925 3045 2004 imperfectum
3071 1922 3239 1983 illum
3263 1924 3328 1984 ιη
3347 1922 3571 1985 Isaiam
3589 1943 3719 1985 com
3732 1942 3875 1985 meu-

2235 2014 2447 2075 tarium
2501 2015 2758 2095 scripsit,
2831 2014 3147 2076 maximam
3182 2013 3275 2074 sui
3326 2013 3524 2093 operis
3557 2022 3780 2092 partem
3809 2012 3875 2073 ab

2236 2102 2498 2166 Eusebio
2522 2104 2592 2165 ad
2613 2103 2857 2165 verbum
2885 2112 3208 2164 mutuatum
3231 2121 3386 2164 esse.
3414 2101 3578 2174 Quod
3601 2102 3759 2164 enim
3784 2120 3877 2161 no-

2239 2193 2487 2255 tavimus
2516 2192 3015 2273 sumptumfuisse
3042 2194 3115 2253 ab
3138 2192 3497 2271 Hieronymo
3523 2211 3554 2252 e
3573 2210 3873 2253 commen-

2238 2284 2403 2345 tariis
2427 2281 2692 2359 Eusebii,
2727 2282 2782 2342 id
2817 2300 3054 2362 quoque
3087 2290 3304 2362 praeter
3333 2290 3549 2343 castera
3582 2280 3699 2344 sibi
3725 2302 3877 2345 sum-

2237 2373 2355 2453 psit
2379 2371 2474 2434 hic
2498 2372 2835 2452 plagiarius.
2873 2372 3021 2444 Quis
3041 2379 3237 2434 autem
3266 2370 3499 2433 futurus
3522 2381 3611 2433 est
3638 2381 3753 2435 tam
3778 2371 3878 2433 ini-

2236 2481 2389 2542 quus
2423 2480 2622 2523 rerum
2648 2460 2995 2535 aestimator,
3033 2469 3097 2522 ut
3128 2478 3404 2539 magnum
3446 2460 3731 2525 Basilium
3801 2470 3877 2522 tot

2235 2569 2304 2612 ac
2336 2560 2633 2612 tantorum
2668 2552 2958 2613 furtorum
2999 2569 3168 2613 reum
3193 2549 3491 2612 existimet
3520 2557 3548 2613 ?

2318 2728 2419 2791 62.
2444 2729 2700 2793 Temere
2726 2749 2840 2793 non
2872 2729 3009 2809 fuit,
3044 2728 3199 2809 quod
3224 2734 3553 2790 notavimus
3579 2729 3874 2811 aliquanto

2236 2829 2575 2893 ante,num.
2612 2823 2713 2896 66,
2746 2829 3050 2882 auctorem
3083 2817 3412 2899 imperfecti
3470 2818 3876 2882 commentarii

2233 2926 2271 2972 ο
2325 2909 2619 2971 variorum
2697 2909 3051 2990 scriptorum
3106 2906 3450 2986 fragmentis
3501 2927 3648 2989 opus
3709 2926 3874 2970 suum

2236 2998 2830 3079 composuisse.(a)Et
2862 2997 3104 3080 quidem
3139 3016 3207 3058 ea
3230 3008 3317 3059 est
3343 2999 3660 3058 verborum
3704 3008 3876 3078 atque

2237 3091 2668 3151 sententiarum
2702 3089 2970 3150 confusio
3002 3087 3064 3148 in
3095 3088 3208 3148 hoc
3238 3088 3699 3167 commentario,
3730 3098 3873 3148 tam-

2236 3200 2348 3261 que
2378 3198 2532 3261 saepc
2557 3179 2766 3240 eadem
2791 3176 3112 3258 Scriptum
3133 3176 3262 3237 loca
3290 3174 3379 3236 bis
3406 3185 3505 3237 aut
3527 3184 3616 3238 ter
3637 3186 3740 3237 aut
3758 3192 3875 3235 am-

2235 3269 2389 3350 plius
2412 3266 2882 3349 explicantur,ut
2912 3266 3169 3348 quodam
3204 3265 3369 3346 quasi
3398 3266 3623 3346 impetu
3646 3265 3712 3327 in
3731 3267 3881 3345 ejus-

2236 3358 2395 3420 modi
2418 3357 2823 3438 suspicionem
2858 3355 3095 3418 adducti
3130 3359 3338 3418 simus.
3375 3357 3458 3418 ita
3487 3364 3690 3417 autem
3726 3372 3876 3427 esse,

2235 3466 2367 3529 qum
2397 3465 2467 3509 ex
2497 3447 2627 3528 ipso
2660 3446 2873 3510 Basilio
2906 3444 3256 3524 subjicimus
3280 3445 3550 3525 exempla
3573 3445 3881 3507 evidenter

2237 3536 2508 3616 probant.
2537 3536 2739 3597 Basilii
2770 3535 2947 3617 igitur
2968 3535 3093 3596 haec
3131 3541 3270 3595 sunt
3300 3552 3333 3596 e
3366 3535 3560 3616 prima
3610 3533 3884 3595 oratione

2236 3628 2302 3688 in
2327 3626 2629 3704 ieiunium
2656 3642 2670 3687 ζ
2706 3633 2869 3684 Τοῦτο
2914 3626 3008 3704 γὰρ
3035 3625 3177 3681 ἐστιν
3210 3623 3237 3681 ὅ
3268 3647 3430 3703 φησιν
3455 3628 3482 3681 ὁ
3521 3622 3879 3695 Ἀπὸστολος,

2235 3715 2315 3774 ὅτι
2359 3716 2538 3773 ’Ὅσον
2608 3718 2635 3772 ὁ
2694 3714 2881 3780 ἔξωθεν
2958 3713 3226 3792 ἅνθρωπος
3321 3713 3700 3793 διαφθείρεται,
3790 3736 3883 3769 1o-

2235 3816 2417 3865 σοῦτον
2491 3808 2519 3861 ὁ
2603 3804 2794 3860 ἔσωθεν
2885 3804 3276 3862 ἀνε¹καινοῦται.
3378 3805 3473 3861 Καὶ
3552 3806 3638 3884 τὸ,
3709 3801 3885 3860 ’Ὅταν

2233 3896 2457 3969 ἀσθενῶ,
2487 3896 2605 3951 τότε
2663 3891 2879 3957 δυνατός
2953 3894 3139 3969 εἶμι...
3175 3893 3271 3951 Ἐκ
3344 3893 3440 3971 γὰρ
3490 3897 3593 3959 τῆς
3656 3892 3886 3971 παχείας

2233 3984 2429 4064 τροφῆς
2461 3984 2581 4041 οἷον
2623 3980 2927 4046 αἰθαλώὸεις
2982 3983 3355 4057 ἀναθυμιάσεις
3409 3981 3881 4056 ἁναπεμπόμεναι,

2236 4074 2461 4153 νεφέλης
2490 4072 2640 4139 δίκηρ
2692 4072 2920 4151 πυκνῆς,
2963 4072 3049 4135 τὰς
3081 4072 3186 4127 ἀπὸ
3217 4078 3310 4129 106
3367 4073 3515 4149 ἁγίου
3576 4074 3895 4146 Πνεύματος

2234 4161 2578 4240 ἐγγινομένας
2610 4159 2901 4237 ἐλλοίμψεκ
2934 4161 3018 4217 ἐπὶ
3039 4164 3129 4217 τὸν
3156 4168 3274 4218 νοῦν
3289 4158 3689 4218 διακόπτουσιν.
3708 4184 3737 4214 ι
3765 4160 3893 4221 Hoc

507 4266 713 4312 omnes
732 4249 1175 4330 generationes.
1206 4269 1235 4302 ι
1266 4244 1787 4307 Pseudo-Basilius
1811 4252 1891 4326 (8,
1913 4248 2150 4323 3,num.
2174 4251 2397 4332 Denim
2426 4258 2515 4313 est
2545 4249 2703 4330 quod
2728 4250 2806 4311 ait
2854 4249 3197 4330 Apostolus,
3233 4248 3391 4331 quod
3439 4249 3761 4322 Quantum
3798 4264 3902 4310 ea:-

506 4338 734 4420 208)“:
772 4337 987 4398 "0113‘s
1020 4340 1290 4416 προφῆτις
1322 4337 1356 4402 ἡ
1403 4335 1654 4414 Μαρία...
1690 4336 1855 4400 οὐδεὶς
1912 4338 2148 4417 ἀντερεῖ,

506 4430 847 4506 μεμνημένος
885 4428 1046 4495 αὐτῆς
1073 4433 1177 4482 τῶν
1226 4425 1561 4502 ῥημάτων...
1604 4424 1735 4483 Ἰδοὺ
1764 4427 1864 4505 γὰρ
1912 4426 2017 4484 ἀπὸ
2059 4434 2152 4484 τοῦ

509 4526 591 4576 νῦν
623 4519 934 4599 μακαριουσί
964 4538 1031 4589 με
1053 4522 1218 4571 πᾶσαι
1254 4517 1303 4569 αἱ
1334 4514 1533 4591 γενεαί.
1592 4514 1979 4596 Hieronymus
2034 4518 2148 4578 col.

506 4609 585 4670 8‘2
616 4629 630 4669 :
663 4629 694 4669 (
751 4606 880 4670 Hoc
925 4606 1079 4667 scire
1120 4601 1375 4684 debetis,
1431 4603 1589 4683 quod
1614 4622 1981 4686 unaquaeque
2006 4623 2154 4685 gens

507 4697 781 4780 proprios
812 4695 1081 4759 consulat
1106 4692 1343 4766 deos,et
1364 4691 1438 4753 de
1476 4692 1742 4755 vivorum
1773 4694 1962 4756 salute
1985 4712 2150 4757 mor-

507 4796 639 4849 tuus
662 4781 1329 4849 scisciteturJPseudo-
1345 4781 1601 4843 Basilius
1622 4783 1955 4858 (8,19,num
1968 4788 2147 4858 .218):

508 4878 786 4935 ’Ἕκαστον
833 4878 976 4941 ἑθνος
1006 4882 1080 4949 τῷ
1113 4872 1299 4930 ἑαυτοῦ
1327 4876 1431 4945 θεῷ
1478 4874 1737 4952 προσάγει
1769 4874 1864 4942 τὴν
1922 4878 2038 4954 περὶ
2094 4879 2154 4932 06

505 4965 752 5043 βούλεται
784 4970 974 5042 μαθεῖν
1002 4966 1279 5037 ζήτησιν..
1312 4964 1525 5041 νεκροὺς
1558 4964 1656 5042 γὰρ
1705 4964 1849 5025 θεοῖδς
1885 4963 2151 5040 ὓποθέμι-

506 5079 610 5133 νοι,
640 5057 827 5119 αὐτοὺς
861 5055 1169 5133 ἐπερωτῶσι
1202 5054 1317 5129 περὶ
1350 5058 1456 5109 τῶν
1504 5054 1742 5124 ζώντων,
1806 5051 1880 5113 Et
1936 5052 2047 5113 alia
2091 5053 2151 5115 id

506 5163 693 5225 genus
728 5160 1052 5224 congerere
1086 5158 1430 5221 paraveram
1461 5162 1476 5222 ;
1505 5140 1610 5203 sed
1662 5139 1814 5202 nihil
1848 5159 1996 5221 opus
2019 5160 2152 5205 esse

505 5234 788 5309 arbitror,
822 5252 957 5295 cum
993 5251 1063 5293 ex
1094 5229 1287 5292 allatis
1314 5231 1665 5293 testimoniis
1685 5231 1827 5292 satis
1851 5249 2150 5313 superque

506 5332 736 5389 constet
766 5322 950 5386 multa
982 5322 1054 5383 ab
1080 5319 1439 5402 Hieronymo
1463 5340 1495 5383 e
1514 5320 1735 5386 Graecis
1754 5327 1854 5383 aut
1869 5338 2154 5385 conversa

2237 4349 2446 4403 ternas
2457 4339 2631 4402 homo
2643 4340 3323 4420 corrumpitur,tantum
3346 4340 3626 4400 internus
3642 4355 3901 4400 renova-

2238 4437 2340 4492 tur
2365 4432 2449 4493 55.
2486 4431 2630 4492 item
2681 4428 2879 4491 illud:
2944 4428 3095 4491 Cum
3125 4429 3424 4505 inﬁrmor,
3482 4436 3627 4489 tunc
3681 4434 3901 4508 potens

2232 4518 2515 4581 sum56...
2543 4519 2689 4580 Nam
2713 4517 3052 4596 (uliginosa:
3100 4517 3371 4597 quamdam
3404 4515 3828 4579 exbalationes
3872 4534 3905 4576 e

2236 4607 2440 4688 pingui
2474 4606 2754 4669 alimento
2788 4608 3049 4683 emissae,
3078 4606 3281 4669 densa;
3303 4604 3477 4666 nubis
3506 4605 3705 4668 instar
3736 4606 3900 4666 infu-

2236 4715 2361 4758 sam
2386 4697 2600 4759 animaa
2619 4713 2652 4756 a
2670 4694 2894 4776 Spiritu
2925 4704 3129 4757 sancto
3154 4694 3619 4757 illustrationem
3653 4695 3905 4757 interci-

2236 4784 2617 4868 piunt.»Haec
2634 4785 2750 4846 sibi
2763 4785 3018 4867 sumpsit
3040 4782 3734 4865 pseudo-Basilius(num
3752 4838 3757 4841 ,
3773 4784 3900 4863 39),

2234 4896 2367 4938 cum
2392 4877 2887 4955 interpretaretur
2908 4873 3395 4954 illudzlejunium
3418 4881 3477 4934 et
3498 4880 3698 4935 otium
3723 4884 3781 4936 et
3799 4892 3901 4935 so-

2235 4965 2575 5029 lemnitate:
2619 4973 2854 5027 vestras
2876 4964 3001 5026 odit
3022 4966 3233 5025 anima
3260 4979 3393 5024 mea
3408 4960 3663 5034 57.Quin
3702 4970 3769 5023 et
3790 4960 3905 5022 alia

2233 5055 2410 5136 adjici
2438 5062 2688 5136 possunt
2717 5071 2749 5115 e
2774 5053 3038 5116 secunda
3095 5053 3363 5113 oratione
3384 5049 3458 5113 de
3478 5050 3752 5133 jejunio,
3799 5049 3903 5113 ubi

2233 5145 2319 5206 sic
2351 5144 2563 5223 legitur
2578 5142 2688 5204 sub
2725 5144 2929 5206 ﬁnem:
2964 5144 3036 5201 O6
3080 5144 3262 5219 μέντοι
3302 5142 3513 5220 ἐξαρκεῖ
3539 5142 3661 5198 καθ’
3700 5144 3902 5209 ἑαυτὴν

2232 5237 2267 5303 ἡ
2294 5234 2473 5314 ἐποχὴ
2502 5234 2607 5289 τῶν
2652 5234 2951 5310 βρωμάτων
2981 5234 3112 5312 πρὸς
3141 5233 3238 5300 τὴν
3291 5231 3577 5298 ἱπαινετην
3606 5234 3897 5299 νηστείανσ

2234 5324 2370 5385 ἀλλὰ
2448 5323 2788 5399 νηστεύωμεν
2862 5323 3107 5391 νηστείαν
3157 5321 3369 5392 δεκτὴν,
3443 5324 3735 5400 εὐάρεστον
3826 5326 3905 5394 ιιῷ

583 5488 632 5532 ⁵1
666 5484 818 5549 Gen.
852 5499 1019 5560 xvni,
1050 5482 1152 5566 27.
1237 5479 1292 5524 ⁸9
1318 5479 1541 5566 Ephes.
1571 5498 1651 5563 iv,
1688 5481 1786 5545 10.
1870 5479 1925 5526 ⁵³
1955 5480 2130 5547 Rom.

2255 5487 2315 5560 6,
2349 5485 2413 5547 7.
2495 5480 2723 5547 “Luc.
2758 5500 2798 5560 I,
2830 5482 2932 5546 48.
3019 5480 3153 5545 ⁸⁵11
3182 5484 3322 5545 Cor.
3376 5498 3452 5554 Iv,
3519 5479 3618 5544 16.
3714 5481 3790 5534 56
3849 5484 3902 5545 II

502 5569 643 5635 Cor.
674 5588 732 5645 ι,
767 5567 868 5630 η.
952 5566 1015 5617 57
1045 5564 1158 5627 lsa.
1194 5579 1237 5641 ι,
1274 5563 1370 5625 14.

589 5700 675 5781 (ιι)
710 5697 864 5778 Lege
892 5693 1450 5776 interpretationem
1480 5685 1691 5770 capitis
1720 5701 1782 5750 v.
