4100 6202
1225 259 1296 320 D.
1350 258 1485 319 JUL
1558 258 1934 323 GABNERII
1978 262 2402 327 PRIEFATIO.

454 387 600 468 §Xl.
632 388 725 448 De
754 387 938 450 libris
967 388 1025 449 in
1059 388 1448 452 Eunomium.

267 486 341 547 65.
365 482 608 563 Egregios
627 480 877 561 quidem
895 484 963 545 ιη
986 482 1372 546 Eunomium
1393 483 1576 547 libros
1597 503 1632 546 a
1652 488 1760 547 Ba-

207 576 309 639 silio
324 574 483 651 Ηλεηο
511 572 877 651 conscriptos
904 572 1112 648 fuisse,
1138 592 1274 635 cum
1302 592 1371 636 ex
1390 574 1641 637 aliorum
1665 595 1761 638 ve-

208 677 367 738 terum,
396 670 493 723 tum
521 679 590 723 ex
611 660 966 742 Hieronymi
1020 662 1359 725 testimonio
1392 673 1595 727 notum
1626 673 1755 731 est:

203 754 283 816 sed
304 759 418 828 quot
439 750 502 812 ab
532 768 601 811 eo
634 750 778 811 editi
807 754 948 824 sint,
986 768 1176 832 neque
1210 752 1629 834 Hieronymus,
1650 773 1757 816 ne-

203 862 287 924 que
299 838 563 903 ullusalius
574 846 787 903 auctor
800 840 1052 903 idoneus
1064 841 1278 904 litteris
1293 841 1757 923 prodidit.Hinc,

200 931 332 1010 utﬁt,
359 938 477 990 orta
502 938 638 990 sunt
665 929 1091 992 contentiones
1119 929 1276 992 inter
1304 931 1593 1008 eruditos,
1627 932 1761 994 aliis

200 1020 329 1082 aliam
352 1018 666 1099 opinionem
699 1020 1179 1082 defendentibus.
1202 1023 1344 1083 Pars
1372 1022 1615 1098 quidem
1633 1042 1762 1085 ma-

198 1110 315 1171 xima
335 1111 566 1188 vulgatos
594 1108 862 1188 quinque
895 1108 1078 1171 libros
1108 1109 1377 1171 tribuunt
1404 1111 1623 1174 Basilio
1656 1132 1758 1173 no-

198 1212 287 1262 stro
303 1220 313 1261 :
329 1198 413 1259 sed
435 1198 698 1259 nonnulli
723 1202 1109 1273 tamen,inter
1136 1218 1287 1281 quos
1312 1200 1624 1262 Erasmum
1652 1221 1758 1263 nu-

195 1305 369 1349 merare
392 1287 534 1360 licet,
568 1287 881 1350 adversam
914 1288 1273 1351 sententlam
1308 1289 1391 1352 ita
1412 1300 1668 1367 tuentur,
1699 1299 1759 1352 ut

197 1379 236 1439 ei
254 1378 446 1457 quidem
488 1377 789 1439 ascribant
818 1388 944 1440 tres
972 1379 1202 1459 priores
1232 1378 1435 1455 libros,
1471 1379 1578 1441 sed
1609 1380 1760 1442 duos

196 1466 478 1544 posteriores
505 1466 617 1547 ipsi
648 1467 830 1529 tribui
878 1466 1098 1529 debere
1154 1476 1394 1547 negent.
1456 1468 1761 1530 Dissident

194 1574 376 1635 quoque
392 1556 531 1617 inter
550 1574 620 1617 se
653 1566 774 1618 tum
810 1557 1037 1619 calamo
1063 1555 1269 1637 notati,
1311 1565 1433 1618 tum
1467 1557 1617 1638 typis
1646 1558 1756 1618 de-

198 1645 348 1725 scripti
364 1643 501 1709 libri.
521 1644 921 1709 Comhetisius
933 1652 1090 1707 enim
1105 1646 1165 1706 in
1182 1665 1288 1706 suo
1306 1645 1542 1708 Basilio
1555 1664 1758 1710 recen-

3266 287 3489 338 CCXXXI

1780 401 1818 448 A
1843 395 2068 456 tantam
2087 406 2305 487 esseut
2316 396 2367 457 si
2388 396 2636 487 Basilius
2649 399 2861 461 horum
2876 410 3082 464 auctor
3094 421 3226 466 esse
3238 404 3484 487 dicatur,

1850 501 1988 573 eum,
2002 488 2087 544 sui
2107 485 2563 549 dissimillimum
2580 487 2763 551 fuisse
2775 496 3105 570 oporteatb‘
3114 506 3280 561 tvero
3291 485 3483 573 verba.

1848 570 2055 645 dictio,
2090 573 2347 655 phrasis,
2373 586 2454 648 et,
2483 586 2547 638 ut
2572 577 2774 659 paucis
2795 579 3331 660 absolvam,omnia
3348 570 3486 655 con;

1846 661 2177 760 spicuas'ac
2200 672 2392 726 certas
2412 666 3026 760 peregrinitatisnotas
3046 675 3325 745 Videntur
3339 700 3485 760 prae-

1846 749 1921 811 l‘et
1942 769 2028 813 re.
2064 750 2219 813 Nova
2245 762 2383 849 sunt
2413 754 2588 849 verba
2610 758 2836 836 etapud
2870 760 3146 825 Basilium
3180 749 3481 849 inusitata,

1846 859 1992 900 nova
2014 843 2563 938 quoqueloquendi
2590 863 2812 938 genera
2837 867 2852 921 ;
2886 858 2942 910 et
2968 852 3240 917 universe
3261 843 3477 938 dicam,

1846 938 2220 1023 tantam-esse
2239 931 2639 995 diversitatem
2672 935 2972 1015 dictionis,
3005 945 3185 1023 utqui
3210 965 3337 1009 eam
3363 931 3481 1013 non

1844 1019 2019 1083 videt.
2052 1019 2258 1100 lippiat
2292 1040 2539 1083 necesse
2564 1024 2662 1085 sit.
2684 1023 2830 1086 Nolo
2855 1030 3002 1090 mihi
3021 1019 3135 1094 cito
3158 1038 3476 1103 credatur:

1846 1108 1998 1168 malo
2015 1108 2390 1201 doctissimos
2403 1130 2676 1190 quosque
2700 1114 2853 1175 viros
2872 1118 3234 1201 eosdemque
3250 1130 3479 1190 acerri-

1843 1216 1936 1258 mo
1949 1198 2176 1290 judicio
2196 1198 2473 1290 przeditos
2498 1218 2603 1280 per
2624 1220 2691 1262 se
2739 1204 2995 1283 experiri
3040 1208 3099 1269 id
3123 1198 3279 1290 quod
3300 1216 3432 1279 dico
3460 1240 3473 1281 ;

1842 1287 1997 1384 quod
2014 1289 2059 1349 si
2075 1287 2526 1384 fecerint,spero
2541 1308 2747 1352 omnes
2761 1287 3472 1384 mihifacileassensuros,

1844 1375 1994 1471 duos
2018 1378 2124 1471 hos
2147 1376 2222 1438 de
2251 1376 2464 1471 quibus
2486 1381 2679 1471 agitur
2708 1380 2890 1441 libros
2913 1383 3126 1449 Basilio
3148 1388 3353 1471 Magno
3377 1375 3479 1456 tri-

1843 1465 1955 1557 bui
1977 1466 2135 1526 nullo
2162 1467 2335 1527 modo
2360 1486 2556 1545 posse.
2579 1466 2709 1557 Jam
2734 1471 3002 1533 rationes
3027 1484 3083 1537 et
3103 1465 3474 1557 argumenta,

1840 1555 2054 1634 quibus
2086 1557 2207 1616 haec
2238 1564 2438 1616 nostra
2466 1556 2727 1636 suspicio
2751 1559 3046 1635 nititur,in
3073 1555 3333 1631 medium
3365 1555 3473 1634 ad;

1841 1644 2060 1705 ducere
2090 1662 2286 1724 operte
2318 1644 2571 1723 pretium
2612 1655 2723 1707 est.
2754 1648 2995 1727 Legenti
3050 1652 3193 1715 mihi
3255 1658 3475 1723 librum

196 1736 293 1813 tito,
320 1743 454 1796 tomo
481 1735 548 1814 ll,
592 1753 724 1826 pag.
758 1734 858 1826 27,
897 1734 1371 1826 monetultimos
1396 1734 1756 1826 duoslibros
1779 1767 1816 1817 Β
1840 1743 2111 1813 quartum
2165 1733 2425 1794 occurrit
2481 1734 2737 1813 primum
2784 1739 3071 1813 particula
3101 1744 3166 1819 εἰ,
3200 1764 3333 1826 quae
3360 1760 3475 1811 tam

197 1822 236 1883 io
257 1842 349 1884 uno
367 1824 546 1885 codice
572 1824 763 1903 Regio
786 1824 1144 1887 desiderari:
1171 1824 1449 1886 similiter
1471 1833 1529 1885 et
1550 1824 1611 1885 in
1629 1825 1755 1888 edi~

195 1914 311 1974 tione
335 1910 544 1995 Veneta,
564 1932 705 1995 quae
720 1933 791 1976 ex
821 1912 1108 1994 Stephani
1140 1912 1300 1975 Sabii
1330 1914 1572 1975 oﬂicina
1594 1933 1753 1977 anno

200 2004 311 2063 1535
335 2003 538 2081 prodiit,
564 2013 691 2065 tres
726 2012 949 2066 tantum
974 2003 1203 2082 priores
1233 2014 1472 2067 exstare
1499 2013 1752 2068 constat.

196 2086 401 2152 Codicetn
448 2110 597 2171 eum,
634 2092 701 2153 in
749 2110 890 2173 quo,
924 2098 1074 2153 teste
1109 2090 1498 2169 Combeﬁsio,
1532 2094 1755 2155 exarati

196 2187 292 2238 sunt
314 2180 475 2240 solum
506 2180 739 2261 priores
789 2188 908 2242 tres
962 2179 1123 2261 libri,
1155 2198 1276 2241 non
1325 2181 1526 2262 reperi
1556 2200 1665 2261 ego
1696 2182 1757 2243 in

191 2264 478 2330 bibliotheca
503 2268 690 2347 Regia
723 2287 737 2332 :
774 2270 881 2331 sed
912 2269 1252 2331 inciderunt
1298 2269 1361 2331 in
1420 2289 1629 2333 manus
1658 2271 1759 2333 alii

190 2374 261 2417 ser
286 2366 465 2439 prater
486 2377 671 2420 unum
693 2357 1193 2439 Colbertinum,in
1214 2358 1431 2436 quibus
1452 2360 1752 2437 omnibus,

192 2454 233 2505 ut
254 2464 416 2509 verum
443 2448 643 2525 fatear,
676 2447 740 2509 hi
781 2447 1042 2529 quinque
1099 2447 1233 2512 libri
1275 2448 1496 2530 pariter
1538 2449 1753 2514 Basilio

188 2538 343 2614 Magno
363 2537 710 2600 tribuuntur.
741 2536 1451 2618 Monerejuvat,reperiri
1474 2536 1536 2599 in
1566 2538 1751 2618 Regio

188 2626 341 2703 quinto
364 2627 549 2689 codice
570 2627 744 2688 initio
778 2625 917 2687 libri
946 2627 1140 2707 quarti
1173 2636 1373 2687 notam
1407 2628 1750 2705 quamdam,

184 2732 316 2791 quam
340 2717 424 2778 hic
454 2716 911 2779 exscribendam
961 2715 1190 2777 censui.
1226 2716 1331 2778 Est
1358 2725 1555 2778 autem
1586 2718 1748 2797 ejus-

187 2803 336 2868 modi:
390 2809 479 2865 Καὶ
526 2810 647 2886 περὶ
708 2809 894 2865 τούτου
957 2808 1043 2864 τοῦ
1100 2805 1261 2884 λόγου
1313 2805 1553 2886 διάφορος
1612 2810 1751 2887 παρὰ

182 2893 352 2959 πολλοῖς
401 2894 514 2962 δόξα
572 2910 790 2975 κρατεῖ,
824 2902 929 2953 τῶν
987 2896 1084 2971 μὲν
1135 2895 1402 2974 λεγόντων
1459 2897 1615 2955 αὐτὸν
1662 2904 1751 2953 τοῦ

184 2983 287 3058 ipso
347 2986 625 3068 Βισιλείου,
713 2992 819 3042 τῶν
925 2984 978 3042 δὲ
1055 2984 1440 3063 ἀντιλεγόντων
1512 2986 1636 3061 μὲν,
1695 2988 1752 3043 οὐ

179 3077 538 3153 κωλγορούντων
568 3075 652 3152 δὲ,
676 3076 754 3141 ὣς
784 3098 834 3131 τι
866 3076 1206 3154 ἆπεμφπϊνον
1238 3074 1485 3153 ἔχοντος.
1523 3075 1749 3135 «Etiam

1841 1840 1999 1900 saepe
2027 1830 2232 1882 contra
2261 1840 2646 1885 communem
2682 1843 2850 1885 usum
2880 1830 3191 1912 repetitur,
3226 1844 3287 1896 ut
3320 1841 3479 1901 nulla

1842 1912 1964 1973 fere
1995 1912 2277 1992 periodus
2328 1911 2690 1988 inveniatur,
2724 1932 2856 1994 quae
2890 1916 2999 1977 hac
3031 1911 3237 1984 vocula
3274 1928 3328 1988 si
3360 1947 3479 1992 non

1839 2001 2186 2093 incipiat.Et
2201 2008 2364 2093 certe
2382 2020 2452 2093 eo
2472 2001 2659 2081 magis
2679 2010 2793 2063 tam
2810 2003 3105 2086 frequenti
3121 2011 3299 2093 hujus
3321 2019 3480 2081 vocis

1840 2091 2196 2171 repetitione
2230 2090 2597 2182 olieudebar,
2618 2093 2777 2182 quod
2803 2111 2872 2155 ex
2895 2114 2964 2157 ea
2985 2090 3475 2182 brevisquzedam

1841 2188 2189 2273 argumenta
2208 2180 2535 2273 ducantur,
2569 2180 2718 2273 nihil
2760 2191 2874 2273 aut
2903 2188 3202 2273 exquisiti,
3227 2180 3335 2256 aut
3387 2215 3478 2258 va-

1842 2269 1945 2331 lidi
1981 2269 2279 2342 habentia,
2316 2276 2374 2329 et
2401 2287 2643 2347 prorsus
2672 2268 2937 2350 indigna,
2969 2268 3219 2355 quorum
3274 2293 3480 2347 auctor

1841 2360 2071 2421 dicatur
2101 2366 2407 2419 oratorum
2433 2360 2956 2437 praestantissimus
3006 2366 3280 2435 Basilius.
3312 2373 3477 2437 Hanc

1840 2468 2043 2543 vocem
2071 2447 2381 2543 aliquoties
2403 2446 2675 2543 adhiberi
2700 2449 2845 2543 nihil
2867 2460 3037 2517 vetat:
3062 2459 3167 2518 sed
3199 2479 3328 2522 eam
3347 2483 3482 2543 pas-

1833 2540 1944 2600 sim
1979 2535 2331 2632 etquolibet
2353 2536 2485 2597 loco
2517 2536 2589 2597 ad
2622 2538 2956 2632 satietatem
3016 2564 3203 2625 usque
3255 2535 3472 2632 repeti,

1834 2637 1898 2689 ut
1928 2628 2288 2706 optimorum
2321 2641 2697 2713 quorumque
2743 2629 3125 2713 scriptorum,
3166 2637 3246 2699 ita
3273 2628 3475 2704 Basilii

1836 2717 2203 2809 consuetudo
2229 2732 2349 2774 non
2373 2712 2613 2793 patitur.
2642 2715 2777 2809 _Alia
2805 2720 3088 2782 orationis
3110 2712 3246 2787 vitia
3276 2748 3478 2809 perse-

1836 2806 1935 2886 qui
1961 2805 2161 2866 omnia
2186 2804 2422 2898 longum
2449 2819 2582 2865 cum
2606 2805 2711 2898 sit,
2715 2823 2898 2898 pauca
2916 2827 2953 2898 e
2977 2811 3197 2889 multis,
3221 2804 3473 2898 utquid-

1835 2913 1947 2975 que
1964 2892 2801 2985 acet.rret,proferemusHaac
2813 2894 3066 2975 iegiinus
3081 2921 3197 2963 non
3210 2892 3385 2985 longe
3398 2912 3470 2972 ab

1835 2985 1999 3045 initio
2034 3000 2113 3063 (ρ.
2148 2983 2288 3061 279)
2325 2999 2339 3044 :
2374 2983 2439 3060 Εἰ
2470 2984 2546 3057 μὴ
2580 2986 2878 3077 γεννήσεως
2903 2989 2963 3043 τὸ
2994 2983 3473 3077 μονογενὲςίάλλά

1835 3074 1917 3130 διὰ
1954 3077 2013 3132 τὸ
2044 3074 2381 3150 ἀσύγκριτον²
2444 3075 2737 3151 μονογενὴς
2779 3077 2860 3130 κοὶ
2917 3078 2944 3132 ὁ
3005 3083 3212 3159 Πατήρ,
3275 3074 3472 3168 ’νΑσύγο

180 3161 231 3259 (le
252 3162 341 3223 hoc
368 3163 507 3226 libro
559 3163 743 3226 multi
797 3164 956 3226 varie
1012 3162 1317 3259 sentiunt:
1351 3162 1452 3225 alii
1508 3164 1747 3244 quidem
1769 3160 1810 3178 "
1833 3186 2005 3243 κριτος
2040 3166 2161 3243 γάρ.
2209 3186 2229 3217 α
2268 3160 2328 3222 Si
2362 3161 2743 3259 unigenitum
2766 3166 3167 3259 generationis
3200 3191 3317 3235 non
3351 3160 3464 3259 est,

180 3248 331 3313 dicunt
353 3252 507 3315 illum
540 3272 681 3317 esse
715 3254 903 3316 sancti
926 3252 1156 3334 Basilii,
1189 3252 1288 3314 alii
1311 3269 1452 3315 vero
1485 3263 1703 3333 negant
1730 3277 1746 3331 ;

177 3341 252 3399 sed
270 3353 434 3404 tamen
456 3363 590 3406 eum
614 3363 743 3407 non
764 3342 1366 3423 condemnant,quasi
1385 3342 1630 3405 absurdi
1646 3344 1749 3406 ali-

176 3430 276 3509 quid
294 3433 629 3498 contineat.»
659 3433 748 3497 Ex
771 3432 985 3515 quibus
1016 3431 1394 3515 intelligitur,
1419 3452 1537 3494 non
1569 3452 1744 3496 unam

176 3522 380 3586 omnium
406 3528 476 3589 de
504 3528 619 3587 hoc
653 3522 811 3585 libro
828 3523 1017 3585 fuisse
1032 3522 1394 3585 sententiam
1411 3524 1571 3603 apud
1594 3525 1749 3587 Grai.

177 3634 274 3679 cos:
298 3617 386 3680 sed
411 3618 558 3680 alios
589 3614 761 3679 aliud
790 3617 1132 3677 sensisse.N
1137 3612 1279 3673 olim
1296 3613 1539 3693 quidem
1566 3633 1637 3676 ex
1659 3617 1748 3680 si-

176 3706 354 3769 milibus
374 3708 520 3770 notis
578 3704 823 3787 probari
862 3706 1055 3766 statim
1086 3702 1429 3782 opinionem
1462 3704 1744 3785 aliquam,

177 3795 553 3877 ontimprobari
587 3814 602 3859 :
639 3794 754 3858 sed
788 3811 892 3855 eas
940 3804 1142 3855 tamen
1176 3808 1295 3853 non
1328 3793 1570 3855 omnino
1598 3814 1745 3859 con-

176 3887 453 3948 temnendas
474 3904 611 3948 esse
638 3891 814 3967 puto.
841 3882 1078 3945 Etenim
1117 3881 1168 3941 si
1222 3880 1369 3943 nihil
1413 3881 1577 3945 aliud
1605 3885 1747 3950 inde

177 3977 732 4057 consequimur,certe
755 3972 1007 4036 eruditis
1032 3970 1376 4033 hominibus
1399 3973 1489 4034 rei
1513 3976 1746 4038 exami-

174 4064 330 4127 nanda
351 4066 515 4129 datur
567 4063 835 4127 occasio.
867 4060 1264 4143 Percuperem
1312 4080 1422 4141 ego
1450 4064 1746 4142 ejusmodi

173 4154 485 4228 quatientem
504 4154 834 4216 obscuram
858 4168 1003 4212 sane
1026 4158 1083 4211 et
1103 4149 1514 4229 perdifﬁcilem
1545 4172 1616 4215 ea
1631 4173 1748 4235 qua

170 4256 249 4317 par
269 4251 342 4304 est
366 4243 674 4324 diligentia
696 4243 824 4322 jam
845 4240 1119 4321 agitatam
1150 4239 1332 4302 fuisse
1353 4240 1426 4302 ab
1448 4241 1746 4323 aliquibus

168 4330 269 4392 viris
283 4333 465 4395 barum
490 4350 706 4395 rerum
730 4329 961 4413 peritis,
980 4337 1041 4391 et
1058 4328 1276 4409 linguai
1293 4328 1511 4392 Graeca:
1532 4334 1744 4412 impri-

169 4420 847 4504 misintelligentibus,qui
870 4419 1019 4482 mihi
1042 4426 1321 4500 tanquam
1346 4424 1407 4481 in
1429 4420 1585 4484 bivio
1605 4441 1743 4485 ver-
1766 4455 1811 4506 ι)

166 4514 279 4576 tanti
303 4513 466 4575 duces
494 4519 709 4577 essent
764 4518 825 4573 et
869 4510 1175 4590 signiferi:
1211 4509 1319 4572 sed
1349 4529 1466 4591 quo
1510 4513 1744 4591 gravius

166 4612 258 4666 erat
278 4612 709 4684 argumentum,
742 4619 815 4663 eo
841 4600 1027 4681 magis
1058 4599 1397 4680 neglectum
1419 4601 1600 4665 fuisse
1627 4603 1747 4667 dici

167 4702 329 4769 potest.
360 4696 523 4758 Nunc
550 4711 706 4773 ergo
736 4690 1039 4754 celebrem
1063 4690 1138 4752 de
1166 4689 1431 4772 quinque
1452 4692 1520 4754 in
1535 4692 1744 4757 Euno-

168 4786 309 4848 Iitta
328 4784 485 4848 libris
496 4783 895 4867 quaestionem
914 4780 1254 4861 diligentius
1274 4784 1624 4848 examinare
1648 4805 1744 4851 co-

166 4874 329 4951 nabor;
345 4886 398 4937 et
414 4875 702 4955 quoniam
731 4871 793 4934 in
814 4889 880 4934 re
898 4870 996 4933 tali
1015 4872 1340 4953 quidquam
1362 4872 1743 4941 dissimulare

169 4978 256 5023 Ion
277 4964 614 5043 licet,QO
633 4960 885 5043 quidem
916 4959 1071 5023 bona
1090 4961 1208 5023 ﬁde
1230 4961 1391 5042 quod
1410 4964 1741 5041 sentio,sed

169 5052 250 5131 sic,
272 5062 327 5115 at
348 5073 532 5116 meam
558 5049 928 5115 sententiam
960 5068 1285 5132 proponam
1314 5052 1532 5133 potius,
1562 5073 1740 5134 quam

264 5160 417 5206 eram.

167 5144 563 5289 "iisetiam
592 5223 785 5303 igitur
804 5240 1063 5297 me,cnm
1084 5222 1327 5285 ultimos
1346 5222 1497 5288 duos
1513 5224 1580 5289 in
1600 5224 1741 5289 Eu-

170 5320 377 5376 nonima
404 5315 586 5378 libros
615 5315 909 5394 legerem,
941 5313 1218 5376 incidisse
1248 5314 1337 5377 vel
1388 5314 1632 5377 invitum
1679 5315 1743 5378 in

170 5402 1317 5483 mpisionem.Animadvertienim,quod
1327 5404 1452 5484 jam
1470 5405 1743 5468 animad-

171 5498 406 5556 ναίει-ιω
427 5494 619 5573 multi,
644 5508 759 5555 eos
790 5511 825 5554 a
862 5491 1051 5555 tribus
1083 5492 1374 5573 prioribus
1395 5510 1615 5571 genere
1643 5494 1741 5557 di-

175 5580 306 5644 cendi
320 5602 479 5663 quam
501 5583 771 5649 maxime
796 5586 1319 5665 ditl'erre.eamque
1338 5581 1737 5651 diversitatem

1831 3256 1936 3316 sed
1955 3261 2267 3343 propterea
2288 3250 2557 3343 quodest
2586 3251 3076 3332 incomparabile,
3115 3250 3461 3343 unigenitus

1830 3345 2008 3406 etiam
2023 3341 2195 3403 Pater
2212 3351 2323 3405 est.
2337 3337 2509 3401 »Scio
2527 3357 2693 3437 suam
2707 3345 2922 3422 cuique
2934 3337 3293 3415 sententia'm
3308 3375 3463 3437 esse,

1834 3441 1892 3496 et
1908 3432 2056 3494 alios
2072 3431 2243 3494 aliter
2260 3430 2481 3490 sentire
2503 3430 2711 3491 solitos
2737 3451 2751 3492 :
2780 3440 2920 3511 puto
2946 3442 3145 3499 tamen
3164 3430 3467 3509 neminem

1832 3526 2120 3597 futurum,
2152 3519 2254 3602 qui
2288 3518 2345 3579 id
2386 3519 2669 3609 loquendi
2724 3539 2935 3602 genus,
2974 3527 3026 3581 Εἰ
3059 3530 3137 3603 μὴ
3169 3538 3466 3609 γεννῆσεως

1831 3620 1892 3675 τὸ
1922 3614 2223 3693 μονογενὲς,
2254 3608 2612 3670 Basilianum
2644 3627 2777 3703 esse
2808 3611 2985 3672 dicat.
3019 3613 3197 3681 Paulo
3230 3634 3358 3703 post
3389 3629 3468 3692 ita

1833 3707 2046 3797 legitur
2079 3706 2165 3800 (p‘.
2198 3700 2338 3777 279)
2366 3721 2380 3760 :
2425 3712 2499 3800 iis
2523 3701 2621 3778 γὰρ
2643 3703 2669 3755 ὁ
2695 3697 3016 3800 δημιουξγὸς
3042 3708 3099 3762 οὗ
3129 3697 3263 3800 κατᾷ
3284 3719 3460 3800 φύσιν,

1831 3783 1942 3855 πῶς
2000 3788 2064 3843 τὰ
2123 3783 2575 3859 δημιουργηθέντα
2657 3786 2793 3836 κατὰ
2849 3783 3050 3863 optioni;
3119 3808 3146 3847 ι
3200 3783 3465 3865 Quorum;

1830 3880 1988 3943 enim
2018 3872 2291 3936 conditor
2323 3888 2441 3930 non
2470 3870 2798 3966 secundum
2842 3879 3110 3934 naturam
3163 3891 3274 3957 est,
3309 3907 3460 3966 quo-

1832 3972 2008 4032 modo
2029 3961 2266 4026 condita
2280 3960 2611 4021 secundum
2642 3967 2910 4020 naturam
2939 3974 3112 4025 erunt
3139 3966 3209 4029 ‘3»
3239 3960 3463 4045 Quibus

1829 4060 1889 4121 in
1943 4051 2141 4118 verbis
2199 4049 2398 4109 vitium
2452 4046 2648 4108 inesse
2697 4048 2924 4125 vident,
2956 4053 3189 4134 opinor,
3224 4080 3458 4129 omnes,

1831 4148 2103 4226 scripto,-
2134 4142 2317 4215 enim,
2342 4137 2393 4198 si
2414 4146 2574 4198 recte
2595 4136 2761 4215 loqui
2781 4141 3083 4220 voluisset,
3109 4159 3209 4209 aut
3238 4169 3344 4214 sua
3373 4155 3463 4216 fa-

1832 4236 2045 4300 miliari
2070 4229 2355 4323 particula
2377 4230 2419 4283 εἰ
2448 4227 2535 4323 uti
2573 4226 2884 4323 debuerat,
2915 4232 3026 4293 hoc
3050 4238 3257 4303 modo:
3288 4246 3343 4300 Et
3367 4248 3464 4323 γὰρ

1829 4327 1856 4381 ὁ
1885 4322 2225 4399 δημιουρφὸς,
2246 4325 2361 4377 etc.
2392 4340 2418 4370 α
2447 4314 2678 4376 Sienim
2707 4317 2979 4379 conditor
2996 4339 3114 4383 non
3132 4314 3464 4393 secundum

1830 4422 2098 4475 naturam
2127 4416 2240 4482 est,
2264 4405 2559 4486 quomodo
2584 4404 2820 4464 condita
2841 4410 3170 4474 secundum
3196 4427 3462 4481 naturam

1829 4512 1999 4566 erunt
2024 4508 2051 4563 ’ἰ
2073 4507 2175 4589 aut
2196 4497 2245 4558 si
2264 4513 2406 4556 voce
2426 4498 2500 4589 div
2532 4493 2613 4554 uti
2645 4494 2844 4576 vellet,
2863 4497 2947 4558 sic
2968 4507 3252 4583 scriptum
3275 4527 3461 4589 opor-

1831 4602 2068 4657 tuerat:
2103 4580 2195 4646 Ὧν
2252 4588 2351 4666 γὰρ
2383 4587 2409 4641 ὃ
2451 4582 2767 4663 δημιουργὸς
2828 4587 2886 4641 03
2946 4580 3106 4646 κατὸί
3132 4580 3459 4674 φύσιν,’πώς

1829 4694 1992 4744 ταῦτα
2021 4682 2157 4740 κατὰ
2182 4680 2333 4759 φύσιν
2362 4698 2377 4753 ;
2410 4701 2433 4729 (ι
2460 4675 2720 4745 Quorum
2746 4676 2906 4737 enim
2934 4681 3208 4744 conditor
3230 4704 3350 4748 non
3371 4707 3460 4751 se-

1832 4776 2094 4839 cundum
2119 4779 2385 4831 naturam
2411 4766 2829 4843 est,quomodo
2853 4786 2921 4828 ea
2942 4774 3272 4837 secundum
3288 4788 3460 4842 natu-

1824 4880 1947 4926 ram
1964 4857 2293 4919 erunt?»Sed
2305 4854 2412 4912 alia
2429 4855 2944 4925 prosequamurJta
2960 4858 3130 4929 igitur
3147 4862 3187 4919 li
3199 4865 3301 4923 bro
3317 4872 3456 4937 quin

1826 4966 1883 5018 to
1906 4948 2169 5029 loquitur
2190 4945 2250 5026 (p
2290 4942 2448 5017 300):
2476 4945 2530 4999 Ος
2557 4942 2674 5017 ἐμοὶ
2693 4939 2868 5019 λόγοι,
2901 4946 3152 5023 Σολομὼν
3170 4957 3459 5031 φησιν,ὑπὸ

1826 5053 1956 5104 Θεοῦ
2004 5044 2273 5122 εἴρηνται,
2309 5042 2405 5098 Καὶ
2427 5043 2454 5096 ὁ
2486 5037 2714 5114 Παῦλος)
2743 5039 2844 5093 ὑπὸ
2874 5042 3118 5116 Χριστοῦ
3156 5042 3290 5117 ἐπεί*
3324 5054 3466 5109 etc"

1831 5162 1860 5195 α
1887 5135 2208 5198 Sermones
2239 5130 2379 5206 mei,
2400 5128 2591 5209 inquit
2613 5126 3066 5209 Salomon,dicti
3088 5140 3227 5192 sunt
3250 5149 3284 5195 a
3308 5136 3457 5201 Deo.

1822 5227 1895 5290 Et
1918 5224 2157 5300 Paulus,
2179 5220 2228 5283 A
2258 5219 2511 5283 Christo.
2537 5243 2563 5273 π
2591 5216 2943 5280 Potuitsane
2963 5218 3291 5300 taminepte
3314 5232 3461 5287 tam.

1824 5336 1939 5400 que
1969 5312 2228 5377 absurde
2261 5311 2418 5390 loqui
2451 5308 2705 5400 scriptor
2735 5307 2955 5400 inﬁmas
2985 5318 3159 5400 notae,
3196 5312 3300 5372 sed
3333 5334 3458 5380 non

1825 5397 2076 5486 magnus
2098 5400 2197 5462 ille
2218 5400 2491 5472 Basilius,
2520 5397 2705 5479 qui,si
2732 5397 3077 5476 eloquentia
3101 5419 3217 5461 non
3246 5420 3457 5468 omnes

1822 5490 2313 5579 superavit,certe
2336 5508 2368 5551 a
2412 5490 2574 5551 nullo
2609 5505 2863 5567 unquam
2881 5499 3191 5569 superatus
3213 5495 3455 5557 est.Nec

1824 5589 2071 5655 meliora
2102 5592 2242 5663 puto
2276 5581 2395 5657 illa,
2424 5599 2559 5658 quae
2590 5599 2705 5642 non
2739 5581 2817 5641 ita
2842 5581 3025 5641 multo
3058 5580 3206 5640 infra
3241 5580 3451 5659 legun-
