4100 6202
620 259 870 313 GGXXIII

2063 246 2650 315 PROLEGOMENA.

621 388 718 444 tur
743 383 830 463 (p.
866 380 1302 461 306)2Εῗρηται
1324 380 1513 461 ταῦτα,
1539 383 1626 438 καὶ
1650 380 1761 438 ἔστι
1796 381 1997 457 καλῶς,
2032 385 2102 446 ὡς
2136 382 2242 436 ἔστι

2326 440 2328 449 ,
2352 390 2679 471 gapterque
2701 404 2770 448 ac
2792 386 3037 467 copiose
3060 390 3370 471 probasset
3383 407 3606 451 vocemu
3628 392 3896 471 ingenitus»

621 487 738 537 τοῖς
798 472 1125 551 ἀπεριέργως
1177 471 1511 527 πιστεύουσιν
1576 473 1646 536 εἰς
1705 473 1858 550 Θεόν,
1893 479 2006 532 etc.
2070 490 2098 528 ι
2129 469 2267 531 Haec

624 560 781 622 dicta
811 570 970 634 sunt,
995 570 1053 621 et
1083 567 1221 621 sunt
1254 567 1441 634 recte,
1477 559 1652 620 sicuti
1685 569 1843 635 sunt,
1880 561 1974 635 iis,
2006 560 2105 641 qui
2137 559 2267 619 sine

621 652 859 711 curiosa
878 649 1328 727 investigatione
1353 648 1605 710 credunt
1632 649 1692 710 in
1717 648 1967 729 Deum,»
1999 650 2267 713 etc.Haac

621 739 779 801 enim
796 758 930 800 cum
944 737 1440 817 lego,Graeculum
1456 737 1888 800 balbutientem
1903 739 2110 799 audire
2124 738 2265 798 mihi

624 828 1036 892 videor.Libet
1054 830 1280 891 referre
1299 838 1357 890 et
1380 828 1500 905 illa,
1522 846 1653 908 quae
1678 847 1810 890 mox
1829 837 2158 909 sequuntur
2179 831 2262 908 (p.

616 918 753 995 308)
783 937 795 981 ζ
825 918 987 977 Ἀλλα
1022 922 1108 976 καὶ
1141 928 1217 993 τῷ
1255 918 1400 977 ὕδατι
1446 922 1870 998 συναριθμεῖσθαι
1901 922 2026 977 αὐτὸ
2056 920 2265 998 φῂς,ὡς

616 1014 711 1074 τῆς
746 1011 964 1075 κτίσεως
995 1010 1073 1071 ὅν.
1114 1033 1140 1066 ι
1164 1008 1282 1071 Sed
1302 1019 1363 1069 et
1393 1027 1528 1069 cum
1545 1026 1696 1090 aqua
1716 1007 1870 1071 dicis
1891 1025 2023 1068 eum
2049 1025 2261 1068 nume-

619 1098 737 1157 rari
770 1104 1045 1179 tanquam
1077 1105 1180 1178 qui
1215 1106 1503 1163 creaturae
1556 1099 1655 1162 sit.
1693 1122 1721 1153 ι»
1758 1096 2145 1177 Interpretari
2188 1096 2259 1157 ad

614 1186 861 1247 verbum
898 1191 1076 1268 volui,
1112 1196 1179 1249 ut
1232 1193 1530 1250 sermonis
1564 1187 1999 1249 inconcinnitas
2027 1185 2260 1266 asperi-

613 1283 822 1357 tasque
844 1278 1128 1340 lectorem
1153 1278 1339 1358 magis
1364 1285 1613 1340 moveat.
1645 1279 1794 1340 Nam
1820 1275 2014 1338 libens
2034 1294 2261 1357 quaere-

612 1383 739 1427 rem
768 1367 912 1448 quid
939 1367 1051 1429 sibi
1085 1369 1230 1430 velit
1262 1368 1433 1443 illud,
1468 1368 1561 1428 Ὠς
1593 1374 1691 1435 τῆς
1714 1369 1933 1430 κτίσεως
1966 1366 2045 1439 ὅν,
2080 1386 2102 1419 α
2132 1374 2257 1425 tan-

611 1474 787 1535 quam
822 1459 923 1538 qui
946 1466 1235 1520 creaturaa
1256 1458 1333 1519 sit
1360 1480 1374 1521 :
1406 1483 1429 1513 »
1457 1466 1557 1519 aut
1586 1457 1780 1537 potius
1805 1472 2160 1536 qumrerem,
2182 1473 2255 1515 an

611 1546 899 1609 barbarus
921 1559 1021 1610 aut
1040 1550 1260 1630 Scytha
1278 1548 1698 1610 inconcinnius
1720 1566 1977 1627 unquam
2000 1544 2258 1607 etinele-

610 1638 843 1715 gantius
873 1639 1105 1701 locutus
1127 1639 1222 1702 sit.

692 1729 792 1791 67.
826 1728 1146 1792 Auctorem
1183 1728 1337 1792 male
1358 1729 1699 1810 loquentem
1723 1726 2010 1788 hactenus
2032 1723 2254 1785 audivi—
2280 1764 2295 1812 ί

614 1835 934 1881 mus:nunc
958 1818 1235 1881 eumdem
1260 1820 1430 1901 pejus
1451 1817 1900 1882 ratiocinantem
1916 1813 2247 1879 audiamus.

610 1908 694 1968 Ita
725 1909 903 1988 igitur
926 1909 1210 1991 loquitur,
1246 1908 1348 1971 ubi
1376 1907 1635 1971 ostendit
1681 1922 1891 1969 vocem
1932 1904 2250 1981 ingenitus

609 1997 1002 2061 substantiam
1033 2000 1226 2080 ipsam
1258 2016 1377 2060 non
1412 2016 1565 2078 esse,
1600 1996 1706 2058 sed
1731 2012 1914 2055 unum
1947 1991 2246 2080 quoddam

608 2104 683 2148 ex
719 2079 1087 2170 nominibus,
1120 2107 1226 2151 seu
1257 2087 1499 2149 modum
1529 2083 1848 2167 quemdam
1879 2079 2243 2144 exsistendi:

612 2179 671 2236 Εἰ
720 2181 747 2234 6
792 2180 971 2257 γνοὺς,
1006 2179 1086 2235 ὃτι
1145 2179 1435 2258 ἆγέννητός
1493 2177 1635 2234 ἐστιν
1693 2178 1720 2231 6
1777 2175 1931 2252 Θεὸς,
1976 2173 2004 2228 ὃ
2034 2173 2083 2229 τί
2125 2169 2253 2227 ποτέ

605 2265 749 2323 ἐστιν
794 2270 822 2324 6
856 2270 986 2331 Θεὸς
1016 2266 1247 2347 ἀκριϐῶς
1298 2267 1459 2347 ἔγνω,
1491 2273 1677 2342 μεῖζον
1709 2262 1763 2319 δὲ
1824 2259 1969 2319 οὺδέν
2025 2265 2137 2317 εστι
2161 2267 2255 2318 τοῦ

605 2359 696 2414 τὸν
741 2358 872 2415 Θεὸν
930 2359 1066 2415 κατὰ
1112 2359 1209 2426 τὴν
1249 2360 1405 2416 αὐτοῦ
1461 2356 1612 2436 φύσιν
1662 2360 1883 2432 γνῶναι,
1937 2349 2056 2407 ἀλλ’
2117 2349 2250 2416 αὕτη

605 2448 751 2504 ἐστιν
781 2452 817 2519 ἦ
853 2448 1066 2513 αἰώνιος
1097 2449 1234 2519 ζωή·
1280 2448 1308 2503 ὁ
1339 2443 1546 2511 διδάξας
1608 2443 1771 2524 ἡμᾶς⁷
1819 2443 1901 2499 ὅτι
1958 2440 2246 2519 ἀγέννητός

604 2539 752 2595 ἔστιν
784 2540 811 2592 6
858 2538 1012 2617 Θεὸς,
1040 2538 1235 2613 μείζων
1292 2536 1628 2614 εὑρεθήσεται
1687 2536 1761 2587 ὧν
1819 2536 1846 2587 6
1906 2531 2034 2595 Θεὸς
2091 2529 2245 2597 intot-

605 2648 743 2701 μασε
783 2639 903 2691 τοῖς
963 2626 1241 2705 ἀγαπῶσιν
1297 2626 1485 2687 αὑτὸν,
1520 2622 1767 2681 Ἐοιείνων
1824 2622 1923 2700 γὰρ
1952 2619 2097 2679 οὐδὲν
2155 2617 2241 2679 δυ-

605 2718 757 2772 νατὸν
790 2715 1061 2794 ἄνθρωπον
1124 2715 1249 2771 ὄντα
1305 2721 1524 2793 γνῶναι*
1558 2716 1630 2767 ὧν
1691 2710 1806 2768 οὔτε
1864 2709 2131 2789 ὀφθαλμός
2166 2730 2243 2773 τις

607 2804 772 2881 εἶδεν,
821 2805 936 2861 οὔτε
969 2806 1057 2869 οὖς
1093 2804 1343 2883 ἤκουσεν,
1381 2801 1497 2860 οὔτε
1561 2802 1646 2858 ἐπὶ
1700 2798 1912 2877 καρδίαν
1971 2798 2242 2874 ἀνθρώπου

602 2894 788 2962 ἀνέϐη.
825 2894 991 2950 Ἀλλὰ
1022 2894 1129 2969 μὴν
1160 2896 1247 2950 καὶ
1277 2891 1583 2970 ἁμαρτωλοὶ
1639 2891 1700 2945 τὸ
1758 2888 2044 2966 ἀγέννητὸς
2078 2886 2242 2960 ὄνομα

600 2983 851 3049 ἥκουσαν.
888 2994 956 3040 To
993 2992 1175 3057 μεῖζον
1210 2982 1295 3038 οὖν
1320 2982 1353 3048 ἢ
1387 2978 1452 3035 δι’
1479 2980 1663 3037 ἑαυτοῦ
1757 2975 1825 3031 δι’
1852 2976 2030 3054 ἑτέρου
2058 2979 2083 3031 6
2114 2978 2241 3040 Θεὸς

602 3074 723 3136 τοὺς
758 3071 1102 3149 ἁμαρτωλοὺς
1132 3069 1360 3144 διδάξας,
1387 3072 1447 3123 τὸ
1470 3072 1630 3135 ἦττον
1660 3068 1746 3122 καὶ
1799 3064 1964 3140 μηδὲν
1997 3068 2066 3124 εἰς
2100 3067 2241 3135 ζωὴν

600 3164 812 3218 αἰώνιον
870 3161 1146 3217 συντελῶν
1201 3174 1317 3223 τοῖς
1377 3157 1597 3219 δικαίοις
1657 3155 1898 3235 ἐφύλαξε,
1978 3158 2072 3212 Καὶ
2127 3156 2237 3218 πῶς

600 3256 693 3308 οὐκ
739 3251 936 3306 ἄτοπον
967 3267 981 3324 ;
1016 3275 1037 3303 α
1067 3250 1128 3311 Si
1153 3249 1200 3308 is
1228 3248 1328 3329 qui
1355 3246 1626 3326 cognovit
1649 3245 1834 3306 Deum
1864 3262 1995 3306 esse
2016 3243 2243 3321 ingeni-

600 3348 748 3411 tum,
776 3339 920 3413 quiti
952 3339 1185 3398 tandem
1211 3340 1282 3398 sit
1307 3340 1465 3399 Deus
1484 3344 1761 3397 accurate
1784 3333 2074 3413 cognovit,
2102 3352 2238 3394 rur-

586 3446 697 3488 sus
724 3437 771 3488 si
798 3428 943 3488 nihil
981 3430 1169 3507 majus
1194 3437 1283 3488 est
1305 3445 1480 3504 quam
1502 3425 1686 3486 Deum
1714 3424 2040 3485 secundum
2074 3432 2239 3484 natu-

594 3535 720 3579 ram
758 3520 941 3598 ipsius
965 3536 1350 3597 cognoscere,
1372 3517 1492 3578 imo
1511 3516 1557 3576 si
1586 3516 1710 3576 haec
1733 3522 1820 3575 est
1848 3512 1963 3574 vita
1993 3521 2232 3574 mterna:

596 3609 696 3689 qui
733 3628 839 3668 nus
873 3608 1074 3669 docuit
1103 3607 1437 3685 ingenitum
1471 3624 1601 3667 esse
1633 3603 1917 3683 Deum,is
1948 3604 2137 3681 major
2154 3602 2237 3662 in.

596 3699 867 3760 venietur
898 3699 969 3759 iis
1001 3718 1132 3779 quae
1192 3700 1349 3760 Deus
1406 3695 1794 3775 diligentibus
1851 3694 2045 3773 ipsum
2080 3710 2227 3771 pra»

594 3791 836 3869 paravit.
872 3793 1021 3853 Nam
1057 3788 1185 3849 ﬁeri
1228 3806 1346 3848 non
1381 3793 1571 3866 potest
1601 3794 1665 3846 ut
1696 3785 1875 3845 hoz..o
1908 3782 2233 3862 quidquam

594 3890 913 3962 cognoscat
943 3898 1175 3962 eorum,
1201 3897 1331 3961 qua)
1358 3895 1469 3939 nec
1521 3877 1731 3939 oculus
1780 3872 1945 3947 vidit,
1982 3892 2094 3935 nec
2125 3892 2234 3934 au-

592 3975 675 4035 ris
725 3972 968 4051 audivit,
1005 3993 1138 4055 qute
1195 3990 1305 4035 nec
1364 3973 1421 4033 in
1473 3988 1576 4032 cor
1628 3968 1888 4031 hominis
1940 3964 2233 4055 ascende-

588 4074 727 4127 runt
755 4065 837 4122 61.
872 4053 1049 4145 Atqui
1081 4070 1429 4145 peccatores
1450 4060 1625 4123 etiam
1668 4075 1887 4119 nomen
1941 4053 2237 4134 ingenitus

591 4156 895 4220 audivere.
931 4154 1097 4227 Quod
1146 4154 1322 4233 igitur
1356 4152 1544 4231 majus
1601 4156 1714 4228 est,
1742 4147 1799 4209 id
1860 4154 1957 4207 aut
2016 4161 2122 4224 per
2169 4160 2234 4204 se

591 4248 783 4325 ipsum
808 4254 907 4308 aut
929 4264 1034 4325 per
1056 4243 1233 4305 alium
1254 4245 1415 4305 Deus
1438 4246 1783 4321 peccatores
1802 4234 2008 4296 docuit
2036 4254 2049 4296 :
2075 4233 2232 4325 quod

2350 469 2739 536 substantiam
2767 474 2958 557 ipsam
2992 469 3113 540 non
3143 496 3297 555 esse,
3333 478 3437 541 sed
3468 469 3900 562 aliquod—nomen,

2354 566 2558 651 postea
2592 563 2669 625 de
2698 564 2909 627 eodem
2939 577 3288 647 argumento
3314 567 3373 630 in
3405 566 3549 631 libro
3579 578 3760 651 quarto
3791 574 3903 634 scri-

2354 648 2569 728 psisset
2592 652 2846 717 obscure
2874 664 3051 738 atque
3080 648 3618 737 ineleganter?Sed
3658 679 3763 721 non
3800 680 3905 741 opus

2352 745 2444 829 est
2466 742 2687 805 nostris
2706 743 2926 823 verbis,
2955 754 3017 809 ut
3029 748 3379 810 ostendatur
3395 766 3589 810 eorum
3603 749 3779 829 quain
3794 749 3907 811 libro

2350 827 2541 907 primo
2556 837 2614 893 et
2636 841 2851 913 quarto
2867 835 3146 915 leguntur
3172 855 3290 898 non
3308 855 3487 899 unum
3506 846 3560 899 et
3578 827 3905 899 eumdemau-

2349 923 2573 980 ctorem
2606 938 2741 984 esse
2766 944 2781 983 :
2805 925 2910 985 sed
2955 926 3097 987 satis
3130 937 3242 1000 est,
3278 925 3329 987 si
3363 925 3509 988 alter
3539 927 3689 988 locus
3715 945 3829 988 cum
3849 927 3910 987 al-

2348 1013 2476 1068 tero
2496 1020 2895 1092 comparetur.
2924 1016 3075 1078 Nam
3099 1014 3535 1078 eruditissimus
3560 1016 3784 1097 quisque
3797 1026 3848 1077 ut
3869 1017 3911 1077 in

2347 1096 2537 1185 primo
2556 1098 2709 1160 libro
2739 1104 3066 1165 masculum
3090 1104 3387 1185 quoddam
3408 1103 3636 1166 dicendi
3653 1096 3817 1184 genus
3834 1105 3915 1165 mi-

2343 1184 2595 1275 rabitur,
2625 1189 2705 1251 ita
2728 1191 2789 1251 in
2817 1202 3029 1272 quarto
3051 1184 3283 1257 debiles
3308 1193 3585 1275 quasdam
3612 1193 3910 1256 ratiunculas

2344 1273 2483 1337 huic
2512 1279 2789 1359 scriptori
2834 1283 3265 1362 perfamiliares
3294 1273 3572 1347 fastidiet.
3606 1284 3771 1347 Paulo
3793 1282 3916 1345 intra

2342 1382 2479 1427 eum
2508 1386 2683 1448 quem
2714 1371 2887 1432 citavi
2934 1373 3155 1447 locum,
3192 1374 3470 1453 leguntur
3524 1373 3621 1435 illa
3664 1380 3735 1454 (p.
3763 1373 3911 1451 286):

2340 1456 2398 1510 El
2430 1455 2686 1514 ἐλάττονα
2718 1462 2745 1515 6
2779 1463 2907 1526 Θεὸς
2938 1461 3286 1541 δημιουργεῖν
3317 1464 3412 1519 οὐκ
3447 1462 3661 1532 ἠδύνατο
3706 1473 3788 1521 τοῦ
3827 1464 3915 1524 ἑνὸς

2341 1544 2485 1633 Υἱοῦ,
2532 1545 2615 1603 διὰ
2644 1550 2705 1605 τὸ
2736 1551 2812 1625 μὴ
2856 1553 3167 1633 πεφυκέναι,
3224 1551 3337 1609 οὐδὲ
3389 1556 3418 1609 6
3470 1556 3585 1619 Υἱὸς
3641 1553 3731 1631 ἄρα
3766 1551 3916 1632 διάφο-

2338 1654 2401 1709 ροι
2451 1632 2861 1717 δημιουργήσει,
2896 1632 3033 1697 ἀλλὰ
3095 1642 3147 1698 ἒν
3182 1666 3255 1706 τι.
3308 1663 3332 1698 α
3368 1642 3431 1704 Si
3484 1644 3637 1704 Deus
3689 1640 3922 1721 pauciora

2301 1738 2458 1811 iuno
2489 1722 2639 1785 Filio
2670 1728 2933 1791 condere
2972 1749 3091 1791 non
3124 1738 3376 1810 poterat,
3410 1732 3567 1812 quod
3599 1740 3803 1791 natura:
3825 1747 3923 1791 suae

2337 1828 2454 1871 non
2480 1816 2797 1879 convenit:
2826 1818 3007 1898 igitur
3037 1838 3148 1881 nec
3173 1820 3358 1883 Filius
3378 1820 3592 1883 condet
3610 1820 3920 1894 diversa,sed

2333 1916 2516 1961 unum
2547 1904 2714 1983 quid.
2744 1926 2774 1966 ›
2809 1905 2948 1969 Haec
2976 1910 3277 1988 quomodo
3310 1910 3471 1973 inter
3500 1928 3564 1972 se
3613 1910 3921 1971 cohaereant.

2332 1988 2485 2081 alius
2516 1992 2753 2056 viderit.
2792 1995 2896 2057 His
2938 1998 3293 2079 subjungam
3344 1999 3449 2062 illa
3499 2001 3581 2080 (p.
3614 2000 3776 2072 991):
3807 2000 3924 2055 Εῖτδ
3996 2046 3997 2081 ι

2335 2078 2542 2157 θέλημα
2574 2091 2664 2141 τοῦ
2712 2086 2915 2164 Πατρός
2964 2087 3101 2168 ἐστι,
3149 2078 3210 2146 σεὸ
3261 2078 3538 2148 πιστεύειν⁷
3586 2092 3719 2163 ἡμᾶς
3758 2090 3821 2150 εἷς
3856 2089 3929 2141 τὸν

2338 2171 2457 2227 Υἱὸν
2515 2175 2673 2231 αὐτοῦ
2735 2174 2922 2255 (Τοῦτο
2996 2178 3098 2256 γάρ
3152 2181 3263 2235 εστι
3318 2181 3381 2238 τὸ
3433 2180 3639 2255 θέλημα
3693 2186 3775 2234 τοῦ
3820 2178 3927 2250 πέμ·

2336 2261 2535 2333 ψαντός
2585 2284 2676 2343 με,
2735 2264 2827 2321 ἵνα
2886 2272 2987 2332 πᾶς
3044 2269 3072 2323 6
3134 2270 3347 2347 θεωρῶν
3406 2272 3500 2326 τὸν
3550 2271 3687 2348 Υἱὸν,
3730 2268 3809 2325 καὶ
3850 2288 3926 2321 πι-

2336 2350 2533 2439 στεύῶν
2586 2354 2660 2418 εἰς
2720 2356 2899 2426 αὐτὸν,
2952 2355 3061 2436 ἔχῃ
3110 2358 3255 2427 ζωὴν
3308 2358 3580 2439 αἰώνιον),
3634 2362 3723 2416 οὐχ
3764 2356 3815 2411 ἐκ
3854 2358 3923 2409 θι-

2334 2436 2577 2515 λήματος
2625 2445 2653 2499 6
2713 2444 2855 2523 Υίὸς,
2891 2446 3004 2502 ἐπεὶ
3052 2448 3115 2502 τὸ
3146 2450 3415 2505 πιστεύειν
3479 2436 3616 2525 ἡμεῖς
3660 2448 3728 2511 εὶς
3779 2446 3924 2518 αὺτὸν»

2329 2528 2364 2596 ἢ
2409 2531 2503 2585 σὺν
2552 2531 2714 2606 αὗτῷ,
2756 2533 2786 2601 ἢ
2839 2536 2941 2609 πρὸ
2990 2536 3150 2593 αι’)τοῦ
3194 2538 3517 2615 εδρίσοιεται.
3556 2560 3583 2593 α
3615 2535 3675 2598 Si
3702 2536 3925 2597 voluntas

2328 2615 2515 2680 Patris
2544 2628 2654 2696 est,
2688 2629 2751 2683 ut
2778 2639 2890 2684 nos
2913 2623 2975 2684 in
3024 2624 3155 2703 ejus
3185 2624 3402 2687 Filium
3447 2625 3759 2689 credamus
3785 2621 3924 2701 (Haec

2326 2714 2414 2768 est
2430 2714 2593 2770 enim
2606 2710 2789 2772 volun
2797 2720 2889 2774 tas
2900 2716 3033 2791 ejus
3045 2718 3158 2793 qui
3168 2732 3265 2777 me
3277 2718 3549 2793 misit,ut
3561 2716 3753 2778 omnis
3761 2714 3853 2793 qui
3861 2717 3926 2772 vi-

2324 2797 2421 2857 det
2446 2797 2700 2880 Filium,
2728 2808 2785 2862 et
2804 2802 2991 2864 credit
3005 2804 3069 2864 in
3092 2808 3317 2882 ipsum,
3346 2806 3570 2868 habeat
3591 2810 3769 2866 vitam
3790 2809 3927 2863 ater-

2324 2904 2463 2947 nam
2484 2886 2586 2968 62),
2616 2908 2733 2950 non
2758 2900 2953 2952 tamen
2976 2901 3062 2954 est
3082 2912 3152 2954 ex
3173 2895 3484 2957 voluntate
3506 2894 3687 2955 Filius
3710 2913 3723 2954 :
3750 2892 3931 2972 quippe

2324 2976 2573 3038 credere
2595 2996 2703 3039 nos
2728 2979 2785 3039 in
2813 2979 3030 3059 ipsum,
3058 2991 3156 3043 aut
3183 3001 3316 3043 cum
3339 2983 3611 3064 ipso,aut
3628 2991 3756 3044 ante
3773 2982 3929 3061 ipsum

2326 3065 2640 3127 invenitur.
2681 3092 2704 3123 ι)
2734 3068 2876 3140 Quae
2900 3070 3079 3131 verba
3095 3071 3235 3151 quid
3258 3072 3375 3133 sibi
3399 3074 3612 3148 velint,
3640 3091 3711 3133 ne
3738 3069 3935 3149 Mopsus

2262 3131 2300 3179 Ο
2326 3155 2567 3234 quidem
2596 3166 2700 3218 aut
2733 3131 2985 3238 (Fidipus
3015 3131 3211 3235 facile,

2324 3250 2451 3302 ctor
2470 3241 2544 3304 de
2566 3244 2868 3307 Abraham
2892 3247 3160 3327 loquens,
3186 3250 3274 3310 sic
3296 3250 3759 3331 scribittp.314)
3783 3269 3796 3309 :
3819 3247 3933 3305 Ἐπί-

2323 3354 2504 3389 στευσε
2535 3332 2588 3390 δέ
2621 3335 2861 3415 Ἀϐραὰμ
2888 3344 2964 3409 τῷ
3009 3344 3147 3414 Θεῷ,
3182 3340 3498 3398 ἐπίστευσεν
3532 3346 3607 3406 ὡς
3666 3340 3828 3408 αὐτὸς,
3868 3338 3933 3389 ωὶ

2323 3422 2416 3479 οὒκ
2446 3426 2740 3491 ἠπίστησεν
2771 3429 2843 3488 ὡς
2867 3428 3043 3502 ὑμεῖς.
3081 3449 3103 3482 α
3141 3428 3416 3491 Credidit
3450 3438 3657 3493 autem
3682 3426 3935 3492 Abraham

2321 3509 2467 3588 Deo,
2494 3513 2829 3575 crediditut
2851 3515 3001 3593 ipse,
3038 3535 3148 3579 nec
3171 3518 3533 3581 incredulus
3555 3520 3665 3581 fuit
3696 3526 3758 3579 ut
3785 3534 3888 3577 vos.
3916 3534 3937 3569 θ

2321 3601 2451 3662 Non
2472 3602 2643 3664 valde
2663 3604 2981 3665 admodum
3006 3604 3211 3668 dubito
3235 3609 3384 3688 quin
3404 3610 3525 3686 vir,
3559 3626 3695 3671 cum
3719 3607 3799 3668 sic
3814 3606 3942 3667 locu-

2320 3696 2413 3750 tus
2439 3701 2548 3770 est,
2583 3711 2691 3771 pro
2720 3693 3047 3755 salsissituo
3067 3696 3369 3776 scriptore
3394 3708 3459 3760 et
3482 3698 3829 3761 acutissimo
3858 3696 3943 3754 ha-

2322 3777 2449 3840 beri
2478 3780 2765 3855 voluerit;
2820 3782 2927 3843 sed
2980 3802 3191 3846 vereor
3244 3805 3348 3863 ne,
3385 3807 3532 3850 cum
3585 3788 3697 3850 sibi
3730 3784 3945 3848 maxime

2318 3870 2562 3951 placuit,
2598 3870 2731 3933 aliis
2760 3879 2818 3932 et
2843 3872 3091 3951 frigidus
3139 3884 3197 3937 et
3237 3877 3496 3959 ineptus
3524 3897 3665 3942 esse
3693 3877 3947 3938 videatur.

2316 3959 2607 4022 Praeclara
2634 3970 2770 4023 sunt
2792 3978 2922 4041 qua;
2950 3962 3158 4027 videre
3179 3973 3270 4027 est
3300 3968 3626 4048 aliquanto
3648 3974 3802 4029 ante.
3828 3964 3951 4028 Sunt

2318 4058 2518 4113 autem
2552 4051 2845 4129 ejusmodi
2872 4059 2949 4132 (p.
2984 4052 3124 4131 512)
3150 4075 3163 4117 :
3195 4055 3281 4113 "El
3314 4060 3398 4123 ὡς
3430 4059 3569 4116 ὅταν
3598 4060 3707 4115 ἀπὸ
3734 4057 3900 4119 ὕδατος
3926 4056 3953 4121 ἢ

2318 4139 2462 4199 λίθου
2505 4149 2630 4221 πῦρ,
2662 4142 2697 4210 ἢ
2730 4140 2900 4208 ἄλλης
2928 4146 3072 4208 τινὸς
3132 4144 3263 4213 ὕλης
3310 4150 3585 4213 ὡσαύτως
3648 4150 3708 4204 τὸ
3748 4153 3953 4203 τοιοῦτον

2317 4231 2539 4307 γένηται
2572 4234 2693 4305 πῦρ.
2734 4253 2762 4284 α
2797 4230 2915 4319 Aut
2943 4231 3097 4293 sicut
3145 4251 3283 4296 cum
3312 4253 3400 4298 ex
3453 4256 3617 4319 aqua
3662 4244 3761 4299 aut
3791 4233 3958 4316 lapide

588 4318 726 4397 vero
751 4318 947 4396 minus
968 4341 1058 4395 est
1074 4332 1345 4411 nihilque
1376 4318 1455 4390 ad
1484 4329 1653 4389 vitam
1676 4335 1954 4387 aeternam
1975 4322 2227 4393 confert,

2326 4319 2490 4411 ignis,
2526 4326 2631 4411 aut
2652 4338 2721 4411 ea
2775 4318 2889 4381 alia
2920 4322 3122 4411 quavis
3179 4325 3468 4404 materia,
3504 4318 3786 4388 similiter
3828 4325 3956 4403 ignis

590 4424 647 4485 id
678 4426 851 4504 justis
890 4421 1161 4485 servavit.
1197 4408 1270 4481 Et
1300 4417 1600 4498 quomodo
1628 4416 1738 4476 hoc
1761 4413 2084 4504 absurdum
2111 4430 2227 4472 non
2252 4493 2289 4504 __
2314 4410 2509 4504 fieret.
2537 4435 2564 4467 ι)
2600 4408 2850 4504 Reliqua
2871 4410 3112 4490 quidem
3132 4430 3251 4474 non
3272 4413 3821 4483 incommodezsed
3842 4423 3959 4497 puto

586 4493 706 4576 est?
733 4536 761 4573 »
793 4511 1076 4592 Haec,etsi
1100 4493 1736 4588 longiora,exscribere
1755 4522 1870 4563 non
1889 4500 2227 4584 piguit,quo
2252 4493 2295 4546 Ι)
2315 4499 2621 4592 hominem
2662 4499 2879 4560 mentis
2929 4510 3266 4581 compotem
3298 4522 3434 4567 non
3468 4507 3683 4585 fuisse,
3723 4509 3772 4569 si
3798 4493 3886 4568 cui
3911 4521 3961 4563 se

588 4605 775 4682 magis
796 4588 1107 4664 character
1128 4597 1439 4677 scriptoris
1459 4596 1791 4656 innotescat
1812 4602 1869 4655 et
1898 4592 2226 4682 ingenium.
2315 4591 2428 4682 hoc
2450 4588 2705 4682 probare
2726 4606 2903 4668 posse
2922 4592 3586 4670 speraverit,videlicet
3603 4597 3818 4662 ﬁeriex
3833 4610 3962 4671 aqua

2312 4681 2535 4759 ignem.
2566 4676 2731 4741 Unus
2760 4682 3026 4740 omnium
3073 4679 3487 4748 felicissimus
3522 4697 3619 4749 est
3648 4687 3889 4750 Basilius
3912 4684 3959 4743 in

2311 4767 2953 4858 seligeudisjexemplis
2972 4770 3125 4849 aptis
3150 4787 3167 4833 :
3194 4771 3298 4851 qui
3334 4791 3493 4855 ergo
3526 4776 3665 4839 ﬁeri
3697 4775 3890 4858 potuit,
3912 4776 3961 4831 ut

2311 4858 2584 4938 exemplo
2608 4865 2725 4919 tam
2748 4856 2952 4937 inepto
2976 4865 3219 4937 tamque
3236 4860 3522 4927 absurdo
3544 4856 3788 4930 usus‘sit
3808 4866 3960 4937 γραεξ

2308 4956 2508 5040 autem
2530 4946 2714 5040 fuerit,
2726 4946 3040 5040 scriptoris
3062 4948 3616 5040 _dijligentia,quasi
3648 4955 3960 5040 praeteriens

2310 5038 2628 5101 adnotabo.
2657 5036 3169 5118 Sicigiturscribit
3195 5042 3279 5121 (p.
3309 5041 3517 5125 318):
3550 5036 3773 5119 Καὶτῆς
3792 5048 3961 5125 Μαρίας

2308 5128 2590 5207 λεγούσης
2654 5130 2801 5219 Κατὰ
2858 5129 2907 5184 τί
2964 5130 3239 5207 γνώσομαι
3302 5142 3506 5212 τοῦτο,
3574 5142 3694 5198 Emi
3746 5138 3891 5219 ἄνδρα
3914 5136 3962 5189 οὗ

2306 5219 2554 5296 γινώσκω
2580 5238 2598 5295 ;
2638 5241 2665 5273 α
2697 5214 2769 5279 Et
2798 5235 2937 5278 cum
2967 5219 3154 5281 Maria
3200 5220 3492 5289 diceret:
3535 5214 3851 5303 Quomode
3877 5245 3963 5287 co-

2306 5325 2381 5400 gn
2389 5324 2587 5400 oscam
2599 5305 2971 5400 istud.quand
2979 5306 3255 5400 equidem
3270 5312 3489 5377 virum
3505 5336 3636 5381 non
3650 5314 3959 5400 cognosco!

2305 5394 2536 5489 Ultima,
2555 5395 2751 5489 verba,
2780 5396 3344 5489 [Quandoquidem
3375 5403 3599 5471 virum
3633 5394 3755 5472 non
3776 5424 3966 5489 cogno-

2307 5484 2679 5559 sco,vMariae
2695 5484 2939 5565 quidem
2962 5504 3098 5549 esse
3116 5506 3296 5551 nemo
3321 5490 3823 5579 inﬁciabitur(ex
3845 5484 3962 5560 Luc.

587 4681 741 4766 Quid
778 4692 963 4772 magis
995 4690 1057 4751 in
1090 4689 1179 4750 his
1205 4687 1409 4749 mirari
1442 4685 1669 4757 subeat,
1704 4681 2227 4772 nescio,inutilita—

587 4791 704 4843 tem
730 4801 804 4843 an
829 4770 1111 4861 ineptiam
1142 4776 1357 4849 ‘tQuid,
1386 4793 1605 4856 quaeso,
1635 4782 1751 4835 tam
1777 4770 2226 4861 verbosaratiof

583 4870 801 4933 cinatio
832 4872 904 4933 ad
935 4858 1066 4932 rem
1127 4866 1317 4929 facit?
1368 4865 1521 4937 Quid
1555 4882 1792 4925 causam
1830 4860 2044 4943 juvat?
2077 4858 2227 4932 Quid

583 4960 656 5020 ha
669 4961 766 5022 bet
782 4956 1318 5022 momenti?Verbis
1338 4956 1528 5038 ipsius
1540 4954 1851 5036 scriptoris
1871 4961 2023 5025 utar,
2040 4967 2224 5030 «quo-

586 5050 760 5111 modo
792 5050 907 5111 hoc
936 5046 1259 5109 absurdum
1292 5064 1411 5107 non
1452 5044 1585 5106 est?
1621 5069 1648 5099 ι)
1678 5045 1887 5123 Neque
1917 5039 2225 5119 indignum

585 5148 721 5220 puto
748 5139 905 5219 quod
937 5145 1194 5217 notetur,
1227 5136 1467 5197 tractari
1497 5153 1734 5216 quoque
1763 5135 1824 5194 in
1848 5132 2042 5213 primo
2074 5127 2223 5220 libro

577 5231 694 5291 hoc
720 5229 880 5291 idem
906 5233 1321 5306 argumentum
1347 5230 1425 5306 (p.
1452 5225 1563 5287 221
1616 5233 1673 5285 et
1703 5227 1919 5303 δοίη),
1951 5219 2227 5283 videlicet

578 5336 781 5380 vocem
825 5340 846 5373 ε
888 5316 1187 5395 ingenitus
1224 5338 1246 5371 υ
1283 5313 1670 5375 substantiam
1701 5313 1885 5392 ipsam
1914 5328 2030 5371 non
2063 5326 2219 5382 esse,

576 5409 681 5471 sed
707 5426 928 5469 nomen
943 5404 1367 5487 quoddam.At,
1396 5402 1767 5484 qumso,quid
1793 5402 2003 5463 fuisset
2023 5397 2223 5461 homi-

578 5499 672 5562 nis
695 5496 974 5571 Basilius,
1010 5499 1083 5575 si,
1114 5501 1430 5572 postquam
1455 5494 1515 5554 in
1535 5492 1725 5573 primo
1749 5490 1902 5554 libro
1926 5490 2083 5553 clare
2107 5487 2227 5551 ele-

650 5661 707 5712 ϐί
743 5663 767 5724 l
796 5662 936 5722 Cor.
966 5675 1029 5733 ιι,
1060 5655 1121 5718 9.
1205 5652 1271 5703 δί
1300 5655 1470 5717 Joan.
1503 5670 1580 5728 vi,
1606 5652 1709 5715 40.
