4100 6202
1327 378 1399 441 D.
1445 376 1601 438 JUL.
1649 373 2027 438 GARNERII
2072 374 2493 438 PREFATIO.

3326 397 3599 452 (XIXXXIII

210 523 261 599 I_,
303 506 399 577 34)
440 529 450 566 :
476 508 582 569 sed
609 511 840 588 priora,
881 512 1231 584 «Quomodo
1260 530 1615 592 cognoscam
1643 511 1863 591 istud,-
1890 514 1933 565 Α
1955 509 2385 599 quihoslibros
2404 508 2619 571 Basilio
2639 509 2928 584 tribuunt,
2958 530 3065 575 cur
3094 513 3191 575 hic
3212 513 3385 579 aliter
3416 538 3593 599 quam

217 597 516 659 Zachariae
539 617 674 661 esse
705 609 940 663 constat
970 619 1039 663 ex
1072 602 1218 664 Luc.
1265 621 1309 682 ι,
1340 604 1434 665 18.

303 687 404 751 68.
431 687 728 751 Hactenus
757 689 889 751 loca
914 691 1208 771 quaedam,
1243 711 1376 769 qua;
1400 692 1661 771 phrasim
1696 692 1869 754 Basi-

218 776 438 839 lianam
464 778 663 841 minus
685 781 1292 860 sapiant,retulimus:
1321 800 1479 842 nunc
1506 801 1683 844 voces
1708 781 1867 843 mul-

217 880 328 940 tas,
356 886 506 947 quas
534 868 596 929 in
618 869 897 948 genuinis
919 870 1125 933 Basilii
1151 870 1434 952 operibus
1468 870 1721 933 inveniri
1748 890 1869 933 non

215 957 627 1037 putamus,hic
640 958 1167 1039 simulcougerere
1178 960 1354 1022 nobis
1368 966 1737 1041 propositum
1753 969 1863 1037 est,

215 1044 341 1107 Vox
369 1048 516 1111 θέσις
571 1048 766 1127 prima
796 1051 1079 1114 occurrit.
1115 1048 1277 1112 Nihil
1316 1057 1479 1113 certe
1513 1068 1582 1113 ea
1610 1069 1754 1113 voce
1785 1052 1868 1113 fa-

209 1136 510 1197 miliarius
543 1147 635 1199 est
666 1140 1083 1221 scriptori,pro
1102 1159 1173 1202 eo
1191 1141 1349 1221 quod
1367 1149 1457 1203 est
1493 1165 1521 1197 α
1555 1141 1858 1222 adoptio.»

204 1224 646 1306 Frequentiora
660 1237 798 1290 sunt
818 1230 1297 1311 exempla,quam
1328 1238 1397 1293 ut
1416 1230 1617 1307 aliqua
1646 1234 1705 1292 in
1737 1249 1864 1293 me-

202 1314 373 1375 dium
402 1316 674 1395 proferre
696 1336 945 1380 necesse
962 1320 1376 1401 sit.Nusquam
1398 1320 1862 1401 tamen,opinor,

206 1423 278 1465 ea
327 1423 442 1466 vox
492 1425 603 1485 pro
653 1407 978 1489 adoptione
1030 1409 1087 1469 in
1147 1410 1403 1472 sinceris
1443 1430 1512 1472 ac
1560 1410 1865 1488 germanis

206 1493 418 1555 Basilii
440 1495 610 1559 libris
632 1497 1201 1578 usurpatur.Vocem
1223 1503 1472 1581 oioﬁscta,
1502 1520 1619 1561 non
1652 1517 1859 1561 vocem

204 1585 463 1659 egomeo
487 1585 800 1649 intellectu
830 1586 1118 1650 adhibere
1158 1588 1312 1652 solet
1348 1598 1549 1652 orator
1580 1593 1862 1669 optimus.

206 1676 387 1736 Certe
414 1674 465 1734 si
486 1675 657 1751 alias,
697 1676 952 1741 [nissime
982 1678 1045 1739 in
1077 1677 1226 1739 libro
1266 1678 1351 1742 De
1381 1679 1627 1759 Spiritu
1652 1686 1866 1741 sancto

206 1772 264 1824 et
288 1765 351 1825 in
370 1764 569 1826 tribus
593 1766 803 1846 primis
829 1770 895 1829 in
912 1768 1292 1830 Eunomium
1327 1768 1499 1830 libris
1522 1785 1741 1830 nomen
1770 1770 1865 1826 θέ-

1953 598 2179 661 solebat
2208 600 2439 662 locutus
2472 599 2762 680 sit,seque
2784 603 2876 663 sui
2910 601 3263 666 dissimilem
3296 598 3593 686 praestite-

1954 689 2048 748 rit.
2084 688 2233 781 Illud
2264 690 2377 781 (p;
2397 689 2598 781 305)
2622 692 2719 781 ξςαὶ
2749 692 2809 747 τὸ
2840 690 2924 781 eis
2956 693 3076 781 i‘iob’
3106 698 3395 774 πεφηνέναι
3426 703 3594 781 σαφὸς

1953 779 2266 845 πεποίηκεν.
2299 779 2407 841 «Et
2438 796 2542 857 per
2556 777 2769 840 Filium
2792 779 3080 844 eiialsisse
3103 782 3329 846 clarum
3361 777 3521 865 fecit,
3562 814 3590 845 »

1952 866 2185 929 videtur
2234 867 2381 929 milii
2434 886 2553 929 non
2610 885 2813 946 parum
2864 887 2899 931 a
2928 871 3223 937 Basiliana
3251 875 3598 953 eloquentia

1950 955 2373 1019 alienum.Hac
2404 956 2641 1047 dicendi
2668 957 2946 1040 formula,
2976 964 3140 1040 σαφὲς
3164 967 3449 1046 πεποίηκε,
3480 987 3591 1047 ρο-

1954 1046 2061 1107 tuit
2085 1047 2166 1107 uti
2201 1047 2457 1127 scriptor
2488 1044 2836 1122 indisertus,
2866 1067 2981 1110 non
3013 1050 3267 1115 Basilius
3290 1044 3593 1119 orator—um

1949 1134 2401 1226 disertissimus.
2452 1136 2943 1214 Peregrinitatem
2998 1138 3117 1201 olet
3168 1141 3314 1203 illud
3357 1163 3593 1226 quoque

1952 1225 2024 1304 (p.
2072 1224 2262 1303 307):
2329 1222 2618 1303 Ἐκπομπῇ
2662 1228 2759 1305 γὰρ
2816 1230 2903 1286 καὶ
2948 1230 3227 1304 μεταδόσει
3289 1222 3590 1310 Πνεύμαξος

1948 1316 2010 1370 τὰ
2039 1317 2291 1393 γινόμεναι
2334 1317 2557 1394 γίνεται.
2617 1340 2645 1371 (ί
2678 1318 2831 1379 Nam
2867 1336 3000 1398 qua;
3045 1320 3217 1402 ﬁunt,
3267 1324 3592 1386 emissione

1946 1411 2121 1495 atque
2152 1404 2606 1495 participatione
2652 1406 2912 1487 Spiritus
2962 1408 3136 1471 fiunt.
3178 1434 3201 1467 ι
3239 1414 3311 1473 Et
3339 1431 3504 1495 vero,
3540 1414 3591 1476 si

1948 1493 2106 1557 bene
2128 1493 2535 1571 commemini,
2573 1514 2715 1559 voce
2741 1498 2995 1572 ἐκπομπή
3031 1518 3150 1561 non
3194 1503 3377 1564 utitur
3414 1493 3588 1565 Basi-

1948 1584 2083 1646 lius.
2128 1585 2296 1647 Haud
2330 1584 2558 1666 procul,
2590 1586 2664 1647 de
2691 1586 2912 1649 Davide
2970 1588 3218 1669 loquens
3250 1600 3457 1655 auctor
3502 1593 3589 1655 sic

1946 1673 2156 1735 scribit
2192 1674 2277 1753 (p.
2310 1673 2450 1755 309)
2483 1691 2496 1733 ζ
2552 1675 2670 1732 Οὐδ’
2702 1675 2762 1733 ἂν
2793 1677 2889 1743 τὴν
2914 1688 3004 1737 τοῦ
3035 1682 3342 1756 Πνεύματος
3377 1704 3586 1756 παρου-

1945 1767 2084 1837 σίαν,
2134 1764 2315 1821 δούλου
2345 1768 2431 1822 καὶ
2480 1766 2766 1840 κτίσματος
2813 1765 2984 1847 ὄντος²
3048 1769 3131 1825 ἐπὶ
3182 1772 3353 1827 πάντα
3385 1771 3588 1842 διήκειν

208 1878 289 1919 τις
312 1874 350 1915 a
378 1855 602 1916 Basilio
628 1856 903 1938 usurpari
929 1857 1239 1934 debuerat,
1269 1877 1403 1919 cum
1423 1858 1575 1919 iniis
1606 1857 1680 1920 de
1709 1857 1851 1920 ado-

1946 1852 2167 1933 ἔφυκεν
2199 1858 2226 1910 ὁ
2256 1852 2517 1929 ὑμνῳδός.
2575 1880 2601 1909 α
2637 1856 2848 1935 Neque
2898 1857 3153 1939 Spiaitus
3182 1862 3584 1939 praesentiam,

205 1946 417 2024 ptione
438 1946 725 2026 frequens
746 1948 823 2010 sit
844 1962 1069 2011 sermo:
1099 1956 1319 2027 tamen,
1352 1948 1510 2028 quod
1542 1947 1617 2010 ab
1649 1948 1861 2009 horum

207 2038 469 2097 lectione
491 2055 708 2099 recens
726 2047 1179 2118 sum,praastare
1196 2037 1387 2099 audeo
1410 2039 1541 2118 ejus
1571 2056 1647 2100 ne
1676 2038 1854 2099 vesti-

206 2126 373 2201 gium
407 2127 653 2207 quidem
686 2128 744 2187 in
778 2128 871 2189 his
922 2135 1176 2191 exstare.
1209 2126 1499 2191 Similiter
1545 2146 1652 2189 vox
1680 2130 1856 2195 θεϊκός

202 2216 698 2295 frequentissime
732 2220 788 2278 in
821 2216 1054 2279 duobus
1084 2217 1176 2278 his
1226 2216 1660 2298 posterioribus
1687 2216 1859 2279 libris

199 2314 491 2385 usurpata
522 2308 839 2369 invenitur.
872 2310 1060 2380 Quam
1114 2318 1315 2369 autem
1338 2306 1598 2368 alienum
1632 2305 1687 2367 id
1720 2306 1797 2367 sit
1825 2324 1859 2367 a

196 2394 416 2456 Basilii
451 2396 739 2473 instituto,
776 2415 849 2459 ex
880 2399 1010 2476 ejus
1056 2395 1333 2476 genuinis
1384 2394 1552 2457 libris
1602 2396 1857 2476 perspici

196 2492 427 2565 potest.
456 2483 713 2548 Fatebor
726 2486 972 2567 quidem
992 2504 1195 2548 vocem
1216 2487 1395 2550 ϐεϊκός
1420 2485 1481 2546 in
1502 2503 1573 2546 ea
1589 2485 1858 2547 oratione

192 2593 338 2650 quae
392 2574 558 2636 inter
586 2574 853 2637 diversas
903 2574 1137 2637 decima
1195 2576 1451 2655 septima
1480 2583 1847 2649 numeratur,

194 2662 321 2741 legi
352 2682 368 2726 :
406 2664 514 2725 sed
548 2683 745 2726 causae
762 2674 897 2726 sunt
919 2683 1040 2726 non
1071 2665 1383 2736 leves,cur
1402 2664 1463 2724 id
1498 2665 1848 2744 opusculum

195 2773 503 2833 ponamus
547 2764 607 2817 et
654 2755 849 2835 ipsum
897 2756 960 2818 in
1018 2755 1315 2817 subditiis.
1351 2756 1651 2834 Nusquam
1683 2754 1847 2835 alibi,

190 2844 362 2920 quod
390 2845 607 2926 sciam,
644 2863 714 2907 ea
749 2865 855 2907 vox
879 2844 1197 2926 reperitur.
1237 2845 1369 2907 Non
1393 2845 1473 2905 ita
1502 2843 1755 2925 pridem,
1790 2853 1854 2907 ut

192 2953 332 2993 mox
352 2934 842 3006 aiebamJibrum
864 2936 946 2997 De
960 2935 1206 3015 Spiritu
1229 2941 1445 2997 sancto
1466 2941 1526 2995 et
1544 2940 1666 2995 tres
1683 2933 1850 3014 prio-

189 3042 297 3084 res
324 3028 390 3084 in
430 3023 812 3087 Eunomium
844 3024 1026 3087 libros
1045 3023 1365 3103 diligenter
1394 3022 1601 3104 legi,iu
1630 3022 1850 3103 quibus

190 3123 261 3173 ut
286 3112 345 3173 in
370 3112 629 3191 reliquis
660 3114 933 3193 genuinis
967 3114 1162 3177 Basilii
1201 3112 1438 3193 scriptis
1457 3131 1576 3173 non
1602 3112 1848 3174 memini

1943 1948 1991 2002 si
2011 1961 2216 2005 servus
2238 1952 2295 2006 et
2312 1951 2589 2006 creatura
2607 1952 2788 2024 esset,
2824 1946 3022 2007 omnia
3040 1948 3363 2027 pervadere
3395 1951 3585 2012 dixis-

1942 2040 2034 2094 set
2058 2033 2412 2113 hymnorum
2435 2042 2637 2095 cantor
2652 2058 2703 2096 ,ιο
2740 2035 2872 2095 Vox
2890 2036 3129 2112 ὑμνῳδός
3151 2038 3332 2100 alieni
3361 2039 3586 2121 aliquid

1941 2130 1999 2182 et
2022 2123 2323 2202 peregrini
2337 2124 2568 2186 videtur
2585 2124 3009 2203 praeferremec
3020 2144 3152 2189 eam
3174 2136 3315 2207 puto
3336 2148 3585 2211 usquam

1939 2216 2243 2275 inventum
2266 2212 2337 2275 iri
2356 2213 2513 2292 apud
2529 2213 2967 2276 Basilium.Hoc
2999 2215 3159 2278 idem
3194 2216 3415 2281 dictum
3450 2222 3583 2282 volo

1939 2301 2015 2363 de
2037 2302 2162 2382 illo,
2186 2306 2214 2360 ὁ
2235 2303 2383 2381 ἅγιος
2408 2304 2635 2375 Παῦλος,
2678 2312 2953 2366 «sanctus
2973 2304 3249 2369 Paulus.»
3279 2307 3399 2370 Etsi
3422 2311 3584 2373 enim

1938 2391 2195 2453 Basilius
2225 2392 2712 2472 frequentissime
2762 2394 3008 2455 Paulum
3042 2399 3348 2474 nominat;
3384 2407 3583 2462 tamen

1939 2481 2266 2559 epithetum
2300 2480 2470 2557 illud,
2506 2484 2683 2563 ἅγιος,
2745 2501 3071 2564 nunquam,
3109 2485 3347 2565 opinor,
3382 2490 3435 2549 ei
3471 2490 3582 2551 tri-

1940 2568 2221 2633 buit.Non
2247 2588 2397 2649 nego
2447 2570 2688 2651 quidem
2716 2571 2822 2634 has
2876 2590 3073 2647 voces,
3103 2576 3131 2629 ὁ
3160 2575 3311 2652 ἅγιος
3348 2580 3578 2655 Παῦλος,

1934 2659 2216 2739 conjungi
2236 2659 2411 2720 simul
2430 2660 2491 2721 in
2508 2659 2660 2722 libro
2688 2662 2772 2723 De
2790 2660 3045 2741 Spiritu
3073 2671 3300 2745 sancto,
3324 2668 3581 2747 cap.de-

1934 2748 2089 2809 cimo
2117 2757 2280 2810 sexto
2316 2770 2329 2809 :
2364 2749 2469 2811 sed
2504 2766 2705 2811 vocem
2749 2750 2899 2828 ἅγιος
2931 2753 3384 2831 expungendam
3419 2774 3576 2832 esse,

1936 2855 2007 2901 ex
2034 2838 2205 2901 libris
2225 2839 2486 2917 antiquis
2515 2839 2895 2903 constat.Nec
2925 2844 3399 2921 praetereundum
3431 2845 3581 2908 illud

1934 2932 2018 3007 (p.
2048 2926 2216 3010 303),
2257 2933 2446 2993 Deum
2477 2930 2596 2991 dici
2625 2929 2698 2991 ab
2728 2938 2970 3006 auctore
3022 2932 3280 3011 πανάγιον
3314 2950 3329 2994 :
3393 2952 3575 3015 quam

1934 3034 2137 3080 vocem
2170 3018 2327 3099 apud
2350 3018 2634 3081 Basilium
2666 3025 2769 3097 qui
2793 3020 3115 3101 quaesierit,
3145 3020 3342 3084 oleum
3369 3024 3582 3103 perdet

1934 3116 1992 3168 et
2020 3108 2414 3189 operam.Sed
2449 3113 2727 3190 quoniam
2758 3110 2885 3171 haec
2914 3110 3162 3172 fortasse
3198 3110 3420 3173 leviora
3442 3116 3576 3195 qui-

188 3204 358 3263 vocis
378 3204 761 3268 (ιε’ίκὸςιιιιιιιη
779 3203 1597 3283 vestigiumiuvenisse.Rogo
1608 3202 1734 3281 jam
1750 3221 1907 3288 op-c
1933 3195 2181 3259 busdam
2214 3197 2595 3277 videbuntur,
2629 3216 2699 3261 ea
2728 3207 2788 3262 et
2816 3200 2931 3263 alia
2960 3199 3023 3262 id
3052 3217 3241 3280 genus
3280 3203 3577 3281 permulta

188 3293 377 3354 timos
398 3311 670 3374 quosque
686 3295 839 3356 viros
858 3294 1222 3374 eosdemque
1237 3292 1295 3353 in
1311 3292 1585 3371 legendis
1596 3293 1848 3355 auctori-
1900 3287 1903 3288 ⁷
1931 3287 2290 3350 omittamus.

188 3382 307 3443 bus
326 3384 941 3463 versatissimos,uum
967 3383 1028 3444 in
1053 3401 1219 3444 more
1246 3392 1553 3443 auctorum
1588 3381 1843 3462 positum

187 3472 742 3551 sit,utquibusdam
766 3472 1005 3537 vocibus
1035 3472 1097 3533 in
1128 3492 1247 3534 uno
1260 3481 1359 3533 aut
1380 3471 1566 3533 altero
1584 3491 1845 3553 opuscu-

190 3563 254 3623 lo
278 3562 613 3643 sapissime
646 3562 1161 3638 utantur,easdem
1192 3580 1327 3623 vero
1350 3562 1411 3622 in
1442 3561 1691 3641 reliquis
1721 3562 1844 3623 suis

191 3652 364 3712 libris
397 3671 703 3732 nunquam
754 3652 1096 3731 adhibeant,
1132 3652 1385 3714 maxime
1410 3650 1461 3712 si
1494 3650 1588 3712 his
1636 3651 1843 3713 utendi

192 3743 422 3819 passim
454 3741 633 3802 detur
657 3744 910 3805 occasio.
944 3742 1100 3804 Fieri
1123 3741 1364 3823 quidem
1399 3750 1594 3820 potest
1623 3748 1687 3803 ut
1726 3740 1840 3803 fal-

192 3830 275 3889 lar
309 3829 741 3892 :sedarbitror
756 3832 846 3893 rei
872 3840 987 3893 tam
1024 3850 1188 3892 nova;
1220 3830 1471 3910 proferri
1501 3829 1838 3911 exemplum

195 3919 423 3980 nullum
460 3920 856 3999 posse,idque
886 3924 1084 3987 νοθείας
1111 3939 1242 3983 esse
1264 3929 1673 4000 argumentum
1707 3940 1839 3983 cer-

192 4009 517 4070 tissimum.
548 4010 695 4072 Cum
727 4011 908 4089 igitur
939 4012 1030 4073 has
1061 4011 1195 4073 duae
1243 4029 1437 4086 voces,
1463 4011 1606 4075 θέσις
1637 4019 1695 4071 et
1722 4016 1843 4068 θεῖ-

191 4099 655 4177 κάς,εωρὶεείωο
674 4109 986 4162 occurrant
1006 4101 1067 4161 in
1094 4100 1321 4162 ultimis
1342 4098 1577 4161 duobus
1599 4100 1667 4163 in
1701 4099 1840 4162 Eu-

187 4191 459 4249 mium
491 4188 687 4271 libris,
722 4210 829 4253 nec
863 4199 1058 4252 tamen
1082 4192 1354 4270 legantur
1377 4192 1437 4251 in
1470 4189 1658 4251 tribus
1685 4189 1842 4270 prio-

184 4277 591 4360 ribus,neque
620 4281 677 4341 in
703 4283 834 4344 aliis
857 4283 1060 4345 Basilii
1083 4284 1319 4362 scriptis
1352 4302 1469 4345 non
1491 4290 1837 4343 controver-

2015 3379 2302 3442 70.Paulo
2330 3378 2566 3456 gravius
2595 3380 2755 3461 quod
2786 3382 3168 3463 sequitur,ita
3196 3382 3367 3445 citari
3398 3383 3579 3446 verba

1928 3468 2250 3549 Scripturae
2265 3469 2327 3530 in
2346 3469 2572 3532 ultimis
2592 3469 2825 3533 duobus
2846 3473 2910 3534 in
2923 3471 3297 3535 Eunomium
3311 3470 3580 3548 libris,ut

1929 3578 2133 3622 eorum
2164 3568 2367 3622 auctor
2387 3580 2421 3624 a
2443 3560 2737 3625 Basiliano
2772 3580 2939 3624 more
2970 3570 3124 3624 totus
3155 3563 3572 3627 discedatJies

1927 3651 2217 3732 exemplis
2238 3649 2449 3712 evadet
2477 3651 2716 3715 clarior.
2748 3650 2847 3713 Sic
2896 3652 3074 3731 igitur
3104 3652 3367 3734 loquitur
3416 3654 3573 3716 scri-

1928 3748 2063 3820 plOt'
2096 3742 2180 3822 (p'
2219 3741 2358 3820 3i7)
2399 3762 2413 3803 :
2478 3742 2604 3801 Οὐδὲ
2658 3744 2756 3820 γὰρ
2804 3746 3190 3818 προσκυνήσεις
3237 3751 3352 3817 Θεῷ
3398 3742 3579 3799 ἀλλο-ο

1924 3833 2073 3908 τρίῳ,
2098 3832 2419 3911 γέγραπται,
2446 3832 2521 3893 ad
2542 3832 2816 3906 verbum,
2856 3854 2880 3890 α
2921 3836 3130 3914 Neque
3160 3832 3321 3895 enim
3346 3832 3570 3894 adora-

1928 3920 2019 3983 bis
2052 3923 2236 3983 Deum
2278 3920 2564 3995 alienum,
2600 3922 2887 4002 scriptum
2936 3932 3047 3987 est.
3087 3950 3114 3981 »
3152 3923 3413 3985 Basilius
3436 3940 3570 3982 cum

1927 4009 2291 4090 Scripturam
2321 4011 2483 4092 citat,
2519 4011 2711 4091 primo
2742 4013 2873 4074 loco
2898 4015 3065 4093 ponit
3095 4014 3253 4095 quod
3283 4012 3381 4073 hic
3412 4012 3572 4072 vide.

1927 4118 2059 4162 mus
2082 4100 2309 4161 ultimo.
2336 4099 2457 4162 Nec
2479 4101 2621 4162 mihi
2639 4100 2885 4164 dubium
2908 4112 3016 4177 est,
3048 4104 3096 4165 si
3118 4104 3329 4165 horum
3361 4108 3571 4163 auctor

1927 4198 2105 4265 esset,
2131 4193 2272 4271 quin
2304 4190 2647 4272 scripsisset
2674 4190 2788 4254 hoc
2818 4192 2944 4254 fere
2988 4192 3167 4254 modo
3206 4214 3220 4255 :
3272 4192 3569 4267 Γέγραπται

1922 4282 2021 4358 γάρ
2056 4297 2069 4310 ⁸
2106 4280 2233 4340 Οὐδὲ
2267 4283 2651 4360 προσκυνήσεις
2711 4290 2829 4355 Θεῷ
2858 4282 3145 4359 ἀλλοτρίῳ.
3206 4305 3231 4339 α
3267 4278 3567 4358 Scriptum

184 4368 359 4442 sis,in
393 4370 619 4449 quibus
651 4380 845 4433 tamen
868 4373 965 4435 his
982 4372 1187 4434 utendi
1207 4373 1490 4453 frequens
1518 4371 1629 4433 fuit
1657 4387 1838 4433 occa-
1922 4378 2009 4431 est
2028 4371 2209 4432 enim:
2237 4373 2445 4449 Neque
2464 4368 2740 4433 adorabis
2762 4372 2950 4434 Deum
2981 4371 3242 4434 alienum
3272 4368 3347 4433 6³.
3384 4394 3412 4425 ι
3446 4371 3569 4431 Nec

182 4457 293 4523 sio;
316 4459 457 4525 hinc
486 4460 649 4521 efﬁci
673 4461 925 4541 videtur,
957 4462 1106 4524 duos
1126 4464 1232 4524 hos
1264 4462 1447 4525 libros
1478 4460 1837 4542 posteriores
1919 4462 2115 4540 aptius
2144 4469 2347 4523 auctor
2377 4462 2574 4524 citavit
2604 4462 3000 4541 Scripturam,
3034 4480 3167 4524 cum
3228 4464 3305 4523 ita
3338 4461 3569 4522 locutus

183 4544 618 4647 Basilio-tribui
653 4569 768 4610 non
802 4551 1051 4647 debere.
1326 4639 1361 4647 __
1540 4641 1551 4647 _

1938 4559 2009 4611 ist
2038 4562 2123 4631 (p.
2159 4550 2299 4631 306)
2330 4568 2343 4610 2
2380 4552 2491 4609 ’Ἓν
2517 4551 2571 4608 δὲ
2597 4554 2686 4609 καὶ
2715 4554 2775 4609 τὸ
2807 4557 3019 4627 Πνεῦμα
3066 4554 3127 4608 τὸ
3175 4552 3357 4630 ἅγιον,
3420 4550 3563 4618 ἀλη-

262 4638 365 4699 69.
406 4636 695 4716 Ejusdem
746 4642 990 4718 generis
1033 4650 1170 4702 sunt
1200 4648 1258 4702 et
1288 4639 1404 4701 alia
1436 4641 1644 4718 multa,
1678 4658 1831 4719 qua),

1938 4647 2019 4706 ’ὡς
2078 4642 2227 4719 ἅγιον
2283 4649 2516 4721 Πνεῦμα,
2569 4642 2705 4699 κατὰ
2750 4644 2813 4698 τὸ
2860 4644 3254 4720 γεγραμμένον,
3304 4644 3362 4697 τὸ
3421 4643 3555 4715 μετὰ

184 4727 337 4805 quod
373 4738 433 4787 et
465 4728 598 4807 ipsa
627 4730 897 4791 nonnihil
930 4732 1000 4792 ad
1030 4750 1155 4792 rem
1198 4730 1438 4803 faciant,
1471 4749 1587 4791 non
1616 4729 1839 4809 pigebit

1938 4734 2121 4809 Ἰατρὸς
2154 4734 2239 4787 καὶ
2272 4734 2392 4789 Υἱοῠ
2440 4730 2904 4806 συνδοξαζόμενον,
2969 4753 2996 4786 u
3046 4732 3121 4794 Ει
3162 4748 3315 4793 unus
3368 4728 3565 4809 Spiri-

183 4817 735 4879 aduotare.Ducam
760 4820 991 4880 initium
1015 4819 1089 4883 ab
1114 4820 1207 4881 his
1240 4817 1434 4880 verbis
1461 4817 1688 4900 (p.298)
1730 4840 1742 4881 :
1782 4822 1837 4877 Et
1920 4829 2013 4881 tus
2044 4831 2308 4899 sanctus,
2354 4836 2492 4881 vere
2526 4819 2784 4900 Spiritus
2836 4830 3106 4896 sanctus,
3140 4819 3469 4883 secundum
3501 4819 3563 4881 id

183 4908 353 4961 τος-ην
405 4910 467 4963 τὸ
518 4908 880 4986 ὑπερκὸσμιον
936 4916 1091 4984 σῶμα
1155 4919 1376 4986 Χριστοῦ
1426 4910 1485 4965 ἐκ
1531 4908 1834 4983 Πνεύματός

1938 4910 2077 4989 μιοιὶ
2098 4908 2384 4989 scriptum
2399 4909 2630 4988 .est,qui
2649 4928 2784 4973 cum
2809 4912 2983 4973 Patre
2998 4924 3057 4972 et
3079 4910 3228 4973 Filio
3248 4908 3560 4987 conglori-

187 4992 321 5049 ἑστιν
374 4998 553 5073 ἁγίου.
624 5020 652 5049 α
688 4995 751 5058 Si
800 4997 978 5075 igitur
1035 5000 1582 5079 supermundanum
1617 4997 1836 5061 Christi
1918 5000 2185 5060 licetur.»
2214 4999 2402 5061 Velim
2424 4998 3562 5081 discereabaliquo,ubiScripturarum

185 5100 399 5162 corpus
414 5102 489 5145 ex
511 5084 739 5163 Spiritu
759 5096 959 5148 sancto
979 5096 1081 5149 est
1128 5108 1157 5147 ›
1186 5089 1499 5168 Nunquam
1556 5087 1671 5150 nisi
1706 5086 1832 5148 val-
1917 5085 1997 5148 ita
2015 5093 2305 5167 scriptum
2327 5089 2423 5162 sit.
2462 5089 2611 5162 «Qui
2632 5106 2767 5152 cum
2799 5092 2972 5155 Patre
3004 5099 3064 5152 et
3094 5087 3319 5169 Spiritu
3353 5099 3562 5151 sancto

188 5172 261 5229 de
292 5171 486 5244 fallor,
512 5174 599 5235 sic
622 5192 841 5256 corpus
872 5174 1084 5239 Christi
1112 5178 1371 5259 appellat
1398 5177 1671 5240 Basilius.
1712 5175 1834 5238 Nec
1917 5176 2422 5255 conglorilicatur.
2464 5202 2487 5237 ιι
2541 5177 2729 5241 Erunt
2772 5179 3020 5241 fortasse
3072 5178 3173 5260 qui
3203 5177 3407 5240 dicant
3435 5178 3563 5241 haec

186 5275 359 5321 secus
373 5263 777 5341 judicandum
804 5266 880 5328 de
908 5266 1010 5328 illo
1038 5271 1126 5347 (p.
1156 5266 1300 5343 299)
1328 5290 1343 5328 :
1378 5266 1596 5335 Ἐπειδὴ
1702 5271 1829 5332 Θεὸς

188 5354 319 5405 6w}
352 5366 478 5415 ut;
515 5352 747 5435 Ἰησοῦς,
783 5364 897 5419 etc.
936 5361 1119 5419 cCum
1148 5366 1345 5418 autem
1370 5356 1526 5419 Deus
1553 5355 1658 5418 Dei
1687 5374 1833 5436 puer

189 5436 375 5511 lesus,
423 5464 445 5496 ο
483 5454 601 5505 etc.
631 5443 879 5507 Basilius
906 5448 1204 5509 sexcentis
1224 5446 1372 5508 locis
1386 5446 1686 5508 Christum
1720 5445 1832 5508 Do-

194 5525 409 5589 minum
458 5541 628 5593 vacat
652 5531 759 5595 Dei
796 5557 824 5590 ι
861 5534 1073 5597 Filium
1109 5551 1123 5597 :
1162 5560 1188 5590 ι
1222 5536 1327 5597 sed
1368 5553 1656 5616 nusquam
1691 5554 1829 5598 eum

190 5616 439 5697 appellat
460 5621 571 5684 Dei
596 5640 915 5705 «puerum,
949 5648 973 5683 ιν
1020 5632 1151 5682 Θεοῦ
1179 5624 1367 5685 παῖδα.
1403 5623 1614 5690 Dicant
1649 5625 1831 5704 igitur

264 5775 334 5825 ⁸³
356 5780 567 5848 Matth.
601 5802 683 5864 ιν,
716 5787 779 5852 9.
816 5804 837 5865 ;
867 5786 1047 5851 Deut.
1078 5802 1160 5863 vn,
1189 5785 1292 5849 13.

1915 5266 2099 5327 verba
2149 5285 2266 5327 non
2327 5270 2384 5328 in
2436 5266 2760 5348 Scripturis
2814 5268 3054 5349 quidem
3124 5268 3398 5350 reperiri,
3454 5269 3560 5331 sed

1914 5353 1974 5416 in
2006 5356 2258 5417 concilio
2291 5357 2945 5438 Constantinopolitano
2978 5359 3211 5441 primo;
3269 5357 3344 5421 ob
3375 5357 3559 5438 idque

1913 5444 2042 5525 ipsa
2066 5445 2143 5507 ob
2170 5446 2577 5509 auctoritatem
2630 5449 2870 5511 concilii
2913 5449 3079 5511 citari
3118 5454 3403 5529 potuisse.
3438 5449 3559 5511 Sed

1914 5533 1967 5596 si
1988 5534 2065 5596 ita
2100 5542 2212 5612 est,
2240 5534 2536 5599 fateantur
2555 5537 2645 5600 vel
2669 5537 2841 5600 inviti
2862 5538 3169 5619 Basilium,
3193 5543 3293 5619 qui
3326 5544 3463 5600 ante
3497 5539 3557 5600 id

1912 5632 2147 5706 tempus
2180 5632 2446 5690 mortuus
2469 5628 2787 5705 sit,horum
2810 5627 3093 5694 librorum
3115 5637 3417 5694 auctorem
3438 5647 3557 5690 non
