4100 6202
554 386 825 438 οαχχχιν

1968 372 2557 438 PROLEGOMENA.

559 525 715 571 esse.
750 508 871 589 Ego
898 509 1162 590 quidem,
1190 518 1250 571 ut
1279 509 1515 572 sincere
1546 510 1897 589 loquar,non
1930 510 2247 572 arbitrorA
2271 506 2496 570 citandi
2542 509 2775 572 ratione
2801 509 3026 590 aliquid
3073 527 3106 571 a
3146 510 3442 573 Basiliaua
3481 513 3899 576 consuetudine

555 600 1274 681 scriptorem,quicunque
1306 599 1408 662 ille
1436 599 1647 681 fuit,ad
1675 601 1995 663 concilium
2028 600 2187 663 Con-

554 690 1142 771 stantinopolitanum
1177 690 1431 771 primum
1467 690 1825 771 respexisse,
1862 692 1961 753 sed
1989 690 2061 751 ad
2089 688 2189 751 illa

552 778 850 861 Davidica,
886 776 1071 841 Verbo
1098 778 1492 841 Dominicali
1511 780 1751 859 ﬁrmati
1778 788 1947 853 sunt,
1982 786 2036 840 et
2059 779 2185 858 spt-

552 870 679 931 rftu
700 876 829 932 oris
857 870 993 948 ejus
1021 871 1215 932 omnis
1242 872 1436 933 virtus
1450 887 1656 932 eorum
1674 869 1922 933 64.Satis
1944 868 2101 929 enim
2125 885 2189 928 se

552 956 681 1039 ipse
733 959 1010 1039 explicat,
1079 978 1213 1021 cum
1291 959 1601 1041 aliquanto
1674 966 1804 1039 post
1849 958 1927 1020 ita
1986 956 2189 1020 scribit

556 1047 640 1125 (p.
702 1048 845 1124 307)
895 1069 908 1109 :
969 1050 1117 1108 Ἐπεὶ
1159 1053 1245 1107 καὶ
1305 1054 1332 1107 6
1395 1049 1553 1108 Δαϐὶδ
1610 1050 1776 1129 Λόγον
1833 1052 1920 1106 καὶ
1978 1054 2189 1123 Πνεῦμα

554 1136 805 1214 δοξάζων,
870 1147 944 1213 τῷ
1030 1141 1186 1218 Λόγῳ
1247 1142 1430 1218 Κυρίου
1487 1141 1606 1204 τοὺς
1670 1140 1913 1217 οὐρανοὺς
1972 1137 2189 1215 εἴρηκεν

553 1226 919 1307 έστερεῶσθαι,
980 1232 1062 1287 καὶ
1100 1236 1177 1304 τῷ
1249 1232 1518 1305 Πνεύματι
1574 1236 1668 1286 τοῦ
1714 1229 1978 1304 στόματο·
2030 1229 2186 1284 αὖτοῦ

554 1322 726 1373 πᾶσαν
752 1320 847 1387 τὴν
878 1318 1093 1395 δύναμιν
1125 1322 1320 1383 αὒτῶν.
1362 1342 1383 1376 tl
1417 1321 1565 1382 Nam
1593 1326 1651 1380 et
1706 1317 1885 1380 David
1920 1315 2183 1377 Verbum

553 1412 611 1466 et
638 1406 919 1487 Spiritum
953 1409 1127 1471 simul
1181 1408 1545 1489 gloriﬁcans,
1600 1408 1745 1469 dixit
1774 1407 1957 1469 caelos
1987 1404 2183 1467 Verbo

551 1497 789 1559 Domini
825 1499 1090 1560 firmatos
1112 1517 1340 1573 esse,ac
1364 1498 1583 1580 Spiritu
1606 1497 1727 1560 oris
1750 1500 1876 1575 ejus
1907 1496 2183 1557 virtutem

550 1603 755 1647 eorum
790 1606 1090 1649 omnem.»
1131 1588 1247 1650 Sed
1280 1588 1635 1669 notandum,
1658 1594 1983 1652 auctorem.
2019 1584 2184 1665 quis-

550 1676 686 1751 quis
716 1685 953 1753 est,non
988 1679 1224 1758 propria
1254 1677 1497 1742 Davidis
1528 1676 1706 1740 verba
1731 1673 2183 1756 protulisse,sed

549 1763 691 1827 illud
720 1785 889 1828 suum
927 1767 1242 1849 glossema,
1283 1792 1309 1822 α
1344 1768 1457 1840 Qui
1479 1786 1612 1829 cum
1646 1768 1821 1829 Patre
1851 1772 1907 1825 et
1929 1763 2076 1843 Filio
2110 1763 2187 1823 si-

2270 596 2699 660 alienissimum
2734 600 3088 680 proferatur.
3122 598 3250 672 Qua
3281 599 3357 663 de
3386 618 3453 663 re
3484 611 3549 662 ut
3576 601 3901 667 existimare

2273 687 2491 764 cuique
2520 687 2717 771 liceat,
2744 689 3039 752 ascribam
3060 690 3319 751 auctoris
3363 690 3564 764 verba,
3618 710 3753 772 quas
3791 694 3901 755 haec

2272 785 2410 838 sunt
2444 797 2458 838 :
2498 779 2556 836 Τί
2582 777 2636 834 δὲ
2668 782 2695 836 6
2740 778 3032 860 Ζοροϐάϐελ
3062 782 3148 837 καὶ
3184 782 3218 849 ἡ
3250 788 3344 837 τοῦ
3374 778 3668 860 Ζοροϐάϐελ
3712 785 3896 862 σοφίας

2272 868 2371 945 ἆρά
2400 891 2483 925 σοι
2515 871 2739 948 μετρίως
2791 872 2879 927 καὶ
2935 871 2995 927 οὒ
3038 875 3221 951 σαφῶς
3268 872 3583 949 παριστάναι
3614 869 3765 928 δοκεῖ
3816 874 3899 941 τὴν

2271 957 2556 1015 ὑπόστασιν
2615 960 2699 1016 καὶ
2747 960 2893 1032 ζωὴν
2945 965 3043 1027 τῆς
3094 958 3368 1036 ἀληθείας,
3414 960 3503 1017 ὅτε
3531 962 3711 1041 φησί’
3766 967 3902 1019 Πᾶσα

2271 1048 2305 1115 ἡ
2327 1046 2421 1127 γῆ,
2457 1054 2573 1108 etc.
2613 1068 2637 1104 α
2686 1048 2838 1121 Quid
2873 1065 3017 1111 vero
3066 1048 3397 1112 Zorobabel
3430 1057 3488 1111 et
3534 1048 3903 1112 Zorobabelis

2272 1136 2596 1217 sapientia?
2610 1157 2752 1199 num
2775 1138 3144 1201 subobscure
3158 1146 3350 1199 etnon
3363 1139 3522 1201 clare
3546 1139 3655 1201 tibi
3682 1139 3903 1203 videtur

2272 1226 2636 1306 hypostasim
2659 1246 2727 1289 ac
2748 1228 2924 1289 vitam
2956 1228 3222 1291 veritatis
3246 1228 3681 1305 indicare,cum
3719 1229 3897 1291 dicit:

2272 1315 2480 1378 Omnis
2510 1324 2726 1392 terra,»
2764 1320 2978 1382 etc.De
3000 1318 3227 1401 reliqua
3259 1319 3559 1381 Basiliana
3597 1337 3729 1380 esse
3756 1340 3770 1382 :
3803 1318 3898 1380 sed

2272 1405 2433 1467 illum
2467 1407 2688 1469 citandi
2730 1408 2996 1483 modum,
3052 1412 3111 1467 Τί
3158 1409 3213 1465 δὲ
3245 1411 3273 1466 ὁ
3303 1409 3596 1486 Ζοροϐάϐελ
3628 1411 3713 1466 καὶ
3743 1411 3773 1477 ἡ
3816 1416 3900 1465 τοῦ

2271 1496 2563 1575 Ζοροϐάϐελ
2594 1500 2749 1575 σοφία
2780 1520 2797 1571 ;
2825 1520 2853 1556 α
2875 1496 3026 1570 Quid
3046 1516 3183 1560 vero
3204 1497 3534 1560 Zorobabel
3566 1506 3626 1560 et
3647 1495 3896 1559 Zoroba-

2271 1585 2422 1647 belis
2436 1586 2757 1667 sapientia?
2780 1613 2805 1643 ιι
2830 1588 2906 1649 ad
2937 1587 3171 1650 Patrem
3206 1587 3617 1666 gravissimum
3644 1585 3897 1666 pertine-

2267 1677 3470 1755 re,nemo,opinor,dixerit.Noruutenim
3492 1676 3594 1757 qui
3625 1674 3893 1737 Basiliam

2271 1766 2357 1825 vel
2392 1765 2753 1846 primoribus
2782 1766 2965 1831 labris
3007 1767 3351 1847 attigerunt,
3407 1784 3542 1827 eum
3578 1762 3897 1845 simplicius

548 1859 667 1920 mul
704 1860 1204 1938 congloriﬁcatur.
1238 1885 1260 1914 »
1297 1862 1422 1920 Jam
1456 1877 1595 1921 vero
1622 1875 1733 1920 nec
1763 1856 2036 1936 Basilius,
2076 1874 2185 1917 nec
2212 1886 2246 1934 Β
2271 1854 2431 1936 loqui
2462 1857 2725 1933 solitum,
2758 1857 2872 1919 hoc
2918 1857 3044 1919 fere
3106 1857 3304 1931 modo,
3341 1859 3368 1913 ὸ
3400 1856 3661 1931 Σαλομών
3693 1876 3839 1934 φησι,
3869 1855 3895 1908 ὁ

548 1948 698 2010 alius
711 1948 866 2010 ullus
881 1950 1132 2030 scriptor
1146 1948 1815 2030 diligens,suaipsorum
1834 1946 2186 2025 glossemata

548 2056 653 2118 pro
672 2037 815 2118 ipsis
831 2039 1151 2119 Scriptum
1168 2038 1363 2100 verbis
1381 2056 1637 2119 unquam
1664 2036 1964 2118 protulere
1981 2035 2051 2096 ad
2080 2034 2180 2096 aii-

548 2127 708 2205 quod
740 2128 953 2207 dogma
977 2127 1513 2209 comprobandum.
1538 2126 1744 2208 Neque
1770 2142 1911 2186 vero
1933 2125 2004 2186 ad
2036 2143 2184 2185 con-

544 2216 819 2278 futandos
840 2216 1151 2279 haereticos
1181 2225 1317 2297 apta
1337 2224 1427 2278 est
1446 2218 1571 2279 hanc
1588 2214 1805 2277 citandi
1838 2214 2182 2277 ratio.Alio-

547 2307 645 2387 qui
678 2305 837 2367 enim
864 2306 1007 2367 illud
1029 2306 1102 2369 ab
1126 2306 1271 2388 ipsis
1288 2306 1635 2388 responderi
1661 2313 1860 2386 posset
1882 2305 2039 2385 quod
2056 2305 2179 2383 jam

542 2414 576 2457 a
603 2394 807 2457 multis
837 2395 895 2455 in
930 2395 1169 2458 modum
1204 2396 1500 2476 proverbii
1527 2395 1639 2457 dici
1665 2393 1864 2467 video,
1889 2393 2182 2472 glossema

544 2486 715 2566 pejus
747 2501 877 2546 esse
933 2494 1230 2548 contextu.
1284 2484 1353 2547 Et
1401 2484 1683 2565 quoniam
1734 2502 1832 2545 res
1868 2492 1955 2544 est
1989 2485 2179 2561 magni

544 2574 859 2647 momenti,
893 2575 1087 2637 simile
1117 2574 1455 2656 exemplum
1500 2592 1707 2635 rursus
1737 2573 2051 2635 adducam.
2083 2573 2178 2634 Sic

542 2672 739 2725 autem
766 2663 1025 2744 scriptor
1047 2664 1310 2745 loquitur
1338 2677 1419 2744 (p.
1457 2662 1594 2735 303)
1623 2684 1639 2724 :
1681 2666 1827 2721 Κατὰ
1852 2665 1912 2719 τὸ
1934 2685 2177 2741 γεγραμ-

541 2754 697 2829 μένον
734 2768 746 2782 ⁶
785 2754 904 2821 Ζωὴ
936 2756 997 2811 τὸ
1052 2762 1285 2831 Πνετμα,
1346 2757 1406 2811 τὸ
1464 2759 1569 2811 τῶν
1602 2756 1853 2832 οὒρανίων
1910 2752 2177 2825 δυνάμεων

541 2842 978 2922 ἀποτελεστικὸν,
1012 2841 1387 2905 «Secundum
1417 2841 1574 2923 quod
1605 2841 1892 2921 scriptum
1927 2839 2179 2921 est,Vita

539 2940 628 2993 est
659 2930 934 3012 Spiritus,
985 2932 1084 3013 qui
1141 2938 1467 3012 potestates
1527 2931 1798 2993 caelestes
1857 2930 2107 3009 perficit.
2146 2956 2171 2985 ι

539 3020 707 3102 Quis,
742 3039 970 3102 quaeso,
1001 3022 1048 3083 si
1079 3021 1318 3101 paulum
1352 3020 1528 3081 modo
1558 3020 1616 3080 in
1652 3019 1922 3099 legendis
1950 3026 2179 3081 sancto-

534 3129 665 3173 rum
687 3113 922 3173 Patrum
947 3110 1183 3190 scriptis
1204 3120 1474 3171 versatus
1495 3110 1716 3183 sit,non
1746 3108 1940 3169 statim
1974 3109 2177 3169 credat

535 3200 663 3274 illa,
701 3218 731 3257 α
761 3198 895 3261 Vita
926 3207 1013 3260 est
1043 3199 1319 3280 Spiritus,
1370 3199 1469 3279 qui
1522 3205 1848 3278 potestates
1900 3198 2177 3259 caelestes

536 3288 798 3369 perficit,
844 3313 866 3343 η
902 3288 1122 3351 alicubi
1153 3288 1212 3349 in
1248 3288 1569 3368 Scriptnris
1621 3286 1866 3349 totidem
1900 3287 2096 3349 verbis
2122 3299 2179 3350 et

535 3377 775 3459 syllabis
795 3377 1083 3440 inveniri?
1110 3376 1255 3439 Nam
1309 3385 1371 3438 ut
1399 3385 1755 3438 caeterorum
1808 3376 2178 3458 Patrum,ita

534 3467 739 3531 Basilii
762 3485 890 3529 mos
920 3474 1031 3548 est,
1065 3474 1150 3540 ut,
1199 3485 1333 3528 cum
1366 3474 1618 3528 utuntur
1650 3466 1743 3527 his
1773 3466 2013 3528 dicendi
2054 3467 2178 3528 for~

532 3556 731 3627 mulis,
793 3558 930 3614 κατὰ
987 3560 1049 3615 τὸ
1108 3556 1506 3637 γεγραμμένον,
1566 3558 1639 3621 ὡς
1694 3556 2010 3635 γέγραπται,
2074 3565 2176 3619 aut

529 3644 851 3717 similibus,
886 3652 1025 3707 tunc
1049 3663 1254 3707 eorum
1287 3652 1592 3706 auctorum
1626 3646 1727 3721 qui
1779 3644 1853 3707 ab
1908 3645 2056 3725 ipsis
2087 3646 2178 3708 ci-

527 3740 724 3795 tantur
754 3734 991 3814 propria
1019 3734 1200 3796 verba
1252 3732 1589 3814 proferant.
1624 3734 1823 3795 Aliter
1872 3741 2066 3799 tamen
2112 3755 2177 3799 se

530 3828 711 3902 gessit
734 3822 1109 3904 scriptor,sic
1134 3831 1198 3884 ut
1224 3822 1349 3885 haec
1368 3821 1572 3898 verba,
1601 3822 1774 3885 (Vita
1786 3832 1875 3884 est
1897 3822 2173 3904 Spiritus,

532 3911 633 3992 qui
658 3919 983 3992 potestates
1005 3914 1280 3975 caelestes
1302 3913 1553 3993 perficit,
1569 3938 1591 3969 ιι
1623 3912 1861 3993 propria
1884 3932 2004 3975 non
2032 3915 2172 3996 sint,

529 4002 1224 4083 nequeMatthaaimeque
1238 4003 1650 4082 Marci,neque
1664 4002 1844 4063 ullius
1858 4004 2009 4065 alius
2021 4006 2175 4067 scri-

530 4090 718 4171 ptoris
731 4091 1019 4165 sacri,sed
1038 4091 1344 4173 suaipsius
1356 4091 1538 4153 verba
1558 4091 1770 4165 sint,id
1794 4095 2177 4165 est,nominis

530 4179 897 4260 Scripturam
915 4180 1340 4244 commentario
1352 4199 1456 4242 suo
1470 4184 1934 4262 corrumpentis.
1949 4188 2016 4248 Et
2038 4202 2177 4249 vero

529 4289 664 4332 cum
695 4278 908 4331 auctor
940 4272 1019 4333 ita
1052 4270 1285 4331 locutus
1318 4276 1429 4344 est,
1470 4294 1497 4325 α
1518 4271 1652 4332 Vita
1676 4279 1765 4332 est
1796 4271 2049 4352 Spiritus
2074 4275 2177 4351 qui

526 4366 853 4441 potestates
882 4359 1155 4422 caelestes
1180 4359 1475 4439 perficit,»
1505 4360 1655 4420 nihil
1683 4361 1843 4422 aliud
1869 4381 2045 4442 quam
2077 4364 2177 4426 illa

526 4449 658 4530 ipsa
684 4448 920 4511 Davidis
950 4448 1159 4529 verba,
1218 4470 1241 4505 ι
1274 4449 1471 4512 Verbo
1506 4450 1747 4512 Domini
1781 4452 1915 4514 coeli
1956 4453 2176 4514 ﬁrmati

530 4547 691 4613 sunt,
719 4547 812 4599 etc
846 4587 861 4617 ,
896 4538 1239 4617 signiﬁcare
1295 4538 1505 4600 voluit.
1551 4539 1826 4603 Fortasse
1878 4542 2174 4622 ejusmodi

2273 1946 2475 2009 Παῦλος
2534 1947 2828 2014 ἀπόστολός
2897 1970 3050 2028 φησι,
3121 1960 3412 2027 nusquam
3467 1962 3609 2006 vero
3659 1943 3741 2004 uti
3794 1943 3896 2004 hoc

2268 2035 2565 2113 grandiori
2588 2036 2758 2116 stylo,
2784 2060 2811 2093 ο
2843 2036 3098 2112 Σολομὼν
3122 2039 3210 2094 καὶ
3239 2040 3271 2105 ἡ
3302 2043 3394 2093 τοῦ
3426 2034 3774 2111 Σολομῶντος
3804 2055 3892 2089 σο-

2268 2127 2357 2203 φία
2386 2128 2535 2206 φησι,
2568 2134 2681 2188 etc.
2737 2151 2763 2181 α
2799 2124 3073 2190 Salomon
3124 2132 3183 2187 et
3224 2124 3589 2189 Salomontis
3620 2120 3894 2202 sapientia

2268 2214 2435 2289 dicit,
2478 2240 2501 2275 ν
2533 2223 2652 2279 etc.

2355 2305 2449 2366 7t.
2479 2305 2688 2367 Filium
2717 2324 2836 2367 non
2866 2323 3002 2367 raro
3052 2312 3223 2367 vocat
3250 2329 3274 2360 (ι
3310 2302 3649 2383 genituram
3688 2320 3715 2360 ι
3748 2302 3890 2362 scri-

2269 2403 2425 2475 ptor;
2450 2395 2570 2456 imo
2604 2396 2655 2458 ei
2684 2395 2744 2457 id
2770 2414 2989 2457 nomen
3035 2394 3341 2475 dignitatis
3364 2394 3495 2455 loco
3522 2392 3780 2453 tribuere
3810 2391 3888 2451 vi-

2266 2485 2619 2565 detur.Ejus
2643 2486 2827 2566 rei,ut
2857 2504 2922 2547 se
2950 2484 3117 2548 dabit
3151 2482 3694 2557 occasio,exempla
3713 2480 3891 2558 aliqua

2264 2573 3084 2655 subjiciemus.Exordiemur
3098 2574 3171 2636 ab
3196 2574 3310 2635 hoc
3340 2572 3495 2652 loco,
3526 2570 3635 2632 ubi
3663 2570 3741 2631 ita
3759 2568 3887 2647 legi-

2265 2672 2358 2725 tur
2391 2664 2475 2744 (p.
2508 2664 2649 2743 280)
2686 2682 2699 2727 ζ
2737 2668 2795 2723 Εἰ
2825 2666 3019 2740 κτίσμα
3078 2665 3321 2743 λὲγορτες
3373 2664 3465 2719 τὸν
3498 2663 3642 2733 ι’ἱὸν,
3677 2660 3774 2739 οὐχ
3824 2662 3887 2719 ὡς

2263 2755 2319 2811 ἓν
2345 2756 2449 2811 τῶν
2478 2756 2785 2831 κτισμάτων
2841 2756 3052 2834 λέγουσι
3087 2770 3101 2785 ⁸
3165 2752 3301 2810 διατί
3356 2752 3601 2830 γέννημα
3645 2748 3888 2827 λεγόντων

2264 2846 2442 2925 ἡμῶν,
2474 2847 2548 2910 ὡς
2585 2847 2639 2903 ἓν
2669 2850 2773 2901 τῶν
2805 2848 3154 2924 γεννημάτωθ.
3187 2849 3393 2899 νοοῦσιν
3427 2859 3444 2920 ς
3484 2860 3509 2895 ι
3547 2840 3610 2902 Si
3652 2856 3778 2899 cum
3805 2835 3889 2925 Fil-

2262 2932 2405 2995 lium
2428 2924 2645 2996 dicunt
2673 2942 3032 3013 creaturam,
3060 2951 3179 2993 non
3209 2938 3273 2993 ut
3306 2946 3483 2991 unam
3509 2948 3587 2989 ex
3616 2924 3884 2989 creaturis

2261 3021 2502 3101 dicunt;
2529 3042 2635 3088 cur
2665 3043 2799 3086 cum
2824 3024 3079 3086 dicimus
3113 3040 3222 3083 nos
3266 3020 3630 3099 genituram,
3679 3033 3804 3077 eum
3832 3022 3887 3075 ut

2260 3130 2435 3175 unam
2463 3131 2531 3174 ex
2556 3113 2855 3192 genituris
2884 3110 3254 3191 intelligunt?
3286 3130 3315 3169 ›
3352 3107 3422 3169 Et
3445 3107 3753 3188 aliquanto
3773 3112 3887 3185 post

2265 3204 2351 3283 (ιι.
2396 3203 2587 3283 983):
2650 3207 2708 3261 Εἰ
2751 3204 2948 3279 κτίσμα
3000 3204 3086 3260 καὶ
3144 3204 3205 3259 οὐ
3240 3199 3484 3277 γέννημα
3547 3202 3577 3255 6
3634 3198 3767 3269 Υἱὸς,
3816 3192 3891 3248 καὶ

2262 3294 2433 3350 πάντα
2464 3292 2520 3349 δὲ
2549 3295 2613 3350 τὰ
2657 3293 2782 3351 ὄντα
2838 3295 3127 3371 κτίσματα,
3188 3291 3363 3365 μάτην
3397 3288 3690 3365 ἆγέννητος
3719 3288 3745 3341 6
3798 3289 3889 3337 III

2260 3385 2359 3461 τηρ
2393 3382 2631 3461 λέγεται,
2691 3385 2785 3440 οὒκ
2844 3382 2994 3446 ὄντος
3062 3380 3202 3443 ὅλως
3282 3379 3643 3456 γεννήματος,
3702 3374 3819 3453 πρὸς
3867 3371 3890 3425 δ

2262 3472 2505 3530 καλεῖται
2542 3473 2855 3552 ἀγέννητος.
2910 3495 2932 3527 ι
2972 3469 3035 3533 Si
3078 3468 3270 3532 Filius
3299 3474 3575 3528 creatura
3627 3473 3736 3544 est,
3784 3478 3889 3552 non

2262 3561 2554 3640 genitura,
2592 3549 2659 3623 et
2688 3567 2903 3623 cuncta
2926 3576 3057 3641 qua:
3086 3562 3249 3637 sunt,
3281 3562 3573 3618 creaturae
3604 3560 3757 3649 sunt,
3788 3549 3890 3649 fru-

2262 3661 2385 3713 stra
2414 3652 2590 3714 Pater
2619 3651 2925 3731 ingenitus
2955 3648 3201 3722 dicitur,
3254 3663 3388 3710 cum
3423 3662 3543 3705 non
3567 3644 3646 3706 sit
3674 3644 3894 3704 omnino

2261 3743 2556 3819 genitura,
2591 3742 2763 3818 cujus
2793 3748 3073 3819 respectu
3123 3733 3461 3815 appelletur
3516 3731 3838 3810 ingenitus.
3867 3749 3889 3782 ι

2260 3830 2428 3893 Haud
2450 3831 2628 3909 longe
2659 3829 2740 3891 ita
2770 3828 2990 3908 legitur
3020 3827 3105 3908 (p.
3146 3824 3325 3902 284):
3364 3827 3419 3883 Ei
3450 3824 3603 3902 φύσει
3632 3821 3893 3900 ἀγέννητος

2261 3924 2288 3978 6
2337 3922 2543 3999 Πατὴρ,
2616 3920 2765 4001 φύσει
2826 3920 3079 3997 γὲννητὸς
3144 3919 3231 3972 καὶ
3279 3918 3306 3971 6
3368 3914 3510 3976 Υἱόςο
3547 3915 3593 3969 εἰ
3655 3911 3709 3967 δὲ
3762 3909 3894 3987 φύσει

2260 4011 2524 4089 γέννημα,
2584 4008 2757 4069 οὐκέτι
2802 4009 3023 4083 κτίσμα.
3078 4004 3280 4068 ’Ὀντος
3340 4006 3428 4059 οὖν
3471 4008 3563 4058 τοῦ
3608 4001 3752 4081 φύσει
3782 4019 3897 4076 γεν-

2261 4086 2522 4179 νήματος,
2570 4098 2777 4177 ἆνάγκη
2831 4098 2919 4155 καὶ
2958 4098 3048 4152 τὸν
3092 4094 3420 4172 γεννήσαντα
3449 4092 3617 4151 εἶναι.
3657 4113 3679 4145 ι
3710 4086 3771 4152 Si
3799 4103 3897 4146 na-

2262 4196 2390 4251 tura
2412 4190 2713 4269 tngenitus
2743 4194 2833 4249 est
2860 4186 3054 4264 Pater,
3080 4181 3270 4246 Filius
3312 4198 3555 4261 quoque
3586 4187 3789 4240 natura
3815 4179 3899 4237 est

2260 4279 2493 4354 genitus
2524 4300 2537 4336 :
2575 4278 2681 4339 sed
2729 4277 2780 4338 si
2840 4276 3117 4356 genitura
3149 4276 3241 4334 est
3269 4277 3503 4342 natura,
3538 4281 3897 4349 nequaquam

2262 4375 2350 4428 est
2381 4373 2680 4429 creatura.
2716 4366 2863 4428 Cum
2897 4364 3080 4443 igitur
3112 4360 3385 4439 genitura
3434 4358 3510 4419 sit
3540 4366 3769 4429 natura,
3798 4370 3896 4413 ne-

2261 4474 2429 4519 cesse
2473 4464 2562 4518 est
2593 4463 2651 4518 et
2678 4455 3008 4535 genitorem
3043 4470 3235 4513 esse»
3272 4448 3595 4528 Aliquanto
3646 4452 3775 4527 post
3796 4461 3897 4535 eo-

2259 4546 2393 4608 dem
2428 4545 2604 4607 modo
2638 4533 2896 4624 scriptor
2930 4541 3189 4623 loquitur
3218 4547 3302 4618 (p.
3357 4538 3499 4617 286)
3535 4557 3547 4595 :
3599 4535 3752 4594 ossa
3779 4623 3782 4624 ν
3809 4533 3897 4604 ἄρα

529 4627 772 4689 licentia
822 4635 1128 4707 utcunque
1183 4627 1489 4690 toleranda
1547 4637 1660 4709 est,
1694 4648 1828 4691 cum
1862 4638 2173 4694 auctorum

2264 4638 2436 4694 κοινόν
2493 4638 2636 4693 ἐστιν
2696 4622 2835 4691 Υἱοῦ’
2877 4634 2964 4689 καὶ
3012 4622 3240 4709 Πατρὸς,
3300 4626 3415 4687 οὐδὲ
3446 4630 3479 4695 ἡ
3512 4628 3703 4699 κτίσις,
3750 4623 3897 4697 εἴπερ

531 4717 916 4799 profanorum
963 4716 1307 4779 testimonia
1366 4717 1750 4798 proferuntur
1788 4736 1801 4780 :
1847 4720 1949 4781 sed
2003 4721 2062 4781 in
2095 4723 2174 4782 ci-

534 4807 731 4868 tandis
753 4806 1151 4883 scriptoribus
1172 4806 1360 4869 sacris
1379 4824 1512 4869 eam
1537 4807 1671 4887 quis
1700 4807 1878 4870 ferat?
1904 4811 2176 4874 Profecto

531 4896 584 4957 si
597 4895 837 4977 propria
850 4896 1291 4977 Scripturarum
1323 4896 1503 4958 verba
1540 4897 1627 4959 sic
1653 4899 1964 4960 immutare
1988 4904 2172 4964 semel

532 4984 728 5058 liceat,
756 4984 992 5064 quidvis
1025 4985 1545 5066 probare,quidvis
1567 5002 1787 5064 negare
1819 4988 2170 5053 facillimum

532 5074 667 5136 erit.
704 5074 787 5135 Ex
846 5092 963 5154 quo
1016 5083 1399 5155 sequeretur,
1431 5084 1495 5135 ut
1542 5078 1971 5139 controversiis
2001 5088 2176 5162 atque

530 5162 1015 5226 conteutionibus
1036 5182 1149 5226 nec
1173 5165 1308 5225 finis
1333 5174 1532 5243 posset
1553 5165 1925 5246 imponi.nec
1942 5171 2174 5235 modus.

528 5249 763 5315 Addam
786 5255 942 5323 (nam
976 5253 1037 5315 id
1064 5271 1305 5334 quoque
1326 5254 1444 5315 huc
1466 5254 1679 5316 referri
1704 5257 2175 5338 potest),librum

527 5340 767 5402 tertium
791 5338 999 5403 Esdrze
1024 5342 1098 5432 ab
1129 5341 1232 5432 illo
1284 5350 1527 5405 auctore
1564 5342 1654 5404 bis
1685 5347 1850 5407 citari
1882 5349 2119 5432 (p.316)
2158 5369 2171 5414 :

526 5447 704 5511 quem
739 5436 937 5492 tamen
961 5450 995 5493 a
1025 5430 1247 5495 Basilio
1280 5450 1573 5513 nusquam
1600 5433 1902 5497 laudatum
1937 5430 2172 5501 inveni-

526 5537 685 5582 mus.
720 5521 844 5583 Nec
871 5520 1063 5582 solum
1088 5522 1305 5585 citatur
1326 5522 1424 5584 hic
1451 5521 1737 5597 liber,sed
1761 5524 1942 5605 sic,ut
1967 5533 2026 5590 in
2052 5530 2177 5611 ipsa

600 5680 666 5733 64
694 5682 858 5747 Psal.
883 5698 1065 5765 xxxu,
1100 5685 1161 5749 6.

2260 4729 2471 4801 ποίημα
2528 4727 2615 4783 καὶ
2647 4724 2707 4781 οὒ
2751 4723 2992 4802 γέννημα
3043 4723 3071 4777 6
3122 4721 3270 4781 Υἱός.
3306 4718 3364 4775 Εἰ
3394 4718 3635 4795 γέννημα
3678 4717 3705 4770 6
3761 4712 3890 4781 Υἱὸς,

2260 4818 2363 4895 οὐχ
2420 4818 2490 4879 ὡς
2572 4815 2625 4871 ἓν
2714 4819 2820 4871 τῶν
2902 4810 3278 4890 γεννημάτων,
3361 4814 3467 4863 πᾶν
3539 4804 3595 4895 δὲ
3673 4805 3893 4895 γέννημα

2259 4892 2477 4985 κτίσμα,
2539 4904 2598 4960 οὒ
2649 4904 2846 4977 κτίσμα
2903 4904 2931 4958 6
2994 4901 3137 4964 Υἱός.
3202 4895 3329 4957 Οὐδὲ
3380 4897 3479 4985 γὰρ
3536 4894 3775 4985 γέννημα
3823 4892 3887 4950 ὡς

2260 4980 2503 5054 eam
2515 4993 2680 5057 Nihil
2703 5010 2845 5071 ergo
2865 5006 3186 5052 commune
3206 4995 3293 5048 est
3312 4984 3476 5049 Patri
3495 5002 3629 5044 cum
3653 4980 3891 5054 Filio,ne

2260 5084 2476 5146 creatio
2509 5083 2779 5165 quidem,
2807 5080 2857 5142 si
2888 5080 3117 5142 factura
3139 5096 3257 5139 non
3290 5076 3564 5155 genitura
3593 5072 3770 5171 Filius
3788 5074 3885 5169 est.

2261 5173 2323 5237 Si
2344 5173 2529 5236 Filius
2549 5173 2824 5252 genitura
2840 5180 3083 5249 est,non
3107 5175 3389 5246 tauquam
3409 5182 3525 5225 una
3546 5169 3885 5242 egenituris,

2262 5264 2456 5325 omnis
2492 5271 2689 5325 autem
2717 5262 2993 5339 genitura
3024 5266 3300 5320 creatura
3328 5264 3443 5328 est,
3476 5271 3595 5315 non
3635 5259 3886 5339 creatura

2265 5355 2446 5419 Filius
2474 5360 2586 5429 est,
2617 5337 2812 5431 neque
2842 5349 3004 5411 enim
3036 5346 3315 5426 genitura
3349 5351 3440 5407 est
3470 5350 3535 5405 ut
3562 5341 3685 5404 illa.
3718 5365 3742 5395 ι
3768 5337 3885 5431 Dis-

2260 5443 2458 5508 simile
2487 5460 2607 5504 non
2638 5430 2731 5504 est
2776 5438 2934 5521 quod
2995 5436 3274 5517 sequitur
3300 5434 3387 5516 (p.
3421 5433 3558 5506 287)
3588 5454 3601 5491 :
3634 5432 3688 5488 Et
3718 5432 3744 5486 ὁ
3773 5430 3882 5521 ι’ίὸς

2261 5537 2548 5615 ἐνέργημα,
2581 5533 2668 5588 καὶ
2712 5516 3095 5607 οὒ-γέννημα,
3151 5526 3269 5584 οὔτε
3327 5529 3355 5581 6
3415 5524 3721 5601 ἐνεργήσας,
3783 5516 3884 5573 οὔτε
