4100 6202
554 385 826 438 CCXXX"

1969 373 2558 439 PBOLEGOMENA.

560 525 716 571 esse.
751 508 872 589 Ego
898 509 1163 590 quidem,
1190 518 1250 571 ut
1279 509 1516 572 sincere
1547 511 1898 590 loquar,non
1930 510 2247 573 arbitrorA
2271 506 2496 571 citandi
2542 510 2776 573 ratione
2802 510 3027 592 aliquid
3074 529 3106 573 a
3146 512 3441 575 Basiliana
3479 515 3899 579 consuetudine

555 600 1275 681 scriptorem,quicunque
1307 600 1408 663 ille
1437 600 1648 681 fuit,ad
1676 601 1996 663 concilium
2029 600 2188 664 Con-

555 690 1142 771 stantinopolitanum
1178 690 1431 771 primum
1467 690 1825 771 respexisse,
1862 693 1962 754 sed
1990 692 2062 752 ad
2090 689 2189 751 illa

552 778 850 860 Davidica,
888 777 1071 841 Verbo
1097 778 1347 841 Domini
1363 780 1493 842 cali
1512 780 1751 860 ﬁrmati
1779 788 1947 854 sunt,
1982 787 2037 841 et
2059 780 2186 859 spt-

553 870 680 931 ritu
701 875 829 932 oris
858 871 993 949 ejus
1021 872 1215 932 omnis
1243 872 1436 933 virtus
1451 887 1657 933 eorum
1675 870 1923 933 6$.Satis
1944 869 2101 930 enim
2125 886 2189 929 se

552 956 682 1039 ipse
733 959 1011 1039 explicat,
1080 978 1214 1022 cum
1291 960 1601 1041 aliquanto
1674 967 1805 1040 post
1850 959 1928 1021 ita
1986 957 2189 1020 scribit

556 1047 641 1125 (p.
703 1048 846 1124 307)
896 1069 909 1109 :
970 1050 1117 1108 Ἐπεὶ
1159 1053 1245 1107 καὶ
1305 1054 1332 1107 6
1395 1049 1552 1108 Δαϐὶδ
1610 1051 1777 1130 Λόγον
1833 1052 1921 1107 καὶ
1978 1055 2189 1124 Πνεῦμα

554 1136 805 1213 δοξάζων,
870 1148 944 1213 τῷ
1030 1141 1186 1218 Λόγῳ
1247 1142 1431 1218 Κυρίου
1487 1142 1607 1205 τοὺς
1671 1141 1914 1217 οὐρανοὺς
1972 1138 2189 1215 εἴρηκεν

553 1226 919 1307 ἐπερεῶσθαι,
980 1232 1063 1286 καὶ
1100 1236 1177 1304 τῷ
1250 1232 1518 1305 Πνεύματι
1574 1237 1668 1287 τοῦ
1715 1230 1979 1304 στόματο-
2031 1230 2186 1284 αὐτοῦ

553 1323 726 1373 πᾶσαν
752 1319 847 1386 τὴν
878 1318 1093 1394 δύναμιν
1124 1322 1319 1383 αὐτῶν.
1362 1342 1383 1376 I
1418 1321 1565 1382 Nam
1593 1327 1651 1381 et
1706 1317 1886 1381 David
1920 1316 2183 1378 Verbum

553 1412 611 1465 et
637 1406 919 1486 Spiritum
953 1409 1128 1471 simul
1182 1409 1545 1489 glorificans,
1600 1408 1746 1470 dixit
1774 1408 1957 1469 ccelos
1986 1405 2183 1468 Verbo

551 1497 788 1558 Domini
825 1498 1090 1560 ﬁrmatos
1112 1517 1340 1574 esse,ac
1364 1498 1583 1581 Spiritu
1606 1498 1727 1561 oris
1750 1500 1875 1576 ejus
1907 1497 2183 1558 virtutem

550 1604 755 1647 eorum
790 1606 1090 1649 omnem.»
1131 1588 1246 1650 Sed
1280 1588 1634 1669 notandum,
1658 1595 1983 1653 auctorem.
2018 1585 2184 1666 quis-

550 1676 685 1752 quis
716 1685 953 1753 est,non
987 1680 1224 1759 propria
1254 1678 1497 1742 Davidis
1528 1676 1706 1741 verba
1731 1674 2184 1757 protulisse,sed

2271 597 2700 661 alienissimum
2735 601 3088 682 proferatur.
3123 600 3251 674 Qua
3282 602 3357 665 de
3386 620 3452 665 re
3482 613 3549 664 ut
3577 603 3901 669 existimare

2273 688 2491 765 cuique
2520 688 2717 771 liceat,
2744 691 3039 753 ascribam
3061 692 3319 754 auctoris
3363 692 3565 766 verba,
3620 712 3753 774 qua:
3792 695 3901 757 huic

2273 786 2411 839 sunt
2444 798 2458 839 :
2498 780 2556 837 Τί
2582 778 2637 836 δὲ.
2668 783 2696 837 6
2740 780 3033 862 Ζοροϐάϐελ
3062 783 3149 838 καὶ
3184 784 3218 851 ἡ
3250 790 3344 839 τοῦ
3374 780 3669 862 Ζοροϐάϐελ
3713 788 3897 864 σοφίας

2272 869 2371 946 ἆρά
2400 892 2483 926 σοι
2515 872 2739 949 μετρίως
2791 874 2879 929 καὶ
2936 873 2995 929 οὗ
3038 877 3221 952 σαφῶς
3268 874 3585 951 παριστάναι
3616 871 3765 931 δοκεῖ
3816 876 3900 943 τὴν

2272 958 2556 1017 ὑπόστασιν
2614 962 2699 1018 καὶ
2748 962 2893 1033 ζωὴν
2946 966 3044 1030 τῆς
3094 960 3368 1038 ἀληθείας,
3414 962 3501 1019 ὅτε
3532 964 3667 1043 φησί
3699 979 3713 993 ⁸
3767 970 3902 1021 Πᾶσα

2271 1050 2305 1116 ἡ
2327 1047 2421 1129 γῆ,
2456 1056 2573 1110 etc.
2613 1070 2637 1105 α
2686 1050 2839 1123 Quid
2873 1067 3017 1113 vero
3066 1049 3398 1114 Zorobabel
3430 1059 3487 1113 et
3536 1050 3903 1115 Zorobabelis

2272 1136 2596 1219 sapientia?
2610 1158 2752 1201 num
2774 1140 3144 1202 subobscure
3158 1147 3216 1201 et
3230 1158 3351 1201 non
3364 1141 3523 1203 clare
3548 1141 3656 1203 tibi
3683 1141 3903 1205 videtur

2272 1227 2636 1307 hypostasim
2659 1248 2727 1291 ac
2748 1230 2924 1291 vitam
2956 1230 3222 1293 veritatis
3246 1230 3683 1307 indicare,cum
3720 1230 3897 1293 dicit:

2272 1317 2480 1379 Omnis
2510 1326 2726 1393 terra,»
2764 1322 2978 1384 etc.De
3000 1320 3228 1403 reliqua
3260 1321 3561 1383 Basiliana
3598 1340 3729 1382 esse
3756 1342 3770 1384 :
3803 1320 3897 1382 sed

2272 1406 2433 1468 illum
2467 1408 2688 1470 citandi
2731 1410 2996 1485 modum,
3052 1414 3111 1469 Τ(
3158 1410 3212 1467 δὲ
3245 1413 3273 1467 ὁ
3303 1411 3596 1488 Ζοροϐάϐελ
3628 1413 3774 1479 καὶῆ
3816 1418 3900 1467 τοῦ

2271 1497 2562 1576 Ζοροϐάϐελ
2593 1502 2749 1576 σοφία
2780 1522 2797 1572 ;
2825 1522 2853 1558 α
2875 1498 3026 1572 Quid
3046 1518 3183 1562 vero
3204 1498 3535 1562 Zorobabel
3567 1507 3627 1563 et
3648 1497 3897 1561 Zoroba-

2271 1586 2422 1648 belis
2436 1587 2756 1669 sapientia?
2780 1615 2805 1645 ι
2830 1590 2906 1651 ad
2937 1589 3170 1652 Patrem
3205 1588 3618 1667 gravissimum
3644 1587 3897 1668 pertine-

2267 1679 3295 1757 re,nemo,opinor,dixerit.Norunt
3310 1680 3470 1740 enim
3491 1679 3595 1759 qui
3625 1676 3892 1739 Basilium

549 1763 691 1827 illud
720 1785 889 1827 suum
926 1767 1243 1849 glossema,
1283 1792 1309 1823 α
1344 1769 1456 1840 Qui
1478 1787 1612 1829 cum
1646 1769 1820 1829 Patre
1851 1773 1907 1825 et
1929 1764 2075 1844 Filio
2110 1764 2187 1823 si-
2271 1767 2357 1827 vel
2392 1766 2752 1847 primoribus
2782 1768 2964 1832 labris
3007 1769 3351 1848 attigerunt,
3407 1786 3543 1829 eum
3578 1765 3897 1848 simplicius

548 1859 667 1919 mul
703 1860 1204 1938 congloriﬁcatur.
1238 1886 1259 1914 »
1297 1862 1422 1921 Jam
1455 1878 1594 1921 vero
1621 1876 1732 1920 nec
1762 1856 2036 1936 Basilius,
2075 1875 2185 1918 nec
2212 1887 2246 1935 Β
2270 1856 2431 1937 loqui
2462 1858 2725 1934 solitum,
2758 1858 2871 1921 hoc
2918 1859 3044 1921 fere
3105 1858 3304 1933 modo,
3340 1861 3368 1915 ὁ
3399 1857 3662 1933 Σαλομών
3694 1879 3839 1936 φησι,
3869 1858 3895 1910 ὁ

548 1948 698 2009 alius
710 1948 866 2010 ullus
880 1950 1131 2030 scriptor
1146 1948 1814 2030 diligens,suaipsorum
1834 1946 2177 2026 glossemata

2273 1947 2475 2010 Παῦλος
2533 1948 2827 2016 ἀπόστολός
2896 1971 3050 2029 φησι,
3120 1961 3411 2029 nusquam
3466 1964 3609 2008 vero
3660 1945 3742 2006 uti
3794 1945 3896 2006 hoc

547 2055 653 2118 pro
672 2037 815 2117 ipsis
831 2039 1151 2119 Scripturae
1167 2038 1362 2100 verbis
1380 2057 1637 2119 unquam
1664 2037 1963 2118 protulere
1980 2035 2051 2097 ad
2080 2036 2180 2097 ali-

547 2126 708 2205 quod
739 2128 952 2207 dogma
976 2127 1512 2209 comprobandum.
1537 2127 1743 2208 Neque
1769 2143 1910 2187 vero
1932 2126 2004 2187 ad
2036 2144 2184 2186 con-

543 2215 819 2278 futandos
840 2216 1151 2279 haereticos
1181 2225 1316 2298 apta
1337 2225 1426 2279 est
1446 2218 1570 2279 huic
1588 2215 1805 2277 citandi
1838 2215 2182 2278 ratio.Alio-

546 2306 644 2386 qui
678 2305 836 2367 enim
864 2306 1007 2367 illud
1029 2306 1101 2369 ab
1125 2307 1271 2389 ipsis
1287 2306 1634 2388 responderi
1661 2314 1859 2386 posset
1880 2306 2038 2386 quod
2055 2306 2179 2384 jam

541 2414 575 2457 a
602 2394 806 2457 multis
837 2395 894 2455 in
930 2395 1168 2459 modum
1204 2396 1500 2476 proverbii
1526 2396 1639 2458 dici
1664 2394 1864 2468 video,
1888 2394 2181 2473 glossema

543 2486 714 2566 pejus
746 2501 877 2546 esse
932 2494 1230 2548 contextu.
1283 2484 1353 2547 Et
1400 2485 1683 2565 quoniam
1734 2503 1831 2545 res
1867 2492 1954 2545 est
1987 2486 2179 2563 magni

544 2574 857 2647 momenti,
892 2575 1086 2637 simile
1116 2575 1454 2656 exemplum
1500 2592 1707 2635 rursus
1736 2574 2050 2636 adducam.
2082 2574 2177 2635 Sic

542 2672 738 2725 autem
765 2663 1024 2744 scriptor
1046 2664 1309 2745 loquitur
1337 2677 1419 2745 (p.
1457 2663 1593 2735 303)
1622 2684 1639 2725 :
1680 2666 1826 2721 Κατὰ
1851 2666 1911 2720 τὸ
1934 2686 2175 2741 γεγραμ-

540 2754 696 2829 μένον
733 2768 745 2783 ⁸
784 2754 903 2821 Ζωὴ
934 2756 996 2811 τὸ
1051 2762 1284 2831 Πνεῒμα,
1346 2757 1406 2812 τὸ
1463 2760 1569 2811 τῶν
1601 2756 1852 2833 οὒρανίων
1909 2752 2176 2826 δυνάμεων

540 2842 976 2922 ἀποτελεστικὸν,
1011 2841 1386 2905 «Secundum
1416 2842 1573 2923 quod
1604 2842 1892 2922 scriptum
1926 2840 2178 2922 est,Vita

2268 2036 2565 2114 grandiori
2587 2037 2758 2117 stylo,
2784 2062 2811 2095 ο
2843 2038 3097 2114 Σολομὼν
3121 2040 3209 2095 καὶ
3238 2042 3270 2107 ἡ
3300 2045 3393 2095 τοῦ
3426 2036 3774 2113 Σολομῶντος
3804 2058 3892 2092 σο-

2268 2128 2356 2205 φία
2386 2130 2534 2208 φησί,
2567 2135 2680 2189 etc.
2737 2152 2762 2183 α
2799 2126 3073 2192 Salomon
3123 2134 3182 2189 et
3223 2126 3590 2190 Salomontis
3620 2122 3894 2204 sapientia

2268 2216 2434 2290 dicit,
2477 2241 2501 2276 ι
2532 2224 2651 2280 etc.

2355 2306 2448 2368 7i.
2478 2306 2687 2368 Filium
2717 2325 2835 2368 non
2865 2324 3002 2368 raro
3051 2314 3222 2369 vocat
3248 2330 3273 2361 (ι
3310 2304 3650 2385 genituram
3688 2322 3716 2362 ι
3748 2304 3890 2364 scri-

2268 2405 2424 2476 ptor;
2449 2396 2569 2457 imo
2602 2398 2656 2459 ei
2684 2397 2743 2459 id
2769 2415 2989 2459 nomen
3034 2395 3340 2476 dignitatis
3363 2395 3494 2457 loco
3524 2394 3780 2455 tribuere
3809 2393 3888 2453 vi-

2266 2486 2618 2566 detur.Ejus
2642 2487 2827 2568 rei,ut
2857 2506 2920 2549 se
2950 2486 3117 2549 dabit
3150 2483 3695 2559 occasio,exempla
3713 2482 3891 2560 aliqua

2264 2574 3082 2656 subjiciemus.Exordiemur
3097 2575 3170 2637 ab
3196 2576 3308 2637 hoc
3339 2574 3493 2654 loco,
3529 2572 3635 2634 ubi
3665 2570 3887 2649 italegi-

2265 2673 2358 2726 tur
2390 2666 2474 2745 (p.
2507 2665 2648 2745 280)
2685 2683 2699 2729 2
2737 2669 2793 2725 Εἰ
2824 2667 3019 2742 κτίσμα
3076 2667 3202 2745 λέγο
3216 2687 3320 2729 ιτες
3372 2666 3463 2721 τὸν
3496 2664 3643 2735 l‘ibv,
3677 2662 3773 2741 οὐχ
3824 2664 3888 2722 ὡς

2262 2756 2319 2812 ἓν
2344 2758 2448 2813 τῶν
2477 2757 2784 2832 κτισμάτων
2840 2757 3051 2836 λέγουσι
3086 2772 3100 2787 ⁸
3163 2754 3300 2812 διατι
3356 2754 3601 2832 γέννημα
3645 2750 3888 2829 λεγόντων

2264 2846 2441 2927 ἡμῶν,
2474 2848 2547 2911 ὡς
2584 2849 2639 2904 ἓν
2669 2852 2772 2903 τῶν
2804 2849 3153 2925 γεννημάτων.
3186 2850 3392 2900 νοοῦσιν
3426 2861 3443 2922 ς
3483 2861 3509 2897 ι
3550 2842 3611 2903 Si
3652 2857 3777 2901 cum
3806 2837 3890 2899 Fi-

537 2940 627 2993 est
658 2930 933 3012 Spiritus,
984 2932 1083 3013 qui
1140 2938 1466 3013 potestates
1526 2931 1796 2993 caelestes
1856 2930 2106 3010 perlicit.
2145 2957 2170 2986 υ
2260 2933 2404 2995 lium
2428 2926 2643 2997 dicunt
2672 2944 3031 3015 creaturam,
3059 2951 3178 2995 non
3208 2940 3272 2995 ut
3304 2948 3483 2993 unam
3510 2950 3586 2991 ex
3616 2926 3884 2991 creaturis

537 3020 706 3101 Quis,
741 3040 969 3101 quaeso,
1000 3023 1047 3083 si
1079 3021 1317 3101 paulum
1351 3021 1527 3082 modo
1557 3021 1615 3081 in
1651 3020 1921 3099 legendis
1949 3027 2178 3081 sancto-
2260 3023 2461 3087 dicunt
2487 3048 2501 3101 ;
2528 3043 2634 3089 cur
2664 3044 2799 3087 cum
2823 3025 3077 3087 dicimus
3112 3041 3221 3084 nos
3265 3021 3630 3101 genituram,
3679 3034 3805 3079 eum
3832 3025 3887 3077 ut

532 3129 663 3173 rum
686 3112 921 3173 Patrum
946 3110 1181 3191 scriptis
1203 3121 1472 3172 versatus
1494 3111 1715 3184 sit,non
1744 3110 1939 3171 statim
1973 3110 2176 3170 credat
2258 3132 2435 3176 unam
2462 3133 2531 3176 ex
2554 3115 2854 3193 genituris
2882 3112 3253 3193 intelligunt?
3284 3132 3313 3171 )
3350 3109 3421 3171 Et
3444 3108 3753 3191 aliquanto
3772 3114 3887 3186 post

534 3200 661 3274 illa,
700 3217 730 3257 cr
760 3198 895 3261 Vita
925 3208 1013 3261 est
1042 3199 1318 3280 Spiritus,
1369 3200 1468 3281 qui
1521 3206 1847 3279 potestates
1899 3199 2175 3260 caelestes

535 3288 797 3370 perficit,
843 3314 865 3344 η
901 3288 1121 3351 alicubi
1152 3289 1211 3350 in
1246 3290 1568 3369 Scripturis
1620 3288 1864 3350 totidem
1898 3288 2095 3350 verbis
2120 3300 2177 3351 et

534 3377 773 3459 syllabis
794 3376 1081 3440 inveniri?
1108 3375 1254 3439 Nam
1307 3386 1369 3439 ut
1398 3386 1754 3439 caeterorum
1806 3377 2176 3459 Patrum,ita

532 3466 738 3532 Basilii
762 3485 889 3529 mos
919 3474 1029 3548 est,
1064 3474 1148 3540 ut,
1198 3486 1331 3529 cum
1365 3476 1617 3528 utuntur
1649 3467 1741 3528 his
1772 3467 2011 3529 dicendi
2053 3468 2176 3529 τοτο-

531 3556 730 3627 mulis,
792 3558 929 3613 κατὰ
986 3560 1047 3615 τὸ
1106 3556 1505 3637 γεγραμμένον,
1564 3559 1637 3621 ὡς
1692 3556 2008 3636 γέγραπται,
2072 3566 2175 3620 aut

527 3644 850 3716 similibus,
884 3652 1023 3707 tunc
1047 3664 1252 3707 eorum
1285 3653 1590 3707 auctorum
1624 3646 1725 3722 qui
1777 3645 1852 3707 ab
1906 3646 2054 3726 ipsis
2085 3647 2176 3710 ci-

526 3740 723 3795 tantur
753 3734 989 3814 propria
1018 3734 1198 3796 verba
1250 3733 1588 3815 proferant.
1622 3734 1821 3796 Aliter
1870 3742 2064 3799 tamen
2110 3756 2175 3800 se

528 3828 709 3902 gessit
733 3822 1108 3904 scriptor,sic
1133 3831 1196 3884 ut
1222 3823 1347 3885 haec
1366 3821 1570 3899 verba,
1600 3823 1873 3885 (Vitaest
1895 3824 2171 3905 Spiritus,

530 3911 631 3992 qui
656 3918 982 3991 potestates
1003 3913 1279 3975 ccelestes
1300 3913 1551 3993 perlicit,
1567 3938 1588 3970 υ
1620 3913 1860 3994 propria
1882 3934 2002 3976 non
2031 3917 2170 3997 sint,

528 4018 724 4083 neque
736 4002 1222 4083 Matthaeimeque
1236 4003 1648 4082 Marci,neque
1662 4003 1842 4064 ullius
1856 4004 2007 4066 alius
2019 4007 2173 4068 scri-

528 4090 716 4170 ptoris
729 4091 1017 4165 sacri,sed
1036 4091 1342 4173 suaipsius
1354 4092 1536 4153 verba
1556 4092 1768 4167 sint,id
1792 4096 2175 4166 est,nominis

528 4178 895 4259 Scripturam
913 4180 1338 4244 commentario
1350 4199 1454 4242 suo
1468 4186 1933 4263 corrumpentis.
1946 4189 2015 4249 Et
2036 4202 2176 4250 vero

526 4288 662 4332 cum
692 4278 906 4331 auctor
938 4272 1017 4333 ita
1050 4270 1283 4331 locutus
1316 4278 1427 4344 est,
1468 4295 1496 4326 α
1516 4272 1650 4333 Vita
1674 4280 1763 4333 est
1794 4272 2046 4352 Spiritus
2073 4276 2175 4352 qui

524 4366 851 4440 potestates
880 4359 1153 4422 caalestes
1178 4360 1473 4440 perlicit,»
1503 4360 1653 4421 nihil
1681 4362 1841 4424 aliud
1867 4382 2043 4443 quam
2075 4364 2175 4427 illa

524 4448 656 4529 ipsa
682 4448 918 4511 Davidis
948 4448 1156 4529 verba,
1216 4470 1239 4505 ι
1271 4449 1468 4512 Verbo
1504 4451 1744 4513 Domini
1778 4453 1913 4515 coeli
1954 4454 2174 4515 ﬁrmati

528 4546 689 4613 sunt,
717 4546 809 4599 etc
844 4588 859 4617 ,
894 4538 1236 4617 signiﬁcare
1293 4538 1503 4601 voluit.
1549 4539 1824 4603 Fortasse
1876 4543 2171 4623 ejusmodi

2196 3254 2235 3303 C

2264 3205 2350 3284 (p.
2395 3204 2585 3284 983):
2649 3208 2706 3263 Εἰ
2750 3206 2947 3280 κτίσμα
2999 3205 3085 3262 καὶ
3143 3204 3203 3260 οὐ
3239 3200 3483 3279 γέννημα
3549 3204 3577 3257 ὁ
3635 3200 3767 3271 Υἱὸς,
3815 3195 3890 3250 καὶ

2260 3296 2432 3351 πάντα
2464 3293 2612 3351 δὲτὰ
2656 3294 2781 3352 ὄντα
2838 3296 3126 3373 κτίσματα,
3186 3292 3363 3367 μάτην
3396 3290 3689 3367 ἆγέννητος
3718 3290 3744 3343 6
3798 3290 3887 3339 111'

2259 3385 2357 3461 τηρ
2392 3384 2629 3463 λέγεται,
2690 3386 2784 3441 οὒκ
2842 3383 2992 3448 ὄντος
3060 3372 3201 3445 ὅλως
3280 3381 3642 3457 γεννήματος,
3700 3376 3817 3455 πρὸς
3866 3372 3890 3427 δ

2260 3473 2503 3531 καλεῖται
2540 3474 2854 3554 ἀγέννητος.
2908 3496 2930 3528 ι
2970 3471 3033 3535 Si
3077 3469 3268 3534 Filius
3298 3476 3575 3530 creatura
3626 3475 3735 3546 est,
3784 3480 3888 3554 non

2260 3562 2553 3641 genitura,
2591 3551 2657 3624 et
2687 3568 2901 3623 cuncta
2925 3578 3057 3643 quae
3084 3564 3247 3638 sunt,
3279 3564 3574 3620 creaturas
3603 3561 3756 3634 sunt,
3786 3551 3889 3643 l‘ru-

2260 3662 2383 3715 stra
2412 3653 2589 3715 Pater
2618 3652 2924 3733 ingenitus
2944 3641 3199 3723 dicitur,
3252 3665 3386 3711 cum
3420 3664 3544 3707 non
3567 3646 3645 3708 sit
3672 3641 3893 3706 omnino

2259 3744 2554 3820 genitura,
2589 3744 2761 3820 cujus
2791 3749 3072 3821 respectu
3121 3735 3459 3817 appelletur
3516 3733 3836 3812 ingenitus.
3865 3751 3887 3785 ι

2258 3832 2426 3894 Haud
2448 3832 2625 3910 longe
2657 3831 2738 3892 ita
2768 3830 2988 3909 legitur
3019 3828 3103 3909 (p.
3144 3826 3324 3903 284):
3362 3828 3417 3885 Et
3448 3826 3601 3904 φύσει
3630 3824 3891 3902 ἀγέννητος

2259 3925 2286 3979 6
2334 3923 2541 4000 Πατὴρ,
2615 3922 2763 4002 φύσει
2824 3921 3078 3999 γεννητὸς
3142 3920 3229 3974 καὶ
3277 3919 3304 3973 6
3366 3916 3509 3978 Υἱός*
3548 3917 3592 3971 εἰ
3653 3913 3706 3969 δὲ
3760 3911 3892 3989 φύσει

2258 4013 2522 4091 γέννημα,
2583 4009 2755 4070 οὐκέτι
2800 4010 3021 4085 κτίσμα.
3076 4005 3278 4070 ’Ὄντος
3338 4007 3426 4061 οὖν
3469 4011 3563 4060 τοῦ
3606 4003 3750 4083 φύσει
3780 4020 3894 4078 γεν-

2258 4088 2520 4181 νήματος,
2570 4099 2775 4179 ἀνάγκη
2829 4100 2917 4156 καὶ
2956 4099 3047 4154 τὸν
3090 4096 3419 4174 γεννήσαντα
3447 4093 3615 4152 εἶναι.
3655 4115 3677 4147 ο
3708 4088 3768 4154 Si
3797 4105 3893 4148 na-

2260 4198 2388 4252 tura
2410 4191 2711 4270 lngenitus
2741 4196 2830 4250 est
2858 4188 3052 4266 Pater,
3078 4183 3268 4247 Filius
3310 4200 3555 4263 quoque
3584 4188 3786 4242 natura
3813 4181 3897 4239 est

2258 4280 2491 4355 genitus
2521 4302 2535 4338 :
2574 4279 2679 4341 sed
2727 4279 2777 4340 si
2838 4277 3115 4357 genitura
3146 4277 3239 4336 est
3267 4280 3501 4343 natura,
3537 4283 3894 4350 nequaquam

2260 4377 2348 4429 est
2380 4374 2678 4431 creatura.
2715 4368 2861 4430 Cum
2895 4366 3078 4445 igitur
3111 4362 3383 4441 genitura
3431 4360 3507 4420 sit
3539 4368 3766 4430 natura,
3796 4372 3893 4415 ne-

2259 4476 2427 4519 cesse
2470 4465 2559 4520 est
2590 4465 2648 4519 et
2676 4457 3005 4537 genitorem
3041 4472 3233 4514 esse.»
3270 4450 3593 4530 Aliquanto
3645 4453 3772 4529 post
3793 4462 3894 4537 eo-

2257 4547 2391 4609 dem
2426 4547 2602 4609 modo
2635 4534 2894 4626 scriptor
2927 4543 3186 4624 loquitur
3216 4549 3300 4620 (p.
3354 4540 3496 4619 286)
3533 4559 3546 4597 ;
3597 4537 3749 4595 Οὒδέν
3806 4534 3893 4606 ἄρα

527 4627 771 4689 licentia
820 4635 1126 4707 utcunque
1180 4627 1487 4690 toleranda
1546 4638 1658 4709 est,
1692 4649 1825 4692 cnm
1859 4639 2171 4695 auctorum

2263 4639 2434 4695 κοινόν
2491 4639 2634 4694 ἔστιν
2694 4623 2832 4692 ι’ῑὸῡ·
2875 4636 2962 4690 καὶ
3009 4623 3237 4711 Πατρὸς,
3297 4628 3413 4689 οὐδὲ
3443 4632 3477 4697 ἡ
3510 4629 3700 4701 κτίσις,
3747 4625 3893 4699 εἴπερ

528 4716 913 4799 profanorum
961 4716 1304 4779 testimonia
1364 4718 1747 4798 proferuntur
1786 4737 1798 4781 :
1844 4721 1946 4782 sed
2000 4722 2059 4782 in
2092 4724 2172 4783 ci-

532 4807 728 4869 tandis
750 4806 1148 4883 scriptoribus
1170 4806 1357 4869 sacris
1377 4825 1510 4869 eam
1534 4808 1669 4888 quis
1698 4808 1875 4871 ferat?
1902 4813 2173 4875 Profecto

528 4897 581 4957 si
594 4895 834 4976 propria
847 4896 1288 4977 Scripturarum
1321 4896 1501 4958 verba
1537 4898 1624 4959 sic
1650 4900 1961 4961 immutare
1986 4904 2170 4965 semel

529 4984 725 5058 liceat,
753 4984 990 5064 quidvis
1022 4986 1542 5067 probare,quidvis
1565 5004 1784 5065 negare
1817 4988 2168 5053 facillimum

529 5074 664 5135 erit.
702 5074 785 5135 Ex
843 5092 961 5163 quo
1013 5083 1396 5156 sequeretur,
1428 5084 1492 5136 ut
1540 5079 1968 5140 controversiis
1998 5089 2173 5163 atque

527 5162 1012 5225 contentionibus
1034 5182 1147 5227 nec
1170 5165 1305 5226 linis
1330 5174 1529 5244 posset
1550 5166 1922 5247 imponi.nec
1939 5162 2171 5235 modus.

525 5249 760 5316 Addam
783 5255 938 5323 (nam
973 5253 1035 5315 id
1061 5272 1302 5334 quoque
1324 5254 1441 5316 huc
1464 5255 1676 5317 referri
1700 5258 2171 5339 potest),librum

524 5340 764 5403 tertium
788 5338 996 5403 Esdraa
1022 5342 1095 5432 ab
1127 5342 1229 5432 illo
1281 5350 1524 5405 auctore
1562 5343 1651 5405 bis
1682 5348 1847 5408 citari
1879 5338 2041 5427 (μοι
2056 5351 2115 5432 6)
2155 5370 2167 5415 :

523 5447 701 5511 quem
736 5437 935 5492 tamen
959 5450 993 5493 a
1023 5430 1244 5495 Basilio
1278 5451 1570 5514 nusquam
1597 5434 1899 5498 laudatum
1934 5430 2169 5502 inveni-

522 5537 681 5581 mus.
716 5521 841 5583 Nec
868 5520 1061 5583 solum
1086 5522 1302 5584 citatur
1323 5522 1421 5585 hic
1448 5522 1734 5598 liber,sed
1758 5525 1938 5606 sic,ut
1964 5534 2022 5591 in
2050 5531 2173 5611 ipsa

597 5681 663 5733 δι
690 5682 855 5747 Psal.
880 5698 1063 5765 χχιιι,
1097 5684 1159 5749 6.

2258 4730 2469 4801 ποίημα
2526 4728 2613 4784 καὶ
2645 4725 2704 4781 οὒ
2749 4724 2990 4803 γέννημα
3041 4725 3068 4779 6
3120 4723 3267 4783 Υἱός.
3304 4721 3362 4777 Εἰ
3392 4720 3631 4797 γέννημα
3675 4719 3703 4771 6
3758 4714 3887 4783 Υἱὸς,

2257 4819 2360 4895 οὐχ
2418 4818 2488 4880 ὡς
2569 4816 2623 4873 ἓν
2712 4821 2817 4871 τῶν
2900 4812 3275 4892 γεννημάτων,
3358 4816 3465 4865 πᾶν
3536 4806 3592 4863 δὲ
3670 4806 3889 4895 γέννημα

2256 4894 2475 4986 κτίσμα,
2537 4905 2595 4961 οὒ
2647 4905 2844 4978 κτίσμα
2900 4906 2928 4960 6
2990 4903 3134 4966 Υἱός,
3199 4898 3327 4958 Οὐδὲ
3377 4898 3476 4977 γὰρ
3534 4896 3772 4986 γέννημα
3819 4894 3883 4952 ὡς

2257 4982 2677 5059 ἐκετναξιιΝἱὴίΙ
2700 5011 2842 5072 ergo
2863 5008 3183 5053 commune
3203 4997 3291 5050 est
3310 4986 3473 5051 Patri
3492 5003 3625 5047 cum
3649 4982 3888 5056 Filio,ne

2257 5086 2473 5146 creatio
2507 5084 2776 5166 quidem,
2804 5082 2854 5143 si
2886 5081 3114 5144 factura
3136 5098 3254 5141 non
3287 5077 3560 5157 genitura
3590 5074 3766 5166 Filius
3786 5075 3883 5166 est.

2258 5174 2319 5238 Si
2341 5160 2821 5253 Filius'genitura
2838 5182 3080 5251 est,non
3104 5177 3386 5248 tanquam
3406 5184 3522 5227 una
3543 5160 3882 5244 egenituris,

2258 5266 2453 5326 omnis
2490 5272 2685 5326 autem
2714 5264 2991 5341 genitura
3021 5268 3297 5321 creatura
3325 5266 3440 5330 est,
3474 5273 3592 5317 non
3632 5260 3884 5341 creatura

2262 5356 2444 5419 Filius
2472 5362 2583 5430 est,
2614 5339 2809 5433 neque
2839 5350 3002 5413 enim
3033 5348 3313 5428 genitura
3345 5354 3437 5409 est
3467 5352 3532 5407 ut
3557 5342 3682 5405 illa.
3714 5366 3739 5396 ι
3764 5339 3882 5433 Dis-

2257 5445 2454 5509 simile
2484 5461 2604 5505 non
2635 5430 2729 5504 est
2773 5440 2931 5523 quod
2993 5437 3271 5519 sequitur
3297 5436 3384 5518 (p.
3418 5435 3554 5507 287)
3583 5454 3597 5492 :
3631 5434 3685 5489 Ei
3715 5434 3741 5487 ὁ
3770 5430 3880 5523 ιδίιὸς

2258 5538 2545 5616 ἐνέργημα,
2578 5534 2664 5590 καὶ
2708 5518 3093 5608 οὗ’γὲννημα,
3148 5528 3267 5587 οὕτε
3325 5531 3352 5584 6
3412 5525 3717 5603 ἐνεργήσας,
3780 5518 3881 5575 οὔτε
