4100 6202
556 399 828 451 CCXXX"

1971 386 2559 451 PROLEGOMENA.

561 539 717 584 esse.
753 521 874 603 Ego
900 522 1165 603 quidem,
1192 531 1253 584 ut
1282 522 1518 585 sincere
1549 524 1900 603 loquar,non
1932 523 2250 585 arbitrorA
2273 519 2498 583 citandi
2544 522 2778 586 ratione
2803 522 3029 604 aliquid
3075 541 3108 584 a
3147 523 3443 586 Basiliana
3482 526 3903 589 consuetudine

557 613 1278 694 scriptorem,quicunque
1309 613 1411 675 ille
1439 613 1651 694 fuit,ad
1678 614 1998 676 concilium
2030 613 2189 676 Con-

557 704 1144 784 stantinopolitanum
1180 703 1434 784 primum
1469 703 1828 784 respexisse,
1864 705 1964 766 sed
1992 704 2064 765 ad
2092 701 2192 764 illa

554 791 852 874 Davidica,
889 790 1073 854 Verbo
1099 792 1495 855 Dominicwlt'
1514 793 1754 873 ﬁrmati
1781 800 1950 867 sunt,
1985 799 2038 854 et
2062 792 2188 871 spi-

555 884 682 945 ritu
702 889 831 946 oris
860 884 995 962 ejus
1023 884 1217 946 omnis
1245 885 1438 946 virtus
1453 900 1659 946 eorum
1677 882 1925 946 “.Satis
1946 882 2103 942 enim
2128 899 2192 941 se

554 970 684 1052 ipse
735 972 1013 1052 explicat,
1082 991 1216 1035 cum
1294 973 1604 1054 aliquanto
1677 980 1807 1053 post
1852 972 1930 1033 ita
1989 970 2191 1033 scribit

558 1061 643 1139 (p.
705 1061 848 1137 307)
898 1083 911 1122 :
972 1063 1120 1122 Ἐπεὶ
1162 1066 1247 1121 καὶ
1308 1067 1334 1121 6
1398 1062 1555 1121 Δαϐὶδ
1612 1063 1779 1143 Λόγον
1836 1065 1923 1119 καὶ
1981 1067 2191 1136 Πνεῦμα

556 1149 807 1227 δοξάζων,
872 1161 946 1226 τῷ
1033 1154 1189 1231 Λόγῳ
1249 1156 1433 1231 Κυρίου
1490 1154 1610 1218 τοὺς
1674 1153 1916 1230 οὐρανοὺς
1975 1150 2191 1227 εἴρηκεν

556 1240 921 1320 ξστερεῶσθαι,
982 1246 1065 1300 καὶ
1103 1249 1180 1317 τῷ
1252 1245 1520 1318 Πνεύματι
1576 1250 1670 1300 τοῦ
1717 1242 1981 1317 στόματοο
2033 1242 2188 1297 αὐτοῦ

556 1336 729 1387 πᾶσαν
754 1333 850 1400 τὴν
880 1331 1096 1407 δύναμιν
1128 1335 1322 1396 αὑτῶν.
1364 1356 1386 1389 ι
1421 1334 1567 1395 Nam
1596 1340 1654 1394 et
1709 1330 1888 1394 David
1922 1328 2185 1390 Verbum

555 1425 614 1479 et
640 1419 922 1500 Spiritum
956 1422 1131 1484 simul
1184 1422 1548 1502 gloriﬁcaus,
1602 1421 1748 1483 dixit
1777 1420 1959 1482 cmlos
1990 1417 2186 1480 Verbo

554 1510 791 1572 Domini
828 1512 1093 1573 ﬁrmatos
1114 1530 1343 1587 esse,ac
1366 1511 1585 1593 Spiritu
1609 1511 1730 1574 oris
1753 1513 1878 1589 ejus
1910 1509 2185 1570 virtutem

553 1617 758 1661 eorum
792 1620 1093 1662 omnem.»
1133 1601 1249 1663 Sed
1282 1601 1637 1682 notandum,
1661 1608 1986 1665 auctorem.
2021 1597 2187 1678 quis-

552 1689 689 1765 quis
719 1698 957 1765 est,non
990 1693 1227 1772 propria
1256 1691 1500 1755 Davidis
1530 1689 1709 1754 verba
1733 1686 2187 1769 protulisse,sed

552 1776 694 1841 illud
723 1798 891 1841 suum
930 1780 1245 1862 glossema,
1286 1806 1311 1836 α
1347 1782 1459 1853 Qui
1481 1800 1615 1842 cum
1648 1782 1823 1842 Patre
1854 1786 1910 1838 et
1932 1777 2079 1857 Filio
2113 1776 2190 1836 si-

2273 610 2702 673 alienissimum
2737 613 3091 693 proferatur.
3125 612 3253 685 Qua
3284 613 3359 676 de
3388 632 3455 676 re
3486 624 3552 675 ut
3580 615 3905 681 existimare

2275 700 2494 777 cuique
2523 700 2719 783 liceat,
2747 702 3042 765 ascribam
3063 703 3321 765 auctoris
3366 704 3568 778 verba,
3622 724 3756 785 quas
3795 707 3905 769 inec

2275 798 2413 852 sunt
2447 810 2461 851 ε
2500 792 2558 849 Τί
2584 790 2639 848 δὲ
2670 795 2698 850 6
2742 791 3035 873 Ζοροϐάϐελ
3065 795 3151 850 καὶ
3186 795 3220 863 ἡ
3252 800 3346 851 τοῦ
3376 792 3672 873 Ζοροϐάϐελ
3716 799 3901 875 σοφίας

2274 881 2373 958 ἆρά
2402 904 2485 938 σοι
2518 884 2741 961 μετρίως
2793 886 2882 941 καὶ
2938 884 2998 941 οὒ
3041 889 3223 964 σαφῶς
3271 886 3587 963 παριστάναι
3618 883 3769 942 δοκεῖ
3820 888 3904 954 τὴν

2274 971 2559 1029 ὑπόστασιν
2617 974 2701 1029 καὶ
2750 974 2895 1045 ζωὴν
2948 978 3046 1041 τῆς
3096 972 3371 1050 ἀληθείας,
3417 974 3505 1030 ὅτε
3534 975 3669 1054 φησί
3702 990 3715 1004 ⁸
3769 981 3905 1032 Πᾶσα

2274 1062 2307 1129 ἡ
2330 1060 2424 1140 γῆ,
2459 1067 2576 1122 etc.
2616 1082 2639 1117 α
2688 1061 2841 1135 Quid
2876 1078 3020 1125 vero
3068 1061 3401 1125 Zorobabel
3434 1070 3491 1125 et
3538 1062 3907 1126 Zorobabelis

2274 1149 2598 1231 sapientia?
2612 1170 2755 1213 num
2777 1151 3147 1214 subobscure
3161 1158 3219 1212 et
3233 1170 3353 1213 non
3366 1152 3525 1215 clare
3550 1152 3659 1214 tibi
3685 1152 3906 1216 videtur

2275 1239 2639 1320 hypostasim
2662 1260 2729 1303 ac
2750 1242 2927 1303 vitam
2958 1242 3225 1304 veritatis
3249 1241 3686 1317 indicare,cum
3723 1242 3901 1304 dicit:

2274 1329 2483 1392 Omnis
2512 1338 2729 1405 terra,»
2767 1334 2981 1395 etc.De
3003 1332 3231 1414 reliqua
3262 1332 3564 1395 Basiliana
3600 1351 3732 1393 esse
3760 1354 3773 1395 :
3806 1332 3901 1393 sed

2275 1418 2436 1480 illum
2470 1420 2690 1482 citandi
2733 1422 2998 1497 modum,
3054 1426 3113 1481 Tt
3161 1422 3214 1479 δὲ
3248 1425 3275 1479 ὁ
3306 1422 3599 1499 Ζοροϐάϐελ
3631 1424 3777 1490 καὶὴ
3820 1430 3903 1479 τοῦ

2274 1509 2565 1588 Ζοροϐάϐελ
2596 1513 2751 1589 σοφία
2782 1533 2799 1585 ;
2828 1534 2856 1569 α
2878 1510 3029 1584 Quid
3048 1530 3186 1573 vero
3207 1510 3537 1573 Zorobabel
3570 1519 3630 1574 et
3651 1508 3900 1573 Zoroba-

2273 1598 2425 1660 belis
2438 1599 2760 1681 sapientia?
2782 1627 2808 1657 ι
2832 1601 2910 1663 ad
2940 1600 3173 1664 Patrem
3208 1600 3621 1679 gravissimum
3648 1598 3901 1680 pertine-

2270 1690 3297 1769 re,nemo,opinor,dixerit.Norunt
3314 1692 3472 1752 enim
3494 1690 3597 1771 qui
3628 1688 3896 1750 Basiliam

2274 1779 2360 1839 vel
2395 1778 2755 1859 primoribus
2785 1780 2967 1844 labris
3010 1780 3355 1860 attigerunt,
3410 1798 3546 1841 eum
3581 1776 3901 1859 simplicius

552 1872 670 1933 mul
706 1873 1207 1951 congloriﬁcatur.
1240 1899 1262 1928 ν
1299 1875 1425 1934 Jam
1458 1891 1597 1935 vero
1625 1889 1735 1933 nec
1765 1869 2039 1949 Basilius,
2078 1887 2181 1931 nec

2273 1868 2434 1949 loqui
2464 1870 2728 1946 solitum,
2761 1870 2875 1932 hoc
2922 1871 3047 1932 fere
3107 1870 3308 1945 modo,
3344 1872 3371 1927 ὁ
3403 1869 3665 1945 Σαλομών
3697 1890 3842 1947 φησι,
3872 1869 3898 1921 ὁ

551 1962 701 2023 alius
714 1961 869 2023 ullus
884 1964 1134 2044 scriptor
1150 1962 1422 2043 diligens,
1434 1962 1817 2043 suaipsorum
1837 1959 2189 2039 glossemata

551 2069 656 2131 pro
675 2051 818 2131 ipsis
834 2053 1153 2132 Scriptum
1170 2052 1365 2113 verbis
1383 2070 1639 2132 unquam
1666 2050 1966 2131 protulere
1984 2048 2054 2109 ad
2083 2048 2183 2109 ali-

551 2140 711 2218 quod
742 2142 956 2220 dogma
979 2141 1515 2222 comprobandum.
1540 2139 1747 2221 Neque
1772 2156 1913 2199 vero
1935 2139 2007 2199 ad
2039 2156 2187 2199 con-

547 2228 822 2292 futandos
842 2230 1153 2293 haereticos
1184 2238 1319 2311 apta
1340 2238 1429 2292 est
1449 2231 1573 2293 haec
1590 2228 1808 2290 citandi
1841 2228 2185 2291 ratio.Alio-

550 2319 647 2399 qui
682 2318 839 2380 enim
867 2319 1010 2380 illud
1032 2319 1105 2382 ab
1128 2320 1274 2401 ipsis
1290 2319 1637 2401 responderi
1664 2326 1863 2399 posset
1884 2318 2041 2399 quod
2058 2318 2182 2397 jam

545 2428 579 2470 a
605 2408 809 2470 multis
840 2408 898 2468 in
934 2408 1171 2471 modum
1207 2409 1503 2490 proverbii
1530 2409 1642 2471 dici
1668 2407 1867 2481 video,
1891 2406 2184 2485 glossema

547 2498 717 2580 pejus
749 2515 880 2559 esse
936 2507 1233 2561 contextu.
1286 2497 1356 2559 Et
1403 2498 1685 2578 quoniam
1737 2516 1835 2558 res
1871 2505 1957 2557 est
1991 2498 2182 2575 magni

546 2587 861 2660 momenti,
896 2587 1090 2650 simile
1120 2588 1457 2669 exemplum
1504 2606 1710 2648 rursus
1739 2586 2054 2649 adducam.
2086 2587 2181 2647 Sic

545 2685 742 2739 autem
768 2676 1028 2757 scriptor
1050 2678 1313 2758 loquitur
1341 2690 1422 2758 (p.
1460 2675 1597 2748 303)
1626 2697 1642 2738 :
1683 2678 1829 2734 Κατὰ
1854 2678 1914 2732 τὸ
1937 2698 2179 2754 γεγραμ-

544 2767 700 2842 μένον
737 2782 749 2796 ·
788 2768 907 2834 Ζωὴ
938 2770 1000 2824 τὸ
1055 2775 1288 2844 ΙΙνετμα,
1349 2770 1409 2824 τὸ
1467 2773 1572 2823 τῶν
1605 2768 1856 2845 οὒρανίων
1913 2765 2179 2839 δυνάμεων

544 2856 980 2935 ἀποτελεστικὸν,
1014 2854 1389 2918 «Secundum
1420 2854 1576 2937 quod
1607 2854 1895 2934 scriptum
1930 2853 2181 2934 est,Vita

541 2953 631 3006 est
662 2943 937 3025 Spiritus,
988 2945 1087 3027 qui
1144 2951 1469 3026 potestates
1529 2944 1800 3006 caelestes
1860 2943 2110 3023 perﬁcit.
2149 2970 2174 2998 υ

541 3033 709 3115 Quis,
745 3052 973 3115 quaeso,
1004 3036 1051 3096 si
1082 3034 1321 3115 paulum
1355 3033 1531 3095 modo
1560 3034 1619 3094 in
1654 3032 1924 3113 legendis
1953 3040 2181 3094 sancto-

536 3142 667 3187 rum
689 3126 925 3186 Patrum
950 3123 1186 3204 scriptis
1207 3134 1476 3185 versatus
1498 3124 1719 3196 sit,non
1748 3122 1943 3183 statim
1976 3122 2180 3182 credat

538 3213 665 3287 illa,
704 3231 734 3270 (
764 3211 899 3274 Vita
928 3221 1016 3273 est
1046 3212 1323 3293 Spiritus,
1373 3213 1472 3293 qui
1525 3218 1851 3292 potestates
1903 3211 2179 3272 caelestes

539 3302 801 3383 perﬁcit,
847 3327 869 3357 υ
905 3301 1125 3364 alicubi
1155 3302 1215 3363 in
1251 3302 1571 3381 Scripturis
1624 3300 1868 3362 totidem
1902 3301 2099 3363 verbis
2124 3312 2181 3364 et

538 3391 777 3472 syllabis
798 3390 1086 3453 inveniri?
1112 3388 1258 3452 Nam
1311 3398 1373 3451 ut
1402 3399 1758 3452 caeterorum
1810 3389 2181 3471 Patrum,ita

536 3480 742 3545 Basilii
766 3498 893 3542 mos
923 3488 1034 3561 est,
1068 3488 1153 3553 ut,
1202 3499 1335 3541 cum
1369 3488 1621 3541 utuntur
1653 3480 1745 3541 his
1776 3480 2015 3542 dicendi
2056 3480 2180 3541 for-

535 3569 734 3641 mulis,
797 3571 933 3627 κατὰ
990 3573 1051 3628 τὸ
1111 3569 1509 3649 γεγραμμένον,
1568 3571 1642 3634 ὡς
1696 3569 2013 3649 γέγραπται,
2077 3578 2179 3633 aut

532 3657 854 3729 similibus,
888 3665 1028 3719 tunc
1051 3676 1257 3720 eorum
1290 3666 1595 3720 auctorum
1628 3659 1729 3735 qui
1781 3657 1856 3720 ab
1910 3659 2058 3739 ipsis
2090 3660 2181 3722 ci-

530 3754 727 3808 tantur
757 3747 994 3827 propria
1022 3748 1202 3809 verba
1255 3745 1592 3827 proferant.
1627 3747 1825 3809 Aliter
1874 3755 2068 3812 tamen
2115 3769 2180 3812 se

532 3842 713 3915 gessit
737 3835 1112 3917 scriptor,sic
1137 3844 1201 3898 ut
1226 3835 1351 3898 haec
1370 3834 1575 3911 verba,
1604 3835 1776 3898 (Vita
1789 3846 1877 3897 est
1899 3836 2175 3918 Spiritus,

534 3925 635 4005 qui
661 3932 986 4005 potestates
1008 3926 1283 3988 ctelestes
1304 3926 1556 4006 perﬁcit,
1572 3950 1593 3983 η
1625 3926 1864 4006 propria
1887 3946 2006 3988 non
2035 3929 2175 4009 sint,

532 4031 729 4096 neque
740 4015 1024 4090 Matthaai,
1037 4034 1227 4096 neque
1241 4016 1653 4095 Marci,neque
1667 4016 1847 4077 ullius
1861 4017 2011 4078 alius
2023 4019 2177 4080 scri-

532 4104 721 4184 ptoris
733 4104 1022 4178 sacri,sed
1041 4104 1347 4186 suaipsius
1358 4104 1541 4166 verba
1560 4105 1773 4179 sint,id
1798 4108 2179 4178 est,hominis

533 4192 899 4273 Scripturam
918 4193 1343 4257 commentario
1354 4212 1459 4255 suo
1472 4198 1937 4276 corrumpentis.
1951 4201 2019 4261 Et
2040 4214 2180 4262 vero

531 4302 667 4345 cum
698 4291 911 4345 auctor
943 4286 1022 4346 ita
1054 4283 1288 4344 locutus
1320 4290 1432 4357 est,
1472 4308 1501 4339 α
1521 4285 1655 4346 Vita
1678 4292 1768 4345 est
1799 4284 2051 4365 Spiritus
2077 4288 2179 4364 qui

529 4379 856 4453 potestates
885 4372 1158 4435 caalestes
1183 4372 1477 4452 perﬁcit,»
1508 4373 1658 4434 nihil
1686 4374 1845 4436 aliud
1872 4394 2047 4456 quam
2080 4377 2180 4439 illa

529 4462 661 4543 ipsa
687 4461 922 4524 Davidis
953 4461 1161 4542 verba,
1221 4484 1243 4519 ι
1276 4462 1473 4525 Verbo
1509 4464 1749 4526 Domini
1784 4465 1918 4527 caeli
1959 4466 2178 4527 ﬁrmati

533 4560 694 4626 sunt,
721 4560 815 4613 etc
849 4600 864 4631 ,
898 4550 1241 4630 signiﬁcare
1297 4552 1508 4614 voluit.
1554 4552 1829 4616 Fortasse
1880 4556 2177 4635 ejusmodi

2276 1959 2478 2022 Παῦλος
2536 1960 2831 2028 ἁπόστολός
2900 1983 3053 2041 φησι,
3123 1973 3414 2040 nusquam
3470 1975 3613 2019 vero
3663 1956 3745 2017 uti
3797 1957 3899 2017 hoc

2271 2049 2567 2126 grandiori
2591 2048 2761 2130 stylo,
2787 2073 2814 2106 ο
2846 2050 3101 2125 Σολομὼν
3125 2052 3212 2107 καὶ
3241 2053 3274 2118 ἡ
3304 2056 3396 2106 τοῦ
3430 2047 3777 2123 Σολομῶντος
3807 2069 3896 2103 σου

2270 2140 2359 2217 φία
2388 2141 2537 2220 φησί,
2570 2148 2683 2201 etc.
2740 2164 2765 2195 α
2802 2138 3076 2203 Salomon
3126 2146 3186 2201 et
3226 2137 3593 2201 Salomontis
3623 2133 3897 2216 sapientia

2270 2228 2437 2302 dicit,
2480 2253 2504 2288 υ
2536 2236 2655 2292 etc.

2358 2318 2451 2379 7i.
2482 2318 2690 2380 Filium
2720 2337 2839 2380 non
2869 2336 3005 2380 raro
3055 2325 3226 2381 vocat
3252 2342 3277 2373 α
3314 2315 3653 2396 genituram
3691 2334 3719 2374 ›
3752 2314 3893 2376 scri-

2271 2417 2427 2488 ptor;
2452 2408 2573 2470 imo
2606 2410 2659 2471 ei
2688 2409 2747 2471 id
2772 2427 2992 2470 nomen
3038 2407 3344 2488 dignitatis
3367 2407 3498 2468 loco
3525 2406 3783 2467 tribuere
3812 2404 3890 2463 vi-

2269 2498 2621 2578 detur.Ejus
2646 2499 2830 2580 rei,ut
2860 2518 2924 2561 se
2953 2498 3120 2561 dabit
3153 2495 3697 2571 occasio,exempla
3715 2493 3893 2571 aliqua

2267 2586 3174 2669 subjiciemus.Exordiemurab
3199 2588 3312 2649 hoc
3343 2586 3497 2666 loco,
3530 2583 3638 2646 ubi
3667 2582 3889 2660 italegi-

2268 2685 2361 2739 tur
2394 2678 2477 2758 (p.
2511 2677 2651 2757 280)
2688 2696 2702 2741 ζ
2742 2681 2798 2737 Εἰ
2828 2680 3022 2754 κτίσμα
3080 2679 3325 2757 λὲγοθτες
3376 2678 3468 2733 τὸν
3500 2676 3645 2747 Γὶὸν,
3680 2673 3776 2752 οὐχ
3826 2675 3890 2733 ὡς

2266 2768 2322 2824 ἓν
2348 2770 2451 2825 τῶν
2480 2770 2788 2844 κτισμάτων
2844 2769 3055 2848 λέγουσι
3090 2784 3104 2799 ⁶
3167 2766 3304 2824 διατι
3360 2765 3604 2844 γέννημα
3648 2762 3891 2840 λεγόντων

2267 2859 2445 2939 ἡμῶν,
2478 2861 2551 2923 ὡς
2588 2861 2643 2916 ἓν
2672 2864 2776 2914 τῶν
2808 2861 3157 2937 γεννημάτων.
3190 2862 3396 2912 νοοῦσιν
3430 2873 3447 2933 ς
3487 2872 3512 2909 I
3552 2853 3613 2915 Si
3654 2869 3780 2912 cum
3808 2848 3892 2939 Fil-

2264 2946 2408 3008 lium
2432 2938 2647 3009 dicunt
2676 2956 3035 3027 creaturam,
3063 2964 3182 3007 non
3213 2952 3276 3006 ut
3308 2960 3487 3004 unam
3512 2962 3589 3003 ex
3618 2938 3886 3003 creaturis

2263 3035 2505 3113 dicunt;
2532 3055 2638 3101 cur
2668 3056 2803 3099 cum
2827 3037 3082 3099 dicimus
3116 3053 3225 3096 nos
3269 3033 3633 3113 genituram,
3681 3046 3807 3091 eum
3834 3036 3889 3088 ut

2262 3144 2439 3188 unam
2466 3145 2535 3188 ex
2558 3126 2857 3205 genituris
2886 3123 3257 3205 intelligunt?
3289 3143 3317 3183 ι
3354 3121 3425 3182 Et
3449 3120 3756 3202 aliquanto
3775 3125 3889 3197 post

2268 3217 2354 3297 (ιιι
2399 3216 2589 3296 983):
2653 3220 2710 3274 Εἰ
2754 3218 2951 3292 κτίσμα
3003 3217 3089 3274 καὶ
3147 3216 3208 3272 οὗ
3243 3212 3488 3291 γέννημα
3551 3216 3580 3268 6
3637 3212 3770 3282 Υἱὸς,
3818 3206 3892 3261 καὶ

2265 3308 2436 3363 πάντα
2467 3305 2522 3363 δὲ
2552 3308 2616 3363 τὰ
2660 3306 2785 3364 ὄντα
2842 3308 3130 3385 κτίσματα,
3191 3304 3367 3378 μάτην
3400 3301 3692 3379 ἀγέννητος
3721 3301 3747 3354 ὁ
3800 3302 3889 3385 Πις

2263 3398 2361 3473 τὴρ
2395 3396 2633 3475 λέγεται,
2694 3398 2788 3454 οὐκ
2846 3394 2997 3460 ὄντος
3065 3383 3205 3456 ὅλως
3284 3392 3645 3470 γεννήματος,
3704 3387 3820 3466 πρὸς
3868 3383 3892 3437 ὃ

2265 3486 2507 3543 καλεῖται
2544 3486 2858 3565 ὰγέννητος.
2912 3508 2934 3541 ι
2974 3483 3037 3547 Si
3081 3481 3273 3546 Filius
3302 3487 3579 3542 creatura
3629 3486 3738 3557 est,
3786 3490 3891 3565 uon

2265 3574 2557 3653 genitura,
2594 3562 2661 3636 et
2691 3580 2905 3636 cuncta
2929 3590 3061 3654 qum
3088 3576 3252 3650 sunt,
3285 3576 3577 3632 creatura
3606 3573 3759 3662 sunt,
3790 3562 3891 3662 ffu'

2264 3674 2388 3727 stra
2417 3665 2593 3727 Pater
2622 3664 2928 3745 ingenitus
2957 3662 3204 3735 dicitur,
3257 3677 3391 3723 cum
3425 3676 3546 3719 non
3570 3658 3648 3720 sit
3676 3658 3895 3745 omnino

2263 3756 2558 3833 genitum,
2593 3744 2766 3832 cujus
2795 3761 3075 3833 respectu
3126 3746 3464 3829 appelletur
3521 3744 3839 3824 ingenitus.
3868 3762 3890 3795 ι

2262 3844 2431 3907 Haud
2452 3844 2630 3922 longe
2661 3843 2742 3904 ita
2772 3841 2992 3921 legitur
3023 3840 3107 3921 (p.
3148 3837 3328 3915 284):
3367 3840 3423 3897 Et
3453 3838 3605 3915 φύσει
3634 3834 3893 3913 ἀγέννητος

2263 3937 2290 3991 6
2339 3921 2576 4011 Πατὴρ,
2619 3934 2768 4014 φύσει
2829 3932 3082 4010 γεννητὸς
3146 3933 3234 3985 καὶ
3282 3932 3309 3985 6
3372 3927 3513 3990 fide?
3550 3929 3595 3984 εἰ
3657 3924 3710 3980 δὲ
3763 3921 3895 4001 φύσει

2262 4024 2527 4102 γέννημα,
2588 4021 2760 4082 οὐκέτι
2804 4022 3026 4096 κτίσμα.
3080 4018 3283 4082 ’Ὀντος
3343 4019 3431 4073 οὖν
3474 4022 3566 4072 τοῦ
3610 4014 3753 4095 φύσει
3783 4031 3897 4089 γεν-

2262 4099 2525 4193 νήματος,
2574 4111 2779 4191 ἀνάγκη
2833 4112 2921 4168 καὶ
2960 4111 3051 4166 τὸν
3094 4108 3423 4185 γεννήσαντα
3452 4105 3619 4164 εἶναι.
3659 4126 3680 4159 α
3711 4099 3771 4164 Si
3800 4115 3896 4193 naf

2265 4210 2393 4264 tura
2415 4203 2715 4282 ingenitus
2746 4207 2835 4262 est
2863 4200 3057 4278 Pater,
3084 4195 3273 4259 Filius
3316 4212 3558 4275 quoque
3589 4199 3789 4254 natura
3816 4192 3899 4249 est

2263 4292 2497 4367 genitus
2526 4313 2540 4350 :
2578 4291 2683 4353 sed
2732 4291 2783 4351 si
2843 4289 3121 4369 genitura
3152 4289 3244 4347 est
3273 4292 3505 4355 natura,
3541 4293 3897 4362 nequaquam

2264 4389 2353 4442 est
2384 4386 2683 4443 creatura.
2720 4380 2866 4442 Cum
2900 4378 3083 4457 igitur
3115 4374 3388 4453 genitura
3437 4371 3513 4431 sit
3544 4378 3769 4441 natura,
3798 4383 3896 4426 ne-

2264 4488 2432 4532 cesse
2475 4478 2565 4532 est
2596 4477 2653 4531 et
2681 4468 3011 4548 genitorem
3046 4484 3239 4527 esse.»
3276 4462 3598 4542 Aliquanto
3649 4464 3775 4540 post
3796 4473 3897 4548 eo-

2262 4560 2395 4621 dem
2431 4559 2607 4622 modo
2640 4545 2900 4637 scriptor
2933 4555 3192 4636 loquitur
3221 4560 3305 4632 (p.
3359 4552 3501 4631 Q86)
3538 4571 3550 4608 :
3601 4548 3753 4607 Οὒδέν
3780 4636 3783 4637 ν
3808 4545 3895 4617 ἄρα

532 4640 775 4702 licentia
825 4648 1131 4720 utcunque
1185 4640 1492 4703 toleranda
1550 4650 1663 4722 est,
1696 4662 1831 4704 cnm
1864 4652 2175 4707 auctorum

2267 4652 2439 4707 κοινόν
2496 4650 2639 4706 ἐστιν
2699 4635 2838 4704 ι’ῑὸῑϊ
2880 4648 2967 4702 καὶ
3014 4635 3243 4723 Πατρὸς,
3302 4640 3417 4701 οὐδὲ
3448 4644 3482 4709 ἡ
3515 4641 3704 4711 κτίσις,
3750 4636 3896 4709 εἴπερ

534 4730 918 4812 profanorum
966 4729 1309 4793 testimonia
1368 4731 1753 4811 proferuntur
1791 4750 1803 4794 :
1850 4734 1951 4795 sed
2006 4734 2064 4795 in
2097 4736 2177 4796 ci-

536 4820 733 4882 tandis
756 4820 1153 4895 scriptoribus
1175 4819 1363 4882 sacris
1382 4838 1515 4881 eam
1539 4821 1674 4901 quis
1703 4820 1881 4883 ferat?
1907 4825 2178 4888 Profecto

533 4910 585 4970 si
600 4908 1293 4991 propriaScripturarum
1326 4910 1506 4971 verba
1542 4910 1629 4972 sic
1655 4912 1966 4974 immutare
1991 4917 2175 4977 semel

534 4997 730 5072 liceat,
758 4998 995 5077 quidvis
1027 4999 1548 5079 probare,quidvis
1570 5016 1789 5078 negare
1821 5000 2173 5065 facillimum

534 5088 670 5149 erit.
708 5087 791 5149 Ex
848 5105 966 5168 quo
1018 5096 1402 5169 sequeretur,
1434 5097 1497 5149 ut
1546 5092 1973 5152 controversiis
2003 5101 2179 5175 atque

532 5175 1017 5239 contentionibus
1039 5196 1153 5240 nec
1175 5178 1311 5239 ﬁnis
1336 5187 1534 5257 posset
1555 5178 1927 5259 imponi.nec
1944 5184 2177 5248 modus.

531 5263 765 5329 Addam
788 5268 944 5336 (nam
978 5266 1040 5328 id
1066 5285 1308 5347 quoque
1330 5267 1447 5329 huc
1469 5268 1681 5329 referri
1706 5271 2177 5351 potest),librum

530 5353 770 5416 tertium
794 5352 1001 5417 Esdrae
1028 5356 1100 5418 ab
1132 5355 1235 5445 illo
1286 5363 1529 5418 auctore
1568 5355 1658 5418 bis
1687 5360 1853 5421 citari
1886 5362 2121 5445 (p.316)
2160 5382 2173 5427 :

528 5460 706 5524 quem
742 5451 939 5506 tamen
964 5463 997 5506 a
1028 5444 1250 5508 Basilio
1283 5464 1576 5527 nusquam
1602 5446 1904 5511 laudatum
1940 5451 2175 5514 inveni-

528 5550 687 5595 mus.
723 5534 847 5596 Nec
874 5534 1066 5596 solum
1091 5535 1308 5597 citatur
1328 5535 1426 5597 hic
1454 5534 1740 5610 liber,sed
1764 5537 1944 5619 sic,ut
1970 5546 2029 5603 in
2055 5543 2179 5623 ipsa

603 5694 669 5746 66
696 5696 861 5762 Psal.
885 5712 1069 5779 xxxn,
1103 5698 1164 5763 6.

2262 4742 2474 4813 ποίημα
2530 4741 2618 4796 καὶ
2650 4737 2709 4794 οὐ
2754 4736 2995 4815 γέννημα
3046 4737 3074 4791 6
3125 4735 3273 4794 Υἱός.
3310 4732 3367 4788 Εἰ
3398 4731 3636 4809 γέννημα
3680 4730 3707 4783 6
3762 4725 3889 4793 Υἱὸς,

2262 4831 2365 4908 οὐχ
2423 4830 2493 4893 ὡς
2574 4828 2628 4885 ἓν
2717 4832 2823 4884 τῶν
2905 4824 3281 4903 γεννημάτων,
3363 4827 3470 4877 πᾶν
3541 4817 3597 4875 δὲ
3674 4817 3892 4894 γέννημα

2261 4904 2481 4998 κτίσμα,
2542 4918 2601 4974 οὒ
2652 4918 2849 4991 κτίσμα
2906 4918 2933 4972 6
2996 4914 3139 4978 Υἱός,
3204 4909 3332 4970 Οὐδὲ
3382 4910 3482 4987 γὰρ
3539 4908 3775 4998 γέννημα
3822 4904 3887 4963 ὡς

2263 4992 2683 5071 annumin!
2705 5023 2847 5084 ergo
2869 5019 3189 5065 commune
3209 5009 3297 5061 est
3315 4998 3478 5062 Patri
3498 5015 3631 5058 cum
3654 4992 3890 5066 Filio,ne

2262 5098 2479 5159 creatio
2512 5096 2781 5178 quidem,
2809 5094 2860 5155 si
2891 5093 3120 5155 factura
3142 5109 3260 5153 non
3292 5089 3566 5168 genitura
3596 5084 3770 5183 Filius
3789 5086 3885 5181 est.

2263 5186 2325 5251 Si
2346 5186 2532 5249 Filius
2552 5186 2827 5265 genitura
2843 5194 3085 5263 est,non
3109 5190 3391 5260 tanquam
3411 5196 3527 5239 una
3549 5182 3883 5256 egeniturts,

2264 5278 2459 5339 omnis
2495 5284 2691 5338 autem
2719 5275 2996 5352 genitura
3026 5279 3303 5333 creatura
3330 5277 3445 5341 est,
3479 5284 3598 5329 non
3637 5270 3885 5352 creatura

2268 5368 2449 5432 Filius
2478 5373 2589 5443 est,
2620 5349 2815 5445 nequo
2845 5362 3008 5425 enim
3039 5360 3318 5440 genitura
3351 5364 3442 5420 est
3473 5362 3538 5418 ut
3563 5354 3687 5416 illa.
3719 5377 3743 5407 ι
3768 5349 3884 5445 Dis-

2262 5456 2460 5521 simile
2490 5441 2609 5517 non
2641 5441 2735 5517 est
2778 5452 2937 5534 quod
2998 5449 3277 5530 sequitur
3303 5447 3390 5529 (p.
3424 5446 3561 5519 287)
3590 5466 3603 5504 :
3636 5446 3689 5501 Εἰ
3719 5445 3745 5498 ὁ
3774 5441 3881 5534 ι’ίὸς

2263 5550 2550 5628 ἐνέργημα,
2583 5546 2670 5601 καὶ
2714 5528 3102 5620 06-75mm,—
3154 5540 3273 5599 οὕτε
3330 5528 3359 5595 6
3418 5537 3721 5614 ἐνεργήσας,
3783 5528 3883 5586 οὔτε
