4100 6202
1336 386 1409 448 D.
1455 384 1611 446 JUL.
1659 382 2038 446 GARNERII
2082 382 2504 446 PREFATIO.

3336 404 3609 458 CCXXXIII

226 532 272 588 ι,
314 515 407 585 34)
449 537 461 575 :
488 516 597 578 sed
624 519 852 596 priora,
892 520 1240 592 «Quomodo
1270 538 1625 600 cognoscam
1653 518 1874 599 istud,»
1901 522 1943 573 Δ
1966 517 2395 593 quihoslibros
2414 515 2630 578 Basilio
2650 516 2939 590 tribuunt,
2969 536 3076 581 cur
3104 519 3202 581 hic
3223 520 3395 585 aliter
3427 544 3602 605 quam

230 605 528 667 Zachariae
553 625 687 670 esse
718 616 949 670 constat
980 627 1049 670 ex
1081 609 1228 671 Luc.
1276 628 1319 689 ι,
1350 612 1444 673 18.

313 695 413 759 68.
440 695 739 758 Hactenus
767 697 900 759 loca
924 698 1217 778 quaedam,
1252 718 1387 777 quae
1410 700 1672 779 phrasim
1707 699 1880 761 Basi-

229 784 449 847 lianam
475 786 675 849 minus
697 789 1303 867 sapiant,retulimus:
1331 808 1490 849 nunc
1516 808 1693 851 voces
1719 788 1878 850 mul-

227 888 338 949 tas,
365 894 518 955 quas
547 876 609 937 in
631 877 907 956 genuinis
930 878 1135 941 Basilii
1161 878 1445 959 operibus
1479 878 1732 940 inveniri
1759 897 1879 939 non

225 966 639 1045 putamus,hic
652 966 831 1029 simul
844 986 1176 1047 congerere
1188 968 1365 1030 nobis
1379 974 1748 1048 propositum
1764 976 1874 1044 est,

225 1053 352 1116 Vox
380 1057 528 1119 θέσις
583 1056 777 1136 prima
807 1058 1090 1121 occurrit.
1125 1056 1288 1119 Nihil
1326 1064 1490 1120 certe
1524 1076 1593 1120 ea
1621 1077 1765 1120 voce
1795 1060 1878 1119 fa-

226 1144 521 1205 miliarius
554 1154 645 1207 est
675 1148 1093 1228 scriptori,pro
1112 1167 1182 1210 eo
1201 1149 1359 1229 quod
1378 1156 1468 1210 est
1504 1172 1531 1204 α
1566 1148 1869 1229 adoptio.»

222 1232 656 1314 Frequentiora
670 1244 808 1298 sunt
828 1238 1309 1318 exempla,quam
1339 1244 1408 1301 ut
1427 1237 1627 1315 aliqua
1657 1240 1717 1299 in
1748 1256 1875 1299 me-

220 1322 384 1383 dium
413 1324 684 1403 proferre
704 1344 954 1388 necesse
971 1327 1242 1408 sit.Nusq
1254 1346 1387 1389 uam
1409 1328 1873 1408 tamen,opinor,

224 1430 289 1473 ea
339 1431 453 1474 vox
504 1434 613 1494 pro
663 1414 987 1497 adoptione
1040 1417 1097 1477 in
1157 1417 1413 1480 sinceris
1453 1436 1522 1479 ac
1570 1417 1877 1495 germanis

226 1501 429 1563 Basilii
449 1504 621 1567 libris
644 1505 1211 1587 usurpatur.Vocem
1235 1512 1482 1589 aioﬂsata,
1512 1527 1629 1569 non
1662 1525 1870 1569 vocem

222 1593 472 1667 os'm,eo
498 1594 810 1657 intellectu
840 1595 1129 1659 adhibere
1168 1596 1323 1660 solet
1359 1605 1560 1660 orator
1590 1601 1873 1677 optimus.

224 1685 398 1744 Certe
424 1682 475 1743 si
496 1683 667 1760 alias,
708 1686 962 1750 maxime
992 1686 1055 1747 in
1088 1686 1237 1748 libro
1276 1687 1365 1750 De
1391 1687 1638 1767 Spiritu
1663 1694 1877 1749 sancto

223 1782 275 1833 et
299 1775 362 1833 in
382 1773 579 1835 tribus
604 1776 813 1855 primis
838 1779 906 1837 in
922 1776 1301 1838 Eumomium
1337 1776 1509 1839 libris
1532 1793 1753 1838 nomen
1782 1777 1875 1833 θέ-

1964 606 2189 667 solebat
2219 606 2449 669 locutus
2484 605 2773 686 sit,seque
2795 609 2887 669 sui
2921 608 3273 672 dissimilem
3307 616 3603 692 praestite-

1964 696 2059 755 rit.
2094 694 2244 757 Illud
2275 697 2358 776 (ρ,
2408 695 2551 775 305)
2635 698 2731 785 Καὶ
2760 698 2820 753 τὸ
2851 696 2935 754 διὰ
2968 700 3087 757 Υἱοῦ
3117 704 3406 781 πεφηνέναι
3437 709 3605 785 σαφὸς

1964 786 2276 852 πεποίηκεν.
2310 786 2418 847 «Et
2448 802 2553 864 per
2567 784 2780 847 Filium
2803 786 3091 850 eﬂ'alsisse
3114 790 3340 852 clarum
3372 784 3531 869 fecit,
3572 820 3600 849 ιι

1963 873 2195 935 videtur
2245 874 2392 935 mihi
2445 893 2563 936 non
2621 892 2824 953 parum
2875 894 2910 937 a
2940 878 3233 942 Basiliana
3261 881 3608 959 eloquentia

1961 962 2383 1026 alienum.Hac
2414 963 2652 1053 dicendi
2678 964 2957 1046 formula,
2987 970 3150 1047 σαφὲς
3174 973 3459 1052 πεποίηκε,
3490 993 3601 1053 ρο-

1964 1053 2072 1114 tuit
2096 1054 2176 1115 uti
2212 1053 2467 1134 scriptor
2498 1052 2847 1129 indisertus,
2875 1074 2991 1117 non
3023 1056 3277 1121 Basilius
3300 1052 3603 1125 oratorium

1959 1142 2411 1232 disertissimus.
2463 1143 2954 1221 Peregrinitatem
3009 1145 3127 1208 olet
3178 1148 3324 1209 illud
3367 1169 3604 1232 quoque

1963 1232 2034 1311 (p.
2082 1231 2273 1311 307):
2339 1230 2629 1309 Ἐκπομπῇ
2672 1235 2769 1312 γὰρ
2826 1237 2913 1293 καὶ
2958 1236 3237 1311 μεταδόσει
3300 1230 3600 1316 [Ινεύμαὲος

1957 1323 2021 1378 τὰ
2050 1324 2301 1401 γινόμενα
2344 1325 2567 1401 γίνεται.
2628 1347 2655 1378 α
2690 1325 2841 1386 Nam
2877 1342 3010 1405 quae
3054 1326 3227 1408 ﬁunt,
3277 1330 3603 1392 emissione

1957 1419 2133 1501 atque
2162 1411 2617 1501 participatione
2664 1412 2922 1493 Spiritus
2972 1415 3145 1477 ﬁunt.
3188 1441 3211 1473 ι
3248 1420 3322 1479 Et
3349 1438 3515 1501 vero,
3550 1421 3601 1482 si

1959 1500 2116 1564 bene
2139 1500 2546 1577 commemini,
2584 1520 2725 1565 voce
2751 1504 3005 1579 ἐκπομπή
3041 1524 3159 1567 non
3204 1508 3387 1569 utitur
3425 1500 3598 1571 Basi-

1959 1592 2094 1653 lius.
2139 1592 2307 1655 Haud
2340 1591 2569 1672 procul,
2600 1592 2674 1653 de
2702 1592 2922 1656 Davide
2980 1593 3229 1675 loquens
3261 1606 3468 1661 auctor
3512 1599 3600 1661 sic

1957 1680 2166 1743 scribit
2203 1682 2288 1761 (p.
2321 1680 2461 1762 309)
2493 1698 2506 1739 :
2563 1681 2680 1739 Οὐδ’
2712 1681 2772 1739 ἂν
2803 1683 2899 1749 τὴν
2924 1694 3013 1743 τοῦ
3044 1687 3353 1761 Πνεύματος
3388 1711 3597 1763 παρου-

1956 1774 2095 1845 σίαν,
2144 1772 2326 1828 δούλω
2356 1774 2442 1829 καὶ
2492 1772 2777 1845 κτίσματος
2822 1772 2994 1853 ὄντος,
3057 1775 3142 1831 ἐπὶ
3192 1778 3364 1834 πάντα
3397 1778 3599 1849 διήκειν

222 1888 297 1928 τις
322 1883 359 1924 a
389 1864 614 1925 Basilio
640 1866 914 1947 usurpari
939 1866 1250 1942 debuerat,
1279 1885 1413 1928 cum
1432 1866 1586 1928 iniis
1616 1865 1691 1928 de
1719 1866 1863 1928 ado-

1957 1860 2177 1941 ἕφκτκεν
2209 1866 2236 1917 ὁ
2266 1859 2527 1936 ὑμνῳδός.
2586 1886 2612 1915 α
2648 1862 2858 1942 Neque
2908 1863 3164 1945 Spisitus
3192 1868 3595 1945 praesentiam,

218 1955 425 2033 ptione
446 1954 736 2035 frequens
756 1958 833 2019 sit
854 1970 1079 2019 sermo:
1109 1965 1329 2036 tamen,
1362 1956 1520 2037 quod
1552 1955 1628 2018 ab
1659 1955 1871 2017 horum

221 2047 479 2107 lectione
502 2064 719 2107 recens
737 2055 1189 2127 sum,praestare
1207 2046 1397 2108 audeo
1420 2047 1551 2126 ejus
1582 2064 1657 2107 ne
1687 2045 1865 2107 vesti-

220 2135 384 2209 gium
416 2136 664 2215 quidem
697 2136 754 2196 in
789 2136 882 2197 his
932 2144 1187 2199 exstare.
1220 2135 1509 2199 Similiter
1555 2154 1663 2197 vox
1690 2138 1867 2203 θεϊκός

216 2224 711 2304 frequentissimo
743 2229 799 2287 in
833 2225 1064 2287 duobus
1095 2226 1186 2287 his
1236 2224 1671 2306 posterioribus
1698 2223 1869 2286 libris

215 2322 503 2393 usurpata
536 2316 850 2378 invenitur.
883 2318 1070 2389 Quam
1124 2326 1325 2378 autem
1348 2314 1609 2377 alienum
1642 2313 1698 2375 id
1730 2314 1808 2375 sit
1836 2332 1870 2375 a

213 2402 423 2465 Basilii
461 2404 751 2480 instituto,
788 2424 860 2468 ex
891 2408 1020 2484 ejus
1067 2404 1343 2485 genuinis
1395 2403 1562 2466 libris
1612 2404 1869 2484 perspici

213 2501 434 2574 potest.
465 2493 725 2557 Fatebor
739 2495 982 2575 quidem
1002 2512 1205 2557 vocem
1226 2496 1405 2558 θεϊκός
1430 2493 1491 2554 in
1513 2511 1583 2553 ea
1599 2493 1869 2554 oratione

210 2602 348 2658 qua:
401 2582 568 2645 inter
598 2583 865 2645 divorsas
914 2584 1147 2647 decima
1206 2584 1462 2663 septima
1491 2592 1858 2657 numeratur,

211 2672 330 2751 legi
361 2690 378 2735 :
414 2673 526 2733 sed
559 2691 757 2734 causae
774 2682 909 2734 sunt
930 2691 1049 2734 non
1081 2673 1265 2745 leves,
1287 2690 1394 2732 cur
1413 2671 1473 2732 id
1509 2673 1859 2752 Opusculum

1954 1955 2001 2010 si
2021 1969 2226 2013 servus
2248 1959 2305 2013 et
2322 1958 2599 2013 creatura
2618 1958 2798 2032 esset,
2834 1953 3032 2013 omnia
3050 1955 3374 2034 pervadere
3406 1957 3595 2019 dixis—

1952 2048 2044 2101 set
2069 2041 2423 2121 hymnorum
2445 2048 2714 2103 cantor.»
2751 2042 2882 2103 Vox
2901 2042 3139 2118 ὑμνῳὸός
3162 2045 3343 2107 alieni
3372 2045 3597 2127 aliquid

1952 2137 2009 2190 et
2033 2129 2333 2209 peregrini
2347 2131 2579 2193 videtur
2596 2131 3019 2211 praeferremec
3031 2150 3162 2195 eam
3186 2143 3326 2213 puto
3347 2154 3595 2216 usquam

1950 2224 2253 2283 inventum
2276 2220 2347 2283 iri
2366 2220 2523 2299 apud
2540 2220 2977 2284 Basilium.Hoc
3010 2222 3170 2285 idem
3205 2223 3427 2287 dictum
3461 2228 3594 2288 volo

1950 2308 2025 2371 de
2047 2309 2173 2389 illo,
2196 2313 2224 2367 ὁ
2244 2311 2393 2389 ἅγιος
2419 2311 2646 2383 Παῦλος,
2689 2318 2963 2373 «sanctus
2984 2310 3223 2377 Paulus.
3240 2339 3260 2371 ι
3290 2314 3409 2377 Etsi
3432 2317 3595 2380 enim

1950 2398 2205 2460 Basilius
2235 2399 2722 2480 frequentissime
2772 2400 3019 2463 Paulum
3054 2406 3359 2481 nominat;
3396 2413 3595 2469 tamen

1950 2488 2277 2566 epithetum
2311 2488 2480 2563 illud,
2516 2491 2694 2570 ἅγιος,
2755 2508 3082 2571 nunquam,
3120 2493 3358 2572 opinor,
3394 2496 3446 2556 ei
3483 2496 3593 2558 tri-

1950 2576 2231 2640 buit.Non
2257 2595 2407 2656 nego
2458 2577 2699 2658 quidem
2727 2579 2834 2640 has
2887 2597 3084 2655 voces,
3114 2584 3142 2637 ὁ
3172 2582 3323 2659 ἅγιος
3360 2586 3589 2661 Παῦλος,

1945 2666 2227 2746 conjungi
2247 2665 2422 2727 simul
2441 2666 2503 2728 in
2519 2666 2671 2729 libro
2700 2669 2783 2730 De
2801 2667 3056 2748 Spiritu
3085 2678 3311 2752 sancto,
3336 2674 3591 2753 cap.de-

213 2782 515 2841 ponamus
558 2771 618 2825 et
663 2763 861 2844 ipsum
909 2764 971 2826 in
1029 2762 1326 2825 subditiis.
1362 2763 1661 2842 Nusquam
1693 2762 1858 2843 alibi,
1945 2756 2099 2816 cimo
2127 2764 2290 2818 sexto
2326 2777 2340 2817 :
2375 2755 2481 2818 sed
2515 2773 2716 2819 vocem
2760 2758 2911 2835 ἅγιος
2943 2759 3395 2838 expungendam
3430 2780 3587 2839 esse,

209 2852 371 2929 quod
398 2852 619 2933 sciam,
654 2871 725 2914 ea
760 2872 867 2914 vox
891 2852 1207 2933 reperitur.
1248 2852 1379 2914 Non
1404 2852 1484 2913 ita
1512 2852 1766 2932 pridem,
1801 2860 1864 2914 ut
1946 2862 2017 2908 ex
2044 2846 2215 2908 libris
2236 2846 2497 2925 antiquis
2526 2846 2907 2910 constat.Nec
2936 2850 3410 2928 praetereundum
3442 2852 3591 2914 illud

211 2961 341 3002 mox
362 2942 853 3015 airhamJibrum
876 2944 957 3005 De
971 2942 1218 3023 Spiritu
1241 2948 1456 3003 sancto
1478 2948 1537 3002 et
1555 2948 1677 3002 tres
1694 2941 1861 3021 prio-
1945 2939 2029 3014 (p.
2058 2933 2226 3017 3i3),
2268 2940 2457 3000 Deum
2488 2937 2606 2998 dici
2636 2936 2710 2999 ab
2740 2944 2982 3013 auctore
3034 2939 3291 3017 πανάγιον
3325 2956 3341 3000 :
3405 2959 3585 3021 quam

208 3050 304 3092 res
334 3035 401 3093 in
438 3031 824 3095 Eunomium
858 3032 1036 3093 libros
1056 3031 1376 3110 diligenter
1405 3029 1612 3110 legi,in
1642 3030 1861 3110 quibus
1944 3042 2147 3088 vocem
2180 3025 2337 3107 apud
2361 3025 2646 3089 Basilium
2678 3032 2780 3104 qui
2805 3027 3126 3107 quaesierit,
3157 3027 3354 3090 oleum
3380 3030 3593 3109 perdet

212 3132 271 3181 ut
294 3120 357 3182 in
380 3120 640 3199 reliquis
670 3121 945 3201 genuinis
978 3122 1173 3184 Basilii
1212 3119 1449 3201 scriptis
1469 3138 1587 3180 non
1614 3120 1859 3181 memini
1945 3123 2003 3176 et
2031 3115 2425 3197 operam.Sed
2460 3120 2739 3197 quoniam
2769 3117 2897 3178 haec
2925 3117 3174 3179 fortasse
3210 3117 3432 3179 leviora
3453 3123 3587 3201 qui-

209 3212 369 3271 vocis
388 3212 773 3277 θεῖκόςιιηιιηι
790 3211 1608 3291 vestigiuminvenisse.Rogo
1620 3209 1746 3289 jam
1760 3228 1859 3291 ορ.
1877 3244 1918 3295 c
1943 3202 2192 3267 busdam
2225 3205 2605 3284 videbuntur,
2641 3223 2710 3268 ea
2739 3214 2799 3268 et
2828 3206 2943 3269 alia
2971 3206 3035 3267 id
3064 3224 3253 3287 genus
3292 3209 3589 3288 permulta

209 3300 389 3361 timos
409 3319 681 3382 quosque
696 3303 850 3364 viros
871 3302 1233 3382 eosdemque
1248 3300 1306 3361 in
1322 3299 1596 3378 legendis
1608 3300 1859 3362 auctori-
1942 3295 2300 3357 omittamus.

212 3389 320 3451 bus
340 3392 953 3471 versatissimos,num
978 3391 1039 3452 in
1064 3408 1230 3452 more
1257 3400 1564 3451 auctorum
1599 3388 1854 3469 positum
2026 3386 2312 3448 70.Paulo
2341 3385 2576 3463 gravius
2606 3387 2767 3468 quod
2798 3388 3179 3470 sequitur,ita
3208 3389 3379 3452 citari
3408 3388 3590 3453 verba

208 3480 754 3560 sit,utquibusdam
778 3480 1017 3545 vocibus
1047 3481 1109 3541 in
1140 3500 1259 3543 uno
1272 3490 1370 3542 aut
1391 3480 1577 3541 altero
1596 3498 1857 3561 opuscu-
1940 3476 2261 3555 Scripturae
2276 3476 2337 3537 in
2357 3476 2583 3538 ultimis
2603 3476 2837 3540 duobus
2857 3479 2922 3541 in
2935 3477 3591 3554 Eunomiumlibris,ut

214 3570 268 3630 lo
293 3571 625 3651 saepissime
656 3570 1173 3645 utantur,easdem
1204 3588 1338 3631 vero
1362 3570 1422 3630 in
1453 3569 1702 3650 reliquis
1731 3570 1856 3631 suis
1940 3585 2144 3629 eorum
2175 3575 2378 3629 auctor
2398 3586 2432 3630 a
2454 3567 2749 3631 Basiliano
2784 3587 2950 3631 more
2982 3577 3136 3631 totus
3167 3569 3583 3632 discedatJtes

212 3660 379 3720 libris
409 3679 714 3740 nunquam
766 3659 1108 3739 adhibeant,
1144 3659 1396 3721 maxime
1421 3658 1473 3720 si
1505 3658 1599 3720 his
1647 3658 1854 3721 utendi
1938 3657 2229 3739 exemplis
2249 3656 2460 3719 evadet
2488 3658 2727 3722 clarior.
2760 3656 2858 3721 Sic
2908 3659 3086 3738 igitur
3116 3659 3378 3741 loquitur
3428 3659 3585 3721 scri-

214 3749 435 3826 passim
470 3748 644 3811 detur
668 3751 922 3812 occasio.
956 3749 1112 3812 Fieri
1135 3749 1376 3830 quidem
1410 3757 1605 3828 potest
1634 3756 1699 3811 ut
1737 3748 1851 3811 fal-

1947 3755 2073 3827 plOt‘
2106 3749 2191 3828 (p'
2230 3748 2368 3827 317)
2410 3768 2424 3810 ε
2488 3748 2615 3808 Οὐδὲ
2669 3750 2767 3827 γὰρ
2817 3752 3202 3824 προσκυνήσεις
3249 3757 3364 3824 Θεῷ
3410 3746 3590 3805 ἀλλο--

213 3837 297 3896 lar
330 3859 343 3898 :
370 3838 476 3898 sed
495 3837 754 3900 arbitror
769 3840 860 3901 rei
886 3848 999 3901 tam
1035 3858 1200 3901 nova)
1232 3838 1482 3918 proferri
1513 3837 1849 3918 exemplum
1935 3839 2084 3916 τρίῳ,
2109 3839 2429 3917 γέγραπται,
2457 3840 2531 3900 ad
2553 3838 2827 3912 verbum,
2868 3861 2892 3896 ι
2934 3842 3142 3921 Neque
3172 3838 3334 3902 enim
3359 3837 3581 3901 adora-

213 3927 437 3987 nullum
476 3929 869 4006 posse,idque
899 3932 1097 3996 νοθείας
1122 3947 1254 3992 esse
1276 3937 1685 4008 argumentum
1719 3947 1850 3990 cer-
1939 3927 2029 3989 bis
2063 3930 2247 3990 Deum
2290 3927 2575 4003 alienum,
2612 3928 2899 4009 scriptum
2948 3938 3059 3994 est.
3099 3956 3125 3987 »
3164 3929 3425 3991 Basilius
3448 3946 3582 3988 cum

211 4016 530 4078 tissimum.
559 4018 705 4081 Cum
738 4019 921 4098 igitur
951 4020 1042 4081 hae
1073 4019 1206 4081 duae
1255 4037 1449 4093 voces,
1475 4019 1617 4083 θέσις
1649 4026 1707 4079 et
1733 4023 1855 4075 θεϊ-
1937 4016 2303 4097 Scripturam
2333 4018 2495 4099 citat,
2530 4018 2722 4098 primo
2753 4021 2885 4081 loco
2910 4022 3076 4099 ponit
3107 4020 3265 4101 quod
3296 4019 3393 4079 hic
3422 4017 3585 4078 vide-

210 4106 666 4185 xd<,saapissime
684 4117 998 4170 occurrant
1018 4108 1079 4168 in
1106 4108 1333 4170 ultimis
1354 4106 1588 4169 duobus
1611 4108 1678 4170 in
1713 4106 1851 4168 Eu-
1938 4126 2070 4169 mus
2093 4107 2321 4168 ultimo.
2348 4106 2468 4170 Nec
2490 4109 2632 4169 mihi
2650 4108 2896 4171 dubium
2919 4118 3027 4184 est,
3060 4109 3107 4171 si
3130 4110 3342 4171 horum
3373 4114 3583 4169 auctor

208 4199 476 4257 nomium
506 4197 698 4279 libris,
734 4218 842 4260 nec
876 4207 1070 4260 tamen
1096 4199 1366 4278 legantur
1388 4199 1449 4258 in
1481 4196 1669 4258 tribus
1696 4196 1853 4277 prio—
1938 4205 2117 4271 esset,
2141 4200 2285 4278 quin
2316 4198 2658 4280 scripsisset
2686 4198 2799 4261 hoc
2830 4199 2955 4261 fere
3000 4199 3178 4261 modo
3218 4220 3231 4261 :
3284 4198 3580 4273 Γέγραπται

208 4285 603 4368 ribus,neque
631 4288 689 4350 in
714 4291 847 4352 aliis
872 4291 1072 4353 Basilii
1095 4291 1331 4369 scriptis
1362 4308 1481 4352 non
1502 4297 1848 4351 controver-

1947 4288 2032 4365 γάρ
2068 4303 2081 4317 ⁸
2118 4287 2245 4347 Οὐδὲ
2279 4292 2662 4367 προσκυνήσεις
2722 4297 2839 4363 Θεῷ
2868 4290 3156 4366 ἀλλοτρίῳ.
3218 4310 3242 4345 α
3279 4284 3579 4363 Scriptum

207 4375 378 4449 sis,in
412 4377 631 4456 quibus
663 4386 858 4441 tamen
881 4380 977 4442 his
994 4379 1199 4442 utendi
1219 4380 1501 4461 frequens
1530 4378 1640 4439 fuit
1669 4394 1849 4439 occa-
1933 4383 2021 4437 est
2039 4378 2222 4439 enim:
2250 4380 2457 4456 Neque
2476 4376 2751 4440 adorabis
2773 4380 2961 4441 Deum
2992 4378 3253 4440 alienum
3284 4374 3358 4439 6³.
3396 4400 3424 4431 ι
3456 4376 3582 4437 Nec

207 4463 317 4535 sio;
339 4465 477 4533 hinc
503 4467 661 4529 efﬁci
684 4468 937 4549 videtur,
969 4469 1119 4532 duos
1139 4472 1244 4531 hos
1276 4469 1459 4532 libros
1490 4466 1849 4549 posteriores
1931 4469 2127 4547 aptius
2156 4476 2360 4529 auctor
2389 4467 2587 4530 citavit
2616 4468 3011 4548 Scripturam,
3045 4486 3178 4530 eum
3240 4470 3317 4529 ita
3350 4467 3581 4528 locutus

206 4551 631 4654 Basilio-tribui
664 4577 780 4617 non
814 4559 1063 4654 debere.
1338 4647 1373 4654 η
1552 4648 1564 4654 _

1947 4566 2021 4618 est
2050 4568 2135 4638 (p.
2171 4557 2311 4637 306)
2342 4575 2355 4617 ε
2392 4558 2503 4615 ’Ἔν
2530 4557 2583 4614 δὲ
2610 4560 2698 4615 καὶ
2726 4560 2786 4615 τὸ
2817 4564 3030 4633 Πνεῦμα
3075 4560 3138 4614 τὸ
3187 4558 3369 4636 ἅγιον,
3432 4557 3576 4625 ἀλη-

284 4645 385 4706 69.
428 4643 706 4723 Ejusdem
758 4650 1003 4725 generis
1045 4658 1181 4709 sunt
1212 4656 1271 4709 et
1300 4647 1416 4708 alia
1448 4648 1655 4725 multa,
1689 4665 1843 4725 qua),

1947 4652 2031 4713 id);
2090 4649 2240 4725 ἅγιον
2295 4655 2528 4727 Πνεῦμα,
2582 4648 2717 4705 κατᾶ
2762 4650 2824 4704 τὸ
2870 4649 3266 4726 γεγραμμένον,
3315 4650 3375 4703 τὸ
3433 4650 3567 4722 μετὰ

204 4734 358 4813 quod
393 4744 452 4794 et
484 4735 611 4815 ipsa
640 4738 909 4799 nonnihil
941 4739 1012 4800 ad
1041 4757 1167 4799 rem
1211 4737 1449 4811 faciant,
1482 4756 1599 4798 non
1627 4736 1850 4815 pigebit

1947 4740 2133 4815 Πατρὸς
2165 4740 2251 4793 καὶ
2285 4740 2405 4794 Υἱοῦ
2452 4736 2915 4813 συνδοξαζόμενον,
2980 4759 3007 4792 α
3057 4738 3132 4799 Ει
3173 4754 3327 4798 unus
3380 4735 3577 4815 Spiri-

204 4824 747 4887 adnotare.Ducam
772 4827 1003 4888 initium
1027 4827 1100 4890 ab
1126 4827 1219 4889 his
1253 4824 1445 4887 verbis
1472 4824 1700 4906 (p.298)
1742 4847 1754 4888 :
1794 4829 1849 4884 Et

205 4916 372 4968 τοίην
426 4917 484 4969 τὸ
536 4916 892 4993 ὓπερκὸσμιον
948 4924 1104 4992 σῶμα
1166 4925 1388 4993 Χριστοῦ
1437 4918 1497 4972 ἐκ
1544 4914 1846 4990 Πνεύματός

205 5001 338 5056 ἐστιν
390 5004 567 5080 ἁγίου.
637 5028 663 5058 α
700 5003 763 5066 Si
813 5005 990 5083 igitur
1047 5007 1594 5086 supermundanum
1629 5003 1848 5068 Christi

203 5106 420 5169 corpus
435 5108 507 5151 ex
529 5091 753 5169 Spiritu
771 5104 971 5155 sancto
990 5103 1093 5155 est
1140 5115 1170 5154 ›
1197 5096 1510 5175 Nunquam
1568 5095 1683 5156 nisi
1718 5093 1844 5154 val-

204 5177 277 5237 de
308 5178 505 5251 fallor,
529 5180 613 5241 sic
635 5199 852 5263 corpus
883 5182 1096 5246 Christi
1124 5184 1383 5265 appellat
1409 5184 1683 5246 Basilius.
1724 5181 1846 5245 Nec

202 5284 377 5329 secus
392 5270 789 5348 judicandum
817 5273 891 5335 de
919 5273 1021 5334 illo
1051 5277 1139 5353 (p.
1168 5273 1313 5349 299)
1342 5295 1356 5334 :
1391 5273 1608 5342 Ἐπειδὴ
1714 5277 1842 5338 Θεὸς

203 5364 334 5413 Θεοῦ
370 5372 497 5421 nat;
531 5358 758 5442 Ἰησοῦς,
795 5372 909 5427 etc.
948 5367 1132 5425 «Cum
1160 5372 1357 5424 autem
1383 5362 1538 5425 Deus
1565 5362 1671 5424 Dei
1699 5380 1845 5442 puer

203 5445 394 5520 Jesus,
442 5470 463 5503 ι
501 5460 617 5512 etc.
644 5450 891 5513 Basilius
919 5455 1217 5515 sexcentis
1237 5452 1384 5514 locis
1400 5452 1699 5515 Christqu
1733 5452 1844 5514 Do-

206 5533 428 5595 minum
477 5548 641 5600 vacat
665 5539 772 5602 Dei
809 5564 836 5597 c
873 5540 1086 5605 Filium
1122 5558 1136 5603 :
1175 5566 1201 5596 ι
1235 5542 1340 5604 sed
1381 5560 1669 5623 nusquam
1704 5560 1842 5605 eum

202 5624 456 5705 appellat
479 5627 586 5691 Dei
612 5653 634 5686 ι
647 5648 927 5713 puerum,
961 5655 985 5691 ιο
1032 5639 1163 5689 Θεοῦ
1192 5630 1380 5691 παῖδα.
1416 5630 1627 5696 Dicant
1662 5632 1843 5710 igitur

278 5783 344 5835 6³
369 5787 582 5856 Matth.
616 5810 699 5871 iv,
730 5794 793 5859 9.
829 5812 849 5873 ;
880 5794 1060 5859 Deut.
1092 5810 1173 5869 vn,
1202 5791 1306 5857 13.

1932 4835 2025 4888 tus
2056 4837 2320 4906 sanctus,
2366 4842 2505 4887 vere
2539 4825 2796 4906 Spiritus
2848 4835 3117 4901 sanctus,
3151 4825 3482 4889 secundum
3514 4824 3575 4887 id

1930 4916 2089 4995 quod
2111 4915 2397 4995 scriptum
2411 4916 2642 4994 .est,qui
2662 4933 2796 4979 cum
2821 4917 2994 4978 Patre
3010 4929 3067 4978 et
3089 4916 3240 4979 Filio
3261 4914 3572 4993 conglori-

1930 5006 2159 5067 ﬁcatur.
2176 5030 2198 5062 ι)
2226 5006 2415 5068 Velim
2437 5004 2671 5068 discere
2683 5005 2756 5068 ab
2773 5005 3108 5086 aliquo,ubi
3131 5006 3574 5087 Scripturarum

1929 5092 2009 5155 ita
2027 5100 2317 5173 scriptum
2340 5095 2436 5168 sit.
2474 5095 2779 5168 «Quicum
2810 5098 2983 5160 Patre
3015 5104 3075 5157 et
3105 5092 3331 5175 Spiritu
3365 5105 3573 5157 sancto

1929 5182 2435 5261 congloriﬁcatur.
2476 5208 2499 5243 υ
2554 5183 2741 5247 Erunt
2783 5184 3031 5247 fortasse
3083 5183 3185 5265 qui
3215 5182 3420 5246 dicant
3447 5184 3575 5247 haec

1928 5272 2111 5333 verba
2162 5292 2278 5333 non
2338 5277 2397 5334 in
2448 5272 2771 5354 Scripturis
2825 5274 3065 5354 quidem
3136 5274 3410 5355 reperiri,
3466 5275 3573 5337 sed

1926 5360 1985 5423 in
2018 5362 2270 5424 concilio
2303 5363 2957 5443 Constantinopolitano
2990 5364 3224 5446 primo;
3281 5363 3357 5426 ob
3388 5363 3572 5443 idque

1925 5451 2054 5531 ipsa
2078 5451 2154 5513 ob
2182 5452 2589 5515 auctoritatem
2641 5454 2881 5516 concilii
2925 5454 3091 5517 citari
3131 5460 3416 5535 potuisse.
3452 5454 3572 5516 Sed

1926 5540 1979 5602 si
2001 5540 2078 5601 ita
2112 5548 2223 5617 est,
2251 5540 2548 5605 fateantur
2567 5542 2657 5606 vel
2681 5542 2853 5606 inviti
2875 5543 3181 5625 Basilium,
3206 5548 3305 5624 qui
3339 5550 3476 5605 ante
3510 5544 3571 5605 id

1924 5638 2159 5712 tempus
2192 5639 2459 5695 mortuus
2481 5633 2799 5711 sit,horum
2822 5634 3106 5699 librorum
3128 5642 3430 5699 auctorem
3451 5652 3571 5695 non
