4100 6202
489 391 760 443 CCXXX"

1903 378 2492 444 PBOLEGOMENA.

494 531 650 577 esse.
685 513 807 595 Ego
833 514 1098 595 quidem,
1126 523 1186 576 ut
1214 514 1451 577 sincere
1482 516 1833 595 loquar,non
1864 515 2124 577 arbitror
2143 523 2182 570 Α
2205 512 2430 576 citandi
2477 515 2710 578 ratione
2736 515 2961 597 aliquid
3009 534 3041 577 a
3080 516 3378 579 Basiliana
3417 519 3863 582 consuetudine

491 605 1210 687 scriptorem,quicunque
1242 605 1343 667 ille
1371 605 1583 687 fuit,ad
1610 605 1930 668 concilium
1963 604 2123 668 Con-

490 696 1077 776 stantinopolitanum
1112 695 1366 776 primum
1402 695 1760 776 respexisse,
1797 698 1897 759 sed
1924 696 1997 757 ad
2024 694 2124 756 illa

487 783 785 866 Davidica,
822 782 1005 847 Verbo
1032 784 1428 847 Dominiccli
1446 785 1686 865 ﬁrmati
1714 793 1882 859 sunt,
1917 791 1971 847 ct
1994 785 2120 864 spt-

488 876 615 937 rttu
636 881 764 938 oris
793 876 927 954 ejus
956 877 1150 938 omnis
1177 877 1371 939 virtus
1385 892 1591 938 eorum
1610 875 1858 938 “.Satis
1879 874 2035 935 enim
2060 891 2124 934 se

487 962 617 1045 ipse
668 964 945 1045 explicat,
1013 983 1148 1027 cum
1226 965 1536 1046 aliquanto
1608 973 1739 1046 post
1785 964 1863 1025 ita
1921 962 2124 1026 scribit

491 1052 575 1131 (p.
637 1053 781 1129 307)
831 1075 843 1114 :
904 1056 1051 1114 Ἐπεὶ
1094 1059 1179 1113 καὶ
1240 1060 1267 1113 6
1330 1055 1487 1113 Δαϐὶδ
1544 1056 1712 1135 Λόγον
1768 1057 1856 1112 καὶ
1914 1060 2124 1129 Πνεῦμα

489 1141 740 1219 δοξάζων,
806 1153 879 1218 τῷ
966 1146 1121 1224 Λόγῳ
1181 1148 1366 1223 Κυρίου
1422 1147 1542 1210 τοὺς
1606 1145 1848 1223 οὐρανοὺς
1907 1143 2124 1221 εἴρηκεν

488 1232 853 1311 ὲστερεῶσθαι,
914 1237 1112 1309 καὶτῷ
1184 1237 1453 1311 Πνεύματι
1508 1242 1603 1292 τοῦ
1649 1235 1913 1309 στόματο·
1966 1234 2121 1289 αὖτοῦ

488 1328 661 1379 πᾶσαν
687 1325 782 1391 τὴν
812 1323 1028 1399 δύναμιν
1060 1327 1254 1388 αὐτῶν.
1297 1348 1318 1382 α
1353 1326 1499 1388 Nam
1528 1332 1586 1386 et
1642 1323 1820 1386 David
1855 1321 2117 1383 Verbum

488 1418 547 1471 et
572 1411 854 1492 Spiritum
888 1415 1063 1476 simul
1116 1414 1480 1494 gloriﬁcans,
1534 1413 1680 1475 dixit
1709 1413 1892 1474 caelos
1922 1410 2118 1473 Verbo

486 1502 725 1564 Domini
760 1504 1025 1565 ﬁrmatos
1047 1522 1275 1579 esse,ac
1299 1503 1517 1585 Spiritu
1541 1502 1662 1565 oris
1685 1505 1810 1581 ejus
1841 1502 2117 1563 virtutem

486 1609 691 1653 eorum
725 1611 1025 1654 omnem.»
1066 1593 1181 1655 Sed
1215 1593 1569 1673 notandum,
1592 1600 1918 1657 auctorem.
1953 1589 2119 1671 quis-

2205 602 2634 666 alienissimum
2670 606 3024 686 proferatur.
3058 604 3186 678 Qua
3217 606 3293 669 de
3321 625 3389 669 re
3419 617 3485 669 ut
3512 608 3864 672 existimare

2207 692 2426 770 cuique
2455 693 2651 776 liceat,
2679 695 2974 757 ascribam
2996 696 3254 758 auctoris
3299 697 3500 771 verba,
3552 717 3690 779 qua;
3732 700 3863 761 haec

2208 790 2345 844 sunt
2379 803 2393 844 :
2433 785 2491 842 Τί
2517 783 2571 841 δὲ
2602 788 2630 842 6
2674 785 2967 866 Ζοροϐάϐελ
2997 788 3084 843 καὶ
3120 789 3153 855 ἡ
3186 794 3279 844 τοῦ
3310 786 3601 867 Ζοροϐάϐελ
3646 792 3811 868 σοφία
3840 809 3858 867 ς

2206 874 2306 951 ἆρά
2335 897 2417 931 σοι
2450 876 2673 954 μετρίως
2726 878 2814 934 καὶ
2871 877 2930 934 οὒ
2973 882 3156 957 σαφῶς
3203 880 3518 956 παριστάναι
3549 877 3702 935 δοκεῖ
3757 881 3861 947 τὴν

2206 964 2490 1022 ὑπόστασιν
2549 967 2634 1023 καὶ
2682 966 2827 1038 ζωὴν
2880 971 2978 1034 τῆς
3028 965 3304 1043 ἆληθςίας,
3350 967 3439 1023 ὅτε
3468 968 3599 1048 φησί
3631 984 3644 998 ’
3703 974 3861 1025 Πᾶσα

2206 1055 2240 1121 ἡ
2263 1052 2356 1133 γῆ,
2392 1061 2508 1115 etc.
2548 1074 2572 1110 ι
2621 1054 2773 1128 Quid
2807 1071 2952 1118 vero
3001 1054 3334 1118 Zorobabel
3367 1064 3425 1118 et
3471 1055 3863 1119 Zorobabelis

2207 1142 2531 1223 sapientia?
2544 1163 2687 1206 num
2710 1144 3079 1207 subobscure
3093 1152 3151 1206 et
3166 1163 3285 1206 non
3300 1146 3459 1208 clare
3482 1146 3587 1208 tibi
3615 1146 3861 1210 videtur

2206 1232 2571 1312 hypostasim
2594 1252 2661 1296 ac
2682 1234 2859 1296 vitam
2891 1235 3157 1297 veritatis
3181 1235 3614 1311 indicare,cum
3652 1236 3808 1297 dicit
3839 1257 3856 1297 :

2207 1322 2415 1384 Omnis
2445 1331 2661 1397 terra,»
2700 1327 2913 1389 etc.De
2936 1325 3162 1407 reliqua
3194 1326 3495 1388 Basiliana
3530 1345 3662 1387 esse
3691 1348 3705 1389 :
3741 1326 3855 1387 sed

2207 1411 2368 1473 illum
2402 1413 2622 1474 citandi
2665 1414 2931 1489 modum,
2987 1418 3045 1474 Tt
3093 1415 3147 1472 δὲ
3180 1418 3207 1473 ὁ
3238 1415 3529 1493 Ζοροϐάϐελ
3560 1418 3647 1473 καὶ
3677 1419 3710 1484 ἦ
3756 1424 3859 1473 τοῦ

2206 1501 2497 1580 Ζοροϐάϐελ
2529 1506 2683 1580 σοφία
2715 1526 2732 1577 ;
2760 1527 2788 1563 α
2809 1503 2961 1577 Quid
2981 1522 3118 1566 vero
3139 1503 3469 1567 Zorobabel
3500 1512 3559 1568 et
3580 1502 3855 1566 Zoroba-

2206 1590 2357 1652 belis
2371 1591 2692 1673 sapientia?
2715 1619 2740 1650 ι
2765 1594 2841 1655 ad
2872 1593 3106 1657 Patrem
3140 1594 3549 1672 gravissimum
3576 1592 3856 1673 pertine-

485 1681 621 1757 quis
651 1690 888 1757 est,non
922 1684 1159 1764 propria
1189 1682 1432 1747 Davidis
1463 1681 1641 1745 verba
1665 1679 2119 1761 protulisse,sed
2202 1683 3405 1761 re,nemo,opinor,dixerit.Noruntenim
3427 1683 3527 1764 qui
3557 1682 3851 1744 Basilium

484 1768 626 1832 illud
655 1790 824 1833 suum
862 1772 1177 1853 glossema,
1218 1798 1244 1827 α
1279 1773 1391 1846 Qui
1413 1791 1547 1834 cum
1581 1774 1755 1834 Patre
1786 1777 1843 1830 et
1864 1769 2011 1849 Filio
2045 1768 2121 1828 si-
2206 1772 2293 1831 vel
2327 1771 2687 1852 primoribus
2717 1772 2900 1836 labris
2942 1773 3287 1853 attigerunt,
3342 1791 3476 1834 eum
3510 1770 3856 1852 simplicius

484 1864 602 1925 mul
638 1865 1140 1943 conglorilicatur.
1173 1891 1195 1920 »
1231 1867 1357 1926 Jam
1390 1883 1529 1927 vero
1556 1881 1667 1925 nec
1698 1861 1971 1941 Basilius,
2010 1879 2119 1923 nec
2147 1892 2181 1940 Β
2205 1860 2367 1941 loqui
2396 1862 2660 1938 solitum,
2693 1863 2807 1925 hoc
2853 1863 2979 1925 fere
3040 1862 3240 1937 modo,
3277 1866 3304 1920 ὁ
3336 1862 3594 1938 Σαλομών
3626 1884 3784 1941 φησι,
3821 1863 3854 1915 ὁ

482 1954 633 2015 alius
646 1952 801 2015 ullus
816 1955 1067 2036 scriptor
1082 1953 1749 2035 diligens,suaipsorum
1769 1952 2112 2031 glossemata

2208 1951 2409 2015 Παῦλος
2469 1953 2763 2020 ἀπόστολός
2831 1976 2986 2034 φησι,
3055 1966 3347 2033 nusquam
3402 1968 3541 2012 vero
3593 1950 3678 2011 uti
3734 1950 3855 2013 hoc

483 2061 588 2123 pro
606 2042 750 2122 ipsis
766 2044 1085 2124 Scriptum
1102 2043 1297 2105 verbis
1314 2062 1571 2124 unquam
1598 2042 1898 2123 protulere
1916 2040 1987 2102 ad
2015 2040 2114 2101 ali-

482 2131 643 2209 quod
674 2133 888 2212 dogma
912 2132 1447 2214 comprobandum.
1473 2132 1679 2213 Neque
1704 2148 1844 2191 vero
1867 2131 1939 2191 ad
1971 2149 2119 2190 con-

478 2220 754 2283 tutandos
774 2222 1085 2285 btereticos
1116 2230 1251 2303 apta
1272 2229 1361 2284 est
1381 2223 1505 2284 haec
1522 2220 1740 2282 citandi
1774 2220 2117 2283 ratio.Alio-

482 2312 580 2391 qui
614 2310 771 2372 enim
799 2311 942 2373 illud
964 2311 1037 2374 ab
1060 2311 1206 2393 ipsis
1222 2311 1569 2393 responderi
1596 2319 1795 2391 posset
1816 2310 1973 2391 quod
1990 2310 2113 2389 jam

476 2420 511 2462 a
537 2400 741 2462 multis
772 2400 830 2460 in
865 2400 1104 2464 modum
1139 2401 1435 2482 proverbii
1462 2400 1573 2463 dici
1600 2399 1799 2473 video,
1823 2399 2116 2477 glossema

479 2491 649 2571 pejus
682 2508 812 2551 esse
868 2500 1165 2553 contextu.
1218 2489 1288 2552 Et
1335 2489 1618 2570 quoniam
1670 2508 1767 2550 res
1803 2498 1890 2550 est
1922 2490 2113 2567 magni

478 2579 793 2652 momenti,
828 2580 1022 2642 simile
1052 2580 1389 2661 exemplum
1435 2597 1642 2640 rursus
1671 2578 1985 2641 adducam.
2017 2579 2113 2639 Sic

478 2677 673 2730 autem
700 2668 960 2749 scriptor
981 2670 1244 2750 loquitur
1272 2682 1353 2750 (p.
1392 2667 1528 2741 303)
1558 2689 1574 2730 :
1616 2672 1761 2726 Κατὰ
1786 2670 1846 2725 τὸ
1869 2690 2111 2746 γεγραμ-

476 2759 632 2835 μένον
668 2773 681 2787 ⁸
720 2760 838 2826 Ζωὴ
870 2761 932 2816 τὸ
987 2767 1219 2836 Πνετμα,
1281 2762 1341 2816 τὸ
1398 2766 1504 2816 τῶν
1537 2761 1787 2837 οὒρανίων
1844 2757 2111 2831 δυνάμεων

476 2847 912 2927 ἀποτελεστικὸν,
946 2846 1321 2910 «Secundum
1352 2847 1508 2928 quod
1540 2847 1827 2927 scriptum
1861 2844 2114 2925 est,Vita

2202 2041 2500 2118 grandiori
2523 2041 2693 2122 style,
2719 2066 2746 2099 ο
2778 2042 3033 2118 Σολομὼν
3057 2045 3145 2100 καὶ
3174 2046 3206 2111 ἡ
3236 2049 3329 2099 τοῦ
3362 2040 3713 2116 Σολομῶντος
3746 2063 3853 2098 σο·-

2202 2132 2291 2209 φία
2320 2134 2469 2212 φησι,
2503 2140 2616 2194 etc.
2672 2157 2698 2187 α
2734 2131 3008 2196 Salomon
3058 2139 3118 2193 et
3159 2130 3522 2195 Salomontis
3551 2128 3855 2209 sapientia

2202 2220 2369 2295 dicit,
2412 2245 2436 2281 ι)
2468 2229 2587 2284 etc.

2290 2310 2383 2372 7t.
2414 2311 2622 2373 Filium
2652 2330 2771 2373 non
2801 2328 2937 2373 raro
2987 2318 3158 2373 vocat
3185 2335 3209 2366 α
3246 2308 3581 2389 genituram
3621 2327 3651 2368 ι
3686 2311 3851 2371 seri-

2203 2409 2359 2480 ptor;
2385 2401 2505 2462 imo
2538 2402 2591 2464 ei
2620 2402 2679 2463 id
2704 2420 2924 2463 nomen
2970 2400 3276 2481 dignitatis
3300 2400 3430 2461 loco
3456 2399 3720 2461 tribuere
3753 2399 3848 2459 vi-

2201 2490 2554 2571 (letur.Ejus
2577 2492 2762 2572 rei,ut
2792 2510 2856 2553 se
2885 2490 3052 2554 dabit
3085 2488 3629 2563 occasio,exempla
3648 2487 3851 2566 aliqua

2199 2578 3019 2661 subjiciemus.Exordiemur
3033 2580 3106 2641 ab
3131 2580 3245 2641 hoc
3274 2579 3429 2659 loco,
3460 2576 3567 2638 ubi
3596 2576 3678 2638 ita
3699 2576 3847 2655 legi-

2200 2678 2293 2731 tur
2326 2669 2409 2750 (p.
2442 2670 2583 2748 280)
2620 2687 2634 2732 ξ
2672 2673 2729 2729 Εἰ
2760 2672 2954 2746 κτίσμα
3012 2671 3256 2749 λὲγοδτες
3308 2671 3399 2725 τὸν
3432 2669 3574 2739 ι’ἱὸν,
3610 2666 3715 2746 οὐχ
3771 2670 3849 2730 ὼς

2197 2761 2253 2816 ἓν
2279 2762 2383 2817 τῶν
2412 2761 2719 2836 κτισμάτων
2776 2762 2987 2841 λέγουσι
3022 2776 3036 2791 ’
3100 2758 3236 2816 διατί
3291 2758 3532 2836 γέννημα
3576 2755 3849 2834 λεγόντων

2199 2851 2376 2931 ἡμῶν,
2409 2853 2483 2915 ὡς
2519 2853 2574 2908 ἓν
2604 2856 2708 2907 τῶν
2740 2854 3089 2929 γεννημάτωι.
3122 2855 3328 2905 νοοῦσιν
3362 2866 3379 2926 ς
3419 2866 3444 2901 ι
3480 2845 3540 2907 Si
3583 2863 3719 2906 cum
3750 2844 3851 2906 Fi-

474 2945 563 2998 est
594 2935 869 3017 Spiritus,
920 2937 1019 3018 qui
1076 2943 1401 3017 potestates
1461 2936 1732 2997 caelestes
1792 2935 2042 3015 perlicit.
2080 2962 2105 2991 ι›
2195 2937 2340 3000 lium
2372 2939 2579 3001 dicunt
2608 2949 2967 3020 creaturam,
2994 2956 3115 3000 non
3144 2944 3207 2999 ut
3239 2953 3419 2997 unam
3444 2953 3516 2995 ex
3546 2934 3843 2996 creaturis

473 3026 641 3107 Quis,
676 3044 905 3106 quaeso,
936 3028 981 3087 si
1014 3026 1252 3106 paulum
1286 3025 1463 3086 modo
1492 3025 1551 3085 in
1586 3024 1856 3104 legendis
1885 3032 2113 3086 sancto-
2195 3027 2397 3091 dicunt
2422 3052 2436 3106 ;
2463 3047 2569 3093 cur
2599 3048 2733 3091 cum
2759 3030 3013 3091 dicimus
3048 3046 3156 3089 nos
3201 3025 3560 3105 genituram,
3611 3040 3748 3084 eum
3779 3032 3848 3085 ut

468 3134 600 3178 rum
621 3117 856 3178 Patrum
882 3115 1117 3195 scriptis
1138 3125 1408 3176 versatus
1429 3114 1651 3187 sit,non
1680 3114 1873 3175 statim
1908 3115 2111 3175 credat
2194 3136 2370 3181 unam
2397 3137 2466 3180 ex
2490 3119 2790 3197 genituris
2818 3117 3189 3197 intelligunt?
3220 3136 3249 3176 ›
3286 3113 3357 3175 Et
3380 3113 3691 3194 aliquanto
3712 3122 3847 3193 post

470 3206 596 3278 illa,
635 3222 666 3260 α
695 3203 830 3266 Vita
860 3212 948 3265 est
977 3204 1253 3284 Spiritus,
1305 3204 1404 3284 qui
1456 3210 1782 3283 potestates
1834 3203 2111 3265 coelestes

471 3293 733 3373 perﬁcit,
778 3318 801 3347 »
836 3292 1056 3354 alicubi
1087 3293 1147 3353 in
1182 3293 1503 3372 Scripturis
1556 3292 1799 3354 totidem
1834 3293 2030 3355 verbis
2055 3305 2112 3356 et

469 3381 709 3462 syllabis
730 3380 1016 3443 inveniri?
1044 3379 1189 3443 Nam
1242 3389 1305 3442 ut
1333 3390 1689 3443 caeterorum
1742 3381 2111 3463 Patrum,ita

468 3469 673 3535 Basilii
697 3488 825 3532 mos
854 3478 965 3552 est,
1000 3478 1083 3545 ut,
1133 3490 1267 3533 cum
1301 3480 1552 3532 utuntur
1584 3471 1677 3532 his
1707 3472 1945 3533 dicendi
1988 3473 2111 3533 for-

466 3559 665 3630 mulis,
728 3561 864 3618 κατὰ
921 3563 982 3619 τὸ
1042 3560 1441 3641 γεγραμμένον,
1500 3563 1573 3625 ὡς
1627 3560 1944 3640 γέγραπται,
2007 3571 2110 3625 aut

462 3647 786 3721 similibus,
819 3656 959 3711 tunc
982 3668 1187 3711 eorum
1221 3657 1526 3711 auctorum
1559 3651 1660 3726 qui
1712 3648 1787 3711 ab
1841 3650 1989 3731 ipsis
2020 3652 2111 3714 ci-

461 3745 659 3800 tantur
688 3738 925 3818 propria
953 3739 1134 3800 verba
1186 3737 1523 3819 proferant.
1558 3739 1757 3801 Aliter
1806 3747 2000 3804 tamen
2046 3761 2111 3804 se

464 3833 644 3906 gessit
669 3826 1044 3908 scriptor,sic
1068 3835 1132 3889 ut
1158 3827 1283 3890 haec
1302 3826 1506 3903 verba,
1535 3827 1707 3890 (Vita
1720 3838 1809 3889 est
1831 3828 2107 3910 Spiritus,

465 3916 567 3997 qui
592 3923 917 3996 potestates
939 3918 1214 3979 ccelestes
1236 3918 1487 3997 perficit,
1503 3942 1524 3975 ο
1556 3918 1795 3998 propria
1818 3938 1937 3980 non
1966 3921 2106 4001 sint,

463 4022 660 4087 neque
672 4006 1158 4088 Matthaeimeque
1172 4007 1584 4087 Marci,neque
1598 4008 1778 4069 ullius
1792 4010 1942 4071 alius
1954 4011 2108 4072 scri-

463 4094 652 4175 ptoris
665 4095 952 4169 sacri,sed
972 4095 1277 4177 suaipsius
1289 4096 1472 4157 verba
1492 4097 1704 4169 sint,id
1728 4101 2110 4170 est,hominis

464 4183 830 4264 Scripturam
849 4184 1274 4248 commentario
1286 4203 1390 4247 suo
1404 4190 1868 4267 corrumpentis.
1882 4193 1949 4252 Et
1972 4207 2111 4254 vero

461 4293 597 4337 cum
628 4282 841 4336 auctor
874 4276 953 4337 ita
985 4274 1219 4335 locutus
1251 4282 1363 4349 est,
1403 4299 1431 4331 α
1452 4276 1586 4337 Vita
1609 4284 1698 4337 est
1729 4276 1982 4357 Spiritus
2008 4281 2110 4356 qui

459 4370 787 4445 potestates
815 4363 1089 4426 caelestes
1114 4364 1408 4443 perlicit,»
1439 4365 1589 4425 nihil
1617 4366 1776 4428 aliud
1803 4386 1978 4447 quam
2011 4369 2110 4431 illa

460 4453 592 4535 ipsa
617 4453 853 4516 Davidis
884 4452 1092 4533 verba,
1152 4475 1175 4510 ι
1207 4453 1405 4516 Verbo
1440 4455 1680 4517 Domini
1714 4457 1849 4519 coeli
1890 4458 2109 4520 ﬁrmati

463 4552 625 4617 sunt,
652 4551 745 4604 etc
780 4592 794 4622 ,
829 4542 1171 4621 signiﬁcare
1228 4543 1439 4605 voluit.
1485 4543 1760 4608 Fortasse
1811 4547 2108 4627 ejusmodi

2131 3259 2170 3307 C

2199 3210 2285 3289 (p.
2330 3208 2521 3289 983):
2585 3212 2642 3268 El
2686 3210 2883 3285 κτίσμα
2935 3210 3020 3266 καὶ
3079 3209 3139 3265 οὐ
3174 3205 3419 3284 γέννημα
3478 3207 3507 3260 6
3564 3204 3707 3276 Υἱὸς,
3760 3203 3853 3257 καὶ

2196 3300 2367 3355 πάντα
2399 3297 2454 3355 δὲ
2483 3301 2547 3356 τὰ
2592 3298 2718 3357 ὄντα
2773 3300 3062 3377 κτίσματα,
3122 3296 3298 3371 μάτην
3332 3295 3623 3372 ἆγὲννητος
3652 3294 3680 3347 6
3742 3297 3849 3345 Παν

2194 3390 2293 3467 τὴρ
2327 3388 2565 3467 λέγεται,
2625 3391 2720 3446 οὒκ
2778 3388 2928 3453 ὄντος
2996 3386 3137 3449 ὅλως
3216 3386 3572 3463 γεννήματος,
3634 3382 3763 3460 πρὸς
3821 3381 3852 3435 ὅ

2196 3478 2439 3535 καλεῖται
2476 3480 2790 3558 ἀγέννητος.
2843 3501 2865 3533 ι
2906 3476 2969 3539 Si
3012 3474 3204 3539 Filius
3234 3480 3505 3535 creatura
3556 3480 3669 3551 est,
3723 3487 3850 3532 non

2195 3566 2488 3645 genitura,
2531 3574 2593 3628 et
2622 3573 2836 3629 cuncta
2861 3583 2992 3648 quae
3020 3570 3183 3643 sunt,
3216 3570 3503 3625 creaturae
3533 3567 3691 3640 sunt,
3726 3558 3850 3619 t'ruo

2196 3666 2319 3719 stra
2348 3658 2524 3719 Pater
2554 3657 2859 3737 ingenitus
2884 3647 3135 3727 dicitur,
3188 3670 3322 3716 cum
3356 3669 3476 3712 non
3497 3650 3575 3712 sit
3604 3647 3855 3711 omnino

2194 3749 2489 3825 genitura,
2524 3748 2697 3825 cujus
2727 3753 3007 3825 respectu
3057 3740 3395 3821 appelletur
3452 3737 3782 3816 ingenitus.
3818 3760 3849 3795 ι

2193 3836 2362 3899 Haud
2384 3837 2561 3915 longe
2592 3835 2674 3896 ita
2705 3834 2924 3914 legitur
2954 3833 3039 3914 (p.
3080 3831 3259 3908 284):
3298 3833 3354 3890 El
3385 3830 3532 3908 φύσει
3562 3828 3854 3906 ἆγέννητος

2194 3930 2221 3983 6
2270 3928 2477 4004 Πατὴρ,
2551 3926 2699 4007 φύσει
2760 3925 3013 4003 γέννητὸς
3077 3926 3165 3978 καὶ
3213 3924 3240 3978 6
3302 3920 3444 3983 Υἱός⁸
3479 3921 3523 3976 εἰ
3585 3917 3640 3973 δὲ
3696 3918 3855 3997 φύσει

2193 4017 2457 4095 γέννημα,
2518 4014 2691 4075 οὐκέτι
2736 4016 2957 4089 κτίσμα.
3011 4010 3214 4075 ’Ὀντος
3274 4012 3362 4065 οὖν
3405 4015 3494 4065 τοῦ
3538 4008 3686 4088 φύσει
3719 4028 3858 4085 γεν-

2194 4094 2455 4185 νήματος,
2504 4105 2711 4183 ἀνάγκη
2764 4104 2853 4161 καὶ
2892 4105 2982 4159 τὸν
3025 4101 3355 4178 γεννήσαντα
3383 4098 3547 4156 δῖναι.
3588 4120 3609 4152 α
3641 4094 3707 4159 Si
3739 4114 3856 4157 na-

2195 4202 2324 4256 tura
2346 4196 2647 4275 lngenitus
2677 4200 2766 4255 est
2794 4192 2988 4271 Pater,
3015 4187 3204 4252 Filius
3246 4205 3487 4267 quoque
3517 4194 3726 4246 natura
3756 4192 3860 4247 est

2194 4284 2427 4359 genitus
2458 4305 2471 4342 :
2508 4284 2615 4345 sed
2662 4284 2714 4344 si
2774 4282 3051 4362 genitura
3082 4282 3175 4341 est
3204 4284 3437 4348 natura,
3471 4293 3855 4356 nequaquam

2196 4381 2283 4434 est
2315 4379 2613 4435 creatura.
2650 4372 2796 4435 Cum
2831 4370 3014 4449 igitur
3047 4367 3319 4445 genitura
3368 4364 3444 4425 sit
3473 4372 3705 4437 natura,
3737 4382 3856 4424 ne-

2194 4480 2363 4524 cesse
2406 4469 2496 4524 est
2526 4469 2584 4523 et
2612 4461 2941 4541 genitorem
2976 4476 3169 4519 essen
3207 4455 3527 4535 Aliquanto
3578 4460 3712 4534 post
3735 4472 3857 4515 eo-

2192 4552 2326 4613 dem
2362 4551 2538 4614 modo
2571 4550 2830 4630 scriptor
2863 4547 3123 4629 loquitur
3152 4554 3236 4624 (p.
3291 4545 3433 4623 286)
3468 4564 3481 4601 :
3531 4542 3687 4601 Οὐδέν
3750 4543 3856 4616 ἄρα

462 4632 706 4694 licentia
756 4639 1062 4712 utcunque
1116 4632 1423 4694 toleranda
1481 4642 1593 4713 est,
1628 4653 1762 4696 cum
1794 4644 2106 4699 auctorum

2200 4643 2369 4699 κοινόν
2426 4643 2569 4699 ἔστιν
2629 4644 2770 4696 Υἱοιΐ
2811 4640 2898 4695 καὶ
2945 4639 3173 4715 Πατρὸς,
3234 4633 3349 4693 οὐδὲ
3379 4637 3413 4702 ἡ
3446 4634 3637 4706 κτίσις,
3686 4633 3856 4711 εἴπερ

464 4721 849 4803 profanorum
896 4720 1240 4784 testimonia
1298 4722 1683 4803 proferuntur
1722 4742 1734 4786 :
1780 4726 1882 4787 sed
1936 4726 1994 4787 in
2028 4728 2107 4787 ci-

467 4811 663 4872 tandis
686 4811 1084 4887 scriptoribus
1106 4811 1293 4874 sacris
1313 4830 1445 4873 eam
1470 4813 1604 4893 quis
1634 4812 1811 4876 ferat?
1837 4817 2108 4880 Profecto

464 4900 516 4960 si
530 4899 1224 4982 propriaScripturarum
1256 4901 1437 4963 verba
1473 4902 1560 4964 sic
1585 4904 1897 4965 immutare
1921 4909 2105 4969 semel

465 4986 661 5063 liceat,
688 4989 925 5069 quidvis
958 4990 1478 5071 probare,quidvis
1501 5008 1719 5070 negare
1751 4993 2103 5058 facillimum

465 5078 600 5138 erit.
638 5078 721 5139 Ex
779 5097 896 5159 quo
949 5088 1332 5160 sequeretur,
1364 5089 1428 5141 ut
1475 5084 1904 5144 controversiis
1933 5093 2109 5167 atque

463 5167 948 5230 contentionibus
969 5188 1083 5231 nec
1106 5170 1241 5231 linis
1266 5178 1464 5250 posset
1486 5171 1858 5252 imponi.nec
1874 5176 2107 5240 modus.

462 5252 696 5319 Addam
719 5259 875 5343 (nam
909 5258 970 5319 id
997 5277 1238 5339 quoque
1260 5259 1377 5320 huc
1400 5260 1611 5321 referri
1636 5263 2107 5343 potest),librum

460 5343 701 5406 tertium
724 5342 932 5408 Esdrze
958 5347 1031 5409 ab
1062 5347 1165 5408 illo
1217 5356 1459 5410 auctore
1497 5347 1587 5410 bis
1618 5352 1782 5412 citari
1815 5342 2051 5436 (p.316)
2090 5375 2103 5419 :

460 5451 637 5515 quem
671 5441 869 5497 tamen
894 5454 929 5497 a
958 5436 1180 5499 Basilio
1213 5455 1506 5518 nusquam
1533 5438 1834 5502 laudatum
1870 5443 2105 5506 invenis

459 5540 618 5585 mus.
653 5525 777 5587 Nec
804 5525 997 5587 solum
1021 5526 1238 5589 citatur
1258 5527 1356 5590 hic
1384 5526 1670 5603 liber,sed
1693 5529 1874 5610 sic,ut
1900 5538 1958 5595 in
1985 5535 2109 5616 ipsa

533 5684 599 5736 δι
626 5685 791 5751 Psal.
815 5702 999 5770 xxxn,
1033 5689 1094 5754 6.

2193 4734 2404 4806 ποίημα
2461 4733 2549 4788 καὶ
2580 4730 2640 4786 οὐ
2685 4729 2925 4807 γέννημα
2976 4730 3004 4783 6
3056 4728 3203 4787 Υἱός.
3240 4725 3299 4782 El
3328 4724 3567 4802 γέννημα
3612 4724 3639 4777 6
3699 4724 3849 4796 Υἱὸς,

2193 4824 2295 4900 οὐχ
2354 4823 2423 4885 ὼς
2505 4820 2558 4877 ἒν
2647 4825 2753 4876 τῶν
2836 4816 3212 4896 γεννημάτων,
3294 4820 3401 4870 πᾶν
3473 4810 3528 4868 δὲ
3606 4813 3853 4889 γέννημα

2192 4913 2410 4991 κτίσμα,
2472 4910 2531 4966 οὒ
2582 4911 2780 4983 κτίσμα
2836 4910 2864 4964 6
2927 4908 3069 4970 Υἱός,
3135 4902 3264 4963 Οὐδὲ
3314 4904 3412 4981 γὰρ
3471 4901 3715 4991 γέννημα
3768 4905 3846 4966 ὡς

2193 4989 2402 5059 ἐκεῖναέ
2413 4998 2613 5063 «Nihil
2636 5016 2778 5076 ergo
2799 5012 3119 5057 commune
3139 5002 3227 5055 est
3247 4991 3410 5055 Patri
3429 5008 3562 5051 cum
3586 4989 3852 5067 Filio,ne

2192 5090 2409 5151 cr‘eatio
2443 5089 2712 5170 quidem,
2740 5086 2790 5148 si
2822 5085 3050 5148 factura
3072 5102 3191 5145 non
3223 5082 3498 5162 genitura
3528 5079 3711 5141 Filius
3732 5088 3847 5141 est.

2193 5179 2256 5243 Si
2276 5178 2462 5241 Filius
2482 5178 2757 5258 genitura
2774 5185 3016 5255 est,non
3040 5182 3323 5252 tanquam
3343 5189 3458 5231 una
3481 5187 3514 5231 e
3528 5170 3847 5249 genituris,

2194 5270 2389 5331 omnis
2425 5276 2622 5331 autem
2650 5268 2926 5345 genitura
2957 5272 3234 5326 creatura
3262 5270 3378 5335 est,
3409 5277 3529 5322 non
3570 5269 3850 5323 creatura

2198 5360 2379 5424 Filius
2408 5366 2519 5435 est,
2550 5373 2745 5437 neque
2775 5355 2938 5417 enim
2969 5352 3249 5432 genitura
3282 5359 3374 5413 est
3403 5357 3469 5411 ut
3495 5348 3623 5412 illa.
3658 5374 3684 5405 ι
3711 5349 3849 5412 Dis-

2192 5449 2390 5513 simile
2420 5466 2539 5510 non
2570 5458 2661 5509 est
2708 5444 2867 5526 quod
2928 5441 3207 5523 sequitur
3234 5441 3321 5522 (p.
3354 5438 3492 5512 287)
3521 5460 3535 5499 :
3571 5441 3626 5496 Εἰ
3659 5442 3688 5496 ὁ
3719 5444 3849 5507 Υἱὸς

2193 5542 2481 5621 ἐνέργημα,
2513 5539 2600 5593 καὶ
2644 5535 2702 5593 οὒ
2758 5535 3026 5612 γέννημα,
3083 5532 3203 5590 οὕτε
3261 5535 3289 5589 6
3348 5530 3663 5607 ἐνεργήσας,
3732 5532 3853 5589 οὔτε
