4100 6202
1321 377 1393 439 D.
1437 378 1597 441 JUL.
1646 375 2021 442 GARNERII
2065 372 2492 442 PREFATIO.

3360 398 3607 452 CGXXXV

212 506 334 579 μὴν
392 509 453 563 τὸ
513 506 790 584 ἐνεργηθέν
850 507 1008 574 aceto:
1057 508 1221 569 ἐστιν.
1262 529 1291 569 ‹
1322 508 1385 570 Si
1436 508 1619 571 Filius
1661 525 1868 590 opera-

1965 507 2201 569 ritatem
2236 510 2422 589 palam
2454 519 2779 591 oppugnat,
2803 511 2920 574 sibi
2952 513 3065 592 ipsi
3096 522 3297 578 tamen
3344 535 3605 581 consona

214 597 376 656 ratio
430 605 543 670 est,
578 615 692 656 non
721 596 1019 676 genitura,
1053 616 1247 680 neque
1290 599 1395 676 qui
1446 606 1731 678 operatus
1759 612 1872 675 est,

216 703 426 765 neque
449 704 598 765 opus
630 684 825 764 ipsum
860 687 986 766 ipse
1020 696 1129 751 est.
1159 709 1190 748 ›
1229 686 1436 751 Statim
1469 690 1548 751 ita
1585 690 1873 771 scriptum

208 774 531 837 invenitur
583 773 853 856 (p.987):
892 778 1244 842 Μονόκτιστος
1300 782 1618 859 κυριώτερον
1661 779 1721 839 ἂν
1776 781 1871 839 λέ-

208 888 400 943 γοιτο,
462 868 659 942 ιτῖσμα
718 868 816 941 μὲν
869 865 1079 935 ἀληθῶς
1140 866 1257 926 κατ’
1300 870 1554 945 Εὐνόμιον
1586 873 1683 945 ὢν,
1743 874 1871 951 γέν-

204 977 371 1030 νημα
400 954 455 1011 δὲ
487 954 825 1031 ψευδονύμως
866 956 1211 1031 καλούμενος.
1250 979 1278 1019 (
1302 956 1655 1024 Unicreatus
1683 967 1873 1042 magis

208 1045 469 1124 proprie
488 1045 956 1121 diceretur,cum
989 1048 1319 1110 secundum
1346 1050 1701 1112 Eunomium
1733 1070 1872 1114 vere

207 1144 497 1197 creatura
521 1135 770 1211 sit,l'also
789 1145 987 1199 autem
1022 1137 1262 1200 nomine
1282 1138 1553 1217 genitura
1568 1148 1825 1202 vocetur.
1840 1164 1864 1199 ι)

211 1225 459 1288 Rursus
490 1225 577 1290 sic
598 1225 825 1288 scribid
878 1231 965 1308 (p.
1021 1227 1162 1304 292)
1191 1250 1203 1287 :
1245 1232 1299 1287 Εἰ
1332 1231 1430 1308 πρὸ
1460 1236 1559 1297 τῆς
1591 1231 1811 1296 κτίσεως
1842 1234 1868 1287 ὁ

210 1318 342 1381 Υἱὸς
398 1317 457 1372 οὒ
502 1316 746 1393 γέννημᾶ
792 1318 959 1399 ἐστιν,
1028 1318 1162 1375 ἄλλὰ
1206 1320 1419 1395 κτίσμα·
1474 1322 1870 1394 πρωτόκτιστος

208 1402 283 1457 ἄν
340 1404 561 1482 ἐλέγετο
606 1408 691 1463 καὶ
749 1409 808 1464 οὗ
860 1408 1224 1485 πρωτότοκος.
1293 1433 1318 1463 κ
1381 1407 1443 1471 Si
1496 1408 1681 1470 Filius
1734 1419 1871 1471 ante

1959 594 2238 676 loquitur.
2251 598 2765 670 Quemadmodum
2782 602 2937 663 enim
2967 602 3029 663 in
3061 621 3125 666 su
3138 604 3479 681 perioribus
3500 608 3605 670 de-

1957 685 2328 767 cernebat,in
2351 690 2470 750 Deo
2500 689 2909 753 universorum
2931 690 3323 756 substantiam
3347 696 3477 774 ejus
3496 715 3602 777 per

1956 774 2467 852 ingenerationem
2496 778 2922 855 significari:ita
2941 781 3037 843 hic
3061 801 3296 863 quoque
3324 774 3602 847 substan-

1959 866 2096 925 tiam
2130 865 2258 926 Filii
2289 884 2396 946 per
2424 868 2762 947 genituram
2794 870 3122 949 signiﬁcari
3151 871 3392 947 dicit,ut
3410 876 3601 953 geniti

1956 953 2028 1015 ad
2074 955 2403 1034 ingenitum
2432 958 2829 1038 appositione,
2853 959 3235 1040 Unigenitum
3265 964 3595 1026 secundum

1955 1043 2142 1122 ipsam
2172 1045 2561 1110 substantiam
2608 1053 2907 1112 contrario
2954 1051 3128 1112 modo
3157 1051 3234 1113 ad
3262 1054 3497 1115 Patrem
3533 1073 3599 1118 se

1956 1134 2178 1198 habere
2192 1138 2861 1221 ostendat.Quapropter
2874 1161 3008 1206 cum
3022 1142 3234 1205 Filium
3267 1143 3597 1222 genituram

1952 1225 2230 1303 appellat,
2258 1228 2440 1292 verba
2461 1249 2594 1310 qum
2623 1249 2656 1292 a
2678 1231 2877 1293 divino
2909 1231 3134 1314 Spiritu
3164 1243 3446 1314 usurpata
3478 1254 3599 1297 non

1953 1322 2111 1394 sunt,
2142 1317 2497 1391 praescribit.
2528 1317 2694 1385 Unde
2726 1321 2851 1384 hzec
2879 1320 3158 1402 accepit?
3186 1340 3259 1384 ex
3288 1341 3404 1399 qua
3448 1325 3595 1387 doc-

1958 1401 2197 1493 trina?a
2227 1426 2340 1486 quo
2398 1410 2715 1488 propheta?
2763 1430 2797 1472 a
2856 1431 2972 1493 quo
3028 1401 3316 1492 apostolo,
3340 1414 3442 1493 qui
3486 1414 3598 1476 hoc

207 1500 555 1555 creaturam
590 1499 869 1574 genitura
900 1516 1016 1558 non
1051 1506 1238 1573 esset,
1262 1496 1367 1559 sed
1403 1506 1674 1560 creatura
1701 1520 1713 1557 :
1740 1501 1865 1579 pri-
1957 1491 2012 1553 ei
2044 1513 2376 1582 cognomen
2404 1497 2835 1580 tribuerit?Ego
2865 1491 3105 1582 quidem
3135 1508 3297 1565 certe
3316 1491 3469 1565 hanc
3504 1523 3601 1566 vo-

210 1592 562 1647 mocreatus
586 1590 791 1666 utique
822 1586 1142 1662 diceretur,
1176 1606 1296 1649 non
1350 1587 1801 1666 primogenitus.
1839 1613 1867 1645 ιι
1957 1597 2087 1669 cem
2112 1581 2197 1644 sic
2230 1601 2569 1664 expressam
2590 1588 2755 1651 nullo
2779 1581 3099 1669 Scriptura;
3132 1591 3258 1651 loco
3277 1591 3596 1657 invenio...

208 1670 644 1754 Unicum,cum
674 1675 901 1755 possim
935 1675 1474 1757 pluraﬁxemplnm
1497 1676 1871 1752 addammbi,
1954 1668 2189 1733 Patrem
2209 1674 2448 1753 quidem
2468 1678 2853 1755 genuisse,ex
2871 1668 3233 1742 multislocis
3251 1680 3592 1745 didicimus:

212 1762 303 1823 sic
354 1762 573 1843 legitur
618 1764 986 1846 (ρ.306);Καὶ
1018 1770 1077 1823 τὸ
1112 1768 1353 1845 γέννημα
1385 1766 1435 1832 ἐξ
1467 1770 1627 1824 αὐτοῦ
1680 1769 1868 1848 ἐκφαι-

1957 1760 2174 1852 Ij‘ilium
2196 1780 2332 1852 vero
2358 1766 2695 1842 genituram
2710 1786 2841 1830 esse
2860 1769 3117 1832 necdum
3140 1770 3213 1831 ad
3236 1770 3397 1832 hunc
3412 1790 3598 1852 usque

210 1873 294 1907 τει
326 1856 421 1908 est
454 1854 646 1931 Λόγον,
687 1880 714 1910 «
748 1860 821 1919 Et
848 1856 1128 1933 genimen
1154 1856 1307 1937 quod
1339 1874 1409 1918 ex
1438 1858 1569 1937 ipso
1600 1856 1866 1935 caedit,
1897 1878 1932 1926 Β
1957 1848 2113 1910 diem
2142 1851 2611 1919 audivimus.....
2665 1855 2783 1918 Sed
2814 1858 2884 1933 si,
2934 1859 3142 1938 inquit,
3177 1858 3336 1920 Deus
3364 1848 3592 1938 genuit,

215 1940 501 2002 Verbum
532 1943 832 2008 videlicet.
876 1968 897 2001 ι
924 1944 1005 2007 Ex
1040 1945 1135 2007 his
1168 1954 1226 2008 et
1268 1945 1566 2008 similibus
1594 1945 1743 2008 locis
1771 1948 1871 2009 in-
1957 1939 2252 2019 quomodo
2289 1961 2394 2020 par
2419 1962 2537 2005 non
2563 1953 2651 2005 est
2681 1947 2942 2024 genitum
2973 1948 3305 2025 genituram
3354 1950 3599 2010 vocare?

216 2030 535 2109 telligitur.
575 2032 785 2095 Filium
820 2036 1173 2114 ascriptore,
1226 2035 1567 2116 quicunque
1605 2036 1707 2098 ille
1736 2037 1868 2119 fuit,
1956 2026 2103 2101 Quia
2134 2029 2505 2093 horrendum
2540 2043 2628 2095 est
2675 2034 2846 2096 nobis
2888 2053 3048 2109 eum,
3084 2035 3181 2097 cui
3227 2036 3474 2115 largitus
3504 2044 3601 2102 est

216 2130 491 2181 vocatum
516 2140 647 2183 esse
684 2144 711 2181 tl
730 2123 1091 2206 genituram,
1118 2146 1145 2185 ν
1187 2124 1364 2202 eique
1388 2144 1609 2187 nomen
1631 2125 1870 2204 γέννημα

216 2209 533 2288 probatum
568 2211 923 2275 fuisseNam
947 2216 1006 2275 in
1035 2215 1224 2293 primo
1257 2215 1531 2295 exemplo
1563 2215 1735 2277 docet
1764 2214 1864 2275 Fi-

214 2300 362 2360 lium
396 2300 470 2361 ab
508 2302 896 2366 Eunomianis
938 2305 1135 2368 vocari
1194 2314 1554 2385 creaturam,
1586 2305 1701 2368 dici
1730 2324 1868 2368 vero

208 2407 250 2448 a
278 2407 343 2449 se
376 2393 733 2467 genituram.
768 2393 842 2454 Et
871 2393 1110 2475 quidem
1142 2394 1222 2456 ita
1251 2394 1439 2476 loqui,
1472 2397 1515 2451 et
1544 2398 1739 2471 κτίσμα
1770 2394 1864 2452 λέ-

218 2502 404 2556 γοντες
452 2483 541 2537 τὸν
576 2482 715 2553 ι’ίόν,
750 2492 890 2559 etc.,
937 2483 1021 2544 uti
1074 2485 1245 2564 paulo
1295 2492 1434 2545 ante
1463 2483 1701 2565 legitur,
1739 2484 1871 2564 ejus

217 2570 445 2649 est,qui
476 2569 537 2630 in
572 2589 641 2631 eo
673 2570 746 2633 ab
770 2573 1156 2635 Eunomiauis
1182 2572 1756 2655 iissentiebat,quod
1781 2573 1867 2636 illi

222 2658 432 2720 Filium
468 2659 740 2723 dicerent
773 2664 1263 2743 creaturam,ipse
1294 2681 1433 2726 vero
1457 2682 1594 2724 eum
1628 2664 1865 2743 genitu-

216 2767 345 2810 ran:
380 2748 805 2813 diceret.Patet
833 2772 1067 2834 quoque
1100 2770 1171 2816 ex
1204 2752 1333 2834 illo,
1365 2755 1737 2829 μονόκτιστος,
1768 2777 1866 2810 κυ-

220 2840 472 2919 ριώ.ερον
533 2840 595 2896 ἂν
646 2841 856 2920 λέγοιτο
890 2891 906 2917 ,
962 2852 1108 2923 etc.,
1162 2860 1366 2905 vocem
1422 2846 1662 2922 γέννημα
1722 2843 1869 2905 Filio

219 2939 504 3007 tanquam
566 2930 841 2992 decoram
898 2950 968 2993 ac
1029 2934 1340 2995 decentem
1371 2932 1575 2995 abillo
1632 2941 1872 2995 auctore

222 3017 406 3079 fuisse
429 3018 731 3081 tributam.
764 3019 953 3083 Vertit
982 3023 1143 3083 enim
1175 3021 1311 3083 vitio
1363 3022 1683 3097 Eunomio,
1716 3021 1873 3104 quod

223 3108 404 3169 Filius
436 3126 510 3171 ex
543 3108 674 3187 ejus
705 3110 1003 3173 sententia
1051 3129 1189 3172 vero
1221 3110 1529 3174 diceretur
1576 3120 1872 3193 creatura,

217 3198 621 3277 appellaretur
652 3218 788 3261 vero
824 3199 969 3261 falso
992 3200 1236 3262 nomine
1259 3206 1742 3281 genitura:quem
1776 3220 1875 3263 sa-

219 3306 295 3347 ne
320 3307 621 3368 nunquam
647 3288 733 3351 sic
764 3290 1081 3368 arguisset,
1108 3290 1223 3352 nisi
1252 3290 1604 3353 credidisset
1631 3290 1759 3372 ipse
1774 3291 1877 3353 Fi-

220 3376 364 3436 lium
392 3379 633 3458 proprio
665 3396 733 3440 ac
756 3396 894 3441 vero
927 3378 1174 3442 nomine
1199 3380 1531 3459 genituram
1564 3378 1875 3460 appellari.

225 3466 475 3527 Basilius
510 3475 707 3529 autem
759 3488 878 3530 non
938 3468 1115 3531 modo
1160 3488 1279 3531 non
1334 3488 1478 3531 usus
1512 3476 1603 3531 est
1633 3469 1878 3531 nomine

217 3558 484 3633 γέννημα,
509 3557 617 3618 sed
652 3574 724 3618 eo
753 3559 834 3620 uti
858 3576 976 3620 non
1007 3558 1190 3621 licere
1217 3558 1523 3622 docuit.At
1555 3559 1749 3640 ipsum
1775 3577 1879 3620 au:

218 3646 351 3705 dire
384 3654 643 3725 praestat.
672 3647 816 3727 Ejus
840 3648 1017 3727 igitur
1041 3648 1166 3711 haec
1198 3658 1335 3710 sunt
1367 3647 1473 3709 lib.
1500 3664 1740 3724 tt,num.
1770 3647 1874 3724 6,7

220 3737 371 3799 et8:
405 3739 504 3795 Καὶ
535 3737 591 3794 ἐν
633 3741 835 3803 τούτοις
889 3741 1062 3795 τοίνον
1118 3746 1185 3817 τῇ
1236 3740 1332 3816 μὲν
1388 3738 1607 3813 ἀληθείᾳ
1639 3745 1873 3817 φανερῶς

220 3826 570 3905 angi/fut,
606 3828 774 3903 ἐαυτῷ
803 3826 855 3884 δε
888 3827 1034 3903 ὅμως
1091 3828 1353 3903 ἆκόλουοα
1408 3828 1576 3906 λέγει.
1641 3827 1731 3893 Ὠς
1775 3829 1874 3905 γὰρ

224 3917 275 3971 ἐν
324 3931 439 3978 τοῖς
474 3916 585 3973 ἄνω
640 3916 821 3996 λόγοις
867 3920 929 3974 τὸ
986 3918 1276 3997 ἀγέννητον
1322 3917 1407 3974 ἐπὶ
1464 3923 1558 3974 τοῦ
1604 3922 1737 3974 Θεοῦ
1768 3922 1871 3973 τῶν

221 4006 378 4084 ὅλων,
432 4012 532 4074 τῆς
578 4008 755 4072 οὖσίας
804 4010 960 4066 αὖτοῧ
1003 4006 1269 4087 διωρίζετο
1322 4011 1461 4066 εἶναι
1515 4007 1865 4086 σημαντικὸν,

222 4096 351 4152 οὓτω
397 4098 484 4152 καὶ
551 4098 767 4155 ἐνθαῦτα
824 4100 885 4155 τὸ
933 4100 1170 4176 γέννημα
1226 4098 1325 4165 τὴν
1381 4097 1556 4154 οὕσίαν
1606 4107 1698 4152 τοῦ
1750 4097 1867 4154 ι’ίοῦ

224 4189 505 4259 στμαένειν
566 4186 732 4263 λεγει·
790 4186 862 4242 ἵν’
914 4187 965 4244 ἐν
1023 4194 1090 4264 τῇ
1148 4194 1239 4243 τοῦ
1293 4194 1550 4265 γεννητοῦ
1619 4186 1747 4262 πρὸς
1803 4186 1864 4242 τὸ

222 4276 513 4352 ἀγέννητον
574 4276 852 4353 ἀντιθέσει,
900 4277 1143 4340 ἐναντίως
1198 4276 1397 4355 ἔχοντα
1440 4281 1516 4349 τῷ
1564 4276 1726 4353 Πατρὶ
1775 4276 1863 4331 τὸν

220 4371 495 4443 Μονογενῆ
566 4366 697 4421 κατὰ
769 4365 864 4433 τὴν
936 4365 1111 4423 οὒσέαν
1186 4366 1350 4432 αὐτὴν
1433 4362 1687 4439 ἐπιδείξῃ,
1771 4364 1867 4421 Διὰ

216 4463 377 4511 ταῦτα
452 4458 733 4529 νομοθετεῖ
784 4455 997 4531 ῥήματα
1054 4453 1152 4520 ἔξω
1182 4459 1280 4520 τῆς
1335 4452 1580 4533 χρήσεως
1625 4452 1750 4508 ὄντα
1780 4460 1869 4509 τοῦ

215 4544 351 4602 Θείαν,
432 4545 759 4617 Πνεύμκτος.
836 4542 1075 4621 γέννημα
1158 4544 1252 4599 τὸν
1333 4544 1452 4598 Υίὸν
1565 4543 1862 4615 ὀνομάζων.

217 4637 377 4688 Πόθεν
422 4630 629 4709 λαϐώη
682 4634 742 4687 ἐκ
786 4634 936 4696 ποίας
986 4630 1347 4707 διδασκαλίας
1380 4635 1519 4695 τίνος
1566 4632 1862 4711 προφήτου;
1892 4626 2086 4689 Dbis:
2125 4631 2218 4686 Καὶ
2251 4636 2412 4687 ταῦτα
2445 4631 2541 4706 μὲν
2573 4631 2657 4688 ἐπὶ
2693 4639 2964 4711 τοσοῦτον,
3014 4631 3127 4705 vel,
3186 4633 3258 4695 εἰς
3291 4639 3540 4689 τοσοῦτον
3578 4658 3590 4705 ;

218 4730 350 4787 τίνος
378 4723 483 4779 τῶν
516 4720 832 4778 ἀποστόλων
879 4723 1076 4788 ταύτην
1137 4726 1276 4795 αὖτῷ
1338 4744 1435 4788 την
1496 4720 1866 4798 προσωνυμίαν

219 4812 660 4892 ὲ-ίιςαημὶσαντοςς
712 4810 854 4888 Ἐγὼ
896 4812 993 4885 μὲν
1041 4812 1139 4889 γὰρ
1196 4809 1425 4885 οὐδαμοῦ
1496 4809 1589 4877 τῆς
1654 4814 1865 4888 Γραφῆς

217 4905 472 4979 κειμένην
518 4902 655 4959 οὕτω
712 4904 810 4969 την
867 4902 1047 4981 φωνὴν
1079 4902 1278 4967 ταύτην
1337 4904 1562 4980 εὖρονη,
1600 4907 1862 4979 Γεγεννη-

222 4996 359 5048 κέναι
422 4993 524 5067 μὲν
581 4992 681 5069 γὰρ
729 4992 819 5047 τὸν
878 4990 1104 5069 Πατέρα,
1168 4989 1450 5069 πολλαχοῦ
1497 4988 1861 5067 δεδιδὰγμεοα·

219 5084 457 5158 γέννημα
510 5079 563 5137 δὲ
615 5082 757 5136 εἶναι
812 5082 900 5136 τὸν
950 5081 1087 5155 Γίὸν,
1122 5078 1325 5138 οὖδέπω
1346 5080 1432 5137 καὶ
1466 5079 1693 5157 τήμερον
1722 5080 1862 5147 ἀκη-

219 5174 413 5247 κόαμεν
450 5218 545 5234 ,,,.
586 5168 737 5227 Ἀλλ’
793 5170 838 5225 εἰ
893 5169 1168 5246 ἒγέκινησε,
1202 5170 1382 5249 φησὶν.
1414 5171 1440 5225 ὁ
1474 5169 1626 5240 Θεὸς,
1662 5173 1776 5232 πῶς
1806 5171 1863 5225 οὔ

219 5263 327 5340 χρή
354 5264 447 5319 τὸν
476 5260 797 5340 γεννηθέντα
850 5259 1243 5337 (προσαγορεύειν
1275 5259 1540 5337 γέννημας
1605 5253 1737 5314 ’Ότι
1770 5281 1866 5336 φο-

216 5352 363 5428 ϐερὸν
431 5354 562 5427 ἡμῖν
621 5349 900 5427 ἡμετέροις
957 5347 1112 5403 αὐτὸν
1154 5348 1377 5424 ὀνόμασι
1427 5357 1790 5426 προσφωνεῖν,
1821 5349 1864 5421 ᾦ

220 5440 499 5519 ἐχαρίσατο
556 5442 583 5497 ὁ
630 5440 761 5501 Θεὸς
815 5436 981 5513 ὄνομα
1038 5438 1099 5493 τὸ
1152 5438 1284 5517 ὑπὲρ
1330 5443 1433 5493 πᾶν
1484 5434 1652 5511 ὄνομα
1692 5479 1734 5499 ..
1786 5435 1863 5494 ’Ὀ

220 5530 387 5586 τοίνυν
444 5529 558 5587 οὔτε
618 5530 652 5597 ἡ
705 5528 861 5593 κοινὴ
922 5528 1189 5603 συνήθεια,
1249 5525 1368 5585 οὕτε
1424 5528 1460 5596 ἦ
1512 5531 1617 5589 τῶν
1648 5526 1866 5607 Γραφῶν

223 5624 405 5698 χρῆτις
455 5618 865 5699 παραδέδεκται,
921 5617 1105 5674 τούτου
1172 5616 1533 5697 κατατολμᾷν,
1590 5621 1701 5678 πῶς
1747 5617 1869 5695 οὒχὶ

222 5708 313 5777 τῆς
366 5710 601 5794 ἐσχάτης
650 5706 909 5769 ἀπονοίας
968 5706 1123 5783 tari;
1183 5704 1256 5768 Et
1288 5705 1349 5769 in
1378 5705 1474 5769 his
1528 5702 1734 5785 utique
1764 5722 1869 5767 ve-

1956 2119 2116 2179 Deus
2146 2137 2365 2181 nomen
2402 2123 2564 2198 quod
2598 2132 2885 2204 estsuper
2901 2142 3077 2188 omne
3105 2144 3349 2201 nomen,
3383 2127 3600 2189 nostris

1955 2207 2300 2269 nominibus
2324 2210 2908 2291 appellare...'Quod
2938 2214 3114 2294 igitur
3135 2232 3245 2277 nec
3265 2218 3601 2280 communis

1953 2297 2349 2369 consuetudo,
2382 2318 2492 2361 nec
2549 2300 2997 2382 Scripturarum
3048 2321 3186 2365 usus
3234 2304 3499 2380 admisit,
3535 2306 3598 2367 id

1952 2385 2405 2466 audere,nonne
2448 2408 2697 2454 summae
2722 2391 3041 2456 dementiae
3061 2393 3181 2455 est?
3214 2418 3241 2449 ››
3276 2393 3597 2472 Postquam

1953 2484 2147 2536 autem
2174 2475 2423 2540 Basilius
2454 2479 2579 2540 haec
2600 2480 2797 2543 etalia
2816 2481 2879 2542 id
2901 2500 3090 2560 genus
3130 2482 3338 2564 multa,
3371 2502 3503 2564 quae
3532 2485 3595 2547 in

1954 2565 2078 2646 ipso
2110 2565 2269 2627 fonte
2308 2566 2424 2646 legi
2457 2587 2654 2649 operae
2674 2570 2928 2651 pretium
2955 2581 3065 2648 est,
3106 2572 3598 2654 uteleganter,ita

1953 2656 2192 2736 copiose
2214 2673 2497 2736 eo,quem
2530 2657 2816 2735 dixi,loco
2851 2661 3093 2742 scripsit
3131 2661 3205 2723 ad
3232 2679 3436 2723 vocem
3468 2666 3593 2742 γέν-

1953 2767 2095 2818 νημα
2126 2744 2674 2829 repudiandam,sic
2705 2750 2945 2812 tandem
2976 2767 3316 2812 sermonem
3345 2750 3597 2813 conclu-

1955 2834 2039 2897 dit
2068 2854 2080 2896 :
2116 2835 2265 2893 Οὕτω
2310 2836 2405 2913 μὲν
2438 2840 2525 2893 οὖν
2558 2838 2810 2918 ἀλλοτρία
2865 2843 2962 2907 τῆς
2996 2863 3049 2895 τε
3079 2846 3264 2907 κοινῆς
3323 2844 3596 2909 συνηθείας

1954 2926 2041 2981 καὶ
2071 2929 2165 2993 τῆς
2198 2932 2303 2981 τῶν
2333 2933 2553 3005 Γραφῶν
2582 2931 2834 3008 χρήσεως
2898 2932 2927 2998 ἡ
2960 2932 3109 3009 φωνή
3140 2937 3232 2987 τοῦ
3264 2931 3597 3009 γεννήματος

1957 3013 2375 3092 απελήλεγιετπι.
2416 3013 2573 3079 «Hoc
2598 3018 2797 3097 itaque
2829 3018 3006 3079 modo
3056 3018 3343 3094 geniturae
3388 3035 3592 3083 vocem

1960 3110 2017 3164 et
2042 3122 2077 3163 a
2106 3103 2411 3164 communi
2434 3106 2869 3169 consuetudine
2893 3112 2953 3167 et
2971 3125 3005 3167 a
3023 3105 3467 3186 Scripturarum
3485 3127 3597 3171 usu

1960 3191 2216 3253 alienam
2250 3211 2382 3255 esse
2412 3195 2879 3258 demonstratum
2905 3204 3013 3258 est.
3048 3220 3071 3252 .›
3108 3195 3252 3269 Quae
3310 3198 3510 3259 omnia
3547 3197 3601 3259 si

1962 3281 2120 3344 inter
2144 3301 2207 3344 se
2243 3293 2686 3364 comparentur,
2720 3285 3099 3366 perspicuum
3129 3288 3244 3348 erit
3272 3304 3343 3350 ex
3374 3288 3483 3348 hac
3508 3289 3598 3350 lo-

1963 3389 2168 3434 corum
2204 3373 2547 3445 collatione,
2580 3376 2869 3438 Basilium
2902 3386 3004 3438 aut
3024 3375 3139 3438 sibi
3169 3394 3289 3438 non
3307 3378 3603 3440 consenti-

1962 3479 2053 3537 re,
2086 3472 2210 3540 aut,
2235 3463 2393 3544 quod
2421 3466 2617 3527 verius
2648 3474 2762 3546 est,
2795 3466 3006 3527 horum
3036 3464 3432 3542 librorum,in
3464 3471 3602 3548 qui-

1963 3567 2071 3611 cox
2097 3552 2335 3629 γέννημα
2368 3556 2648 3632 tanquam
2691 3553 2961 3616 solemne
2993 3552 3277 3634 quiddam
3329 3563 3386 3617 et
3436 3556 3605 3619 fami-

1961 3639 2105 3702 liare
2138 3641 2357 3722 passim
2390 3641 2732 3721 adhibetur,
2762 3652 3070 3706 auctorem
3101 3662 3223 3706 non
3245 3662 3398 3708 esse.

2039 3819 2395 3883 72.05tendi
2448 3821 2739 3885 hactenus
2764 3831 3069 3889 auctorem
3102 3824 3390 3888 librorum
3413 3830 3604 3908 quarti

1958 3915 2016 3970 et
2046 3909 2236 3990 quinti
2256 3919 2464 3973 contra
2483 3911 2860 3975 Eunomia»:
2883 3915 2968 3975 uti
2997 3914 3194 3995 aliquo
3226 3914 3468 3977 dicendi
3495 3938 3602 3996 ge-

1956 4018 2121 4070 nere,
2156 4018 2279 4079 quo
2320 4018 2438 4061 non
2486 4000 2637 4062 solet
2668 4002 2752 4063 uti
2781 4003 3077 4067 Basilius:
3114 4022 3294 4081 nunc,
3323 4006 3600 4085 quoniam

1951 4088 2199 4152 varietas
2220 4094 2351 4168 ipsa
2378 4108 2484 4169 per
2506 4108 2569 4152 se
2590 4090 3124 4173 placet,ostendere
3148 4092 3409 4156 conabor
3438 4112 3602 4156 eum-

1951 4178 2087 4240 dem
2113 4196 2231 4241 non
2256 4179 2339 4240 uti
2356 4180 2654 4261 aliquibus
2679 4181 2924 4244 dicendi
2954 4183 3386 4264 formulis,quae
3403 4187 3603 4264 saepis-

1949 4267 2101 4330 sime
2132 4268 2288 4349 apud
2318 4269 2601 4332 Basiliam
2646 4271 2945 4352 leguntur.
2982 4274 3101 4336 Res
3132 4282 3332 4334 autem
3365 4272 3437 4334 iis
3470 4293 3603 4354 qua)

1949 4356 2261 4437 subjiciam
2289 4360 2579 4442 exemplis
2602 4360 3280 4441 ﬁetclarior.Postquam
3302 4362 3481 4441 igitur
3492 4360 3602 4425 Ba-

1950 4445 2121 4508 silius
2153 4447 2377 4527 aliquid
2405 4457 2505 4511 aut
2538 4449 2826 4531 probavit,
2852 4460 2952 4512 aut
2981 4451 3327 4527 confutavit,
3361 4462 3461 4513 aut
3492 4471 3599 4514 ex-

1953 4536 2240 4615 planavit,
2275 4539 2603 4602 orationem
2630 4540 2990 4603 concludere
3021 4541 3327 4603 consuevit
3355 4540 3446 4601 his
3464 4559 3600 4604 ver-

3578 4680 3593 4705 9

1951 4716 2119 4779 Verbi
2150 4718 2359 4795 gratia,
2395 4727 2711 4799 postquam
2754 4720 3003 4783 Basilius
3055 4719 3209 4781 libro
3240 4721 3324 4781 De
3354 4720 3600 4801 Spiritu

1947 4814 2150 4868 sancto
2183 4825 2311 4887 cap.
2350 4808 2449 4887 14,
2477 4808 2551 4869 de
2575 4810 2786 4889 Moysis
2837 4809 3189 4889 baptismate
3218 4809 3453 4872 locutus
3484 4819 3595 4886 est,

1949 4896 2280 4958 orationem
2341 4896 2725 4960 absoluturus
2781 4900 2867 4961 sic
2922 4898 3208 4979 scripsit:
3263 4900 3339 4958 Τὰ
3382 4899 3477 4975 μὲν
3510 4902 3598 4957 οὖν

1949 4988 2067 5066 περὶ
2099 4988 2296 5059 τύπων,
2346 4988 2430 5044 ἐπὶ
2474 4995 2745 5060 τοσοῦτον,
2786 4987 3047 5069 «Itaque
3111 4988 3187 5051 de
3232 4989 3439 5069 ﬁguris
3460 4992 3596 5070 qui-

1947 5075 2084 5136 dem
2118 5073 2599 5139 hactonus.-Nec
2631 5074 2806 5137 aliter
2833 5077 3122 5156 scriptum
3142 5076 3445 5139 invenitur
3462 5094 3597 5157 cap.

1946 5164 2373 5245 29.1’ostquam
2401 5164 2560 5227 enim
2591 5164 2834 5227 verbum
2852 5165 3078 5247 aliquot
3097 5167 3453 5246 scriptorum
3475 5184 3605 5229 ver-

1947 5253 2019 5315 ba
2035 5253 2415 5325 retulit,fecit
2446 5272 2563 5316 non
2594 5254 2885 5336 insolens,
2916 5264 2978 5316 ut
3000 5256 3128 5317 haec
3150 5255 3471 5319 addiderit:
3503 5258 3599 5315 Καὶ

1944 5347 2108 5400 ταῦτα
2153 5344 2250 5419 μὲν
2279 5346 2349 5409 εἰς
2383 5344 2654 5420 τοσοῦτον,
2679 5343 2785 5407 «Et
2807 5344 2933 5406 haec
2966 5344 3212 5422 quidem
3243 5345 3589 5408 hactenus.»

1948 5430 2226 5512 Ejusdem
2258 5434 2347 5496 rei
2370 5442 2426 5495 et
2450 5432 2566 5495 alia
2609 5433 2884 5513 exempla
2904 5434 3018 5513 legi
3054 5442 3301 5516 possunt
3332 5434 3443 5497 hoc
3465 5434 3594 5513 ipso

1950 5521 2011 5583 in
2040 5519 2193 5583 libro
2220 5541 2350 5603 cap.
2388 5523 2485 5587 30.
2515 5522 2690 5605 Item,
2723 5523 2784 5584 in
2814 5522 2921 5584 lib.
2948 5524 3137 5603 primo
3160 5529 3368 5587 contra
3389 5523 3597 5585 Euno-

1951 5610 2165 5686 mium,
2186 5631 2349 5675 num.
2385 5612 2555 5689 5,ubi
2583 5614 2709 5677 hinc
2736 5613 3021 5696 loquendi
3042 5614 3195 5678 ratio
3227 5615 3318 5675 bis
3340 5613 3593 5676 adhibe-

1956 5700 2227 5765 tur.Cum
2256 5702 2431 5785 igitur
2447 5702 2700 5767 Basilius
2720 5704 2831 5768 hac
2863 5703 3290 5769 concludendae
3308 5701 3593 5766 orationis
