4100 6202
494 409 757 459 (XXXXV!

1889 391 2293 455 PROLEGOM
2305 392 2481 453 ENA.

495 524 747 586 formula
769 523 945 585 unice
965 524 1300 586 delectatus
1331 525 1512 586 fuisse
1541 523 1955 595 videatur,cur
1973 545 2131 589 nun-
2154 531 2193 578 A
2219 525 2404 587 nomii
2428 527 2780 608 opusculum
2804 525 3106 588 edendum
3137 522 3503 584 curavimus.
3561 521 3663 582 Sic
3705 517 3874 595 igitur

497 631 673 691 quam
691 613 833 675 eain
850 612 1077 674 ultimis
1089 613 1320 675 duobus
1337 615 1404 675 in
1423 613 1793 676 Eunomium
1813 614 1981 676 libris
2001 633 2143 677 usus

499 709 614 766 est?
639 703 816 764 Paulo
843 703 1026 781 magis
1059 721 1295 765 movere
1320 703 1517 784 debet,
1553 704 1712 784 quod
1747 705 1958 767 horum
1993 723 2142 786 quos

500 811 631 852 mox
663 791 783 853 dixi
803 790 1090 853 librorum
1125 801 1329 854 auctor
1349 810 1552 854 vocem
1585 795 1808 850 κατόπιν
1849 813 2138 874 nusquam

499 880 773 943 adhibeat
798 901 810 942 :
833 901 962 960 qua
1008 891 1202 943 tamen
1233 901 1340 943 vox
1373 884 1452 945 ita
1472 893 1563 944 est
1585 883 1894 946 familiaris
1919 885 2138 947 Basnlio

2238 885 2673 966 ιαταγγέλλουσιν
2709 902 2725 918 ⁸
2767 905 2779 918 ·
2820 901 2834 917 ⁸

498 973 800 1051 Magno,ut
831 970 890 1031 in
915 973 1045 1051 ejus
1063 971 1297 1052 scriptis
1320 990 1553 1033 sursum
1579 973 1859 1034 deorsum
1892 975 2138 1052 legatur.

502 1059 845 1141 Quanquam
879 1069 1075 1122 autem
1125 1061 1375 1123 Basilius
1407 1080 1535 1123 eam
1569 1080 1771 1125 vocem
1807 1066 2007 1126 multis
2042 1082 2143 1124 va-

504 1149 730 1229 riisque
760 1149 951 1210 modis
983 1151 1584 1231 usurpet,prasertim
1621 1160 1816 1216 tamen
1842 1173 1909 1215 ea
1936 1154 2141 1227 utitur,

507 1257 639 1299 cum
673 1238 1011 1318 significare
1033 1240 1152 1300 vult
1182 1259 1246 1302 se
1277 1241 1526 1321 alicujus
1548 1242 1635 1302 rei
1648 1243 1769 1321 jam
1793 1252 1965 1305 antea
1984 1261 2146 1304 men-

507 1327 725 1388 tionem
753 1328 1151 1405 fecisse.Ergo
1176 1331 1275 1391 ubi
1295 1331 1569 1411 plerique
1585 1331 2145 1412 aliiscriptoressa-

508 1417 635 1497 pius
667 1417 938 1481 scribunt
968 1422 1040 1483 ὡς
1072 1423 1403 1500 προείρηται,
1453 1430 1554 1482 aut
1601 1421 1956 1501 simpliciter
1983 1424 2141 1498 ετρτρ-

506 1531 614 1586 ται,
653 1530 676 1563 ιι
705 1515 766 1567 ut
787 1509 908 1587 jam
941 1519 1112 1570 antea
1142 1508 1364 1571 dictum
1391 1517 1500 1584 est,
1538 1517 1597 1572 ut
1619 1511 1840 1573 dictum
1861 1522 2010 1594 est,»
2046 1513 2142 1575 ille

509 1614 672 1659 suam
698 1597 1026 1659 orationem
1045 1598 1130 1660 sic
1157 1599 1555 1679 componit,ut
1578 1601 1768 1681 potius
1803 1602 1879 1663 ita
1901 1602 2141 1683 scribat,

513 1687 600 1744 Ἐν
632 1700 745 1750 τοῖς
791 1689 1015 1744 κατόπιν
1068 1689 1279 1766 λόγοις,
1329 1697 1428 1750 aut
1475 1690 1845 1770 simpliciter,
1891 1691 1980 1750 Ἐν
2029 1707 2146 1757 τοῖς

512 1778 755 1849 κατόπιν,
793 1798 819 1834 ι
849 1785 910 1837 ιιι
940 1777 1214 1856 superius
1241 1777 1464 1839 dictum
1488 1788 1602 1841 est.
1639 1805 1663 1834 ιι
1694 1781 1838 1842 Cum
1873 1781 2054 1860 igitur
2086 1781 2146 1840 in

2225 614 2488 696 loquitur
2533 615 2788 696 scriptor
2841 633 3005 677 num.
3041 612 3334 677 12:"0n
3386 609 3440 666 δὲ
3490 611 3584 668 καὶ
3638 613 3726 674 εἷς
3762 609 3871 670 Υἱὸς

2229 705 2558 786 (Μονογενὴς
2591 708 2734 786 γὰρ),
2767 708 2894 773 ἐνῆν
2945 706 3044 780 μὲν
3102 707 3199 768 τὰς
3245 705 3350 760 τῶν
3379 703 3544 781 ἁγίων
3577 700 3760 780 φωνὰς
3783 721 3874 754 πα-

2226 797 2561 876 ραθεμένους,
2624 795 2689 852 δι’
2737 797 2813 853 ὧν
2877 796 2994 852 Υἱὸν
3053 796 3140 852 καὶ
3213 793 3452 872 γέννημα
3504 792 3597 848 καὶ
3672 788 3875 876 ποίημα

2885 883 3235 964 ἀπηλλάχθαι
3280 880 3578 963 φροντίδος.
3644 900 3667 934 ι
3715 874 3878 950 Quod

2226 982 2426 1038 autem
2441 974 2625 1036 Filius
2641 993 2794 1037 unus
2815 975 2894 1036 sit
2913 971 3524 1055 quoquetUnigenitus
3551 978 3648 1030 est
3669 966 3876 1046 enim),

2227 1065 2467 1127 vocibus
2488 1075 2824 1127 sanctorum
2847 1063 2909 1125 in
2926 1062 3189 1125 medium
3203 1058 3648 1141 allatis,quibus
3668 1056 3876 1118 Filium

2229 1162 2351 1216 tum
2377 1154 2708 1234 genituram
2731 1161 2856 1215 tum
2879 1160 3211 1216 creaturam
3245 1149 3652 1232 pradicant...
3690 1145 3880 1227 possi-

2231 1263 2362 1305 mus
2393 1261 2534 1305 cura
2565 1244 2866 1306 liberari.)
2889 1244 3047 1324 Ergo
3068 1241 3142 1304 de
3163 1239 3442 1304 Eunomii
3463 1237 3787 1316 sententia,
3820 1240 3881 1295 ut

2229 1332 2416 1395 Filius
2438 1351 2574 1395 vere
2607 1333 2963 1413 pradicatur
2991 1333 3370 1401 creatura,ita
3389 1327 3570 1390 etiam
3607 1326 3769 1388 idem
3792 1341 3881 1384 ve-

2229 1441 2293 1484 re
2305 1424 2577 1503 genitura
2590 1420 3017 1486 dicitur.Paulo
3042 1428 3173 1502 post
3185 1419 3372 1499 magis
3386 1415 3713 1498 perspicue
3727 1430 3883 1473 men-

2230 1521 2348 1576 tem
2369 1531 2535 1575 suam
2554 1512 2745 1593 aperit
2768 1509 3218 1586 Eunomius,his
3235 1507 3431 1571 verbis
3459 1526 3472 1571 :
3507 1505 3762 1578 Γὲννημά
3783 1505 3880 1560 τοί·

2231 1627 2316 1664 νυο
2358 1605 2449 1660 τὸν
2482 1605 2600 1660 Υἷόν
2631 1625 2804 1683 φαμεν
2831 1601 2966 1658 κατὰ
2996 1601 3094 1668 τὴν
3125 1600 3232 1657 τῶν
3267 1605 3486 1678 Γραφῶν
3516 1593 3879 1671 διδασκαλίαν,

2230 1695 2332 1773 οὐχ
2381 1693 2558 1772 ἕτερον
2609 1680 2703 1767 μὲν
2737 1714 2786 1748 τι
2840 1693 2938 1759 τὴν
2997 1691 3171 1747 οὕσίαν
3223 1688 3483 1760 νοοῦντες,
3546 1680 3806 1762 ἕτερονδέ
3834 1704 3879 1736 τι

2232 1772 2353 1861 παρ’
2424 1783 2585 1850 αὐτὴν
2629 1783 2688 1838 τὸ
2761 1781 3185 1856 σημαινόμενον,
3219 1775 3338 1834 ἀλλ’
3387 1776 3549 1844 αὒτὴν
3606 1775 3749 1830 εἶναι
3792 1772 3882 1838 τὴν

512 1863 733 1925 ultimis
765 1864 996 1927 duobus
1024 1867 1090 1926 in
1121 1865 1492 1930 Eunomium
1522 1868 1692 1930 libris
1748 1888 1905 1950 sape
1952 1871 2146 1950 scrip-

2238 1873 2546 1947 ὑπόστασιν,
2607 1873 2673 1938 ἣν
2735 1871 2982 1946 σημαίνει
3043 1868 3297 1944 τοῦνομα,
3341 1865 3770 1932 ἐπαληθευούσης
3816 1867 3879 1934 τῇ

514 1961 635 2014 tum
664 1954 742 2014 sit
769 1959 869 2018 aut
895 1957 1223 2037 προείρηται,
1252 1965 1353 2018 aut
1375 1957 1729 2037 simpliciter
1758 1959 1993 2039 εἴρηται,
2043 1978 2154 2021 nec

2243 1963 2386 2036 οὐσίᾳ
2415 1965 2514 2028 τῆς
2559 1962 2939 2040 προσηγορίας.
2993 1977 3022 2018 (
3055 1957 3404 2021 Genituram
3438 1954 3638 2032 itaque
3670 1950 3876 2040 Filium

514 2061 761 2124 usquam
793 2045 853 2105 in
885 2044 978 2105 his
1008 2044 1302 2107 scribatur
1325 2047 1377 2102 ἐν
1401 2061 1519 2111 τοῖς
1550 2049 1796 2123 κατόπιν,
1829 2049 2156 2130 quomodo,

515 2133 994 2213 quaso,Basilius
1024 2135 1318 2214 ejusmodi
1349 2135 1635 2198 librorum
1659 2147 1862 2200 auctor
1881 2139 1998 2200 dici
2024 2157 2152 2201 me-

517 2225 629 2285 rito
662 2223 844 2304 possit
865 2223 895 2284 τ

595 2312 696 2377 73.
731 2313 968 2375 Monere
985 2314 1175 2393 juvat,
1208 2313 1443 2375 libellos
1477 2314 1623 2378 duos
1645 2316 1827 2381 fuisse
1857 2317 2046 2379 editos
2077 2318 2150 2378 ab

517 2401 2148 2486 Eunomio.Unum,quemconfutavitBasilius,alterum,

519 2511 692 2573 quem
717 2492 1017 2554 confutare
1037 2513 1151 2554 non
1185 2494 1394 2574 potuit,
1420 2513 1552 2555 cum
1588 2515 1705 2556 non
1733 2496 1927 2558 editus
1949 2497 2024 2558 sit
2042 2497 2154 2558 nisi

521 2593 650 2662 post
674 2581 862 2663 ipsins
895 2591 1168 2646 mortem.
1201 2583 1337 2645 Hac
1361 2602 1597 2646 mecum
1630 2605 1761 2646 cum
1793 2595 2151 2666 reputarem,

520 2670 709 2732 ultimi
731 2671 847 2733 duo
862 2673 927 2734 in
948 2672 1325 2735 Eunomium
1346 2672 1485 2735 libri
1509 2675 1656 2736 mihi
1677 2676 1859 2755 magis
1882 2696 1948 2737 ac
1975 2677 2158 2756 magis

520 2761 780 2842 suspecti
793 2760 930 2823 facti
945 2770 1103 2823 sunt.
1139 2762 1340 2825 Putavi
1358 2763 1516 2827 enim
1542 2765 1829 2827 confutari
1858 2765 1914 2826 in
1940 2767 2159 2828 ultimis

520 2850 972 2913 duobuscontra
995 2851 1374 2915 Eunomium
1397 2852 1566 2916 libris
1585 2872 1699 2916 non
1717 2855 1972 2935 primum
1991 2855 2160 2917 libel-

522 2941 642 3004 lum
667 2941 1077 3022 Eunomii,sed
1105 2943 1458 3023 secundum;
1487 2943 1561 3005 ob
1584 2944 1762 3025 idque
1784 2945 2028 3008 secundi
2053 2947 2129 3006 hu

513 3031 811 3112 juslibelli
831 3031 1290 3094 confutationem
1312 3032 1490 3093 tribui
1510 3051 1625 3094 non
1650 3052 1821 3114 posse
1837 3033 2158 3114 Basilio,ob

522 3139 653 3186 eam
679 3139 851 3200 quam
877 3121 1040 3181 attuli
1063 3120 1453 3184 rationem.Et
1477 3122 1714 3203 quidem
1738 3124 2014 3204 scriptor,
2032 3125 2158 3204 qui-

527 3198 759 3288 cunque
790 3209 890 3270 ille
923 3209 1160 3289 fuit,qui
1193 3211 1427 3272 ultimos
1451 3198 1600 3272 duos
1629 3216 1700 3273 in
1715 3198 2159 3276 Eunomiumli-
2179 3198 2218 3251 ’τ

524 3298 950 3377 brosvulgavit,
987 3297 1065 3360 ita
1089 3298 1352 3360 confutat
1382 3298 1760 3376 Eunomium,
1793 3312 1852 3362 ut
1877 3321 2010 3363 eum
2057 3323 2157 3365 re-

528 3387 1042 3469 prehendat,quod
1067 3387 1281 3449 Filium
1305 3405 1446 3450 vere
1463 3389 1692 3452 diceret
1715 3394 2162 3472 creaturam,af-

527 3480 796 3541 firmaret
823 3493 965 3537 vero
1011 3475 1286 3538 eumdem
1351 3478 1494 3540 falso
1544 3479 1785 3541 nomine
1829 3483 2159 3560 genituram

528 3565 846 3641 dici.Quod
877 3574 942 3627 ut
971 3566 1342 3629 manifestius
1380 3569 1502 3643 fiat,
1540 3569 1671 3649 ipsa
1693 3572 1999 3652 scriptoris
2024 3592 2159 3634 ver-

531 3659 765 3738 ba,qua
779 3656 901 3736 jam
930 3655 1481 3733 retulimus,rursus
1494 3658 1568 3719 ob
1588 3659 1793 3720 oculos
1811 3680 2033 3740 ponere
2048 3681 2164 3723 non

532 3743 920 3829 pigebitﬁac
945 3753 1140 3807 autem
1173 3756 1309 3808 sunt
1338 3747 1441 3810 lib.
1470 3757 1679 3828 quarto
1709 3770 1841 3830 pag.
1868 3752 1980 3814 287
2009 3769 2022 3814 :
2056 3761 2164 3809 Mo-

536 3839 804 3900 νόκτιστος
858 3835 1169 3914 κυριώτερον
1230 3837 1292 3892 ἃν
1335 3837 1568 3914 λέγοιτο,
1603 3843 1795 3913 κτίσμα
1828 3843 1922 3914 μὲν
1954 3841 2166 3908 ἀληθῶς

531 3926 648 3985 κατ’
682 3926 936 4001 Εὐνόμιον
976 3925 1071 4000 die,
1132 3925 1370 4002 γέννημα
1410 3925 1462 3981 δὲ
1517 3928 1868 4004 ψευδωνὺμως
1902 3931 2169 3990 καλούμε-

536 4041 648 4078 νος.
681 4016 1064 4078 «Unicreatus
1093 4013 1279 4091 magis
1311 4015 1552 4095 proprie
1582 4016 2047 4097 diceretur,cum
2071 4037 2170 4081 se-

535 4106 796 4170 cundum
828 4103 1185 4168 Eunomium
1209 4121 1348 4164 vere
1378 4113 1649 4167 creatura
1679 4107 1778 4187 sit,
1813 4108 1952 4170 falso
1977 4118 2171 4170 autem

535 4197 777 4260 nomine
805 4194 1079 4274 genitura
1109 4201 1365 4254 vocetur.
1403 4219 1424 4252 υ
1454 4193 1723 4274 Scriptor
1752 4197 1953 4275 igitur,
2006 4199 2171 4279 quis-

2243 2038 3061 2129 dicimus,exVScripturarum
3092 2046 3387 2122 doctrina,
3413 2062 3531 2105 non
3560 2041 3720 2105 aliud
3744 2038 3877 2120 quid

2241 2141 2558 2202 essentiam
2589 2139 3016 2216 intelligentes,
3056 2135 3217 2198 aliud
3251 2134 3391 2217 quid
3425 2139 3642 2214 prater
3671 2130 3874 2210 ipsam,

2239 2231 2298 2291 id
2323 2231 2480 2313 quod
2501 2231 2888 2311 significatur,
2924 2227 3028 2290 sed
3060 2227 3246 2308 ipsam
3282 2242 3415 2287 esse
3467 2220 3876 2290 substantiam,

2235 2339 2408 2401 quam
2431 2337 2649 2382 nomen
2663 2319 3123 2396 siguificat,cum
3148 2313 3423 2379 essentia
3438 2316 3872 2401 verecongruat

2239 2400 2350 2471 ista
2371 2409 2751 2490 appellatio.»
2787 2407 2961 2469 Certe
2995 2404 3287 2485 genitura
3311 2400 3772 2490 appellationem
3797 2415 3878 2460 es-

2239 2489 2577 2562 sentiaFili
2601 2515 2739 2559 vere
2757 2513 3092 2576 congruere
3119 2493 3223 2574 qui
3251 2491 3477 2568 dicit,is
3509 2489 3723 2554 Filium
3751 2507 3874 2568 pro-

2241 2591 2398 2671 prio,
2433 2606 2550 2649 non
2571 2586 2717 2649 falso
2745 2585 2988 2648 nomine
3020 2585 3356 2665 genituram
3387 2583 3877 2671 vocat.Leguntur

2241 2669 2407 2742 num.
2449 2677 2525 2740 97
2558 2677 2684 2739 hac
2718 2675 2897 2738 verba
2931 2693 2945 2738 Σ
2979 2675 3040 2734 Ὀ
3101 2676 3198 2751 μὲν
3241 2675 3340 2752 γὰρ
3392 2675 3535 2728 ἔστιν
3602 2669 3873 2746 ἀγεννήτου

2240 2770 2326 2826 κάὶ
2367 2768 2628 2838 ἀποιήτου
2675 2766 2912 2846 γέννημα
2969 2767 3055 2822 καὶ
3128 2765 3357 2839 ποίημα.
3401 2784 3423 2818 α
3461 2761 3565 2824 Est
3595 2758 3751 2820 enim
3777 2756 3873 2834 [Fi-

2243 2859 2372 2936 lius]
2406 2855 2650 2935 ingeniti
2687 2863 2746 2917 et
2776 2853 2978 2916 infacti
3008 2853 3280 2931 genitura
3303 2859 3360 2912 et
3383 2850 3611 2912 factura
3644 2869 3657 2912 :
3696 2874 3720 2902 ι
3755 2863 3874 2936 qua

2242 2935 2516 3010 Eunomii
2561 2944 2744 3007 verba
2775 2953 2835 3005 ut
2861 2944 3292 3022 intelligantur,
3327 2958 3444 3001 non
3475 2957 3632 3018 Opus
3655 2946 3741 2999 est
3770 2935 3875 2997 ulla

2241 3032 2898 3118 interpretationeCum
2915 3033 3072 3095 enim
3088 3031 3267 3093 homo
3285 3031 3503 3109 impius
3523 3027 3735 3090 Filium
3752 3041 3877 3118 vere

2242 3115 2524 3188 facturam
2553 3123 2988 3196 diceret,nemo
3019 3139 3138 3182 non
3169 3119 3334 3182 videt
3364 3117 3644 3180 eumdem
3671 3115 3878 3198 pariter

2242 3213 2314 3276 ab
2337 3232 2407 3276 eo
2439 3232 2576 3275 vere
2599 3212 2931 3291 genituram
2961 3219 3234 3272 vocatum
3268 3209 3477 3279 fuisse,
3511 3225 3647 3268 cum
3701 3206 3873 3285 ipsum

2242 3303 2452 3366 eodem
2482 3303 2658 3365 modo
2691 3309 2753 3365 et
2800 3300 3134 3381 genituram
3167 3308 3226 3360 et
3261 3298 3544 3360 facturam
3608 3293 3871 3376 appellet.

2244 3393 2452 3456 Statim
2506 3392 2595 3453 sic
2659 3389 3084 3472 persequitur:
3117 3388 3264 3447 Οὕτω
3323 3389 3423 3466 γὰρ
3467 3387 3529 3443 ἂν
3579 3399 3705 3450 ταῖς
3753 3390 3874 3462 Γρα-

2243 3497 2371 3564 φατς
2425 3484 2485 3539 τὸ
2528 3481 2778 3557 ἀψευδεῖν
2837 3478 3174 3559 φυλάττοιτο,
3243 3478 3451 3553 ποίημα
3513 3478 3602 3532 καὶ
3657 3474 3877 3554 γέννημα

2244 3563 2520 3650 λεγούσαις
2554 3574 2645 3628 τὸν
2678 3571 2822 3633 Υίόν.
2861 3593 2887 3623 ι
2913 3569 3012 3631 Sic
3035 3568 3195 3630 enim
3220 3584 3326 3628 sua
3354 3564 3650 3628 constabit
3681 3563 3878 3624 veritas

2247 3659 2729 3741 Scripturis,qua
2761 3657 2972 3722 Filium
3003 3657 3285 3719 facturam
3315 3655 3519 3716 dicunt
3550 3661 3611 3716 et
3661 3657 3880 3732 genitu—

2249 3768 2399 3814 ram.
2432 3774 2458 3806 ι
2495 3749 2715 3811 Videre
2743 3748 2882 3810 licet
2909 3747 3011 3810 illa
3042 3765 3211 3810 num.
3247 3745 3323 3807 19
3365 3766 3378 3806 :
3420 3746 3561 3803 Κατὰ
3593 3742 3647 3800 δὲ
3677 3745 3765 3799 τὸν
3795 3743 3879 3796 α)-

2249 3843 2341 3897 τὸν
2400 3839 2556 3917 λόγον
2626 3840 2754 3896 κὰπὶ
2802 3845 2891 3895 τοῦ
2960 3843 3311 3915 Μονογενοῦς,
3347 3837 3503 3894 αὒτὸν
3559 3840 3638 3906 τῷ
3711 3831 3880 3910 γεννήο

2253 3952 2442 4003 pacm
2457 3925 2676 3989 Eadem
2694 3943 2928 4008 quoque
2949 3926 3181 3988 ratione
3211 3924 3532 3986 dicendum
3561 3929 3652 3984 est
3676 3920 3746 3982 de
3761 3918 3886 3980 Uni-

2255 4017 2478 4097 genito,
2511 4016 2671 4097 quod
2694 4015 2850 4077 idem
2887 4015 3038 4077 valet
3062 4013 3222 4092 quod
3242 4014 3535 4091 genitura.
3569 4037 3594 4067 ι
3623 4013 3884 4090 Sequun—

2255 4118 2351 4171 tur
2397 4106 2498 4168 illa
2551 4124 2716 4170 num.
2774 4105 2893 4168 222
2926 4107 3230 4183 Μονογενὴς
3295 4105 3436 4175 Nec,
3508 4101 3672 4169 ἐπεδὴ
3741 4099 3886 4174 μόνος

2257 4197 2542 4276 ἀγεννήτου
2587 4197 2850 4274 γέννημα.
2865 4192 3252 4274 «Πιιίεθηὶιυε
3274 4191 3482 4265 Filius,
3499 4190 3773 4272 quoniam
3795 4204 3886 4247 so-

538 4288 671 4369 quis
693 4282 1148 4365 est,confutabat
1171 4301 1306 4344 eum
1339 4282 1613 4345 Eunomii
1648 4285 1935 4362 libellum,
1967 4277 2037 4348 inv
2059 4307 2174 4368 quo
2259 4287 2349 4347 lus
2377 4285 2627 4364 ingeniti
2652 4284 2922 4364 genitura
2945 4281 3202 4346 est.»Sic
3239 4283 3432 4363 pergit
3455 4299 3625 4344 num.
3655 4280 3729 4339 94
3765 4298 3778 4340 :
3807 4277 3888 4334 Ei-

538 4375 860 4442 bareticus
881 4373 982 4435 ille
1012 4372 1258 4435 docebat
1283 4373 1496 4435 Filium
1517 4374 1660 4436 falso
1685 4377 1927 4439 nomine
1949 4383 2149 4456 genitu

2259 4375 2386 4432 κόνα
2430 4376 2598 4432 τοίνυν
2655 4375 2851 4454 φαμὲν,
2886 4378 2980 4452 οὐχ
3042 4375 3116 4436 ὡς
3166 4374 3440 4451 ἆγεννήτῳ
3498 4391 3738 4448 γεννημα
3790 4387 3888 4420 m-

539 4486 663 4531 ram
696 4464 1000 4547 appellari.
1035 4463 1544 4536 Quemadmodum
1573 4464 1730 4527 enim
1764 4467 1936 4547 illud,
1975 4469 2154 4541 Κτίσμ<

2261 4463 2634 4542 ραϐάλλοντες.
2677 4486 2703 4518 α
2741 4462 3068 4541 Imaginem
3095 4461 3276 4541 igitur
3331 4458 3592 4542 [Filiuml
3626 4456 3889 4547 dicimtﬁ.

541 4563 636 4636 μὲν
669 4539 880 4624 «il-niith
929 4554 1049 4612 κατ’
1096 4555 1350 4653 Εὒνόμιον
1380 4553 1474 4634 ὣν³
1510 4553 1596 4618 sic
1647 4556 1836 4636 accipi
1885 4539 2082 4636 debet,
2107 4539 2154 4617 tu

2238 4539 2384 4648 ,non
2415 4553 2572 4634 quod
2596 4552 2856 4633 ingenito
2879 4539 3221 4632 genituram
3269 4539 3705 4630 comparemus.
3743 4570 3768 4601 ι
3800 4539 3893 4603 Hi5

539 4651 873 4714 Eunomtus
894 4644 1222 4706 afﬁrmaret
1252 4642 1464 4704 Filium
1489 4662 1628 4705 vere
1657 4653 1986 4707 creaturam
2022 4664 2152 4706 esse

2238 4638 2403 4704 'addi
2436 4649 2628 4723 potest
2649 4641 2796 4704 illud
2823 4661 2838 4702 :
2874 4641 2959 4699 ’Ἢ
2991 4641 3120 4698 ἄλλο
3163 4641 3262 4716 μὲν
3291 4643 3433 4718 παρὰ
3461 4642 3552 4695 τὸν
3597 4639 3737 4698 Υἱόν,
3771 4638 3890 4689 rev-

540 4741 622 4801 ita
656 4737 816 4820 quod
847 4732 1137 4813 sequitur,
1174 4732 1413 4811 γέννημα
1441 4732 1492 4788 δὲ
1526 4733 1878 4810 ψευδωνύμως
1911 4734 2178 4806 καλούμε-
2263 4756 2407 4808 νημα
2461 4731 2566 4820 δέη·
2615 4731 2698 4820 εἷς
2756 4733 2855 4810 γὰρ
2903 4733 2990 4788 καὶ
3047 4733 3342 4808 μονογενὴς
3475 4729 3673 4804 Κάριος
3726 4727 3889 4818 ἡμῶν.

545 4818 749 4904 vo<,sic
776 4825 1009 4888 videtur
1032 4821 1506 4899 intelligendum,
1542 4831 1607 4885 ut
1639 4824 1768 4904 ipse
1808 4843 2043 4904 quoque
2083 4825 2179 4886 di-
2267 4845 2294 4877 α
2328 4822 2451 4883 Aut
2479 4819 2636 4883 aliud
2669 4838 2813 4881 sane
2846 4828 3058 4898 pratea
3087 4819 3329 4880 Filium.
3376 4818 3478 4880 Est
3508 4824 3707 4878 autem
3735 4827 3885 4891 geni--

548 4926 710 4982 ceret
732 4915 946 4977 Filium
975 4913 1119 4975 falso
1137 4911 1383 4974 nomine
1403 4913 1728 4992 genituram
1774 4914 1990 4975 vocari.
2025 4914 2178 4975 Nihil
2263 4920 2429 4973 tura:
2457 4909 2678 4990 quippe
2700 4928 2852 4971 unus
2893 4917 2950 4971 et
2984 4909 3330 4989 unigenitus
3354 4918 3446 4969 est
3477 4905 3763 4968 Dominus
3792 4917 3890 4992 no:

550 5014 747 5069 autem
770 5004 885 5066 tale
914 5002 1237 5066 tradiditin
1263 4985 1451 5082 primo
1477 5021 1586 5063 suo
1618 5003 1816 5064 libello
1836 5003 2180 5075 Eunomius,
2266 5008 2409 5062 ster.
2443 4985 2766 5061 {Maxime
2800 4985 3123 5060 notandum
3171 4998 3326 5078 quod
3375 4995 3591 5074 legitur
3635 5010 3793 5082 num.
3823 4985 3891 5045 27

550 5096 709 5159 unde
732 5111 1102 5174 consequens
1125 5081 1308 5166 est,ut
1329 5093 1384 5154 id
1408 5092 1675 5155 docuerit
1703 5093 1763 5154 in
1790 5093 2154 5173 secundo,qu

2268 5089 2380 5150 hoc
2407 5086 2582 5149 modo
2609 5108 2622 5148 :
2658 5087 2787 5146 Οὔτε
2816 5087 2868 5144 δὲ
2900 5091 3153 5166 γεννητὸς
3213 5091 3241 5144 ὁ
3273 5089 3478 5165 Πατὴρ,
3514 5083 3630 5142 οὔτε
3677 5081 3894 5178 ἀγὲνντιῖ

550 5194 712 5249 certe
741 5183 860 5245 dici
885 5202 1003 5244 non
1057 5190 1249 5263 potest
1279 5181 1639 5260 confutatus,
1667 5202 1699 5244 a
1729 5183 1947 5246 Basilio
1981 5181 2154 5243 fuisse

2266 5201 2354 5242 τος
2388 5179 2416 5234 ὁ
2447 5180 2588 5252 Υἱὸς,
2621 5177 2740 5233 ἀλλ’
2801 5176 2930 5256 ὅπερ
2979 5177 3118 5233 ἔστιν
3175 5176 3566 5253 ἆτελευτήτώς,
3618 5180 3766 5229 τοῦτο
3791 5176 3896 5263 1m

553 5294 687 5339 cum
721 5273 910 5335 solum
939 5255 1074 5352 posi
1088 5272 1219 5351 ejus
1241 5271 1548 5335 interitum
1584 5255 1940 5354 prodieritin
1968 5271 2154 5332 lucem

2270 5267 2558 5346 λεγόμενον
2613 5267 2824 5334 ἀληθῶς
2881 5267 3146 5344 γέννημα,
3182 5268 3299 5323 Υἱὸν
3322 5267 3581 5360 ὑπήκοον,
3616 5270 3723 5360 etc.

552 5365 675 5430 Nec
706 5365 852 5427 satis
879 5347 985 5425 fuit
1011 5347 1236 5438 dicere,
1270 5361 1420 5422 nihil
1445 5362 1559 5424 tale
1585 5347 1647 5422 in
1680 5363 1866 5442 primo
1918 5357 2189 5421 Eunomii
2272 5373 2388 5438 que
2415 5373 2553 5418 vero
2587 5357 2823 5436 genitus
2854 5365 2941 5418 est
2971 5359 3168 5430 Pater,
3219 5373 3417 5434 neque
3467 5351 3760 5442 ingenitus
3805 5347 3891 5406 Fi-

555 5457 708 5521 libro
739 5454 1017 5536 reperiri,
1051 5472 1184 5516 cum
1215 5451 1416 5514 dicere
1445 5451 1657 5514 liceret
1681 5440 1911 5531 aliquid
1948 5449 2189 5511 omnino
2277 5447 2419 5508 lius:
2447 5445 2551 5536 sed
2574 5446 2731 5536 quod
2753 5455 2844 5509 est
2865 5445 3137 5536 sineullo
3167 5445 3307 5536 fine,
3335 5443 3396 5505 id
3437 5443 3613 5504 etiam
3659 5440 3890 5536 fatemur

557 5529 917 5611 contrarium
943 5529 1104 5607 ineo
1128 5542 1241 5623 legi
1271 5540 1342 5603 ab
1377 5541 1656 5603 omnibus
1685 5529 2019 5620 posse.Jam
2055 5556 2157 5618 pro
2275 5554 2412 5599 vere
2443 5534 2562 5597 dici
2591 5534 2951 5615 genituram,
3003 5533 3219 5597 Filium
3246 5533 3697 5623 obsequentem,
3729 5551 3756 5623 Δο
3789 5529 3891 5623 etc.

557 5637 863 5702 bandares
904 5646 994 5699 est
1015 5619 1312 5714 aliquibus
1335 5631 1650 5712 exemplis,
1683 5619 1816 5711 qua
1857 5629 2077 5705 cuique
2128 5625 2192 5686 li-
2279 5625 2549 5714 Denique
2596 5624 2702 5686 sub
2757 5623 2938 5686 ﬁnem
2991 5623 3191 5705 operis
3221 5642 3389 5688 num.
3419 5622 3494 5685 28
3525 5622 3610 5683 sic
3630 5619 3891 5714 scriptum

560 5731 772 5795 berum
786 5729 897 5793 erit
913 5712 1949 5804 videre—inAppendice,ubiprimum
1961 5717 2074 5781 boc
2087 5715 2154 5779 Et

2277 5713 2656 5778 invenimus:
2696 5716 2812 5780 Υἱὸς
2871 5719 2962 5772 τοῦ
3019 5722 3153 5773 Θεοῦ
3187 5761 3205 5792 ,
3265 5714 3505 5793 γέννημα
3547 5717 3640 5769 τοῦ
3685 5712 3894 5787 5.1mm-
