4100 6202
1369 397 1441 458 D.
1495 397 1656 458 IUL.
1703 393 2079 456 GARNERII
2133 397 2549 459 PREFATIO.

3368 407 3655 457 CCXXXVII

285 554 398 606 του,
439 557 464 585 ι
492 529 1093 609 FiliusDei,genitura
1115 529 1386 610 lngeniti.
1415 553 1442 585 ι
1470 529 1628 592 Ecce
1651 534 1932 607 congesta
1950 533 1993 584 Α
2016 526 2250 590 Etenim
2299 529 2350 591 si
2380 545 2516 592 eum
2560 546 2700 595 vero
2731 529 2976 593 nomine
3005 537 3270 590 vocasset
3297 527 3658 608 genituram,

287 627 424 681 sunt
451 620 513 680 in
555 639 743 681 unum
787 620 989 682 omnia
1019 619 1170 692 loca,
1194 619 1255 681 in
1279 618 1497 699 quibus
1517 617 1844 680 Eunomius
1873 619 1934 675 in

285 709 474 790 primo
498 727 602 771 soo
626 707 833 770 libello
858 708 1102 770 nomine
1119 709 1404 787 genitura;
1422 707 1630 769 utitur.
1666 705 1784 768 Sed
1811 713 1934 765 tan-

283 809 406 860 tum
439 799 632 879 abest,
657 807 722 859 ut
777 798 997 860 alicubi
1029 798 1192 860 dicat
1221 798 1438 861 Filium
1486 798 1633 859 falso
1685 795 1932 858 nomine

277 890 619 966 genituram
641 886 935 962 vocari,ut
957 886 1134 949 etiam
1161 906 1276 948 uno
1307 888 1370 948 in
1401 887 1530 949 loco
1581 886 1794 948 doceat
1821 901 1932 963 ge-

283 979 498 1039 niturae
529 995 750 1039 nomen
785 976 1059 1039 essentiaa
1089 977 1223 1038 Filii
1257 994 1616 1056 congruere,
1659 976 1717 1035 in
1743 974 1931 1035 altero

282 1083 423 1128 vero
447 1067 755 1147 conceptis
779 1065 979 1128 verbis
1011 1066 1360 1147 pronuntiet
1381 1065 1597 1127 Filium
1616 1082 1757 1126 vere
1775 1062 1939 1140 geni-

293 1164 484 1217 turam
519 1156 814 1218 dici.Cum
859 1163 1094 1235 ergo,ut
1120 1174 1187 1217 ex
1209 1155 1386 1217 dictis
1407 1162 1589 1235 patet,
1621 1156 1682 1216 in
1712 1152 1939 1214 ultimis

287 1243 521 1306 duobus
544 1248 615 1308 in
641 1245 1014 1307 Ειιηοιιιιίιιη
1035 1244 1203 1306 libris
1241 1245 1577 1307 confutatus
1634 1245 1709 1306 sit
1754 1243 1805 1304 is
1859 1242 1934 1302 li-

287 1333 508 1409 bellus,
537 1335 599 1396 in
617 1354 730 1413 quo
752 1334 1070 1396 haereticus
1091 1335 1190 1396 ille
1212 1333 1762 1398 affirmabatFilium
1789 1332 1935 1394 falso

2016 615 2219 680 dicere
2250 636 2368 680 non
2403 619 2691 699 potuisset
2720 620 2908 701 ipsius
2934 620 3253 682 essentiam
3286 617 3660 681 indiscrimi-

2015 708 2197 767 natim
2220 707 2338 770 dici
2368 728 2543 789 posse
2569 710 2849 790 genitam,
2882 717 2983 770 aut
3027 728 3146 769 non
3196 708 3480 788 genitam.
3514 708 3662 770 lllud

2013 794 2173 858 enim
2198 799 2574 879 apertissime
2587 799 3128 880 repugnat,aliquid
3147 817 3281 859 vero
3310 798 3550 860 nomine
3567 817 3666 877 ge-

2012 885 2270 946 nituram
2294 888 2516 962 vocari,
2543 890 2712 968 cujus
2746 897 2941 951 tamen
3003 888 3264 949 essentia
3313 886 3430 948 dici
3480 885 3668 966 possit

2015 993 2133 1036 non
2157 977 2379 1054 genita.
2410 979 2540 1040 Non
2566 987 2652 1039 est
2684 997 2820 1056 ergo
2857 978 3013 1059 quod
3039 979 3357 1049 miremur,
3396 975 3444 1035 si
3496 975 3664 1056 quis-

2019 1064 2175 1145 piam
2190 1067 2446 1146 scriptor
2457 1068 2768 1130 confutans
2780 1069 3110 1130 secundum
3131 1068 3344 1128 librum
3361 1065 3484 1127 Eun
3495 1063 3660 1138 omii,

2021 1154 2237 1217 dixerit
2266 1157 2482 1218 Filium
2517 1177 2587 1220 ex
2618 1159 2750 1238 ejus
2780 1158 3074 1220 sententia
3103 1159 3247 1219 falso
3294 1155 3535 1216 nomine
3561 1172 3665 1232 ge-

2026 1245 2285 1306 nituram
2318 1246 2628 1327 appellari:
2666 1250 2770 1311 sed
2807 1248 3060 1309 mirandi
3092 1254 3250 1309 esset
3273 1244 3516 1324 locus,si
3545 1243 3664 1304 Ba-

2025 1332 2194 1395 silius
2224 1334 2352 1413 ejus
2382 1336 2833 1398 reiEunomium
2860 1337 3426 1410 insimulasset,cum
3460 1334 3666 1395 Euno—

286 1425 536 1486 nomine
559 1424 895 1503 genituram
926 1425 1238 1505 appellari,
1274 1424 1334 1485 id
1367 1441 1486 1485 non
1513 1423 1750 1486 videtur
1771 1421 1936 1483 acci-

288 1512 578 1593 piendum
601 1513 675 1574 de
699 1514 893 1594 primo
937 1512 1218 1577 Eunomii
1263 1512 1489 1588 libello,
1532 1511 1594 1574 in
1626 1531 1744 1593 quo
1785 1509 1939 1573 nihil
2024 1513 2388 1575 accusationi
2414 1514 2610 1577 locum
2635 1515 2862 1577 nullum
2888 1515 3226 1578 dederit.Et
3251 1513 3528 1594 quoniam
3553 1529 3674 1571 ma-

289 1603 408 1664 tale
437 1603 761 1686 invenitur,
785 1604 889 1666 sed
925 1604 999 1665 de
1029 1604 1318 1685 secundo,
1342 1622 1521 1685 quem
1547 1610 1707 1664 certe
1728 1600 1939 1662 confu-
2022 1602 2120 1680 gni
2141 1603 2430 1666 momenti
2454 1612 2752 1684 est,nosse
2778 1614 2912 1666 uter
2941 1605 3177 1667 libellus
3208 1601 3482 1665 Eunomii
3511 1600 3667 1661 refu-

289 1701 414 1753 tare
431 1710 551 1753 non
576 1693 1176 1773 potuitBasilius,nisi
1200 1692 1414 1755 mortui
1442 1690 1659 1755 librum
1681 1691 1940 1769 aliquem
2026 1699 2182 1754 tetur
2211 1692 2274 1753 in
2306 1693 2475 1756 libris
2494 1703 2699 1775 quarto
2724 1702 2780 1756 et
2799 1696 3004 1776 quinto
3024 1703 3229 1756 contra
3249 1692 3524 1754 eumdem
3547 1691 3668 1753 Eu-

289 1781 600 1844 confutare
619 1799 795 1862 posse
825 1781 1120 1845 dicantur.
1156 1781 1437 1862 Sequitur
1468 1781 1707 1862 quidem
1729 1799 1941 1842 neces-
1965 1856 1999 1864 _
2024 1780 2291 1841 nomium
2329 1803 2342 1842 :
2378 1783 2652 1862 experiar
2685 1802 2891 1845 rursus
2921 1803 2995 1845 an
3045 1783 3297 1864 probare
3329 1781 3550 1862 possim
3583 1797 3672 1840 re-

291 1871 471 1943 sario,
499 1879 562 1932 ut
589 1856 652 1933 in
683 1877 1001 1952 postremis
1025 1856 1342 1933 duobus-in
1364 1856 1741 1932 Eunomium
1774 1869 1942 1931 libris
1965 1856 2002 1906 Β
2025 1869 2276 1933 futatum
2307 1856 2490 1933 fuisse
2522 1891 2636 1932 non
2664 1873 2947 1953 primum,
2980 1856 3086 1934 sed
3118 1856 3672 1934 secundumNemo

294 1961 629 2022 confutatus
649 1961 1039 2033 sitsecundus
1068 1959 1343 2022 Eunomii
1368 1959 1685 2035 libellus,si
1719 1958 1946 2040 primus
2028 1966 2223 2022 autem
2251 1961 2426 2040 paulo
2455 1961 2707 2042 peritior
2724 1963 2911 2024 nescit
2928 1962 3297 2025 adversarios
3317 1961 3518 2023 dicere
3540 1957 3676 2020 soli-

2029 1422 2366 1498 mius,utex
2398 1425 2572 1487 dictis
2608 1426 2816 1504 liquet,
2851 1426 2910 1487 in
2945 1430 3135 1507 primo
3159 1444 3265 1486 suo
3297 1423 3498 1485 libello
3532 1420 3670 1482 huic

297 2050 427 2129 ejus
449 2049 676 2112 liberin
707 2050 800 2112 bis
821 2069 941 2112 non
973 2050 1344 2112 confutatur:
1369 2048 1475 2111 sed
1499 2049 1554 2110 id
1580 2057 1780 2110 tamen
1808 2066 1947 2110 rur-

297 2159 401 2201 sus
427 2139 786 2202 conﬁrmare
818 2139 960 2202 libet
1009 2159 1080 2201 ex
1130 2138 1398 2219 Gregorii
1447 2137 1696 2220 Nysseni
1727 2137 1948 2212 verbis,

298 2228 424 2309 qui,
457 2235 523 2288 ut
546 2236 753 2290 notum
772 2238 884 2304 est,
909 2230 1243 2292 secundum
1291 2230 1447 2289 hunc
1476 2227 1754 2291 Eunomii
1783 2227 1952 2290 libel-

303 2319 431 2380 lum
497 2317 737 2380 refellit.
790 2318 1026 2382 Inducit
1082 2319 1257 2398 igitur
1305 2318 1389 2379 sic
1437 2319 1776 2400 loquentem
1832 2316 1953 2379 Eu-

299 2405 574 2469 nomium
623 2409 944 2488 Gregorius
1001 2410 1308 2488 Nyssenus
1358 2407 1624 2470 oratione
1680 2411 1744 2488 3,
1807 2415 1950 2470 tom.

302 2495 381 2576 Π,
414 2514 547 2576 pag.
582 2497 693 2561 511
735 2519 749 2563 :
784 2505 822 2556 Γ
827 2501 1043 2566 εννητὸν
1109 2500 1256 2573 ὂντα,
1303 2501 1457 2580 φησὶ,
1525 2500 1616 2556 τὸν
1661 2501 1806 2579 Υἰὸν,
1865 2500 1954 2555 καὶ

303 2591 549 2668 γέννημα
605 2589 778 2668 λέγειν
837 2593 897 2648 οὒ
966 2589 1391 2665 παραιτοόμιθα,
1464 2595 1563 2656 τῆς
1608 2589 1952 2667 γεννηθείσης

299 2680 468 2746 aii-5,:
504 2679 706 2760 οὒσίας,
737 2681 824 2736 καὶ
853 2685 951 2748 τῆς
983 2685 1077 2736 τοῦ
1107 2680 1230 2736 Υῐοῦ
1271 2680 1652 2759 προσηγορίας,
1705 2679 1802 2745 τὴν
1833 2701 1952 2736 τοι-

302 2770 471 2835 αύτην
515 2775 622 2823 τῶν
651 2770 926 2845 ὀνομάτων
962 2767 1324 2845 οἰκειουμένης
1359 2769 1569 2849 σχέσιν.
1601 2788 1630 2828 (Κ
1651 2765 1951 2848 Genitum,

299 2857 522 2939 inquit,
543 2856 755 2919 Filium
789 2877 944 2934 esse,
980 2865 1038 2921 et
1067 2856 1397 2937 genituram
1457 2857 1657 2920 dicere
1694 2875 1813 2918 non
1864 2876 1956 2918 re-

299 2965 606 3024 cusamus,
632 2966 768 3008 cum
801 2948 927 3030 ipsa
971 2947 1175 3026 genita
1204 2948 1484 3022 essentia,
1510 2956 1569 3010 et
1597 2947 1728 3009 Filii
1761 2946 1956 3028 appel-

299 3039 445 3102 latio
486 3036 664 3100 talem
695 3038 1002 3099 nominum
1063 3037 1416 3100 relationem
1474 3037 1590 3098 sibi
1657 3036 1956 3097 vindicare

303 3127 518 3210 possit.
549 3152 576 3182 ι
612 3125 936 3189 Eunomius
967 3128 1234 3210 quidem,
1269 3135 1333 3188 ut
1363 3145 1566 3188 verum
1600 3127 1805 3207 fatear,
1836 3144 1955 3187 non

2032 2057 2146 2129 tos,
2173 2048 2255 2130 (ὁ)
2292 2049 2579 2113 Basilium
2618 2051 2875 2113 inlibris
2905 2060 3112 2132 quarto
3151 2061 3206 2114 et
3224 2051 3426 2132 quinto
3456 2055 3676 2111 contra

2034 2138 2410 2202 Eunomium
2447 2141 2524 2203 de
2555 2143 2758 2203 multis
2788 2161 2920 2222 quas
2963 2141 3038 2203 ab
3089 2143 3217 2224 ipso
3275 2140 3678 2203 aiferebantur

2035 2229 2478 2309 Scripturarum
2509 2231 2865 2293 testimoniis
2886 2250 3157 2294 seorsum
3191 2232 3372 2313 loqui.
3401 2235 3519 2309 Ego
3552 2227 3682 2308 qui-

2037 2317 2172 2379 dem
2227 2318 2487 2381 libenter
2534 2321 2768 2382 fatebor
2825 2322 3146 2401 protulisse
3204 2321 3559 2384 Eunomium
3606 2334 3681 2380 ex

2035 2406 2361 2488 Scripturis
2389 2409 2519 2470 loca
2551 2409 2736 2471 multa
2765 2411 2838 2472 ad
2871 2410 3236 2491 probandam
3261 2428 3429 2472 suam
3453 2408 3690 2490 opinio-

2039 2514 2198 2559 nem:
2235 2497 2340 2559 sed
2366 2516 2519 2576 nego
2552 2499 2679 2559 bzec
2729 2497 3053 2580 Scripturze
3073 2501 3203 2562 loca
3233 2519 3369 2577 quae
3416 2499 3476 2559 in
3516 2496 3682 2558 libris

2036 2594 2242 2667 quarto
2275 2594 2331 2648 et
2353 2587 2558 2667 quinto
2583 2596 2794 2650 contra
2816 2590 3180 2652 Eunomium
3200 2585 3682 2670 explanantur,in

2037 2676 2305 2755 ejusdem
2333 2676 2604 2738 Eunomii
2627 2676 2778 2739 libro
2800 2680 2990 2758 primo
3011 2678 3361 2760 reperiri.Et
3385 2699 3403 2734 ι
3421 2695 3522 2738 ero
3542 2693 3676 2736 cum

2036 2772 2151 2825 tam
2189 2766 2371 2826 multa
2400 2773 2770 2845 exponentur
2787 2766 3227 2848 Scripturarum
3252 2765 3590 2827 testimonia
3619 2761 3681 2822 in

2038 2853 2266 2916 duobus
2297 2854 2390 2915 bis
2413 2873 2562 2934 quos
2595 2854 2716 2915 dixi
2741 2855 2939 2937 libris,
2975 2862 3175 2920 tamen
3205 2858 3503 2918 alﬁrmare
3541 2871 3679 2933 pos-

2038 2961 2193 3017 sum,
2228 2943 2280 3004 si
2327 2943 2475 3004 forte
2537 2943 2649 3005 tria
2691 2954 2790 3006 aut
2846 2955 3097 3025 quatuor
3127 2944 3406 3025 excipias,
3455 2943 3684 3022 reliqua

2038 3033 2237 3094 omnia
2258 3032 2317 3094 in
2343 3033 2532 3115 primo
2557 3034 2836 3096 Eunomii
2863 3035 3065 3098 libello
3085 3033 3678 3114 nonlegi.Reliquum

2039 3122 2337 3202 estigitur
2365 3132 2428 3186 ut
2463 3131 2546 3184 tot
2602 3123 3044 3205 Scripturarum
3079 3125 3439 3198 testimonia,
3469 3141 3598 3202 quae
3624 3122 3682 3182 in

303 3193 590 3298 expresse
619 3217 732 3279 hoc
757 3217 889 3280 loco
919 3193 1002 3279 ait
1027 3193 1241 3280 Filium
1273 3217 1420 3278 falso
1452 3215 1693 3278 nomine
1726 3193 2014 3294 ge'nitu-C
2040 3193 2209 3274 libris
2227 3222 2433 3294 quarto
2448 3222 2504 3275 et
2527 3193 2967 3294 quintovrontra
2992 3214 3366 3278 Eunomium
3388 3193 3686 3293 exp-licen-

305 3326 435 3369 ram
468 3307 798 3388 appellari:
845 3308 950 3369 sed
983 3316 1179 3369 tamen
1214 3306 1292 3368 ita
1324 3307 1509 3388 loqui,
1564 3330 1586 3364 (ι
1622 3307 1955 3386 genituram

307 3397 512 3459 dicere
545 3416 662 3458 non
683 3415 1032 3458 recusamus
1069 3393 1359 3476 [Filium],
1403 3420 1425 3450 ι
1491 3396 1664 3476 cujus
1714 3403 1822 3470 est,
1855 3394 1958 3476 qui

309 3485 484 3565 quasi
512 3485 730 3548 invitus
761 3485 978 3547 Filium
1013 3493 1177 3548 vocat
1207 3486 1563 3565 genituram,
1591 3485 1809 3566 quique
1841 3483 1956 3546 ali-

306 3595 426 3654 quo
452 3575 630 3636 modo
652 3575 948 3654 significet
970 3594 1104 3637 eum
1131 3594 1246 3636 non
1271 3577 1510 3657 proprie
1531 3576 1611 3636 ita
1632 3575 1827 3637 vocari
1850 3574 1954 3636 de«

311 3665 488 3746 bere,
524 3665 600 3727 ob
629 3665 811 3746 idque
842 3665 1166 3727 Eunomius
1197 3682 1230 3726 a
1258 3665 1550 3745 scriptore
1596 3663 1958 3744 reprehendi

310 3759 520 3818 merito
555 3755 766 3836 potuit,
791 3755 950 3836 quod
974 3755 1233 3837 quodam
1259 3754 1435 3816 modo
1472 3755 1712 3816 doceret
1744 3754 1957 3815 Filium

308 3845 453 3908 falso
482 3845 729 3907 nomine
759 3845 1094 3926 genituram
1125 3845 1350 3907 vocari.
1386 3843 1567 3923 Magis
1609 3844 1681 3905 ad
1714 3861 1841 3904 rem
1873 3844 1963 3904 fa-

308 3935 470 3997 ciunt
497 3953 629 4015 qua;
662 3936 777 3997 hoc
821 3934 951 4015 ipso
1003 3935 1066 3997 in
1100 3936 1227 3997 loco
1259 3935 1552 4014 leguntur.
1597 3932 1734 3996 Hzec
1766 3941 1960 3995 autem

309 4035 444 4086 suut
475 4026 562 4104 (a)
603 4046 616 4082 :
653 4025 798 4090 Τέως
830 4025 926 4101 μὲν
978 4032 1064 4081 οὖν
1097 4027 1124 4081 ὁ
1183 4031 1432 4103 κριτικῶς
1479 4030 1586 4081 τῶν
1659 4023 1962 4102 ὶεγομένων

311 4117 540 4187 ἀκούων,
572 4114 757 4172 τούτου
787 4117 1102 4194 μεμνήσθω,
1150 4112 1228 4170 ὅτι
1273 4115 1373 4170 τὶν
1401 4117 1748 4192 γεννηθεῖσαν
1792 4113 1960 4191 λέγει,

311 4208 378 4268 ὡς
439 4205 638 4279 μηκέτι
699 4205 836 4280 μήτε
867 4205 964 4271 τὴν
1019 4205 1360 4282 ἀγεννησίαν,
1399 4205 1535 4277 μήτε
1579 4205 1678 4271 ¹ιὴν
1718 4203 1964 4281 γέννησιν

310 4295 419 4352 ἀντ’
478 4295 658 4358 οὐσίας
711 4290 1238 4373 παραλαμϐάνεσθαι,
1337 4291 1458 4348 ἀλλ’
1534 4290 1634 4364 ἰδίᾳ
1717 4293 1815 4364 μὲν
1867 4293 1966 4358 τὴν

310 4387 486 4442 ὠσίαν
562 4380 1092 4461 παραλαμϐάνεσθαι,
1181 4379 1282 4455 ἰδίᾳ
1364 4379 1417 4436 δὲ
1507 4382 1567 4436 τὸ
1651 4385 1966 4460 γεννηθῆναι

313 4474 499 4546 αὖτὴν,
537 4471 573 4539 ἦ
604 4475 682 4548 μὴ
715 4475 1060 4550 γεννηθῆναι,
1088 4468 1172 4526 διὰ
1201 4478 1306 4527 τῶν
1337 4471 1803 4548 ἓπιθεωρουμένων
1837 4470 1970 4546 αὒτῇ

312 4562 616 4636 ἰδιωμάτων
687 4564 1084 4621 κατανοεῖσθαι.
1181 4582 1206 4616 ι
1289 4557 1372 4622 Eo
1436 4575 1624 4636 usque
1702 4558 1967 4639 quidem,

316 4653 409 4732 qui
482 4669 621 4713 cum
666 4649 892 4730 judicio
971 4667 1042 4710 ea
1085 4666 1218 4728 quae
1263 4648 1545 4710 dicuntur
1574 4649 1759 4723 audit,
1794 4649 1972 4727 hujus

318 4739 688 4815 meminerit,
715 4738 872 4820 quod
917 4744 1176 4818 genitam
1200 4738 1517 4799 essentiam
1569 4737 1726 4812 dicit,
1755 4747 1820 4799 ut
1852 4757 1970 4799 non

317 4829 574 4908 amplius
604 4839 874 4891 naturam
891 4827 1294 4906 generationis
1312 4836 1841 4908 expertem,neque
1862 4847 1968 4907 ge-

319 4918 690 4981 nerationem
720 4935 826 4997 pro
859 4919 988 4996 ipsa
1017 4917 1276 4977 essentia
1305 4933 1640 4977 sumamus:
1663 4917 1769 4976 sed
1802 4935 1974 4997 sepa-

318 5009 485 5069 ratim
550 5004 796 5086 quidem
850 5005 1194 5082 essentiam,
1257 5003 1576 5085 separatim
1609 5021 1752 5066 vero
1782 5005 1968 5086 ipsam

319 5097 572 5176 genitam
602 5112 760 5176 esse,
796 5095 880 5156 vel
936 5113 1056 5155 non
1099 5093 1382 5172 genitam,
1436 5111 1542 5173 per
1585 5095 1979 5172 proprietates

322 5205 447 5266 qua!
479 5185 544 5245 in
596 5201 668 5244 ea
699 5182 1177 5263 conspiciuntur,
1212 5181 1636 5261 intelligamus.
1675 5207 1700 5239 ι)
1740 5183 1895 5259 Ergo
1927 5187 1977 5249 si

321 5274 447 5336 Filii
466 5272 1121 5338 essentia.utEunomio
1147 5272 1363 5352 placet,
1389 5271 1502 5332 dici
1527 5279 1761 5352 poterat
1784 5272 1977 5337 indis-

325 5362 681 5425 criminatim
707 5369 808 5424 aut
837 5363 1064 5443 genita,
1097 5371 1198 5423 aut
1229 5379 1349 5422 non
1380 5361 1604 5441 genita,
1639 5360 1825 5424 Filius
1864 5364 1977 5426 fal-

326 5460 636 5515 sotantum
687 5452 932 5514 nomine
984 5451 1259 5532 genitura
1310 5451 1383 5512 ab
1447 5449 1578 5532 ipso
1637 5450 1976 5516 vocabatur.

406 5617 497 5694 le)
527 5613 702 5690 Greg.
738 5613 939 5694 Nysa,
975 5611 1228 5694 tom._ll,
1261 5618 1411 5694 orat.
1447 5611 1506 5694 3.

2041 3310 2155 3374 tur,
2193 3303 2417 3383 prolata
2461 3304 2578 3366 sint
2609 3301 2681 3364 ab
2715 3302 3004 3365 Eunomio
3029 3325 3146 3366 non
3169 3307 3230 3366 in
3255 3305 3444 3385 primo
3468 3321 3572 3362 suo
3605 3301 3683 3379 lt-

2040 3389 2221 3472 bello,
2257 3392 2314 3452 in
2347 3411 2464 3473 quo
2496 3411 2618 3454 non
2669 3393 3080 3468 inveniuntur,
3110 3395 3214 3456 sed
3273 3395 3334 3455 in
3393 3392 3682 3466 secundo,

2039 3498 2221 3557 quem
2252 3491 2415 3543 certe
2469 3482 2719 3545 Basilius
2751 3485 3056 3547 confutare
3113 3503 3232 3545 non
3293 3483 3502 3564 potuit,
3550 3501 3684 3542 cum

2040 3578 2177 3632 ante
2204 3581 2471 3634 mortuus
2483 3581 2844 3653 esset,quam
2868 3574 3169 3635 secundus
3198 3573 3301 3636 ille
3322 3573 3554 3634 libellus
3574 3590 3688 3650 pu-

2041 3659 2265 3722 blicum
2299 3663 2734 3742 accepisset.Et
2779 3670 2842 3724 ut
2871 3664 3057 3742 magis
3087 3666 3475 3724 confirmetur
3531 3660 3688 3741 quod

2043 3749 2186 3827 dixi,
2219 3751 2395 3816 velim
2428 3751 2746 3829 diligenter
2770 3753 3045 3833 legantur
3065 3771 3192 3834 qua;
3215 3753 3276 3814 in
3304 3751 3454 3814 libro
3479 3759 3687 3830 quarto

2045 3843 2268 3920 scripta
2299 3851 2605 3922 sunt,pag.
2641 3841 2780 3923 991,
2817 3843 2916 3903 ubi
2946 3844 3075 3924 ejus
3095 3843 3232 3905 libri
3262 3850 3470 3905 auctor
3499 3841 3692 3920 expli-

2046 3938 2138 3990 eat
2160 3929 2752 4012 illudMarci,Nultus
2775 3932 2965 3995 bonus
2978 3934 3102 3996 nisi
3121 3933 3435 3995 unusDeus
3451 3930 3526 3995 35.
3558 3929 3690 3991 Jam

2045 4037 2302 4100 quaeram
2336 4021 2410 4081 ad
2441 4040 2619 4102 quem
2645 4021 2920 4084 Eunomii
2939 4021 3156 4084 librum
3180 4021 3516 4104 respexerit
3533 4020 3688 4081 scri-

2047 4117 2199 4189 ptor,
2238 4128 2372 4172 cum
2402 4129 2469 4172 ea
2502 4129 2635 4191 qua:
2667 4111 2841 4173 retuli
2870 4112 3054 4175 Marci
3094 4112 3271 4174 verba
3323 4113 3685 4192 explanaret.

2047 4197 2410 4279 Respexitne
2425 4201 2496 4262 ad
2531 4202 2809 4281 primum,
2834 4219 2906 4264 an
2939 4201 3012 4262 ad
3039 4203 3369 4264 secundum
3402 4201 3694 4264 ‘(Constat

2049 4297 2211 4351 certe
2230 4289 2303 4350 ad
2330 4290 2590 4370 primum
2615 4292 2918 4371 respicere
2943 4309 3061 4352 non
3085 4291 3509 4371 potuisse,cum
3537 4288 3599 4349 in
3623 4303 3694 4347 eo

2050 4380 2196 4441 illud
2227 4379 2410 4442 Marci
2442 4381 2847 4442 testimonium
2874 4399 2991 4442 non
3025 4381 3275 4460 legatur.
3309 4381 3697 4458 Consequens

1993 4475 2144 4558 Dest
2159 4469 2428 4550 igitur,ut
2448 4470 2783 4558 respexerit
2799 4470 2871 4530 ad
2897 4470 3253 4549 secundum,
3279 4469 3340 4530 in
3368 4488 3510 4548 quo,
3543 4473 3696 4558 teste

2055 4559 2342 4637 Gregorio
2363 4560 2650 4639 Nysseno,
2671 4557 2951 4620 utebatur
2966 4558 3294 4621 Eunomius
3312 4559 3384 4618 iis
3411 4575 3544 4638 quae
3575 4554 3698 4616 dixi

2054 4648 2356 4726 Evangelii
2387 4648 2583 4709 verbis
2603 4649 2673 4708 ad
2699 4667 2862 4709 suam
2888 4650 3230 4729 opinionem
3255 4645 3692 4708 stabiliendam.

2053 4737 2382 4799 Audiamus
2413 4736 2764 4816 Gregorium
2818 4742 3002 4818 Nysse
3019 4757 3184 4811 num,
3222 4737 3389 4816 cujus
3419 4735 3545 4797 haec
3565 4740 3703 4794 sunt

2058 4826 2206 4889 libro
2223 4827 2539 4888 undecimo
2561 4834 2771 4888 contra
2790 4827 3346 4907 Eunomium,tomo
3365 4827 3505 4906 ll,p.
3528 4825 3648 4887 694
3683 4844 3696 4885 :

2058 4922 2253 4976 Οὐκοῦν
2307 4919 2495 4996 ἀγαθὸς
2529 4921 2555 4975 ὁ
2603 4921 2744 4982 Υἱός.
2805 4915 2954 4974 Ἀλλ’
3024 4916 3209 4997 οὐδεὶς,
3271 4918 3453 4996 φησὶν,
3505 4915 3698 4993 ἀγαθὸς

2057 5010 2099 5065 εἷ
2147 5010 2224 5085 μὴ
2272 5009 2356 5074 εἷς
2383 5011 2409 5064 ὁ
2442 5010 2469 5064 ὁ
2514 5010 2719 5073 Θεός...
2754 5005 2942 5082 Ἀλλὰ,
2977 5008 3126 5082 φησὶ,
3174 5014 3266 5063 τοῦ
3311 5005 3427 5070 ἐνὸς
3560 5002 3698 5068 λέξις

2059 5098 2331 5178 ἀποκρίνει
2363 5101 2452 5155 τὸν
2486 5100 2601 5155 Υἱὸν
2634 5104 2730 5165 τῆς
2763 5105 2856 5155 τοῦ
2885 5099 3084 5175 ἀγαθοῦ
3100 5096 3408 5158 κοινωνίας.
3447 5115 3471 5152 ιι
3503 5093 3703 5155 Bonus

2060 5187 2238 5267 igitur
2260 5185 2467 5251 Filius.
2498 5188 2619 5252 Sed
2641 5187 2875 5261 nullus,
2909 5187 3122 5267 inquit,
3159 5185 3346 5248 bonus
3395 5189 3516 5246 nisi
3543 5198 3701 5245 unus

2063 5277 2298 5342 Deus...
2353 5277 2498 5357 Sed,
2559 5277 2749 5358 inquit
2839 5276 3244 5358 [Eunomius],
3304 5273 3481 5335 unius
3521 5272 3705 5334 dictio

2061 5366 2276 5430 Filium
2300 5389 2329 5426 a
2356 5366 2494 5430 boni
2519 5367 2941 5429 communione
2972 5365 3255 5427 secernit.
3307 5390 3336 5420 ι
3397 5362 3573 5425 Plura
3603 5362 3704 5444 qui

2061 5457 2237 5532 volet,
2300 5457 2454 5537 legat
2501 5457 2720 5540 primas
2768 5468 2994 5541 septem
3053 5455 3294 5538 paginas
3355 5455 3486 5536 ejus
3527 5470 3704 5534 quem

516 5695 667 5775 Lege
698 5691 1018 5774 Prologum
1052 5691 1247 5774 quiin
1278 5691 1428 5755 edit.
1463 5692 1650 5755 Paris.
1681 5694 1911 5775 positus
1942 5704 2034 5758 est
2053 5709 2191 5762 ante
2217 5699 2320 5761 lib.
2354 5717 2410 5762 IV
2441 5701 2506 5763 in
2537 5700 2936 5765 Eunomium.

405 5693 488 5827 gl
516 5695 667 5772 Lege
698 5693 892 5774 Prolog

493 5772 674 5838 lare.
699 5791 759 5853 ι,
797 5776 892 5838 18.
