4100 6202
1886 325 2471 392 PBOLEGOMENA.

429 486 565 531 mox
586 464 841 528 iudicavi
870 463 1030 539 libri,
1057 481 1307 546 quarum
1332 483 1407 527 ex
1438 466 1697 528 lectione
1720 465 1896 547 plane
1928 478 2065 526 con—
2084 465 2123 519 Α
2148 457 2391 524 nitatem
2421 465 2715 528 revocarit
2741 465 2804 527 in
2834 463 3108 541 dubium,
3162 464 3270 527 sed
3322 465 3481 548 quod
3536 468 3826 549 tempori

428 555 602 619 stabit
631 553 989 616 Eunomium
1023 555 1181 618 inter
1202 560 1413 617 caetera
1444 555 1767 636 Scriptura)
1796 554 2063 618 testimo-
2148 552 2529 615 serviendum
2561 554 2865 636 sapienter
2889 554 3402 636 judicarit.Atque
3432 556 3492 617 in
3515 557 3645 619 illis
3666 557 3824 640 ipsis

427 647 524 708 nia
546 645 863 726 protulisse
894 653 951 706 et
992 644 1162 725 illud,
1197 665 1219 701 ιι
1258 644 1476 710 Nullus
1534 645 1727 707 bonus
1757 645 1873 707 nisi
1915 658 2071 704 unus
2150 658 2298 720 quos
2327 640 2400 704 de
2430 642 2670 723 Spiritu
2696 651 2903 709 sancto
2931 644 3295 725 conscripsit
3350 644 3538 721 libris,
3584 666 3826 710 nomen

424 736 605 799 Deus.
649 759 675 789 ι)
712 734 818 796 Est
847 734 1013 795 locus
1055 734 1118 796 in
1150 733 1341 814 primo
1380 733 1657 797 Eunomii
1685 732 1912 815 libello,
1967 730 2070 814 qui
2152 731 2261 794 Dei
2284 749 2355 793 ne
2386 733 2571 795 semel
2604 734 2846 815 quidem
2879 733 3125 815 Spiritui
3147 743 3351 797 sancto
3394 735 3694 800 tributum
3727 738 3822 799 le-

425 343 736 395 GCXYXVIII
802 352 805 353 '

427 841 691 888 errorem
714 823 861 885 viris
878 824 971 885 vel
989 822 1409 886 eruditissimis
1422 824 1684 904 objicere
1707 832 2064 905 potest,cum

425 917 551 976 viro
586 913 857 975 doctrina
880 913 1178 994 praestanti
1206 914 1420 977 Joanni
1437 913 1684 977 Alberto
1702 913 1976 977 Fabricio
1999 931 2065 975 re

425 1007 554 1086 ipsa
575 1004 887 1084 objecerit.
936 1003 1132 1066 Verba
1160 1012 1357 1067 autem
1414 1004 1689 1067 Eunomii
1748 1006 1875 1067 ilth
1930 1010 2067 1065 sunt

423 1112 590 1156 num.
622 1094 695 1157 ‘27
722 1115 736 1157 :
800 1096 1006 1153 Τούτων
1037 1092 1102 1161 δὴ
1133 1095 1344 1151 πάντων
1390 1097 1637 1174 εὖκρινῶς
1670 1096 1768 1171 μὲν
1797 1097 1884 1152 καὶ
1928 1093 2067 1151 πλαο

426 1186 637 1261 τύτερον
666 1183 719 1243 ἐν
751 1183 946 1263 ἑτέροις
976 1186 1111 1259 ἡμῖν
1162 1183 1639 1263 ἀποδεδειγμένων,
1685 1184 1738 1240 ἒν
1780 1187 1978 1264 βραχει
2009 1181 2062 1239 δὲ

423 1280 512 1330 νῦν
542 1275 671 1353 πρὸς
694 1275 829 1349 ὑμᾶς
857 1272 1320 1353 ὁμολογουμένων,
1350 1279 1464 1337 etc.
1506 1294 1530 1328 «
1566 1273 1712 1336 Cum
1748 1274 1867 1353 jam
1926 1272 2063 1334 uni-

425 1381 593 1424 versa
627 1362 851 1440 liquido
902 1364 1204 1443 magisque
1256 1363 1482 1442 prolixe
1526 1361 1671 1424 alibi
1698 1382 1733 1425 a
1760 1360 1934 1423 nobis
1966 1361 2065 1423 de-

426 1460 768 1527 monstrata,
802 1470 960 1514 nunc
991 1471 1130 1513 vero
1154 1453 1213 1513 in
1245 1452 1483 1517 brevem
1515 1452 1589 1514 ad
1620 1470 1721 1513 vos
1744 1452 2067 1514 confessio-

423 1560 559 1603 nem
591 1542 709 1603 sint
739 1549 1225 1621 contracta,»etc.
1255 1541 1442 1615 Quem
1476 1541 1550 1603 ad
1583 1542 1779 1605 locum
1804 1543 1852 1603 is
1882 1559 2061 1622 quem

423 1650 556 1693 mox
580 1630 878 1692 nominavi
899 1631 993 1693 vir
1013 1630 1389 1694 doctissimus
1414 1632 1565 1694 hanc
1589 1639 1784 1693 notam
1809 1630 2057 1693 addidit:

428 1746 449 1777 ι
481 1720 787 1782 Notaudus
807 1720 906 1783 hic
938 1720 1126 1801 locus,
1155 1739 1273 1798 quo
1299 1721 1372 1783 ad
1400 1720 1680 1783 uberiora
1712 1740 1818 1782 sua
1846 1722 2065 1803 scripta

2150 820 2514 902 gimus.Ejus
2535 824 2776 903 generis
2795 832 2933 886 sunt
2959 822 3109 886 liber
3130 825 3336 885 tcrtius
3356 825 3825 889 inEunomium

2149 916 2208 971 et
2234 910 2664 975 celeberrimus
2693 912 2796 975 ille
2825 913 2898 975 ad
2934 912 3419 994 Amphilochium
3445 916 3529 977 De
3560 915 3825 996 Spiritu

2145 1008 2349 1063 sancto
2373 1001 2550 1063 liber:
2575 1022 2830 1080 quorum
2853 1003 2914 1064 in
2948 1011 3199 1084 utroque
3232 1011 3293 1066 ut
3324 1004 3814 1087 evidentissime,

2147 1090 2226 1151 ita
2246 1090 2640 1155 invictissime
2674 1092 2885 1173 probat
2911 1093 3158 1170 quidem
3189 1090 3446 1174 Spiritus
3475 1096 3670 1156 sancti
3725 1095 3817 1157 di-

2147 1178 2470 1262 vinitatem,
2505 1200 2617 1243 nec
2645 1201 2894 1263 usquam
2938 1190 3135 1245 tamen
3186 1183 3473 1263 Spiritum
3524 1193 3813 1249 sanctum

2147 1268 2332 1331 Deum
2364 1271 2641 1352 appellat.
2678 1273 2790 1346 Qui
2820 1290 2961 1351 ergo
3000 1272 3128 1333 ﬁeri
3154 1272 3359 1353 possit,
3384 1282 3447 1335 ut
3476 1292 3698 1337 eorum
3732 1276 3813 1338 de

2147 1358 2365 1439 quibus
2392 1361 2585 1439 agitur
2616 1361 2907 1424 librorum
2931 1370 3141 1424 auctor
3164 1363 3482 1444 sit,cumin
3510 1365 3665 1446 ipsis
3691 1385 3815 1427 non

2145 1449 2331 1511 semel
2357 1448 2616 1531 Spiritus
2650 1460 2890 1514 sanctus
2912 1454 3073 1516 Deus
3099 1460 3339 1515 vocetur
3361 1460 3389 1517 ‘2
3410 1456 3713 1536 Exempla
3743 1473 3818 1521 eo

2147 1557 2262 1617 quo
2307 1540 2689 1605 inveniuntur
2721 1543 2955 1617 ordine,
2992 1542 3294 1623 subjicere
3320 1545 3507 1605 visum
3541 1544 3815 1609 est.Pri-

2148 1646 2310 1690 mum
2361 1633 2623 1692 occurrit
2656 1632 2801 1694 illud
2864 1633 2946 1713 (p.
3008 1633 3185 1710 999):
3255 1637 3309 1691 Ei
3368 1637 3537 1692 τοίνυν
3589 1635 3813 1703 οὐδενός

2145 1721 2287 1776 ἔστιν
2330 1720 2535 1799 ἀφιέναι
2568 1723 2848 1800 ἁμαρτίας,
2886 1724 3064 1798 ὥσπερ
3107 1724 3200 1780 οὒκ
3231 1723 3396 1801 ἔστιν,
3430 1727 3473 1782 εἰ
3523 1728 3602 1799 μὴ
3638 1728 3814 1803 μόνου

414 1811 539 1889 jam
566 1818 701 1870 ante
733 1808 877 1871 illud
907 1818 1141 1889 tempus
1172 1808 1328 1871 edita
1356 1809 1687 1874 Eunomius
1716 1820 2056 1891 provocat.»

2152 1816 2304 1884 Θεοῦ,
2340 1811 2523 1891 ἀφίησι
2569 1812 2712 1869 δὲτὸ
2745 1820 2955 1888 Πνεῦμα
3000 1816 3060 1870 τὸ
3117 1814 3269 1890 ἅγιον
3327 1813 3410 1870 διὰ
3476 1817 3581 1872 τῶν
3649 1817 3823 1893 imo-1

419 1899 491 1960 Et
523 1917 663 1961 Vero
695 1899 745 1960 si
776 1899 962 1961 semel
992 1916 1200 1962 verum
1236 1908 1324 1962 est
1355 1900 1717 1963 Eunomium
1760 1908 1897 1963 ante
1929 1919 2064 1963 eum

420 2008 594 2069 quem
638 1988 893 2051 Basilius
945 1988 1267 2052 confutavit
1325 1989 1540 2053 librum
1595 1991 1745 2055 alios
1777 1990 2065 2071 quosdam

421 2079 719 2158 longiores
750 2079 1355 2161 edidisse;quidquid
1392 2098 1425 2141 a
1467 2081 1638 2142 nobis
1670 2081 1947 2160 superius
1981 2080 2070 2142 di-

424 2177 581 2231 ctum
605 2176 709 2242 est,
725 2187 832 2249 per
852 2188 916 2232 se
938 2168 1177 2251 penitus
1191 2169 1482 2232 ruit.Nam
1504 2171 1622 2232 dici
1642 2170 1858 2251 poterit
1892 2170 2064 2231 Basi-

424 2258 559 2336 lius,
585 2278 719 2322 cum
750 2260 810 2320 in
844 2258 1013 2320 libris
1044 2266 1251 2341 quarto
1280 2267 1337 2322 et
1364 2261 1568 2341 quinto
1600 2268 1813 2323 contra
1850 2261 2065 2323 Euno-

420 2350 611 2410 mium
667 2347 850 2410 multa
899 2348 1339 2431 Scripturarum
1384 2350 1510 2414 loca
1572 2351 1910 2431 explicaret,
1947 2368 2066 2410 non

421 2444 755 2519 respexisse
773 2438 1013 2520 quidem
1042 2438 1113 2500 ad
1139 2458 1275 2502 eum
1298 2439 1732 2520 librum,quem
1766 2439 2062 2501 nominavi

2151 1899 2380 1955 στόλων·
2415 1903 2544 1965 Θεὸς
2576 1903 2675 1981 ἄρα
2706 1905 2763 1959 τὸ
2799 1904 3008 1978 Πνεῦμα
3038 1905 3099 1960 τὸ
3122 1904 3295 1983 ἅγιον,
3329 1906 3416 1959 καὶ
3464 1910 3563 1972 τῆς
3629 1907 3800 1979 αὒτῆς

2150 1988 2414 2068 ἐνεργείας
2440 1993 2517 2066 τῷ
2550 1995 2711 2072 Πατρὶ
2736 1994 2821 2050 καὶ
2880 2001 2955 2066 τῷ
3012 1996 3138 2066 Υἷῷ,
3176 2016 3201 2047 α
3242 1996 3448 2073 Itaque
3479 1992 3531 2055 Si
3575 1995 3807 2057 nullius

2151 2084 2240 2140 est
2269 2079 2581 2143 remittere
2613 2090 2876 2162 peccata,
2929 2082 3081 2145 sicut
3110 2101 3255 2144 sane
3285 2082 3507 2145 nullius
3534 2090 3651 2165 est,
3688 2086 3808 2146 nisi

2150 2166 2258 2228 Dei
2288 2168 2497 2249 solius,
2550 2172 2798 2233 remittit
2845 2179 3043 2233 autem
3098 2170 3352 2252 Spiritus
3399 2184 3645 2235 sanctus
3698 2194 3809 2255 per

2149 2258 2472 2337 apostolos;
2504 2262 2663 2323 Deus
2685 2280 2822 2341 ergo
2856 2270 2946 2325 est
2976 2263 3229 2342 Spiritus
3260 2270 3520 2344 sanctus,
3556 2271 3615 2325 et
3648 2266 3808 2345 ejus-

2150 2347 2283 2408 dem
2331 2350 2695 2428 operationis
2750 2359 2926 2432 atque
2973 2350 3151 2414 Pater
3175 2360 3235 2415 et
3266 2352 3472 2414 Filius.
3514 2378 3537 2409 u
3573 2353 3810 2417 Rursus

2148 2437 2234 2498 sic
2268 2436 2527 2519 loquitur
2557 2440 2813 2521 scriptor
2843 2442 2925 2521 (p.
2962 2439 3100 2521 300)
3141 2458 3154 2503 :
3189 2444 3244 2500 Ei
3275 2440 3328 2498 δὲ
3368 2442 3527 2500 λαλεῖ
3557 2444 3610 2499 ἐν
3658 2445 3801 2501 ἀπο-

416 2529 674 2607 primum
698 2528 978 2590 Eunomii
998 2528 1290 2607 libellum,
1317 2529 1420 2592 sed
1444 2528 1516 2591 ad
1542 2529 1761 2611 scripta
1784 2528 2057 2604 quaedam

2146 2527 2354 2592 στόλοις
2385 2531 2471 2586 καὶ
2502 2529 2555 2586 ἐν
2588 2533 2882 2610 προφήταις
2914 2533 2975 2586 τὸ
3008 2538 3244 2608 Πνεῦμα,
3292 2538 3437 2588 πᾶσα
3483 2531 3536 2588 δὲ
3612 2535 3801 2614 Γραιφή

414 2618 703 2697 longiora,
754 2638 885 2701 quae
915 2620 1037 2699 jam
1079 2628 1217 2681 ante
1248 2620 1410 2683 edita
1438 2619 1514 2681 ab
1545 2618 1837 2681 Eunomio
1870 2619 2054 2681 fuisse

2144 2618 2510 2694 Θεόπνευστος,
2566 2619 2756 2676 εἴπατε
2787 2634 2906 2685 τοῖς
2937 2619 3209 2696 ἀσεϐοῦσι,
3271 2622 3384 2687 πῶς
3443 2624 3501 2678 οὔ
3547 2625 3678 2689 Θεὸς
3734 2624 3796 2680 τὸ

411 2709 666 2772 afﬁrmat
690 2708 951 2773 Joannes
979 2710 1256 2773 Albertus
1288 2705 1621 2772 Fabricius.
1649 2708 1767 2773 Sed
1796 2709 1896 2790 qui
1931 2727 2055 2770 rem

2144 2714 2353 2784 Πνεῦμα
2406 2711 2468 2765 τὸ
2517 2711 2668 2789 ἅγιον
2725 2712 3009 2791 τυγχάνει,
3074 2712 3171 2779 τῆς
3213 2713 3399 2769 τούτου
3484 2713 3795 2792 συγγραφῆς

414 2799 586 2879 paulo
611 2800 896 2863 attentius
918 2801 1333 2882 considerarit,
1366 2800 1563 2880 facile,
1588 2798 2053 2879 Opinor,fatebi-
2138 2800 2483 2858 θεοπθεύστου
2514 2798 2671 2868 οὔσης
2704 2820 2719 2875 ;
2758 2824 2785 2855 α
2817 2801 2986 2874 Quod
3019 2801 3070 2862 si
3100 2800 3444 2881 Spiritusiu
3501 2802 3788 2883 apostolis

412 2896 507 2949 tur
530 2908 654 2950 non
668 2887 1293 2970 loquiEuuomium,eo
1311 2908 1487 2967 quem
1501 2890 1789 2969 exscripsi
1817 2888 2055 2968 loco,de
2138 2893 2196 2946 et
2222 2887 2530 2968 prophetis
2551 2889 3160 2971 loquitur,omuisque
3180 2890 3487 2971 Scriptura
3504 2891 3790 2953 divinitus

416 2978 711 3058 prioribus
735 2978 1083 3060 quibusdam
1107 2979 1345 3058 scriptis
1373 2979 1621 3058 asojam
1647 2989 1822 3040 antea
1840 2978 2051 3056 vulga-
2138 2975 2423 3056 inspirata
2473 2987 2585 3054 est,
2640 2979 2816 3040 dicite
2872 2979 3120 3061 impiis:
3174 2979 3483 3052 Quomodo
3530 2981 3791 3059 Spiritus

414 3068 510 3143 tis,
538 3068 641 3131 sed
665 3068 739 3129 de
765 3068 954 3151 prima
975 3069 1066 3130 sui
1085 3068 1269 3130 libelli
1286 3078 1479 3148 parte,
1501 3086 1685 3148 eaque
1708 3067 2050 3148 prolixiore.
2076 3132 2113 3151 η
2138 3075 2375 3128 sanctus
2396 3069 2552 3130 Deus
2578 3088 2698 3130 non
2722 3077 2977 3145 est,cum
3002 3069 3162 3131 illius
3183 3069 3486 3151 Scriptura
3507 3069 3796 3133 divinitus

414 3156 653 3220 Constat
699 3132 855 3219 enim
892 3158 1246 3221 Eunomium
1286 3132 1558 3219 libellum
1589 3132 1784 3218 ‘sutim
1819 3156 1879 3218 in
1911 3132 2114 3219 duasC
2138 3152 2422 3236 inspirata
2447 3156 2576 3219 sit?
2612 3182 2636 3215 υ
2694 3158 2885 3221 Verba
2950 3159 3289 3239 scriptoris,
3314 3132 3484 3220 ‘cum
3540 3160 3800 3240 explicat

415 3256 610 3325 partes
634 3248 1184 3328 divisissezqnarum
1219 3249 1277 3310 in
1299 3249 1492 3329 priore
1517 3266 1681 3309 suam
1701 3248 2054 3309 sententiam
2136 3243 2285 3307 illud
2316 3243 2564 3309 Joannis
2594 3264 2671 3321 ιν,
2709 3248 2810 3328 24,
2837 3248 3115 3328 Spiritus
3146 3255 3234 3312 est
3265 3248 3445 3326 Deus,
3494 3249 3620 3311 haec
3656 3258 3798 3313 sunt

412 3335 602 3397 fusius
623 3339 885 3417 exponit,
920 3338 982 3398 in
1007 3336 1194 3398 altera
1218 3356 1381 3417 vero,
1408 3336 1595 3398 libelli
1627 3336 1719 3398 sui
1739 3342 1906 3415 quasi
1928 3338 2051 3417 epi~

2144 3335 2225 3417 (p.
2258 3334 2398 3411 310)
2428 3356 2442 3396 :
2482 3337 2705 3416 ’Ὠσπερ
2741 3339 2840 3419 γὰρ
2870 3341 2931 3395 τὸ
2967 3346 3176 3415 Πνεῦμα
3208 3342 3236 3396 ὁ
3287 3341 3440 3415 Θεὸς,
3506 3342 3645 3397 κατὰ
3708 3343 3790 3416 τὸ,

413 3435 611 3487 tomen
646 3425 963 3503 quamdam
986 3426 1148 3490 fecit.
1171 3425 1237 3487 Id
1258 3427 1339 3489 ita
1362 3444 1495 3490 esse
1518 3427 1694 3488 docet
1728 3427 2054 3490 Eunomius

2144 3428 2277 3488 Ναὸς
2330 3430 2462 3484 Θεοῦ
2520 3428 2638 3485 ἐστε
2673 3430 2759 3485 καὶ
2827 3430 2889 3484 τὸ
2948 3428 3161 3503 Πνεῦμα
3192 3431 3284 3485 τοῦ
3335 3431 3466 3485 Θεοῦ
3537 3431 3682 3487 οἰκεῖ
3740 3431 3795 3486 ἐν

413 3515 563 3595 ipse,
591 3517 756 3595 cujus
774 3516 899 3578 haec
924 3524 1061 3578 sunt
1090 3516 1291 3593 verba,
1319 3536 1485 3578 num.
1514 3516 1594 3581 ‘26
1617 3535 1637 3575 :
1670 3517 1821 3574 Ἀλλ’
1852 3518 1944 3574 ἵνα
1977 3519 2053 3592 μὴ

2144 3517 2287 3592 ὕμῖνο
2323 3518 2576 3577 οὕτωκαὶ
2627 3521 2654 3574 ὁ
2713 3520 2844 3583 Θεὸς
2903 3518 2963 3574 τὸ
2995 3524 3230 3593 Πνεῦμα,
3290 3519 3386 3586 τῆς
3447 3518 3660 3597 ΐριάδος
3714 3520 3791 3595 μὴ

415 3614 492 3680 τῷ
544 3607 841 3682 μήκειτῶν
910 3606 1084 3686 λόγων
1157 3609 1529 3683 ἀποκνήσομεδ
1573 3609 1690 3673 τοὺς
1742 3608 2049 3680 ἀκούοντας,
2138 3603 2594 3683 διακοπτομένης,
2630 3605 2765 3682 μηδὲ
2797 3607 3170 3688 χωριζομένης
3201 3608 3295 3676 τὴν
3328 3609 3500 3687 φύσιν,
3533 3608 3675 3665 ὥστε
3704 3610 3792 3665 καὶ

416 3703 588 3752 πᾶσαν
644 3700 700 3753 ἒν
797 3698 997 3777 βραχεῖ
1052 3704 1157 3754 τῶν
1205 3697 1468 3778 ῥηθέντων
1538 3695 1911 3776 περιλαϐόντες
1957 3698 2055 3765 τὴν
2138 3697 2203 3752 τὰ
2240 3697 2475 3772 ὀνόματα
2507 3698 2584 3773 μὴ
2628 3699 2967 3778 χωρίζεσθαι.
3009 3717 3037 3757 (
3071 3696 3592 3769 Quemadmodum
3623 3699 3787 3759 enim

414 3785 654 3861 δύναμιν,
701 3794 814 3850 etc.
874 3812 897 3842 «
930 3787 1153 3849 Verum
1193 3805 1267 3849 ne
1316 3804 1659 3848 sermonum
1721 3785 2055 3866 prolixitate
2139 3782 2392 3864 Spiritus
2414 3787 2569 3847 Deus
2592 3794 2702 3866 est,
2733 3786 2898 3867 juxta
2924 3786 3099 3867 illud,
3140 3786 3447 3867 Templum
3477 3785 3593 3848 Dei
3617 3791 3788 3869 estis,

412 3875 713 3938 auditores
742 3894 1075 3955 gravemus,
1128 3878 1397 3938 minusve
1424 3876 1651 3938 alacres
1709 3875 2053 3955 reddamus,
2140 3883 2199 3936 et
2223 3874 2499 3954 Spiritus
2524 3877 2632 3939 Dei
2663 3876 2891 3938 habitat
2920 3876 2985 3937 in
3016 3876 3186 3938 vobis
3224 3896 3239 3937 :
3272 3876 3352 3938 ita
3382 3883 3439 3937 et
3467 3877 3627 3940 Deus
3654 3877 3789 3958 Spi-

415 3964 618 4045 paucis
631 3983 835 4028 eorum
850 3965 1253 4046 qumdiximus
1277 3967 1391 4028 vim
1408 3984 1648 4028 omnem
1666 3966 2058 4045 comprehen-
2138 3964 2289 4025 ritus
2321 3972 2434 4040 est,
2462 3984 2581 4027 non
2616 3966 2873 4027 dissecta
2901 3963 3216 4041 Trinitate,
3242 3984 3439 4046 neque
3461 3967 3791 4028 secundum

413 4057 643 4129 dentes,
681 4081 709 4113 »
746 4060 864 4120 etc.
897 4055 1089 4128 Quare
1121 4056 1332 4118 horum
1381 4056 1722 4131 verborum,
1748 4058 1958 4115 Τούτων
1990 4055 2055 4123 δὴ
2141 4063 2411 4116 naturam
2445 4063 2718 4135 separata
2752 4076 2763 4115 :
2805 4060 2959 4116 sicut
2987 4056 3233 4117 nomina
3263 4055 3439 4117 etiam
3462 4074 3583 4117 non
3609 4074 3793 4137 sepa-

413 4148 625 4205 πάντων
710 4151 960 4225 εὐκρινῶς
1041 4149 1138 4221 μὲν
1195 4148 1282 4204 καὶ
1352 4145 1674 4224 πλατύτερον
1749 4146 1802 4202 ἐν
1854 4148 2049 4225 ἑτέροις

2144 4150 2370 4207 rentur.
2409 4169 2435 4199 ι
2474 4148 2687 4207 Parum
2736 4145 2846 4209 fuit
2890 4146 3004 4207 hoc
3029 4145 3159 4207 loco
3193 4144 3471 4226 scripturi
3502 4145 3790 4226 Spiritum

411 4240 547 4313 ἡμῖν
578 4234 1055 4316 ἀποδεδειγμένων,
1086 4235 1138 4296 is
1165 4242 1255 4297 est
1284 4253 1495 4297 sensus
1522 4256 1534 4297 :
1574 4258 1601 4290 α
1634 4237 1784 4296 Cum
1804 4235 1926 4314 jam
1948 4236 2053 4297 de-

2144 4241 2404 4295 sanctum
2438 4238 2623 4298 Deum
2648 4252 2880 4298 vocare:
2907 4235 3012 4296 sed
3046 4234 3224 4297 etiam
3253 4234 3549 4299 rationem
3580 4234 3784 4296 reddit

414 4333 735 4387 monstrata
767 4325 885 4387 sint
914 4344 947 4387 a
968 4325 1140 4387 nobis
1164 4326 1286 4387 haec
1318 4324 1757 4406 omnialiquide
1782 4333 1841 4385 et
1864 4324 2051 4401 magis
2135 4340 2241 4384 cur
2264 4324 2339 4385 ita
2369 4324 2565 4387 faciat.
2615 4325 2935 4406 Quoniam,
2994 4324 3209 4405 inquit,
3270 4335 3332 4385 ut
3380 4325 3637 4386 Trinitas
3671 4342 3789 4386 non

413 4414 636 4495 prolixe
664 4414 973 4477 increteris
1000 4433 1128 4496 qua}
1150 4412 2449 4497 praeceduntargumentationi-Dseparatur
2507 4414 2837 4477 secundum
2895 4421 3191 4491 naturam,
3244 4415 3327 4476 ita
3379 4432 3491 4476 nec
3547 4415 3790 4476 nomina

413 4506 546 4581 bus,
587 4529 610 4564 ι)
650 4513 762 4565 etc.
797 4504 954 4568 Sane
982 4523 1016 4567 a
1059 4524 1155 4567 me
1180 4504 1649 4585 faciuntantiqui
1683 4522 1889 4565 omnes
1909 4504 2055 4566 scri-

414 4601 637 4675 ptores,
670 4594 771 4676 qui
804 4594 953 4656 duos
985 4594 1273 4658 duntaxat
1300 4595 1576 4657 Eunomii
1609 4593 1841 4655 libellos
1866 4611 2054 4673 agno-

416 4701 577 4758 vere,
611 4685 928 4764 Gregorius
957 4684 1278 4766 Nysaenus,
1302 4683 1760 4763 Philostorgius,
1782 4684 2052 4759 Photius,

413 4782 472 4837 et
514 4775 634 4838 alii.
668 4777 792 4837 Jam
825 4775 878 4836 si
900 4775 1031 4857 quis
1062 4783 1284 4855 quaerat
1302 4793 1370 4837 ex
1404 4792 1521 4855 me,
1559 4792 1666 4835 cur
1696 4772 2042 4849 Eunomius,

414 4864 516 4945 qui
546 4865 602 4924 in
637 4864 825 4944 primo
858 4884 964 4926 suo
995 4865 1217 4945 scripto
1240 4865 1450 4926 Filium
1479 4862 1739 4926 libenter
1764 4862 2057 4943 simplici-

413 4960 620 5033 tcrquo
649 4953 980 5030 genituram
1002 4953 1265 5027 vocabat,
1295 4953 1582 5015 hocidem
1611 4963 1807 5015 tamen
1834 4972 1952 5016 non
1974 4954 2059 5015 fe-

414 5042 563 5105 cerit
630 5043 693 5102 in
734 5044 919 5104 altero
954 5063 971 5119 ;
1004 5044 1196 5105 dicam
1231 5043 1408 5124 hujus
1438 5048 1523 5105 rei
1581 5043 1829 5105 fortasse
1856 5044 2056 5105 afferri

416 5149 594 5211 posse
625 5130 993 5212 probabilem
1040 5151 1303 5215 causam,
1336 5132 1985 5196 videlicetEunomium
2021 5151 2055 5194 a

411 5220 631 5284 Basilio
667 5222 740 5283 ob
773 5223 1063 5302 geniturae
1094 5242 1315 5285 nomen
1367 5230 1482 5284 tam
1543 5224 1694 5285 male
1738 5230 2048 5304 acceptum

412 5312 617 5383 fuisse,
652 5321 715 5374 ut
761 5330 831 5373 eo
879 5311 1166 5394 deinceps
1197 5320 1313 5375 tam
1372 5312 1561 5376 libere
1605 5313 1690 5375 uti
1720 5330 1898 5377 ausus
1933 5332 2050 5376 non

410 5402 509 5465 sit.

496 5492 620 5557 73‘.
637 5490 772 5554 Fuit
794 5500 912 5553 tem
921 5499 1127 5572 pus,ul
1146 5500 1350 5555 notum
1374 5500 1483 5570 est,
1516 5510 1650 5556 cum
1673 5492 1925 5556 Basilius
1944 5514 2056 5557 ne-

410 5600 526 5666 que
546 5581 607 5643 in
632 5579 1164 5662 suislibris,neque
1186 5582 1245 5643 in
1268 5582 1531 5662 publicis
1549 5581 2059 5663 orationibusSpi-

412 5673 587 5736 ritum
620 5680 887 5736 sanctum
923 5671 1109 5735 Deum
1138 5683 1525 5747 vocaret,nou
1561 5671 1718 5752 quod
1742 5674 1871 5751 ejus
1904 5674 2055 5735 divi-

2138 4504 2315 4565 etiam
2370 4512 2749 4583 separantur.
2779 4506 2970 4567 Secus
3001 4511 3199 4567 autem
3259 4504 3469 4566 fecisse
3500 4503 3786 4567 Basilium

2138 4602 2379 4668 norunt,
2409 4593 2627 4673 quibus
2656 4612 2777 4655 non
2803 4594 3046 4656 omnino
3096 4596 3296 4674 ignota
3328 4600 3418 4655 est
3450 4602 3783 4674 temporum

2138 4682 2373 4744 illorum
2397 4683 2671 4759 historia,
2709 4683 2795 4745 sic
2836 4691 2899 4745 ut
2920 4684 3294 4747 intereadum
3321 4683 3606 4764 Spiritum
3639 4702 3781 4746 san-

2142 4780 2301 4834 ctum
2336 4780 2561 4836 naturae
2590 4772 2809 4836 divinae
2855 4773 3204 4855 participem
3253 4791 3387 4835 esse
3419 4772 3697 4853 privatim
3736 4778 3792 4833 et

2143 4862 2382 4941 publice
2414 4863 2817 4943 proﬁteretur,
2854 4881 2989 4926 eum
3027 4870 3227 4925 tamen
3251 4863 3413 4944 pacis
3436 4880 3575 4940 ergo
3602 4864 3789 4925 Deum

2141 4952 2443 5032 appellare
2475 4953 2823 5017 abstineret.
2850 4952 2967 5015 Sed
2990 4953 3198 5015 audire
3242 4951 3389 5013 mihi
3436 4951 3641 5014 videor
3690 4950 3789 5032 qui

2141 5040 2348 5103 dicunt
2394 5042 2575 5104 fuisse
2607 5043 2786 5104 etiam
2822 5052 3078 5122 tempus,
3114 5060 3251 5103 cum
3284 5040 3539 5104 Basilius
3573 5049 3696 5102 tum
3726 5039 3785 5101 in

2134 5130 2432 5212 aliquibus
2455 5131 2725 5213 epistolis
2747 5142 2869 5194 tum
2896 5133 2956 5193 in
2980 5130 3233 5213 publicis
3254 5130 3613 5211 quibusdam
3638 5149 3781 5194 con-

2136 5221 2407 5284 cionibus
2421 5221 2706 5303 Spiritum
2730 5222 3199 5285 sanctumDeum
3221 5227 3481 5298 vocaret;
3506 5220 3580 5282 ob
3605 5220 3782 5301 idque

2138 5313 2265 5375 ﬁeri
2293 5312 2583 5394 potuisse,
2613 5320 2676 5373 ut
2706 5312 2766 5373 in
2800 5312 3005 5393 quinto
3037 5328 3271 5393 quoque
3303 5315 3518 5373 contra
3567 5310 3777 5373 Euno-

2137 5400 2496 5464 miumlibro
2511 5402 2624 5463 hoc
2640 5402 2694 5465 ei
2716 5420 2935 5465 nomen
2950 5399 3521 5465 dederit.Bene.Sed
3536 5398 3775 5481 quaestio

2140 5509 2257 5553 non
2282 5498 2595 5566 est,utrum
2617 5491 2869 5555 Basilius
2891 5490 3177 5572 Spiritum
3202 5498 3472 5552 sanctum
3496 5490 3553 5550 in
3580 5489 3779 5570 quinto

2138 5578 2731 5646 oontraEunomium
2752 5581 2909 5645 libro
2925 5580 3118 5645 Deum
3141 5597 3355 5644 vocare
3376 5578 3662 5661 potuerit,
3680 5576 3783 5641 sed

2144 5681 2335 5737 utrum
2362 5690 2428 5736 re
2449 5674 2580 5754 ipsa
2600 5673 2824 5738 vocarit
2858 5692 2871 5737 :
2908 5672 3063 5755 quod
3095 5673 3312 5737 falsum
3347 5689 3481 5735 esse
3503 5670 3780 5735 arbitror.
