4100 6202
421 374 574 424 CCXL

1836 364 2238 429 PROLEGOM
2247 367 2400 431 ENA
2417 413 2431 427 .

425 508 622 573 operae
642 492 898 572 pretium
916 493 1067 557 duco
1084 512 1216 575 quas
1229 495 1290 557 in
1307 495 1477 559 libris
1492 498 1756 560 secundo
1776 509 1836 560 et
1851 506 2064 582 quarto
2085 516 2124 566 Α
2149 519 2234 563 νος
2264 503 2333 576 τῇ
2364 507 2538 581 φωνῇ.
2596 499 2744 572 ριρυί
2776 501 2935 562 enim
2977 499 3147 571 dixit,
3209 499 3462 562 Poosedi
3493 500 3815 562 hominem

425 582 708 660 leguntur
729 584 815 662 (p.
849 582 990 658 256,
1024 583 1192 665 293),
1229 585 1551 667 diligenter
1569 588 1726 650 inter
1753 608 1818 652 se
1837 608 2074 670 compa-

428 671 1200 736 rare.Animadvertendum
1225 677 1725 755 igitur,Basilium
1751 680 1927 742 verba
1943 682 2070 743 haec

427 761 786 844 Salomonis,
822 761 1119 827 Dominus
1138 769 1368 830 creavit
1386 784 1502 845 me,
1526 769 1642 830 alio
1667 770 1907 851 quidem
1936 771 2067 833 loco

426 851 618 942 aptius
631 851 1630 931 diligentiusquesibiexaminanda
1643 866 2020 942 proposuisse
2049 881 2062 925 :

427 941 534 1003 sed
567 943 932 1031 tamenihaac
980 943 1112 1026 ipsa
1155 944 1491 1010 Salomonis
1514 949 1695 1013 verba
1744 941 1860 1012 tam
1894 970 2071 1031 parce

429 1038 670 1112 tamque
695 1030 1079 1110 indiligenter
1121 1035 1180 1095 in
1215 1044 1423 1117 quarto
1462 1047 1676 1102 contra
1700 1030 2072 1104 Eunomium

429 1119 580 1182 libro
605 1120 1049 1200 expenduntur,
1075 1133 1141 1185 ut
1173 1125 1225 1186 si
1257 1124 1396 1204 quis
1421 1128 1698 1191 Basilium
1730 1130 1943 1193 harum
1975 1132 2071 1193 in-

431 1211 916 1300 terpretationem
932 1213 1444 1299 faciatauctorem,
1473 1235 1608 1280 eum
1624 1221 1929 1300 promissis
1951 1241 2069 1284 non

430 1298 665 1361 stetisse
695 1299 949 1363 fateatur
980 1321 1228 1367 necesse
1251 1310 1346 1367 sit.
1371 1298 1442 1369 Et
1465 1325 1602 1370 vero
1625 1298 1675 1370 si
1706 1310 1851 1390 quid
1881 1310 2068 1375 alicu-

423 1391 526 1480 jus
558 1391 843 1453 momenti
870 1392 1084 1472 legitur
1114 1394 1175 1456 in
1221 1395 1373 1458 libro
1396 1406 1625 1478 quarto,
1659 1399 1720 1460 id
1744 1400 1870 1480 jam
1897 1421 1931 1463 a
1960 1401 2070 1464 Ba-

428 1479 1074 1572 silio_p_raa_occupatum
1116 1484 1306 1547 fuerat
1329 1487 1391 1548 in
1422 1489 1710 1550 secundo.
1737 1479 1922 1562 Quale
1955 1500 2067 1572 est,

430 1569 589 1650 quod
607 1568 825 1632 dicitur
843 1571 918 1634 de
939 1573 1230 1654 scriptore
1249 1574 1729 1640 Proverbiorum:
1761 1598 1873 1642 nec
1896 1568 2070 1643 valde

432 1656 636 1750 dubito
653 1661 795 1750 quin
812 1660 1156 1739 libriquarti
1176 1672 1385 1728 auctor
1405 1685 1571 1729 suam
1595 1669 2068 1750 explanationem

432 1766 467 1808 a
493 1749 710 1853 Basilio
749 1759 1045 1853 mutuatus
1090 1756 1189 1817 sit.
1215 1756 1491 1853 Reliqua,
1529 1776 1658 1853 quas
1676 1749 1874 1839 pauca
1906 1769 2063 1835 sunt,
2092 1802 2131 1853 Β

437 1856 573 1898 cum
594 1846 792 1900 tamen
813 1839 1066 1904 Basilius
1088 1846 1540 1926 responsionem
1562 1847 1793 1927 longam
1816 1859 1872 1910 et
1900 1868 2070 1911 accu-

2150 605 2262 670 ραν
2287 591 2501 666 Deum,
2535 597 2764 652 constat
2812 607 2947 652 eum
2979 590 3090 650 hac
3114 605 3257 652 voce
3279 607 3454 650 usum
3487 607 3652 670 esse,
3689 608 3817 650 non

2152 678 2312 753 quod
2359 684 2619 740 creasset
2658 677 2825 749 Cain,
2877 677 2986 740 sed
3031 677 3191 759 quod
3222 678 3548 758 genuisset.
3591 698 3622 738 ›
3659 677 3820 740 Vide

2150 765 2498 848 igitur,ecce
2515 766 2621 829 tibi
2641 768 2758 829 duo
2781 767 3081 844 homines,
3108 786 3363 847 quorum
3389 767 3649 844 alter,ut
3681 786 3822 848 pro-

2153 855 2408 934 positum
2465 865 2834 939 assequatur,
2889 875 3049 938 eum,
3103 876 3283 940 quem
3325 857 3467 937 dixi,
3505 856 3823 921 Geneseos

2153 950 2348 1008 locum
2373 946 2653 1027 depravat
2680 967 2695 1023 ;
2717 947 2868 1009 alter
2882 964 3018 1008 vero
3044 947 3205 1008 hunc
3225 947 3419 1027 ipsum
3447 946 3648 1007 locum
3683 954 3824 1026 apte

2154 1043 2213 1097 et
2233 1034 2406 1097 docte
2435 1036 2597 1097 citat.
2631 1034 2739 1097 Hic
2770 1035 3009 1097 tandem
3033 1037 3174 1097 huic
3205 1033 3594 1115 disputationi
3632 1035 3820 1096 ﬁnem

2156 1124 2487 1204 imponam,
2517 1125 2568 1186 si
2591 1131 2786 1186 tamen
2819 1125 2988 1205 prius
3015 1143 3332 1199 monuero,
3371 1143 3487 1206 me,
3525 1123 3694 1204 quod
3721 1143 3822 1185 res

2158 1220 2295 1275 nota
2327 1215 2422 1287 sit,
2448 1233 2567 1276 non
2616 1214 2934 1277 allaturum
2967 1213 3224 1294 insignia
3249 1214 3473 1295 aliquot
3504 1213 3814 1294 exempla,

2153 1302 2372 1382 quibus
2390 1303 2626 1365 ostendi
2663 1304 2846 1383 possit
2885 1321 3066 1384 opera
3086 1304 3284 1384 aliqua
3308 1303 3441 1366 aliis
3471 1303 3663 1365 etiam
3696 1306 3816 1365 Pa-

2156 1391 2343 1454 tribus
2362 1392 2501 1454 olim
2537 1393 2688 1454 falso
2721 1392 2937 1455 tributa
2959 1393 3163 1456 fuisse:
3201 1411 3398 1472 neque
3432 1393 3590 1455 hanc
3614 1410 3813 1454 meam

2152 1481 2495 1563 opinionem
2518 1482 2870 1545 obstinatius
2890 1482 3356 1559 defensurum,si
3389 1501 3520 1546 eam
3553 1481 3813 1545 eruditis

2153 1571 2495 1634 hominibus
2526 1590 2642 1633 non
2675 1572 2915 1654 probari
2943 1571 3295 1652 intelligam.

2155 1707 2322 1786 ξΧΙΙ.
2333 1710 2414 1771 De
2429 1713 2562 1772 lucu
2573 1709 2958 1774 oratiuncula
2973 1710 3236 1790 quadam
3250 1710 3323 1772 de
3336 1709 3559 1789 Spiritu
3572 1717 3807 1771 sancto.

2235 1848 2626 1929 76.Sequitur
2646 1857 2777 1928 post
2799 1849 3068 1928 quintum
3088 1849 3154 1909 in
3186 1849 3559 1910 Eunomith
3581 1845 3809 1909 librum

438 1933 621 1988 ratam
657 1930 1007 2009 promisisse
1034 1932 1326 2012 videatur,
1370 1945 1470 1998 aut
1516 1955 1635 1998 non
1668 1940 1970 2018 pertinent
1999 1939 2072 2001 ad
2157 1936 2672 2003 lucubratiuncula
2692 1939 2962 2018 quaedam
2987 1937 3059 1999 de
3084 1939 3312 2016 spiritu
3336 1943 3568 1998 sancto:
3601 1936 3678 1996 de
3696 1954 3814 2015 qua

435 2034 589 2108 rem,
624 2026 724 2079 aut
774 2039 1089 2100 perperam
1138 2033 1195 2086 et
1246 2034 1450 2087 contra
1489 2025 1779 2088 librorum
1810 2029 2076 2091 omnium
2157 2047 2314 2090 nunc
2349 2047 2513 2090 more
2543 2036 2745 2090 nostro
2778 2027 3085 2108 disputare
3115 2025 3503 2090 instituimus.
3539 2024 3813 2089 Libellus

434 2105 614 2198 fidem
629 2109 1141 2198 Aproferuntur.Ad
1165 2115 1422 2196 primitm
1453 2134 1641 2195 genus
1671 2126 1900 2198 spectat
1930 2119 2076 2180 illud
2158 2118 2259 2180 ille
2290 2137 2408 2179 non
2443 2123 2633 2196 magni
2692 2125 2784 2179 est
2833 2105 3117 2179 momenti
3147 2138 3162 2198 ;
3198 2135 3308 2178 nec
3342 2117 3592 2178 multum
3628 2114 3814 2176 refert

438 2196 726 2289 pavidis:
792 2202 1015 2280 Καρδίαν
1072 2206 1300 2283 καθαρὰν
1354 2208 1532 2264 κτίσον
1592 2208 1645 2263 ἐν
1677 2196 1814 2289 ἐξ).οὶ³
1851 2213 1877 2266 ὁ
1923 2211 2074 2273 Θεός.

443 2287 562 2347 Cor
602 2289 896 2353 mundum
924 2310 1059 2356 creo
1093 2295 1156 2355 in
1204 2313 1316 2370 me,
1378 2296 1544 2359 Deus
1571 2297 1657 2360 69.
1706 2287 1852 2360 Item
1881 2299 2025 2361 illud
2061 2319 2075 2362 :

440 2380 597 2433 Γενοῦ
645 2402 736 2453 μοι
789 2383 862 2445 εἷς
917 2385 1044 2439 Θεὸν
1123 2387 1541 2461 ὕπερασπιστήν.
1618 2389 1758 2451 Esto
1807 2389 1958 2452 mihi
2012 2393 2078 2453 in

446 2464 637 2529 Deum
657 2475 1058 2548 protectorem
1090 2476 1172 2534 70.
1207 2474 1353 2537 Illud
1407 2495 1643 2560 quoque
1677 2497 1692 2538 :
1728 2477 1946 2558 Ἐγένοδ
1992 2504 2081 2555 μοι

440 2559 512 2619 εἷς
543 2561 828 2638 σωτηρίαν.
866 2565 1083 2627 Factus
1113 2583 1172 2627 es
1217 2567 1370 2629 mihi
1409 2568 1476 2629 in
1529 2559 1792 2632 Salutem
1840 2570 1918 2630 Ἦ.
1953 2569 2081 2632 Uno

443 2646 922 2742 verbo,quisquis
936 2654 1144 2731 legerit
1155 2655 1336 2719 breve
1348 2657 1462 2720 hoc
1475 2658 1640 2740 quasi
1654 2659 2051 2740 fragmentum
2066 2710 2082 2742 ,

2163 2208 2259 2271 cui
2281 2208 2594 2283 tribuatur,
2629 2207 2873 2282 Basilio,
2905 2223 2979 2267 an
3010 2207 3193 2268 cuivis
3246 2206 3419 2268 alteri
3473 2204 3755 2285 scriptori
3794 2221 3806 2263 :

2161 2298 2440 2379 quoniam
2459 2306 2652 2360 tamen
2671 2296 2813 2358 mihi
2831 2315 2950 2356 non
2968 2295 3108 2358 licet
3131 2296 3452 2377 quidquam
3476 2293 3809 2376 praeterire,

2164 2388 2365 2468 paucis
2381 2386 2575 2448 dicam
2594 2386 2754 2468 quod
2772 2384 3269 2449 sentio.Arbitror
3286 2385 3466 2465 igitur
3487 2385 3600 2446 hoc
3627 2402 3807 2463 opus-

2163 2479 2358 2538 culum
2380 2476 2582 2539 Basilii
2612 2494 2731 2537 non
2762 2494 2894 2538 esse
2930 2499 2943 2533 :
2981 2475 3085 2538 sed
3109 2476 3280 2556 cujus
3302 2475 3398 2550 sit,
3421 2481 3582 2536 certo
3608 2473 3811 2535 dicere

2165 2586 2284 2628 non
2309 2565 2630 2646 queo.llihi
2668 2576 2866 2628 tamen
2889 2564 3212 2627 verisimile
3235 2565 3300 2626 ﬁt
3332 2563 3728 2645 compositum
3750 2562 3805 2622 id

2164 2656 2347 2717 fuisse
2371 2655 2444 2716 ab
2471 2656 2585 2717 hoc
2624 2657 2751 2736 ipso
2807 2654 3231 2735 scriptore,qui
3263 2653 3507 2716 ultimos
3539 2653 3695 2714 duos
3746 2653 3809 2712 in

442 2737 653 2830 inquo
683 2748 893 2803 auctor
915 2743 1119 2806 locum
1148 2737 1604 2810 Proverbiorum
1638 2737 1955 2830 explanare
1985 2737 2082 2811 in;
2167 2745 2744 2809 E-unomz’umlibros
2767 2743 3318 2825 edidit.thuidem
3350 2763 3472 2805 non
3493 2750 3656 2804 tanta
3671 2741 3804 2803 dili-

444 2827 1688 2920 stituerat,nequaquam,puto,iniiciabitur
1709 2827 1905 2919 ipsum
1928 2859 2086 2920 saepe
2167 2838 2363 2914 gentia
2404 2835 2663 2917 scriptus
2691 2842 2783 2897 est
2813 2833 2906 2896 bic
2965 2833 3226 2909 libellus,
3263 2842 3324 2895 ut
3354 2831 3567 2894 Basilio
3599 2834 3807 2910 Magno

443 2917 675 2997 quidvis
704 2921 902 3000 potius
921 2922 1162 3002 fecisse,
1190 2944 1367 3007 quam
1414 2928 1572 3005 quod
1599 2917 1941 2991 faciendum
1974 2917 2087 2991 sibi
2169 2925 2354 2988 tribui
2371 2927 2508 3005 jure
2527 2925 2710 3006 possit
2743 2945 2758 2986 :
2784 2924 2904 2986 imo
2924 2924 3118 3005 potius
3138 2924 3504 3004 compositus
3534 2931 3625 2984 est
3649 2922 3807 2984 indi-

447 3021 855 3099 proposuerat.
882 3011 971 3074 Ad
995 3015 1326 3077 secundum
1371 3035 1558 3094 genus
1581 3017 1791 3079 referri
1815 3037 1985 3099 posse
2006 3020 2089 3079 vi-
2108 3087 2144 3099 Α
2169 3016 2410 3096 ligentia
2425 3016 2717 3096 ea,quaein
2733 3033 2868 3076 eum
2885 3033 3060 3095 quem
3079 3013 3202 3075 dixi
3217 3014 3571 3094 scriptorem
3586 3014 3806 3093 optime

445 3096 621 3159 detur
648 3097 850 3163 illud:
910 3103 1192 3172 Ἐποίησεν
1249 3087 1402 3169 uici);
1445 3108 1536 3164 καὶ
1563 3087 1876 3183 Ουγνατὲρας.
1927 3112 2082 3170 Fecit

2169 3087 2688 3179 adnveniatﬂuod
2720 3087 2922 3167 autem
2951 3103 3098 3185 dixi,
3130 3103 3318 3165 videri
3342 3087 3501 3165 banc
3526 3087 3808 3164 lucubra-

444 3188 610 3260 ﬁlios
639 3194 695 3249 et
729 3188 912 3268 ﬁlias.
945 3190 1093 3252 Nam
1135 3192 1196 3253 in
1246 3193 1397 3257 Gen.
1429 3213 1558 3274 cap.
1592 3212 1631 3257 v
1659 3214 1777 3256 non
1808 3214 1942 3259 raro
1971 3196 2089 3276 legi
2174 3196 2493 3258 tiunculam
2538 3195 2611 3258 ab
2639 3195 2852 3258 eodem
2910 3194 3201 3275 scriptore
3231 3193 3451 3256 editam
3480 3192 3690 3272 fuisse,
3716 3189 3812 3272 qui

445 3276 894 3367 b‘yévvnasviuiobc
924 3283 1013 3337 καὶ
1042 3285 1354 3363 Θυγατέρας,
1392 3309 1421 3340 α
1474 3283 1692 3347 Genuit
1725 3285 1874 3347 ﬁlios
1906 3295 1964 3348 et
2012 3287 2082 3348 ﬁ-

2171 3293 2505 3367 postremos
2519 3285 2668 3347 duos
2683 3287 2750 3348 in
2768 3284 3142 3347 Eunomium
3157 3283 3342 3345 libros
3361 3281 3639 3361 vulgavit,
3664 3281 3718 3343 id
3746 3298 3813 3341 ex

447 3363 580 3445 lias,
616 3389 643 3421 n
671 3366 794 3428 scio
819 3369 1058 3447 quidem
1093 3391 1109 3432 :
1147 3373 1255 3434 sed
1287 3373 1388 3435 ubi
1420 3375 2083 3454 scriptuminveniatur,
2171 3363 2326 3436 notis
2349 3383 2526 3456 patet.
2573 3376 2639 3436 In
2684 3375 2778 3436 his
2809 3373 2967 3436 enim
3017 3372 3357 3434 monuimus
3388 3372 3596 3433 ultima
3627 3368 3814 3452 quinti

448 3457 697 3546 Ennius-sv
725 3458 864 3522 υἱοὺς
893 3463 980 3516 καὶ
1010 3463 1319 3542 θυγατέρας,
1362 3463 1561 3526 «Fecit
1581 3464 1734 3526 filios
1766 3473 1823 3526 et
1849 3465 2024 3536 filias,
2053 3491 2080 3522 n

2173 3465 2306 3528 libri
2330 3466 2509 3528 verba
2525 3484 2661 3527 cum
2685 3465 2894 3546 primis
2908 3467 3007 3546 buj
3019 3483 3085 3527 us
3129 3461 3668 3526 lucubratiunculas
3698 3477 3815 3522 ver-

447 3545 674 3608 nescio.
711 3548 982 3610 Fortasse
1005 3551 1263 3631 scriptor
1294 3553 1514 3633 putavit
1545 3555 1749 3632 legere
1787 3554 1900 3616 sibi
1935 3555 2088 3617 lice-
2174 3555 2264 3616 bis
2295 3557 2375 3616 ita
2405 3556 2464 3617 in
2494 3545 2794 3618 veteribus
2823 3545 3180 3635 quibusdam
3207 3552 3378 3615 libris
3401 3552 3558 3614 inter
3577 3569 3646 3612 se
3669 3569 3809 3613 con-

447 3652 536 3708 re,
562 3636 808 3725 ἐποίησεν
832 3640 969 3706 υἱοὺς
1001 3642 1086 3697 καὶ
1129 3645 1437 3723 Θυγατέρας,
1473 3643 1631 3724 quod
1665 3644 1748 3705 ita
1777 3645 1910 3723 ejus
1944 3662 2082 3725 pro-

2168 3645 2362 3725 jungi,
2394 3654 2456 3706 ut
2487 3644 2768 3706 continua
2791 3644 3059 3705 oratione
3092 3644 3266 3724 plane
3292 3644 3566 3721 legantur
3599 3656 3613 3702 :
3660 3638 3810 3720 quod

447 3724 702 3815 positum
737 3729 1077 3807 postularet:
1114 3732 1219 3792 sed
1254 3733 1366 3795 hoc
1392 3733 1447 3795 ei
1481 3735 1610 3815 quis
1635 3734 1900 3798 dederit?
1917 3724 2090 3814 Ejus-
2172 3724 2334 3796 certe
2356 3734 2573 3796 indicio
2592 3741 2681 3796 est
2699 3733 3452 3796 hanclucubratiunculam
3477 3728 3630 3792 nihil
3656 3729 3810 3791 aliud

449 3813 586 3878 dem
616 3817 852 3896 generis
880 3828 1016 3880 sunt
1050 3830 1108 3882 et
1138 3821 1236 3883 illa
1283 3823 1368 3904 (p.
1419 3813 1560 3905 293)
1600 3845 1613 3888 :
1671 3825 1892 3904 Λέγεται
1918 3813 1974 3880 δὲ
2002 3828 2089 3882 καὶ
2173 3841 2324 3899 esse,
2363 3825 2480 3885 nisi
2510 3823 2700 3905 quinti
2734 3824 2870 3887 libri
2894 3824 3195 3905 epilogum
3229 3823 3306 3885 ab
3337 3841 3455 3885 uno
3503 3827 3561 3882 et
3601 3819 3808 3880 eodem

451 3908 531 3964 ἐπὶ
566 3909 900 3986 γεννήματος
957 3912 1153 3987 κτίσμα
1211 3917 1298 3969 καὶ
1346 3916 1580 3993 ποίημα,
1625 3917 1698 3980 ὡς
1728 3915 1787 3971 τό
1822 3932 1838 3946 ·
1903 3914 2082 3971 Ἐκτι-

2171 3921 2411 3975 auctore
2426 3913 2854 3995 conscriptum.
2879 3912 2948 3976 Et
2962 3914 3074 3977 hoc
3087 3913 3227 3974 inde
3242 3908 3582 3974 confirmari
3597 3916 3807 3987 potest,

450 3996 628 4072 σάμην
660 3997 929 4077 ἄνθρωπον
973 4000 1056 4056 διὰ
1085 4012 1178 4058 τού
1205 4011 1355 4062 Θεοῦ.
1402 4003 1592 4076 «Quin
1625 4012 1683 4064 et
1715 4002 1983 4083 genitura
2007 4003 2082 4063 di-

2174 4003 2330 4084 quod
2375 4003 2435 4064 in
2461 4002 2683 4064 ultimis
2732 4002 2965 4065 duobus
3005 4005 3075 4065 in
3108 4003 3476 4065 Eunomium
3517 3999 3710 4077 libris,
3735 3997 3811 4058 ita

453 4086 606 4147 citur
634 4096 906 4150 creatura
934 4098 990 4151 et
1014 4089 1338 4168 factura,ut
1369 4093 1757 4173 illud,Creavi
1784 4091 2090 4154 hominem
2175 4101 2233 4157 et
2257 4093 2315 4153 in
2347 4093 2448 4154 illo
2481 4109 2716 4173 quoque
2756 4093 3039 4173 opusculo
3084 4092 3340 4173 Spiritus
3366 4101 3604 4153 sanctus
3652 4092 3810 4152 Deus

455 4194 561 4257 per
591 4176 804 4239 Deum.
846 4203 869 4238 ν
897 4179 1072 4253 Satis,
1104 4180 1335 4261 opinor,
1375 4200 1584 4244 omnes
1626 4191 1983 4245 noruntnon
2012 4181 2093 4242 ita
2175 4189 2435 4248 vocetur.
2482 4183 2610 4256 Qua
2634 4189 2832 4243 autem
2879 4181 3191 4261 diligentia
3234 4180 3490 4262 scriptus
3520 4182 3596 4242 sit
3616 4181 3714 4242 hic
3735 4177 3809 4238 li-

457 4266 573 4345 legi
602 4270 752 4332 Gen.
779 4285 859 4342 ιν,
899 4274 956 4342 1,
988 4270 1232 4332 «Creavi
1257 4271 1560 4334 hominem
1583 4290 1688 4352 per
1709 4275 1960 4334 Deum»
1984 4271 2089 4332 sed
2175 4270 2390 4350 bellus,
2425 4272 2550 4352 jam
2576 4271 2905 4335 videamus.
2941 4270 3054 4334 Ubi
3105 4278 3309 4332 auctor
3339 4270 3412 4331 de
3444 4271 3642 4331 anima
3674 4283 3812 4351 pura

453 4361 654 4418 tamen
682 4376 807 4419 rem
845 4359 1016 4438 paulo
1045 4358 1385 4438 diligentius
1410 4360 1781 4424 considerari
1804 4359 2082 4422 volo.Hoc

2178 4362 2461 4443 loquitur,
2519 4361 2603 4422 ita
2653 4361 2939 4441 scripsit:
2990 4362 3226 4441 Προσίτω
3269 4360 3324 4416 δὲ
3367 4362 3560 4441 ἡσύχῳ
3607 4366 3676 4438 τῇ
3717 4378 3816 4414 κα-

449 4444 629 4523 igitur
685 4446 826 4510 dicit
877 4450 1154 4529 scriptor,
1213 4449 1548 4529 genituram
1605 4451 1805 4512 vocari
1833 4468 2006 4531 posse
2038 4458 2097 4512 et

456 4559 477 4586 ο
521 4543 854 4599 creaturam
888 4538 1173 4600 facturam
1211 4557 1224 4603 :
1260 4564 1284 4595 »
1323 4541 1479 4620 quod
1513 4548 1576 4601 ut
1630 4539 1862 4621 probet,
1898 4539 2094 4601 locum

455 4622 758 4687 Geneseos
782 4645 1166 4710 corrumpere
1208 4629 1430 4691 veritus
1462 4647 1579 4690 non
1612 4637 1722 4691 est.
1777 4628 1949 4690 Enim
1963 4647 2094 4691 vero

461 4716 724 4796 nequein
742 4716 1175 4799 Bibliis,neque
1195 4717 1255 4779 in
1274 4719 1428 4780 notis
1445 4717 1892 4798 Nobilii,neque
1911 4720 1967 4780 in
1983 4717 2097 4779 He-

457 4806 870 4888 xaplis,neque
897 4808 955 4867 in
987 4807 1120 4872 aliis
1144 4826 1275 4889 quae
1303 4808 1504 4870 videre
1535 4807 1702 4870 licuit
1733 4808 2095 4889 exemplari—

458 4897 570 4959 bus
587 4899 1222 4979 usquamlegiturGen.
1246 4901 1716 4980 ιν,1,ἐκτισάίμην,
1755 4900 2024 4964 (creavi:
2065 4926 2090 4960 ι

458 4987 562 5048 sed
579 4987 802 5068 ubique
818 5008 1026 5069 magno
1042 4989 1332 5051 librorum
1351 4991 1508 5052 inter
1532 5009 1596 5053 se
1616 5007 1914 5052 consensu
1943 4989 2093 5068 legi-

455 5086 550 5139 tur
575 5078 946 5160 Ἐκτησάμην,
976 5079 1246 5144 Possedi.
1285 5079 1417 5145 Jam
1444 5082 1758 5143 audiamus
1787 5080 2096 5157 Basilium,

461 5168 566 5245 qui
597 5169 711 5230 hoc
756 5167 885 5251 ipso
917 5169 1236 5249 Scripturae
1265 5170 1605 5234 testimonio
1650 5169 1997 5234 fidelissime
2028 5170 2099 5233 ad

462 5257 920 5340 institutumque
957 5261 1572 5323 accommodatissima
1599 5279 1740 5323 usus
1775 5267 1865 5322 est
1893 5260 1998 5322 lib.
2032 5277 2100 5337 ιι,

459 5367 626 5411 num.
693 5349 800 5412 20.
874 5347 973 5412 Sic
1027 5357 1224 5411 autem
1286 5349 1600 5431 loquitur:
1656 5353 1715 5410 '0
1771 5351 1869 5429 γὰρ
1915 5351 2100 5424 εἰπὼν,

2178 4455 2451 4515 ταστᾶσει.
2492 4452 2750 4534 ’Ἢσυχον
2781 4451 2835 4508 δὲ
2885 4455 3050 4520 αὒτῆς
3104 4451 3267 4533 ἔστω,
3319 4453 3395 4529 μὴ
3428 4453 3589 4528 μόνον
3617 4453 3679 4508 τὸ
3718 4469 3815 4505 πε-

2179 4544 2473 4623 ρικείμενον
2527 4550 2705 4619 σῶμα,
2749 4544 2834 4598 καὶ
2880 4545 2906 4598 ὁ
2938 4551 3029 4601 τοῦ
3080 4543 3327 4617 σώματος
3386 4539 3626 4598 κλύδων·
3689 4537 3818 4595 ἀλλὰ

2180 4635 2267 4690 καὶ
2324 4640 2427 4690 πᾶν
2472 4634 2533 4689 τὸ
2573 4632 2824 4712 περιέχον
2851 4646 2864 4661 ⁶
2921 4633 3163 4708 οὐρανὸς,
3218 4636 3312 4709 γῆ,
3351 4629 3611 4702 Θάλασσα,
3645 4629 3730 4684 καὶ
3759 4625 3818 4681 τὰ

2179 4723 2234 4778 ἐν
2266 4724 2472 4787 τούτοις
2503 4721 2720 4800 λογικά.
2758 4720 3060 4782 «Accedat
3083 4729 3282 4782 autem
3303 4718 3626 4800 tranquillo
3647 4723 3814 4778 statu.

2180 4810 2303 4873 Nec
2321 4811 2510 4874 solum
2534 4829 2750 4891 corpus
2769 4812 2894 4888 ejus
2919 4810 3373 4888 circumjacens,
3401 4816 3462 4870 et
3479 4815 3656 4870 aestus
3686 4821 3815 4870 cor-

2183 4902 2342 4982 poris
2365 4900 2689 4980 tranquilla
2710 4899 2830 4962 sint
2856 4920 2870 4960 :
2898 4899 3007 4961 sed
3034 4898 3209 4961 etiam
3233 4897 3525 4979 quidquid
3551 4895 3736 4959 ambit
3764 4898 3819 4954 et

2183 4990 2713 5071 circumplectitur,
2747 4989 2964 5052 coelum
2996 4987 3292 5063 videlicet,
3340 4995 3523 5061 terra,
3551 5002 3730 5061 mare,
3761 4987 3814 5071 et

2185 5098 2314 5160 quae
2344 5070 2510 5142 iniis
2539 5085 2678 5142 sunt
2724 5077 3062 5143 rationalia.
3091 5101 3119 5132 ι)
3173 5076 3351 5150 Quasi
3381 5092 3523 5138 vero
3554 5081 3727 5137 situm
3756 5070 3814 5160 in

2182 5158 2357 5232 nobis
2378 5177 2557 5251 esset,
2591 5177 2654 5231 ut
2687 5170 2898 5233 caelum
2937 5176 3211 5248 terraque
3239 5175 3296 5228 et
3322 5183 3485 5228 mare
3507 5158 3809 5244 tranquilla

2183 5259 2575 5334 forent.Quod
2599 5259 2973 5342 sequitur,ita
3005 5256 3327 5319 obscurum
3357 5264 3469 5332 est,
3504 5262 3571 5316 ut
3600 5253 3808 5342 doctisv

2186 5350 2323 5411 simi
2353 5349 2469 5412 duo
2499 5350 2611 5413 viri
2627 5341 3055 5432 Trapezuntius
3076 5354 3134 5409 et
3155 5343 3550 5409 Combeﬁsius
3567 5341 3811 5432 θούρῳ-ξ

463 5440 819 5517 Ἐκτησάμην
877 5439 1149 5517 ἄνθρωπον
1207 5439 1291 5495 διὰ
1346 5441 1438 5497 τοῦ
1496 5448 1648 5521 Θεοῦ,
1728 5441 1849 5521 οὐχὶ
1921 5442 2082 5496 κτίσα

2186 5439 2269 5502 ris
2300 5448 2654 5504 sententiam
2687 5426 2803 5503 nun
2836 5437 3097 5501 assecuti
3125 5435 3314 5499 fuisse
3365 5432 3694 5496 videantur.
3722 5426 3812 5521 Est

462 5534 552 5588 τὸν
586 5515 744 5613 Κάϊν³
776 5528 915 5587 ἀλλὰ
961 5515 1245 5611 γεννήσας,
1311 5532 1476 5609 ταύτῃ
1534 5515 1770 5612 φαίνεται
1795 5515 2106 5611 ⁷χρησάμεη
2189 5537 2388 5594 autem
2419 5530 2713 5611 ejusmodi
2751 5551 2764 5592 :
2807 5532 2900 5592 Καὶ
2933 5535 3077 5587 πᾶσα
3105 5528 3398 5590 ὑπόστασις
3441 5523 3677 5594 δικαίων)
3734 5515 3815 5574 καὶ

541 5691 607 5743 69
634 5690 788 5755 Psal.
823 5707 883 5769 ι,
914 5693 1010 5754 l2.
1099 5691 1161 5743 70
1193 5690 1345 5756 Psnl.
1380 5709 1516 5768 xxx,
1555 5690 1612 5755 3.

1700 5691 1747 5736 ⁷¹
1782 5691 1940 5755 Psal.
1973 5707 2153 5768 cxvu,
2178 5690 2277 5752 2i.
