4132 6204
470 328 733 378 ccum
1881 313 2466 377 PROLEGOMENA.

463 453 801 505 Accesserant
849 449 904 502 ad
955 448 1099 504 Fabri
1155 448 1308 501 nostri
1362 445 1650 517 aequissima
1698 449 1927 502 mandata
1987 448 2178 505 Nieolai
2225 448 2432 512 Beraldi,
2484 447 2702 503 hominis
2747 461 2945 502 summa
2983 461 3096 500 cum
3141 443 3348 499 scientia
3388 450 3494 517 tum
3537 446 3837 517 eloquentia

463 520 675 592 praediti,
718 535 769 573 et
809 519 1188 590 magniﬁcentiae
1228 527 1331 573 tua:
1395 515 1662 592 ut_alac_ris
1699 517 1766 572 ita
1806 520 2042 574 indefessi
2107 519 2499 582 buccinnatoris,
2559 517 3272 592 exhortationesineutiquam
3331 515 3584 592 vulgares,
3634 515 3840 592 quibus

462 587 591 662 quod
633 601 782 644 antea
833 587 1134 646 subverebar
1171 595 1325 662 (nam_
1351 588 1509 662 ne‘de
1566 588 1687 662 facie
1730 592 1924 656 quidem
1971 600 2145 644 notum
2188 593 2382 660 opinor)
2423 594 2606 645 audere
2643 591 2898 662 coeperim.
2944 589 3073 644 Boni
3129 589 3296 662 itaque
3333 587 3589 662 consules,
3646 587 3841 662 praesui

463 659 846 722 humanissime,
906 670 953 715 et
1012 662 1160 733 hujus
1199 659 1648 733 lucubratiunculas
1702 671 1886 733 nostra)
1938 659 2231 717 dulcissimo
2287 663 2513 733 praesidio
2577 670 2662 715 tuo
2718 659 2890 714 dicatae
2945 659 3324 733 protectioiiem,
3362 673 3492 733 _cuni
3532 661 3594 714 ob
3650 659 3842 733 Basiiii

463 733 826 803 excellentiam,
871 742 973 787 tum
1020 728 1091 786 ob'
1124 730 1720 803 utroriimqueietfabij
1749 742 1797 786 et
1839 733 2032 788 Beraldi
2071 728 2355 789 nostrorum
2387 733 2630 789 desideria
2664 748 2762 787 non
2793 728 3144 801 aspernabere.
3184 730 3314 784 Vale.
3360 728 3418 784 E.
3450 730 3842 803 chalcographia

465 815 638 860 nostra
674 802 734 858 ad
776 804 858 860 XV
898 805 1102 859 Kalend.
1150 801 1384 858 Decemb.
1427 802 1493 855 M.
1537 801 1601 857 D.
1677 801 1785 857 XX.

1452 1099 1850 1162 PR/EFATIO
1896 1097 2284 1161 EDITIONIS
2328 1096 2863 1159 HAGANOENSIS

1969 1258 2111 1313 Anni
2155 1254 2314 1312 1528.

568 1409 889 1467 Clarissima
931 1408 1049 1464 viro
1092 1407 1305 1463 Domino
1347 1407 1618 1465 Bilibaldo
1657 1407 2098 1480 Pyrckheimero,
2147 1405 2379 1462 Patriti'o
2418 1403 2854 1477 Norinbergenst',
2932 1407 3242 1464 Vincentius
3283 1406 3566 1480 Obsopaus
3605 1408 3720 1464 Sal.

539 1580 664 1636 Cum
724 1594 882 1648 nuper
938 1577 1302 1646 inspiciendum
1358 1578 1475 1631 mihi
1526 1578 1791 1633 obtulisset
1850 1595 1910 1631 ex
1950 1576 2248 1632 bibliotheca
2299 1584 2406 1649 tua,
2452 1576 2692 1633 Bilibalde
2745 1579 2970 1642 clariss,
3034 1578 3282 1649 Georgius
3339 1578 3550 1634 Leutius
3607 1579 3837 1634 codicem

469 1651 818 1720 epistolarumﬂ
851 1649 1020 1703 Basilii
1081 1659 1131 1702 et
1189 1649 1430 1719 Gregorii,
1483 1665 1627 1718 quem
1665 1666 1779 1704 cum
1838 1649 1898 1703 ob
1937 1650 2214 1702 litterarum
2267 1648 2603 1720 characteras,
2668 1656 2771 1703 tum
2816 1651 2878 1703 ob
2935 1648 3238 1706 vetustatem
3281 1649 3605 1704 vehementer
3663 1649 3842 1704 videre

465 1718 745 1792 cupiebam.
790 1719 878 1774 Est
917 1721 1071 1792 enim,
1121 1728 1172 1771 ut
1218 1718 1336 1774 mihi
1375 1723 1710 1791 conjecturam
1754 1721 1948 1775 facienti
1991 1720 2150 1772 visum
2193 1729 2288 1792 est,
2318 1728 2433 1792 ante
2464 1718 2708 1773 ducentos
2761 1731 2844 1774 aut
2883 1722 3105 1792 amplius
3140 1737 3300 1776 annos
3335 1720 3637 1789 descriptus,
3679 1724 3841 1792 inque

465 1790 598 1862 regis
635 1792 868 1862 Ungarize
908 1791 1255 1862 bibliothecam
1297 1790 1562 1861 repositus.
1611 1792 1666 1847 in
1708 1809 1765 1847 eo
1805 1808 1920 1862 ergo
1959 1808 2069 1844 cuni
2126 1790 2412 1845 avidissime
2453 1807 2694 1853 versarer,
2743 1792 2870 1861 (εωρὶ
2910 1790 3149 1862 epistolas
3187 1807 3385 1862 quoque
3436 1791 3622 1862 aliquot
3663 1790 3840 1846 excu-

465 1861 586 1927 tere,
634 1861 744 1934 quae
783 1863 938 1933 prima
979 1861 1145 1915 statim
1185 1863 1531 1934 degustatione
1571 1868 1832 1932 (quantum
1871 1862 2070 1933 quidem
2110 1878 2203 1916 nos
2248 1863 2296 1916 in
2338 1862 2515 1916 litteris
2552 1862 2743 1917 Graecis
2800 1861 2950 1932 palati
2993 1861 3254 1929 habemus)
3298 1861 3365 1917 ita
3405 1861 3529 1916 mihi
3563 1874 3837 1934 coeperunt

464 1933 699 1997 arridere,
763 1941 818 1988 ut
853 1950 1085 1996 magnum
1154 1933 1293 1986 nefas
1354 1934 1604 1999 ducerem,
1666 1942 1862 1990 tantum
1916 1941 1961 1986 et
2001 1941 2121 2005 tam
2180 1934 2426 2005 insignem
2486 1934 2974 2005 elegantissiniarum
3015 1935 3335 2005 epistularum
3401 1938 3688 1989 thesaurum
3759 1937 3837 1990 ita

464 2006 715 2060 defossum
755 2021 888 2069 esse,
929 2020 986 2058 ac
1028 2021 1123 2057 non
1161 2005 1387 2058 omnium
1431 2005 1593 2071 potius
1657 2006 1766 2059 usui
1809 2017 1858 2057 et
1901 2004 2097 2058 lectioni
2156 2004 2356 2058 obvium
2403 2012 2450 2056 et
2489 2004 2794 2073 eXpositum.
2858 2003 2954 2059 Sed
3012 2003 3144 2059 enim
3201 2021 3314 2060 cuin
3369 2005 3830 2062 aniuiadverterem

468 2077 617 2150 hujus
669 2085 768 2129 tam
824 2077 919 2128 rari
979 2075 1423 2150 codicispretium
1486 2078 1624 2150 nulla
1675 2087 1755 2150 tua
1818 2075 2237 2150 invidia-premi,
2295 2091 2408 2150 cum
2439 2075 2562 2150 alias
2621 2083 2723 2132 tute
2768 2077 3182 2150 _instructissimae
3223 2076 3545 2150 bibliothecae
3567 2076 3835 2150 utriusque

467 2145 651 2218 linguae
713 2155 939 2200 auctores
994 2146 1235 2201 studiosis
1288 2164 1317 2199 a
1373 2154 1419 2198 te
1476 2147 1836 2218 ﬂagitantibus,
1893 2145 2157 2201 candidiss.
2219 2154 2267 2200 et
2323 2147 2569 2201 libentiss.
2623 2148 2842 2218 utendos
2890 2149 3005 2201 dare
3065 2151 3246 2211 soleas,
3310 2147 3393 2202 sed
3449 2149 3614 2217 potius
3663 2145 3830 2204 libia-

468 2217 796 2289 rii’penuria
849 2219 1090 2272 hactenus
1152 2221 1201 2271 in
1264 2218 1476 2271 obscuro
1540 2217 1819 2281 delituisse,
1871 2234 1995 2289 οωρι
2055 2226 2100 2270 te
2169 2233 2254 2287 per
2307 2219 2559 2273 Andream
2622 2217 2892 2274 Rutellium
2966 2219 3255 2273 fimiliarein
3313 2229 3452 2273 tuum
3511 2220 3834 2289 interpellate

469 2292 551 2358 (ne
601 2290 719 2360 quid
785 2290 834 2342 in
898 2289 1050 2343 rebus
1105 2289 1206 2343 tuis
1278 2297 1324 2342 te
1389 2289 1544 2344 invito
1598 2300 1645 2343 et
1715 2290 1880 2344 nescio
1947 2289 2160 2342 facerem
2217 2297 2304 2342 aut
2367 2293 2658 2357 statuerem)
2734 2307 2812 2344 ine
2857 2290 3167 2345 describendi
3225 2289 3444 2345 laborem
3501 2298 3568 2344 et
3622 2290 3831 2346 taedium

468 2361 638 2416 libenti
698 2360 869 2415 animo
924 2361 1183 2431 suscipere
1244 2369 1294 2414 et
1358 2363 1592 2416 devorare
1644 2361 1784 2426 velle,
1822 2360 1983 2431 inodo
2021 2375 2166 2431 meai
2199 2360 2440 2418 voluntah'
2503 2369 2622 2431 tuus
2677 2377 2920 2416 assensus
2945 2377 3043 2415 non
3101 2362 3392 2431 refragetur.
3456 2360 3532 2415 ibi
3592 2369 3644 2416 tu
3700 2363 3828 2417 nihil

469 2441 753 2492 cunctatus.
832 2429 1188 2501 perliberaliter
1259 2432 1581 2554 respondisti,
1640 2447 1837 2486 summe
1899 2430 1986 2485 tibi
2068 2429 2261 2500 probari
2329 2439 2556 2485 nostrum
2614 2430 2920 2488 institutum.
2993 2439 3143 2502 atque
3209 2429 3264 2487 ut
3326 2441 3543 2503 coeptum
3606 2432 3828 2488 laborem

475 2511 680 2554 strenue
753 2518 996 2554 ureerem.
1073 2503 1229 2554 amice
1282 2520 1339 2554 co
1379 2511 1570 2554 ortatus
1637 2520 1710 2554 es.
1770 2504 1940 2554 ltaoue
1996 2517 2092 2554 eao
2156 2506 2247 2554 hoc
2303 2510 2388 2554 tuo
2443 2510 2542 2554 tam
2601 2502 2789 2554 liberali
2857 2519 3097 2554 resnonso
3167 2519 3278 2554 sum
3336 2519 3434 2554 non
3513 2505 3828 2554 mediocriter

475 2511 680 2558 strenue
753 2518 996 2572 urgerem,
1073 2503 1229 2556 amice
1282 2502 1570 2557 cohortatus
1637 2520 1710 2557 es.
1770 2504 1940 2572 Itaque
1996 2517 2092 2572 ego
2156 2506 2247 2556 hoc
2303 2510 2388 2555 tuo
2443 2510 2542 2556 tam
2601 2502 2789 2557 liberali
2857 2519 3097 2572 responso
3167 2519 3278 2557 sum
3336 2502 3434 2556 non
3513 2505 3830 2559 mediocriter

467 2583 664 2628 erectus
721 2581 771 2627 et
823 2571 1145 2635 exhilaratus,
1213 2583 1413 2644 tuaeque
1461 2573 1790 2628 cohortationi
1853 2571 1948 2627 non
2015 2571 2260 2627 iilibenter
2333 2573 2623 2636 obsecutus,
2686 2591 2770 2628 eas
2824 2575 2898 2627 vel
2947 2571 3042 2628 hoc
3099 2575 3299 2628 nomine
3346 2575 3630 2644 diligentius
3684 2586 3829 2630 tran-

466 2647 685 2716 scrispsi,
753 2645 926 2715 partim
985 2647 1113 2715 quod
1165 2655 1310 2699 antea
1368 2661 1641 2716 numquam
1678 2645 1835 2700 editas
1864 2645 2205 2713 compererim.
2268 2645 2444 2714 partim
2511 2649 2639 2715 quod
2683 2660 2932 2716 sperarem
2980 2645 3220 2700 studiosis
3278 2655 3328 2700 et
3384 2645 3605 2700 candidis
3661 2648 3823 2702 lecto-

466 2717 606 2771 ribus
663 2732 744 2770 me
801 2733 901 2788 non
962 2718 1228 2787 vulgariter
1264 2717 1680 2788 gratiﬁcaturum,
1741 2719 1781 2770 si
1840 2724 2012 2788 nostra
2063 2732 2248 2788 ropera‘
2281 2716 2404 2788 tanti
2469 2732 2527 2788 ac
2586 2725 2686 2788 tam
2737 2718 2832 2770 rari
2883 2717 3112 2788 thesauri
3174 2717 3470 2788 potirentur.
3524 2717 3826 2772 Promiserat

467 2789 666 2858 quidem
751 2786 909 2859 Aldus
988 2785 1068 2842 ille
1122 2785 1305 2859 Optime
1392 2787 1450 2840 de
1507 2789 1683 2843 litteris
1758 2787 1965 2842 meritus
1999 2828 2011 2850 ,
2059 2785 2114 2840 iii
2163 2785 2402 2859 Epistolio
2473 2786 2812 2859 adﬂCodrum
2863 2787 3101 2859 AUrceum
3136 2785 3343 2859 {quod
3419 2789 3636 2843 secundo
3704 2789 3827 2844 libro

469 2857 755 2914 Grecarum
803 2858 1120 2928 epistolarum
1156 2857 1438 2928 praeﬁxum
1495 2868 1593 2922 est,
1647 2875 1732 2913 eas
1770 2859 2032 2929 aliquando
2094 2874 2162 2930 se
2208 2857 2477 2930 editurum.
2526 2858 2735 2930 Verum,
2791 2857 2906 2930 quid
2961 2860 3074 2929 ejus
3144 2857 3448 2914 voluntatem
3506 2859 3570 2913 ab
3628 2861 3829 2916 edendo

467 2932 756 2995 retraxerit,
806 2927 978 2998 parum
1038 2927 1344 2998 compertum
1401 2929 1577 2984 habeo.
1634 2927 1865 2986 Paucas‘
1907 2931 2082 2983 saltem
2140 2927 2306 2983 Basilii
2354 2930 2412 2983 ad
2486 2929 2742 2983 Libanium
2804 2927 3096 3000 sopliist‘am,
3168 2937 3217 2983 et
3261 2930 3388 2984 alios
3451 2932 3721 2986 nonnullos
3774 2933 3825 2986 in

473 3002 692 3056 secundo
767 3001 1017 3055 volumine
1071 3001 1242 3061 edidit,
1305 3017 1578 3073 qiiasnos
1655 3006 1702 3054 in
1765 3002 1858 3055 hoc
1947 3000 2114 3054 libello
2172 3002 2424 3073 consulto”
2481 3001 2914 3069 praetermisimus.
2990 3001 3141 3055 Porro
3207 3010 3396 3065 autem,
3450 3003 3533 3072 qui
3605 3002 3826 3073 aliquem

472 3074 686 3126 fructum
745 3073 918 3126 harum
977 3073 1302 3141 epistolarum
1360 3072 1572 3126 lectione
1627 3081 2017 3143 consequentur,
2078 3072 2309 3143 eumdem
2377 3072 2465 3126 tibi
2514 3073 2630 3141 jure
2684 3073 2877 3143 optimo
2943 3085 3198 3143 acceptum
3259 3073 3516 3128 ferendum
3567 3072 3824 3139 existimo,

471 3143 647 3198 deinde
708 3160 804 3196 non
880 3143 1118 3198 minorem
1176 3143 1383 3213 gratiam
1435 3144 1614 3198 Joanni
1675 3142 1875 3200 Sece’rio
1918 3142 2251 3198 solertissimo
2320 3143 2626 3214 typoprapho
2674 3142 2994 3214 habendam,
3063 3142 3290 3214 pr0ptera
3367 3144 3497 3214 quod
3554 3145 3662 3198 illas
3740 3152 3829 3200 tua

471 3215 770 3286 humanitas
818 3231 915 3268 non
984 3214 1223 3283 gravatim
1288 3215 1644 3286 exscribendas
1709 3215 1932 3280 dederit,
1985 3222 2034 3266 et
2079 3215 2160 3268 ille
2216 3213 2414 3286 easdem
2445 3213 2456 3286 ί
2492 3215 2625 3286 suis
2670 3213 2911 3286 impensis
2987 3223 3036 3268 et
3065 3213 3346 3271 laboribus
3385 3213 3508 3269 non
3580 3232 3824 3286 parcens,

472 3284 857 3358 diligentissime
915 3302 1128 3358 excusas
1185 3285 1535 3358 invulgaverit.
1588 3285 1758 3355 Neque
1806 3287 1939 3358 enim
1997 3287 2248 3358 vulgarem
2301 3284 2362 3338 de
2431 3285 2693 3358 litteratio
2725 3285 2952 3355 profectu
3008 3285 3081 3358 illi
3142 3294 3397 3341 merentur
3451 3284 3683 3358 gratiam,
3739 3290 3826 3358 qui

472 3302 857 3356 aiiigeniisSIme
915 3302 1128 3339 excusas
1185 3302 1535 3355 invulgaverit.
1588 3302 1758 3355 neque
1806 3302 1939 3340 enim
1997 3302 2076 3339 vui
2113 3302 2248 3338 arem
2301 3302 2362 3338 oe
2431 3302 2664 3339 iiiieraiio
2725 3302 2952 3355 proreciu
3008 3302 3078 3340 iiii
3142 3302 3397 3341 merentur
3451 3302 3683 3358 gratiam,
3739 3304 3826 3358 qui

472 3357 520 3411 id
573 3372 736 3427 genus
799 3365 1027 3410 auctores
1079 3357 1130 3410 in
1190 3358 1351 3410 lucem
1408 3357 1560 3411 edunt
1612 3366 1661 3410 et
1707 3357 2004 3427 procudunt.
2078 3302 2187 3423 sua
2238 3356 2288 3410 in
2345 3371 2398 3410 re
2455 3363 2504 3409 et
2567 3362 2634 3417 te,
2679 3357 2783 3427 jam
2843 3372 2930 3426 per
2985 3357 3168 3411 multos
3232 3373 3391 3411 annos
3448 3357 3654 3412 feliciter
3711 3361 3828 3413 ela-

476 3429 679 3482 borasse
735 3436 785 3482 et
842 3429 1048 3482 sudasse
1103 3428 1474 3496 conspeximus,
1525 3429 1641 3482 dum
1696 3426 1849 3482 unum
1904 3428 1997 3482 hoc
2059 3426 2231 3481 sedulo
2285 3443 2453 3491 curas,
2486 3433 2539 3480 ut
2593 3426 2805 3481 vetustis
2849 3428 3136 3482 auctoribus
3167 3445 3293 3483 suus
3349 3429 3640 3483 restituatur
3695 3431 3828 3485 nitor

473 3509 522 3553 et
579 3499 811 3569 dignitas.
873 3497 1128 3556 Castorum
1189 3506 1364 3568 praeter
1419 3499 1514 3552 alia
1577 3513 1692 3569 quae
1750 3499 1798 3553 in
1849 3498 1992 3570 hisce
2046 3497 2270 3569 epistolis
2317 3504 2746 3570 _co_ntinentur__et
2802 3505 3077 3570 tractantur
3130 3501 3257 3554 lectu
3312 3499 3623 3570 dignissima,
3681 3501 3828 3556 facile

475 3567 649 3624 videre
705 3578 800 3634 est,
865 3585 981 3640 quae
1042 3567 1220 3624 misera
1272 3570 1337 3623 sit
1383 3578 1430 3622 t-t
1478 3567 1762 3640 perturbata
1815 3567 2156 3626 Ecclesiarum
2209 3567 2447 3639 conditio,
2504 3569 2587 3623 ubi
2642 3568 3038 3639 Christianorum
3095 3567 3455 3625 unanimis'et
3503 3573 3828 3628 consentiens

472 3657 559 3712 per
614 3641 760 3695 fidem
809 3639 1107 3704 concordia,
1170 3639 1522 3695 hzereiicorum
1580 3640 1747 3712 impiis
1798 3639 2251 3712 conflictationibus
2310 3641 2503 3695 divulsa
2568 3639 2715 3695 fuerit
2781 3649 2854 3712 eti
2886 3643 3210 3712 impugnata.
3271 3641 3509 3696 Vixerunt
3572 3643 3709 3698 enim
3769 3662 3829 3700 eo

473 3710 698 3782 tempore
751 3713 799 3767 in
857 3713 1076 3769 Caesaris
1115 3711 1471 3784 Cappadociae
1525 3710 1722 3784 quidem
1774 3712 2040 3780 Basilius,
2100 3710 2528 3784 Constantinopoli
2601 3719 2770 3766 autem
2825 3710 3103 3784 Gregorius
3132 3756 3144 3779 ,
3224 3729 3321 3784 quo
3386 3711 3829 3770 vehementissime

474 3783 639 3856 viguit
695 3783 1157 3856 Ariana_h:eresis_
1188 3827 1201 3850 ,
1263 3782 1411 3855 quam
1456 3782 1564 3856 sub
1621 3784 1946 3856 Constantino
1982 3782 2556 3856 iMagno_Alexandrize_
2591 3783 2860 3856 emersisse
2915 3782 3251 3856 accepimus.
3309 3784 3456 3856 cujus
3503 3785 3719 3856 perﬁdia
3780 3795 3832 3841 et

476 3853 664 3910 malitia
726 3861 843 3910 tunc
893 3853 1303 3910 Christianismus
1349 3854 1693 3909 crudelissime
1750 3853 2141 3909 convellebatur.
2178 3853 2275 3908 Eas
2317 3870 2435 3924 ergo
2465 3853 2654 3913 turbas.
2687 3855 2868 3924 quibus
2916 3853 3151 3910 Ecclesia
3203 3853 3385 3910 misere
3437 3853 3829 3921 infestabantur,

474 3925 857 3997 quibuscunque
913 3925 1212 3996 simplicium
1257 3925 1590 3997 conscientia:
1628 3925 1795 3997 variis
1849 3924 2577 3997 erroribus_involvebantur,
2632 3924 2766 3980 dictu
2839 3926 3060 3991 mirum,
3119 3926 3302 3997 quibus
3361 3925 3828 3993 lamentationibus,

475 3994 654 4066 quibus
693 3994 1183 4069 laciymis,gquibus
1239 3996 1452 4066 denique
1500 3995 1828 4069 querimoniis
1887 3997 2072 4067 ubique
2122 3994 2224 4050 fere
2278 3997 2432 4050 deflet
2466 3996 2742 4069 Basilius,
2777 3997 3075 4069 acerrimus
3130 3994 3314 4069 alioqui
3379 3997 3671 4055 Arianorum
3729 4001 3832 4054 im-

473 4081 740 4138 pugnator,
798 4068 913 4122 dum
966 4067 1245 4139 lacrymans
1281 4075 1483 4139 monet,
1541 4068 1796 4139 obsecrat,
1853 4069 2096 4133 hortatur,
2160 4083 2218 4121 ac
2272 4067 2535 4139 aliquoties
2588 4067 2938 4123 interminatur
2998 4067 3264 4139 episcOpis,
3338 4078 3391 4123 ut
3447 4069 3617 4124 relicta
3661 4070 3833 4126 inutili

473 4137 862 4202 et’ainbitiosa,
921 4137 1137 4210 cumque
1190 4138 1358 4212 inultis
1415 4137 1726 4192 offendicnlis
1782 4139 2046 4212 conjuncta
2103 4137 2440 4212 contentione.
2493 4137 2890 4212 Christianorum
2948 4137 3306 4212 mentes‘solo
3364 4140 3454 4195 Dei
3491 4141 3654 4212 verbo
3707 4158 3832 4212 pure

474 4217 524 4263 et
573 4212 767 4266 sincere
820 4217 1023 4281 pascant
1059 4209 1132 4264 et
1185 4209 1449 4278 ductitent,
1507 4226 1597 4264 nec
1659 4226 1744 4263 eas
1804 4209 2157 4266 haereticorum
2214 4209 2447 4278 pestilera
2471 4218 2521 4264 et
2551 4209 2717 4263 lethali
2773 4211 3070 4280 contagione
3128 4210 3436 4277 imbuerent,
3488 4211 3632 4267 Verbi
3677 4209 3833 4269 divini

513 4282 782 4356 uritatem‘
829 4289 879 4356 et
941 4281 1311 4356 simplicitatem
1365 4281 1752 4356 adulterantes,
1812 4291 1862 4356 et
1913 4282 2317 4356 contaminantes
2364 4302 2405 4356 _:_
2444 4281 2778 4356 plenaiusunt
2855 4281 3062 4356 harumA
3093 4282 3834 4356 querimoniarumplerzeque

476 4297 743 4408 pluritatem
829 4297 878 4335 ei
941 4297 1311 4351 Simpiicitaiem
1365 4297 1752 4350 auuiieranies,
1812 4297 1862 4336 et
1913 4297 2316 4336 contaminantes
2375 4302 2385 4334 :
2444 4297 2599 4351 pienai
2660 4297 2778 4334 sunt
2855 4297 3030 4336 narum
3103 4297 3526 4352 querimoniarum
3584 4297 3833 4356 pleraeque

525 4354 653 4408 asilii
711 4352 929 4423 epistolae
965 4393 978 4412 ,
1029 4369 1153 4423 quas
1203 4351 1287 4423 qui
1351 4368 1448 4406 non
1503 4353 1775 4407 oscitanter
1827 4352 2072 4423 legerit,
2112 4353 2238 4423 haud
2268 4422 2276 4423 ί
2293 4353 2442 4423 dubie
2499 4354 2561 4423 in
2609 4351 2740 4423 illis,
2775 4353 2932 4408 nostri
2986 4351 3196 4408 infelicis
3268 4355 3435 4409 saeculi
3497 4353 3833 4411 miserandam

476 4423 677 4488 faciem,
736 4422 785 4480 et
835 4422 1054 4480 statum
1085 4425 1145 4478 ad
1200 4422 1446 4478 amussim
1499 4439 1792 4494 expressum
1848 4439 1960 4479 esse
2003 4422 2216 4494 videbit.
2264 4422 2433 4492 Neque
2486 4422 2620 4494 enim
2678 4422 2870 4478 minore
2926 4423 3200 4480 multorum
3237 4427 3381 4481 ruina
3442 4434 3489 4478 et
3534 4425 3835 4483 offendicqu

474 4496 576 4566 jam
632 4493 1096 4566 furiuntihairetici
1155 4494 1461 4566 illunzeraui,
1519 4493 1574 4548 et
1610 4493 1835 4549 omnium
1895 4495 2128 4566 maxime
2171 4493 2822 4566 (Ecolampadiani,_quam
2880 4494 2997 4550 olim
3055 4496 3369 4551 insaniebant
3428 4495 3617 4562 Ariani,
3664 4497 3834 4553 Chris-

481 4563 596 4649 tum.
636 4566 692 4649 in
749 4565 939 4646 verbis.
967 4565 1074 4620 suis
1122 4565 1268 4649 (proh
1338 4568 1642 4649 impietatem
1687 4566 2056 4649 exsecrabilem
2120 4565 2185 4644 l)‘
2217 4566 2339 4649 pius
2392 4563 2543 4649 quam
2609 4563 2898 4649 biaSpheino
2961 4581 3046 4646 ore
3102 4571 3391 4649 mendacem
3463 4578 3829 4649 coarguentes“,

482 4638 779 4694 Christianis
836 4638 971 4708 pacis
1025 4636 1338 4692 concordiam
1396 4635 1615 4708 maligne
1654 4643 1704 4690 et
1757 4635 1961 4693 factiose
2021 4635 2418 4692 conscindentes'
2455 4645 2504 4690 et
2560 4637 2932 4708 perturbantes,
2973 4637 3275 4708 simplicium
3327 4635 3663 4695 conscientias
3693 4640 3835 4696 maii-

482 4653 779 4694 unrisiianai
868 4654 971 4692 aeis
1025 4653 1338 4692 concordiam
1396 4653 1615 4708 niangne
1654 4653 1704 4690 et
1757 4653 1961 4693 tacitose
2021 4653 2404 4692 conscinuenies
2455 4653 2504 4690 ei
2560 4653 2932 4707 perturnantes,
2973 4653 3275 4708 simpiicium
3327 4653 3663 4695 conscientias
3693 4653 3835 4696 matt-

479 4710 608 4765 tiose
670 4653 927 4788 enorigus
987 4724 1085 4762 non
1114 4707 1343 4788 dicendis
1404 4708 1746 4788 illaqueantes,
1809 4708 2294 4788 dumquenrationis
2358 4709 2648 4788 ductum_et
2707 4706 2962 4788 fallibilem
3014 4709 3179 4764 carnis
3233 4710 3524 4788 sapientian.
3581 4710 3727 4788 furiis
3750 4727 3836 4780 per

480 4797 700 4852 preceps
756 4780 855 4852 acti
898 4787 1208 4852 sequuntur,
1269 4778 1538 4852 sacrarum,
1580 4779 1862 4852 litterarum
1919 4778 2205 4852 simplicem,
2258 4795 2464 4852 sensum
2518 4779 2584 4852 ad
2637 4793 2757 4834 suas
2805 4778 3122 4852 blasphemas
3173 4790 3222 4836 et
3253 4778 3434 4852 impias
3467 4782 3662 4838 naenias
3689 4778 3833 4837 coin-

483 4848 766 4924 probai'idas
805 4848 1413 4924 violenterpegtrahunt,
1465 4849 1603 4924 _adeo
1631 4856 1684 4924 ut
1743 4848 1903 4924 mihi”
1925 4867 1988 4924 ex
2016 4848 2256 4924 jtripode
2293 4851 2790 4924 proditavideantur
2827 4848 2932 4904 ista
2955 4851 3125 4922 verba,
3185 4870 3296 4923 quae
3328 4848 3570 4908 _niniium
3601 4854 3836 4924 graphice

481 4920 848 5001 dehazreticis
905 4920 1115 5001 protulit
1164 4920 1401 5001 Basilius.
1461 4922 1535 5001 Ita
1570 4922 1726 5001 _enim
1755 4999 1762 5001 Α
1793 4921 1964 5001 scribit
2012 4922 2060 5001 in
2109 4920 2382 5001 ,Ἀμορρρω
2442 4921 2512 4975 ad
2587 4922 2938 5001 Caesarisne:
2991 4928 3065 4992 (et
3109 4920 3234 5001 quid
3281 4931 3434 5001 _vetat
3493 4920 3837 5001 Graece—ejus

482 4993 630 5047 verba
682 4992 918 5065 subjungi
967 5008 1081 5048 cum
1147 4992 1248 5047 sint
1302 5002 1350 5048 et
1406 4992 1670 5048 verissima
1715 4999 1769 5048 et
1830 4993 2114 5062 elegantissi

2197 4992 2304 5060 1?),
2344 5010 2355 5049 Σ
2412 5002 2576 5052 Τοῦτο
2632 4993 2727 5066 μὲν
2760 4994 2966 5068 αὖτοῗς,
3028 4992 3210 5074 φης-ἰν,
3272 4997 3350 5052 ἀεί
3379 4999 3520 5054 ἐστιν
3551 4992 3829 5071 ἆπιμελὲς,

483 5078 561 5151 μὴ
617 5074 676 5129 ἐκ
726 5077 830 5130 τῶν
887 5076 1036 5130 Θείων
1095 5080 1313 5152 Γρίφων
1372 5071 1648 5156 διδάσκεινΔ
1685 5074 1774 5136 τὰς
1824 5073 2195 5156 ἁκεραιοτέρας
2251 5075 2454 5152 ψυχὰς,
2503 5071 2623 5156 ἀλλ’
2683 5072 2743 5129 ἒκ
2790 5081 2886 5140 τῆς
2950 5071 3132 5139 ἔξωθεν
3163 5071 3348 5144 coepiat:
3411 5080 3830 5156 παρακρούεσθαι

482 5159 580 5222 τὴν
639 5154 888 5224 ἀλήθειαν
920 5202 934 5216 ,
995 5151 1293 5208 νίᾱσνθτο
1355 5168 1505 5224 quam
1561 5151 1774 5208 strictim
1829 5161 1879 5207 et
1933 5151 2287 5224 compendiose
2331 5151 2532 5208 talium
2597 5152 2855 5208 hominum
2945 5169 3110 5209 mores
3169 5163 3218 5209 et
3264 5151 3501 5211 conatum
3562 5151 3777 5227 tetigerit
3818 5196 3833 5221 ,

485 5234 668 5305 quibus
719 5234 935 5308 profecto
994 5248 1303 5308 nequaquam
1350 5233 1540 5308 _studio
1577 5240 1716 5308 est“,
1778 5239 1834 5289 ut
1884 5249 1949 5308 ex
2005 5232 2160 5288 sacris
2223 5233 2405 5308 litteris
2454 5232 2805 5308 simplicium
2871 5233 3063 5289 animas
3126 5234 3435 5299 instituant,
3515 5237 3602 5292 sed
3670 5237 3834 5308 potius

486 5304 693 5360 externa
723 5304 991 5377 sapientia
1040 5305 1199 5374 ipsam
1262 5305 1520 5360 veritatem
1569 5304 1793 5377 funditus
1851 5304 2150 5360 subvertunt
2183 5347 2196 5358 .
2246 5305 2462 5361 Sensisti
2513 5304 2644 5360 haud
2692 5306 2840 5360 dubie
2902 5308 2996 5377 hoc
3050 5311 3216 5377 ipsum
3269 5315 3321 5361 et
3382 5315 3435 5363 tu
3495 5310 3545 5363 in
3602 5304 3834 5364 conflictu

485 5394 600 5432 cum
651 5374 1016 5446 (Ecolampadio
1074 5379 1242 5446 (quem
1297 5378 1441 5446 longe
1503 5374 1670 5430 verius
1723 5379 2031 5434 οἰκόσγοτον
2087 5377 2200 5448 quis
2257 5377 2456 5442 dixerit,
2510 5393 2624 5432 cum
2676 5385 2839 5432 tantas
2912 5374 3148 5432 Ecclesiae
3205 5377 3295 5434 Dei
3348 5387 3399 5434 et
3445 5395 3600 5436 sacra:
3656 5379 3832 5450 Scrip-

488 5467 612 5513 tura:
669 5456 891 5512 effundat
947 5455 1199 5527 tenebras)
1259 5455 1516 5526 Sibyllinis
1569 5454 1700 5510 foliis
1758 5472 1871 5512 esse
1907 5457 2116 5512 certius.
2172 5456 2354 5512 Verum
2411 5457 2511 5512 ista
2541 5460 2806 5527 praesentis
2855 5473 2952 5512 non
3009 5465 3127 5512 sunt
3182 5459 3421 5515 instituti.
3481 5460 3628 5516 Prius
3667 5469 3835 5514 tamen

489 5545 636 5600 quam
687 5528 946 5598 epistolam
1004 5527 1247 5592 claudam,
1306 5544 1458 5602 unum
1528 5527 1621 5581 hoc
1687 5527 1896 5583 reticere
1949 5544 2144 5598 nequeo
2175 5571 2187 5594 ,
2249 5527 2641 5602 quandoquidem
2697 5529 2790 5600 ipsi
2836 5528 2958 5602 adeo
3017 5529 3225 5586 Patrum
3287 5530 3486 5602 scriptis
3535 5531 3834 5595 innituntur,

487 5598 597 5681 quae
628 5609 839 5681 ‘tamen
881 5615 968 5669 pro
1018 5613 1162 5681 more
1224 5615 1314 5655 suo
1341 5598 1484 5681 falso
1540 5605 1589 5681 e_t
1644 5604 1831 5681 temere
1859 5641 1872 5665 ,
1937 5608 1993 5681 ut
2043 5614 2235 5681 sacram
2263 5598 2480 5681 quoque
2528 5598 2856 5681 Scripturam,
2891 5600 3072 5681 citant
3131 5603 3361 5681 erroneis
3387 5598 3835 5681 'iiiteipretationi-

477 5667 583 5728 lius
614 5667 898 5741 depravata,
956 5667 1215 5738 subiiciam
1271 5668 1505 5742 quidnam
1557 5668 1619 5724 do
1667 5668 1992 5727 Sacramenta
2045 5671 2267 5742 corporis
2298 5667 2372 5725 _et
2399 5667 2684 5743 'sanguinis
2737 5670 2924 5729 Christi
2984 5670 3116 5727 idem
3152 5673 3368 5729 senserit
3414 5667 3651 5742 Basilius,
3687 5688 3834 5746 quem

709 5941 836 6097 ἱ
