4132 6204
1056 346 1463 409 ΕΧΟΕΗΡΤΑ
1507 347 1610 408 EX
1652 345 1873 408 ACTIS
1916 343 1976 405 S.
2026 342 2305 408 BASILII
2350 343 2938 408 BOLLANDIANIS.
3442 356 3724 407 CCLXXXVI

414 480 542 555 ges.
577 479 733 555 codex
759 477 929 555 2289,
963 478 1180 555 Henrici
1198 476 1431 555 secundi,
1455 479 1563 555 jam
1596 476 1719 534 olim
1752 494 1782 532 a
1800 477 1986 535 Ducam
2011 476 2243 545 collatus,
2272 475 2581 536 chartaceus.
2615 484 2753 535 notas
2784 485 2864 534 sat
2891 477 3061 534 bonae.

418 549 525 622 Reg
570 549 918 622 eodex‘2287,
951 550 1134 622 primo,
1164 550 1219 605 in
1254 550 1443 622 charta.

417 618 542 693 Reg.
573 624 732 678 codex
760 621 926 693 2287,
953 618 1200 689 secundo,
1228 622 1333 688 jam
1374 621 1495 676 olim
1524 636 1556 676 a
1576 619 1897 693 Combeﬁeio
1925 618 2159 683 collatus,

418 690 540 762 Reg.
575 693 729 749 codex
758 692 921 759 2349,
953 692 1377 748 membranaceus
1406 701 1456 749 et
1485 690 1741 764 antiquus.

414 765 537 831 Reg.
568 766 725 820 codex
752 764 915 821 2892.
949 763 1196 820 undecimi
1227 764 1418 819 saeculi.

411 837 539 906 lleg.
571 836 727 891 codex
754 836 915 908 2896,
951 836 1250 899 Medicseus,
1281 836 1386 908 jam
1418 834 1534 891 olim
1565 852 1595 890 a
1624 836 1817 892 Ducam
1848 831 2083 900 collatus,
2116 833 2164 887 in
2194 833 2383 889 charta.

409 907 541 975 Reg,
572 908 733 963 codex
757 907 922 971 2989,
954 909 1004 963 in
1034 909 1227 969 charta,
1263 908 1350 961 εδδ-(1
1382 908 1523 963 bona:
1556 917 1707 962 notae.

405 978 729 1035 Colbertinus
762 980 917 1034 codex
945 978 1103 1040 3069.
1137 977 1350 1033 membr.

409 1050 742 1122 Colbertinus
761 1067 821 1106 co
834 1050 918 1122 lex
947 1050 1109 1122 4721,
1143 1056 1289 1122 prout
1317 1049 1610 1107 inscribitur
1637 1049 1686 1104 in
1714 1049 1879 1104 fronte
1910 1047 2080 1122 prima:
2108 1048 2306 1122 paginas
2340 1071 2351 1104 :
2393 1056 2445 1103 at
2474 1048 2524 1104 in
2555 1049 2702 1122 dorso
2734 1048 2843 1103 libri
2873 1049 3160 1105 inscribitur
3202 1050 3330 1105 1721
3366 1050 3716 1122 bombycinus.

406 1121 751 1178 Coislinianus
785 1121 937 1177 codex
966 1121 1092 1188 229,
1125 1120 1535 1177 membranaceus
1575 1128 1797 1177 vertente
1828 1134 1881 1174 lx
1914 1120 2096 1192 saeculo
2130 1122 2203 1173 vel
2248 1120 2453 1176 ineunte
2492 1136 2530 1177 Χ
2562 1121 2796 1192 scriptus.

404 1192 698 1249 Coislianus
728 1194 885 1249 codex
912 1192 1036 1257 235,
1071 1192 1483 1264 membranaceus
1514 1209 1713 1264 quoque
1744 1204 1788 1247 el
1821 1191 2228 1264 antiquissimus.

406 1265 555 1321 Bodl.
588 1263 766 1331 codex,
803 1281 834 1320 a
861 1264 1155 1320 doctissimo
1187 1263 1292 1320 viro
1315 1266 1513 1322 Joanne
1531 1263 1730 1323 Wolﬁo
1759 1263 1991 1319 collatus.

1814 1363 1929 1420 Pro
1978 1362 2237 1420 Psalmis.

403 1462 539 1533 Reg.
573 1461 731 1518 codex
762 1460 919 1522 1824,
950 1459 1161 1516 membr.

406 1532 541 1605 Reg.
573 1533 730 1589 codex
772 1532 933 1605 1606,
969 1533 1181 1605 membr.

404 1603 537 1675 Reg.
570 1605 725 1661 codex
757 1603 917 1671 1907,
960 1603 1173 1675 membr.

403 1673 538 1747 Beg.
575 1678 731 1732 codex
760 1675 923 1747 2287,
956 1674 1120 1738 tertio,
1164 1673 1376 1730 membr.
1411 1681 1463 1729 et
1490 1674 1870 1747 antiquissimus
1899 1690 1958 1730 ac
1988 1674 2190 1746 optimae
2216 1683 2365 1732 notae.

402 1746 535 1819 Beg.
566 1747 724 1804 codex
750 1746 914 1819 2289.
961 1746 1170 1819 membr.

397 1817 530 1888 Reg.
566 1819 723 1874 codex
752 1818 920 1889 2325,
957 1817 1173 1874 membr.

397 1889 553 1948 Colb.
588 1890 744 1947 codex
777 1890 903 1955 457,
947 1890 1208 1946 undecimo
1238 1889 1419 1944 saeculo
1449 1889 1691 1961 scriptus.

960 2031 1171 2107 membr.
1204 2029 1403 2101 quidem
1430 2038 1479 2107 et
1504 2032 1899 2107 vetustissimus,
1934 2035 2021 2107 sed
2047 2035 2195 2107 cujus
2235 2052 2348 2107 pars
2380 2035 2600 2091 maxima
2629 2033 2723 2105 legi
2756 2051 2854 2089 non
2891 2040 3072 2104 potest.

402 2104 550 2175 Colb.
583 2105 740 2160 codex
769 2103 932 2173 1934,
963 2105 1165 2175 optimae
1196 2112 1347 2166 noue,
1378 2102 1600 2175 scriptus
1627 2104 1818 2160 decimo
1854 2106 2056 2161 seculo.

400 2174 545 2233 Colb.
580 2175 734 2231 codex
761 2176 923 2239 2540,
961 2173 1173 2230 membr.
1219 2180 1267 2229 et
1287 2173 1547 2246 antiquus.

399 2247 550 2304 Colb.
585 2248 741 2303 codex
774 2246 933 2311 4275,
979 2246 1192 2303 membr.

397 2318 555 2376 Colb.
587 2318 747 2384 4490,
782 2317 952 2373 bomb.

398 2388 547 2447 Colb.
584 2390 741 2446 codex
768 2389 929 2445 5102.

396 2461 557 2518 Coisl.
592 2461 747 2517 codex
784 2460 908 2525 230,
947 2458 1358 2515 membranaceus
1386 2459 1583 2532 quidem
1632 2467 1680 2515 et
1710 2460 2118 2532 antiquissimus,
2159 2462 2247 2517 sed
2277 2480 2307 2518 a
2354 2459 2557 2517 librario
2589 2460 2819 2533 imperito
2874 2462 3112 2533 scriptus,
3145 2462 3208 2517 ob
3237 2463 3387 2535 idque
3434 2460 3717 2518 mendosis-

329 2548 525 2589 simus.

899 2629 988 2687 Ad
1027 2628 1451 2686 emendationem
1481 2629 1734 2685 librorum
1762 2629 1811 2685 in
1848 2630 2145 2687 Eunomium
2168 2630 2351 2687 collati
2387 2635 2507 2685 sunt
2538 2631 2669 2690 libri
2698 2631 2790 2706 qui
2827 2638 3144 2705 sequuntur.

402 2755 538 2827 Reg,
568 2754 734 2827 1991,
768 2754 819 2827 in
850 2756 1013 2827 chart,
1044 2768 1305 2827 annorum
1325 2752 1656 2827 circitcr_20_0

392 2824 527 2900 Reg'.
558 2825 720 2900 2286,
743 2826 862 2881 olim
883 2825 1092 2881 collatus
1120 2841 1148 2879 a
1178 2824 1483 2881 doctissimis
1512 2824 1710 2882 duobus
1743 2825 1863 2882 viris
1893 2826 2080 2884 Ducam
2107 2835 2157 2883 et
2186 2827 2512 2897 Combeﬁsio,
2546 2828 2596 2883 in
2624 2829 2818 2900 cliarti,
2851 2830 2937 2885 sed
2973 2835 3105 2884 nota:
3130 2836 3208 2885 sat
3240 2828 3387 2885 bonae
3416 2849 3430 2896 ;
3463 2844 3707 2883 annorum

322 2897 534 2954 circiter
562 2897 687 2953 350.

397 2968 527 3040 Reg.
559 2968 724 3033 2893,
762 2966 1175 3024 membranaceus
1200 2972 1248 3021 et
1271 2974 1410 3040 noue
1440 2968 1661 3040 Optimae.
1686 2985 1930 3024 annorum
1963 2969 2089 3025 500.

395 3038 524 3111 Reg.
562 3039 728 3110 2896,
768 3040 818 3095 in
850 3040 1045 3103 charta,
1078 3053 1327 3094 annorum
1362 3038 1565 3111 circiter
1591 3039 1716 3096 350.

393 3109 526 3182 Reg.
568 3109 733 3177 3430,
771 3111 820 3166 in
847 3113 1047 3179 charra,
1083 3125 1328 3165 annorum
1360 3109 1485 3166 350.

396 3181 530 3254 Reg.
563 3182 728 3251 3442,
758 3182 807 3238 in
842 3182 1035 3244 charta,
1068 3182 1150 3254 sed
1176 3181 1411 3254 antiquus
1442 3190 1607 3237 tamen
1638 3198 1884 3239 annorum
1916 3184 2042 3241 500.

399 3252 551 3311 Colb.
586 3254 749 3323 4529,
782 3260 929 3325 prout
956 3253 1247 3325 inscribitur
1273 3253 1324 3308 in
1354 3252 1514 3308 fronte
1545 3254 1716 3325 primae
1749 3254 1940 3325 pagina:
1971 3274 1984 3308 :
2036 3261 2086 3309 at
2118 3254 2166 3308 in
2196 3258 2344 3311 dorso
2375 3255 2488 3311 libri
2520 3256 2807 3313 inscribitur
2846 3257 3002 3313 1129.
3038 3256 3454 3315 Membranaceus
3483 3263 3531 3312 et
3580 3261 3711 3310 notas

325 3325 590 3398 perpensa,
628 3323 890 3398 undecimo
929 3324 1113 3380 saeculo
1141 3323 1349 3398 ineunte
1369 3323 1604 3396 scriptus.

399 3397 659 3473 Praeterea
692 3398 741 3452 in
784 3397 891 3453 haec
920 3404 1092 3453 nostra
1139 3395 1359 3453 editione
1387 3395 1622 3453 notantur
1655 3397 1806 3455 variae
1834 3396 2076 3453 lectiones
2102 3397 2433 3469 Anglicorum
2472 3398 2800 3471 quorumdam
2830 3399 3082 3465 codicum,
3120 3416 3247 3473 quos
3276 3399 3397 3456 citat
3427 3400 3504 3454 vir
3539 3396 3710 3454 erudi-

330 3468 572 3525 tissimus
604 3467 839 3525 Ducmus.

757 3596 843 3650 Ad
879 3595 1293 3652 emendationem
1322 3594 1719 3651 Commutarii
1770 3594 1819 3649 in
1852 3594 2033 3651 Isaiam
2094 3596 2276 3652 collati
2310 3602 2431 3651 sunt
2465 3595 2671 3653 codices
2706 3597 2803 3668 qui
2833 3596 2981 3669 infra
3008 3601 3286 3653 notantur.

400 3720 532 3793 Reg.
564 3718 723 3781 1909.
756 3721 840 3794 qui
876 3720 1172 3794 Cpmbelisii
1221 3729 1297 3776 est
1324 3720 1478 3775 codex
1507 3721 1776 3791 recentior,
1810 3721 1994 3793 quique
2026 3722 2129 3793 jam
2158 3730 2306 3777 antea
2344 3738 2373 3776 a
2424 3721 2605 3777 Ducam
2635 3722 2792 3777 fuerat
2836 3722 3067 3788 collatus,
3102 3738 3411 3794 papyraceus
3440 3739 3537 3794 quo
3588 3721 3712 3776 libro

326 3792 405 3848 nsi
437 3792 885 3863 suntitypcgrapbi
916 3792 1259 3849 Parisienses.

396 3864 524 3933 Reg.
559 3862 701 3935 2290
732 3862 888 3931 (nunc
914 3863 1063 3935 492),
1098 3864 1333 3931 membr.,
1368 3864 1475 3932 jam
1506 3863 1651 3919 solim
1681 3880 1710 3919 a
1736 3864 1925 3921 Duczeo
1951 3864 2160 3919 collatus

397 3936 524 4007 βας.
558 3934 694 4007 229i
728 3937 887 4003 (nunc
913 3935 1060 4001 495),
1094 3938 1177 4007 qui
1202 3935 1456 4004 antiquior
1478 3935 1633 3989 codex
1664 3944 1742 3990 est
1762 3934 2071 3999 Combeﬁsii,
2099 3935 2515 3992 membranaceus
2545 3942 2594 3991 et
2622 3935 2820 4006 optimae
2857 3944 3004 3991 natm.

400 4005 525 4077 Reg.
560 4005 703 4061 2292
735 4008 889 4076 (nunc
919 4007 1065 4077 496),
1104 4005 1519 4061 membranaceus
1544 4013 1593 4061 et
1622 4007 1827 4077 optimae
1858 4014 2015 4062 notae.

396 4076 539 4148 Colb.
573 4077 715 4132 4184
750 4082 903 4140 (nunc
932 4076 1083 4147 494),
1118 4087 1255 4133 notae
1284 4078 1520 4148 Optimae.

397 4147 536 4205 Colb.
573 4148 711 4204 4184
742 4151 896 4221 (nunc
927 4150 1072 4221 494),
1104 4157 1234 4204 ηοιω
1266 4147 1416 4221 quam
1464 4148 1685 4220 optimm.

351 4359 3665 4394 ὢ

1708 4524 2379 4653 EXCERPTA

849 4785 987 4868 EX
1106 4777 1428 4866 ACTIS
1559 4776 1650 4861 S.
1800 4775 2219 4862 BASILII
2341 4777 3194 4874 BOLLANDIANIS.

1615 4961 1769 5029 (Junii
1800 4968 1838 5017 t.
1876 4960 1946 5026 II,
1976 4960 2057 5019 die
2087 4964 2175 5031 14,
2208 4978 2255 5035 p.
2290 4962 2441 5032 807.)

961 5332 1041 5389 De
1077 5330 1290 5404 duplici
1316 5332 1476 5403 festo,
1511 5327 1884 5387 Ordinationis
1917 5327 2065 5401 apud
2091 5326 2331 5393 Latinos,
2362 5332 2413 5385 et
2443 5327 2628 5388 Obitus
2655 5327 2794 5402 apud
2833 5327 3078 5388 Graece:

409 5510 660 5592 Magnus
682 5510 1380 5592 Basilius,Caesareensis
1403 5513 1463 5573 in
1479 5505 1983 5591 Cappadociaepi-
2033 5507 2303 5587 quidem
2338 5510 2589 5590 primum
2620 5509 2883 5573 Januarii
2912 5529 3028 5591 quo
3073 5508 3241 5584 obiit,
3274 5510 3332 5571 in
3386 5508 3711 5571 Occidente

332 5618 564 5683 scepus,
602 5601 722 5665 duo
753 5602 1049 5683 praecipue
1097 5599 1161 5663 in
1212 5602 1397 5664 sacris
1426 5599 1592 5665 fastis
1621 5598 1750 5660 dies
1806 5594 1983 5658 habet
2064 5613 2206 5659 vero
2236 5598 2394 5661 hunc
2424 5615 2526 5661 xw
2555 5599 2718 5662 Junii
2740 5617 2857 5680 quo
2889 5606 3127 5680 putatur
3164 5607 3547 5661 consecratus
3575 5598 3709 5679 epi-

341 5690 647 5757 memoriae
675 5710 799 5757 sua:
821 5691 1146 5779 antiquitus
1184 5699 1565 5756 consecratos
1596 5708 1610 5751 :
1647 5688 1709 5751 in
1738 5684 1984 5750 Oriente
2065 5705 2303 5771 scopus.
2339 5688 2698 5756 malentibus
2726 5688 2948 5753 Latinis
2977 5688 3232 5773 primum
3263 5687 3359 5753 sui
3383 5688 3522 5752 anni
3549 5685 3709 5751 diem
