4096 6210
420 378 726 429 CCLXXXVI
802 390 805 393 ‘

1838 367 2423 435 PROLEGOMENA.

422 510 610 563 totum
626 500 1244 582 occuparerecolendo
1272 503 1599 566 Dominicaa
1635 499 2048 566 Circumcisio-
2072 517 2105 557 Α
2136 501 2530 579 perdurarit.»
2550 503 2687 566 Haec
2707 516 2769 565 ut
2792 504 2989 585 quoad
3015 523 3142 567 rem
3165 505 3450 587 pleraque
3470 525 3602 569 vera
3618 516 3803 586 sunt,

421 593 519 655 nis
531 595 825 674 mysterio.
838 595 942 655 His
958 594 1253 655 recentior
1268 595 1608 655 Graecorum
1634 592 2065 673 pietas,smculo

428 700 491 743 x1
519 682 748 745 addidit
795 683 1032 743 tertium
1074 682 1189 762 ipsi
1236 681 1642 762 Gregorioque
1677 682 1978 760 Theologo
2011 690 2068 742 et

422 776 630 837 Joanni
649 774 1063 854 Chrysostomo
1083 776 1480 837 communiter
1500 774 1951 837 celebrandum.
1986 776 2066 836 De

421 866 533 926 hoc
548 865 737 925 ditferi
751 883 877 925 mus
894 883 1067 942 agere
1081 882 1267 945 usque
1287 866 1572 946 postActa
1592 865 1724 927 vitae
1742 864 1929 925 fusius
1959 882 2066 925 ex-

422 953 1108 1035 plicandazdeprioribus
1121 954 1351 1017 duobus
1368 955 1595 1035 prmfari
1615 955 1825 1035 placet.
1855 953 2068 1015 Latinis

424 1063 562 1121 ergo
592 1044 1022 1123 Martyrologiis
1049 1045 1161 1106 hoc
1192 1062 1291 1106 XIV
1320 1045 1480 1107 Junii
1512 1044 1804 1124 ascriptus
1829 1052 2067 1105 sanctus

428 1133 682 1195 Basilius
713 1142 802 1193 est
836 1155 851 1194 :
907 1152 1023 1194 non
1055 1147 1195 1197 sunt.
1242 1142 1436 1197 tamen
1471 1134 1883 1214 antiquissima
1916 1134 2011 1194 illa
2047 1154 2060 1192 :

421 1232 613 1285 tacent
643 1224 800 1283 enim
834 1223 907 1284 de
938 1225 1153 1286 Basilio
1186 1224 1637 1305 Hieronymiani
1670 1221 2066 1303 Martyrologii

422 1315 711 1393 ecgrapha
739 1314 937 1375 omnia
968 1332 980 1377 ;
1018 1334 1250 1377 necnon
1281 1316 1577 1394 genuinus
1609 1314 1789 1387 Beda,
1830 1313 2063 1374 omnia-

420 1423 534 1485 que
566 1404 743 1465 Bedce
777 1411 999 1465 vetusta
1040 1403 1489 1485 Supplementa,
1542 1423 1658 1466 una
1711 1422 1841 1465 cum
1892 1403 2064 1464 Floro

421 1493 899 1573 Lugdunensi,ac
915 1494 1175 1574 denique
1190 1495 1650 1557 Wandelbertus
1672 1493 2061 1557 Prumiensis.

420 1583 674 1647 Primiin
694 1584 797 1645 illo
816 1584 1285 1665 nominando,ex
1315 1584 1617 1646 communi
1640 1592 1835 1645 tamen
1862 1583 2063 1644 nescio

419 1693 535 1750 quo
566 1673 746 1747 fonte,
784 1673 1016 1735 fuerunt
1046 1673 1353 1736 Usuardus
1384 1683 1442 1735 et
1472 1674 1596 1735 Ado
1625 1695 1636 1733 :
1666 1693 1921 1754 quorum
1950 1673 2067 1753 pri.

422 1782 575 1837 mus,
615 1782 776 1824 more
799 1782 907 1825 suo
931 1764 1188 1838 brevior,
1217 1764 1288 1825 ad
1327 1782 1468 1826 xvut
1496 1764 1790 1826 Kalendas
1820 1763 1954 1826 Julii
1981 1764 2063 1825 sic

2148 590 2231 653 ita
2262 592 2321 652 in
2351 593 2808 655 circumstantiis
2838 593 2911 654 ab
2945 594 3189 655 historia
3216 595 3466 656 multum
3492 596 3806 678 aberrant;

2148 681 2305 761 quod
2342 682 2561 762 patebit
2591 683 2997 746 consideranti
3022 683 3165 745 Acta
3188 684 3439 746 inferius
3462 685 3681 747 danda.
3714 690 3808 750 Ex

2150 770 2361 833 Adone
2393 782 2585 834 tamen
2619 773 2977 853 ostenditur,
3004 782 3273 835 sanctum
3301 774 3599 848 Basilium,
3627 778 3811 837 annis

2150 858 2369 921 abhinc
2399 862 2755 942 octingentis
2787 862 2903 923 coli
2937 863 3132 924 solere
3166 864 3275 925 hac
3307 864 3538 926 decima
3589 874 3815 945 quarta

2147 948 2305 1011 Junii
2334 971 2349 1027 ;
2385 952 2641 1032 indeque
2674 951 2957 1013 suadetur
3002 953 3209 1014 eadem
3243 954 3341 1015 die
3388 964 3810 1016 consecratum

2149 1041 2491 1121 episcopum
2523 1064 2537 1121 ;
2567 1043 2834 1121 quamvis
2894 1042 3203 1121 ignoretur
3238 1044 3395 1105 unde
3454 1044 3567 1105 hoc
3611 1044 3815 1106 Latini

2148 1140 2488 1210 acceperint
2515 1153 2529 1211 ;
2562 1131 2899 1193 tacentibus
2931 1130 3172 1195 Graecis.

2231 1219 2288 1282 3.
2320 1220 2571 1283 Usuardi
2598 1220 2852 1282 Lubecaz
2871 1224 3071 1281 excusi
3099 1228 3156 1282 et
3179 1222 3427 1285 Florarii
3449 1220 3806 1284 Sanctorum

2148 1320 2441 1391 auctores,
2477 1330 2607 1372 cum
2644 1311 2841 1371 forsan
2869 1311 3213 1389 ignorarent
3239 1330 3355 1392 qua
3377 1312 3449 1373 de
3475 1330 3650 1374 causa
3670 1313 3809 1375 dies

2150 1399 2246 1460 hic
2281 1400 2489 1461 Basilio
2548 1419 2715 1462 sacer
2762 1399 3102 1475 haberetur,
3166 1401 3616 1463 translationem
3667 1404 3809 1482 ejus

2148 1489 2598 1570 quamdam,sed
2627 1488 2907 1551 omnibus
2934 1489 3340 1570 aliisignotam
3364 1491 3801 1569 excogitarunt,

2149 1579 2385 1641 Primus
2421 1597 2434 1642 :
2478 1604 2503 1633 α
2559 1579 2733 1659 Apud
2762 1581 3088 1641 Caesaream
3143 1579 3549 1661 Cappadociae,
3584 1582 3800 1663 inquit,

2150 1668 2452 1731 translatio
2473 1670 2534 1729 S.
2572 1668 2795 1741 Basilii,
2825 1668 3087 1749 episcopi
3114 1670 3569 1732 etconfessoris.
3606 1696 3624 1726 ι
3654 1670 3804 1731 Flo-

2148 1760 2366 1819 rarium
2395 1758 2604 1819 iisdem
2634 1758 2819 1830 addit,
2853 1784 2876 1812 α
2911 1758 3112 1820 fratris
3131 1757 3399 1838 Gregorii
3424 1768 3484 1821 et
3510 1760 3803 1841 l’etri,qui

417 1854 626 1914 scribit
651 1854 705 1913 in
731 1852 1006 1914 omnibus
1032 1855 1157 1915 fere
1177 1855 1617 1932 exemplaribus
1646 1875 1658 1915 :
1693 1880 1717 1908 α
1746 1854 1919 1932 Apud
1944 1856 2067 1915 Ca}-
2092 1875 2125 1924 Β
2151 1857 2419 1929 tempore
2444 1848 2708 1909 Valentis
2726 1848 3412 1928 imperatoris,doctrina
3436 1858 3491 1909 et
3511 1850 3806 1928 sapientia

416 1965 641 2009 saream
672 1946 1060 2027 Cappadociae
1088 1946 1306 2008 Natalis
1326 1947 1387 2011 S.
1417 1947 1619 2009 Basilii
1645 1946 1932 2026 episcopi,
1962 1946 2062 2023 qui

421 2045 688 2117 tempore
720 2036 984 2097 Valentis
1026 2038 1293 2099 doctrina
1346 2046 1402 2098 et
1451 2037 1738 2117 sapientia
1794 2036 2063 2115 insignis,

418 2127 813 2205 omnibusque
843 2125 1157 2187 virtutibus
1192 2126 1488 2199 fundatus,
1521 2126 1874 2187 mirabiliter
1898 2125 2065 2186 efful-

420 2219 513 2277 sit.
555 2242 579 2271 »
619 2218 734 2277 Per
762 2215 1014 2276 natalem
1050 2215 1231 2291 diem,
1265 2216 1443 2277 alium
1470 2215 1565 2276 hic
1593 2215 1925 2294 intelligere
1950 2234 2065 2276 non

424 2324 758 2387 possumus,
793 2324 969 2385 quam
1003 2305 1472 2366 anniversarium
1519 2304 1929 2378 ordinationis,
1987 2299 2066 2365 uti

422 2406 662 2456 sanctus
690 2398 812 2457 Leo
846 2393 1106 2474 Magnus,
1133 2413 1408 2455 sermone
1429 2395 1599 2455 tertio
1632 2396 1691 2454 in
1718 2394 2034 2455 anniversa
2053 2430 2068 2440 -

420 2485 509 2545 rio
543 2482 962 2562 assumptionis
994 2502 1143 2553 suae,
1182 2503 1313 2545 eum
1352 2485 1650 2545 servitutis
1696 2503 1820 2544 suae
1854 2483 2064 2544 natali-

422 2574 567 2635 tium
599 2573 754 2633 diem
809 2573 1087 2653 appellat.
1139 2574 1275 2634 Ideo
1327 2573 1681 2634 hodiernum
1735 2572 2063 2634 Romanum

424 2663 920 2743 Martyrolegium,
959 2664 1201 2725 servatis
1233 2663 1363 2724 aliis
1399 2662 1649 2725 Usuardi
1680 2662 1903 2743 verbis,
1940 2663 2068 2722 loco

424 2754 664 2829 Natalis,
738 2752 1173 2813 ordinationem
1227 2753 1470 2832 posuit;
1522 2752 1860 2831 addiditque
1914 2752 2065 2831 quod

422 2844 748 2907 Ecclesiam
771 2843 1062 2905 adversus
1083 2843 1332 2904 Arianos
1358 2851 1414 2904 et
1439 2841 1896 2905 Macedonianos
1921 2842 2072 2903 mira

422 2934 750 2996 constantia
785 2932 1072 2994 defendit.

506 3114 564 3171 2.
598 3112 744 3178 Ado,
777 3112 949 3191 cujus
984 3112 1177 3191 priora
1206 3110 1383 3171 verba
1415 3110 1787 3187 transcripsit
1817 3110 1944 3190 ejus
1971 3108 2070 3169 ab.

2148 1939 2422 2017 insignis;
2456 1957 2589 1998 cum
2626 1938 2752 2019 ipse
2786 1938 3113 2017 imperator
3144 1938 3215 1998 de
3248 1939 3405 1998 illius
3435 1939 3639 1999 exsilio
3669 1958 3809 2000 sen-

2151 2031 2387 2090 tentiam
2442 2028 2614 2087 vellet
2659 2027 2947 2099 scribere,
3006 2027 3805 2106 primus,secundus,etter—

2151 2120 2265 2180 tius
2291 2118 2551 2179 calamus
2580 2118 2798 2179 fractus
2823 2125 2911 2178 est
2940 2138 2955 2193 ;
2982 2118 3137 2177 unde
3161 2117 3501 2196 indignatus
3531 2121 3797 2180 chartam

2153 2208 2345 2287 fregit.
2383 2207 2602 2268 Claruit
2633 2226 2787 2268 anno
2832 2205 3041 2267 salutis
3072 2206 3209 2269 369.
3252 2232 3277 2261 »
3334 2209 3803 2288 Manuscriptum

2153 2298 2622 2371 S.Gudulm,non
2642 2296 3005 2357 translationi
3022 2296 3125 2357 sed
3145 2296 3803 2377 elevationi,hujusdiei

2153 2391 2364 2451 festum
2397 2387 2677 2450 ascribit:
2706 2396 2762 2447 et
2784 2398 2976 2464 recte,
3003 2386 3052 2446 si
3079 2395 3290 2463 praeter
3311 2388 3677 2449 ordinarium
3707 2388 3799 2448 lo-

2152 2480 2371 2560 quendi
2397 2476 3173 2556 modum,perelevationem
3193 2476 3549 2555 intelligeret
3572 2478 3800 2539 exalta-

2152 2571 2372 2631 tionem
2409 2569 2539 2648 ejus
2562 2568 2621 2627 in
2651 2566 2989 2628 cathedram
3016 2566 3436 2646 episcopalem.
3462 2567 3717 2630 Additur
3738 2568 3799 2629 in

2152 2659 2362 2721 eodem
2379 2657 2637 2719 Florario
2654 2656 2907 2734 elogium
2921 2655 3012 2735 ,ab
3027 2654 3429 2717 aliisUsuardi
3446 2657 3802 2736 apographis

2155 2749 2475 2819 diversum,
2514 2766 2624 2807 nec
2658 2745 2878 2807 erroris
2910 2763 3141 2825 expers.
3186 2770 3211 2800 α
3246 2746 3417 2824 Apud
3474 2746 3798 2808 Caesaream

2156 2836 2565 2918 Cappadociae,
2602 2835 2847 2896 elevatio
2880 2836 3031 2896 beati
3082 2842 3139 2896 et
3174 2836 3366 2912 magni
3408 2836 3629 2910 Basilii,
3663 2838 3801 2913 epi-

2151 2927 2314 3007 scopi
2353 2934 2410 2987 et
2440 2925 2823 2999 confessoris,
2882 2925 3080 2986 fratris
3122 2926 3309 2987 sancti
3361 2924 3629 3005 Gregorii
3678 2925 3799 2989 Na-

2150 3018 2412 3079 zianzeni
2444 3026 2499 3077 et
2530 3015 2687 3077 Petri
2724 3015 2848 3075 :cui
2874 3014 3141 3076 Christus
3181 3035 3314 3077 cum
3347 3017 3473 3077 suis
3518 3017 3802 3093 apostolis

2151 3125 2464 3187 apparens,
2497 3104 2891 3166 ministerium
2913 3104 3099 3165 Missae
3120 3104 3321 3165 docuit
3348 3126 3359 3167 :
3387 3114 3444 3166 et
3468 3106 3639 3185 cujus
3665 3125 3802 3185 prev

423 3200 1188 3281 breviatoranonymus,qui
1216 3200 1325 3262 sub
1353 3200 1533 3262 Bedae
1560 3199 1799 3260 nomine
1823 3200 2048 3260 circum
2090 3241 2128 3290 ο
2154 3195 2323 3258 cibus
2372 3194 2848 3290 Ep_lirem.Syrus
2878 3193 3081 3256 Grmre
3115 3194 3345 3254 locutus
3376 3202 3468 3255 est
3499 3214 3513 3257 :
3576 3198 3801 3277 quique

423 3293 633 3362 fertur,
685 3299 742 3351 et
798 3292 1110 3350 Baronium
1171 3290 1436 3369 aliosque
1496 3288 1695 3368 plures
1748 3287 1953 3348 fefellit
2004 3306 2072 3348 ac

428 3380 595 3459 fallit,
632 3378 783 3449 Ado,
846 3379 1110 3458 inquam,
1170 3380 1242 3439 ad
1303 3378 1560 3439 similem
1619 3377 1743 3439 fere
1796 3378 2070 3441 Usuardo

424 3468 1074 3537 commemorationem,
1101 3470 1195 3529 his
1211 3468 1406 3529 verbis
1424 3476 1769 3547 conceptam
1802 3488 1814 3526 :
1850 3490 1871 3522 α
1902 3467 2069 3546 Apud

425 3560 756 3622 Ca‘saream
788 3557 1173 3636 Cappadociae
1197 3561 1380 3619 sancti
1408 3557 1607 3619 Basilii
1630 3556 1919 3637 episcopi,
1947 3557 2068 3617 fra-

425 3652 529 3710 tris
551 3646 820 3724 Gregorii
845 3658 899 3706 et
942 3647 1119 3722 Petri,
1154 3674 1175 3705 ι)
1230 3647 1529 3729 prolixiori
1563 3647 1753 3725 elogio
1786 3647 2064 3707 eumdem

423 3739 508 3799 sic
533 3736 946 3817 prosequitur:
980 3763 1004 3792 α
1033 3738 1143 3810 Qui
1168 3758 1299 3799 cum
1322 3748 1477 3800 esset
1519 3737 1796 3799 omnibus
1838 3736 2034 3797 virtuti

424 3828 531 3889 bus
556 3825 854 3902 fundatus,
888 3836 946 3888 et
975 3828 1228 3909 quodam
1262 3838 1533 3906 tempore
1554 3846 1588 3888 a
1609 3826 1860 3888 Valente
1884 3826 2072 3906 impe-

427 3923 623 3978 ratore
656 3916 715 3976 in
749 3915 1025 3977 exsilium
1061 3936 1163 3997 pro
1187 3918 1306 3980 fide
1326 3924 1655 3996 cogeretur,
1683 3915 1980 3977 exhibitus
1997 3913 2070 3975 ad

427 4005 694 4067 tribunal
731 4006 1013 4085 praefecti,
1064 4006 1509 4087 terroribusque
1542 4014 1622 4075 (ut
1652 4006 1740 4066 illi
1771 4005 1954 4067 moris
1985 4010 2073 4068 est

427 4095 723 4174 potestati)
780 4103 835 4156 et
862 4096 1039 4157 minis
1060 4097 1335 4157 maximis
1356 4096 1447 4176 agi
1470 4096 1671 4176 etrapit,
1694 4104 1756 4157 ut
1778 4096 1891 4156 nisi
1914 4115 2068 4176 prae-

425 4183 615 4261 ceptis
634 4183 921 4264 principis
936 4184 1545 4260 obediret,interitum
1564 4185 1676 4247 sibi
1687 4186 1811 4266 jam
1823 4186 2070 4268 jamque

426 4282 698 4352 speraret
720 4272 1268 4353 impendere.Tunc
1293 4274 1759 4355 ille,intrepidus
1774 4284 1829 4335 et
1846 4274 2068 4356 absque

424 4360 547 4421 ulla
574 4361 755 4421 animi
792 4361 1257 4444 perturbatione,
1292 4364 1419 4425 haec
1450 4362 1561 4425 sibi
1586 4362 1878 4424 minitanti
1912 4383 2065 4444 pra:-

426 4449 579 4511 fecto
611 4452 991 4529 respondisse
1021 4452 1208 4513 fertur
1241 4474 1253 4510 :
1295 4476 1321 4507 α
1357 4457 1547 4532 Atque
1572 4451 1793 4512 utinam
1843 4452 2062 4532 aliquid

426 4539 571 4600 mihi
599 4549 755 4601 esset
785 4540 943 4619 digni
980 4543 1265 4617 muneris,
1292 4542 1448 4623 quod
1472 4541 1748 4602 offerrem
1781 4541 1940 4615 huic,
1967 4541 2068 4622 qui

428 4630 718 4690 maturius
743 4617 1021 4691 Basilium
1059 4631 1133 4691 de
1181 4617 1336 4693 nodo
1369 4631 1526 4692 follis
1564 4631 1739 4709 hujus
1789 4617 2065 4691 absolv-e-
2092 4617 2132 4666 ο

423 4726 539 4779 ret.
580 4745 604 4774 υ
642 4720 908 4800 Cumque
939 4720 1179 4781 daretur
1211 4720 1265 4782 ei
1300 4739 1412 4781 nox
1445 4738 1578 4800 quae
1608 4728 1732 4781 erat
1752 4720 1970 4802 media,
1994 4721 2067 4782 ad

423 4810 667 4879 spatium
694 4809 1068 4867 deliberandi.
1107 4809 1467 4879 respondisse
1490 4810 1676 4866 denuo
1695 4810 2066 4879 perhibetur:

431 4913 452 4946 α
492 4893 613 4967 Ego
645 4897 903 4951 crastino
936 4890 1062 4969 ipse
1096 4908 1199 4951 ero
1227 4891 1330 4967 qui
1382 4908 1540 4951 nunc
1573 4906 1586 4951 :
1623 4897 1680 4949 tu
1716 4898 1794 4971 te,
1842 4892 2066 4952 utinam

425 4996 543 5037 non
571 4978 887 5039 mutares!»
926 4977 991 5038 Ft
1027 4979 1127 5038 illa
1154 4979 1392 5059 quidem
1438 4988 1610 5040 nocte
1637 4997 1783 5039 uxor
1811 4979 2074 5059 impera-

426 5068 589 5135 toris,
606 5066 765 5127 velut
788 5068 1108 5128 tortoribus
1131 5067 2070 5148 tradita,cruciatur;fililiusvero,

427 5156 528 5236 qui
558 5155 645 5216 eis
702 5164 827 5215 erat
867 5155 1098 5227 unicus,
1161 5158 1502 5230 exstinctus,
1560 5166 1815 5237 paternae
1859 5157 2075 5236 impie-

426 5246 561 5307 tatis
588 5244 760 5305 solvit
784 5244 1078 5324 supplicia
1115 5264 1128 5307 :
1163 5247 1241 5307 ita
1265 5260 1320 5306 ut
1357 5255 1492 5307 ante
1515 5247 1704 5308 lucem
1740 5246 1905 5307 missi
1931 5247 2071 5328 sint,

428 5336 525 5416 qui
563 5342 840 5413 rogarent
875 5333 1161 5395 Basilium
1196 5345 1258 5395 ut
1292 5336 1570 5415 precibus
1592 5336 1713 5396 suis
1742 5336 2071 5397 intercede-

424 5434 516 5486 ret
549 5441 652 5502 pro
685 5427 797 5491 eis,
834 5440 909 5483 ne
939 5424 1115 5484 etiam
1144 5424 1277 5501 ipsi,
1307 5434 1363 5485 et
1386 5425 1626 5504 quidem
1655 5424 2074 5503 multojustius

2156 3292 2407 3345 mortem
2439 3283 2661 3345 Juliani
2696 3287 2995 3361 Apostatze
3014 3302 3121 3361 per
3138 3285 3559 3346 revelationem
3588 3305 3807 3363 cogno-

2154 3376 2255 3447 vit,
2292 3374 2395 3451 qui
2424 3373 2643 3434 vadens
2674 3374 2743 3433 ad
2773 3372 2991 3434 bellum
3024 3372 3351 3452 Persicum,
3388 3373 3499 3434 sibi
3526 3376 3581 3435 in
3607 3375 3800 3435 reditu

2155 3465 2627 3526 destructionem
2661 3463 2938 3525 Caesareae
2969 3461 3161 3522 fuerat
3190 3462 3607 3526 comminatus.
3650 3488 3671 3519 ιι
3710 3466 3800 3525 An

2156 3556 2490 3617 intellectus
2523 3571 2746 3623 errore,
2783 3571 2854 3613 an
2888 3552 3097 3613 calami
3131 3550 3380 3613 nimium
3436 3554 3795 3629 festinantis,

2153 3645 2558 3708 Nazianzenus
2592 3661 2693 3721 pro
2724 3644 2988 3722 Nysseno
3036 3642 3131 3703 hic
3182 3640 3427 3719 legatur,
3463 3661 3581 3703 non
3626 3643 3799 3705 facile

2154 3737 2393 3798 dixeris.
2428 3733 2512 3794 De
2543 3733 2796 3794 aliorum
2838 3731 2934 3792 hic
2967 3738 3335 3792 narraturum
3366 3733 3608 3794 veritate
3668 3742 3794 3795 sta-

2156 3836 2307 3907 tues,
2340 3843 2476 3888 cum
2502 3825 2648 3885 Acta
2680 3822 2925 3883 inferius
2954 3821 3147 3883 danda
3179 3821 3521 3901 perlegeris.
3644 3896 3649 3901 ἱ

2235 3920 2293 3977 4.
2322 3919 2385 3980 In
2414 3912 2728 3977 ritualibus
2749 3910 3086 3974 Graacorum
3103 3910 3295 3986 libris,
3315 3911 3428 3973 hoc
3449 3912 3546 3973 die
3564 3928 3654 3972 xtv
3682 3914 3797 3973 Ju-

2154 4007 2237 4069 nii
2264 4003 2563 4067 neminem
2597 4002 2853 4083 reperio,
2871 4001 3350 4081 quimentionem
3377 4001 3562 4063 sancti
3588 4001 3797 4064 Basilii

2152 4097 2569 4176 faciat.praater
2595 4093 2979 4172 Horologium
3014 4109 3119 4152 seu
3139 4090 3478 4167 Horarium,
3518 4090 3593 4152 ad
3618 4109 3793 4153 usum

2154 4184 2503 4248 monasterii
2527 4188 2753 4264 Cryptae
2776 4182 3008 4244 ferrata;
3030 4190 3087 4243 et
3116 4181 3367 4243 aliorum
3395 4181 3794 4243 monasterio-

2152 4294 2281 4337 rum
2311 4273 2536 4336 ordinis
2558 4271 2619 4334 S.
2647 4271 2869 4351 Basilii,
2898 4278 3143 4333 curante
3169 4268 3639 4331 eminentissimo
3657 4288 3795 4333 car-

2151 4365 2349 4427 dinale
2366 4361 2806 4434 Nerlio,Roma2
2829 4366 3215 4441 impressum,
3241 4358 3343 4419 ubi
3366 4358 3579 4438 legitur
3608 4358 3801 4421 divini

2154 4453 2336 4517 ofﬁcii
2366 4453 2462 4514 hic
2486 4452 2726 4512 titulus:
2760 4474 2786 4504 α
2815 4452 3013 4512 Sancti
3039 4449 3227 4511 Patris
3247 4448 3435 4510 nostri
3456 4447 3655 4509 Basilii
3679 4450 3801 4512 Ma-

2149 4545 2269 4622 gni,
2306 4569 2331 4599 »
2369 4541 2585 4604 deinde
2611 4539 3010 4620 praescribitur
3026 4539 3197 4613 ordo,
3223 4537 3526 4618 plerisque
3549 4537 3802 4599 desum-

2152 4635 2264 4714 ptis
2287 4652 2355 4695 ex
2388 4631 2577 4713 prima
2606 4629 2865 4692 Januarii
2902 4630 3048 4691 :hac
3076 4629 3236 4689 enim
3262 4626 3321 4687 in
3346 4628 3591 4705 praefato
3616 4625 3807 4690 Hora-

2152 4723 2241 4784 rio
2271 4722 2458 4784 sancti
2490 4720 2687 4782 Basilii
2721 4719 2933 4781 festum
2966 4716 3238 4791 habetur,
3274 4717 3622 4778 solemniter
3657 4736 3803 4797 per-

2151 4809 2801 4891 agendum,simulcum
2820 4807 2969 4868 festo
2990 4804 3585 4870 Circumcisionis.Et
3606 4806 3681 4866 de
3702 4806 3785 4867 Ba

2156 4901 2285 4962 silio
2318 4898 2554 4980 quidem
2589 4899 2658 4958 ad
2715 4896 2954 4958 missam
2988 4898 3098 4958 hoc
3130 4895 3361 4957 canitur
3416 4893 3743 4972 troparinm
3784 4914 3800 4958 :

2165 5011 2191 5051 c
2218 4992 2278 5049 In
2307 5006 2545 5050 omnem
2566 4996 2783 5049 terram
2804 4986 3171 5048 exivitsonus
3207 4993 3436 5064 tuus,ut
3468 4983 3804 5065 susciperet

2156 5097 2492 5141 sermonem
2524 5086 2713 5151 tuum,
2749 5095 2867 5156 quo
2902 5094 3008 5136 nos
3038 5075 3232 5136 divine
3282 5080 3802 5154 congruenterque

2156 5167 2482 5245 erudivisti,
2519 5165 2840 5245 explanans
2886 5173 3150 5226 naturam
3205 5181 3431 5236 rerum,
3487 5171 3548 5224 et
3598 5180 3801 5223 mores

2157 5254 2489 5319 hominnm'
2523 5273 2835 5316 exornans.
2874 5254 3099 5315 Behale
3146 5253 3572 5322 sacerdotium,
3625 5254 3801 5313 Pater

2156 5344 2699 5420 sancte,intercede
2721 5343 2875 5425 apud
2900 5341 3198 5405 Christum
3233 5344 3418 5405 Deum
3434 5348 3802 5411 nostrum,ut

2157 5437 2459 5499 salventur
2475 5435 2689 5495 anima:
2712 5440 2982 5495 nostram
3010 5431 3164 5495 Huic
3184 5429 3569 5508 subiungitur
3586 5428 3660 5488 de
3676 5428 3810 5489 Cir-

424 5510 897 5601 interirent._Sic
950 5514 1188 5588 accidit,
1224 5526 1284 5575 ut
1316 5532 1449 5575 cum
1502 5531 1711 5574 omnes
1739 5511 2066 5577 Catholicos

2160 5525 2522 5588 cumcisione
2548 5523 2743 5584 simile
2767 5522 3093 5601 troparium
3122 5542 3174 5585 ευ
3207 5519 3319 5592 Qui
3345 5520 3520 5580 sedes
3538 5519 3596 5578 in
3609 5518 3809 5579 excel.

427 5603 720 5684 expulerit
756 5596 991 5678 Valens,
1026 5602 1278 5665 Basilius
1320 5620 1509 5682 usque
1540 5602 1611 5663 ad
1643 5602 1784 5665 vitae
1830 5604 2072 5679 exitum,

2161 5615 2241 5677 sis
2267 5631 2446 5692 super
2473 5613 2755 5674 thronum
2786 5611 2972 5673 instar
3008 5610 3157 5689 ignis
3208 5607 3610 5688 splendidum,
3663 5625 3804 5668 cum

426 5694 782 5758 intemerato
813 5696 1251 5756 communionis
1282 5700 1682 5769 sacramento,
1719 5692 1779 5753 in
1809 5692 2079 5760 Ecclesia
2161 5704 2333 5769 Patre
2356 5712 2576 5767 mter-no
2607 5710 2665 5764 et
2694 5700 2892 5763 divino
2915 5707 3016 5765 tuo
3036 5699 3287 5783 Spiritu,
3310 5698 3581 5777 dignatus
3605 5714 3669 5759 es
3700 5714 3810 5759 na-

384 5836 459 5879 Ἧι

590 6010 601 6023 ο

628 6046 641 6053 ..Α

694 6074 705 6085 ο
752 6080 757 6081 ,
