4096 6210
87 117 461 377 Γ..

1014 340 1415 403 EXCERPTA
1459 340 1560 401 EX
1603 332 1820 401 ACTIS
1861 333 1920 395 S.
1969 332 2249 402 BASILII
2292 345 2877 411 BOLLANDIANIS.

3368 364 3695 416 CCLXXXVII

323 471 413 533 sci
442 470 503 532 in
537 479 696 565 terra
727 488 798 532 ex
826 479 1018 565 matre
1050 479 1146 534 tua
1194 473 1411 532 intacta
1448 469 1714 565 Virgine,
1749 476 1805 529 et
1836 464 1956 565 cirj
1977 474 2021 520 Α
2046 462 2123 565 Ea
2155 477 2399 539 metrico
2432 480 2608 543 etiam
2663 485 2986 565 Synaxario
3017 506 3121 549 seu
3154 484 3518 549 Kalendario
3552 485 3685 549 dies

327 560 585 623 cumcidi
616 578 763 640 puer
778 570 909 622 octo
934 560 1189 624 dierum:
1221 561 1297 622 sit
1322 559 1508 639 gloria
1533 559 1755 639 optimo
1778 556 1972 619 consi—

329 653 408 712 lio
434 650 751 729 tuo,gloria
776 650 1175 714 incarnationi
1210 651 1544 729 tum,gloria
1562 666 1808 710 summai
1834 664 1970 724 erga

330 760 436 802 nos
463 740 814 801 demissioni
834 742 1151 817 tute,unice
1172 740 1477 802 hominum
1496 748 1745 801 amator.
1775 762 1796 794 υ
1820 734 1970 799 Hinc

324 849 536 892 rursus
554 830 628 891 ad
653 830 940 892 Basilium
968 851 980 892 :
1021 855 1047 885 α
1082 832 1166 892 Τιι
1201 830 1357 891 basis
1390 830 1739 890 inconcussa
1759 826 1965 888 Eccle-

322 924 447 996 sise,
489 921 767 1001 praebens
800 920 1029 981 cunctis
1063 919 1416 981 mortalibus
1438 920 1778 981 inviolatum
1807 916 1969 978 refu—

324 1012 747 1090 gium,tuaque
764 1010 1129 1071 conﬁrmans
1158 1011 1472 1089 dogmata;
1500 1009 1633 1070 cceli
1656 1009 1841 1069 instar
1868 1023 1969 1065 re-

323 1100 678 1182 splendens,
710 1100 896 1160 sancti
924 1100 1118 1161 Basili.
1155 1126 1178 1154 ι
1229 1097 1513 1161 Similiter
1532 1096 1857 1178 etprimum
1877 1114 1972 1157 ve-

326 1190 669 1269 tustiusque
700 1190 983 1267 oﬂicium,
1016 1188 1377 1269 descriptum
1434 1189 1491 1248 in
1548 1190 1805 1259 Menaeis,
1842 1184 1972 1246 festi

327 1291 508 1362 atque
534 1281 724 1343 sancti
747 1282 1018 1342 encomia
1043 1281 1336 1355 miscet;et
1361 1281 1419 1340 in
1443 1279 1708 1360 vesperis
1727 1279 1970 1357 quidem

328 1370 511 1433 habet
566 1379 688 1432 tres
768 1389 976 1431 versus
1056 1372 1375 1451 similares,
1409 1380 1470 1430 ut
1518 1376 1770 1440 vocant;
1828 1388 1972 1448 quo-

324 1480 459 1523 rum
494 1461 723 1539 primus
752 1461 829 1521 de
862 1460 1013 1523 festo
1046 1460 1361 1521 ascribitur
1390 1462 1618 1541 Byzanti
1654 1481 1667 1525 ;
1703 1458 1822 1519 duo
1855 1476 1961 1518 au-

326 1561 447 1612 tem
482 1553 559 1611 de
602 1559 806 1611 sancto
851 1549 1128 1610 dicuntur
1186 1568 1317 1610 esse
1372 1549 1571 1611 Basilii
1616 1556 1676 1609 et
1722 1549 1968 1610 Joannis

319 1640 781 1713 monachorum,
816 1658 1067 1719 quorum
1106 1639 1397 1718 posterior
1431 1639 1662 1700 videtur
1693 1655 1824 1698 esse
1848 1636 1962 1697 Da-

315 1747 413 1791 ma
426 1728 839 1807 scenus,idem
863 1736 919 1789 et
940 1740 1152 1790 auctor
1172 1730 1415 1790 canonis
1432 1727 1643 1807 prolixi
1669 1726 1741 1787 de
1755 1725 1964 1787 eodem

314 1828 548 1893 sancto,
580 1820 675 1879 cui
707 1819 963 1896 elogium
1001 1821 1074 1878 de
1098 1818 1210 1879 vita
1244 1817 1642 1897 interponitur
1664 1818 1777 1878 hoc
1798 1814 1965 1875 disti-

2257 1814 2263 1816 ,
2548 1814 2581 1827 ,,
3232 1814 3238 1827 ,
3375 1814 3382 1817 .
3489 1814 3497 1821 ,
3580 1814 3622 1831 ,,
3668 1814 3679 1831 ,

2056 1833 2140 1886 καὶ
2173 1831 2348 1890 ἔπεισε
2408 1838 2533 1911 παρ’
2591 1839 2767 1916 ὀλίγων
2826 1844 2923 1908 τὴν
2982 1846 3182 1920 κῗρεσιν
3242 1844 3584 1915 ἂρνῆσασϐαι,
3638 1847 3683 1899 εἰ

314 1909 430 1970 cho
463 1916 769 1987 praeeunte
794 1930 806 1964 :

395 2023 469 2090 Ζῇ
502 2015 774 2077 Bac-flcio:
805 2017 891 2070 καὶ
921 2017 1091 2071 Θανὼν
1130 2017 1183 2072 ἐν
1219 2018 1411 2090 Kuoiio,

397 2084 469 2162 Ζῆ
504 2098 591 2151 καὶ
622 2093 745 2173 παρ’
775 2098 913 2169 ἡμῖν
946 2098 1017 2158 ὡς
1060 2096 1235 2153 λαλῶν
1268 2084 1321 2153 ἐξ
1350 2105 1455 2153 τῶν
1495 2097 1717 2175 βῖὅλων.

396 2196 693 2268 Basilius,
730 2199 918 2258 etiam
946 2206 1245 2266 mortuus.
1292 2198 1549 2260 Domino
1583 2202 1778 2277 vivit;

394 2278 696 2356 Nobisque
729 2278 898 2357 vivit,
927 2280 993 2338 in
1024 2285 1153 2339 suis
1185 2279 1436 2358 loquens
1470 2280 1664 2343 libris.

318 2382 526 2443 Exstat
552 2381 706 2461 apud
743 2380 1162 2442 Combeﬁsium
1211 2382 1397 2442 oratio
1429 2382 1615 2443 sancti
1647 2383 1967 2464 Amphilo-

315 2473 453 2537 chii,
486 2471 798 2527 luoniensis
831 2471 1170 2540 episcopi,in
1202 2470 1420 2527 Domini
1442 2474 1961 2537 circumcisionem,

314 2558 373 2618 in
398 2577 518 2638 quo
543 2556 645 2617 ille
672 2557 755 2617 sic
780 2555 854 2617 de
878 2566 1081 2616 sancto
1104 2555 1320 2617 Basilio
1348 2557 1616 2631 loquitur
1644 2580 1656 2621 :
1687 2581 1707 2614 ‹ι
1735 2558 1839 2619 llic
1860 2565 1970 2619 cir-

312 2647 851 2724 cumcisione,quze
874 2645 937 2705 fit
962 2645 1019 2704 in
1047 2646 1252 2724 spiritu
1278 2655 1335 2706 et
1356 2647 1552 2705 divino
1580 2646 1963 2727 baptismate,

313 2755 529 2815 magno
560 2736 759 2795 animo
811 2733 1151 2814 przedicata,
1189 2735 1499 2813 perspicue
1563 2735 1886 2797 admodum
1920 2742 1967 2797 si

2053 558 2246 624 obitus
2277 567 2407 646 ejus
2436 570 2549 632 hoc
2577 558 2746 636 versit
2778 577 3164 639 annuntiatur
3198 598 3211 637 :

2138 653 2505 738 Ἰαννουαρίοιο
2536 668 2683 730 θάνες
2719 670 2963 725 Βασιλέϊε
2996 672 3205 748 πρώτῃ.

2143 744 2296 825 Ipsis
2322 753 2625 817 occumbis
2654 760 2825 838 Juni,
2863 744 3110 833 Basilie,
3148 744 3457 822 Kalendis.

2057 839 2223 941 Tunc
2237 844 2413 904 etiam
2429 848 2698 941 ejusdem
2716 852 2924 914 festum
2944 855 3240 935 prazcipuo
3259 854 3412 914 cultu
3429 854 3692 915 celebra-

2058 935 2151 1027 tur
2173 935 2231 1027 in
2258 936 2632 1027 sanctissima
2655 959 2860 1020 magna
2877 943 3142 1005 Ecclesia
3158 942 3687 1024 Constantinopoli,

2055 1020 2138 1076 uti
2162 1020 2384 1119 legitur
2416 1026 2472 1086 in
2528 1028 2642 1090 line
2694 1032 2880 1112 Elogii
2932 1033 3221 1103 historici,
3260 1034 3412 1113 quod
3448 1020 3560 1093 hoc
3591 1020 3690 1094 die

2054 1112 2448 1209 recitandum,
2487 1121 2885 1195 praescribitur
2910 1123 2965 1183 in
3006 1126 3246 1186 Menaeis
3278 1112 3511 1185 excusis
3542 1125 3685 1187 Elo-

2053 1204 2212 1293 gium
2242 1204 2349 1266 hoc
2378 1226 2491 1267 non
2520 1219 2683 1271 caret
2713 1213 3264 1293 inendis.Quare,eo
3294 1214 3686 1293 omisso,satis

2056 1290 2243 1352 habeo
2276 1297 2604 1373 producere
2650 1301 2806 1362 aliud
2864 1303 3121 1375 brevius,
3158 1290 3262 1366 sed
3317 1290 3597 1365 vetustius
3631 1313 3691 1366 et

2052 1385 2409 1453 accuratius.
2430 1406 2497 1449 ex
2527 1389 2853 1470 Menelogio
2890 1394 3085 1454 Basilii
3112 1395 3666 1474 imperatoris,circi

2050 1486 2265 1532 annum
2299 1474 2415 1536 984
2447 1481 2783 1560 conscripto
2816 1484 2925 1544 hac
2950 1484 3263 1545 verborum
3299 1485 3519 1546 forma:

2131 1562 2187 1621 6.
2228 1573 2265 1619 Ο
2302 1576 2353 1619 εν
2388 1567 2583 1647 ’Λγίοις
2622 1575 2797 1649 Πατὴρ
2830 1577 2983 1647 ἡμῶν
3033 1576 3302 1641 Βασίλειος
3334 1578 3398 1643 ἦν
3458 1578 3539 1631 ἐπὶ
3586 1578 3683 1640 τῆς

2049 1650 2316 1723 βατελεὶας
2381 1658 2694 1738 Οὒαλενῖος,
2774 1662 2948 1719 ὅντινα
3024 1666 3285 1721 Οὖάλε-ιτα
3354 1668 3418 1721 τα
3483 1664 3684 1743 Ἀρείου

2049 1760 2139 1793 του
2203 1743 2460 1816 αἱρετικοῦ
2534 1760 2816 1827 φρονοῦντα
2896 1753 3386 1830 πχρῥπλτιαπὶμενῡς
3465 1755 3679 1831 ἤλεγξε,

2047 1922 2125 1994 μὴ
2187 1925 2570 2003 ιῖσχυνόμενον
2618 1933 2769 1988 αὐτὸν
2828 1931 3064 1987 ἔϐλεπεν·
3116 1934 3262 2007 ὅμως
3312 1936 3354 1989 εἰ
3406 1936 3497 2000 τὴν
3532 1935 3685 2009 αἵρε-

2047 2032 2128 2064 σιν
2188 2011 2399 2077 τελείως
2460 2018 2551 2071 οὒκ
2595 2019 2887 2097 ﬁguram-:9,
2950 2022 3080 2085 τέως
3141 2025 3227 2077 καὶ
3272 2029 3337 2098 τῇ
3392 2021 3682 2094 Ἐκκλησία

2047 2100 2329 2176 προσῆλθε,
2411 2105 2833 2185 λειτουργοῦντος
2911 2122 3000 2170 τσιῦ
3079 2112 3313 2185 μεγάλου
3383 2111 3677 2189 Βατιλεῖου,

2047 2192 2133 2245 καὶ
2166 2188 2687 2275 δὼραπροσέφερεψ
2729 2200 2795 2267 ἦν
2846 2200 2896 2255 δὲ
2954 2202 2979 2256 ὃ
3032 2202 3198 2278 μέγας
3243 2202 3514 2265 Βασίλειος
3578 2204 3685 2265 υἱὸς

2055 2279 2325 2336 Βασιλείου
2384 2292 2475 2341 τοῦ
2525 2286 2629 2342 ἀπὸ
2677 2299 2762 2344 me
2822 2292 3041 2362 Ηὸντου,
3098 2294 3181 2345 καὶ
3244 2290 3531 2364 Ἐμμελίας
3589 2296 3685 2357 τῆς

2052 2367 2156 2423 ἀπό
2214 2371 2305 2436 τῆς
2370 2374 2768 2457 Καππαδοκίας,
2815 2379 2956 2440 ὅστις
3016 2381 3067 2435 ἐν
3130 2380 3282 2459 copia;
3346 2382 3430 2434 καὶ
3488 2380 3683 2456 γνώσει

2052 2458 2254 2523 πάντας
2287 2464 2371 2517 καὶ
2422 2468 2543 2527 τοὺς
2598 2465 2854 2530 παλαιοὺς
2915 2469 3150 2539 ἐνίκησε,
3214 2469 3573 2547 κατεξαίρετυν
3634 2468 3687 2523 δὲ

2050 2560 2302 2607 τοσοῦτον
2335 2551 2544 2629 ἐγένετο
2590 2554 2835 2629 εὖλαϐὶς,
2869 2560 2939 2619 ὡς
2972 2561 3057 2614 καὶ
3118 2558 3391 2637 αρχιερεῦς
3450 2559 3685 2635 γενέσθαι

2051 2645 2143 2693 τοῦ
2211 2640 2392 2715 θρόνου
2456 2648 2791 2721 Καισαρείας,
2856 2646 2985 2704 ὅπου
3034 2652 3122 2705 καὶ
3193 2648 3418 2712 πολλοὺς
3478 2648 3683 2725 ἀγῶνας

2054 2727 2183 2804 ὑπὲρ
2216 2735 2312 2794 τῆς
2362 2732 2629 2807 ὁρθοδόξου
2690 2738 2916 2800 πίστεως
2966 2740 3247 2812 ὑπςιμείνας

3259 2787 3273 2817 ,
3307 2740 3393 2794 καὶ
3447 2736 3687 2813 βασιλεῖς

310 2827 444 2908 quis
462 2825 617 2886 alius
640 2824 747 2885 Dei
767 2824 1509 2896 cultor,circumcisionem
1540 2832 1595 2885 in
1620 2844 1799 2886 carne
1823 2834 1967 2885 suti-

2056 2818 2143 2872 καὶ
2202 2819 2469 2900 ὑπάρχους
2531 2824 2900 2895 καταπλεὶξας,
2974 2829 3059 2882 καὶ
3136 2834 3239 2882 τὼν
3294 2829 3568 2904 «ipsum-1
3624 2828 3689 2882 τὰ

315 2915 517 2976 movit.
560 2912 790 2975 Idcirco
825 2913 1000 2974 etiam
1034 2916 1163 2990 ejus
1192 2914 1260 2973 ad
1292 2915 1475 2975 Deum
1504 2933 1536 2973 a
1558 2924 1714 2975 terra
1742 2924 1799 2974 et
1830 2933 1967 2975 cor-

2056 2908 2298 2983 στὸματα
2356 2912 2546 2990 φράξας
2628 2928 2743 2977 τοῖς
2814 2915 3014 2993 λόγοις,
3076 2919 3161 2973 καὶ
3238 2914 3413 2991 βιϐλία
3457 2916 3686 2971 πλεῖπτα

311 3023 456 3085 pore
487 3004 712 3065 solutio
747 3003 1158 3083 migratioque,
1196 3022 1313 3064 non
1368 3004 1473 3065 abs
1524 3022 1612 3079 re,
1648 3023 1842 3083 neque
1882 3005 1967 3084 (ut

2056 3000 2522 3085 συγίραψάμενος,
2600 3006 2685 3058 καὶ
2762 3008 2917 3081 inpia:
2994 3007 3234 3080 Θαύματα
3303 3006 3686 3084 ἐργασάμενος,

313 3080 446 3176 quis
470 3102 688 3176 praeter
710 3080 1004 3155 rationem
1029 3080 1203 3154 fuerit
1229 3092 1585 3173 suspicatus)
1611 3113 1643 3154 a
1667 3080 1829 3172 casu,
1851 3080 1958 3155 bo-

2056 3084 2103 3141 ἒν
2164 3091 2346 3166 εἰρήνῃ
2380 3080 2515 3168 πρὸς
2565 3094 2747 3170 Κύριον
2784 3080 3132 3169 ἐξέδήμηαεν.
3168 3115 3197 3155 α
3233 3080 3483 3157 Sanctus
3515 3096 3688 3156 Pater

310 3185 525 3247 dierna
550 3184 649 3245 die
668 3182 1145 3245 circumcisionis
1167 3182 1764 3255 Jesu,mediadivinze
1789 3183 1962 3245 Chri-
2046 3185 2244 3237 noster
2274 3178 2518 3240 Basilius
2545 3182 2742 3243 ﬂoruit
2764 3183 2870 3243 sub
2898 3184 3159 3245 Valentis
3182 3183 3688 3263 imperio.Valen-

313 3275 387 3336 sti
413 3272 1147 3352 nativitatibaptismoque
1172 3273 1478 3332 concurrit
1509 3290 1524 3345 ;
1550 3273 1653 3333 sed
1680 3273 1835 3333 velut
1858 3274 1958 3353 qui
2050 3274 2163 3325 tem
2204 3285 2368 3347 vero,
2396 3270 2611 3331 Ariana
2629 3273 2838 3333 haeresi
2871 3273 3175 3349 infectum,
3201 3273 3446 3335 liberius
3477 3275 3688 3334 admov

316 3364 705 3427 beatissimus
740 3362 846 3436 vir,
873 3366 933 3421 in
959 3361 1174 3423 Christi
1210 3360 1529 3423 nativitatis
1562 3361 1963 3442 baptismique

310 3454 751 3516 renuntiatione
775 3460 831 3513 et
851 3452 1227 3523 exaltatione,
1252 3451 1626 3531 spiritualem
1655 3451 1967 3513 circumci-

314 3545 550 3605 sionem
582 3541 952 3612 exaltaverit,
989 3559 1156 3601 sacra
1188 3540 1499 3600 memoriae
1531 3544 1664 3620 ejus
1697 3541 1822 3620 die,
1856 3559 1972 3603 una

318 3642 377 3696 et
404 3634 538 3713 ipse
570 3632 919 3704 resolutius,
951 3633 1021 3692 ad
1074 3630 1371 3691 Christum
1418 3630 1659 3691 exaltari
1696 3631 1913 3690 meruit
1952 3649 1965 3693 :

313 3724 747 3801 decretumque
774 3722 879 3782 fuit
907 3729 967 3781 ut
993 3739 1096 3801 per
1119 3719 1176 3780 id
1205 3729 1439 3799 tempus
1460 3738 1657 3779 annua
1682 3719 1811 3799 ejus
1838 3738 1966 3781 me-

318 3813 505 3873 moria
519 3808 1601 3890 celebritasquerecolereturzidcirco
1621 3808 1969 3869 universalis

319 3920 424 3982 per
465 3919 681 3962 omnes
711 3900 875 3961 orbis
926 3909 1120 3980 partes
1168 3906 1510 3959 sanctorum
1554 3899 1965 3959 universorum

323 3992 611 4063 Ecclesia,
648 3990 1077 4050 sanctissimam
1139 3989 1269 4069 ejus
1317 4006 1664 4067 sacramque
1705 3988 1801 4048 die
1857 3988 1967 4049 hac

318 4099 499 4161 agens
532 4079 996 4159 gloriﬁcansque
1030 4078 1402 4148 memoriam,
1439 4078 1787 4156 gratissimis
1839 4078 1961 4139 Deo

2051 3356 2244 3417 nendo
2267 3358 3018 3441 redarguit,persuasitque
3040 3364 3467 3444 propemodum
3494 3364 3687 3423 haare—

2050 3444 2161 3505 sim
2196 3446 2493 3527 abjurare,
2530 3451 2575 3510 si
2612 3468 2726 3511 non
2760 3452 2868 3511 sibi
2906 3454 2958 3514 id
2992 3453 3271 3513 dedecori
3312 3454 3572 3514 futurum
3610 3453 3687 3513 ti-

2054 3534 2339 3600 muisset:
2376 3540 2645 3617 quamvis
2676 3542 2832 3602 enim
2868 3542 3139 3603 haeresim
3177 3543 3350 3622 plene
3380 3562 3494 3603 non
3526 3543 3690 3622 abju-

2053 3627 2289 3705 raverit,
2348 3629 2670 3690 accedebat
2726 3645 2921 3691 tamen
2975 3633 3045 3692 ai
3099 3633 3436 3706 ecclesiam,
3478 3653 3686 3712 magno

2054 3713 2270 3777 Basilio
2300 3734 2423 3777 rem
2459 3718 2718 3778 divinam
2754 3720 3029 3793 faciente,
3062 3729 3120 3781 et
3172 3723 3324 3783 dona
3374 3722 3679 3785 ollerebat.

2056 3804 2195 3865 Erat
2215 3824 2351 3865 vero
2380 3825 2623 3885 magnus
2655 3809 2904 3870 Basilius
2933 3811 3089 3871 [ilius
3115 3811 3311 3874 Basilii
3352 3812 3599 3891 Pontici,
3634 3823 3691 3873 et

2052 3892 2359 3956 Emmelia;
2390 3895 2778 3976 Cappadocis.
2810 3898 2914 3961 Vir
2945 3901 3059 3961 iste
3084 3903 3377 3981 egregius,
3404 3902 3691 3981 sapientia

2053 3992 2110 4043 et
2141 3985 2412 4047 doctrina
2441 4006 2664 4047 corevos
2708 4008 2873 4069 aeque
2933 4008 2999 4051 ac
3046 3990 3320 4069 antiquos
3369 3991 3686 4070 superavit.

2053 4074 2296 4136 Pietatis
2319 4095 2455 4137 vero
2483 4087 2609 4138 erat
2644 4088 2756 4139 tam
2784 4078 3042 4157 eximite,
3070 4090 3131 4139 ut
3154 4081 3211 4138 in
3246 4082 3521 4141 thronum
3555 4081 3685 4160 epi-

320 4170 619 4249 laudibus,
678 4187 792 4229 una
852 4169 1174 4239 Christum,
1240 4168 1339 4247 qui
1397 4168 1692 4245 gloriosus
1752 4178 1841 4229 est
1900 4168 1959 4227 in
2044 4164 2342 4242 scopalem
2367 4164 2649 4227 Cresireze
2682 4177 2920 4228 evectus
2943 4168 3042 4240 sit,
3078 4168 3255 4229 ubiet
3284 4171 3464 4229 multa
3492 4177 3683 4229 certa-

321 4265 547 4323 sanctis
575 4258 720 4338 suis,
756 4258 1004 4319 canticis
1037 4257 1296 4317 celebrat
1329 4266 1384 4318 ct
1406 4257 1713 4335 glorilicat.
1754 4285 1774 4314 ο

387 4352 441 4405 5.
477 4349 680 4407 Monaea
713 4362 941 4418 quoque
966 4346 1211 4402 Venetiis
1230 4362 1449 4410 excusa,
1477 4348 1659 4417 prima
1682 4348 1960 4415 Januarii,

2050 4253 2205 4313 mina
2229 4272 2332 4333 pro
2356 4256 2681 4317 orthodoxa
2704 4258 2818 4319 fide
2843 4258 3152 4323 sustinuit;
3180 4268 3480 4338 stuporem
3510 4258 3685 4319 simul

2049 4352 2105 4402 et
2136 4351 2425 4406 terrorem
2459 4345 2927 4426 imperatoribus
2956 4360 3011 4407 et
3046 4348 3334 4427 praefectis
3366 4348 3691 4428 incutiens,

319 4440 523 4519 utjam
550 4441 756 4501 dicere
776 4439 951 4517 ccepi,
979 4436 1236 4497 officium
1260 4437 1445 4497 sancti
1470 4437 1964 4498 Basiliisolemni—
1991 4431 2591 4523 οὴάπειίεοιιυιηᾳυθ
2653 4454 2757 4495 ora
2818 4436 3058 4495 dicendi
3120 4440 3171 4496 vi
3233 4436 3513 4498 obturans
3550 4457 3562 4497 :
3625 4456 3693 4497 ac

321 4540 408 4591 ter
437 4528 901 4606 celebrandum,
937 4527 1113 4587 simul
1147 4545 1279 4587 cum
1314 4527 1460 4588 festo
1493 4526 1967 4587 circumcisionis

318 4619 647 4699 praescribo
663 4618 989 4697 nt,hymnis
1003 4615 1179 4676 variis
1204 4616 1567 4695 canticisque
1580 4616 1648 4676 ad
1677 4616 1966 4677 honorem

317 4708 512 4770 sancti
545 4707 861 4781 intextum,
895 4704 1110 4786 quibus
1143 4704 1469 4765 orthodoxa
1493 4706 1624 4785 ejus
1675 4705 1965 4776 doctrina,

320 4798 636 4878 pastoralis
656 4795 1190 4867 sollicitudo,casta
1220 4795 1616 4866 conversatio,
1648 4794 1967 4856 miraculo-

318 4907 449 4948 rum
480 4888 672 4965 gratia
693 4885 929 4946 cmlitus
954 4902 1255 4961 concessa,
1287 4882 1620 4946 laudantur.
1648 4885 1964 4962 Exemplo,

321 4976 570 5057 reliquis
601 4973 863 5054 omissis,
899 4972 1017 5033 sint
1050 4974 1174 5034 haec
1208 4992 1221 5033 :
1265 4999 1286 5026 «
1326 4974 1549 5035 Dilfusa
1584 4985 1668 5034 est
1700 4975 1880 5051 gratia
1912 4974 1970 5034 iu

320 5066 491 5126 labiis
524 5064 667 5137 tuis,
693 5072 896 5125 sancte
932 5062 1123 5136 Pater,
1152 5070 1209 5123 et
1240 5062 1426 5124 factus
1461 5072 1659 5144 pastor
1687 5062 1972 5125 Ecvlesiae

322 5154 537 5216 Christi
567 5175 583 5230 ;
622 5152 879 5215 docuisti
907 5153 1230 5213 rationales
1256 5170 1392 5213 oves
1418 5153 1664 5214 credere
1696 5155 1754 5212 in
1780 5152 1971 5214 Trini-

324 5254 523 5321 tatem,
558 5243 1126 5305 consubstantialem
1154 5243 1212 5302 in
1248 5260 1363 5302 una
1386 5241 1621 5304 deitate.
1660 5243 1972 5305 Miraculo-

322 5353 451 5395 rum
483 5334 674 5411 gratia
722 5331 958 5394 caelitus
992 5340 1330 5393 exornatus.
1367 5333 1637 5392 fraudem
1676 5333 1969 5393 idolorum

324 5425 747 5503 pradicatione
787 5422 1128 5503 confudisti,
1162 5422 1484 5483 antistitum
1520 5422 1966 5501 princeps,glo-

324 5514 731 5594 ria,lulcimen
767 5512 1112 5573 beatissime
1136 5510 1336 5585 Basili,
1364 5521 1418 5571 et
1438 5515 1674 5573 Patrum
1700 5513 1965 5572 omnium

324 5602 611 5665 doctrinas
636 5602 971 5682 exemplar.
998 5600 1295 5662 Fiduciam
1338 5602 1491 5679 apud
1528 5600 1823 5662 Christum
1857 5618 1967 5661 na-

322 5691 673 5774 ctus,ipsum
697 5695 1127 5771 deprecare,ut
1144 5688 1228 5751 sal
1242 5696 1444 5751 ventur
1455 5688 1668 5751 animm
1682 5699 1923 5754 nostra).
1938 5716 1961 5745 ι»

2054 4522 2315 4602 tandem,
2354 4542 2486 4582 cum
2523 4525 2741 4584 multos
2777 4524 2965 4585 libros
3022 4526 3376 4605 scripsisset,
3413 4536 3469 4585 et
3502 4526 3690 4605 pluri-

2056 4630 2148 4672 ma
2182 4622 2469 4692 patrassct
2509 4614 2810 4691 miracula,
2835 4616 2892 4675 in
2927 4635 3071 4697 pace
3097 4616 3366 4694 migravit
3389 4618 3457 4675 ad
3488 4616 3693 4677 Domi-

2056 4720 2217 4763 num.
2259 4730 2283 4757 ι)

2133 4793 2193 4854 7.
2228 4796 2433 4873 Neque
2485 4795 2678 4857 solum
2713 4798 2768 4857 in
2804 4797 2988 4858 sacris
3022 4796 3361 4859 Grz'ecorum
3391 4796 3551 4857 fastis
3583 4797 3691 4857 hac

2055 4881 2151 4942 die
2179 4884 2472 4963 ascriptus
2502 4892 2593 4945 est
2623 4894 2861 4945 sanctus
2893 4885 3142 4947 Basilius
3181 4906 3195 4956 ;
3228 4885 3329 4945 sed
3369 4893 3527 4945 tanta
3560 4885 3692 4946 festi

2056 4973 2422 5055 solemnitas,
2458 4993 2584 5053 quae
2618 4991 2728 5055 per
2759 4976 3065 5038 Orientem
3102 4975 3291 5054 prima
3323 4974 3583 5038 Januarii
3617 4977 3687 5035 ad

2055 5063 2183 5141 cjus
2215 5065 2655 5125 venerationem
2690 5065 2953 5127 instituta
2983 5074 3093 5143 est,
3128 5064 3501 5127 occasionem
3536 5083 3687 5144 prce-

2055 5151 2182 5213 buit
2213 5154 2643 5233 antiquioribus
2675 5155 3105 5235 Martyrologiis
3135 5154 3382 5230 Latinis,
3408 5155 3538 5231 ejus
3561 5173 3691 5214 me-

2060 5243 2303 5303 moriam
2322 5244 2526 5304 saltem
2544 5244 2798 5322 aliquam
2822 5246 3025 5303 eadem
3048 5263 3282 5324 quoque
3299 5242 3393 5303 die
3414 5242 3691 5305 faciendi.

2062 5329 2218 5393 inter
2250 5352 2351 5417 eos
2386 5334 2543 5394 Beda
2573 5333 2981 5413 supposititius
3016 5333 3213 5413 habet,
3249 5333 3434 5393 sancti
3494 5333 3691 5395 Basilii

2054 5421 2341 5500 episcOpi.
2375 5421 2675 5483 Usuardus
2717 5422 3113 5498 Coloniensis,
3148 5424 3204 5482 in
3235 5426 3504 5486 Czesarea
3538 5422 3690 5502 Cap-

2056 5511 2317 5590 padocia:
2363 5513 2655 5591 depositio
2703 5514 2893 5572 sancti
2951 5512 3173 5573 Basilii.
3214 5513 3600 5592 .llaurolycus,
3638 5520 3691 5570 in

2053 5602 2320 5661 Caesarea
2347 5600 2730 5680 Cappadociae
2764 5601 3057 5681 depositio
3099 5602 3288 5664 sancti
3325 5600 3527 5661 Basilii
3561 5600 3691 5679 epi-

2051 5690 2420 5771 seopi,cujus
2434 5691 2750 5754 celebritas
2764 5691 2997 5754 decimo
3019 5701 3231 5755 octavo
3248 5691 3540 5754 Kalendas
3554 5688 3694 5750 Julii
