4096 6210
1060 307 1467 372 EXCERPTA
1518 310 1617 372 EX
1668 311 1888 375 ACTIS
1931 313 1996 374 S.
2049 311 2325 373 BASILII
2367 307 2947 374 BOLLANDIANIS.

2011 467 2050 501 Α
2075 445 2340 521 Augusto
2365 444 2789 523 imperante,et
2812 454 3095 525 regnante
3115 446 3327 508 Carolo
3350 448 3728 510 secunduHi-

420 444 803 506 Burcbardus
837 443 1167 519 Kederkin,

424 534 700 595 Nicolaus
730 534 1106 596 Brudimont.

970 622 1364 687 Subdiaconi.

420 715 686 777 Jacobus
719 715 794 775 de
826 712 1084 793 Campis,

420 804 633 866 Ricard
646 824 713 864 us
739 805 811 863 ile
839 804 1102 884 Capella,

416 895 711 958 Henricus
741 895 816 954 de
846 894 1034 967 Miret,

416 987 686 1047 Joannes
717 983 1016 1047 Damiens.

1021 1073 1330 1154 Acolylhi.

416 1164 663 1227 Carolus
692 1164 927 1237 Soillot,

415 1256 678 1316 Joannes
706 1253 783 1314 de
812 1252 1057 1333 Feraye,

418 1346 492 1406 Et
521 1344 784 1407 Jacobus
819 1344 892 1404 de
924 1344 1290 1422 Purgatorio.

804 1432 1048 1494 Notarii
1076 1452 1212 1494 vero
1243 1433 1517 1513 fuerunt,

410 1520 677 1584 Joannes
712 1522 1004 1601 Flaming,

413 1610 675 1672 .lacobus
705 1610 949 1674 Juvenis

412 1701 618 1764 Tertia
646 1702 953 1762 translatio
1002 1701 1389 1781 reliquiarum
1443 1703 1628 1763 sancti
1681 1701 1879 1764 Basilii
1928 1701 1987 1762 in

3553 329 3725 379 GCXCI

2073 534 2414 611 spaniarum
2449 549 2613 612 rege,
2649 533 2939 597 Flandria
2994 536 3231 615 comite,
3283 538 3726 600 accesserimus

2075 622 2476 701 supradictam
2514 622 2829 684 ecclesiam
2887 625 3316 707 cathedralem,
3382 625 3725 709 ibidemque

2076 712 2519 790 pontiﬁcalibus
2543 712 2759 793 induti,
2794 729 2926 775 Cum
2954 713 3243 775 ministris
3262 724 3319 775 et
3341 714 3571 779 lumine
3585 735 3729 796 pra—

2074 810 2242 862 sente
2265 802 2422 864 clero
2453 820 2520 862 ac
2548 802 3087 864 honorabilioribus
3112 804 3250 864 viris
3277 805 3428 866 infra
3453 806 3726 868 nomina-

2074 890 2167 970 tis,
2194 898 2251 951 et
2271 891 2570 968 frequenti
2593 892 2834 972 populo,
2865 903 3001 954 ante
3023 912 3321 954 summum
3346 897 3533 958 altare
3557 895 3727 957 chori

2073 981 2339 1059 ejuspem
2378 982 2665 1055 ecclesia,
2705 983 3013 1043 ilecantalo
3059 984 3220 1061 prius
3272 985 3510 1063 hymno,
3576 985 3728 1048 Veni

2072 1078 2306 1130 creator
2330 1069 2627 1147 Spiritus,
2656 1089 2788 1130 cum
2816 1072 3060 1132 collecta
3085 1072 3380 1151 ejusdem,
3412 1089 3724 1156 pOSIquam

2077 1176 2198 1217 rev.
2226 1157 2385 1219 adm.
2412 1158 2690 1220 dominus
2712 1159 2995 1240 decanus,
3021 1161 3136 1222 alta
3162 1180 3326 1236 voce,
3358 1164 3595 1227 nomine
3617 1184 3723 1227 suo

2078 1257 2138 1307 et
2161 1247 2398 1327 capituli
2431 1250 2785 1328 exposuerit.
2824 1268 2893 1311 ac
2926 1268 3033 1310 nos
3067 1252 3277 1311 iterum
3345 1254 3635 1331 rogaverit
3664 1263 3726 1316 ut

2077 1335 2463 1415 dignarentur
2484 1339 2765 1417 reliquias
2782 1339 3095 1419 pradictas
3120 1346 3305 1404 sancti
3320 1342 3518 1403 Basilii
3535 1352 3727 1405 trans-

2075 1425 2231 1487 ferre
2268 1427 2342 1487 de
2373 1428 2617 1505 antiquo
2653 1430 2710 1489 in
2744 1448 2959 1491 novum
2990 1430 3273 1490 feretrum
3308 1451 3323 1505 ;
3366 1435 3724 1509 jusserimus

2074 1516 2144 1574 ad
2172 1534 2280 1576 nos
2309 1516 2509 1577 afferri
2529 1524 2829 1598 antiquam
2852 1537 3088 1598 capsam
3109 1537 3213 1580 seu
3236 1520 3521 1582 feretrum
3538 1524 3726 1585 dicta-

2073 1622 2203 1665 rum
2236 1606 2622 1684 reliquiarum
2654 1608 2845 1669 sancti
2879 1608 3107 1683 Basilii,
3139 1618 3277 1671 ante
3308 1620 3579 1671 nostrum
3610 1614 3722 1676 ad-

2071 1703 2309 1755 ventum
2344 1696 2403 1755 in
2440 1716 2643 1757 mensa
2686 1716 2717 1757 a
2750 1699 2933 1759 latere
2991 1700 3272 1777 evangelii
3331 1710 3668 1781 expositum
3704 1735 3717 1776 ε

333 1810 545 1854 novam
576 1794 787 1852 iterum
812 1810 1331 1873 capsam,eamque
1359 1800 1725 1871 argenteam,
1756 1800 1990 1872 peracta
2015 1821 2049 1872 Β
2071 1785 2225 1864 quod
2250 1786 2465 1864 pravia
2496 1787 2763 1864 diligenti
2796 1788 3126 1849 visitatione
3156 1793 3491 1867 reperimus
3521 1791 3723 1857 debite

333 1883 553 1943 esthac
580 1890 779 1941 nostra
801 1888 996 1961 atate,
1014 1899 1167 1943 anno
1191 1882 1418 1942 scilicet
1446 1882 1620 1957 1687;
1647 1881 1989 1943 celebritate

331 1981 532 2032 autem
559 1971 795 2049 majori,
833 1970 883 2031 si
918 1970 1265 2048 dignitatem
1294 1990 1680 2050 personarnm
1707 1971 1984 2050 excipias,

332 2079 464 2141 qua
496 2060 797 2139 prioribus
850 2060 1270 2121 interfuerunt.
1331 2059 1560 2122 Etenim
1616 2061 1989 2122 caremonia

333 2168 542 2210 omnes
574 2150 860 2211 adhibita
892 2158 1051 2223 sunt,
1086 2170 1219 2230 qua
1264 2150 1699 2213 solemnitatem
1730 2150 1987 2211 reddere

333 2248 609 2319 poterant
631 2238 1534 2319 augustiorem,exquisitissima
1560 2246 1783 2301 musica
1805 2239 1987 2301 inter-

328 2330 595 2391 cinente.
621 2329 963 2391 Orationem
993 2331 1256 2391 Latinam
1283 2329 1487 2390 habuit
1513 2330 1739 2393 B.A.D.
1774 2333 1986 2392 Petrus

328 2422 520 2500 Maes,
554 2422 820 2501 ejusdem
884 2421 1239 2481 cathedralis
1289 2420 1559 2482 ecclesia
1610 2423 1981 2502 canonicus;

333 2510 658 2590 Belgicam,
691 2510 763 2571 ad
795 2512 1125 2571 confertam
1158 2510 1354 2589 populi
1414 2510 1790 2579 concionem,
1844 2510 1991 2572 dixit

325 2602 394 2660 P.
430 2598 690 2661 Jacobus
720 2599 890 2679 Mols,
927 2601 1230 2661 societatis
1257 2601 1396 2661 Jesu
1430 2600 1865 2661 celeberrimus
1894 2599 1985 2661 sui

330 2692 625 2768 temporis
654 2699 881 2751 oratur.
920 2688 1169 2770 Reliqua
1222 2688 1324 2749 tibi
1358 2689 1521 2750 dabit
1549 2689 1767 2769 ipsum,
1827 2690 1983 2767 quod

329 2796 402 2838 ea
430 2796 614 2857 super
642 2796 709 2839 re
740 2778 1076 2839 confectum
1111 2787 1220 2852 est,
1262 2777 1561 2857 publicum
1598 2778 1985 2839 illustrissimi

328 2867 561 2927 domini
612 2868 900 2948 episcopi,
957 2869 1237 2948 reliquias
1280 2867 1711 2940 transferentis,
1758 2868 1981 2929 instru-

330 2965 625 3018 mentum.

2074 1876 2755 1954 occlusum.Apertoque
2779 1878 2853 1937 de
2878 1879 3152 1938 mandato
3168 1888 3366 1939 nostro
3394 1880 3550 1940 dicto
3568 1884 3721 1944 anti-

2073 1985 2188 2063 quo
2202 1968 2692 2063 feretro,reperta
2709 1971 2816 2063 fuit
2834 1972 2894 2063 in
2913 1989 2981 2031 eo
3011 1972 3250 2063 parvula
3273 1973 3481 2063 cistula
3503 1973 3719 2063 lignea,

2073 2058 2251 2117 rubro
2280 2058 2539 2138 depicta,
2567 2060 3053 2122 vinculisferreis
3080 2062 3231 2122 bene
3249 2062 3507 2141 occlusa;
3532 2069 3586 2126 in
3607 2058 3723 2147 qua

2071 2149 2406 2226 reperimus
2438 2149 2546 2208 tria
2569 2168 2726 2231 ossa,
2755 2168 2968 2230 nempe
2990 2168 3259 2228 magnam
3287 2159 3510 2232 partem
3534 2156 3723 2236 spina

2073 2236 2257 2317 dorsi,
2292 2237 2387 2299 cui
2413 2238 2587 2299 afﬁxa
2609 2248 2699 2301 est
2719 2240 3003 2301 schedula
3037 2259 3420 2321 pergamena,
3447 2245 3502 2304 in
3525 2245 3723 2310 verbis

2070 2332 2400 2407 continens,
2440 2329 2745 2397 “manus
2774 2346 2967 2391 SANGTI
3003 2333 3222 2393 BASILII
3253 2348 3723 2410 ARCHIEPISCOPI;

2071 2424 2129 2475 et
2151 2415 2266 2476 duo
2296 2416 2615 2493 alia,simul
2634 2419 2893 2481 involuta
2914 2428 3209 2501 gossypio,
3232 2421 3562 2485 etobducto
3585 2425 3721 2489 albo

2070 2508 2260 2566 serico
2284 2504 2673 2588 Damasceno,
2704 2528 2837 2569 cum
2864 2510 3077 2571 litteris
3097 2514 3156 2571 in
3182 2530 3719 2591 pergameno,cum

2074 2613 2283 2674 magno
2308 2595 2505 2675 sigillo
2522 2599 3055 2673 rubro,exbibente
3074 2602 3331 2679 efﬁgiem
3351 2612 3708 2683 equestrem,

2074 2693 2130 2744 et
2154 2687 2362 2745 sericis
2393 2688 2649 2765 antiquis
2681 2688 3018 2767 ligamentis
3045 2691 3378 2770 adjunctis:
3422 2694 3590 2772 cujus
3625 2694 3717 2755 le-

2070 2783 2379 2851 ctura,tam
2405 2779 2463 2837 in
2488 2778 2679 2853 sigillo
2702 2798 2875 2857 quam
2908 2780 2968 2839 in
2998 2798 3504 2860 pergameno,non
3526 2785 3717 2861 potuit

2070 2864 2223 2945 ﬁeri,
2261 2875 2504 2947 propter
2532 2867 2774 2928 nimiam
2810 2878 3178 2933 vetustatem.
3214 2871 3501 2950 Dictaque
3550 2892 3706 2950 ossa,

2068 2954 2439 3036 discooperta
2452 2967 2508 3017 et
2529 2960 3306 3035 integreinventa,omnibus
3321 2962 3707 3041 praesentibus

325 3072 682 3118 HUMBEBTUS
723 3071 1096 3130 GUILIELMUS,
1162 3072 1256 3117 DEI
1300 3072 1377 3118 ET
1416 3072 1786 3120 APOSTOLICAS
1827 3072 1983 3119 SEDIS

2071 3048 2403 3109 veneranda
2423 3051 2803 3128 exposuimus
2826 3059 2882 3110 et
2903 3050 3297 3112 exhibuimus:
3317 3070 3385 3113 ac
3399 3052 3710 3132 praedictas

413 3153 622 3198 suam
680 3152 1673 3211 EPISCOPUSBItUGENSlS,PEltPETUUS
1692 3154 1765 3199 ac
1786 3154 1980 3199 nana-
2001 3166 2040 3216 ρ
2065 3136 2371 3219 reliquias,
2409 3138 2470 3196 in
2503 3138 2797 3218 corporali
2826 3139 2939 3200 alio
2992 3143 3210 3202 mundo
3240 3143 3415 3202 simul
3438 3143 3699 3224 junctas,

415 3234 680 3278 DITMUUS
733 3234 1032 3278 FLANDRUE
1095 3234 1549 3321 CANCELLamps,
1612 3235 1801 3281 REGle
1861 3235 1983 3280 sua
2064 3227 2349 3287 decenter
2371 3227 2643 3287 manibus
2667 3230 2883 3289 nostris
2907 3230 3277 3293 involvimus.
3303 3234 3704 3311 etinprasen-

411 3314 723 3359 KAJESTATI
766 3315 803 3357 Δ
844 3314 1116 3359 ΟΟΝΟΙΙΛΟ
1158 3315 1389 3370 STATUS,
1424 3308 1538 3360 etc.

419 3404 764 3467 «Universis
789 3414 849 3466 et
868 3406 1118 3484 singulis
1141 3417 1465 3487 prasentes
1489 3407 1717 3467 litteras
1739 3407 1976 3487 visuris,

2066 3316 2142 3374 tia
2164 3316 2447 3376 nostrain
2468 3317 2675 3378 eodem
2700 3318 2993 3398 corporali
3018 3316 3701 3385 consuicuravimusﬁlis

2066 3404 2319 3483 byssinis
2353 3422 2365 3465 :
2392 3405 2463 3464 ad
2490 3424 2635 3484 quas
2656 3406 2869 3467 eodem
2901 3411 3263 3471 reverendos
3290 3412 3609 3474 admodum
3642 3433 3709 3476 ac

326 3496 573 3574 seulegi
598 3495 917 3575 audituris,
940 3496 1191 3556 salutem
1218 3497 1273 3556 in
1312 3496 1583 3558 Domino.
1612 3496 1977 3558 Promotioni
2062 3493 2436 3555 venerabiles
2465 3495 2743 3556 dominos
2772 3496 2847 3557 de
2880 3500 3040 3560 clero
3091 3501 3361 3577 ejusdem
3416 3505 3709 3579 ecclesia,

328 3585 530 3645 cultus
559 3596 904 3645 sanctorum
964 3584 1229 3647 studiose
1287 3603 1526 3666 semper
1586 3584 1974 3660 intendimus,

327 3674 593 3735 scientes
618 3676 805 3736 Deum
834 3675 1305 3753 omnipotentem
1330 3676 1391 3735 in
1412 3676 1631 3737 sanctis
1658 3674 1781 3735 suis
1800 3676 1984 3735 bono-

327 3772 893 3836 ratum,sanctorum
920 3766 1183 3824 cultores
1208 3764 1279 3825 ad
1308 3774 1647 3826 sanctorum
1684 3771 1739 3825 in
1766 3770 1987 3825 aterna

332 3853 703 3914 beatitudine
724 3853 1069 3915 societatem
1096 3853 1508 3932 diSponere,et
1533 3853 1832 3915 efﬁcacius
1852 3873 1986 3935 per-

330 3942 577 4004 ducere.
607 3941 754 4003 Cum
779 3943 976 4023 itaque
1000 3962 1211 4024 nuper,
1264 3963 1333 4006 ex
1360 3946 1574 4023 pietate
1620 3954 1676 4005 et
1706 3947 1987 4007 muniﬁca

327 4029 687 4092 liberalitate
700 4032 1015 4093 reverendi
1036 4032 1432 4095 adm.domini
1455 4032 1702 4111 Eugenii
1719 4034 1792 4096 de
1809 4034 1978 4115 Vicq,

331 4121 539 4182 decani
572 4122 847 4183 ecclesia
878 4122 1236 4183 cathedralis
1266 4123 1468 4185 Sancti
1501 4126 1833 4199 Donatiani,
1869 4125 1977 4187 ab-

332 4212 525 4271 soluto
557 4229 745 4289 opere
776 4212 909 4272 novi
966 4212 1175 4275 feretri
1229 4230 1531 4273 sacrarum
1590 4212 1977 4294 reliquiarum

332 4305 486 4361 santi
521 4300 725 4361 Basilii
757 4302 977 4380 Magni,
1028 4302 1310 4364 Casarea
1364 4302 1424 4363 in
1454 4303 1824 4382 Cappadocia
1880 4322 1979 4365 ar-

333 4390 705 4471 chiepiscopi
738 4401 793 4453 et
851 4391 1233 4467 confessoris,
1295 4393 1609 4473 singularis
1642 4394 1891 4473 patroni,
1949 4414 1982 4456 a

2062 3583 2329 3663 aliosque
2359 3583 2744 3646 notabiliores
2762 3598 3111 3668 praesentes,
3141 3597 3257 3651 tam
3284 3594 3718 3658 ecclesiasticos

2070 3691 2245 3751 quam
2277 3673 2613 3745 saculares,
2641 3676 2713 3736 ad
2745 3676 3014 3737 osculum
3048 3690 3187 3741 ante
3209 3699 3507 3744 summum
3534 3686 3717 3747 altare

2070 3762 2334 3842 pradicti
2359 3762 2525 3823 chori
2541 3783 2644 3843 per
2660 3765 2929 3827 ordinem
2944 3767 3313 3835 admisimus.
3333 3773 3605 3835 Postmod
3618 3793 3715 3837 um

2067 3870 2275 3912 omnes
2306 3854 2546 3913 easdem
2579 3855 2885 3934 reliquias,
2924 3856 3080 3918 dicto
3104 3863 3397 3939 corporali
3429 3864 3713 3945 inclusas,

2067 3942 2127 4000 in
2162 3959 2311 4000 novo
2336 3942 2529 4002 serico
2553 3945 2809 4004 caruleo
2834 3945 2945 4006 ﬁlis
2970 3948 3181 4010 sericis
3205 3951 3471 4029 ejusdem
3497 3942 3718 4016 coloris

2066 4030 2439 4091 involvimus.
2478 4030 2747 4112 Denique
2776 4034 2933 4096 idem
2966 4037 3335 4101 involucrum
3363 4042 3715 4103 inclusimus

2066 4136 2241 4211 nova
2260 4121 2509 4194 cistula,
2534 4120 2607 4181 ab
2635 4132 2799 4184 extra
2819 4124 3048 4186 alfabre
3069 4127 3345 4208 depicta,
3363 4139 3420 4191 et
3442 4150 3717 4211 superna

2065 4210 2366 4288 inscripta
2395 4211 2576 4271 rubro
2612 4212 2811 4274 colore
2846 4234 2859 4273 :
2897 4216 3204 4285 BELIQULE
3255 4234 3455 4281 SANCTI
3488 4210 3717 4282 BASILIJ

2066 4297 2658 4372 MAGNJ,TRANSLAT}E
2681 4302 2961 4366 xntJUNtt
2993 4306 3145 4369 1687
3174 4328 3188 4387 ;
3217 4316 3277 4369 et
3303 4308 3374 4369 ab
3419 4312 3573 4372 intra
3611 4329 3715 4371 co-

2066 4397 2287 4468 operta
2316 4390 2504 4480 satino
2527 4393 2781 4453 caruleo
2801 4394 3000 4472 (quam
3030 4397 3241 4474 pravie
3258 4398 3425 4477 juxta
3454 4398 3718 4480 prascri-

336 4478 536 4539 multis
567 4487 730 4541 retro
760 4481 993 4542 saculis
1023 4481 1084 4542 in
1117 4482 1324 4543 eadem
1361 4482 1613 4544 ecclesia
1658 4484 1981 4546 cathedrali
2007 4518 2047 4567 ο
2068 4488 2229 4559 ptum
2264 4478 2621 4542 Pontiﬁcalis
2652 4483 2929 4564 Romani,
2963 4503 3099 4546 cum
3128 4488 3406 4565 pradicto
3441 4478 3589 4550 novo
3620 4487 3712 4550 fe-

331 4579 798 4649 asservatarum,
835 4578 891 4630 et
952 4570 1063 4649 pia
1113 4573 1480 4634 venerationi
1534 4572 1926 4634 exbibitarum
1963 4594 1980 4651 ;
2064 4568 2456 4659 retromajori
2480 4580 2782 4649 argenteo,
2812 4572 3392 4655 benediximus)uua
3413 4598 3546 4640 cum
3574 4594 3719 4659 pra-

331 4657 497 4718 adm.
532 4659 847 4720 reverendi
874 4666 933 4719 et
960 4659 1335 4721 venerabiles
1378 4659 1630 4733 domini,
1668 4662 1985 4740 pradictus
2066 4658 2333 4719 sentibus
2364 4660 2579 4719 nostris
2625 4660 2859 4736 litteris,
2899 4664 3175 4742 pradicto
3232 4657 3588 4745 pervetusto
3628 4665 3717 4727 illi

332 4747 601 4808 decanus
619 4757 677 4809 et
698 4747 1018 4828 capitulum
1044 4750 1319 4828 ejusdem
1345 4749 1987 4825 ecclesia,desideran-
2071 4764 2431 4828 pergameno
2482 4749 2964 4825 transﬁxis,inter
2983 4752 3127 4815 duas
3141 4756 3415 4819 culcitras
3434 4776 3504 4819 ex
3527 4757 3719 4819 satino

339 4844 430 4898 tes
463 4855 572 4917 pro
607 4854 781 4917 posse
806 4839 1091 4899 mandare
1144 4838 1508 4901 exsecutioni
1540 4839 1985 4901 translationem
2068 4835 2429 4927 caruleoah
2465 4844 2709 4918 utraque
2748 4850 2914 4919 parte
2940 4841 3148 4924 factas,
3172 4863 3241 4905 ac
3273 4848 3445 4927 copia
3478 4864 3585 4927 per
3613 4863 3719 4906 nos

334 4928 752 5005 pradictarum
787 4937 1128 4989 sanctarum
1162 4928 1575 5010 reliquiarum,
1611 4948 1685 4990 ex
1740 4929 1986 5006 antiquo
2070 4924 2473 4988 authenticata
2504 4935 2561 4989 et
2592 4928 2845 5007 sigillata
2878 4930 3187 5011 cujusdam
3222 4924 3549 4998 testimonii
3581 4936 3721 4998 anni

332 5014 396 5075 in
424 5014 791 5078 antedictum
816 5034 1032 5077 novum
1056 5016 1480 5094 feretrum,nos
1505 5018 1707 5079 debita
1727 5035 1860 5082 cum
1891 5018 1988 5079 in-
2072 5014 2371 5075 millesimi
2396 5017 2709 5077 contesimi
2733 5021 3075 5097 octogesimi
3100 5023 3249 5086 sexti
3266 5040 3370 5088 vnl
3396 5023 3718 5098 KalJunii;

338 5106 554 5167 stantia
578 5105 985 5187 requisierint,
1007 5105 1067 5168 id
1094 5108 1221 5169 ﬁeri
1253 5126 1387 5169 cum
1427 5107 1904 5171 solemnitatibus
1932 5114 1989 5169 et
2071 5123 2186 5185 qua
2218 5114 2402 5187 patet,
2428 5124 2535 5186 per
2560 5105 2919 5189 Philippum,
2946 5110 3129 5173 ﬁlium
3152 5113 3508 5177 Theodorici
3528 5114 3719 5177 comi-

339 5194 719 5257 caeremoniis
751 5196 1103 5276 opportunis
1131 5197 1205 5259 ad
1237 5198 1350 5259 hoc
1379 5198 1701 5278 requisitis.
2074 5202 2189 5255 tem
2224 5194 2539 5271 Flandria,
2574 5196 2636 5256 in
2670 5199 2985 5277 prasentia
3012 5199 3301 5265 Florentii
3333 5205 3563 5266 comitis
3584 5203 3726 5267 Hol-

427 5305 448 5339 ς
488 5282 645 5344 Hinc
675 5292 766 5344 est
798 5284 957 5364 quod
991 5304 1099 5346 nos
1133 5305 1205 5347 ea
1235 5287 1311 5348 de
1338 5306 1537 5369 causa,
1570 5305 1726 5349 anno
1756 5285 1997 5349 Domini
2079 5283 2315 5359 landia,
2354 5286 2605 5348 Gerardi
2636 5287 2934 5368 praepositi
2970 5290 3168 5354 Sancti
3213 5291 3550 5368 Donatiani,
3580 5293 3721 5355 item

343 5372 662 5434 millesimo
686 5376 1122 5436 sexcentesimo
1140 5384 1316 5457 atque
1334 5376 1699 5457 octogesimo
1716 5383 1996 5458 septimo,
2080 5376 2330 5437 Gerardi
2354 5376 2651 5456 prapositi
2675 5378 3024 5455 insulani,et
3047 5382 3263 5461 reliqui
3292 5383 3437 5446 cleri
3454 5384 3727 5447 ecclesia

343 5463 750 5553 mensisJunii
775 5463 876 5524 die
895 5480 1023 5543 xm,
1054 5465 1247 5546 pridie
1294 5467 1429 5529 festi
1489 5466 1756 5547 ejusdem
1811 5466 1997 5528 sancti
2086 5464 2281 5526 Sancti
2316 5466 2646 5547 Donatiani,
2675 5466 2983 5548 pradictas
3002 5471 3288 5553 reliquias
3312 5473 3504 5535 sancti
3527 5470 3728 5535 Basilii
3800 5482 3809 5485 ‘

368 5552 595 5627 Basilii,
622 5553 872 5616 sedente
894 5559 953 5614 in
983 5555 1263 5617 cathedra
1283 5556 1471 5618 sanctl
1492 5561 1647 5619 Petri
1668 5555 1873 5618 Roma
1900 5554 2004 5618 In-
2088 5554 2300 5634 Magni,
2336 5555 2596 5635 aliasque
2624 5557 2964 5638 complures
2990 5552 3170 5624 fuisse
3200 5562 3460 5625 visitatus
3512 5560 3728 5624 debitis

345 5644 625 5707 nocentia
652 5661 810 5727 papa
841 5644 974 5725 ejus
1006 5646 1268 5708 nominis
1315 5646 1661 5728 undecimo,
1706 5645 2005 5728 Leopoldo
2088 5644 2489 5727 caremoniis,
2524 5655 2583 5709 et
2607 5647 2796 5728 sigillo
2829 5650 3099 5733 ejusdem
3156 5652 3390 5717 comitis
3436 5652 3729 5716 Flandria
