4096 6210
417 337 607 387 CCXCII

1838 327 2431 396 PROLEGOMENA.

420 456 733 550 adjuncto,
759 457 1027 539 apposito
1056 457 1371 550 antedicta
1399 475 1565 521 nova
1596 457 1827 550 cistula
1865 460 2057 540 sigillo
2077 467 2121 519 Α
2143 459 2557 542 Hooghstrate,
2587 467 2804 529 comite
2837 467 2911 529 de
2935 466 3316 550 Renebourg,
3345 479 3380 532 a
3403 471 3657 534 concilio
3685 474 3808 536 mi-

420 555 648 624 nostro,
681 547 756 609 ab
789 559 1038 621 utroque
1069 547 1251 608 latere
1283 546 1344 607 in
1376 565 1516 609 cera
1548 547 1749 610 rubra.

513 641 692 701 «Acta
716 637 956 699 fuerunt
979 637 1181 698 hacin
1210 637 1394 698 choro
1416 656 1573 718 sape
1606 640 1779 701 dicta
1801 640 2068 704 ecclesia

423 729 782 791 cathedralis
805 727 1003 788 Sancti
1031 725 1343 787 Donatiani
1371 727 1604 807 Brugis,
1626 746 1806 810 anno,
1836 749 2064 812 mense,

423 828 480 881 et
501 818 846 898 die,quibus
873 816 1474 896 supra,prasentibus
1495 818 1555 878 in
1581 819 1791 880 eadem
1808 819 2065 881 solemni

418 907 799 969 translatione
827 905 1142 967 admodum
1174 908 1517 969 reverendis
1539 917 1595 970 et
1623 908 2064 972 venerabilibus

422 996 705 1071 dominis,
729 994 1000 1056 videlicet
1026 995 1212 1058 nobili
1237 996 1481 1058 domina
1505 999 1771 1076 Eugenio
1790 1001 1864 1061 de
1887 1000 2058 1078 Vicq,

412 1089 466 1147 J.
502 1085 572 1148 U.
608 1085 675 1148 L.
715 1084 1011 1167 pradicta
1052 1085 1324 1148 ecclesia
1373 1087 1641 1169 decano;
1701 1091 1769 1152 D.
1823 1088 2061 1152 Joanne

414 1176 679 1251 Pinckel,
732 1178 887 1240 S.T.
949 1175 1012 1236 L.
1067 1176 1529 1251 archidiacano;
1589 1177 1661 1240 D.
1713 1177 1935 1241 Jacobo
1989 1184 2064 1242 de

413 1267 586 1343 Crits,
626 1273 891 1341 cantare;
918 1267 988 1328 D.
1017 1266 1242 1327 Joanne
1263 1266 1337 1328 de
1374 1266 1587 1348 Blissy,
1622 1268 1681 1330 S.
1712 1269 1781 1330 T.
1843 1273 1909 1332 L.
1961 1289 2062 1332 ar-

412 1357 855 1438 chipresbytero
885 1373 901 1431 ;
935 1358 1005 1418 D.
1039 1355 1267 1418 Joanne
1318 1358 1634 1420 Francisco
1668 1359 1742 1420 de
1795 1358 2059 1421 Baillen-

409 1454 603 1528 court,
636 1444 690 1508 J.
731 1446 796 1509 V.
833 1445 896 1508 L.
934 1444 1116 1506 nobili
1149 1448 1218 1509 D.
1242 1445 1472 1509 Joanne
1493 1466 1600 1508 van
1626 1448 1879 1523 Volden,
1905 1449 1960 1513 J.
1987 1450 2058 1527 ν,

408 1539 478 1601 L.
515 1538 583 1596 D.
618 1535 934 1599 Francisco
966 1553 1076 1596 van
1107 1534 1316 1616 Torre,
1352 1536 1419 1597 Ι).
1455 1537 1698 1600 Claudio
1725 1540 1979 1617 Agretti,
2002 1543 2057 1604 J.

410 1627 481 1692 V.
517 1630 589 1690 D.
622 1626 807 1687 nobili
840 1629 908 1688 D.
943 1623 1201 1687 Roberto
1233 1627 1571 1689 Alexandro
1609 1629 1682 1688 de
1713 1627 1964 1709 Haynin,
2001 1629 2056 1691 J.

408 1715 477 1781 U.
513 1717 582 1781 D.
619 1717 861 1778 Alberto
894 1717 1232 1798 Claysman,
1259 1719 1308 1780 J.
1339 1719 1411 1781 U.
1442 1717 1509 1782 L.
1536 1718 1719 1780 nobili
1747 1721 1817 1782 D.
1847 1720 2060 1781 Carolo

2156 550 2310 614 litari
2338 573 2458 617 sua
2490 556 2815 636 majestatis
2873 564 2930 618 et
2976 557 3512 638 superintendente
3569 561 3812 623 militia

2151 643 2468 721 provincia
2489 645 2812 723 Flaudria;
2830 644 3017 708 nobili
3044 649 3110 709 D.
3124 648 3510 712 Ferdinando
3527 651 3816 731 Augusti-

2151 750 2226 794 no
2261 732 2339 796 de
2371 732 2544 815 Vicq,
2573 737 2854 816 toparcha
2880 736 2955 799 de
2978 737 3290 800 Meulevelt
3319 747 3380 801 et
3405 740 3814 816 Desmarreis,

2149 822 2446 886 civitentis
2476 825 2796 905 Brugensis
2829 827 3077 888 sculteto
3114 826 3342 902 ;nobili
3376 830 3446 892 D.
3486 830 3817 892 Francisco

2147 912 2334 993 Nans,
2369 913 2702 996 Toparcha,
2738 915 2813 977 de
2843 915 3352 994 Meetkerckhove,
3405 917 3816 1000 Brugensium

2146 1002 2567 1083 burgimagisto
2592 1005 2900 1085 primario;
2921 1005 3104 1067 nobili
3132 1006 3199 1068 D.
3224 1006 3469 1071 Claudto
3492 1008 3569 1070 de
3595 1011 3806 1085 Corte,

2143 1093 2534 1172 Brugensium
2559 1093 3009 1173 burgimagistro
3034 1096 3807 1174 secundario;nobiliChri-

2147 1184 2429 1265 stophoro
2461 1202 2568 1245 van
2597 1185 2843 1258 Volden,
2879 1185 3069 1265 prima
3092 1185 3485 1265 Brugensium
3519 1188 3806 1268 graphia-

2147 1272 2276 1348 ria;
2311 1272 2498 1334 nobili
2527 1272 2855 1336 Philiberto
2888 1293 2998 1336 van
3060 1273 3315 1350 Volden,
3382 1278 3664 1359 toparcha
3714 1277 3806 1340 de

2147 1362 2455 1440 Creugert,
2481 1362 3046 1425 Franconalensium
3075 1366 3323 1427 consule
3345 1367 3654 1447 primario;
3687 1387 3808 1429 no-

2147 1449 2251 1512 bili
2273 1451 2341 1514 D.
2365 1451 2605 1514 Nicolao
2629 1452 2904 1533 d’Heere,
2930 1455 3492 1517 Franconatensium
3518 1457 3805 1533 consule;

2145 1539 2586 1602 consultissima
2616 1541 2858 1603 domina
2879 1542 3100 1606 Jacobo
3126 1543 3200 1604 de
3223 1543 3810 1626 Steenberge,Frau-

2143 1631 2548 1692 canatensium
2581 1631 2921 1711 graphiaria
2955 1633 3232 1713 primaria
3260 1655 3274 1702 ;
3311 1635 3809 1718 [generosissimo

2143 1721 2264 1781 viro
2296 1719 2360 1784 D.
2398 1720 2711 1782 Ambrosio
2744 1721 2820 1782 de
2850 1720 3216 1801 Pracipiano
3257 1723 3473 1785 comite
3506 1724 3581 1787 de
3616 1723 3809 1804 Soye,

407 1806 624 1884 Triest,
651 1811 701 1871 J.
729 1806 800 1870 U.
823 1806 887 1869 L.
915 1805 978 1867 C.
1007 1806 1260 1868 Henrico
1287 1809 1522 1883 Mortel,
1548 1811 1616 1872 D.
1638 1810 1864 1871 Joanne
1888 1811 2054 1887 Bapt.
2083 1832 2120 1882 Β
2143 1811 2322 1889 regia
2351 1829 2475 1872 sua
2505 1811 2796 1890 majestati
2825 1829 2859 1872 a
2903 1811 3165 1873 consiliis
3199 1811 3430 1873 bellicis
3462 1823 3520 1875 et
3569 1815 3807 1876 militia

404 1899 659 1970 Besale,
693 1899 744 1959 .I.
777 1895 847 1958 U.
882 1896 944 1957 L.
972 1895 1038 1956 D.
1072 1895 1314 1958 Nicolao
1375 1896 1680 1976 Rosignol,
1705 1900 1775 1961 D.
1800 1897 2059 1979 Gaspare

402 1986 642 2068 Gelson,
677 1986 747 2048 D.
779 1985 1091 2047 Theodoro
1123 1985 1352 2062 Benoit,
1389 1986 1574 2048 nobili
1618 1987 1688 2050 D.
1719 1988 2056 2049 Alexandro

407 2097 515 2138 van
545 2075 799 2152 Volden,
832 2075 887 2138 J.
916 2076 987 2136 V.
1013 2076 1082 2137 L.
1111 2077 1182 2138 D.
1215 2075 1426 2138 Carolo
1455 2077 1663 2139 Alexio
1695 2078 1768 2138 de
1804 2076 2056 2139 Baillen-

403 2175 589 2244 court,
623 2165 678 2228 J.
715 2169 782 2226 V.
815 2164 879 2228 L.
908 2164 978 2228 D.
1010 2164 1236 2226 Joanna
1261 2165 1428 2246 Bapt.
1455 2169 1687 2231 vanden
1723 2167 2050 2250 Bogaerde,

406 2260 475 2321 D.
501 2255 795 2319 Ludovico
812 2253 1092 2329 Collaert,
1122 2253 1192 2318 D.
1230 2253 1406 2316 Petro
1437 2255 1621 2336 Maes,
1651 2255 1706 2319 J.
1745 2257 1814 2316 V.
1851 2258 1918 2319 L.
1951 2276 2054 2318 no-

403 2346 511 2409 bili
528 2345 597 2410 D.
613 2344 930 2409 Guilielmo
961 2344 1215 2424 Josepho
1234 2344 1530 2406 Alverado
1553 2365 1584 2425 y
1610 2348 2050 2422 Braccamonte,

399 2436 587 2499 nobili
617 2437 686 2498 D.
722 2433 942 2498 Jacobo
977 2432 1291 2496 Francisco
1323 2433 1398 2496 de
1421 2435 1685 2510 Aranda,
1712 2437 1762 2498 J.
1792 2437 1861 2498 V.
1888 2435 1949 2496 L.
1979 2435 2049 2499 D.

399 2525 576 2590 Petro
607 2526 896 2606 Stalpaert
924 2547 940 2598 ;
977 2524 1300 2600 canonicis,
1338 2524 1695 2605 presbyteris
1729 2545 1799 2587 ac
1823 2525 2052 2606 reliquo

399 2616 667 2699 ejusdem
699 2615 864 2676 chori
896 2614 1115 2676 clerico
1150 2632 1168 2687 ;
1223 2631 1456 2675 necnon
1489 2615 1647 2677 adm.
1706 2615 2050 2677 reverendis

396 2714 455 2769 et
483 2704 920 2769 venerabilibus
950 2703 1233 2775 dominis,
1264 2703 1386 2767 DD.
1414 2704 1652 2765 Placido
1677 2704 2046 2787 Ockerhout,

397 2807 454 2858 et
481 2795 727 2860 Msrtino
760 2794 948 2869 Colle,
985 2795 1044 2857 S.
1080 2793 1335 2856 Andrea
1367 2802 1427 2856 et
1449 2794 1819 2856 Dunensium
1842 2813 2048 2876 respe-

394 2887 543 2949 ctive
571 2883 887 2949 abbatibus
915 2901 931 2960 ;
967 2885 1036 2946 D.
1068 2883 1296 2946 Judoca
1328 2881 1514 2945 Ranst
1542 2885 1596 2947 J.
1631 2885 1706 2948 V.
1737 2889 1807 2948 L.
1841 2892 1900 2946 et
1931 2885 2042 2947 de-

393 2997 541 3040 cano
591 2975 857 3039 ecclesia
914 2973 1273 3036 cathedralis
1304 2975 1365 3037 S.
1425 2974 1674 3038 Bavonis
1726 2975 2038 3056 Gandavi;

2142 1901 2416 1982 prafecto
2440 1918 2455 1976 ;
2496 1900 2956 1979 generosissimo
2975 1901 3101 1962 viro
3126 1903 3196 1965 D.
3224 1901 3471 1964 Alberto
3491 1903 3567 1965 de
3590 1905 3797 1966 Mero-

2139 1990 2235 2068 de,
2271 1991 2483 2052 comite
2515 1990 2589 2051 de
2615 1987 2856 2052 Wattou
2887 1999 2947 2051 et
2993 1991 3205 2064 Thian,
3239 1990 3475 2054 tribuno
3537 1993 3802 2072 legionis

2140 2079 2430 2160 pedestris
2447 2077 2705 2160 prasidii
2721 2079 3257 2159 Brugensis,nobili
3276 2078 3501 2143 Jacobo
3515 2081 3589 2144 de
3603 2080 3799 2144 Croo-

2141 2169 2436 2239 mendale,
2469 2168 2599 2229 vice
2647 2175 2861 2229 comite
2894 2169 2968 2229 de
3014 2167 3341 2248 Vlieringe,
3375 2172 3655 2250 toparcha
3710 2173 3796 2234 de

2139 2259 2462 2321 Breethaut
2494 2278 2510 2334 ;
2550 2257 2738 2318 nobili
2769 2256 2840 2320 D.
2894 2257 3172 2338 Philippo
3203 2258 3445 2320 Alberto
3477 2260 3550 2321 de
3611 2261 3790 2340 Vicq,

2139 2349 2361 2410 barane
2391 2348 2464 2410 de
2496 2348 2794 2426 Cumtigh.
2834 2348 3116 2429 toparcha
3137 2347 3212 2410 de
3234 2348 3600 2430 Vissennacq
3630 2372 3644 2422 ;
3682 2370 3794 2413 no-

2138 2437 2240 2501 bili
2275 2441 2343 2501 D.
2377 2437 2610 2501 Joanne
2643 2437 2882 2513 Carillo,
2910 2438 3194 2518 toparcha
3213 2437 3286 2499 de
3312 2439 3777 2520 Cauwerbourg;

2137 2531 2323 2593 nobili
2353 2534 2423 2595 D.
2460 2529 2666 2593 Carole
2697 2529 2918 2610 Gillon,
2955 2530 3235 2610 toparcha
3265 2531 3342 2592 de
3395 2532 3736 2611 Snellegem
3767 2555 3786 2612 ;

2135 2631 2192 2704 et
2219 2623 2280 2682 in
2316 2619 2631 2704 prasentia
2655 2619 3075 2704 plurimorum_
3100 2620 3568 2704 reverendorum
3597 2631 3776 2704 atque

2132 2699 2571 2764 honorabilium
2603 2700 2918 2777 utriusque
2947 2699 3180 2761 ordinis
3209 2702 3495 2765 virorum.
3529 2703 3592 2762 In
3617 2699 3778 2784 qlia-

2130 2809 2261 2854 rum
2293 2797 2557 2853 omnium
2587 2789 2766 2851 (idem
2794 2807 2861 2850 ac
2921 2788 3326 2852 testimonium
3387 2790 3494 2852 has
3554 2791 3783 2855 litteras

2129 2882 2368 2963 propria
2398 2899 2579 2942 manu
2611 2879 2994 2957 signavimus,
3046 2895 3281 2941 necnon
3313 2881 3524 2960 majori
3576 2893 3781 2945 nostra

2127 2971 2344 3065 sigillo,
2377 2977 2438 3032 et
2467 2968 2777 3032 secretarii
2817 2967 3007 3031 nostri
3064 2974 3387 3046 signatura,
3420 2972 3783 3033 communiri

391 3063 741 3130 reverendis
777 3062 1041 3145 patribus
1072 3061 1288 3126 Garolo
1349 3062 1660 3126 Claesman
1708 3072 1766 3127 et
1823 3064 2040 3128 Jacobo
2119 3061 2438 3132 iussimus.

394 3157 564 3234 Mals,
599 3153 960 3236 presbyteris
991 3152 1304 3216 Societatis
1333 3151 1502 3218 Jesu.

474 3243 874 3311 Prasentibus
907 3245 1084 3306 etiam
1115 3249 1217 3304 aut
1267 3242 1530 3305 invitatis
1589 3241 2035 3326 pranobilibus,

391 3335 700 3418 generosis
722 3352 792 3394 ac
825 3331 1272 3395 honorabilibus
1299 3332 1440 3394 viris
1465 3331 1586 3396 DD.
1615 3332 2040 3396 excellentissi-

390 3447 489 3489 ma
519 3426 760 3488 domino
787 3422 1080 3505 Procopio
1107 3421 1182 3484 de
1215 3422 1441 3499 Lalein,
1486 3440 1556 3485 ex
1589 3422 1908 3486 comitibus
1963 3424 2038 3487 de

2706 3149 2777 3211 II.
2809 3145 2879 3212 G.
2914 3162 3225 3210 EPISCOPUS
3263 3163 3606 3215 pausansxs.
3663 3177 3692 3208 ι

2122 3240 2300 3324 Infra,
2334 3241 2408 3304 de
2432 3237 2719 3303 mandato
2741 3235 3150 3299 illustrissimi
3178 3255 3251 3300 ac
3277 3241 3785 3304 reverendissimt

2568 3327 2687 3391 Dnt'
2711 3328 2971 3408 episcopi
2998 3327 3268 3405 prmfati.

2245 3417 2655 3487 Brauckmans
2687 3425 2973 3480 secretar.
3007 3416 3183 3481 1687.

1093 3808 1253 3903 DE
1332 3809 1663 3903 VlTA.
1748 3804 2198 3902 BASILII
2279 3799 3070 3917 APOCRYPHA,

929 4030 1005 4091 Et
1046 4029 1264 4090 sancto
1308 4023 1752 4106 Amphilochia
1793 4022 2092 4106 episcopo
2136 4017 2450 4085 Iconiensi
2500 4033 2836 4099 perperam
2879 4017 3207 4100 imputata.

1999 4197 2097 4216 ﬂ

466 4353 979 4431 Quemadmodum
1018 4373 1194 4418 nemo
1245 4355 1472 4418 curavit
1520 4355 1709 4416 sancti
1759 4350 2248 4433 GregoriiDputa
2272 4350 2332 4414 S.
2367 4347 2694 4412 Natkerum
2730 4345 2792 4408 in
2849 4364 2958 4409 suo
3013 4345 3448 4427 Martyrologia,
3520 4349 3587 4406 ut
3645 4342 3768 4408 dixi

384 4447 737 4511 Nazianzeni
763 4446 956 4508 Vitam
978 4444 1267 4519 scribere,
1292 4453 1413 4506 tum
1442 4463 1576 4507 cum
1600 4443 1796 4507 adhuc
1819 4460 2034 4506 recens

385 4542 546 4601 esset
567 4545 831 4616 actorum
855 4537 984 4615 ejus
1006 4541 1315 4616 memoria;
1337 4535 1439 4597 sed
1461 4534 1688 4616 primus
1711 4532 2035 4613 Gregorius

383 4618 621 4698 quidam
638 4613 945 4700 presbyter
970 4617 1185 4677 saculo
1216 4613 1516 4679 circiter'x
1542 4613 1600 4676 id
1636 4632 1787 4695 opus
1808 4631 2034 4675 assum-

384 4708 524 4790 psit,
552 4717 670 4772 tam
700 4705 1045 4786 infeliciter,
1078 4715 1140 4766 ut
1206 4704 1333 4785 ejus
1364 4703 1606 4786 scriptio
1656 4702 1899 4783 indigna
1954 4702 2034 4764 sit

379 4799 503 4861 visa
535 4815 665 4878 qua
695 4796 848 4877 apud
880 4813 988 4856 nos
1018 4793 1428 4870 recuderetur,
1456 4794 1541 4856 sic
1571 4811 1765 4876 neque
1795 4800 2033 4854 sanctus

381 4888 643 4955 Basilius
673 4884 1033 4967 scriptorem
1069 4883 1254 4948 atatis
1308 4883 1657 4965 propinqua
1687 4891 1746 4944 et
1799 4881 2031 4944 idonea

379 4975 645 5039 scientia
665 4976 930 5054 reperit;
970 4972 1187 5037 saculo
1233 4980 1430 5035 autem
1455 4989 1558 5035 VIII
1584 4969 1682 5034 uel
1709 4988 1788 5045 lx,
1814 4969 2033 5051 prodiit

379 5065 616 5146 aliquis,
646 5069 735 5126 vel
753 5063 875 5126 ﬁcti
907 5063 1167 5125 nominis
1196 5061 1678 5144 Amphilochius.
1707 5078 1886 5127 ausus
1914 5059 2030 5122 ali-

381 5159 527 5242 quid
557 5167 675 5220 tam
698 5156 877 5235 digno
896 5164 1241 5235 argumcnto
1264 5174 1475 5238 parum
1496 5154 1862 5218 conveniens
1895 5174 1908 5216 :
1934 5153 2033 5216 cui

377 5258 575 5312 tamen
600 5245 920 5328 postremis
942 5244 1034 5306 his
1059 5245 1293 5308 saculis
1317 5263 1590 5326 magnam
1612 5243 2028 5308 auctoritatem

376 5337 625 5402 contulit
680 5336 752 5397 L.
803 5333 1281 5414 Amphilochius,
1332 5336 1656 5398 Icaniensis
1712 5339 2027 5414 episcopus

375 5428 610 5512 ipsique
626 5431 830 5488 sancto
848 5423 1613 5506 familiarissimus,facilius
1630 5422 1896 5486 creditus
1912 5426 2024 5484 Ba-

2114 4443 2346 4506 Camm.
2381 4457 2470 4520 pr.
2507 4457 2567 4501 n.
2599 4438 2680 4515 7;
2731 4435 3106 4517 Sigebertum
3133 4435 3648 4516 Gemblacensem,
3699 4434 3765 4496 in

2115 4528 2419 4607 Catalogo
2440 4527 2784 4592 illustrium
2821 4527 3192 4606 scriptarum
3219 4523 3496 4604 ;Petrum
3525 4524 3767 4604 episco-

2115 4637 2254 4700 pum
2285 4617 2653 4700 Equilinum,
2691 4617 2748 4677 in
2779 4614 3074 4697 Catolaga
3122 4621 3496 4695 sanctorum,
3527 4613 3640 4678 lib.
3694 4630 3766 4690 ιι,

2115 4727 2250 4790 cap.
2281 4709 2400 4784 28;
2436 4705 2817 4769 Vincentium
2860 4704 3368 4786 Bellovacencem,
3403 4704 3464 4766 in
3507 4704 3768 4784 Speculo

2113 4798 2424 4874 historico,
2454 4795 2554 4859 lib.
2584 4812 2700 4872 xxv,
2734 4812 2864 4877 cap.
2893 4795 2996 4874 78,
3030 4794 3106 4859 79
3158 4803 3217 4857 et
3247 4793 3325 4857 8O
3351 4813 3368 4870 ;
3398 4794 3463 4858 S.
3510 4793 3773 4872 Antoni-

2113 4907 2280 4958 num,
2313 4898 2484 4971 parte
2516 4904 2583 4967 Il,
2616 4887 2704 4951 tit.
2731 4886 2794 4966 9,
2827 4904 2962 4967 cap.
2996 4886 3059 4966 5,
3089 4884 3119 4966 §
3148 4885 3186 4947 8
3214 4904 3231 4963 ;
3264 4881 3495 4946 Sixtum
3526 4884 3767 4946 Senen-

2113 4996 2264 5053 sem,
2291 4978 2469 5040 lib.iv
2491 4974 2878 5039 Bibliotheca
2894 4985 3144 5056 sancta,
3162 4990 3421 5036 omnesa
3445 4973 3770 5037 Rosweido

2113 5066 2322 5130 citatos
2351 5065 2423 5128 ad
2443 5066 2608 5128 Vitas
2641 5067 2876 5127 Patrum
2911 5082 3048 5145 pag.
3086 5064 3198 5128 165
3231 5060 3546 5131 .omnibus
3570 5071 3767 5126 autem

2111 5155 2341 5237 praivit
2369 5153 2580 5218 Ursus.
2614 5151 2679 5216 S.
2712 5155 2787 5216 R.
2820 5151 2888 5230 Ε.
2923 5151 3346 5229 subdiaconus,
3406 5151 3555 5214 Vita
3606 5151 3771 5217 illius

2111 5245 2412 5326 interpres
2443 5242 2660 5306 saculo
2689 5259 2772 5318 rx,
2809 5249 2872 5303 ut
2907 5260 3042 5305 mox
3067 5241 3321 5307 dicetur.

2191 5338 2252 5397 2.
2277 5335 2408 5398 Istis
2429 5340 2632 5398 tamen
2660 5331 2940 5393 omnibus
2958 5332 3190 5394 cautior
3211 5330 3766 5412 Baronius,eﬂlore-

2108 5433 2314 5486 scente
2341 5423 2622 5504 paulatim
2637 5421 2871 5484 critices
2896 5420 3227 5501 majoribus
3242 5420 3530 5501 neglecta
3571 5421 3769 5486 studio

375 5508 496 5582 silii
514 5508 700 5580 vitam
715 5512 1192 5596 scripsisse,quia
1210 5514 1384 5596 hujus
1398 5513 1736 5578 encomium
1755 5512 2018 5595 aliquod,
2105 5513 2168 5576 in
2187 5511 2354 5580 Natis
2382 5513 2457 5576 ad
2489 5514 2824 5577 Romanum
2854 5508 3358 5599 Martyrologium,
3391 5526 3432 5572 ιι
3462 5508 3763 5599 Januarii,

377 5607 536 5692 quod
562 5622 745 5687 supra
767 5601 938 5664 nobis
961 5603 1197 5686 Prologi
1237 5604 1368 5667 loco
1399 5604 1530 5683 fuit,
1556 5603 1870 5686 reliquisse
1907 5621 2018 5684 po-

376 5699 560 5764 steris
570 5692 1068 5772 sciebatur;omni
1078 5692 1238 5756 haud
1252 5693 1431 5757 dubie
1444 5693 1562 5757 ﬁde
1578 5692 2021 5773 dignissimum.

374 5787 626 5871 Decepit
652 5801 724 5849 ea
754 5801 851 5848 res
882 5782 1199 5866 plerosque
1229 5783 1527 5862 sequioris
1547 5783 1653 5846 avi
1673 5781 2022 5864 scriptores,

2108 5602 2189 5664 ait
2226 5624 2240 5668 :
2281 5627 2308 5658 α
2341 5602 2545 5668 Exstat
2588 5597 3000 5681 Amphilochii
3056 5599 3303 5663 nomine
3357 5601 3600 5682 scripta,
3630 5597 3772 5684 vn;

2107 5692 2314 5754 Basilii
2335 5710 2466 5774 qua
2490 5701 2714 5766 tamen,
2745 5707 2818 5753 ex
2840 5688 3294 5770 prudentiorum
3322 5689 3592 5752 omnium
3617 5707 3767 5754 sen—

2108 5781 2314 5864 tentia,
2346 5782 2596 5847 alterius
2624 5779 2955 5860 cujuspiam
2985 5779 3185 5860 potius
3211 5797 3390 5860 quam
3445 5781 3764 5862 Amphilo-
