4096 6210
522 303 930 365 EXCERPTA
980 305 1081 364 EX
1129 305 1346 365 ACTIS
1391 306 1449 366 S.
1503 306 1774 378 BASILII
1821 309 2407 376 BOLLANDIANIS.
2445 350 2506 360 --
2551 318 2733 381 VITA
2782 321 3252 386 APOCRYPHA.

3423 341 3635 392 CCXIIII!

227 436 388 540 chii,
415 436 665 516 aequalis
694 436 1078 540 Ba.si_l_io,esse
1102 447 1367 539 putatur;
1400 458 1548 540 (τωρ.
1564 440 1759 522 aliqua
1781 440 1900 540 illic
1921 450 1972 498 Α.
1984 445 2222 540 planum
2257 457 2316 540 et
2346 449 2679 540 simplicem
2713 453 3018 534 affectans,
3051 455 3351 520 abstinere
3403 462 3620 540 potuit.

232 525 584 590 habeantur,
615 545 746 608 quae
767 526 852 588 illi
895 527 1092 589 minus
1120 528 1437 590 convenire
1457 529 1800 596 videntur.»
1831 533 1896 593 Et
1981 531 2156 595 Plura
2188 537 2442 600 subinde
2467 525 2830 620 explicando
2864 525 3142 621 litteram,
3180 525 3630 612 nulliustamen

231 619 296 678 in
324 618 662 716 Αῃηαίὶὺυε
691 619 1719 716 a_d_an.h37§,hcquaiitmphilochii
1746 623 1896 716 falso
1981 626 2352 716 pra‘jutlicio.
2395 654 2416 686 υ
2455 618 2933 693 liacCombefisii
2963 618 3223 696 rationes
3247 639 3627 716 postmodum

235 710 477 768 nomine
493 707 684 769 fertur
715 707 842 769 Vita
868 708 1122 782 Basilii,
1151 711 1302 770 haud
1323 710 1500 789 digna
1521 720 1663 773 satis
1703 712 1891 775 habe-

1979 715 2391 792 expendenda:
2415 727 2590 780 erunt
2609 738 2621 781 :
2648 722 3050 802 interim,cum
3076 715 3329 786 fateatur
3348 729 3498 789 Acta
3519 728 3630 790 ista

229 806 331 858 tur
361 817 490 876 quae
520 797 888 858 eruditorum
923 798 1168 859 auribus
1193 799 1495 879 ingeratur
1523 821 1538 876 ;
1581 801 1692 861 nisi
1733 804 1884 866 adeo
1978 804 2410 885 qualiacunque
2430 825 2461 868 a
2488 797 2932 890 monachis,per
2952 831 3203 890 quorum
3220 833 3430 878 manus
3446 825 3631 880 trans.

219 887 344 946 sint
365 887 739 968 perpicaces,
769 898 828 948 ut
850 888 907 948 in
933 888 1007 948 iis
1031 907 1167 966 quae
1189 895 1302 950 sint
1349 908 1526 952 veraa
1550 892 1713 953 falsis
1753 896 1880 955 dis-

213 979 465 1056 quirere
497 996 565 1038 ac
612 997 927 1038 secernere
959 980 1214 1041 valeant.
1248 978 1566 1060 Complura
1599 983 1760 1044 enim
1799 984 1880 1055 ibi

214 1085 362 1128 vera
394 1086 558 1148 esse,
596 1068 826 1129 inficias
859 1088 1037 1129 nemo
1060 1069 1272 1142 iverit;
1307 1079 1370 1130 ut
1421 1088 1489 1131 ea
1521 1073 1874 1153 praesertim,

219 1174 358 1234 quae
381 1156 454 1216 ab
479 1156 770 1217 ambobus
795 1156 1122 1237 Gregoriis,
1149 1159 1517 1221 Nazianzeno
1537 1169 1715 1242 atque
1737 1166 1878 1242 Nys-

218 1263 391 1316 seno,
425 1265 660 1307 necnon
693 1265 762 1306 ex
795 1245 1050 1325 Ephrem
1085 1266 1216 1310 esse
1247 1257 1570 1311 noscuntur
1606 1261 1871 1334 accepta,

220 1333 310 1395 vel
344 1333 416 1394 ab
450 1334 720 1396 Helladio
766 1344 1060 1396 mutuatus
1110 1345 1196 1396 est
1227 1346 1454 1398 auctor.
1497 1363 1517 1394 ι)
1577 1339 1876 1403 Hactenus

218 1424 522 1485 Baronius
549 1442 562 1486 :
593 1424 710 1503 cui,
738 1433 799 1486 ut
825 1427 1140 1503 assentior,
1173 1445 1310 1488 vera
1335 1445 1467 1488 esse
1490 1447 1622 1508 qua:
1641 1449 1675 1490 a
1703 1450 1875 1510 pseu-

218 1514 294 1574 do
327 1515 438 1576 Am
449 1514 750 1594 philocbio
766 1533 834 1575 ex
849 1515 1189 1576 auctoribus
1207 1517 1729 1581 idoneistranslata
1741 1534 1874 1583 sunt

215 1602 276 1663 in
311 1603 509 1665 Vitam
541 1605 735 1677 istam,
773 1605 849 1665 ita
884 1605 968 1665 vel
1019 1606 1155 1666 inde
1182 1617 1381 1686 patere
1414 1607 1709 1690 existimo,
1745 1612 1874 1673 haec

219 1694 628 1775 Amphilochii
654 1713 770 1754 non
798 1712 928 1756 esse
950 1718 964 1771 ;
989 1714 1122 1757 cum
1142 1706 1338 1756 autem
1357 1697 1632 1779 aliorum,
1659 1719 1787 1779 quae
1811 1703 1869 1762 in

1966 890 2186 971 ierunt,
2214 894 2442 956 fabellis
2467 897 2816 976 interpolata
2841 916 2996 970 esse;
3023 919 3139 980 qua
3174 901 3236 964 in
3275 921 3366 979 re,
3391 923 3618 985 quaeso,

1965 980 2239 1042 dissentit
2265 1003 2297 1043 a
2323 986 2579 1048 Baronio
2602 993 2628 1049 ?
2654 989 2756 1063 qui
2789 1000 3010 1063 monet,
3065 990 3125 1050 in
3176 990 3388 1054 iisdem
3408 980 3610 1058 —Actis

1967 1089 2101 1131 vera
2143 1091 2175 1132 a
2212 1073 2371 1134 falsis
2403 1074 2662 1137 discerni
2710 1076 2951 1140 debere.
3008 1077 3131 1140 Erit
3173 1079 3369 1160 itaque
3421 1101 3620 1162 operae

1965 1161 2228 1256 pretium
2286 1182 2495 1256 rursus
2548 1166 3030 1256 qualemcunque
3073 1161 3558 1250 Amphilochium
3598 1223 3613 1256 ,

1961 1252 2223 1328 seposito
2260 1253 2425 1313 omni
2459 1255 2832 1334 praejudicio,
2870 1257 3251 1334 examinare;
3285 1269 3346 1320 ut
3373 1252 3619 1342 quaisita

1961 1356 2098 1397 cum
2132 1341 2293 1402 omni
2332 1343 2680 1405 sinceritate
2714 1345 2924 1405 veritas
2957 1346 3210 1408 inveniri
3243 1349 3456 1428 possit.

2036 1428 2096 1488 4.
2131 1427 2309 1490 Ursus
2341 1432 2398 1493 S.
2430 1431 2576 1494 ΗΕ.
2598 1427 3415 1515 subdiaconus,quiGrzecam
3439 1440 3614 1502 istam

1965 1516 2182 1608 Basilii
2219 1520 2413 1581 Vitam
2463 1523 2690 1601 primus
2733 1524 3044 1586 Latinitate
3097 1527 3354 1589 donasse
3403 1531 3609 1608 scitur,

1957 1607 2095 1666 vixit
2127 1612 2496 1688 temporibus
2545 1615 2841 1674 Anastasii
2902 1613 3360 1678 Bibliothecarii.
3405 1607 3611 1682 Exstat

1955 1697 2137 1758 enim.
2178 1707 2323 1759 teste
2357 1701 2708 1782 Rosweydo,
2733 1701 3015 1764 Romaein
3043 1703 3414 1769 bibliotheca
3438 1706 3609 1771 Valli-

221 1784 323 1844 illa
357 1793 704 1859 narrantur,
740 1784 963 1844 falsitas
992 1787 1182 1864 retegi
1219 1785 1385 1846 facile
1419 1787 1623 1865 possit,
1660 1809 1869 1854 conse-
1897 1815 1934 1864 Β
1957 1786 2188 1879 69Ηᾶηᾶ
2219 1788 2404 1850 codex
2435 1809 2549 1852 ms.
2587 1793 2687 1871 qui
2739 1793 3001 1854 continet
3057 1793 3248 1856 Vitam
3280 1796 3442 1857 illam
3505 1818 3613 1879 per

214 1891 412 1954 quens
427 1875 544 1935 erit
561 1874 708 1934 nihil
736 1874 793 1934 in
816 1893 882 1934 ea
900 1893 1032 1936 esse
1051 1876 1652 1956 Amphiloeliii.Unde
1669 1883 1880 1946 merito

221 1964 637 2025 Bellarminus
676 1963 758 2024 De
787 1965 1284 2044 script.e('(-Ies.in
1308 1966 1736 2046 Amphilochio
1755 1973 1872 2036 ait:

217 2079 242 2108 ι
281 2057 516 2126 Exstat,
552 2053 817 2133 quidem,
853 2056 963 2115 sub
993 2056 1232 2116 nomine
1261 2057 1701 2139 Amphilocbii,
1747 2061 1876 2125 Vita

207 2143 274 2205 S.
311 2144 799 2232 Basiliiiilalagni,
835 2145 938 2204 sed
975 2144 1126 2206 haud
1153 2146 1334 2208 dubie
1356 2145 1499 2206 falsa
1534 2148 1620 2207 vel
1652 2168 1876 2232 suppo-

207 2233 416 2292 sititia.
462 2258 485 2288 υ
542 2231 824 2294 Rationes
857 2234 1076 2294 deinde
1104 2239 1347 2314 profert,
1380 2236 1584 2315 quales
1629 2256 1736 2300 nos
1766 2231 1872 2304 Suo

202 2341 492 2402 quasque
529 2323 657 2384 loco
687 2324 1120 2402 expendemus.

281 2418 339 2472 3.
363 2411 472 2473 His
500 2412 776 2473 omnibus
805 2416 1120 2494 perpensis
1141 2415 1340 2477 mirari
1368 2415 1511 2476 mihi
1535 2415 1710 2479 liceat
1733 2438 1868 2482 cum

200 2502 536 2565 Godefrido
563 2501 933 2583 Hermantio,
963 2507 1073 2566 hoc
1094 2505 1270 2567 etiam
1311 2506 1530 2566 saeculo
1566 2506 1866 2572 inventum

200 2611 339 2654 esse.
366 2595 561 2658 virum
598 2599 922 2674 eruditum,
951 2597 1053 2677 qui
1077 2595 1251 2656 vellet
1280 2613 1384 2674 pro
1428 2593 1561 2656 Vita
1583 2595 1693 2655 ista
1721 2599 1865 2654 Am-

199 2682 516 2760 philochio
546 2686 900 2748 vindicanda
928 2685 1258 2765 apologiam
1313 2683 1613 2756 scribere,
1652 2700 1867 2761 nempe

198 2773 278 2833 Β.
314 2776 381 2835 Ρ.
443 2777 825 2838 Franciscum
873 2775 1315 2840 Combetisium.
1369 2771 1477 2834 Hic
1537 2782 1732 2835 tamen
1785 2773 1865 2832 ita

197 2861 655 2926 defendendam
685 2866 844 2927 illam
870 2865 1202 2944 suscipit,ut
1225 2863 1859 2941 fabulisinterpolatam

189 2950 505 3029 fateatur;
541 2955 598 3015 in
623 2975 740 3035 quo
764 2958 960 3016 forsan
982 2956 1177 3034 reipsa
1219 2971 1334 3015 non
1359 2953 1632 3014 dissentit
1673 2970 1705 3012 a
1742 2953 1855 3013 Ba-

189 3042 404 3105 ronio.
435 3043 668 3107 Etenim
693 3065 825 3106 cum
851 3045 1151 3107 retulisset
1173 3050 1465 3121 auctores,
1483 3042 1640 3103 inter
1662 3059 1724 3103 se
1751 3041 1859 3101 hac

1964 1873 2201 1949 Ursiim;
2230 1896 2298 1938 ex
2323 1899 2513 1959 eoque
2538 1883 2840 1959 exemplar
2854 1892 3159 1956 suum,aut
3179 1888 3384 1947 saltem
3413 1873 3612 1967 priora

1963 1973 2093 2056 octo
2122 1968 2338 2043 capita,
2373 1987 2505 2029 cum
2556 1969 2900 2048 praefatione
2950 1970 3314 2052 Rosweydus
3354 1976 3606 2056 accepit.

1960 2055 2240 2115 Continet
2273 2067 2562 2135 praeterea
2597 2060 2875 2139 praafatus
2909 2061 3094 2122 codex
3127 2062 3412 2126 miracula
3441 2055 3606 2146 qure-

1960 2142 2092 2203 dam
2123 2146 2312 2206 sancti
2343 2147 2700 2228 liasilii,qua)
2729 2148 3052 2211 creduntur
3075 2150 3148 2210 ab
3174 2142 3602 2235 Helladioepi-

1957 2249 2136 2311 scopo
2170 2237 2531 2298 Caesareensi
2568 2239 2934 2319 conscripta,
2983 2239 3043 2300 in
3074 2239 3346 2303 Latinum
3381 2245 3606 2322 pariter

1956 2339 2122 2383 versa
2153 2326 2226 2383 ab
2260 2329 2569 2388 Anastasio
2599 2327 3064 2390 Bibliothecario
3100 2349 3116 2409 ;
3150 2329 3452 2412 hujusque
3482 2333 3600 2395 ibi-

1955 2412 2090 2472 dem
2121 2414 2337 2492 legitur
2364 2415 2712 2478 l’rzefatioad
2736 2416 2951 2480 Ursum
2977 2435 3158 2496 supra
3183 2429 3597 2488 memoratum:

1952 2501 2087 2561 vixit
2106 2514 2303 2565 autem
2319 2507 3160 2570 AnastasiusBibliothecarius
3183 2507 3536 2573 subNicolao
3549 2513 3596 2590 Ι,

1952 2594 2048 2669 qui
2080 2593 2230 2653 sedit
2256 2594 2330 2654 ab
2363 2613 2519 2656 anno
2549 2597 2667 2660 858
2725 2597 2798 2657 ad
2856 2615 3076 2658 annum
3128 2598 3266 2660 867.
3324 2598 3434 2662 Vix
3485 2603 3598 2664 Ur-

1949 2697 2050 2740 sus
2087 2683 2276 2742 Vitam
2311 2684 2867 2763 Amphilochianam
2930 2685 3400 2769 elucubraverat,
3459 2709 3595 2753 cum

1950 2769 2124 2848 illico,
2161 2780 2221 2832 ut
2252 2774 2537 2836 credibile
2566 2783 2677 2849 est,
2712 2799 2742 2834 a
2780 2775 3069 2856 pluribus,
3097 2778 3424 2855 praesertim
3461 2797 3594 2842 mo-

1949 2861 2176 2939 nachis,
2208 2865 2493 2942 requisita
2521 2876 2611 2927 est
2645 2865 3062 2946 descriptaque
3099 2887 3111 2928 :
3145 2883 3179 2926 a
3236 2868 3589 2948 quibusdam

1946 2950 2116 3010 etiam
2151 2953 2210 3011 in
2245 2954 2662 3033 compendium
2697 2954 2958 3031 redacta,
2993 2954 3069 3016 ab
3092 2955 3222 3018 aliis
3245 2958 3317 3018 ad
3341 2956 3594 3020 formam

1947 3038 2262 3102 lectionum
2287 3043 2346 3102 in
2371 3045 2626 3105 ecclesia
2645 3046 3086 3108 recitandarum
3110 3048 3593 3125 aptata;nonnul-

186 3131 262 3192 in
299 3152 480 3194 causa
510 3134 954 3210 dissentientes,
995 3153 1142 3212 quos
1179 3139 1236 3194 et
1282 3151 1388 3193 nos
1420 3149 1601 3210 supra
1655 3129 1917 3191 retuli-C
1943 3127 2014 3186 lis
2041 3132 2818 3212 mutatis,additis,omissis,
2845 3133 3042 3209 qualia
3064 3134 3352 3196 habemus
3385 3155 3592 3198 exem-

190 3239 339 3294 nus,
387 3223 475 3283 sic
530 3225 945 3304 prosequitur:
1005 3249 1030 3278 ‹‹
1081 3221 1224 3298 Ego,
1279 3228 1342 3282 ut
1387 3221 1586 3302 paucis
1640 3219 1856 3291 dicam,

188 3309 487 3392 arbitror,
515 3314 773 3390 potuisse
793 3313 952 3374 viros
975 3309 1726 3388 eminentissimos,majori
1757 3326 1856 3368 re-

188 3402 473 3460 verentia
517 3401 738 3463 habere
770 3404 1156 3481 πραγμτ,τείπιν,
1218 3409 1303 3461 tot
1347 3400 1469 3477 jam
1519 3397 1758 3460 saeculis
1800 3406 1859 3457 et

191 3490 360 3568 apud
398 3491 783 3553 doctissimos
818 3492 1185 3553 obtinentem
1215 3508 1229 3564 ;
1261 3507 1394 3567 nec,
1431 3496 1565 3569 quia
1587 3487 1852 3568 quaedam

192 3579 292 3639 vel
316 3581 378 3640 in
405 3582 594 3650 re,vel
613 3584 668 3641 in
689 3582 865 3642 modo
891 3592 948 3642 et
969 3578 1434 3643 circumstantiis
1448 3575 1849 3648 nliendebant,

197 3675 386 3729 totam
418 3670 740 3749 repudiare
775 3679 832 3730 et
860 3672 1086 3732 auctori
1132 3667 1485 3747 impingere,
1532 3684 1721 3746 eoque
1760 3680 1859 3726 ac:

193 3775 418 3819 cusare
449 3759 605 3818 falsi.
644 3761 909 3840 falsoque
939 3760 1226 3838 assumpti
1263 3757 1400 3817 tanti
1434 3757 1714 3833 nominis,
1737 3775 1852 3834 quo

197 3847 332 3926 ipse
366 3849 678 3910 mendacia
707 3850 1025 3912 coloraret.
1081 3849 1260 3910 Forte
1295 3846 1455 3908 enim
1500 3864 1617 3905 non
1669 3863 1855 3924 pauca

201 3937 444 3998 defendi
498 3939 803 4016 potuerint
852 3961 864 4002 :
929 3938 1206 4020 quaedam
1250 3935 1483 3998 ostendi
1531 3934 1724 3995 vitiata
1780 3935 1854 3996 ab

200 4027 576 4107 antiquariis,
603 4037 661 4090 et
685 4038 805 4090 tum
851 4030 1213 4108 conjectura,
1250 4035 1373 4087 tum
1417 4045 1484 4087 ex
1522 4025 1640 4087 fide
1683 4024 1852 4085 codi-

202 4134 336 4177 cum
367 4119 647 4193 restitui;
674 4125 739 4181 ut
771 4121 866 4181 vix
898 4119 1068 4199 pauci
1100 4117 1251 4180 naevi
1282 4114 1656 4194 restaverint,
1692 4113 1740 4174 si
1773 4122 1855 4175 ta-

201 4223 356 4278 men,
392 4207 545 4268 nzevi
581 4229 597 4284 ;
634 4207 849 4286 quibus
907 4217 1022 4270 tam
1062 4206 1286 4287 grande
1317 4222 1556 4285 corpus,
1614 4212 1854 4283 tamque

198 4295 442 4373 grandis
474 4297 612 4377 ωνὶ,
646 4306 730 4358 tot
757 4299 1058 4378 praecipue
1093 4297 1292 4357 tritum
1328 4293 1622 4368 manibus,
1657 4310 1850 4372 quan-

200 4383 401 4464 doque
434 4391 613 4446 etiam
673 4386 1159 4468 impolitioribus,
1193 4383 1347 4446 haud
1409 4384 1581 4446 facile
1639 4399 1846 4443 carue-

1943 3218 2130 3295 plaria
2154 3239 2221 3280 ex
2247 3221 2608 3284 bibliotheca
2634 3221 3020 3285 Vallicellaua
3036 3225 3256 3296 duo,cx
3275 3225 3588 3288 Casinensi

1943 3310 2356 3382 unum,omnia
2371 3312 2597 3391 scripta
2616 3311 3594 3390 charactereLougobardico.Val—

1941 3395 2288 3459 licellanuni
2317 3409 2635 3477 utrumque
2684 3403 2935 3480 Prologo
2967 3411 3146 3478 caret,
3202 3421 3337 3462 eum
3392 3411 3590 3466 tamen

1939 3504 2117 3564 quem
2152 3486 2280 3549 Ursi
2317 3489 2798 3568 interpretationi
2829 3511 2863 3552 a
2891 3510 2956 3552 se
2990 3489 3187 3569 editas,
3227 3493 3590 3573 [tosweydus

1939 3579 2206 3653 praefixit,
2244 3578 2632 3659 ipseaccepit
2664 3598 2734 3642 ex
2769 3581 2974 3642 eadem
3009 3579 3368 3642 bibliotheca
3400 3580 3587 3643 Valli-

1939 3665 2164 3726 cellaua
2201 3685 2211 3728 :
2251 3669 2355 3728 sed
2389 3679 2446 3729 et
2469 3675 2787 3749 utrumque
2819 3688 2928 3730 ms.
2954 3671 3010 3730 in
3034 3669 3232 3730 multis
3255 3669 3432 3732 estab
3464 3672 3585 3733 edi-

1941 3754 2551 3836 tione,Rosweydiana
2580 3760 2906 3820 diversum.
2947 3758 3147 3820 Exstat
3177 3759 3353 3837 igitur
3377 3768 3437 3821 et
3464 3771 3584 3824 ter-

1939 3845 2083 3904 tium
2108 3847 2168 3906 in
2193 3847 2397 3908 eadem
2424 3847 3060 3910 bibliothecaUrsianaa
3078 3848 3367 3910 versionis
3385 3867 3586 3912 exem-

1939 3933 2084 4011 plar,
2117 3937 2666 4016 quotl‘ltosweydus
2699 3957 2767 3998 ex
2792 3957 2980 4018 eoque
3014 3939 3222 4000 Surius
3266 3938 3414 4018 typis
3448 3940 3582 3999 vul-

1933 4035 2166 4104 garunt,
2195 4026 2392 4088 addita
2426 4029 2771 4107 interpretis
2803 4028 3177 4091 Praefatione.

2017 4113 2074 4172 5.
2111 4115 2432 4176 Casinense
2483 4118 2785 4196 exemplar
2838 4117 3156 4197 Prologum
3215 4115 3396 4180 habet
3452 4117 3581 4183 Ursi

1937 4202 2308 4276 subiliaconi,
2337 4205 2579 4266 omnino
2604 4207 2782 4268 alium
2802 4207 2875 4267 ab
2899 4227 2990 4287 eo,
3028 4225 3204 4286 quem
3251 4208 3586 4288 Roweydus

1937 4292 2144 4367 edidit,
2175 4295 2418 4372 (lignum
2441 4297 2536 4356 hic
2561 4296 2687 4358 dari
2716 4317 2731 4370 ;
2759 4317 2828 4357 eo
2851 4297 3009 4376 quod
3037 4295 3304 4357 videatur
3324 4302 3584 4375 genuina

1936 4379 2070 4442 Ursi
2095 4384 2340 4463 scriptio
2365 4403 2518 4465 esse,
2550 4404 2669 4464 prae
2691 4385 3214 4465 Rosweydiana,et
3234 4385 3388 4465 quod
3419 4406 3584 4449 men-

197 4473 319 4536 rit.
387 4475 527 4536 Vita
584 4486 674 4537 est
730 4476 918 4539 Patris
977 4477 1406 4537 monachorum
1465 4474 1525 4533 in
1581 4471 2155 4556 Oriente,Dtionein
2181 4473 2355 4534 faciat
2381 4474 2525 4553 ejus,
2565 4478 2734 4554 cujus
2760 4485 2959 4554 rogatu
2983 4475 3171 4554 ipsam
3203 4473 3392 4535 Vitam
3420 4475 3578 4538 dedit

192 4581 365 4642 quam
411 4565 888 4628 innumerabiles
935 4575 1174 4640 ascetaa,
1227 4565 1437 4643 majori
1491 4561 1851 4642 quandoque

194 4653 412 4730 pietate
445 4673 627 4734 quam
673 4655 923 4717 scientia
954 4653 1418 4734 exscripserint;
1453 4652 1551 4714 cui
1601 4651 1850 4731 proinde

196 4758 363 4803 suum
391 4743 622 4822 aliquid
647 4745 997 4823 ascripsisse
1041 4744 1290 4824 possint;
1322 4750 1524 4802 utnon
1547 4759 1616 4803 ea
1654 4741 1850 4800 forsan

199 4833 450 4908 puritate
482 4835 555 4894 ad
593 4851 702 4894 nos
736 4835 984 4916 venerit,
1030 4853 1158 4915 qua;-
1188 4833 1297 4894 fuit
1325 4832 1398 4894 ab
1430 4829 1848 4911 Amphilochio

198 4920 375 4997 edita,
411 4923 537 4984 sive
572 4921 835 5003 pbrasim
868 4935 1230 5004 spectemus,
1270 4923 1390 4982 sive
1419 4922 1604 5000 ipsam
1647 4937 1848 4979 rerum

197 5013 624 5089 narrationem;
659 5031 794 5093 quae
825 5014 1022 5074 minus
1055 5012 1354 5082 continua,
1383 5009 1703 5088 multisque
1733 5008 1852 5068 dis-

200 5109 366 5161 creta
399 5101 606 5173 titulis,
645 5120 769 5162 non
799 5103 878 5162 ita
927 5100 1391 5179 cohaerentibus,
1427 5099 1539 5160 nisi
1593 5101 1849 5175 castiga-

197 5197 250 5249 ta
311 5209 492 5250 manu
541 5190 913 5272 calamoque,
972 5190 1226 5252 ascititia
1281 5189 1582 5281 aliqualet
1636 5186 1851 5265 πληρώ-

198 5301 362 5359 ματα,
398 5275 532 5340 non
551 5280 1055 5359 respuerit.Plura
1087 5297 1229 5340 sane
1257 5287 1315 5339 et
1334 5275 1616 5358 pleraque
1639 5293 1853 5354 aequus

198 5366 406 5442 lector,
430 5377 833 5450 assuetusque
858 5368 1676 5451 Amphilochianostylo,non
1703 5364 1853 5425 indi-

196 5471 312 5536 gna
343 5458 763 5537 Amphilochio
797 5458 1306 5540 deprehenderit;
1347 5457 1408 5518 in
1440 5456 1648 5537 primis
1678 5472 1849 5514 usum

198 5543 363 5607 illum
399 5545 730 5627 Scripturae
765 5548 1022 5623 facilem,
1065 5548 1162 5628 pia
1182 5549 1514 5626 devotaque
1536 5544 1852 5619 allusionc;

198 5653 314 5716 qua
343 5654 542 5718 neque
597 5637 906 5701 historiam
948 5646 1177 5714 texens,
1227 5637 1559 5718 stylumque
1612 5636 1854 5698 omnino

521 5800 784 5865 Puram.
838 5803 956 5866 Gn.
999 5799 1225 5866 XXIX.

1934 4559 2252 4625 Latinitati.
2286 4564 2513 4624 scilicet
2534 4566 2806 4642 Gregorii
2827 4567 2871 4623 ll
2894 4565 3062 4625 ducis
3086 4562 3481 4643 Neapolitani,
3507 4567 3583 4630 de

1933 4670 2070 4730 quo,
2098 4653 2251 4731 apud
2276 4650 2589 4728 Ugliellum
2620 4671 2657 4714 ι.
2695 4652 2793 4728 Vl,
2815 4673 2868 4716 ε.
2898 4654 3037 4729 H3,
3068 4654 3312 4716 Bonitus
3331 4653 3578 4717 subdia-

1932 4759 2117 4800 conus
2147 4744 2249 4820 ait,
2285 4742 2443 4822 quod
2474 4743 2582 4803 fuit
2612 4768 2632 4799 ι
2665 4763 2849 4824 nepos
2872 4750 2933 4808 et
2955 4745 3174 4824 proles,
3201 4742 3382 4804 frater
3405 4752 3463 4805 et
3486 4765 3579 4825 pa-

1934 4839 2024 4890 ter
2044 4832 2613 4911 Parthenopensium
2635 4833 2874 4901 ducum,
2910 4858 2932 4890 ι)
2962 4832 3019 4894 Is
3043 4832 3245 4912 itaque
3263 4833 3349 4893 sic
3372 4831 3573 4898 habet:

1940 4944 1965 4975 ς(
1993 4919 2202 5000 Incipit
2228 4923 2510 5000 Prologus
2530 4922 2589 4982 in
2623 4923 2808 4984 Vitam
2835 4923 3018 4984 sancti
3046 4922 3246 4984 Basilii
3269 4920 3574 5004 archiepi-

1934 5011 2098 5089 scopi
2127 5020 2184 5070 et
2214 5012 2592 5074 confessoris.
2622 5013 2940 5090 Postquam
2977 5012 3212 5074 Lucifer
3243 5014 3340 5076 ille
3363 5028 3578 5090 procax

1936 5099 2010 5160 de
2047 5101 2276 5161 ctelesti
2299 5102 2488 5180 gloria
2512 5102 2824 5163 demersus
2841 5111 2951 5179 est,
2981 5109 3041 5166 et
3064 5103 3304 5165 invidiae
3323 5106 3578 5168 stimulis

1935 5188 2235 5261 incitatus,
2271 5192 2345 5250 de
2371 5191 2627 5270 paradisi
2659 5198 2936 5254 amaznita
2959 5201 3034 5272 te,
3065 5211 3172 5273 per
3187 5196 3576 5258 saevissimum

1935 5299 2209 5360 anguem,
2247 5281 2674 5361 protOplastum
2715 5283 2978 5362 expulit;
3014 5283 3190 5344 veluti
3235 5286 3578 5347 stomachus

1939 5369 2232 5449 languens
2254 5371 2453 5431 vitales
2477 5370 2697 5432 fastidit
2719 5371 2925 5453 dapes,
2945 5371 3024 5432 ita
3049 5391 3226 5434 omne
3252 5393 3436 5454 genus
3460 5375 3574 5435 hu-

1938 5478 2175 5520 manum
2199 5460 2443 5522 creleste
2455 5468 2629 5542 atque
2645 5461 3044 5524 intellectuale
3059 5463 3392 5526 convivium
3413 5463 3579 5544 igno-

1935 5549 2124 5612 rabat.
2152 5548 2268 5610 Sed
2293 5550 2424 5628 pius
2447 5549 2548 5611 ille
2570 5557 2732 5612 sator
2757 5551 3579 5633 atqueredemptorbumana:

1946 5637 2204 5701 miseriae
2235 5639 2543 5702 condoluit
2573 5641 2671 5722 pio
2702 5642 3006 5720 aﬂectu,et
3034 5642 3110 5705 de
3140 5643 3303 5706 ctelis
3333 5659 3442 5725 per
3464 5641 3577 5702 vir-

2906 5823 2938 5868 8
