4096 6210
422 307 642 375 coxctv

1791 293 2382 370 PROLEGOMENA.

425 444 600 529 ginea
618 445 844 504 viscera
863 440 925 503 in
949 439 1280 529 convallem
1302 438 1484 529 hujus
1502 437 1707 529 mundi
1733 438 2063 501 descendit:
2087 442 2134 494 Α
2152 434 2346 529 amplo
2371 431 2592 529 famine
2620 433 2976 512 praepotens,
2993 435 3095 529 aut
3114 433 3229 489 tam
3255 428 3492 529 profusa
3514 420 3816 526 facundus

426 526 495 596 ac
529 535 854 595 humanum
888 549 1098 610 genus,
1131 528 1290 610 qued
1334 526 1475 588 olim
1525 528 1884 590 aemulatoris
1932 530 2068 590 dolo

428 625 744 703 deceptum
776 622 985 690 fuerat,
1023 627 1318 680 coaeterno
1349 616 1471 678 Deo
1503 615 1662 678 Patri
1685 618 2072 679 reconciliare

428 716 697 794 cupiens,
724 707 1312 788 incontemplabilem
1346 706 1538 783 ignem
1584 706 1771 768 sancti
1821 707 2075 786 Spiritus

432 799 909 866 misericorditer
950 796 1271 858 accendit:
1327 795 1402 856 de
1452 814 1567 872 quo
1617 795 1895 856 nimirum
1941 797 2076 874 igne

430 893 705 976 primitus
736 889 903 950 valde
952 884 1294 976 conﬂagrati
1322 893 1460 946 sunt
1509 885 1696 946 sancti
1748 886 2072 976 prophetas,

431 974 562 1064 post
586 981 720 1043 illos
749 979 936 1040 sancti
980 975 1253 1056 apostoli,
1307 983 1614 1053 martyres,
1671 974 2070 1064 confessores,

431 1063 713 1151 virgines,
733 1076 1013 1132 etomnes
1028 1066 1340 1144 utriusque
1357 1081 1534 1125 sexus
1545 1064 1754 1138 sancti,
1771 1063 1871 1142 qui
1891 1083 2075 1141 usque

429 1163 502 1224 ad
528 1168 746 1222 metam
770 1157 988 1230 carnis,
1016 1172 1122 1235 pro
1155 1155 1285 1234 ejus
1314 1153 1654 1214 dilectionis
1684 1153 1914 1217 ardore,
1945 1157 2072 1230 ipso

431 1253 608 1323 duce,
630 1248 877 1309 viriliter
900 1246 1264 1306 dimicarunt
1292 1259 1307 1303 :
1330 1244 1403 1302 de
1421 1242 1637 1322 quibus
1660 1239 1940 1301 nimirum
1963 1260 2070 1316 ag-

432 1339 696 1401 minibus
726 1335 944 1398 sanctis
977 1333 1226 1395 Basilius
1250 1332 1472 1393 exstitit
1508 1341 1772 1410 sanctus,
1804 1330 1904 1409 qui
1946 1331 2072 1389 sine

2153 522 2529 601 loquacitate,
2557 530 2619 582 ut
2641 537 2982 581 sermonem
3006 516 3231 577 valeret
3258 516 3512 577 reddere
3541 518 3814 576 sermoni

2161 612 2334 690 (sicut
2358 629 2488 687 nos,
2515 629 2633 671 non
2658 606 3016 688 sponte,sed
3041 605 3211 667 inviti
3253 605 3550 682 fecimus),
3594 614 3651 665 et
3688 625 3820 667 non

2158 718 2367 762 omnes
2397 701 2549 760 vires
2581 695 2978 778 grammaticae
3004 695 3144 755 artis
3167 695 3484 758 suifocaret
3513 722 3526 759 :
3566 694 3816 782 quando

2160 799 2218 852 et
2250 790 2360 870 ipsi
2393 788 2492 870 qui
2535 799 2700 868 gesta
2722 794 3060 850 sanctorum
3088 786 3594 865 conscripserunt,
3623 785 3822 863 magis

2160 897 2371 941 sensus
2392 897 2567 959 quam
2590 876 2765 939 verba
2788 876 3106 955 scripsere,
3133 874 3305 935 sicuti
3332 877 3584 956 majores
3611 873 3822 934 nostri

2159 969 2448 1031 referunt.
2474 971 2707 1030 Interea
2728 965 2944 1027 obnixe
2971 976 3401 1043 quazsumus,ut
3423 968 3600 1028 ﬁdem
3632 962 3824 1025 dictis

2159 1058 2513 1138 adhibeatis,
2546 1076 2649 1137 per
2670 1056 2868 1117 omnia
2886 1053 3228 1129 credentes,
3253 1055 3389 1133 quia
3414 1059 3702 1118 veraciter
3726 1063 3827 1113 ta-

2158 1148 2275 1210 lem
2308 1148 2466 1208 illam
2503 1146 2932 1220 transtulimus,
2964 1142 3197 1224 qualem
3223 1144 3387 1204 illam
3411 1148 3695 1227 scriptam
3731 1143 3821 1204 ab

2158 1238 2575 1318 Amphilochio
2590 1233 3284 1317 praesulelconiensi,qui
3311 1253 3535 1314 magna;
3553 1235 3786 1298 auctori
3807 1269 3823 1278 -

2158 1333 2290 1387 tatis
2313 1337 2426 1400 est,
2455 1328 2512 1388 in
2538 1324 2877 1388 Grmcorum
2905 1323 3263 1383 commentis
3286 1323 3639 1386 invenimus.
3666 1327 3823 1386 Cre-

431 1429 725 1491 eﬂ‘usione
751 1424 1056 1504 sanguinis
1083 1429 1301 1501 martyr
1343 1420 1588 1481 effectus
1609 1433 1721 1480 est.
1773 1421 1953 1496 Cujus
1984 1420 2067 1477 vi-
2157 1415 2302 1476 dere
2325 1434 2462 1477 vero
2485 1434 2560 1476 ne
2583 1411 3030 1492 dubitetis,quia
3054 1411 3113 1469 in
3142 1410 3241 1471 illa
3263 1414 3576 1474 invenietis
3591 1415 3822 1475 animae

430 1531 550 1581 tam
582 1527 640 1579 et
670 1501 950 1597 praclara
982 1511 1287 1582 miracula,
1322 1510 1486 1588 cogis
1519 1526 1616 1570 me
1646 1507 1882 1581 Ursum,
1940 1527 2070 1568 om-
2156 1503 2478 1585 ferculum,
2511 1514 2568 1566 et
2611 1503 2837 1582 galeam
2895 1501 3310 1580 clypeumque,
3367 1521 3544 1581 quem
3603 1511 3818 1565 vestro

431 1590 1082 1670 niumeristianorum
1102 1599 1374 1661 ultimum
1395 1598 2079 1678 infimumquesacerdo-
2161 1593 2315 1655 hosti
2349 1596 2682 1674 apponatis,
2719 1599 2777 1652 et
2804 1591 2903 1651 illo
2935 1590 3192 1662 devicto,
3235 1608 3533 1653 summum
3584 1592 3818 1669 Regem

432 1707 579 1772 tem,
602 1692 1274 1774 oGregoriclarissime,
1307 1687 1467 1750 filius
1492 1687 2078 1767 atquenepos,frater
2160 1681 2310 1744 facie
2335 1684 2407 1746 ad
2432 1683 2644 1744 faciem
2675 1678 3268 1758 videatis;adjuvante
3292 1681 3494 1762 utique
3518 1682 3816 1763 ipso,cui:

436 1795 795 1866 patruusque
830 1784 1083 1843 ducum:
1114 1798 1225 1840 nec
1256 1796 1375 1839 non
1401 1787 1460 1839 et
1489 1777 1605 1838 loci
1629 1785 1894 1838 servator
1922 1774 2075 1866 Nea-
2099 1799 2139 1852 Β

434 1862 658 1956 poleos,
679 1862 794 1954 quo
813 1871 885 1932 de
907 1869 1101 1931 Attica
1119 1868 1181 1928 in
1225 1867 1492 1928 Latinam
1518 1867 1775 1944 linguam
1821 1865 2074 1926 transfe-
2160 1865 2394 1956 arcibus
2425 1865 2490 1956 ξιξ
2513 1865 2720 1919 sumitis
2755 1878 2873 1943 uno
2899 1868 2971 1917 est
3007 1878 3131 1917 cum
3164 1862 3326 1956 Patre
3347 1871 3625 1934 potestas;

431 1934 586 2040 ram,
613 1934 672 2024 ert
694 1934 754 2023 in
775 1960 1000 2041 gremio
1021 1967 1244 2020 sanctae
1267 1956 1472 2018 matris
1493 1934 1776 2017 Ecclesiae
1798 1955 1958 2017 ﬁdeli
1989 1954 2072 2014 fa-

2161 1938 2277 1993 Par
2305 1937 2572 2010 splendor,
2607 1934 2901 1990 communis
2930 1948 3090 2004 apex,
3122 1935 3319 1989 sociale
3354 1951 3625 2006 cacumen,

2178 2010 2372 2041 λοι-...η
2400 2010 2570 2041 ιιηωηιο
2612 2006 2782 2041 mis-Inc
2809 2006 2992 2041 undam
3052 2006 3158 2041 οἰηο
3196 2011 3423 2041 Ιοοιηηηαιρ
3455 2024 3620 2041 ..ηηυυ

433 2006 586 2066 ιιιξιι,
613 2006 672 2024 υ·
694 2006 754 2023 ιιι
775 2006 833 2061 ρ·
847 2006 999 2021 ⁸³⁵⁸⁵⁸*
1021 2006 1244 2020 *⁸⁵⁸⁵⁷⁷⁸⁸
1267 2006 1408 2018 ⁵⁵⁸“”
1421 2006 1471 2017 ""
1493 2006 1775 2017 “”“’“’““””“’“’
1798 2006 1958 2017 ”““’”
1989 2006 2042 2014 “”
2163 2006 2372 2080 [Equis
2395 2010 2588 2071 honor,
2612 2006 2782 2064 virtus
2809 2006 3016 2067 eadem,
3048 2006 3159 2058 είηϐ
3194 2011 3423 2077 tempore
3455 2024 3674 2078 νερυαηι
3702 2030 3714 2074 ζ

433 2073 597 2116 mine
630 2067 999 2130 consignem.
2164 2078 2381 2130 Semner
2417 2081 2757 2130 nrincinium.
2791 2086 3061 2130 sceptrum
3088 2077 3228 2130 iuae.
3261 2079 3443 2130 aloria
3473 2096 3714 2130 consors.

1042 2137 1052 2147 .
1180 2135 1194 2153 ,
1310 2136 1345 2153 ,,
1803 2133 1846 2153 ,ί
1884 2150 1893 2153 _
1937 2131 2070 2153 ,,_”
2164 2077 2381 2153 Semper
2410 2081 2757 2153 principium,
2791 2086 3061 2153 sceptrum
3078 2077 3228 2153 juge,
3259 2079 3443 2153 gloria
3473 2077 3717 2143 consors,

514 2145 570 2207 6.
605 2168 632 2199 α
658 2141 778 2203 Nos
800 2157 936 2201 vero
958 2135 1488 2199 animadvertimus
1517 2141 1775 2196 nostram
1799 2135 2075 2193 inertiam

2169 2135 2426 2223 Μειίᾶέαὶ
2460 2135 2672 2219 εἰπιὸἱίε,
2691 2135 2786 2221 per
2805 2135 2992 2203 omnia
3019 2135 3588 2208 sticuvla's'oeculorum,
3614 2135 3821 2209 Amen.

433 2244 496 2294 et
518 2233 702 2294 multo
723 2229 911 2308 magis
932 2234 1313 2308 peccatorum
1341 2223 1606 2306 pondere
1629 2223 1972 2300 titubamus,
2005 2238 2081 2280 ne

433 2322 545 2384 sub
577 2330 740 2383 tanto
774 2335 961 2380 onere
991 2314 1460 2377 succumbamus
1487 2335 1504 2389 ;
1537 2322 1595 2375 et
1623 2321 1739 2374 tam
1789 2321 1990 2372 sancto
2024 2319 2075 2371 et

2243 2321 2302 2380 7.
2345 2316 2644 2380 Hactenus
2670 2319 2851 2378 Ursus
2867 2312 3264 2377 subdiaconus
3290 2337 3302 2376 :
3327 2320 3496 2398 cujus
3521 2319 3827 2399 interpre-

433 2409 770 2473 admirabili
785 2408 913 2469 viro
933 2407 1118 2484 magis
1140 2404 1457 2466 ridiculum
1477 2421 1655 2483 quam
1686 2401 1919 2463 tandem
1946 2418 2080 2479 pro-
2172 2410 2454 2470 tationem
2487 2425 2692 2487 parum
2729 2414 2992 2467 exactam
3025 2422 3155 2465 esse
3189 2407 3455 2484 queritur
3502 2410 3811 2471 Combeﬁ-

434 2518 753 2581 ponamus.
786 2496 906 2559 Sed
941 2505 1021 2567 tu,
1058 2493 1411 2572 clarissime,
1441 2511 1578 2554 cum
1613 2509 1720 2552 nos
1747 2490 2075 2551 renitentes

2166 2499 2308 2573 sius,
2350 2497 2551 2558 nescio
2585 2513 2658 2556 an
2689 2493 2978 2554 dicendus
3009 2493 3135 2573 ipse
3165 2505 3404 2557 exactus
3436 2499 3640 2576 magis.
3677 2497 3811 2560 Ob-

437 2579 809 2666 multumque
839 2591 1238 2665 repugnantes
1268 2580 1588 2663 conspicis,
1623 2581 1733 2654 ais,
1765 2583 1902 2660 quia
1956 2579 2074 2639 Do-

2163 2585 2415 2648 scuriori
2445 2597 2605 2658 certe
2638 2590 2700 2644 ut
2731 2582 3048 2662 plurimum
3091 2585 3289 2662 phrasi
3312 2585 3496 2647 utitur
3523 2606 3536 2650 ;
3561 2598 3774 2651 contex
3803 2627 3813 2634 -

437 2680 633 2742 minus
662 2676 734 2738 ab
763 2676 932 2737 initio
957 2691 1075 2733 non
1097 2689 1234 2734 cum
1261 2670 1656 2752 philosophis,
1684 2688 1794 2730 nec
1815 2669 2076 2729 rhetori-
2164 2682 2286 2736 tum
2321 2685 2518 2737 tamen
2548 2672 2897 2753 ampliorem
2927 2673 3183 2752 praefert;
3208 2676 3343 2754 quia
3369 2677 3526 2737 hunc
3549 2678 3634 2739 vel
3653 2678 3782 2741 inte

436 2770 545 2832 bus
565 2766 944 2846 tragicisque,
967 2781 1077 2823 nec
1099 2781 1234 2823 cum
1257 2761 1514 2840 physicis
1552 2759 1937 2831 locutionem,
1972 2758 2075 2819 sed

2163 2783 2330 2844 grum
2367 2766 2578 2828 Ursum
2602 2779 2717 2823 non
2741 2760 2965 2822 habuit.
2989 2762 3078 2822 vel
3100 2764 3367 2842 quaedam
3396 2767 3591 2828 minus
3611 2769 3810 2829 credi-

437 2877 573 2922 cum
605 2855 881 2918 ruricolis
910 2872 978 2914 ac
1012 2850 1405 2932 piscatoribus
1438 2859 1496 2910 et
1524 2848 1722 2908 idiotis
1753 2848 2074 2908 orationem
2164 2853 2308 2916 bilia
2338 2863 2546 2935 sponte
2577 2850 2976 2932 praetermisit.
3031 2853 3252 2914 Novam
3307 2873 3415 2934 ego
3473 2858 3812 2920 versionem

433 2948 681 3021 halm“;
717 2954 775 3006 θί
806 2943 989 3005 mimo
1017 2940 1208 3019 ωδείε
1233 2938 1547 3019 Ρυτίιδίθιη
1571 2936 1814 3016 ερίῖίίυδ
1837 2953 2080 3026 ρῖοεμε-
2165 2944 2393 3024 darem,
2416 2949 2466 3005 si
2489 2961 2618 3004 eam
2643 2949 2848 3001 auctor
2865 2950 3222 3005 mereretur.
3244 2942 3586 3026 Nunc,cum
3612 2958 3813 3010 osten-

433 3045 573 3118 ctat,
607 3052 781 3116 quam
813 3030 1258 3093 dialecticorum
1288 3027 1716 3118 rhetorumque
1749 3025 2079 3086 tendiculas
2164 3035 2308 3096 dere
2339 3033 2538 3112 velim,
2567 3049 2699 3093 esse
2731 3029 2905 3090 vitam
2959 3031 3203 3092 omnino
3262 3025 3685 3115 apocrypham,
3749 3048 3811 3098 et

433 3146 503 3188 ac
534 3114 835 3206 phalerata
859 3128 1215 3194 commenta,
1238 3118 1361 3179 Nos
1383 3133 1524 3177 vero
1550 3114 1650 3176 ubi
1668 3124 1931 3175 vestrum
1949 3118 2075 3177 atie-

2165 3123 2589 3186 Combefisium
2620 3138 2750 3182 eam
2810 3138 3092 3181 excusare
3141 3121 3432 3184 volentem
3459 3114 3753 3187 refutare
3795 3146 3813 3202 ;

437 3205 597 3277 ctum
648 3207 1180 3281 consideravimus,
1247 3205 1512 3284 tandem,
1562 3205 1746 3282 magis
1803 3206 1852 3263 vi
1902 3226 2075 3287 quam

2165 3231 2398 3292 tequum
2433 3220 2523 3273 est
2554 3219 2617 3270 ut
2661 3227 2872 3270 novam
2910 3209 3097 3289 ipsius
3152 3212 3485 3275 versionem
3548 3234 3805 3291 sequar,

435 3295 1411 3384 sponteinclinati,perreximusad
1425 3293 1732 3354 dominum
1746 3295 2080 3363 Nicolaum,
2167 3302 2389 3365 omisso
2423 3309 2618 3362 tamen
2651 3307 2813 3361 textu
2845 3300 3051 3360 Graeco
3079 3300 3234 3380 :qui,
3262 3301 3402 3362 dum
3433 3305 3590 3382 apud
3614 3305 3817 3384 ipsum

436 3391 748 3472 praesulem
783 3386 1204 3469 peritissimum
1239 3386 1578 3446 Graecorum
1613 3390 1789 3463 atque
1823 3385 2085 3463 pliiloso-
2167 3390 2552 3453 columnatim
2587 3387 2917 3468 impressus
2949 3387 3068 3467 legi
3099 3397 3312 3468 potest,
3350 3392 3560 3471 exiguo
3615 3394 3816 3470 fructu

437 3481 642 3561 phum.
677 3488 736 3538 el
799 3478 1132 3538 secundum
1186 3481 1444 3534 Vestrum
1514 3481 1706 3532 νοιυιη
1767 3472 1839 3534 de
1887 3473 2089 3536 Graeca
2168 3479 2648 3560 augeretmolem
2673 3476 3227 3557 operis.Siquaaras
3251 3498 3356 3541 cur
3377 3483 3811 3562 scripturatam

436 3572 496 3630 in
528 3571 792 3631 Latinam
850 3565 1110 3644 linguam
1146 3562 1422 3635 fideliter,
1451 3563 1609 3638 quod
1660 3563 2074 3641 injunxeratis,
2161 3571 3138 3650 apocrypbanoncontemnaturac
3160 3571 3644 3647 praetermittatur
3667 3582 3812 3649 tota,

437 3660 860 3720 transtulimus.
896 3654 1215 3717 Humiliter
1250 3671 1393 3734 ergo
1424 3653 1660 3714 veniam
1693 3671 1726 3711 a
1758 3653 2078 3716 lectoribus

437 3749 823 3830 postulamus,
852 3753 915 3807 ut
939 3744 1231 3822 quidquid
1253 3742 1522 3823 ineptum
1548 3743 1881 3802 invenerint
1904 3763 2073 3823 saga-

436 3840 564 3900 cius
585 3839 905 3916 corrigant,
934 3842 993 3895 et
1009 3833 1319 3913 ignoscant
1355 3833 1508 3894 aetati
1543 3831 1760 3912 puerili
1788 3832 2075 3909 fragilita-

437 3930 598 4009 tique
619 3929 916 3997 humanae,
945 3933 1002 3986 et
1026 3924 1210 4002 magis
1232 3923 1794 3998 obedientiaa,quam
1817 3922 2078 3984 audaciae

436 4018 786 4081 temeritatis
806 4016 1128 4078 ascribant.
1153 4016 1432 4074 Attamen
1455 4012 1505 4073 si
1527 4014 1659 4091 quis
1682 4012 1916 4088 garrula
1934 4030 2078 4074 voce

435 4109 497 4169 in
522 4108 937 4170 clamationem
964 4103 1326 4185 proruperit,
1363 4102 1582 4162 indicet
1604 4102 1770 4181 prius
1792 4100 1922 4180 ipse
1963 4120 2074 4162 no-

438 4197 552 4278 bis,
607 4198 738 4277 quis
788 4211 1047 4276 unquam
1099 4197 1209 4256 l'uit
1243 4191 1384 4254 tanti
1423 4192 1671 4270 ingenii,
1706 4200 1767 4252 et
1798 4190 1930 4271 quis
1961 4202 2076 4255 tam

2159 3665 2315 3721 sicut
2329 3658 2725 3739 praetermissa
2740 3663 2828 3717 est
2841 3653 2972 3716 Vita
2988 3653 3335 3718 Nazianzeni
3349 3661 3447 3735 ,de
3467 3681 3580 3741 qua
3602 3665 3814 3742 prazfa-

2163 3756 2255 3810 tus
2269 3767 2426 3828 sum,
2461 3765 2702 3809 causam
2728 3745 3174 3823 esseintelligas
3191 3747 3446 3826 plurium
3468 3770 3664 3812 rerum
3683 3771 3822 3814 nar-

2160 3837 2670 3918 rationes,passim
2703 3854 2777 3897 ex
2806 3836 2914 3895 hac
2945 3834 3062 3894 vita
3094 3835 3424 3919 descriptas
3453 3841 3524 3902 ab
3547 3843 3814 3903 auctori-

2163 3930 2271 3990 bus
2281 3945 2447 4009 ,quas
2459 3923 3152 3994 examinaridistinctius,
3173 3926 3545 4006 solidiusque
3561 3931 3812 3992 refutari

2162 4027 2301 4100 puto
2333 4017 2421 4078 rei
2455 4015 2748 4077 litterariae
2779 4013 3069 4074 interesse
3103 4033 3114 4076 :
3153 4029 3520 4098 quapropter
3550 4020 3810 4082 adnota-

2163 4109 2357 4170 tiones
2388 4105 2570 4168 etiam
2606 4116 2666 4165 et
2695 4120 2962 4164 censurae
3016 4101 3372 4182 prolixiores
3403 4118 3594 4186 erunt,
3632 4129 3816 4189 quam

2163 4198 2310 4262 alias
2341 4202 2678 4257 mereretur
2704 4192 2864 4254 ﬁctio
2898 4202 3010 4254 tam
3044 4190 3421 4270 palpabiblis.

1572 4636 1869 4734 VlTA
1945 4637 2693 4736 APOCRYPHA

1066 4855 1417 4932 Interprete
1448 4855 1523 4917 Β.
1557 4855 1627 4918 Ρ.
1657 4853 1987 4919 Francisco
2017 4855 2388 4922 Combeﬁsio
2431 4855 2672 4922 ordinis
2701 4860 3210 4927 Praedicatorum.

1049 5189 1477 5256 PROLOGUS.

2109 5197 2375 5260 Dficiose
2407 5198 2664 5277 egimus.
2695 5198 3015 5265 Enimvero
3048 5209 3354 5284 postquam
3393 5204 3588 5265 luctus
3621 5204 3825 5283 caligi-

533 5287 904 5362 Charissimi,
932 5304 1051 5347 non
1072 5286 1183 5346 fuit
1205 5286 1518 5366 absonum,
1546 5295 1608 5346 ut
1641 5285 1839 5348 devoti
1862 5288 1966 5349 ﬁlii
1991 5307 2096 5351 su-
2183 5305 2344 5362 nem,
2370 5287 2522 5349 sicut
2544 5289 2828 5369 scriptum
2851 5299 2962 5366 est,
2988 5293 3381 5367 excussimus,
3409 5301 3465 5354 et
3498 5295 3568 5355 ad
3593 5303 3822 5372 gratam

443 5395 552 5457 per
585 5387 838 5458 paterno
875 5375 1039 5438 obitu
1067 5376 1811 5456 contristarentur;utque
1826 5377 2022 5456 justas
2046 5378 2097 5439 ei
2183 5376 2707 5458 supplicationem,
2745 5379 3155 5441 universorum
3203 5382 3480 5464 Domino,
3513 5402 3647 5444 vero
3701 5383 3826 5445 Deo

444 5470 733 5548 lacrymas
756 5467 1163 5544 indulgerent,
1189 5464 1349 5546 quod
1373 5483 1584 5527 omnes
1608 5469 1682 5541 (1)
1704 5465 1990 5529 hactenus
2009 5469 2096 5529 af-

2180 5476 2387 5527 nostro
2414 5466 2649 5528 Christo
2671 5469 3144 5549 rependendam,
3172 5470 3412 5551 paribus
3430 5472 3643 5534 studiis
3664 5475 3830 5534 exci-

517 5633 1567 5738 itipqandiug,‘quqasq,duravit.bic
1593 5636 1851 5738 luctus}
1877 5640 1940 5697 Si
1956 5637 2099 5738 |Yita
2181 5653 2290 5738 per
2313 5637 2634 5738 triennium
2666 5638 2935 5730 durasse;
2962 5639 3180 5738 scripta
3208 5641 3423 5722 quippe
3454 5649 3546 5704 est
3571 5652 3711 5738 post

438 5715 567 5782 hac
586 5715 671 5782 ab
690 5715 1117 5799 Amphilocbio
1139 5716 1363 5796 scripta
1410 5725 1528 5794 est,
1551 5726 1857 5797 oporteret
1885 5720 2092 5782 saltem
2179 5715 2429 5781 nebrem
2453 5715 2989 5801 orationem,cujus
3007 5715 3161 5783 infra
3177 5715 3385 5784 auctor
3405 5715 3704 5801 meminit,
3728 5725 3828 5786 di-
