4096 6210
511 349 916 414 EXCERPTA
960 349 1061 411 EX
1106 349 1325 412 ACTIS
1372 350 1431 411 S.
1476 346 1723 410 BASILI
1768 346 2360 413 BOLLANDIANIS.
2399 381 2478 392 —
2507 345 2698 411 VITA
2738 342 3223 409 ΑΡΟΟΒΥΡΗΔ.

3384 356 3635 417 ausam

234 481 678 559 verantesllQ),
708 487 910 541 mutuo
935 478 1349 543 conferebant.
1379 476 1768 558 interrogavit
1787 477 1953 542 ita-A
1982 477 2269 554 bonitate,
2302 479 2378 541 iis
2419 478 2523 559 qui
2565 485 2863 542 venerunt
2889 477 3051 540 circa
3098 476 3306 543 horam
3368 473 3623 545 undeci-

238 590 360 652 que
382 571 641 633 Eubulus
667 568 971 631 Basilium:
1007 592 1030 625 «
1056 569 1199 642 Quae
1222 568 1596 631 estdciinitio
1625 564 1891 647 philoso-

243 661 402 741 phiae
427 661 573 740 βυ),
600 658 867 723 Basilii?»
894 657 1002 730 Qui
1024 660 1170 721 aitzu
1196 657 1394 719 Prima
1414 657 1681 720 deﬁnitio
1708 658 1896 735 philo-

236 751 489 830 sophiae,
528 747 830 810 meditatio
889 748 1117 809 mortis.
1160 773 1185 801 »
1224 746 1330 808 Ille
1392 765 1535 809 vero
1593 746 1896 810 admirans

232 840 360 900 ait:
399 860 425 897 α
452 840 600 911 Quis
620 845 683 900 ρει
709 836 969 898 mundus
991 836 1021 895 ‘l
1046 862 1072 891 ι»
1102 837 1433 917 Respondit
1458 855 1471 897 :
1498 862 1525 892 α
1552 835 1656 899 ille
1682 838 1782 917 qui
1808 846 1898 900 est

227 946 419 1009 supra
453 928 762 989 mundum.
799 925 868 987 Et
899 926 1139 1007 quidem
1160 924 1372 987 dulces
1394 934 1531 987 sunt
1552 924 1895 987 mundiser-

228 1036 471 1096 mones,
524 1017 655 1097 ipse
699 1035 836 1079 vero
883 1015 1143 1076 mundus
1187 1016 1576 1079 vehementer
1630 1033 1891 1091 amarus,

229 1107 482 1188 quando
517 1107 653 1187 quis
683 1105 878 1167 eidem
905 1105 1087 1166 animi
1119 1104 1327 1166 vitiosa
1353 1104 1667 1166 affectione
1698 1104 1894 1166 adhze-

229 1197 381 1258 serit
414 1218 427 1256 :
467 1204 526 1257 et
559 1197 678 1257 alia
709 1206 797 1258 est
847 1194 1113 1275 voluptas
1172 1196 1470 1276 corporis,
1505 1195 1622 1256 alia
1669 1202 1891 1256 natura)

230 1286 756 1365 incorporeaamec
777 1285 906 1346 fieri
931 1291 1212 1363 potest,ut
1234 1284 1412 1345 simul
1431 1283 1647 1364 aliquis
1672 1292 1891 1345 utram-

231 1394 350 1454 que
373 1374 595 1435 habeat
620 1393 632 1435 :
661 1392 795 1434 nam
825 1390 1000 1434 nemo
1017 1380 1211 1453 potest
1226 1372 1736 1451 duobusidominis
1755 1391 1887 1435 ser-

235 1464 376 1523 vire.
445 1466 762 1540 Caeterum,
818 1468 1103 1540 quantum
1147 1480 1495 1540 possumus,
1551 1463 1891 1540 frangamus

228 1552 642 1614 esurientibus
664 1552 935 1615 scientiae
976 1569 1187 1632 panem
1219 1574 1234 1632 ;
1260 1560 1318 1613 et
1340 1570 1463 1625 eos,
1490 1553 1589 1633 qui
1629 1553 1776 1614 citra
1796 1552 1888 1612 vi-

231 1644 376 1703 tium
410 1652 472 1704 et
503 1643 737 1722 culpam
770 1649 909 1703 sunt
939 1647 1071 1703 sine
1102 1650 1280 1716 tecto,
1318 1660 1424 1721 per
1452 1642 1728 1704 virtutem
1779 1643 1888 1705 sub

233 1741 457 1794 tectum
482 1732 792 1794 ducamus.
820 1730 986 1803 Quod
1008 1730 1057 1791 si
1078 1731 1257 1793 etiam
1282 1730 1604 1793 viderimus
1634 1731 1884 1806 nudum,

1985 587 2164 649 mam,
2221 568 2517 645 aequalem
2576 565 2914 629 mercedem
2969 566 3207 629 tribuit.
3270 562 3525 627 Donabit
3564 570 3624 628 et

1980 657 2108 739 ipse
2140 658 2559 739 pmnitentibus
2597 654 2791 730 nobis,
2841 663 2903 717 et
2958 674 3028 717 ex
3085 672 3240 736 aqua
3294 661 3356 717 et
3411 654 3625 736 spiritu

1978 748 2494 823 regenerationem
2543 744 3029 828 suscipientibus,
3080 763 3217 825 quas
3260 762 3373 807 nec
3415 743 3625 809 oculus

1977 837 2147 910 vidit,
2181 857 2293 900 nec
2335 837 2497 900 auris
2523 836 2769 910 audivit,
2805 853 2914 897 nec
2945 835 3007 896 in
3039 852 3145 897 cor
3202 834 3462 897 hominis
3516 851 3628 897 as-

1978 928 2332 1002 cenderunt,
2368 945 2507 1005 quae
2538 924 2891 1007 prmpsravit
2933 926 3093 988 Deus
3119 922 3197 987 iis
3227 924 3329 1004 qni
3372 922 3625 1004 diligunt

1975 1016 2170 1096 ipsum
2207 1017 2315 1095 (α).
2354 1036 2383 1075 ι

2055 1104 2323 1168 Eubulus
2347 1124 2511 1185 ergo,
2545 1124 2684 1168 eum
2722 1105 2782 1166 in
2810 1105 3079 1167 animum
3095 1102 3228 1168 hac
3252 1100 3618 1184 induxisset,

1973 1203 2052 1257 ait
2081 1195 2195 1270 (21)
2226 1219 2237 1255 :
2275 1223 2293 1252 ι
2328 1198 2626 1260 Conemur
2644 1196 2843 1276 igitur,
2890 1194 3067 1257 Basili
3112 1193 3270 1273 quod
3316 1200 3379 1254 tu
3412 1191 3615 1273 jubes.

1973 1287 2195 1347 Verum
2210 1288 2337 1348 ilch
2352 1286 2593 1367 quidem
2612 1284 2684 1347 ad
2708 1288 2998 1347 rationem
3019 1281 3385 1365 pmnitentiaa
3396 1290 3623 1363 specta-

1974 1376 2185 1451 verint,
2228 1376 2407 1439 modo
2434 1382 2635 1438 autem
2670 1374 2815 1437 mihi
2853 1373 3159 1454 eloquere,
3212 1371 3371 1453 quod
3428 1388 3624 1453 nuper

1974 1465 2404 1546 percunctabar
2433 1465 2699 1527 divinum
2730 1471 3167 1527 sacramentum
3200 1461 3504 1544 (Ἐλιμιοά
3533 1461 3621 1525 ni-

1975 1556 2189 1616 mirum
2215 1556 2285 1617 ad
2320 1554 2527 1617 urbem
2546 1553 3124 1633 Hierosolymorum,
3143 1551 3617 1633 quidamilluce-

1972 1646 2506 1721 scereﬁaiuntd‘orte
2518 1662 2657 1708 vero
2673 1660 2907 1706 mecum
2929 1640 3467 1722 lustrans,alicujus
3484 1659 3621 1704 san-

1973 1736 2050 1796 cti
2079 1734 2573 1797 consuetudinem
2597 1732 2953 1795 obtinueris.
2980 1731 3279 1795 Cmterum
3296 1729 3615 1808 ne,Basili,

236 1827 604 1901 operiamus,
655 1839 766 1883 nec
827 1820 1188 1881 domesticos
1242 1822 1486 1882 seminis
1543 1821 1891 1902 despexeri-
1920 1835 1954 1882 Β
1978 1823 2175 1885 divina
2204 1823 2476 1902 dogmata
2505 1820 3060 1902 discere-cupienti,
3095 1837 3342 1885 narrare
3362 1819 3615 1884 distule-

242 1930 400 1972 mus.
443 1938 469 1966 ι)

315 2003 462 2063 Cum
491 2002 621 2063 haec
641 2000 906 2080 dixisset,
938 2001 1111 2081 eique
1137 2000 1453 2063 Salvatoris
1475 2000 1537 2061 in
1562 2019 1669 2062 nos
1696 1999 1893 2063 media

238 2094 587 2172 poenitentia
604 2090 1171 2169 benignitatem,seu
1188 2090 1250 2150 in
1263 2089 1543 2169 imagine,
1552 2089 1892 2170 parabolice

239 2181 663 2260 expressisset,
701 2188 820 2242 tres
849 2180 1091 2242 tabellas
1113 2198 1215 2259 pro
1239 2178 1466 2241 foribus
1490 2180 1675 2241 animi
1700 2185 1888 2241 menti

234 2273 521 2350 proponit
552 2289 565 2332 ;
602 2289 777 2330 unam
807 2269 1046 2350 quidem
1071 2287 1250 2349 supra
1271 2268 1452 2349 fores,
1482 2288 1618 2350 quae
1650 2267 1890 2331 exhibe-

223 2371 315 2421 ret
342 2362 645 2439 virtutem,
677 2378 891 2438 nempe
917 2359 1317 2440 prudentiam,
1350 2358 1891 2438 fortitudinem,ju-

227 2449 973 2529 stitiam,tetnperantiam;
998 2449 1059 2510 in
1083 2448 1321 2511 sinistra
1358 2466 1492 2511 vero
1520 2457 1683 2529 parte
1706 2449 1885 2511 decc--

228 2542 523 2621 ptionem;
542 2540 702 2600 circu
720 2557 773 2598 m
800 2538 986 2618 ipsam
1010 2546 1209 2601 autem
1233 2537 1885 2618 intemperantiam,lu-

230 2630 497 2707 xuriam,
531 2627 906 2707 ebrietatem,
932 2627 1390 2708 impudentiam,
1431 2628 1746 2708 pigritiam,
1781 2646 1885 2689 ca-

230 2718 546 2789 lumniam,
571 2716 1539 2795 linguositatem,adulalionem,et
1555 2717 1670 2779 tale
1690 2716 1887 2796 quod-

225 2812 368 2869 dam
395 2808 674 2867 vitiorum
696 2823 967 2868 examen:
989 2809 1401 2885 pmnitentiam
1425 2815 1624 2869 autem
1651 2807 1889 2868 decenti

222 2898 470 2977 habitu,
487 2896 624 2957 lene
646 2896 973 2974 ridentem,
990 2895 1266 2957 blandam
1290 2902 1350 2959 et
1369 2906 1760 2971 mansuetam;
1783 2896 1890 2958 ad-

214 2986 534 3049 versarios
559 2986 797 3066 quidem
821 2986 913 3046 sui
941 2986 1141 3065 populi
1164 2988 1750 3066 reprimentem,ised
1779 2988 1887 3066 qui

216 3076 559 3139 necessarii
593 3084 813 3137 essent.
843 3074 1019 3137 Juxta
1045 3075 1198 3136 hanc
1233 3093 1374 3137 vero
1432 3075 1879 3157 abstinentiam,

1971 1913 2079 1976 ris.
2110 1934 2138 1971 ι
2166 1914 2239 1973 At
2259 1912 2361 1975 ille
2380 1912 2464 1975 ait
2486 1931 2501 1976 :
2532 1934 2555 1969 ιι
2580 1910 2797 1975 Audivi
2811 1910 2891 1973 de
2906 1909 3237 1979 Jerusalem
3266 1926 3281 1969 :
3310 1909 3454 1972 nihil
3478 1927 3618 1972 vero

1974 2002 2172 2064 minus
2194 2002 2478 2064 sestimavi
2504 2018 2683 2082 quam
2708 2000 2925 2065 cmlum
2950 2016 2965 2062 :
2992 2007 3056 2061 ut
3078 1997 3481 2079 neqnevillam
3505 1998 3620 2078 ipsi

1974 2090 3010 2171 vicinamjnomineBethlehem,quse
3025 2087 3467 2151 caecutientium
3479 2105 3621 2151 ocu-

1977 2180 2172 2242 lorum
2195 2181 2445 2245 decussa
2458 2180 2711 2261 caligine
2730 2179 3067 2259 iisdemque
3080 2176 3481 2255 mundatis,ad
3494 2194 3620 2242 me-

1970 2270 2180 2334 liorem
2206 2271 2343 2334 vitai
2362 2270 2659 2333 rationem
2682 2268 2979 2349 vitamque
3001 2266 3401 2341 verissimam,
3417 2274 3616 2329 trans-

1972 2369 2189 2423 mutata
2223 2369 2334 2424 est.
2382 2360 2549 2433 Quod
2589 2376 2765 2440 porro
2800 2357 2975 2420 unius
3003 2357 3112 2420 Dei
3140 2357 3423 2434 cultores,
3454 2356 3617 2420 anti-

1970 2452 2208 2531 quiores
2235 2452 2357 2513 sint
2383 2448 2607 2512 Graecis
2634 2457 2692 2511 et
2713 2448 3012 2510 universis
3040 2444 3405 2522 nationibus,
3430 2445 3617 2509 doce-

1970 2558 2103 2602 mus
2131 2559 2269 2603 vere
2301 2559 2369 2602 ex
2401 2538 2618 2601 divinis
2648 2537 2927 2615 eloquiis.
2954 2537 3103 2601 Nam
3138 2554 3175 2599 a
3196 2535 3455 2617 primum
3484 2536 3616 2618 pla-

1969 2638 2164 2691 smato
2192 2630 2437 2691 homine
2459 2631 2699 2691 nomine
2714 2625 3010 2702 Adam,ad
3028 2644 3224 2707 usque
3235 2625 3363 2689 Noe
3378 2632 3613 2707 tempoo

1971 2737 2058 2796 ra,
2096 2719 2205 2781 sub
2237 2738 2351 2800 quo
2382 2717 2698 2792 diluvium,
2742 2716 2985 2779 fuerunt
3011 2714 3223 2781 decem
3277 2716 3619 2794 generatio-

1974 2826 2080 2869 nes
2116 2809 2256 2871 anni
2286 2823 2592 2872 “conn.
2618 2806 2849 2870 Pariter
2867 2820 3106 2886 quoque
3125 2823 3160 2866 a
3179 2803 3406 2869 diluvio
3430 2822 3621 2886 usque

1971 2896 2041 2957 ad
2106 2897 2429 2979 Abraham,
2485 2894 2905 2977 generationes
2944 2894 3181 2974 decem,
3210 2894 3354 2955 anni
3414 2909 3613 2973 smn;

1967 2985 2270 3049 Abraham
2326 2993 2521 3049 autem
2584 2992 2712 3049 erat
2765 3000 3060 3047 annorum
3117 2999 3294 3065 Lxxv,
3352 3000 3491 3047 cum
3547 3000 3620 3051 ex

1968 3076 2395 3156 Mesopotamia
2452 3072 2888 3154 transmigravit
2914 3078 2977 3135 in
3029 3080 3250 3135 terram
3309 3072 3613 3150 Chanaan,

220 3166 644 3245 sagacitatem,
703 3164 1079 3244 modestiam,
1117 3158 1510 3243 honestatem,
1568 3164 2101 3247 pudorem,Cubis
2130 3168 2302 3228 annis
2333 3182 2447 3229 xxv
2509 3165 2876 3237 demoratus,
2923 3162 3127 3244 genuit
3152 3161 3321 3227 Isaac
3378 3186 3395 3242 ;
3451 3160 3615 3227 Isaac

220 3254 766 3327 humanitatem,ac
785 3254 1104 3315 multorum
1123 3252 1415 3315 bonorum
1437 3254 1886 3335 plebem.Porro

212 3363 446 3407 sensus
461 3346 639 3421 hujus
659 3344 923 3404 historiae
934 3342 1283 3404 videntibus
1302 3345 1545 3424 quidem
1568 3351 1881 3425 cautioest,

217 3433 622 3497 audientibus
652 3451 792 3494 vero
830 3433 1077 3495 meliora
1104 3433 1421 3495 aemulandi
1452 3436 1709 3497 occasio.

311 3552 331 3575 τι
364 3523 509 3585 Haec
524 3541 665 3584 sane
687 3532 741 3583 et
762 3541 868 3601 ego
885 3521 1093 3585 videns
1114 3523 1440 3586 admiratus
1457 3532 1678 3605 sutn,et
1693 3523 1755 3585 in
1773 3525 1886 3588 hoc

216 3617 444 3677 ductus
477 3634 635 3689 sum,
672 3613 930 3677 Eubule.
966 3615 1115 3675 Sunt
1142 3613 1365 3693 quippe
1412 3613 1473 3674 in
1505 3614 1699 3688 nobis,
1766 3633 1883 3677 non

218 3704 521 3783 imagines
545 3722 740 3782 neque
759 3705 1103 3784 aenigmata,
1123 3702 1227 3764 sed
1256 3702 1385 3783 ipsa
1420 3702 1642 3783 liquida
1667 3703 1882 3767 veritas

216 3796 289 3855 ad
314 3796 572 3856 salutem
599 3792 918 3855 adducens.
944 3794 1350 3871 Resurgemus
1370 3791 1529 3854 enim
1560 3810 1789 3867 omnes,
1819 3793 1881 3854 hi

214 3886 278 3945 in
301 3885 480 3945 vitam
507 3889 883 3956 aeternam,et
910 3883 969 3944 hi
990 3883 1051 3943 in
1077 3881 1471 3963 opprobrium
1496 3888 1555 3942 et
1575 3881 1884 3944 confusio-

226 3993 363 4033 nem
408 3975 837 4053 sempiternam
878 3989 892 4045 ;
928 3978 989 4034 et
1046 3971 1369 4033 astabimus
1422 3978 1557 4031 ante
1620 3970 1881 4036 tribunal

217 4061 981 4142 Christi,quemadmodum
1000 4061 1217 4123 docent
1232 4076 1341 4122 nos
1363 4059 1723 4141 magniloqui
1746 4079 1881 4141 pro-

217 4154 438 4231 phetae,
468 4153 675 4232 isaias,
705 4150 1021 4225 Jeremias,
1074 4150 1373 4225 Ezechiel,
1407 4158 1586 4230 atque
1614 4150 1823 4213 Daniel
1859 4170 1879 4226 ;

212 4239 397 4302 David
424 4242 571 4302 item
597 4259 724 4312 rex,
749 4241 1106 4322 divinusque
1125 4240 1342 4302 Paulus
1372 4260 1387 4315 ;
1412 4249 1541 4320 post
1569 4241 1676 4302 hos
1699 4241 1877 4302 deni-

214 4350 331 4411 que
358 4333 485 4410 ipse
520 4333 802 4392 Dominus
820 4332 990 4392 dator
1009 4330 1371 4411 pmnitentiae
1388 4341 1441 4391 et
1462 4339 1878 4393 remunerator

1969 3264 2163 3318 autem
2194 3275 2328 3318 cum
2360 3256 2603 3319 vixisset
2629 3272 2822 3317 annos
2844 3252 3170 3333 sexaginta,
3204 3251 3358 3317 duos
3406 3253 3611 3336 progi-

1968 3345 2095 3424 gnit
2126 3346 2298 3407 ﬁlios.
2344 3344 2430 3408 Ex
2482 3345 2557 3407 iis
2605 3361 2744 3406 vero
2795 3341 3005 3420 Iacob,
3065 3360 3361 3405 annorum
3414 3342 3615 3407 iactas

1967 3450 2143 3507 cxxx,
2178 3434 2494 3497 descendit
2525 3435 2588 3496 in
2617 3434 2935 3513 Egyptum
2966 3450 3105 3494 cum
3134 3430 3452 3497 duodecim
3472 3431 3612 3496 ﬁliis

1967 3531 2028 3586 et
2055 3524 2374 3604 nepotibus
2403 3523 2527 3587 suis
2552 3540 2805 3586 numero
2834 3538 3009 3586 ων.

2033 3612 2730 3677 «CumantemAbraham
2744 3611 3169 3691 etejussemen
3182 3610 3394 3677 fuisset
3404 3613 3611 3677 accola

1964 3704 2023 3764 in
2051 3712 2207 3765 terra
2231 3703 2465 3785 Egypti
2483 3703 2657 3765 annis
2684 3716 2859 3782 ccxx,
2883 3700 3210 3782 fuissetque
3245 3701 3609 3784 multiplica-

1966 3802 2110 3865 tum,
2144 3794 2203 3853 in
2224 3793 2411 3855 tribus
2428 3790 2744 3854 duodecim
2777 3789 3075 3853 consitum
3108 3798 3219 3871 est,
3252 3798 3312 3853 et
3339 3790 3404 3854 in
3432 3809 3609 3855 sexa-

1966 3883 2125 3962 ginta
2158 3888 2415 3943 virorum
2448 3880 2638 3942 millia
2665 3878 3171 3961 computatum.Et
3202 3880 3443 3963 quidem
3468 3884 3610 3947 Levi

1965 3971 2291 4051 abnepotes
2319 3972 2564 4033 fuerunt
2594 3967 2819 4052 Moyses
2848 3976 2907 4033 et
2953 3970 3175 4045 Aaron,
3207 3989 3460 4051 quorum
3510 3972 3609 4039 hic

1964 4061 2204 4141 quidem
2236 4060 2565 4122 sacerdotio
2596 4060 2868 4140 praelatus
2880 4068 3004 4141 est;
3036 4060 3274 4141 Moyses
3306 4070 3502 4123 autem
3530 4064 3607 4127 ad

1966 4154 2358 4234 principatum
2395 4162 2729 4233 provectus.
2761 4155 2817 4216 Is
2846 4171 3002 4215 anno
3046 4153 3177 4215 vitae
3223 4168 3379 4217 Lxxx
3437 4173 3605 4220 mare

1961 4242 2231 4305 Rubrum
2252 4243 2525 4323 calcat,et
2544 4243 2743 4305 educit
2766 4242 3050 4323 populum
3073 4242 3148 4304 de
3164 4242 3432 4324 ﬁgypto.
3457 4243 3602 4309 Flo~

1960 4335 2079 4394 ruit
2112 4334 2206 4395 hic
2243 4338 2476 4413 Moyses
2506 4331 2873 4414 temporibus
2900 4331 3134 4407 Inachi,
3166 4333 3268 4412 qui
3293 4332 3519 4413 primus
3543 4337 3604 4397 in

218 4420 519 4500 ejusdem,
550 4420 897 4500 perquisivit
913 4439 1080 4482 ovem
1105 4420 1423 4500 perditam;
1446 4420 1545 4499 qui
1568 4439 1699 4481 cum
1724 4421 1877 4482 mul-
1899 4448 1940 4498 ο
1959 4424 2183 4487 Graacia
2198 4420 2949 4503 regnavit.SicsuntJudaei
2967 4422 3334 4502 antiquiores
3350 4421 3598 4503 Graecis,

216 4511 285 4569 tis
319 4510 556 4571 divitiis
587 4509 723 4570 sinu
760 4516 1009 4590 paterno
1040 4510 1400 4571 abstractum
1434 4508 1645 4588 tilium,
1679 4510 1873 4591 iisque

218 4600 525 4661 luxuriose
558 4598 888 4679 absumptis
918 4608 1121 4679 postea
1152 4600 1510 4661 redeuntem
1537 4606 1596 4660 et
1617 4598 1771 4661 fame
1793 4608 1874 4662 ta-

216 4689 587 4761 bescentem,
624 4688 858 4748 sincere
880 4688 1256 4769 amplexatur
1284 4705 1300 4761 ;
1328 4688 1648 4749 honestans
1671 4690 1876 4769 splen-

215 4779 349 4839 dida
382 4787 578 4850 veste,
604 4786 659 4839 et
680 4778 898 4839 annqu
926 4777 1227 4858 epuloque
1250 4777 1501 4857 opiparo
1530 4777 1680 4840 :ﬁlio
1704 4778 1870 4855 item,

217 4870 309 4947 qui
336 4868 492 4930 nihil
516 4876 1223 4948 peccaverat,auctorest,
1250 4876 1309 4927 ut
1332 4867 1587 4937 neierat
1607 4867 1872 4951 indigne,

216 4959 317 5019 sed
345 4958 658 5036 indulgeat
680 4967 743 5019 ut
773 4957 962 5019 fratri.
991 4958 1090 5019 Sic
1120 4957 1306 5019 nimia
1343 4956 1631 5019 Dominus
1654 4957 1880 5023 eii'usus

290 5120 403 5185 (19)
444 5118 671 5174 Fuisset
698 5118 813 5173 haec
837 5132 950 5175 non
969 5132 1139 5189 parva
1165 5116 1489 5188 philosophi
1512 5116 1870 5177 inurbanitas

219 5190 262 5261 si
306 5192 594 5259 hospitem
646 5190 718 5246 ad
752 5205 814 5246 se
866 5204 1104 5261 peregre
1151 5189 1568 5261 advenientem,
1618 5191 1872 5247 triduum

212 5258 474 5331 ieiunare
509 5258 881 5331 permisisseti
942 5258 1029 5317 Εἴ
1059 5260 1184 5331 quis
1218 5258 1456 5325 credat,
1516 5260 1586 5317 ab
1641 5262 1870 5321 ethnico

643 5340 863 5391 tantum
922 5342 1156 5403 repente
1194 5340 1538 5403 conceptum
1570 5332 1870 5403 jejunandi

254 5418 566 5459 BSlGerlllm
588 5418 606 5458 ⁷2

288 5476 397 5541 (20)
440 5475 679 5532 Erudite
726 5474 974 5533 ostendit
1036 5474 1426 5539 Combeﬂsius,
1484 5482 1665 5531 totum
1715 5475 1870 5532 hunc

218 5546 413 5601 Basilii
461 5561 596 5602 cum
648 5545 869 5603 Etho
922 5560 1270 5613 sermonem,
1314 5545 1609 5602 fundatum
1647 5561 1773 5603 esse
1810 5548 1870 5604 in

215 5618 583 5697 philosophia
618 5616 902 5697 Platonica
934 5628 989 5675 et
1026 5631 1180 5674 sacra
1221 5617 1533 5697 Scriptura.
1578 5618 1663 5697 A__t_
1679 5632 1750 5674 ne
1784 5619 1870 5676 vel

217 5691 300 5745 sic
335 5688 473 5745 mihi
504 5688 897 5760 persuadebit,
933 5703 1065 5747 eum
1096 5703 1356 5762 unquam
1407 5704 1437 5747 a
1493 5688 1706 5747 Basilio
1735 5702 1873 5761 pro-

293 5842 373 5914 (α)
413 5840 438 5899 Ι
476 5838 607 5900 Cor.
636 5851 700 5911 tt,
738 5839 793 5897 9.

1959 4532 2067 4576 nec
2090 4514 2250 4592 leges
2272 4513 2495 4575 habent
2517 4512 2712 4575 minus
2743 4520 2999 4583 veteres,
3023 4510 3194 4585 Quod
3218 4510 3380 4581 enim
3409 4512 3597 4578 Deum

1957 4622 2143 4667 unum
2170 4604 2437 4665 colerent
2449 4609 3223 4683 etcognoscerent,paterna
3236 4611 3601 4683 acceperunt

1960 4692 2277 4754 traditione
2312 4716 2324 4753 :
2362 4693 2648 4771 legislatio
2670 4700 2891 4769 autem,
2926 4700 3058 4769 post
3092 4699 3213 4753 tres
3241 4691 3371 4753 dies
3403 4693 3596 4775 profe-

1961 4782 2173 4844 ctionis
2204 4802 2276 4846 ex
2308 4781 2556 4864 [Egypto
2585 4782 2783 4845 divina
2809 4799 2953 4844 voce
2972 4779 3378 4843 datur.Morati
3399 4790 3599 4847 autem

1962 4881 2099 4933 sunt
2125 4873 2186 4933 in
2216 4872 2450 4934 deserto
2482 4873 2657 4933 annis
2686 4868 3091 4953 quadraginta.
3122 4868 3245 4933 Sub
3268 4870 3409 4935 Jesu
3440 4872 3601 4953 prin-

1960 4962 2092 5042 cipe
2120 4962 2360 5025 fuerunt
2387 4960 2561 5025 annis
2589 4978 2704 5026 xxv
2735 4982 2752 5039 ;
2780 4960 2893 5024 sub
2914 4958 3221 5041 judicibus
3249 4979 3388 5026 vero
3421 4964 3601 5026 annis

1953 5121 2156 5197 latum,
2190 5135 2283 5183 aut
2325 5125 2467 5183 satis
2496 5132 2627 5197 apte
2679 5122 2752 5181 ad
2790 5128 3040 5181 mentem
3080 5124 3265 5183 sancti
3294 5138 3422 5182 esse
3458 5138 3599 5184 con-

1953 5194 2468 5339 ίῗϐἓιῖξῂιλθοιιιιθῐιι
2542 5264 2637 5339 hic
2708 5278 2977 5339 magnam
3026 5264 3303 5339 implevit
3355 5265 3600 5326 Combe.

1952 5337 2154 5407 ﬁsius,
2219 5353 2287 5396 ex
2342 5354 2460 5397 uno
2516 5336 2831 5410 antiquiori
2896 5336 3079 5410 Regio
3130 5336 3401 5405 ‘codice,
3455 5339 3596 5397 reii—

1953 5412 2081 5480 quis
2113 5410 2564 5468 desiderantibus
2604 5408 2935 5467 describens
2979 5408 3217 5468 alteram
3248 5416 3468 5482 partem
3498 5426 3599 5470 cs-

1954 5482 2520 5624 ieiggiedibusmum
2550 5551 2847 5625 intelligit,
2880 5566 3052 5625 quem
3082 5552 3315 5625 quidem
3362 5552 3597 5612 ieroso-

1956 5624 2123 5754 Lyatgis
2174 5626 2259 5683 vel
2320 5628 2378 5681 in
2432 5624 2681 5682 Jordane
2710 5624 3030 5683 devotionis
3087 5624 3258 5685 causa
3318 5624 3601 5713 suscipie-
