4096 6210
657 303 1060 366 EXCERPTA
1106 305 1205 365 EX
1249 306 1469 368 ACTIS
1512 307 1568 367 S.
1618 300 1895 366 BASILII
1943 302 2539 365 BOLLANDIANIS.
2577 337 2647 347 -——
2680 304 2867 367 VITA
2911 304 3389 366 APOGRYPHA.

3598 321 3744 370 CCCV

366 435 620 499 Perside
647 437 959 511 exsistens,
985 456 1054 498 ac
1089 440 1394 518 quaestoris
1419 457 1631 499 munus
1653 438 1879 501 obiens.
1904 440 2008 502 Ba-
2032 455 2070 502 Α
2095 438 2271 500 citius
2300 440 2371 502 ad
2409 448 2667 502 montem
2705 464 2717 500 :
2760 440 3140 522 excitatisque
3175 439 3465 521 quosillic
3485 440 3745 523 relique-

371 528 539 587 silius
558 543 697 606 ergo
720 545 793 587 ex
813 526 1036 589 visione
1052 536 1323 607 stupens,
1353 527 1599 609 soloque
1622 528 1854 590 Eubulo
1905 548 2010 592 ex-

371 619 569 690 citato,
606 617 917 678 descendit
949 636 1081 678 cum
1115 636 1185 678 eo
1205 620 1260 677 in
1290 617 1612 691 civitatem,
1641 619 1917 700 venitque
1940 620 2011 681 ad

367 707 554 769 sanmi
582 707 852 787 Martyris
875 707 1150 768 Mercurii
1177 708 1549 788 martyrium,
1576 709 1633 768 in
1659 728 1772 788 quo
1794 719 1850 770 et
1883 711 2013 789 ipse

363 804 421 857 et
450 815 622 858 arma
654 798 783 876 ejus
807 798 993 876 posita
1021 806 1189 859 erant
1216 816 1227 859 :
1251 816 1511 875 cumque
1532 799 1855 878 quaesisset,
1893 819 2009 860 non

352 895 499 947 sunt
528 892 794 947 inventa.
821 886 1120 949 Advocato
1146 896 1342 949 autem
1366 889 1635 963 custode,
1665 902 2010 967 percuncta-

349 976 540 1037 batur
573 976 821 1037 ubinam
852 976 1116 1055 gentium
1144 984 1364 1039 essent.
1392 976 1446 1038 Is
1470 996 1606 1038 vero
1639 987 2007 1040 sacramento

356 1064 697 1146 respondit,
732 1066 917 1127 fuisse
946 1067 1202 1146 vesperi,
1239 1066 1341 1127 ubi
1374 1085 1477 1145 pro
1512 1086 1675 1128 more
1726 1069 2008 1129 continue

359 1163 762 1216 servarentur.
792 1155 963 1218 Certo
988 1157 1167 1235 igitur
1190 1175 1507 1235 persuasus
1529 1156 2008 1231 Rasilius,veram

358 1263 494 1308 esse
522 1244 1081 1326 visionem,Deoque
1104 1245 1238 1307 data
1255 1246 1467 1325 gloria,
1500 1248 1598 1326 qui
1624 1266 1740 1307 non
1760 1246 2013 1327 despicit

358 1335 734 1398 conﬁdentes
754 1337 814 1397 in
836 1336 1278 1417 ipsum,ardore
1300 1336 1483 1396 multo
1496 1336 2008 1414 gaudioqueinex-

358 1425 1093 1506 plicabili,dormientibus
1114 1425 1306 1487 adhuc
1330 1426 1812 1495 omnibus,rediit
1835 1444 2009 1507 quam

2101 530 2344 591 ratetad
2362 549 2569 609 preces
2592 532 2883 604 hortatus,
2920 530 3173 591 faustum
3209 530 3269 590 in
3302 549 3445 591 voce
3478 533 3741 594 exsulta-

2097 616 2275 678 tionis
2306 618 2475 680 factae
2504 619 2617 681 sibi
2649 618 2930 679 divinitus
2952 618 3331 680 revelationis
3363 620 3634 681 nuntium
3658 631 3741 683 at-

2100 707 2247 779 tulit,
2283 708 2435 788 quod
2470 719 2640 769 nocte
2674 708 2775 769 illa
2826 715 3105 788 tyrannus
3166 706 3430 769 sublatus
3477 709 3689 772 fuisset
3723 731 3735 775 :

2096 804 2466 877 peractisque
2498 797 2914 859 communibus
2935 798 3199 857 omnium
3225 797 3394 877 votis,
3423 800 3736 876 gratiarum

2094 885 2443 959 actionibus,
2478 905 2751 948 reversus
2784 895 2873 947 est
2917 888 2974 945 in
3008 886 3331 961 civitatem,
3363 888 3582 964 jubens
3605 909 3736 951 om-

2095 974 2293 1049 nibus,
2330 984 2389 1035 ut
2420 977 2476 1036 in
2510 995 2719 1055 magna
2745 977 3019 1051 ecelesia,‘
3056 975 3252 1056 positi,
3288 976 3497 1036 divinae
3560 978 3734 1041 litur—

2095 1065 2203 1143 gize
2236 1066 2551 1146 participes
2581 1066 2813 1128 ﬁerent.

2176 1153 2299 1215 Hoc
2327 1162 2521 1215 autem
2557 1153 2647 1225 ita
2670 1164 2927 1234 peracto,
2966 1154 3214 1233 ipsoque
3249 1152 3517 1217 elevante
3536 1171 3737 1221 sancta

2097 1244 2251 1323 (43),
2280 1263 2395 1305 non
2418 1252 2505 1305 est
2528 1245 2742 1304 factum
2760 1244 3019 1324 signum,
3060 1256 3123 1305 ut
3166 1243 3351 1303 moris
3374 1254 3518 1321 erat,
3546 1257 3608 1308 ut
3637 1250 3734 1310 ni-

2096 1337 2312 1393 mirum
2346 1334 2622 1394 columba
2664 1342 3021 1397 moveretur.
3074 1335 3206 1413 Ipso
3258 1350 3395 1394 vero
3442 1338 3734 1415 cogitante

2095 1424 2381 1501 quidnam
2411 1424 2500 1484 rei
2522 1434 2702 1497 esset,
2763 1424 3121 1504 viditgunum
3180 1422 3253 1483 de
3309 1424 3734 1490 ventilantibus

356 1604 469 1677 ita;
495 1605 804 1662 detestatus
867 1606 1070 1677 fuerat,
1108 1611 1168 1659 ut
1220 1603 1530 1677 praelegerit
1586 1604 1818 1675 cingulo
1870 1605 2021 1662 mili-
2102 1601 2363 1677 acerbior
2389 1602 2543 1677 omni
2576 1601 2938 1677 jugulationc
2978 1601 3161 1677 futura
3187 1612 3355 1659 esset.
3388 1603 3530 1677 {Ita
3562 1604 3736 1664 Liba-

359 1675 472 1733 tari
508 1678 915 1749 potinstquam
954 1674 1280 1749 Christiano
1310 1673 1530 1731 nomini
1563 1673 1917 1749 renuntiare.
1954 1677 2013 1733 Si
2039 1735 2070 1749 ﬁ
2101 1673 2321 1749 niu_s_i_n
2347 1673 2605 1749 oratione
2639 1673 2718 1728 De
2746 1674 2859 1729 vita
2902 1687 3025 1729 sua.
3070 1675 3253 1749 Atque
3295 1675 3477 1749 exhis
3513 1677 3733 1749 colligi-

358 1756 559 1803 tamen
617 1746 921 1803 credamus
979 1746 1267 1815 Eunapio,
1313 1755 1633 1803 recusatam
1690 1763 1718 1802 a
1770 1748 2009 1806 Libanio

353 1818 766 1889 praefecturam
811 1817 1026 1888 palatii,
1087 1816 1375 1889 quomodo
1408 1818 1497 1873 hic
1558 1820 1853 1876 admittere
1912 1836 2007 1876 vo-

361 1891 567 1947 luisset
596 1892 891 1962 quaestoris
923 1904 1135 1948 munus
1151 1889 1520 1962 fAudiamtts
1541 1904 1696 1947 nunc
1718 1891 1787 1946 de
1817 1893 2009 1962 seipso

351 1959 685 2033 loquentem
710 1961 1031 2023 Libanium,
1064 1959 1204 2031 quid
1240 1961 1679 2033 sibi_contigerit
1709 1963 1766 2018 in
1792 1959 2005 2019 Juliani

352 2031 578 2088 Persica
618 2033 999 2102 expeditione.
1041 2053 1062 2082 ιι
1097 2032 1261 2099 Quod
1307 2031 1376 2086 ad
1406 2031 1691 2103 reliquum
1756 2044 2001 2104 tempus,

352 2104 511 2175 quod
546 2105 678 2159 hinc
708 2104 953 2168 elﬂuxit,
988 2108 1188 2174 inquit,
1223 2118 1404 2174 usque
1453 2105 1519 2159 ad
1583 2104 2003 2173 expeditionem

350 2177 638 2232 adversus
694 2175 934 2240 Persas,
994 2177 1137 2231 alios
1197 2175 1312 2232 alio
1360 2184 1525 2245 pacto
1589 2175 1775 2233 aﬂ'ecit
1832 2195 1850 2233 :
1904 2178 2005 2235 sed

355 2247 499 2304 mihi
539 2247 722 2318 majus
761 2248 911 2317 apud
964 2246 1123 2303 illum
1177 2249 1388 2304 amoris
1447 2247 1675 2305 attulit:
1721 2247 2003 2318 siquidem

356 2320 741 2388 perseveravit
770 2320 878 2375 hoc
908 2320 965 2374 in
998 2333 1096 2374 ore
1128 2318 1338 2375 habere
1371 2334 1383 2373 :
1428 2318 1633 2375 Munus
1664 2318 1763 2375 tibi
1806 2320 2004 2377 confe-

353 2403 481 2447 ram
517 2388 817 2463 excedens,
843 2390 993 2460 quod
1028 2403 1142 2445 non
1166 2388 1642 2463 quemadmodum
1679 2390 1784 2447 alia
1808 2391 2000 2463 fugere

349 2475 605 2531 possem.
640 2460 826 2528 Quare
858 2475 989 2518 cum
1039 2462 1482 2517 coenavissemus
1541 2466 1788 2530 (coactus
1848 2460 2000 2519 enim

348 2532 428 2589 ab
468 2532 851 2599 illofueram),
881 2533 949 2587 Mi
983 2533 1171 2597 homo,
1235 2533 1442 2603 inquit,
1507 2542 1728 2603 tempus
1797 2543 1881 2591 est
1942 2544 2000 2593 ut

348 2617 573 2661 munus
602 2604 867 2676 accipias.
911 2604 1190 2676 Equidem
1261 2604 1545 2675 conjicere
1575 2619 1688 2661 non
1744 2616 1999 2675 poteram

347 2676 633 2746 quidnam
668 2675 818 2732 istud
849 2676 1034 2742 foret;
1090 2675 1185 2731 ille
1245 2690 1377 2732 vero
1437 2676 1714 2746 subjecit:
1778 2676 1997 2734 Videris

348 2748 499 2819 mihi
525 2749 581 2802 in
616 2760 905 2804 oratorum
928 2746 1123 2819 album
1162 2747 1235 2803 ob
1267 2760 1560 2819 sermones
1596 2749 1995 2819 transcriptus,

344 2818 429 2875 ob
457 2823 711 2875 actiones
748 2832 880 2875 vero
909 2819 969 2874 in
1006 2818 1474 2889 phiiosophorum
1514 2832 1816 2876 numerum
1848 2818 1996 2877 rela-

354 2898 474 2948 tus.
499 2890 601 2947 His
632 2889 794 2962 dictis
827 2889 1141 2962 oblectatus
1168 2903 1315 2962 sum,
1359 2898 1421 2946 ut
1449 2890 1585 2946 olim
1601 2890 1894 2962 Lycurgus
1922 2893 1995 2949 ob

346 2975 699 3032 responsum
729 2961 831 3018 Dei
863 2959 1157 3019 oraculare
1225 2961 1293 3018 de
1323 2975 1384 3018 se
1453 2961 1577 3031 ipso
1631 2959 1660 3017 ε’
1706 2959 1995 3021 enimvero

347 3034 482 3089 haec
512 3033 585 3105 ab
649 3048 734 3099 eo,
770 3034 866 3105 qui
899 3047 1029 3105 cum
1061 3032 1169 3089 diis
1201 3034 1662 3099 conversabatur,
1698 3033 1843 3090 dicta
1877 3035 1994 3092 fue-

337 3114 500 3162 rant.
539 3104 720 3176 Porro
754 3103 1058 3176 praemissis
1090 3120 1118 3157 e
1148 3112 1365 3167 senatu,
1402 3105 1496 3176 qui
1529 3114 1898 3175 precarentur
1936 3116 1995 3164 ut

339 3175 732 3233 Tarsensibus
761 3175 1185 3233 dimitterentur
1236 3175 1499 3243 crimina,
1543 3176 1701 3244 dixit,
1742 3190 1803 3233 se
1855 3193 1995 3235 con-

337 3262 645 3305 cessurum
675 3248 804 3305 urbi
834 3244 1090 3307 Cilicum.
1123 3247 1168 3303 si
1194 3246 1338 3304 Deus
1376 3249 1564 3319 ipsum
1604 3257 1853 3305 servaret
1897 3259 1993 3308 :et

334 3320 598 3401 profecto
631 3319 1303 3401 mihiperspicuumest,
1334 3319 1543 3401 inquit,
1582 3321 1720 3392 quid
1776 3320 1845 3377 ad
1877 3323 1991 3377 haec

335 3398 687 3462 eventurum
721 3393 816 3459 sit;
852 3400 914 3447 ut
942 3390 1001 3447 in
1031 3390 1320 3462 legatione
1362 3390 1627 3447 functura
1677 3405 1833 3461 spem
1894 3408 1989 3450 ve-

333 3468 518 3519 stram
550 3459 842 3519 collocatis
867 3480 878 3513 :
907 3462 1061 3518 hunc
1094 3459 1281 3519 autem
1315 3463 1505 3533 ipsum
1540 3462 1678 3518 illuc
1708 3459 1989 3532 proﬁcisci

334 3548 573 3591 mecum
603 3533 903 3603 oportebit.
955 3534 1098 3590 Tum
1170 3533 1524 3604 amplexatus
1580 3535 1986 3604 taerymantem

333 3619 457 3663 non
492 3604 839 3677 lacrymans,
868 3606 985 3676 jam
1014 3604 1321 3677 Persarum
1362 3605 1509 3662 mala
1566 3620 1839 3677 cernens,
1884 3622 1987 3677 po-

334 3676 796 3749 stremislitteris
810 3676 1059 3746 scriptis,
1076 3676 1287 3733 finibus
1304 3677 1533 3749 imperii
1548 3676 1986 3749 excessit,agros

334 3747 723 3820 depopulans,
756 3748 985 3805 castella
1020 3755 1074 3804 et
1110 3746 1536 3820 propugnacula
1570 3748 1820 3819 capiens,
1859 3746 1985 3807 'ﬂu~

334 3821 465 3877 vios
488 3821 795 3891 trajiciens,
823 3833 1017 3876 muros
1042 3821 1396 3891 concutiens,
1421 3820 1592 3877 urbes
1614 3834 1981 3890 expugnans:

342 3900 517 3963 atque
558 3889 763 3947 horum
786 3892 1008 3962 singula
1024 3889 1231 3963 nullus
1261 3892 1582 3955 nuntiavit;
1607 3895 1707 3948 sed
1726 3889 1831 3947 nes
1852 3907 1985 3963 gau-

338 3962 435 4018 dio
465 3963 844 4033 spectantium
894 3962 1294 4034 gaudebamus,
1334 3977 1397 4019 ea
1425 3977 1546 4033 qua:
1601 3963 1721 4033 jam
1757 3962 1977 4030 ﬁebant,

337 4048 513 4104 porro
547 4036 713 4091 etiam
751 4036 959 4091 factum
992 4034 1060 4090 iri
1094 4034 1407 4099 credentes,
1478 4049 1608 4091 cum
1680 4035 1739 4091 in
1800 4036 1982 4092 virum

332 4106 771 4174 inspicerentus.
804 4104 1008 4163 Verum
1041 4106 1264 4162 fortuna
1297 4120 1427 4162 suas
1457 4114 1647 4176 partes
1679 4107 1809 4176 egit.
1850 4108 1982 4164 Nam

334 4191 470 4233 cum
504 4176 789 4233 exercitus
831 4177 1077 4233 caedibus
1109 4185 1163 4233 et
1218 4177 1349 4246 fuga
1409 4176 1707 4234 Persarum
1766 4189 1978 4245 ovaret,

334 4249 749 4320 certaminibus
777 4249 1061 4320 gymnicis
1091 4258 1146 4304 et
1171 4249 1567 4320 equestribus,
1600 4263 1721 4319 quae
1759 4265 1789 4304 a
1855 4264 1985 4320 pro-

329 4318 680 4399 pugnaculis
756 4318 1087 4399 spectabant
1156 4318 1541 4399 Ctesiphontis
1612 4318 1974 4387 habitatores,

2039 1735 2187 1802 Btur
2208 1744 2525 1807 Libanium,
2558 1758 2665 1799 nec
2693 1754 3037 1816 quaesieram
3095 1735 3305 1801 Juliani
3360 1747 3554 1816 fuisse,
3625 1735 3732 1805 nvec

2096 1817 2359 1896 comitem
2388 1816 2449 1896 in
2479 1815 2835 1896 expeditione
2891 1814 3275 1896 [Persicahnec
3320 1814 3546 1896 vidisse
3576 1834 3733 1876 som-

2093 1890 2254 1945 nium
2288 1890 2481 1959 mortis
2519 1887 2641 1956 ejus
2674 1889 3046 1957 praesagium;
3082 1887 3181 1943 sed
3210 1902 3405 1944 necem
3458 1891 3729 1959 Apostatae

2091 1969 2143 2017 et
2177 1960 2393 2015 cladem
2425 1958 2809 2014 Romanorum
2843 1959 3145 2014 Antiochiae
3178 1961 3451 2015 duntaxat
3506 1958 3732 2019 intelle-

2090 2032 2265 2100 xisse,
2300 2031 2581 2099 simulque
2603 2040 2885 2100 spectasse
2905 2030 3316 2100 insandapbila
3343 2032 3546 2089 deferri
3570 2035 3731 2091 cada-

2088 2116 2183 2159 ver
2220 2099 2259 2174 ,ξ
2300 2099 2691 2174 sepeliendum
2732 2102 2890 2174 Tarsi
2953 2099 3199 2157 Ciliciae.
3268 2101 3501 2174 Videtur
3559 2118 3728 2174 porro

2088 2171 2768 2299 pseudo-Amphilochius
2799 2172 3078 2242 ejusmodi
3101 2176 3393 2229 somnium
3424 2171 3729 2247 amngendi

2130 2245 2318 2299 ibanio
2352 2245 2709 2299 occasionem
2756 2258 3068 2299 summisse
3098 2258 3167 2299 ex
3233 2245 3568 2299 Sozomeno.
3628 2250 3725 2299 aui

2130 2245 2318 2302 ibanio
2352 2245 2714 2319 occasionem
2728 2258 3197 2319 _sump3ts_se__ex_
3233 2245 3586 2311 Sozomeno,‘
3628 2250 3726 2319 qui

2088 2316 2185 2372 lib.
2216 2328 2293 2381 Vt,
2330 2329 2452 2385 cap.
2487 2314 2541 2379 2,
2572 2316 2637 2370 de
2668 2314 2859 2385 aliquo
2888 2328 2961 2371 ex
2987 2314 3201 2371 Juliani
3231 2319 3570 2374 necessariis
3623 2314 3725 2377 ista

2085 2396 2280 2459 narrat
2312 2410 2324 2459 ς
2351 2406 2381 2459 7c
2411 2386 2630 2459 Dicitur
2659 2400 2815 2455 eum,
2853 2401 2984 2443 cum
3009 2387 3085 2459 ad
3113 2386 3405 2443 lulianum
3447 2391 3545 2459 qui
3606 2401 3725 2448 erat

2084 2462 2143 2515 in
2174 2457 2535 2531 Perside,_ire
2567 2466 2889 2531 maturaret,
2916 2459 2973 2512 in
3009 2456 3131 2513 loco
3179 2456 3572 2531 quodam—qui
3604 2471 3726 2520 erat

2086 2532 2140 2586 in
2176 2532 2259 2586 via
2296 2527 2521 2600 publica
2555 2536 2718 2601 Situs,
2755 2529 3096 2585 diversatum
3125 2544 3143 2597 ;
3176 2539 3230 2584 et
3294 2527 3512 2587 aedium‘
3539 2547 3719 2601 penu-

2083 2601 2163 2658 ria
2192 2608 2472 2673 coactum,
2504 2601 2559 2656 in
2592 2600 2829 2656 ecclesia
2876 2615 3007 2673 quae
3048 2601 3124 2655 ibi
3183 2609 3305 2657 erat
3362 2600 3720 2673 dormivisse,

2082 2682 2133 2729 et
2164 2672 2476 2729 secundum
2509 2673 2757 2743 quietem
2804 2671 2888 2727 vel
2923 2686 3041 2727 rem
3074 2680 3288 2742 gestam
3350 2674 3579 2744 vidisse,
3633 2671 3716 2732 vel

2080 2744 2275 2801 saltem
2304 2746 2619 2799 somniasse
2669 2743 2997 2812 complures
3047 2757 3117 2798 ex
3148 2744 3420 2815 apostolis
3471 2756 3525 2801 et
3584 2760 3717 2815 pro-

2080 2816 2267 2886 phetis
2317 2817 2373 2870 in
2434 2828 2611 2871 unum
2650 2816 2874 2878 coactis,
2933 2816 3180 2885 graviter
3229 2814 3297 2870 de
3358 2814 3720 2885 imperatoris

2080 2886 2423 2960 contumelia
2483 2886 3310 2960 adversuswecclesiasiacta,
3374 2900 3718 2960 conquestos

2080 2973 2223 3022 esse,
2264 2957 2960 3028 inivisseque‘consilium,
2992 2956 3128 3027 quid
3161 2970 3216 3011 tn
3279 2957 3380 3012 hac
3411 2956 3578 3015 causa
3636 2962 3716 3017 fa-

2012 3021 2056 3075 σι
2078 3021 2342 3086 ciendum
2366 3021 2532 3086 esset?
2566 3031 2646 3084 Ac
2674 3042 2805 3085 cum
2837 3043 2900 3084 ea
2941 3021 3092 3083 de're
3121 3037 3268 3084 esset
3322 3028 3712 3097 deliberatum,

2079 3107 2135 3159 et
2162 3102 2348 3157 adhuc
2378 3114 2575 3157 eorum
2606 3101 2783 3156 animi
2816 3099 2968 3156 velut
3012 3100 3069 3155 in
3102 3099 3275 3156 dubio
3318 3103 3529 3158 versari
3564 3104 3715 3158 vide-

2079 3182 2296 3234 rentur,
2330 3171 2535 3228 duosa
2587 3173 2773 3227 medio
2827 3179 3125 3242 surgentes
3183 3173 3511 3229 cohortatos
3577 3176 3716 3231 reli-

2076 3258 2222 3316 quos
2250 3252 2323 3316 ut
2353 3244 2735 3316 bono‘animo
2756 3254 2983 3316 essent,
3021 3256 3398 3316 propereque,
3443 3250 3717 3315 tanquam

2074 3313 2145 3371 ad
2174 3314 2475 3387 delendum
2505 3313 2721 3371 Juliani
2751 3314 3075 3385 imperium,
3110 3329 3139 3369 e
3163 3313 3406 3387 concilio
3431 3313 3711 3387 egressos.

2074 3386 2373 3443 Hominem
2396 3386 2579 3451 illum,
2619 3387 2713 3456 qui
2748 3387 2848 3441 has
2879 3398 2970 3441 res
3011 3395 3125 3441 tam
3163 3385 3527 3443 admirabiles
3571 3402 3713 3445 con-

2073 3460 2371 3531 templatus
2402 3458 2614 3531 fuerat,
2638 3468 2744 3514 iter
2769 3458 2837 3531 de
2869 3464 3067 3514 czetero
3118 3456 3440 3531 neglexisse
3470 3475 3483 3515 :
3547 3468 3715 3531 atque

2072 3530 2208 3586 dum
2240 3539 2397 3587 metu
2426 3529 2744 3599 perculsus,
2778 3529 3070 3593 haesrtaret,
3098 3531 3226 3599 quis
3278 3529 3446 3599 hujus
3476 3529 3714 3588 visionis

2071 3603 2257 3658 exitus
2288 3604 2512 3658 futurus
2543 3608 2709 3665 esset,
2746 3601 2997 3658 secundo
3026 3604 3224 3656 eodem
3258 3601 3316 3655 in
3368 3604 3493 3658 loco
3558 3617 3713 3659 som-

2070 3674 2226 3729 nium
2263 3673 2502 3743 cepisse,
2552 3672 2872 3742 vidisseque
2922 3671 3190 3728 eumdem
3231 3673 3613 3742 apostolorum
3659 3685 3712 3732 et

2069 3744 2476 3817 prophetarum
2500 3752 2846 3817 conventum
2880 3754 3179 3817 :atqueex
3210 3746 3539 3817 improviso,
3559 3748 3713 3804 velut

2070 3813 2099 3871 ἐ
2130 3813 2218 3872 via
2264 3817 2320 3871 in
2359 3814 2679 3871 concilium
2724 3813 3013 3885 ingressos
3064 3813 3219 3877 illos,
3272 3816 3371 3885 qui
3416 3818 3713 3886 superiore

2068 3900 2235 3945 nocte
2265 3887 2331 3941 ad
2355 3887 2644 3943 lulianum
2678 3887 3123 3956 expugnandum
3156 3886 3434 3950 abierant,
3495 3893 3710 3945 caeteris

2069 3975 2180 4031 que
2208 3961 2501 4015 nuntiasse
2532 3972 2661 4014 eum
2700 3959 2951 4014 occisum
3002 3972 3145 4031 esse.
3191 3979 3211 4008 υ
3250 3958 3466 4031 Putarit
3518 3960 3708 4031 forsan

2070 4029 2761 4103 pseudo-Amphilochius,
2796 4031 2965 4084 istum
3005 4029 3217 4103 dequo
3250 4032 3342 4103 hic
3378 4030 3494 4100 agit
3537 4030 3711 4103 Sozo—

2070 4101 2534 4167 incnus,Jultani
2558 4106 2987 4169 necessarium;
3012 4102 3101 4157 cui
3127 4101 3253 4157 talis
3278 4102 3472 4157 visisio
3503 4101 3712 4173 obtige-

2066 4182 2178 4244 rat,
2217 4176 2390 4229 luisse
2432 4174 2733 4229 Libanium
2765 4173 3114 4242 sophistam;
3168 4173 3227 4227 in
3262 4185 3378 4242 quo
3409 4174 3616 4241 ipsum,
3670 4176 3718 4231 si

2069 4246 2178 4302 hoc
2207 4245 2473 4308 senserit,
2508 4259 2731 4300 errasse
2770 4244 3129 4300 manifestum
3164 4252 3247 4299 est
3279 4259 3343 4298 ex
3382 4244 3577 4299 eodem
3611 4244 3715 4301 So-

2066 4330 2325 4380 zomeno,
2358 4316 2454 4386 qui
2490 4316 2584 4372 lib.
2629 4327 2700 4375 vt.
2745 4330 2866 4385 cap.
2935 4318 2986 4383 1,
3020 4316 3189 4371 aliam
3241 4315 3450 4371 Libanii
3488 4316 3711 4385 Opinio-

328 4386 462 4447 eum
497 4390 646 4447 muri
676 4386 1040 4448 crassitudini
1096 4386 1379 4448 conﬁdere
1408 4404 1523 4447 non
1583 4401 1863 4462 posssent,
1923 4386 1977 4451 et
2001 4386 2191 4445 Dnem
2215 4389 2290 4462 de
2322 4389 2533 4462 Juliani
2566 4397 2745 4462 morte
2774 4389 2961 4462 refert.
2994 4386 3314 4442 Combeﬁsii
3364 4386 3709 4462 conjectura

322 4462 528 4520 Medus
557 4463 898 4535 decrevisset
958 4462 1237 4535 legatione
1270 4472 1320 4519 et
1354 4464 1691 4535 muneribus
1750 4465 1976 4535 suppli-

324 4548 461 4591 care
492 4534 723 4604 (quippe
752 4549 781 4590 a
820 4534 1037 4591 ratione
1067 4534 1319 4591 alienum
1352 4548 1477 4590 esse
1509 4534 1792 4600 censebat,
1824 4534 1974 4593 cum

322 4606 474 4669 viro,
516 4606 613 4676 qui
655 4606 1058 4678 deusgquidam
1091 4607 1563 4678 erat,_pugnare),
1614 4606 1732 4677 jam
1776 4606 1977 4678 legatis

323 4675 1079 4748 equosmnscendentibus,
1112 4675 1539 4745 prudentissimi
1570 4675 1723 4747 [ἱεῖς
1772 4675 1975 4742 virtus,

322 4746 488 4805 hasta
526 4747 725 4805 lumbo
758 4749 1063 4819 proscisso,
1105 4750 1313 4819 rigavit
1369 4746 1741 4819 sanguineab
1781 4764 1847 4807 eo
1878 4752 1975 4819 qui

322 4766 488 4805 [18513
528 4766 725 4805 ιυωοο
758 4766 1063 4819 proscnsso,
1105 4766 1313 4819 rigant
1369 4766 1647 4819 sangumc
1670 4766 1741 4805 80
1781 4766 1847 4807 ΘΟ
1919 4766 1975 4807 Ul

321 4820 547 4876 vicerat
575 4819 778 4887 effuso,
811 4828 1019 4877 terram
1055 4823 1306 4876 hostium
1338 4830 1734 4890 superatorum
1772 4838 1784 4877 :
1842 4766 1977 4878 ege-

321 4893 522 4964 citque
550 4905 681 4947 eum
715 4890 809 4962 qui
834 4891 1467 4964 terroregcohorruerat,
1514 4894 1974 4964 persequentium

320 4962 630 5019 dominum
665 4982 676 5015 :
713 4962 1174 5033 quandoquidem
1207 4978 1237 5019 a
1268 4964 1563 5034 transfuga
1607 4962 1853 5033 quedam
1894 4965 1981 5020 dl-

322 5048 488 5092 scere
520 5034 705 5090 Persae
738 5036 994 5097 licuerat,
1044 5037 1102 5090 in
1144 5049 1284 5105 qqu
1316 5034 1551 5091 fortunae
1611 5044 1758 5093 statu
1814 5048 1980 5095 esset.

321 5105 503 5162 Nobis
536 5113 732 5162 autem
764 5102 1240 5163 Antiochensibus
1270 5102 1569 5163 hominum
1602 5115 1755 5163 certe
1783 5121 1976 5169 nemo.

321 5178 421 5251 sed
484 5185 842 5251 terrazmotus
872 5178 1243 5251 calamitatis
1290 5176 1513 5234 indices
1573 5178 1819 5244 fuerant,
1877 5179 1979 5251 qui

320 5249 498 5305 urbes
534 5248 836 5305 Palaestinae
865 5248 1343 5321 Syriaeﬁquasdam
1377 5264 1445 5305 ex
1479 5257 1657 5319 parte,
1704 5248 1977 5321 quasdam

323 5328 472 5377 totas
533 5322 969 5377 subverterent.
1029 5320 1246 5377 Etenim
1302 5322 1454 5377 Deus
1500 5323 1660 5377 cobis
1720 5320 1978 5380 cladibus

319 5393 552 5463 magnis
594 5405 866 5462 magnum
905 5391 1281 5450 infortunium
1305 5392 1631 5463 signiﬁcare
1650 5394 1973 5452 videbatur:

318 5464 661 5534 optantibus
693 5478 825 5519 vero
850 5463 1092 5521 nobisne
1122 5479 1255 5522 vera
1285 5477 1676 5535 opinaremur,
1707 5467 1975 5524 acerbum

317 5535 503 5592 tristis
531 5535 721 5591 nuntii
751 5535 922 5592 telum
944 5548 1112 5591 aures
1134 5534 1467 5605 penetravit,
1494 5536 1785 5594 lulianum
1814 5538 1973 5595 illum

318 5605 387 5663 in
420 5606 721 5677 sandapila
748 5607 910 5675 ferri,
943 5616 997 5663 et
1026 5616 1316 5732 sceptrum
1370 5623 1399 5664 a
1432 5610 1625 5667 nescio
1662 5624 1776 5681 quo
1827 5611 1977 5667 obti-

325 5681 454 5732 neri
483 5695 501 5732 :
533 5679 860 5732 Armeniam
897 5687 1083 5732 autem
1170 5693 1425 5732 crsarum
1487 5695 1631 5732 esse.
1694 5687 1747 5732 et
1793 5695 1977 5732 anan-

325 5681 454 5736 neri
483 5695 501 5743 ;
533 5681 860 5735 Armeniam
897 5687 1083 5735 autem
1121 5681 1425 5752 Persarum
1487 5695 1631 5752 esse,
1694 5687 1747 5738 et
1793 5695 1977 5752 quan-

319 5756 984 5825 tumcunqueagrorum
1025 5751 1383 5825 reliquorum
1413 5750 1645 5825 vellent,
1716 5750 1973 5825 Quapro-

310 5828 443 5895 νωι-
474 5821 673 5883 statim
700 5821 768 5881 in’
818 5834 1014 5879 ensem
1082 5821 1283 5881 oculos
1337 5823 1576 5897 conject,
1643 5826 1805 5896 quasi
1841 5821 1972 5884 'vita

2058 4470 2161 4525 est,
2196 4460 2338 4516 duos
2375 4461 2553 4516 fuisse
2582 4460 2873 4523 Libanios,
2926 4467 3261 4527 quzestorcm
3290 4470 3488 4525 unum,
3550 4458 3601 4516 al
3627 4469 3706 4515 te-

2059 4546 2184 4588 rum
2220 4533 2533 4601 sopbistam
2565 4546 2576 4585 :
2614 4540 2666 4587 et
2720 4531 2813 4585 hic
2863 4533 3123 4599 saptttstae
3177 4544 3384 4586 nomen
3449 4532 3711 4600 questuri

2060 4610 2274 4661 temere
2301 4604 2552 4659 additum
2585 4618 2614 4659 a
2648 4602 2887 4658 librario
2926 4602 3191 4672 quodam.
3235 4602 3309 4657 tta
3342 4601 3434 4657 ille
3464 4603 3712 4658 credibi-

2061 4673 2173 4730 lem
2208 4678 2355 4730 hanc
2382 4674 2770 4730 narrationem
2831 4672 3071 4730 reddere
3128 4672 3342 4737 nititur,
3388 4676 3704 4739 temeraria,

2063 4755 2123 4802 ut
2158 4745 2558 4816 mihiquidem
2620 4746 2859 4809 videtur,
2922 4744 3270 4816 conjectura,
3340 4759 3449 4815 qua
3512 4744 3707 4816 plures

2062 4815 2283 4873 fabellae
2324 4814 2357 4873 εἰ
2383 4814 2745 4873 fabulositate
2776 4814 3186 4872 eximerentur.
3226 4814 3457 4872 interim
3503 4814 3709 4874 fatetur

2063 4888 2204 4959 ipse,
2242 4890 2354 4944 hinc
2387 4887 2549 4945 nullo
2588 4887 2755 4944 modo
2781 4888 2847 4944 de
2884 4888 3119 4943 Libanio
3158 4888 3408 4957 sophista
3463 4888 3705 4961 intelligi

2100 4975 2245 5018 0886.

2062 4974 2248 5102 90ῗὲἓῇ
2287 5031 2598 5103 ίΕηὶεωδιὶ
2629 5030 2985 5103 mihisimile
3025 5038 3126 5096 est,
3183 5030 3319 5085 dum
3380 5030 3539 5088 locus
3607 5048 3704 5089 au-

2064 5101 2363 5173 dientium,
2399 5101 2507 5161 tam
2552 5117 2727 5173 prope
2761 5105 2831 5159 ad
2869 5101 3045 5159 altare
3081 5103 3365 5167 statuitur,
3400 5114 3462 5159 ut
3482 5103 3615 5159 inde
3646 5110 3702 5160 in

2065 5179 2381 5233 sacrarium
2416 5175 2622 5231 mulier
2648 5182 2838 5244 posset
2889 5176 3278 5244 introspicere.
3316 5175 3474 5232 Unde
3534 5176 3699 5232 Com~

2062 5248 2297 5306 betisius
2331 5248 2791 5317 putatdesignari
2824 5246 3034 5310 locum,
3070 5245 3333 5301 ﬁdelibus
3368 5247 3704 5307 mulieribus

2064 5320 2402 5375 destinatum
2438 5335 2450 5374 :
2484 5318 2579 5374 sed
2613 5332 2797 5388 neque
2843 5318 2952 5381 hic,
3016 5318 3216 5374 salttm
3278 5319 3337 5373 in
3390 5317 3705 5387 majoribus

2062 5392 2336 5455 ecclesiis,
2390 5399 2503 5445 tam
2538 5404 2713 5459 prope
2749 5391 2816 5444 ad
2862 5390 3033 5445 altare
3081 5398 3219 5445 erat.
3283 5388 3363 5445 De
3414 5401 3569 5447 motu
3608 5404 3706 5448 co-

2060 5461 2263 5518 lumbae
2297 5463 2353 5517 in
2387 5461 2613 5532 signum
2645 5462 2920 5517 adventus
2948 5462 3191 5531 Spiritus
3222 5462 3424 5526 sancti,
3454 5462 3591 5519 alibi
3614 5477 3703 5518 nt-

2060 5534 2135 5589 hil
2173 5535 2420 5598 invenio,
2451 5546 2557 5589 nec
2586 5534 2719 5589 satis
2750 5533 2998 5603 intelligo
3028 5548 3097 5589 an
3134 5540 3334 5602 sponte
3372 5542 3424 5590 et
3455 5535 3700 5590 miracu-

2062 5606 2180 5661 lose
2212 5615 2557 5669 moveretur,
2591 5618 2661 5660 an
2700 5617 2834 5659 vero
2891 5620 2919 5659 a
2952 5607 3237 5676 ministro,
3276 5612 3338 5660 ut
3386 5606 3538 5676 apud
3578 5620 3700 5676 gnos

2060 5676 2676 5749 pulsatur‘campana;
2728 5681 2782 5749 et
2822 5675 3273 5749 sigmiraculose,
3300 5689 3397 5749 an
3422 5674 3701 5749 omnibus

2061 5747 2273 5820 passim
2301 5747 2365 5820 id
2395 5747 2591 5820 ﬂeret,
2625 5761 2695 5804 an
2728 5747 2941 5805 Basilio
2980 5747 3312 5820 tantum.ASi
3341 5747 3548 5820 Basilio
3578 5756 3701 5820 tan-

2060 5817 2204 5889 ium,
2236 5818 2415 5878 miror
2452 5819 2598 5877 nihil
2656 5827 2772 5878 tam
2830 5820 3141 5891 singularis
3170 5817 3434 5877 miraculi
3496 5818 3703 5875 memi-
