  <div class='ocr_page' id='page_1' title='image "/cluster/home/n/w/nwhite01/storage/ocr_20150623/29/hvd.32044054128665/336.png"; bbox 0 0 4096 6210; ppageno 0'>
   <div class='ocr_carea' id='block_1_1' title="bbox 480 272 3224 342">
    <p class='ocr_par' dir='ltr' id='par_1_1' title="bbox 480 272 3224 342">
     <span class='ocr_line' id='line_1_1' title="bbox 480 272 3224 342; baseline -0.003 0"><span class='ocrx_word' id='word_1_1' title='bbox 480 279 882 342; x_wconf 82' lang='lat' dir='ltr'><strong>EXCERPTA</strong></span> <span class='ocrx_word' id='word_1_2' title='bbox 930 280 1029 341; x_wconf 81' lang='lat' dir='ltr'><strong>EX</strong></span> <span class='ocrx_word' id='word_1_3' title='bbox 1075 280 1134 341; x_wconf 91' lang='lat' dir='ltr'><strong>S.</strong></span> <span class='ocrx_word' id='word_1_4' title='bbox 1188 275 1402 341; x_wconf 82' lang='lat' dir='ltr'><strong>ACTIS</strong></span> <span class='ocrx_word' id='word_1_5' title='bbox 1446 275 1724 339; x_wconf 86' lang='lat' dir='ltr'><strong>BASILII</strong></span> <span class='ocrx_word' id='word_1_6' title='bbox 1776 272 2367 339; x_wconf 84' lang='lat' dir='ltr'><strong>BOLLANDIANIS.</strong></span> <span class='ocrx_word' id='word_1_7' title='bbox 2405 311 2480 321; x_wconf 91' lang='lat'><strong><em>—</em></strong></span> <span class='ocrx_word' id='word_1_8' title='bbox 2512 277 2695 339; x_wconf 80' lang='lat' dir='ltr'><strong>VITA</strong></span> <span class='ocrx_word' id='word_1_9' title='bbox 2743 276 3224 341; x_wconf 79' lang='lat' dir='ltr'><strong>APOCRYPHA.</strong></span> 
     </span>
    </p>
   </div>
   <div class='ocr_carea' id='block_1_2' title="bbox 3460 295 3651 345">
    <p class='ocr_par' dir='ltr' id='par_1_2' title="bbox 3460 295 3651 345">
     <span class='ocr_line' id='line_1_2' title="bbox 3460 295 3651 345; baseline 0.01 -2"><span class='ocrx_word' id='word_1_10' title='bbox 3460 295 3651 345; x_wconf 73' lang='lat' dir='ltr'><strong>CCCVI!</strong></span> 
     </span>
    </p>
   </div>
   <div class='ocr_carea' id='block_1_3' title="bbox 266 404 3647 494">
    <p class='ocr_par' dir='ltr' id='par_1_3' title="bbox 266 404 3647 494">
     <span class='ocr_line' id='line_1_3' title="bbox 266 404 3647 494; baseline -0.001 -17"><span class='ocrx_word' id='word_1_11' title='bbox 266 415 626 492; x_wconf 76' lang='lat' dir='ltr'><strong>xitDeus,ut</strong></span> <span class='ocrx_word' id='word_1_12' title='bbox 648 428 757 490; x_wconf 91' lang='lat' dir='ltr'><strong>pro</strong></span> <span class='ocrx_word' id='word_1_13' title='bbox 785 411 1026 471; x_wconf 73' lang='lat' dir='ltr'><strong>veritate</strong></span> <span class='ocrx_word' id='word_1_14' title='bbox 1051 412 1324 471; x_wconf 88' lang='lat' dir='ltr'><strong>absolvar</strong></span> <span class='ocrx_word' id='word_1_15' title='bbox 1344 410 1594 470; x_wconf 86' lang='lat' dir='ltr'><strong>vinculis</strong></span> <span class='ocrx_word' id='word_1_16' title='bbox 1617 407 1886 486; x_wconf 89' lang='lat' dir='ltr'><strong>corporis</strong></span> <span class='ocrx_word' id='word_1_17' title='bbox 1908 423 1922 466; x_wconf 89' lang='lat'>:</span> <span class='ocrx_word' id='word_1_18' title='bbox 1949 414 1988 461; x_wconf 82' lang='lat' dir='ltr'><strong>A</strong></span> <span class='ocrx_word' id='word_1_19' title='bbox 2014 404 2132 466; x_wconf 88' lang='lat' dir='ltr'><strong>ﬁlia</strong></span> <span class='ocrx_word' id='word_1_20' title='bbox 2148 428 2252 468; x_wconf 76' lang='lat' dir='ltr'><strong>sua</strong></span> <span class='ocrx_word' id='word_1_21' title='bbox 2269 408 2948 490; x_wconf 82' lang='lat' dir='ltr'><strong>perrexisset,velletque</strong></span> <span class='ocrx_word' id='word_1_22' title='bbox 2965 411 3085 471; x_wconf 90' lang='lat' dir='ltr'><strong>illic</strong></span> <span class='ocrx_word' id='word_1_23' title='bbox 3104 412 3360 491; x_wconf 80' lang='lat' dir='ltr'><strong>puellam</strong></span> <span class='ocrx_word' id='word_1_24' title='bbox 3378 414 3647 494; x_wconf 90' lang='lat' dir='ltr'><strong>tondere,</strong></span> 
     </span>
    </p>
   </div>
   <div class='ocr_carea' id='block_1_4' title="bbox 276 495 3651 580">
    <p class='ocr_par' dir='ltr' id='par_1_4' title="bbox 276 495 3651 580">
     <span class='ocr_line' id='line_1_4' title="bbox 276 495 3651 580; baseline -0 -15"><span class='ocrx_word' id='word_1_25' title='bbox 276 522 418 565; x_wconf 90' lang='lat' dir='ltr'><strong>nam</strong></span> <span class='ocrx_word' id='word_1_26' title='bbox 445 502 540 562; x_wconf 91' lang='lat' dir='ltr'><strong>diu</strong></span> <span class='ocrx_word' id='word_1_27' title='bbox 568 509 659 561; x_wconf 81' lang='lat' dir='ltr'><strong>est</strong></span> <span class='ocrx_word' id='word_1_28' title='bbox 687 518 755 561; x_wconf 86' lang='lat' dir='ltr'><strong>ex</strong></span> <span class='ocrx_word' id='word_1_29' title='bbox 794 519 910 580; x_wconf 92' lang='lat' dir='ltr'><strong>quo</strong></span> <span class='ocrx_word' id='word_1_30' title='bbox 974 499 1031 560; x_wconf 84' lang='lat' dir='ltr'><strong>id</strong></span> <span class='ocrx_word' id='word_1_31' title='bbox 1055 500 1259 580; x_wconf 88' lang='lat' dir='ltr'><strong>cupio;</strong></span> <span class='ocrx_word' id='word_1_32' title='bbox 1289 500 1401 561; x_wconf 87' lang='lat' dir='ltr'><strong>nisi</strong></span> <span class='ocrx_word' id='word_1_33' title='bbox 1426 510 1619 559; x_wconf 90' lang='lat' dir='ltr'><strong>tamen</strong></span> <span class='ocrx_word' id='word_1_34' title='bbox 1645 497 1759 576; x_wconf 83' lang='lat' dir='ltr'><strong>ipsi</strong></span> <span class='ocrx_word' id='word_1_35' title='bbox 1784 495 1928 556; x_wconf 89' lang='lat' dir='ltr'><strong>mol-</strong></span> <span class='ocrx_word' id='word_1_36' title='bbox 2010 505 2186 572; x_wconf 86' lang='lat' dir='ltr'><strong>atque</strong></span> <span class='ocrx_word' id='word_1_37' title='bbox 2218 497 2279 557; x_wconf 92' lang='lat' dir='ltr'><strong>in</strong></span> <span class='ocrx_word' id='word_1_38' title='bbox 2305 516 2529 559; x_wconf 81' lang='lat' dir='ltr'><strong>sacram</strong></span> <span class='ocrx_word' id='word_1_39' title='bbox 2558 499 2812 575; x_wconf 86' lang='lat' dir='ltr'><strong>aliquam</strong></span> <span class='ocrx_word' id='word_1_40' title='bbox 2843 501 3223 562; x_wconf 87' lang='lat' dir='ltr'><strong>monasticam</strong></span> <span class='ocrx_word' id='word_1_41' title='bbox 3245 502 3431 562; x_wconf 65' lang='lat' dir='ltr'><strong>mdem</strong></span> <span class='ocrx_word' id='word_1_42' title='bbox 3457 504 3651 564; x_wconf 81' lang='lat' dir='ltr'><strong>tradi-</strong></span> 
     </span>
    </p>
   </div>
   <div class='ocr_carea' id='block_1_5' title="bbox 277 589 1925 670">
    <p class='ocr_par' dir='ltr' id='par_1_5' title="bbox 277 589 1925 670">
     <span class='ocr_line' id='line_1_5' title="bbox 277 589 1925 670; baseline -0.007 -15"><span class='ocrx_word' id='word_1_43' title='bbox 277 594 462 655; x_wconf 91' lang='lat' dir='ltr'><strong>liores</strong></span> <span class='ocrx_word' id='word_1_44' title='bbox 496 592 633 653; x_wconf 86' lang='lat' dir='ltr'><strong>estis</strong></span> <span class='ocrx_word' id='word_1_45' title='bbox 664 590 724 652; x_wconf 90' lang='lat' dir='ltr'><strong>in</strong></span> <span class='ocrx_word' id='word_1_46' title='bbox 759 590 1111 670; x_wconf 61' lang='lat' dir='ltr'><strong>praestandis</strong></span> <span class='ocrx_word' id='word_1_47' title='bbox 1144 589 1479 669; x_wconf 82' lang='lat' dir='ltr'><strong>promissis.</strong></span> <span class='ocrx_word' id='word_1_48' title='bbox 1522 612 1547 641; x_wconf 82' lang='lat'><strong>»</strong></span> <span class='ocrx_word' id='word_1_49' title='bbox 1576 589 1759 647; x_wconf 85' lang='lat' dir='ltr'><strong>Porro</strong></span> <span class='ocrx_word' id='word_1_50' title='bbox 1784 603 1925 664; x_wconf 72' lang='lat' dir='ltr'><strong>prae-</strong></span> 
     </span>
    </p>
   </div>
   <div class='ocr_carea' id='block_1_6' title="bbox 278 675 1926 760">
    <p class='ocr_par' dir='ltr' id='par_1_6' title="bbox 278 675 1926 760">
     <span class='ocr_line' id='line_1_6' title="bbox 278 675 1926 760; baseline -0.006 -16"><span class='ocrx_word' id='word_1_51' title='bbox 278 683 469 744; x_wconf 82' lang='lat' dir='ltr'><strong>fectus</strong></span> <span class='ocrx_word' id='word_1_52' title='bbox 491 697 817 760; x_wconf 79' lang='lat' dir='ltr'><strong>pugnacem</strong></span> <span class='ocrx_word' id='word_1_53' title='bbox 839 679 947 739; x_wconf 88' lang='lat' dir='ltr'><strong>viri</strong></span> <span class='ocrx_word' id='word_1_54' title='bbox 966 678 1347 740; x_wconf 88' lang='lat' dir='ltr'><strong>renitentiam</strong></span> <span class='ocrx_word' id='word_1_55' title='bbox 1374 687 1431 739; x_wconf 92' lang='lat' dir='ltr'><strong>et</strong></span> <span class='ocrx_word' id='word_1_56' title='bbox 1452 675 1926 737; x_wconf 88' lang='lat' dir='ltr'><strong>immobilitatem</strong></span> 
     </span>
    </p>
   </div>
   <div class='ocr_carea' id='block_1_7' title="bbox 279 766 1925 852">
    <p class='ocr_par' dir='ltr' id='par_1_7' title="bbox 279 766 1925 852">
     <span class='ocr_line' id='line_1_7' title="bbox 279 766 1925 852; baseline -0.006 -19"><span class='ocrx_word' id='word_1_57' title='bbox 279 770 565 852; x_wconf 84' lang='lat' dir='ltr'><strong>propositi</strong></span> <span class='ocrx_word' id='word_1_58' title='bbox 594 769 937 849; x_wconf 86' lang='lat' dir='ltr'><strong>imperatori</strong></span> <span class='ocrx_word' id='word_1_59' title='bbox 964 768 1439 847; x_wconf 88' lang='lat' dir='ltr'><strong>signiﬁcans,ait:</strong></span> <span class='ocrx_word' id='word_1_60' title='bbox 1482 766 1675 827; x_wconf 81' lang='lat' dir='ltr'><strong>«Victi</strong></span> <span class='ocrx_word' id='word_1_61' title='bbox 1698 784 1925 836; x_wconf 91' lang='lat' dir='ltr'><strong>sumus,</strong></span> 
     </span>
    </p>
   </div>
   <div class='ocr_carea' id='block_1_8' title="bbox 273 852 1932 940">
    <p class='ocr_par' dir='ltr' id='par_1_8' title="bbox 273 852 1932 940">
     <span class='ocr_line' id='line_1_8' title="bbox 273 852 1932 940; baseline -0.003 -20"><span class='ocrx_word' id='word_1_62' title='bbox 273 861 643 940; x_wconf 82' lang='lat' dir='ltr'><strong>imperator:</strong></span> <span class='ocrx_word' id='word_1_63' title='bbox 677 858 766 918; x_wconf 89' lang='lat' dir='ltr'><strong>vir</strong></span> <span class='ocrx_word' id='word_1_64' title='bbox 797 858 957 919; x_wconf 90' lang='lat' dir='ltr'><strong>enim</strong></span> <span class='ocrx_word' id='word_1_65' title='bbox 992 857 1170 918; x_wconf 88' lang='lat' dir='ltr'><strong>minis</strong></span> <span class='ocrx_word' id='word_1_66' title='bbox 1197 858 1468 937; x_wconf 88' lang='lat' dir='ltr'><strong>superior</strong></span> <span class='ocrx_word' id='word_1_67' title='bbox 1501 852 1932 930; x_wconf 77' lang='lat' dir='ltr'><strong>est,iuflexibili</strong></span> 
     </span>
    </p>
   </div>
   <div class='ocr_carea' id='block_1_9' title="bbox 270 951 1178 1023">
    <p class='ocr_par' dir='ltr' id='par_1_9' title="bbox 270 951 1178 1023">
     <span class='ocr_line' id='line_1_9' title="bbox 270 951 1178 1023; baseline -0.007 -14"><span class='ocrx_word' id='word_1_68' title='bbox 270 951 559 1023; x_wconf 87' lang='lat' dir='ltr'><strong>duroque</strong></span> <span class='ocrx_word' id='word_1_69' title='bbox 589 954 647 1008; x_wconf 93' lang='lat' dir='ltr'><strong>et</strong></span> <span class='ocrx_word' id='word_1_70' title='bbox 678 966 777 1007; x_wconf 65' lang='lat' dir='ltr'><strong>sax</strong></span> <span class='ocrx_word' id='word_1_71' title='bbox 793 966 860 1008; x_wconf 91' lang='lat' dir='ltr'><strong>eo</strong></span> <span class='ocrx_word' id='word_1_72' title='bbox 889 952 1111 1008; x_wconf 90' lang='lat' dir='ltr'><strong>animo.</strong></span> <span class='ocrx_word' id='word_1_73' title='bbox 1156 970 1178 1003; x_wconf 69' lang='grc' dir='ltr'><strong>υ</strong></span> 
     </span>
    </p>
   </div>
   <div class='ocr_carea' id='block_1_10' title="bbox 360 1034 1929 1117">
    <p class='ocr_par' dir='ltr' id='par_1_10' title="bbox 360 1034 1929 1117">
     <span class='ocr_line' id='line_1_10' title="bbox 360 1034 1929 1117; baseline -0.005 -15"><span class='ocrx_word' id='word_1_74' title='bbox 360 1039 507 1102; x_wconf 90' lang='lat' dir='ltr'><strong>Cum</strong></span> <span class='ocrx_word' id='word_1_75' title='bbox 532 1046 729 1099; x_wconf 91' lang='lat' dir='ltr'><strong>autem</strong></span> <span class='ocrx_word' id='word_1_76' title='bbox 749 1038 1079 1117; x_wconf 79' lang='lat' dir='ltr'><strong>imperator</strong></span> <span class='ocrx_word' id='word_1_77' title='bbox 1100 1037 1187 1097; x_wconf 89' lang='lat' dir='ltr'><strong>ira</strong></span> <span class='ocrx_word' id='word_1_78' title='bbox 1215 1038 1610 1097; x_wconf 79' lang='lat' dir='ltr'><strong>eiferveseens</strong></span> <span class='ocrx_word' id='word_1_79' title='bbox 1635 1034 1929 1096; x_wconf 88' lang='lat' dir='ltr'><strong>delibera-</strong></span> 
     </span>
    </p>
   </div>
   <div class='ocr_carea' id='block_1_11' title="bbox 269 1126 1933 1209">
    <p class='ocr_par' dir='ltr' id='par_1_11' title="bbox 269 1126 1933 1209">
     <span class='ocr_line' id='line_1_11' title="bbox 269 1126 1933 1209; baseline -0.004 -18"><span class='ocrx_word' id='word_1_80' title='bbox 269 1140 393 1209; x_wconf 91' lang='lat' dir='ltr'><strong>ret,</strong></span> <span class='ocrx_word' id='word_1_81' title='bbox 426 1146 546 1209; x_wconf 91' lang='lat' dir='ltr'><strong>quo</strong></span> <span class='ocrx_word' id='word_1_82' title='bbox 579 1146 713 1189; x_wconf 92' lang='lat' dir='ltr'><strong>eum</strong></span> <span class='ocrx_word' id='word_1_83' title='bbox 751 1127 959 1187; x_wconf 84' lang='lat' dir='ltr'><strong>mortis</strong></span> <span class='ocrx_word' id='word_1_84' title='bbox 996 1143 1218 1204; x_wconf 84' lang='lat' dir='ltr'><strong>genere</strong></span> <span class='ocrx_word' id='word_1_85' title='bbox 1270 1126 1696 1186; x_wconf 78' lang='lat' dir='ltr'><strong>interfecturus</strong></span> <span class='ocrx_word' id='word_1_86' title='bbox 1729 1134 1885 1185; x_wconf 88' lang='lat' dir='ltr'><strong>esset</strong></span> <span class='ocrx_word' id='word_1_87' title='bbox 1912 1143 1933 1201; x_wconf 90' lang='lat'><em>;</em></span> 
     </span>
    </p>
   </div>
   <div class='ocr_carea' id='block_1_12' title="bbox 272 1213 1929 1295">
    <p class='ocr_par' dir='ltr' id='par_1_12' title="bbox 272 1213 1929 1295">
     <span class='ocr_line' id='line_1_12' title="bbox 272 1213 1929 1295; baseline -0.004 -15"><span class='ocrx_word' id='word_1_88' title='bbox 272 1216 524 1295; x_wconf 82' lang='lat' dir='ltr'><strong>contigit</strong></span> <span class='ocrx_word' id='word_1_89' title='bbox 549 1224 609 1277; x_wconf 86' lang='lat' dir='ltr'><strong>ut</strong></span> <span class='ocrx_word' id='word_1_90' title='bbox 640 1216 770 1295; x_wconf 88' lang='lat' dir='ltr'><strong>ejus</strong></span> <span class='ocrx_word' id='word_1_91' title='bbox 803 1215 961 1275; x_wconf 76' lang='lat' dir='ltr'><strong>filius</strong></span> <span class='ocrx_word' id='word_1_92' title='bbox 992 1215 1052 1276; x_wconf 91' lang='lat' dir='ltr'><strong>in</strong></span> <span class='ocrx_word' id='word_1_93' title='bbox 1090 1216 1362 1276; x_wconf 87' lang='lat' dir='ltr'><strong>morbum</strong></span> <span class='ocrx_word' id='word_1_94' title='bbox 1397 1214 1679 1274; x_wconf 76' lang='lat' dir='ltr'><strong>divinitus</strong></span> <span class='ocrx_word' id='word_1_95' title='bbox 1708 1213 1929 1273; x_wconf 87' lang='lat' dir='ltr'><strong>illatum</strong></span> 
     </span>
    </p>
   </div>
   <div class='ocr_carea' id='block_1_13' title="bbox 274 1302 1927 1384">
    <p class='ocr_par' dir='ltr' id='par_1_13' title="bbox 274 1302 1927 1384">
     <span class='ocr_line' id='line_1_13' title="bbox 274 1302 1927 1384; baseline -0.003 -15"><span class='ocrx_word' id='word_1_96' title='bbox 274 1308 597 1377; x_wconf 80' lang='lat' dir='ltr'><strong>incideret,</strong></span> <span class='ocrx_word' id='word_1_97' title='bbox 635 1306 716 1367; x_wconf 89' lang='lat' dir='ltr'><strong>ita</strong></span> <span class='ocrx_word' id='word_1_98' title='bbox 750 1314 812 1365; x_wconf 93' lang='lat' dir='ltr'><strong>ut</strong></span> <span class='ocrx_word' id='word_1_99' title='bbox 846 1303 1063 1365; x_wconf 90' lang='lat' dir='ltr'><strong>medici</strong></span> <span class='ocrx_word' id='word_1_100' title='bbox 1094 1323 1262 1384; x_wconf 90' lang='lat' dir='ltr'><strong>spem</strong></span> <span class='ocrx_word' id='word_1_101' title='bbox 1321 1304 1522 1365; x_wconf 80' lang='lat' dir='ltr'><strong>salutis</strong></span> <span class='ocrx_word' id='word_1_102' title='bbox 1575 1302 1927 1383; x_wconf 86' lang='lat' dir='ltr'><strong>abjicerent.</strong></span> 
     </span>
    </p>
   </div>
   <div class='ocr_carea' id='block_1_14' title="bbox 275 1392 1926 1473">
    <p class='ocr_par' dir='ltr' id='par_1_14' title="bbox 275 1392 1926 1473">
     <span class='ocr_line' id='line_1_14' title="bbox 275 1392 1926 1473; baseline -0.002 -15"><span class='ocrx_word' id='word_1_103' title='bbox 275 1402 464 1458; x_wconf 92' lang='lat' dir='ltr'><strong>Porro</strong></span> <span class='ocrx_word' id='word_1_104' title='bbox 500 1405 687 1457; x_wconf 80' lang='lat' dir='ltr'><strong>mater</strong></span> <span class='ocrx_word' id='word_1_105' title='bbox 716 1394 1061 1473; x_wconf 89' lang='lat' dir='ltr'><strong>imperatori</strong></span> <span class='ocrx_word' id='word_1_106' title='bbox 1119 1394 1374 1473; x_wconf 76' lang='lat' dir='ltr'><strong>supplex</strong></span> <span class='ocrx_word' id='word_1_107' title='bbox 1404 1392 1703 1465; x_wconf 85' lang='lat' dir='ltr'><strong>accidens,</strong></span> <span class='ocrx_word' id='word_1_108' title='bbox 1741 1392 1926 1455; x_wconf 87' lang='lat' dir='ltr'><strong>dixit:</strong></span> 
     </span>
    </p>
   </div>
   <div class='ocr_carea' id='block_1_15' title="bbox 278 1482 1930 1563">
    <p class='ocr_par' dir='ltr' id='par_1_15' title="bbox 278 1482 1930 1563">
     <span class='ocr_line' id='line_1_15' title="bbox 278 1482 1930 1563; baseline 0 -21"><span class='ocrx_word' id='word_1_109' title='bbox 278 1510 302 1542; x_wconf 73' lang='grc' dir='ltr'><strong>ι</strong></span> <span class='ocrx_word' id='word_1_110' title='bbox 341 1485 532 1558; x_wconf 89' lang='lat' dir='ltr'><strong>Quam</strong></span> <span class='ocrx_word' id='word_1_111' title='bbox 564 1484 717 1545; x_wconf 88' lang='lat' dir='ltr'><strong>male</strong></span> <span class='ocrx_word' id='word_1_112' title='bbox 748 1502 887 1562; x_wconf 85' lang='lat' dir='ltr'><strong>erga</strong></span> <span class='ocrx_word' id='word_1_113' title='bbox 922 1482 1104 1544; x_wconf 89' lang='lat' dir='ltr'><strong>Deum</strong></span> <span class='ocrx_word' id='word_1_114' title='bbox 1142 1484 1392 1563; x_wconf 80' lang='lat' dir='ltr'><strong>ejusque</strong></span> <span class='ocrx_word' id='word_1_115' title='bbox 1423 1484 1790 1544; x_wconf 85' lang='lat' dir='ltr'><strong>sacerdotem</strong></span> <span class='ocrx_word' id='word_1_116' title='bbox 1826 1482 1930 1543; x_wconf 90' lang='lat' dir='ltr'><strong>Ba-</strong></span> 
     </span>
    </p>
   </div>
   <div class='ocr_carea' id='block_1_16' title="bbox 269 1570 1928 1653">
    <p class='ocr_par' dir='ltr' id='par_1_16' title="bbox 269 1570 1928 1653">
     <span class='ocr_line' id='line_1_16' title="bbox 269 1570 1928 1653; baseline -0.004 -16"><span class='ocrx_word' id='word_1_117' title='bbox 269 1576 477 1637; x_wconf 92' lang='lat' dir='ltr'><strong>silium</strong></span> <span class='ocrx_word' id='word_1_118' title='bbox 514 1573 696 1636; x_wconf 87' lang='lat' dir='ltr'><strong>babes</strong></span> <span class='ocrx_word' id='word_1_119' title='bbox 722 1574 736 1633; x_wconf 76' lang='grc' dir='ltr'><strong><em>ε</em></strong></span> <span class='ocrx_word' id='word_1_120' title='bbox 767 1578 850 1635; x_wconf 86' lang='lat' dir='ltr'><strong>En</strong></span> <span class='ocrx_word' id='word_1_121' title='bbox 877 1574 1124 1634; x_wconf 91' lang='lat' dir='ltr'><strong>moritur</strong></span> <span class='ocrx_word' id='word_1_122' title='bbox 1145 1582 1201 1634; x_wconf 91' lang='lat' dir='ltr'><strong>et</strong></span> <span class='ocrx_word' id='word_1_123' title='bbox 1225 1575 1348 1652; x_wconf 85' lang='lat' dir='ltr'><strong>ipse</strong></span> <span class='ocrx_word' id='word_1_124' title='bbox 1374 1591 1540 1653; x_wconf 91' lang='lat' dir='ltr'><strong>puer.</strong></span> <span class='ocrx_word' id='word_1_125' title='bbox 1572 1595 1598 1631; x_wconf 73' lang='grc' dir='ltr'><strong>ι</strong></span> <span class='ocrx_word' id='word_1_126' title='bbox 1628 1570 1735 1633; x_wconf 86' lang='lat' dir='ltr'><strong>His</strong></span> <span class='ocrx_word' id='word_1_127' title='bbox 1755 1572 1928 1633; x_wconf 91' lang='lat' dir='ltr'><strong>audi-</strong></span> 
     </span>
    </p>
   </div>
   <div class='ocr_carea' id='block_1_17' title="bbox 269 1662 1925 1746">
    <p class='ocr_par' dir='ltr' id='par_1_17' title="bbox 269 1662 1925 1746">
     <span class='ocr_line' id='line_1_17' title="bbox 269 1662 1925 1746; baseline -0.005 -16"><span class='ocrx_word' id='word_1_128' title='bbox 269 1668 373 1745; x_wconf 88' lang='lat' dir='ltr'><strong>tis,</strong></span> <span class='ocrx_word' id='word_1_129' title='bbox 403 1666 729 1746; x_wconf 88' lang='lat' dir='ltr'><strong>imperator</strong></span> <span class='ocrx_word' id='word_1_130' title='bbox 754 1664 1026 1725; x_wconf 82' lang='lat' dir='ltr'><strong>Basilium</strong></span> <span class='ocrx_word' id='word_1_131' title='bbox 1054 1663 1599 1742; x_wconf 79' lang='lat' dir='ltr'><strong>acccrsivit,aitque</strong></span> <span class='ocrx_word' id='word_1_132' title='bbox 1616 1662 1687 1724; x_wconf 90' lang='lat' dir='ltr'><strong>ad</strong></span> <span class='ocrx_word' id='word_1_133' title='bbox 1714 1662 1877 1722; x_wconf 92' lang='lat' dir='ltr'><strong>illum</strong></span> <span class='ocrx_word' id='word_1_134' title='bbox 1913 1682 1925 1722; x_wconf 93' lang='lat'><strong>:</strong></span> 
     </span>
    </p>
   </div>
   <div class='ocr_carea' id='block_1_18' title="bbox 2013 587 3650 658">
    <p class='ocr_par' dir='ltr' id='par_1_18' title="bbox 2013 587 3650 658">
     <span class='ocr_line' id='line_1_18' title="bbox 2013 587 3650 658; baseline 0.007 -16"><span class='ocrx_word' id='word_1_135' title='bbox 2013 592 2129 644; x_wconf 88' lang='lat' dir='ltr'><strong>tam</strong></span> <span class='ocrx_word' id='word_1_136' title='bbox 2166 589 2288 647; x_wconf 90' lang='lat' dir='ltr'><strong>Deo</strong></span> <span class='ocrx_word' id='word_1_137' title='bbox 2322 587 2674 648; x_wconf 87' lang='lat' dir='ltr'><strong>sacriﬁcium</strong></span> <span class='ocrx_word' id='word_1_138' title='bbox 2710 588 2968 658; x_wconf 80' lang='lat' dir='ltr'><strong>olferre;</strong></span> <span class='ocrx_word' id='word_1_139' title='bbox 3003 590 3310 651; x_wconf 61' lang='lat' dir='ltr'><strong>aimulatus</strong></span> <span class='ocrx_word' id='word_1_140' title='bbox 3354 591 3650 655; x_wconf 89' lang='lat' dir='ltr'><strong>homicida</strong></span> 
     </span>
    </p>
   </div>
   <div class='ocr_carea' id='block_1_19' title="bbox 2012 674 3653 763">
    <p class='ocr_par' dir='ltr' id='par_1_19' title="bbox 2012 674 3653 763">
     <span class='ocr_line' id='line_1_19' title="bbox 2012 674 3653 763; baseline 0.007 -31"><span class='ocrx_word' id='word_1_141' title='bbox 2012 674 2111 734; x_wconf 90' lang='lat' dir='ltr'><strong>ille</strong></span> <span class='ocrx_word' id='word_1_142' title='bbox 2143 676 2215 735; x_wconf 86' lang='lat' dir='ltr'><strong>ab</strong></span> <span class='ocrx_word' id='word_1_143' title='bbox 2249 676 2418 737; x_wconf 89' lang='lat' dir='ltr'><strong>initio</strong></span> <span class='ocrx_word' id='word_1_144' title='bbox 2451 677 2726 737; x_wconf 83' lang='lat' dir='ltr'><strong>diabolus</strong></span> <span class='ocrx_word' id='word_1_145' title='bbox 2775 677 3012 739; x_wconf 86' lang='lat' dir='ltr'><strong>divinos</strong></span> <span class='ocrx_word' id='word_1_146' title='bbox 3046 679 3148 740; x_wconf 89' lang='lat' dir='ltr'><strong>viri</strong></span> <span class='ocrx_word' id='word_1_147' title='bbox 3185 698 3379 743; x_wconf 91' lang='lat' dir='ltr'><strong>mores</strong></span> <span class='ocrx_word' id='word_1_148' title='bbox 3412 685 3653 763; x_wconf 90' lang='lat' dir='ltr'><strong>Deoque</strong></span> 
     </span>
    </p>
   </div>
   <div class='ocr_carea' id='block_1_20' title="bbox 2012 767 3651 846">
    <p class='ocr_par' dir='ltr' id='par_1_20' title="bbox 2012 767 3651 846">
     <span class='ocr_line' id='line_1_20' title="bbox 2012 767 3651 846; baseline 0.005 -23"><span class='ocrx_word' id='word_1_149' title='bbox 2012 775 2317 844; x_wconf 90' lang='lat' dir='ltr'><strong>acceptum</strong></span> <span class='ocrx_word' id='word_1_150' title='bbox 2334 767 2703 846; x_wconf 90' lang='lat' dir='ltr'><strong>propositum</strong></span> <span class='ocrx_word' id='word_1_151' title='bbox 2720 768 3651 839; x_wconf 85' lang='lat' dir='ltr'><strong>;concitavitsenatorisfamulum</strong></span> 
     </span>
    </p>
   </div>
   <div class='ocr_carea' id='block_1_21' title="bbox 2015 857 3654 936">
    <p class='ocr_par' dir='ltr' id='par_1_21' title="bbox 2015 857 3654 936">
     <span class='ocr_line' id='line_1_21' title="bbox 2015 857 3654 936; baseline 0.005 -23"><span class='ocrx_word' id='word_1_152' title='bbox 2015 857 2359 933; x_wconf 85' lang='lat' dir='ltr'><strong>quemdam,</strong></span> <span class='ocrx_word' id='word_1_153' title='bbox 2397 857 2576 935; x_wconf 91' lang='lat' dir='ltr'><strong>inque</strong></span> <span class='ocrx_word' id='word_1_154' title='bbox 2637 857 2846 936; x_wconf 78' lang='lat' dir='ltr'><strong>puellm</strong></span> <span class='ocrx_word' id='word_1_155' title='bbox 2892 876 3154 919; x_wconf 90' lang='lat' dir='ltr'><strong>amorem</strong></span> <span class='ocrx_word' id='word_1_156' title='bbox 3210 862 3534 921; x_wconf 82' lang='lat' dir='ltr'><strong>succendit.</strong></span> <span class='ocrx_word' id='word_1_157' title='bbox 3598 865 3654 923; x_wconf 88' lang='lat' dir='ltr'><strong>Is</strong></span> 
     </span>
    </p>
   </div>
   <div class='ocr_carea' id='block_1_22' title="bbox 2017 946 3650 1028">
    <p class='ocr_par' dir='ltr' id='par_1_22' title="bbox 2017 946 3650 1028">
     <span class='ocr_line' id='line_1_22' title="bbox 2017 946 3650 1028; baseline 0.004 -25"><span class='ocrx_word' id='word_1_158' title='bbox 2017 946 2497 1023; x_wconf 81' lang='lat' dir='ltr'><strong>porro,indignus</strong></span> <span class='ocrx_word' id='word_1_159' title='bbox 2522 946 2617 1024; x_wconf 92' lang='lat' dir='ltr'><strong>qui</strong></span> <span class='ocrx_word' id='word_1_160' title='bbox 2640 965 2765 1007; x_wconf 91' lang='lat' dir='ltr'><strong>rem</strong></span> <span class='ocrx_word' id='word_1_161' title='bbox 2789 956 3005 1007; x_wconf 87' lang='lat' dir='ltr'><strong>tantam</strong></span> <span class='ocrx_word' id='word_1_162' title='bbox 3042 947 3373 1028; x_wconf 85' lang='lat' dir='ltr'><strong>moliretur,</strong></span> <span class='ocrx_word' id='word_1_163' title='bbox 3397 952 3650 1011; x_wconf 88' lang='lat' dir='ltr'><strong>veritus-</strong></span> 
     </span>
    </p>
   </div>
   <div class='ocr_carea' id='block_1_23' title="bbox 2015 1035 3657 1121">
    <p class='ocr_par' dir='ltr' id='par_1_23' title="bbox 2015 1035 3657 1121">
     <span class='ocr_line' id='line_1_23' title="bbox 2015 1035 3657 1121; baseline 0.005 -28"><span class='ocrx_word' id='word_1_164' title='bbox 2015 1052 2130 1113; x_wconf 91' lang='lat' dir='ltr'><strong>que</strong></span> <span class='ocrx_word' id='word_1_165' title='bbox 2153 1035 2241 1094; x_wconf 88' lang='lat' dir='ltr'><strong>vel</strong></span> <span class='ocrx_word' id='word_1_166' title='bbox 2265 1037 2553 1114; x_wconf 83' lang='lat' dir='ltr'><strong>attingere</strong></span> <span class='ocrx_word' id='word_1_167' title='bbox 2585 1038 2739 1115; x_wconf 88' lang='lat' dir='ltr'><strong>quod</strong></span> <span class='ocrx_word' id='word_1_168' title='bbox 2774 1047 2897 1097; x_wconf 88' lang='lat' dir='ltr'><strong>erat</strong></span> <span class='ocrx_word' id='word_1_169' title='bbox 2928 1037 3314 1117; x_wconf 91' lang='lat' dir='ltr'><strong>propositum,</strong></span> <span class='ocrx_word' id='word_1_170' title='bbox 3341 1041 3657 1121; x_wconf 87' lang='lat' dir='ltr'><strong>alloquitur</strong></span> 
     </span>
    </p>
   </div>
   <div class='ocr_carea' id='block_1_24' title="bbox 2018 1125 3651 1197">
    <p class='ocr_par' dir='ltr' id='par_1_24' title="bbox 2018 1125 3651 1197">
     <span class='ocr_line' id='line_1_24' title="bbox 2018 1125 3651 1197; baseline 0.004 -15"><span class='ocrx_word' id='word_1_171' title='bbox 2018 1142 2200 1182; x_wconf 90' lang='lat' dir='ltr'><strong>unum</strong></span> <span class='ocrx_word' id='word_1_172' title='bbox 2239 1143 2307 1185; x_wconf 79' lang='lat' dir='ltr'><strong>ex</strong></span> <span class='ocrx_word' id='word_1_173' title='bbox 2337 1125 2703 1186; x_wconf 85' lang='lat' dir='ltr'><strong>detestandis</strong></span> <span class='ocrx_word' id='word_1_174' title='bbox 2740 1126 3045 1197; x_wconf 88' lang='lat' dir='ltr'><strong>maleﬁcis,</strong></span> <span class='ocrx_word' id='word_1_175' title='bbox 3085 1128 3327 1187; x_wconf 89' lang='lat' dir='ltr'><strong>multam</strong></span> <span class='ocrx_word' id='word_1_176' title='bbox 3359 1148 3651 1191; x_wconf 89' lang='lat' dir='ltr'><strong>summam</strong></span> 
     </span>
    </p>
   </div>
   <div class='ocr_carea' id='block_1_25' title="bbox 2015 1213 3653 1297">
    <p class='ocr_par' dir='ltr' id='par_1_25' title="bbox 2015 1213 3653 1297">
     <span class='ocr_line' id='line_1_25' title="bbox 2015 1213 3653 1297; baseline 0.004 -23"><span class='ocrx_word' id='word_1_177' title='bbox 2015 1213 2143 1274; x_wconf 87' lang='lat' dir='ltr'><strong>auri</strong></span> <span class='ocrx_word' id='word_1_178' title='bbox 2177 1214 2561 1292; x_wconf 67' lang='lat' dir='ltr'><strong>praibiturum</strong></span> <span class='ocrx_word' id='word_1_179' title='bbox 2617 1216 2937 1294; x_wconf 74' lang='lat' dir='ltr'><strong>pollicitus,</strong></span> <span class='ocrx_word' id='word_1_180' title='bbox 2974 1216 3148 1277; x_wconf 84' lang='lat' dir='ltr'><strong>modo</strong></span> <span class='ocrx_word' id='word_1_181' title='bbox 3192 1218 3322 1297; x_wconf 91' lang='lat' dir='ltr'><strong>ipso</strong></span> <span class='ocrx_word' id='word_1_182' title='bbox 3354 1229 3564 1297; x_wconf 88' lang='lat' dir='ltr'><strong>agente</strong></span> <span class='ocrx_word' id='word_1_183' title='bbox 3593 1225 3653 1280; x_wconf 90' lang='lat' dir='ltr'><strong>in</strong></span> 
     </span>
    </p>
   </div>
   <div class='ocr_carea' id='block_1_26' title="bbox 2018 1304 3657 1385">
    <p class='ocr_par' dir='ltr' id='par_1_26' title="bbox 2018 1304 3657 1385">
     <span class='ocr_line' id='line_1_26' title="bbox 2018 1304 3657 1385; baseline 0.004 -23"><span class='ocrx_word' id='word_1_184' title='bbox 2018 1310 2363 1381; x_wconf 88' lang='lat' dir='ltr'><strong>potestatem</strong></span> <span class='ocrx_word' id='word_1_185' title='bbox 2400 1304 2652 1383; x_wconf 86' lang='lat' dir='ltr'><strong>puellam</strong></span> <span class='ocrx_word' id='word_1_186' title='bbox 2704 1305 3026 1385; x_wconf 89' lang='lat' dir='ltr'><strong>acciperet.</strong></span> <span class='ocrx_word' id='word_1_187' title='bbox 3061 1307 3378 1369; x_wconf 90' lang='lat' dir='ltr'><strong>Veneﬁcus</strong></span> <span class='ocrx_word' id='word_1_188' title='bbox 3406 1326 3545 1370; x_wconf 87' lang='lat' dir='ltr'><strong>vero</strong></span> <span class='ocrx_word' id='word_1_189' title='bbox 3577 1310 3657 1371; x_wconf 88' lang='lat' dir='ltr'><strong>ait</strong></span> 
     </span>
    </p>
   </div>
   <div class='ocr_carea' id='block_1_27' title="bbox 2014 1391 3650 1474">
    <p class='ocr_par' dir='ltr' id='par_1_27' title="bbox 2014 1391 3650 1474">
     <span class='ocr_line' id='line_1_27' title="bbox 2014 1391 3650 1474; baseline 0.002 -22"><span class='ocrx_word' id='word_1_190' title='bbox 2014 1391 2085 1452; x_wconf 87' lang='lat' dir='ltr'><strong>ad</strong></span> <span class='ocrx_word' id='word_1_191' title='bbox 2124 1410 2260 1453; x_wconf 90' lang='lat' dir='ltr'><strong>eum</strong></span> <span class='ocrx_word' id='word_1_192' title='bbox 2289 1414 2301 1454; x_wconf 89' lang='lat'><strong>:</strong></span> <span class='ocrx_word' id='word_1_193' title='bbox 2343 1418 2362 1448; x_wconf 79' lang='grc' dir='ltr'><strong>σ</strong></span> <span class='ocrx_word' id='word_1_194' title='bbox 2406 1392 2452 1454; x_wconf 91' lang='grc' dir='ltr'><strong>Ο</strong></span> <span class='ocrx_word' id='word_1_195' title='bbox 2486 1395 2688 1474; x_wconf 92' lang='lat' dir='ltr'><strong>homo,</strong></span> <span class='ocrx_word' id='word_1_196' title='bbox 2713 1394 2905 1474; x_wconf 89' lang='lat' dir='ltr'><strong>impar</strong></span> <span class='ocrx_word' id='word_1_197' title='bbox 2922 1395 2994 1454; x_wconf 89' lang='lat' dir='ltr'><strong>ad</strong></span> <span class='ocrx_word' id='word_1_198' title='bbox 3016 1396 3127 1456; x_wconf 89' lang='lat' dir='ltr'><strong>hoc</strong></span> <span class='ocrx_word' id='word_1_199' title='bbox 3150 1396 3358 1457; x_wconf 88' lang='lat' dir='ltr'><strong>virium</strong></span> <span class='ocrx_word' id='word_1_200' title='bbox 3386 1403 3607 1458; x_wconf 82' lang='lat' dir='ltr'><strong>exsisto</strong></span> <span class='ocrx_word' id='word_1_201' title='bbox 3638 1420 3650 1456; x_wconf 92' lang='lat'>:</span> 
     </span>
    </p>
   </div>
   <div class='ocr_carea' id='block_1_28' title="bbox 2014 1482 3653 1564">
    <p class='ocr_par' dir='ltr' id='par_1_28' title="bbox 2014 1482 3653 1564">
     <span class='ocr_line' id='line_1_28' title="bbox 2014 1482 3653 1564; baseline 0.004 -22"><span class='ocrx_word' id='word_1_202' title='bbox 2014 1482 2120 1542; x_wconf 90' lang='lat' dir='ltr'><strong>sed</strong></span> <span class='ocrx_word' id='word_1_203' title='bbox 2150 1483 2197 1543; x_wconf 90' lang='lat' dir='ltr'><strong>si</strong></span> <span class='ocrx_word' id='word_1_204' title='bbox 2232 1484 2317 1543; x_wconf 85' lang='lat' dir='ltr'><strong>vis</strong></span> <span class='ocrx_word' id='word_1_205' title='bbox 2351 1484 2572 1543; x_wconf 90' lang='lat' dir='ltr'><strong>mittam</strong></span> <span class='ocrx_word' id='word_1_206' title='bbox 2607 1492 2663 1544; x_wconf 93' lang='lat' dir='ltr'><strong>te</strong></span> <span class='ocrx_word' id='word_1_207' title='bbox 2694 1485 2764 1545; x_wconf 90' lang='lat' dir='ltr'><strong>ad</strong></span> <span class='ocrx_word' id='word_1_208' title='bbox 2799 1485 3184 1564; x_wconf 89' lang='lat' dir='ltr'><strong>provisiorem</strong></span> <span class='ocrx_word' id='word_1_209' title='bbox 3217 1505 3412 1548; x_wconf 92' lang='lat' dir='ltr'><strong>meum</strong></span> <span class='ocrx_word' id='word_1_210' title='bbox 3445 1488 3653 1549; x_wconf 81' lang='lat' dir='ltr'><strong>diabo-</strong></span> 
     </span>
    </p>
   </div>
   <div class='ocr_carea' id='block_1_29' title="bbox 2015 1571 3653 1645">
    <p class='ocr_par' dir='ltr' id='par_1_29' title="bbox 2015 1571 3653 1645">
     <span class='ocr_line' id='line_1_29' title="bbox 2015 1571 3653 1645; baseline 0.005 -14"><span class='ocrx_word' id='word_1_211' title='bbox 2015 1571 2160 1632; x_wconf 91' lang='lat' dir='ltr'><strong>lum.</strong></span> <span class='ocrx_word' id='word_1_212' title='bbox 2194 1580 2252 1632; x_wconf 91' lang='lat' dir='ltr'><strong>et</strong></span> <span class='ocrx_word' id='word_1_213' title='bbox 2272 1572 2371 1633; x_wconf 90' lang='lat' dir='ltr'><strong>ille</strong></span> <span class='ocrx_word' id='word_1_214' title='bbox 2394 1574 2569 1634; x_wconf 81' lang='lat' dir='ltr'><strong>faciet</strong></span> <span class='ocrx_word' id='word_1_215' title='bbox 2591 1574 2952 1636; x_wconf 86' lang='lat' dir='ltr'><strong>voluntatem</strong></span> <span class='ocrx_word' id='word_1_216' title='bbox 2979 1583 3161 1645; x_wconf 87' lang='lat' dir='ltr'><strong>tuam,</strong></span> <span class='ocrx_word' id='word_1_217' title='bbox 3189 1577 3238 1636; x_wconf 93' lang='lat' dir='ltr'><strong>si</strong></span> <span class='ocrx_word' id='word_1_218' title='bbox 3263 1588 3323 1637; x_wconf 90' lang='lat' dir='ltr'><strong>tu</strong></span> <span class='ocrx_word' id='word_1_219' title='bbox 3346 1578 3522 1638; x_wconf 72' lang='lat' dir='ltr'><strong>modo</strong></span> <span class='ocrx_word' id='word_1_220' title='bbox 3547 1598 3653 1638; x_wconf 92' lang='lat' dir='ltr'><strong>vo-</strong></span> 
     </span>
    </p>
   </div>
   <div class='ocr_carea' id='block_1_30' title="bbox 2015 1661 3653 1740">
    <p class='ocr_par' dir='ltr' id='par_1_30' title="bbox 2015 1661 3653 1740">
     <span class='ocr_line' id='line_1_30' title="bbox 2015 1661 3653 1740; baseline 0.007 -20"><span class='ocrx_word' id='word_1_221' title='bbox 2015 1661 2297 1722; x_wconf 92' lang='lat' dir='ltr'><strong>luntatem</strong></span> <span class='ocrx_word' id='word_1_222' title='bbox 2324 1663 2455 1740; x_wconf 88' lang='lat' dir='ltr'><strong>ejus</strong></span> <span class='ocrx_word' id='word_1_223' title='bbox 2476 1663 2711 1723; x_wconf 84' lang='lat' dir='ltr'><strong>feceris.</strong></span> <span class='ocrx_word' id='word_1_224' title='bbox 2744 1689 2765 1720; x_wconf 74' lang='grc' dir='ltr'><strong>υ</strong></span> <span class='ocrx_word' id='word_1_225' title='bbox 2799 1664 2911 1736; x_wconf 83' lang='lat' dir='ltr'><strong>Qui</strong></span> <span class='ocrx_word' id='word_1_226' title='bbox 2938 1665 3085 1725; x_wconf 88' lang='lat' dir='ltr'><strong>dixit</strong></span> <span class='ocrx_word' id='word_1_227' title='bbox 3106 1666 3177 1725; x_wconf 89' lang='lat' dir='ltr'><strong>ad</strong></span> <span class='ocrx_word' id='word_1_228' title='bbox 3201 1685 3333 1727; x_wconf 90' lang='lat' dir='ltr'><strong>eum</strong></span> <span class='ocrx_word' id='word_1_229' title='bbox 3362 1685 3376 1729; x_wconf 91' lang='lat'>:</span> <span class='ocrx_word' id='word_1_230' title='bbox 3420 1690 3442 1723; x_wconf 84' lang='grc' dir='ltr'><strong>(ι</strong></span> <span class='ocrx_word' id='word_1_231' title='bbox 3480 1667 3653 1740; x_wconf 62' lang='lat' dir='ltr'><strong>Quaa-</strong></span> 
     </span>
    </p>
   </div>
   <div class='ocr_carea' id='block_1_31' title="bbox 277 1751 3653 1835">
    <p class='ocr_par' dir='ltr' id='par_1_31' title="bbox 277 1751 3653 1835">
     <span class='ocr_line' id='line_1_31' title="bbox 277 1751 3653 1835; baseline 0.002 -24"><span class='ocrx_word' id='word_1_232' title='bbox 277 1780 306 1811; x_wconf 75' lang='grc' dir='ltr'><strong>α</strong></span> <span class='ocrx_word' id='word_1_233' title='bbox 344 1755 409 1817; x_wconf 91' lang='lat' dir='ltr'><strong>Si</strong></span> <span class='ocrx_word' id='word_1_234' title='bbox 442 1773 581 1816; x_wconf 88' lang='lat' dir='ltr'><strong>vera</strong></span> <span class='ocrx_word' id='word_1_235' title='bbox 610 1762 747 1817; x_wconf 90' lang='lat' dir='ltr'><strong>sunt</strong></span> <span class='ocrx_word' id='word_1_236' title='bbox 777 1772 907 1835; x_wconf 72' lang='lat' dir='ltr'><strong>quae</strong></span> <span class='ocrx_word' id='word_1_237' title='bbox 938 1754 1139 1828; x_wconf 84' lang='lat' dir='ltr'><strong>doces,</strong></span> <span class='ocrx_word' id='word_1_238' title='bbox 1164 1753 1353 1832; x_wconf 90' lang='lat' dir='ltr'><strong>iisque</strong></span> <span class='ocrx_word' id='word_1_239' title='bbox 1390 1755 1545 1815; x_wconf 88' lang='lat' dir='ltr'><strong>Deus</strong></span> <span class='ocrx_word' id='word_1_240' title='bbox 1576 1752 1920 1822; x_wconf 89' lang='lat' dir='ltr'><strong>delectatur,</strong></span> <span class='ocrx_word' id='word_1_241' title='bbox 1952 1783 1990 1832; x_wconf 74' lang='grc' dir='ltr'>Β</span> <span class='ocrx_word' id='word_1_242' title='bbox 2012 1768 2274 1827; x_wconf 91' lang='lat' dir='ltr'><strong>cumque</strong></span> <span class='ocrx_word' id='word_1_243' title='bbox 2292 1751 2695 1832; x_wconf 83' lang='lat' dir='ltr'><strong>dixeritmihi,</strong></span> <span class='ocrx_word' id='word_1_244' title='bbox 2720 1752 2987 1814; x_wconf 69' lang='lat' dir='ltr'><strong>faciam.»</strong></span> <span class='ocrx_word' id='word_1_245' title='bbox 3013 1754 3111 1814; x_wconf 87' lang='lat' dir='ltr'><strong>Ait</strong></span> <span class='ocrx_word' id='word_1_246' title='bbox 3133 1755 3251 1817; x_wconf 91' lang='lat' dir='ltr'><strong>ille:</strong></span> <span class='ocrx_word' id='word_1_247' title='bbox 3282 1782 3307 1811; x_wconf 77' lang='grc' dir='ltr'><strong>α</strong></span> <span class='ocrx_word' id='word_1_248' title='bbox 3332 1757 3653 1819; x_wconf 82' lang='lat' dir='ltr'><strong>Abrenun-</strong></span> 
     </span>
    </p>
   </div>
   <div class='ocr_carea' id='block_1_32' title="bbox 274 1840 1927 1925">
    <p class='ocr_par' dir='ltr' id='par_1_32' title="bbox 274 1840 1927 1925">
     <span class='ocr_line' id='line_1_32' title="bbox 274 1840 1927 1925; baseline -0.002 -20"><span class='ocrx_word' id='word_1_249' title='bbox 274 1844 562 1925; x_wconf 89' lang='lat' dir='ltr'><strong>precibus</strong></span> <span class='ocrx_word' id='word_1_250' title='bbox 592 1845 704 1905; x_wconf 89' lang='lat' dir='ltr'><strong>tuis</strong></span> <span class='ocrx_word' id='word_1_251' title='bbox 735 1844 839 1906; x_wconf 90' lang='lat' dir='ltr'><strong>ﬁlii</strong></span> <span class='ocrx_word' id='word_1_252' title='bbox 872 1846 985 1904; x_wconf 91' lang='lat' dir='ltr'><strong>mei</strong></span> <span class='ocrx_word' id='word_1_253' title='bbox 1022 1842 1295 1904; x_wconf 90' lang='lat' dir='ltr'><strong>morbum</strong></span> <span class='ocrx_word' id='word_1_254' title='bbox 1330 1841 1655 1922; x_wconf 88' lang='lat' dir='ltr'><strong>depuleris.</strong></span> <span class='ocrx_word' id='word_1_255' title='bbox 1699 1868 1723 1897; x_wconf 81' lang='grc' dir='ltr'><strong>ι)</strong></span> <span class='ocrx_word' id='word_1_256' title='bbox 1762 1840 1927 1902; x_wconf 93' lang='lat' dir='ltr'><strong>Tunc</strong></span> 
     </span>
    </p>
   </div>
   <div class='ocr_carea' id='block_1_33' title="bbox 272 1931 1927 2011">
    <p class='ocr_par' dir='ltr' id='par_1_33' title="bbox 272 1931 1927 2011">
     <span class='ocr_line' id='line_1_33' title="bbox 272 1931 1927 2011; baseline -0.003 -15"><span class='ocrx_word' id='word_1_257' title='bbox 272 1935 421 1997; x_wconf 88' lang='lat' dir='ltr'><strong>ille:</strong></span> <span class='ocrx_word' id='word_1_258' title='bbox 456 1957 484 1993; x_wconf 71' lang='grc' dir='ltr'><strong>ε</strong></span> <span class='ocrx_word' id='word_1_259' title='bbox 520 1933 578 1998; x_wconf 90' lang='lat' dir='ltr'><strong>Si</strong></span> <span class='ocrx_word' id='word_1_260' title='bbox 606 1933 942 1995; x_wconf 89' lang='lat' dir='ltr'><strong>credideris</strong></span> <span class='ocrx_word' id='word_1_261' title='bbox 968 1942 1148 1996; x_wconf 66' lang='lat' dir='ltr'><strong>rectm</strong></span> <span class='ocrx_word' id='word_1_262' title='bbox 1179 1931 1343 2011; x_wconf 83' lang='lat' dir='ltr'><strong>ﬁdei,</strong></span> <span class='ocrx_word' id='word_1_263' title='bbox 1376 1932 1713 2011; x_wconf 87' lang='lat' dir='ltr'><strong>imperator,</strong></span> <span class='ocrx_word' id='word_1_264' title='bbox 1755 1941 1927 2010; x_wconf 90' lang='lat' dir='ltr'><strong>teque</strong></span> 
     </span>
    </p>
   </div>
   <div class='ocr_carea' id='block_1_34' title="bbox 275 2020 1925 2103">
    <p class='ocr_par' dir='ltr' id='par_1_34' title="bbox 275 2020 1925 2103">
     <span class='ocr_line' id='line_1_34' title="bbox 275 2020 1925 2103; baseline -0.004 -17"><span class='ocrx_word' id='word_1_265' title='bbox 275 2024 561 2086; x_wconf 65' lang='lat' dir='ltr'><strong>Ecclesiae</strong></span> <span class='ocrx_word' id='word_1_266' title='bbox 581 2025 688 2087; x_wconf 87' lang='lat' dir='ltr'><strong>Dei</strong></span> <span class='ocrx_word' id='word_1_267' title='bbox 710 2024 1234 2103; x_wconf 88' lang='lat' dir='ltr'><strong>adjunxeris,vivet</strong></span> <span class='ocrx_word' id='word_1_268' title='bbox 1257 2022 1410 2083; x_wconf 88' lang='lat' dir='ltr'><strong>ﬁlius</strong></span> <span class='ocrx_word' id='word_1_269' title='bbox 1437 2029 1569 2083; x_wconf 91' lang='lat' dir='ltr'><strong>tuus</strong></span> <span class='ocrx_word' id='word_1_270' title='bbox 1604 2047 1630 2077; x_wconf 69' lang='lat' dir='ltr'><strong>ii</strong></span> <span class='ocrx_word' id='word_1_271' title='bbox 1653 2020 1758 2082; x_wconf 87' lang='lat' dir='ltr'><strong>Illo</strong></span> <span class='ocrx_word' id='word_1_272' title='bbox 1785 2038 1925 2100; x_wconf 88' lang='lat' dir='ltr'><strong>pro-</strong></span> 
     </span>
    </p>
   </div>
   <div class='ocr_carea' id='block_1_35' title="bbox 279 2111 1928 2195">
    <p class='ocr_par' dir='ltr' id='par_1_35' title="bbox 279 2111 1928 2195">
     <span class='ocr_line' id='line_1_35' title="bbox 279 2111 1928 2195; baseline -0.001 -21"><span class='ocrx_word' id='word_1_273' title='bbox 279 2114 779 2195; x_wconf 87' lang='lat' dir='ltr'><strong>mittente,primo</strong></span> <span class='ocrx_word' id='word_1_274' title='bbox 805 2133 910 2175; x_wconf 92' lang='lat' dir='ltr'><strong>suo</strong></span> <span class='ocrx_word' id='word_1_275' title='bbox 935 2114 1467 2192; x_wconf 83' lang='lat' dir='ltr'><strong>adventu,Magnus</strong></span> <span class='ocrx_word' id='word_1_276' title='bbox 1486 2111 1928 2191; x_wconf 88' lang='lat' dir='ltr'><strong>Basilius,nulla</strong></span> 
     </span>
    </p>
   </div>
   <div class='ocr_carea' id='block_1_36' title="bbox 276 2202 1924 2283">
    <p class='ocr_par' dir='ltr' id='par_1_36' title="bbox 276 2202 1924 2283">
     <span class='ocr_line' id='line_1_36' title="bbox 276 2202 1924 2283; baseline -0.001 -19"><span class='ocrx_word' id='word_1_277' title='bbox 276 2223 471 2279; x_wconf 90' lang='lat' dir='ltr'><strong>mora,</strong></span> <span class='ocrx_word' id='word_1_278' title='bbox 509 2204 779 2266; x_wconf 90' lang='lat' dir='ltr'><strong>morbum</strong></span> <span class='ocrx_word' id='word_1_279' title='bbox 810 2205 1095 2265; x_wconf 84' lang='lat' dir='ltr'><strong>leviorem</strong></span> <span class='ocrx_word' id='word_1_280' title='bbox 1130 2202 1287 2263; x_wconf 91' lang='lat' dir='ltr'><strong>fecit.</strong></span> <span class='ocrx_word' id='word_1_281' title='bbox 1318 2203 1431 2275; x_wconf 82' lang='lat' dir='ltr'><strong>Qui</strong></span> <span class='ocrx_word' id='word_1_282' title='bbox 1456 2210 1649 2263; x_wconf 90' lang='lat' dir='ltr'><strong>autem</strong></span> <span class='ocrx_word' id='word_1_283' title='bbox 1676 2203 1924 2283; x_wconf 83' lang='lat' dir='ltr'><strong>impera-</strong></span> 
     </span>
    </p>
   </div>
   <div class='ocr_carea' id='block_1_37' title="bbox 274 2293 1929 2372">
    <p class='ocr_par' dir='ltr' id='par_1_37' title="bbox 274 2293 1929 2372">
     <span class='ocr_line' id='line_1_37' title="bbox 274 2293 1929 2372; baseline -0.003 -16"><span class='ocrx_word' id='word_1_284' title='bbox 274 2300 393 2357; x_wconf 90' lang='lat' dir='ltr'><strong>tori</strong></span> <span class='ocrx_word' id='word_1_285' title='bbox 429 2295 676 2357; x_wconf 74' lang='lat' dir='ltr'><strong>asseclze</strong></span> <span class='ocrx_word' id='word_1_286' title='bbox 707 2303 879 2356; x_wconf 85' lang='lat' dir='ltr'><strong>erant</strong></span> <span class='ocrx_word' id='word_1_287' title='bbox 908 2294 1170 2356; x_wconf 71' lang='lat' dir='ltr'><strong>haeretici</strong></span> <span class='ocrx_word' id='word_1_288' title='bbox 1192 2293 1480 2372; x_wconf 89' lang='lat' dir='ltr'><strong>episcopi,</strong></span> <span class='ocrx_word' id='word_1_289' title='bbox 1516 2293 1771 2353; x_wconf 63' lang='lat' dir='ltr'><strong>victoriae</strong></span> <span class='ocrx_word' id='word_1_290' title='bbox 1800 2310 1929 2371; x_wconf 91' lang='lat' dir='ltr'><strong>pro-</strong></span> 
     </span>
    </p>
   </div>
   <div class='ocr_carea' id='block_1_38' title="bbox 273 2382 1930 2459">
    <p class='ocr_par' dir='ltr' id='par_1_38' title="bbox 273 2382 1930 2459">
     <span class='ocr_line' id='line_1_38' title="bbox 273 2382 1930 2459; baseline -0.004 -13"><span class='ocrx_word' id='word_1_291' title='bbox 273 2386 454 2447; x_wconf 86' lang='lat' dir='ltr'><strong>brum</strong></span> <span class='ocrx_word' id='word_1_292' title='bbox 483 2405 599 2447; x_wconf 86' lang='lat' dir='ltr'><strong>non</strong></span> <span class='ocrx_word' id='word_1_293' title='bbox 626 2386 1189 2459; x_wconf 87' lang='lat' dir='ltr'><strong>ferentes,auctores</strong></span> <span class='ocrx_word' id='word_1_294' title='bbox 1214 2384 1453 2445; x_wconf 90' lang='lat' dir='ltr'><strong>fuerunt</strong></span> <span class='ocrx_word' id='word_1_295' title='bbox 1479 2403 1550 2440; x_wconf 60' lang='lat' dir='ltr'><strong>ire</strong></span> <span class='ocrx_word' id='word_1_296' title='bbox 1583 2400 1615 2443; x_wconf 90' lang='lat' dir='ltr'><strong>a</strong></span> <span class='ocrx_word' id='word_1_297' title='bbox 1637 2382 1930 2443; x_wconf 88' lang='lat' dir='ltr'><strong>sententia</strong></span> 
     </span>
    </p>
   </div>
   <div class='ocr_carea' id='block_1_39' title="bbox 270 2472 1932 2553">
    <p class='ocr_par' dir='ltr' id='par_1_39' title="bbox 270 2472 1932 2553">
     <span class='ocr_line' id='line_1_39' title="bbox 270 2472 1932 2553; baseline -0.002 -19"><span class='ocrx_word' id='word_1_298' title='bbox 270 2474 648 2550; x_wconf 88' lang='lat' dir='ltr'><strong>discederet,</strong></span> <span class='ocrx_word' id='word_1_299' title='bbox 671 2475 774 2536; x_wconf 91' lang='lat' dir='ltr'><strong>sed</strong></span> <span class='ocrx_word' id='word_1_300' title='bbox 803 2494 866 2535; x_wconf 93' lang='lat' dir='ltr'><strong>se</strong></span> <span class='ocrx_word' id='word_1_301' title='bbox 891 2473 1163 2553; x_wconf 87' lang='lat' dir='ltr'><strong>religioni</strong></span> <span class='ocrx_word' id='word_1_302' title='bbox 1193 2490 1395 2534; x_wconf 91' lang='lat' dir='ltr'><strong>eorum</strong></span> <span class='ocrx_word' id='word_1_303' title='bbox 1421 2472 1932 2552; x_wconf 82' lang='lat' dir='ltr'><strong>adjungeret,per-</strong></span> 
     </span>
    </p>
   </div>
   <div class='ocr_carea' id='block_1_40' title="bbox 268 2560 1929 2645">
    <p class='ocr_par' dir='ltr' id='par_1_40' title="bbox 268 2560 1929 2645">
     <span class='ocr_line' id='line_1_40' title="bbox 268 2560 1929 2645; baseline -0.002 -22"><span class='ocrx_word' id='word_1_304' title='bbox 268 2584 400 2645; x_wconf 89' lang='lat' dir='ltr'><strong>que</strong></span> <span class='ocrx_word' id='word_1_305' title='bbox 433 2564 601 2644; x_wconf 89' lang='lat' dir='ltr'><strong>ipsos</strong></span> <span class='ocrx_word' id='word_1_306' title='bbox 622 2582 806 2643; x_wconf 90' lang='lat' dir='ltr'><strong>puero</strong></span> <span class='ocrx_word' id='word_1_307' title='bbox 835 2571 1149 2625; x_wconf 88' lang='lat' dir='ltr'><strong>sanitatem</strong></span> <span class='ocrx_word' id='word_1_308' title='bbox 1178 2570 1435 2642; x_wconf 85' lang='lat' dir='ltr'><strong>pararet.</strong></span> <span class='ocrx_word' id='word_1_309' title='bbox 1463 2560 1587 2633; x_wconf 90' lang='lat' dir='ltr'><strong>Quo</strong></span> <span class='ocrx_word' id='word_1_310' title='bbox 1616 2561 1929 2637; x_wconf 86' lang='lat' dir='ltr'><strong>facto,mox</strong></span> 
     </span>
    </p>
   </div>
   <div class='ocr_carea' id='block_1_41' title="bbox 270 2648 1929 2733">
    <p class='ocr_par' dir='ltr' id='par_1_41' title="bbox 270 2648 1929 2733">
     <span class='ocr_line' id='line_1_41' title="bbox 270 2648 1929 2733; baseline -0.002 -20"><span class='ocrx_word' id='word_1_311' title='bbox 270 2671 435 2733; x_wconf 89' lang='lat' dir='ltr'><strong>puer</strong></span> <span class='ocrx_word' id='word_1_312' title='bbox 464 2659 524 2713; x_wconf 90' lang='lat' dir='ltr'><strong>in</strong></span> <span class='ocrx_word' id='word_1_313' title='bbox 577 2652 860 2714; x_wconf 90' lang='lat' dir='ltr'><strong>manibus</strong></span> <span class='ocrx_word' id='word_1_314' title='bbox 919 2654 1154 2714; x_wconf 92' lang='lat' dir='ltr'><strong>illorum</strong></span> <span class='ocrx_word' id='word_1_315' title='bbox 1210 2652 1466 2713; x_wconf 89' lang='lat' dir='ltr'><strong>animam</strong></span> <span class='ocrx_word' id='word_1_316' title='bbox 1523 2650 1763 2712; x_wconf 77' lang='lat' dir='ltr'><strong>efﬂavit.</strong></span> <span class='ocrx_word' id='word_1_317' title='bbox 1819 2648 1929 2714; x_wconf 89' lang='lat' dir='ltr'><strong>Ubi</strong></span> 
     </span>
    </p>
   </div>
   <div class='ocr_carea' id='block_1_42' title="bbox 267 2740 1929 2823">
    <p class='ocr_par' dir='ltr' id='par_1_42' title="bbox 267 2740 1929 2823">
     <span class='ocr_line' id='line_1_42' title="bbox 267 2740 1929 2823; baseline -0.002 -19"><span class='ocrx_word' id='word_1_318' title='bbox 267 2761 465 2823; x_wconf 89' lang='lat' dir='ltr'><strong>porro</strong></span> <span class='ocrx_word' id='word_1_319' title='bbox 489 2752 747 2823; x_wconf 58' lang='lat' dir='ltr'><strong>quaestor</strong></span> <span class='ocrx_word' id='word_1_320' title='bbox 776 2744 899 2804; x_wconf 65' lang='lat' dir='ltr'><strong>haec</strong></span> <span class='ocrx_word' id='word_1_321' title='bbox 923 2743 1191 2822; x_wconf 91' lang='lat' dir='ltr'><strong>vidisset,</strong></span> <span class='ocrx_word' id='word_1_322' title='bbox 1203 2750 1334 2823; x_wconf 87' lang='lat' dir='ltr'><strong>post</strong></span> <span class='ocrx_word' id='word_1_323' title='bbox 1366 2748 1614 2802; x_wconf 91' lang='lat' dir='ltr'><strong>mortem</strong></span> <span class='ocrx_word' id='word_1_324' title='bbox 1642 2740 1929 2813; x_wconf 83' lang='lat' dir='ltr'><strong>Valentis,</strong></span> 
     </span>
    </p>
   </div>
   <div class='ocr_carea' id='block_1_43' title="bbox 265 2830 1934 2913">
    <p class='ocr_par' dir='ltr' id='par_1_43' title="bbox 265 2830 1934 2913">
     <span class='ocr_line' id='line_1_43' title="bbox 265 2830 1934 2913; baseline -0.002 -19"><span class='ocrx_word' id='word_1_325' title='bbox 265 2850 382 2894; x_wconf 88' lang='lat' dir='ltr'><strong>res</strong></span> <span class='ocrx_word' id='word_1_326' title='bbox 416 2833 526 2892; x_wconf 90' lang='lat' dir='ltr'><strong>viri</strong></span> <span class='ocrx_word' id='word_1_327' title='bbox 560 2834 845 2913; x_wconf 70' lang='lat' dir='ltr'><strong>praeclare</strong></span> <span class='ocrx_word' id='word_1_328' title='bbox 874 2840 1069 2912; x_wconf 84' lang='lat' dir='ltr'><strong>gestas</strong></span> <span class='ocrx_word' id='word_1_329' title='bbox 1117 2831 1534 2894; x_wconf 83' lang='lat' dir='ltr'><strong>Valentiniano</strong></span> <span class='ocrx_word' id='word_1_330' title='bbox 1590 2830 1934 2912; x_wconf 91' lang='lat' dir='ltr'><strong>imperatori</strong></span> 
     </span>
    </p>
   </div>
   <div class='ocr_carea' id='block_1_44' title="bbox 269 2920 1935 3002">
    <p class='ocr_par' dir='ltr' id='par_1_44' title="bbox 269 2920 1935 3002">
     <span class='ocr_line' id='line_1_44' title="bbox 269 2920 1935 3002; baseline -0.004 -16"><span class='ocrx_word' id='word_1_331' title='bbox 269 2923 415 3001; x_wconf 77' lang='grc'>(48)</span> <span class='ocrx_word' id='word_1_332' title='bbox 439 2923 869 2986; x_wconf 88' lang='lat' dir='ltr'><strong>nuntiavit.llle</strong></span> <span class='ocrx_word' id='word_1_333' title='bbox 892 2923 1140 2985; x_wconf 89' lang='lat' dir='ltr'><strong>audiens</strong></span> <span class='ocrx_word' id='word_1_334' title='bbox 1171 2933 1557 3002; x_wconf 81' lang='lat' dir='ltr'><strong>stupensque,</strong></span> <span class='ocrx_word' id='word_1_335' title='bbox 1586 2920 1935 2999; x_wconf 86' lang='lat' dir='ltr'><strong>gloriﬁcavit</strong></span> 
     </span>
    </p>
   </div>
   <div class='ocr_carea' id='block_1_45' title="bbox 268 3011 1934 3093">
    <p class='ocr_par' dir='ltr' id='par_1_45' title="bbox 268 3011 1934 3093">
     <span class='ocr_line' id='line_1_45' title="bbox 268 3011 1934 3093; baseline -0.001 -20"><span class='ocrx_word' id='word_1_336' title='bbox 268 3012 496 3073; x_wconf 87' lang='lat' dir='ltr'><strong>Deum:</strong></span> <span class='ocrx_word' id='word_1_337' title='bbox 527 3012 727 3073; x_wconf 90' lang='lat' dir='ltr'><strong>multis</strong></span> <span class='ocrx_word' id='word_1_338' title='bbox 752 3031 927 3093; x_wconf 92' lang='lat' dir='ltr'><strong>porro</strong></span> <span class='ocrx_word' id='word_1_339' title='bbox 948 3013 1216 3090; x_wconf 91' lang='lat' dir='ltr'><strong>pecuniis</strong></span> <span class='ocrx_word' id='word_1_340' title='bbox 1232 3011 1428 3073; x_wconf 92' lang='lat' dir='ltr'><strong>eidem</strong></span> <span class='ocrx_word' id='word_1_341' title='bbox 1458 3012 1736 3091; x_wconf 71' lang='lat' dir='ltr'><strong>quaestori</strong></span> <span class='ocrx_word' id='word_1_342' title='bbox 1756 3012 1934 3090; x_wconf 91' lang='lat' dir='ltr'><strong>datis,</strong></span> 
     </span>
    </p>
   </div>
   <div class='ocr_carea' id='block_1_46' title="bbox 270 3099 1937 3179">
    <p class='ocr_par' dir='ltr' id='par_1_46' title="bbox 270 3099 1937 3179">
     <span class='ocr_line' id='line_1_46' title="bbox 270 3099 1937 3179; baseline -0.002 -18"><span class='ocrx_word' id='word_1_343' title='bbox 270 3101 451 3162; x_wconf 88' lang='lat' dir='ltr'><strong>misit</strong></span> <span class='ocrx_word' id='word_1_344' title='bbox 481 3100 552 3162; x_wconf 88' lang='lat' dir='ltr'><strong>ad</strong></span> <span class='ocrx_word' id='word_1_345' title='bbox 578 3100 858 3163; x_wconf 88' lang='lat' dir='ltr'><strong>Basilium</strong></span> <span class='ocrx_word' id='word_1_346' title='bbox 885 3107 945 3161; x_wconf 91' lang='lat' dir='ltr'><strong>in</strong></span> <span class='ocrx_word' id='word_1_347' title='bbox 968 3113 1140 3162; x_wconf 85' lang='lat' dir='ltr'><strong>usum</strong></span> <span class='ocrx_word' id='word_1_348' title='bbox 1176 3119 1498 3179; x_wconf 88' lang='lat' dir='ltr'><strong>egenorum</strong></span> <span class='ocrx_word' id='word_1_349' title='bbox 1526 3099 1937 3178; x_wconf 77' lang='lat' dir='ltr'><strong>(49).Basilius</strong></span> 
     </span>
    </p>
   </div>
   <div class='ocr_carea' id='block_1_47' title="bbox 2014 1840 3652 1922">
    <p class='ocr_par' dir='ltr' id='par_1_47' title="bbox 2014 1840 3652 1922">
     <span class='ocr_line' id='line_1_47' title="bbox 2014 1840 3652 1922; baseline 0.006 -23"><span class='ocrx_word' id='word_1_350' title='bbox 2014 1841 2121 1901; x_wconf 89' lang='lat' dir='ltr'><strong>tias</strong></span> <span class='ocrx_word' id='word_1_351' title='bbox 2145 1840 2373 1903; x_wconf 84' lang='lat' dir='ltr'><strong>Christo</strong></span> <span class='ocrx_word' id='word_1_352' title='bbox 2398 1844 2454 1903; x_wconf 91' lang='lat' dir='ltr'><strong>in</strong></span> <span class='ocrx_word' id='word_1_353' title='bbox 2480 1842 2714 1922; x_wconf 89' lang='lat' dir='ltr'><strong>scriptis</strong></span> <span class='ocrx_word' id='word_1_354' title='bbox 2734 1852 2759 1905; x_wconf 68' lang='grc'><strong>⁸(</strong></span> <span class='ocrx_word' id='word_1_355' title='bbox 2787 1868 2811 1897; x_wconf 77' lang='lat' dir='ltr'><strong>n</strong></span> <span class='ocrx_word' id='word_1_356' title='bbox 2846 1844 2997 1905; x_wconf 84' lang='lat' dir='ltr'><strong>Dicit</strong></span> <span class='ocrx_word' id='word_1_357' title='bbox 3017 1845 3106 1905; x_wconf 91' lang='lat' dir='ltr'><strong>ei:</strong></span> <span class='ocrx_word' id='word_1_358' title='bbox 3140 1869 3165 1899; x_wconf 76' lang='grc' dir='ltr'><strong>α</strong></span> <span class='ocrx_word' id='word_1_359' title='bbox 3194 1846 3411 1908; x_wconf 87' lang='lat' dir='ltr'><strong>Etiam.</strong></span> <span class='ocrx_word' id='word_1_360' title='bbox 3439 1870 3468 1906; x_wconf 84' lang='grc'><strong>)</strong></span> <span class='ocrx_word' id='word_1_361' title='bbox 3502 1851 3652 1909; x_wconf 87' lang='lat' dir='ltr'><strong>Por—</strong></span> 
     </span>
    </p>
   </div>
   <div class='ocr_carea' id='block_1_48' title="bbox 2012 1932 3653 2017">
    <p class='ocr_par' dir='ltr' id='par_1_48' title="bbox 2012 1932 3653 2017">
     <span class='ocr_line' id='line_1_48' title="bbox 2012 1932 3653 2017; baseline 0.005 -26"><span class='ocrx_word' id='word_1_362' title='bbox 2012 1949 2075 1992; x_wconf 93' lang='lat' dir='ltr'><strong>ro</strong></span> <span class='ocrx_word' id='word_1_363' title='bbox 2101 1932 2174 1991; x_wconf 90' lang='lat' dir='ltr'><strong>ad</strong></span> <span class='ocrx_word' id='word_1_364' title='bbox 2198 1951 2331 1992; x_wconf 89' lang='lat' dir='ltr'><strong>eum</strong></span> <span class='ocrx_word' id='word_1_365' title='bbox 2356 1933 2734 2011; x_wconf 85' lang='lat' dir='ltr'><strong>iniquitatatis</strong></span> <span class='ocrx_word' id='word_1_366' title='bbox 2764 1938 3093 2011; x_wconf 88' lang='lat' dir='ltr'><strong>operarius:</strong></span> <span class='ocrx_word' id='word_1_367' title='bbox 3124 1961 3145 1989; x_wconf 85' lang='grc'><strong>‹‹</strong></span> <span class='ocrx_word' id='word_1_368' title='bbox 3177 1934 3235 1995; x_wconf 90' lang='lat' dir='ltr'><strong>Si</strong></span> <span class='ocrx_word' id='word_1_369' title='bbox 3260 1936 3334 1997; x_wconf 87' lang='lat' dir='ltr'><strong>ad</strong></span> <span class='ocrx_word' id='word_1_370' title='bbox 3358 1938 3471 1998; x_wconf 93' lang='lat' dir='ltr'><strong>hoc</strong></span> <span class='ocrx_word' id='word_1_371' title='bbox 3487 1956 3653 2017; x_wconf 86' lang='lat' dir='ltr'><strong>para-</strong></span> 
     </span>
    </p>
   </div>
   <div class='ocr_carea' id='block_1_49' title="bbox 2014 2022 3653 2107">
    <p class='ocr_par' dir='ltr' id='par_1_49' title="bbox 2014 2022 3653 2107">
     <span class='ocr_line' id='line_1_49' title="bbox 2014 2022 3653 2107; baseline 0.003 -26"><span class='ocrx_word' id='word_1_372' title='bbox 2014 2030 2105 2081; x_wconf 91' lang='lat' dir='ltr'><strong>tus</strong></span> <span class='ocrx_word' id='word_1_373' title='bbox 2138 2041 2223 2094; x_wconf 85' lang='lat' dir='ltr'><strong>es,</strong></span> <span class='ocrx_word' id='word_1_374' title='bbox 2259 2031 2614 2102; x_wconf 76' lang='lat' dir='ltr'><strong>coeperator</strong></span> <span class='ocrx_word' id='word_1_375' title='bbox 2644 2022 2749 2082; x_wconf 89' lang='lat' dir='ltr'><strong>tibi</strong></span> <span class='ocrx_word' id='word_1_376' title='bbox 2782 2023 3023 2084; x_wconf 82' lang='lat' dir='ltr'><strong>eﬁiciar.</strong></span> <span class='ocrx_word' id='word_1_377' title='bbox 3059 2051 3080 2078; x_wconf 77' lang='grc' dir='ltr'><strong>»ι</strong></span> <span class='ocrx_word' id='word_1_378' title='bbox 3118 2025 3224 2087; x_wconf 85' lang='lat' dir='ltr'><strong>Ille</strong></span> <span class='ocrx_word' id='word_1_379' title='bbox 3252 2034 3447 2086; x_wconf 90' lang='lat' dir='ltr'><strong>autem</strong></span> <span class='ocrx_word' id='word_1_380' title='bbox 3473 2026 3547 2087; x_wconf 91' lang='lat' dir='ltr'><strong>ad</strong></span> <span class='ocrx_word' id='word_1_381' title='bbox 3570 2027 3653 2107; x_wconf 44' lang='lat' dir='ltr'><strong>ipr</strong></span> 
     </span>
    </p>
   </div>
   <div class='ocr_carea' id='block_1_50' title="bbox 2012 2109 3656 2194">
    <p class='ocr_par' dir='ltr' id='par_1_50' title="bbox 2012 2109 3656 2194">
     <span class='ocr_line' id='line_1_50' title="bbox 2012 2109 3656 2194; baseline 0.005 -24"><span class='ocrx_word' id='word_1_382' title='bbox 2012 2128 2139 2170; x_wconf 91' lang='lat' dir='ltr'><strong>sum</strong></span> <span class='ocrx_word' id='word_1_383' title='bbox 2168 2130 2181 2170; x_wconf 92' lang='lat'><strong>:</strong></span> <span class='ocrx_word' id='word_1_384' title='bbox 2225 2130 2252 2170; x_wconf 77' lang='grc' dir='ltr'><strong>ι</strong></span> <span class='ocrx_word' id='word_1_385' title='bbox 2279 2109 2523 2171; x_wconf 87' lang='lat' dir='ltr'><strong>Paratus</strong></span> <span class='ocrx_word' id='word_1_386' title='bbox 2544 2129 2699 2187; x_wconf 90' lang='lat' dir='ltr'><strong>sum,</strong></span> <span class='ocrx_word' id='word_1_387' title='bbox 2728 2118 2949 2173; x_wconf 91' lang='lat' dir='ltr'><strong>tantum</strong></span> <span class='ocrx_word' id='word_1_388' title='bbox 2977 2122 3036 2174; x_wconf 86' lang='lat' dir='ltr'><strong>ut</strong></span> <span class='ocrx_word' id='word_1_389' title='bbox 3060 2130 3392 2194; x_wconf 89' lang='lat' dir='ltr'><strong>consequar</strong></span> <span class='ocrx_word' id='word_1_390' title='bbox 3411 2115 3656 2178; x_wconf 88' lang='lat' dir='ltr'><strong>deside-</strong></span> 
     </span>
    </p>
   </div>
   <div class='ocr_carea' id='block_1_51' title="bbox 2012 2219 2257 2261">
    <p class='ocr_par' dir='ltr' id='par_1_51' title="bbox 2012 2219 2257 2261">
     <span class='ocr_line' id='line_1_51' title="bbox 2012 2219 2257 2261; baseline -0.016 0"><span class='ocrx_word' id='word_1_391' title='bbox 2012 2219 2192 2261; x_wconf 86' lang='lat' dir='ltr'><strong>rium.</strong></span> <span class='ocrx_word' id='word_1_392' title='bbox 2236 2224 2257 2257; x_wconf 74' lang='grc' dir='ltr'><strong>ι</strong></span> 
     </span>
    </p>
   </div>
   <div class='ocr_carea' id='block_1_52' title="bbox 2094 2292 3658 2374">
    <p class='ocr_par' dir='ltr' id='par_1_52' title="bbox 2094 2292 3658 2374">
     <span class='ocr_line' id='line_1_52' title="bbox 2094 2292 3658 2374; baseline 0.003 -21"><span class='ocrx_word' id='word_1_393' title='bbox 2094 2294 2241 2353; x_wconf 85' lang='lat' dir='ltr'><strong>Cum</strong></span> <span class='ocrx_word' id='word_1_394' title='bbox 2261 2292 2454 2372; x_wconf 91' lang='lat' dir='ltr'><strong>itaque</strong></span> <span class='ocrx_word' id='word_1_395' title='bbox 2480 2292 2755 2353; x_wconf 90' lang='lat' dir='ltr'><strong>maleﬁcii</strong></span> <span class='ocrx_word' id='word_1_396' title='bbox 2784 2292 3053 2354; x_wconf 86' lang='lat' dir='ltr'><strong>minister</strong></span> <span class='ocrx_word' id='word_1_397' title='bbox 3067 2295 3374 2374; x_wconf 90' lang='lat' dir='ltr'><strong>epistolam</strong></span> <span class='ocrx_word' id='word_1_398' title='bbox 3398 2297 3658 2358; x_wconf 85' lang='lat' dir='ltr'><strong>conscri-</strong></span> 
     </span>
    </p>
   </div>
   <div class='ocr_carea' id='block_1_53' title="bbox 2017 2380 3657 2462">
    <p class='ocr_par' dir='ltr' id='par_1_53' title="bbox 2017 2380 3657 2462">
     <span class='ocr_line' id='line_1_53' title="bbox 2017 2380 3657 2462; baseline 0.005 -22"><span class='ocrx_word' id='word_1_399' title='bbox 2017 2380 2229 2462; x_wconf 83' lang='lat' dir='ltr'><strong>psisset</strong></span> <span class='ocrx_word' id='word_1_400' title='bbox 2243 2381 2312 2441; x_wconf 90' lang='lat' dir='ltr'><strong>ad</strong></span> <span class='ocrx_word' id='word_1_401' title='bbox 2329 2380 2724 2457; x_wconf 88' lang='lat' dir='ltr'><strong>diabolum,et</strong></span> <span class='ocrx_word' id='word_1_402' title='bbox 2746 2382 2985 2443; x_wconf 85' lang='lat' dir='ltr'><strong>tradidit</strong></span> <span class='ocrx_word' id='word_1_403' title='bbox 3000 2383 3109 2443; x_wconf 88' lang='lat' dir='ltr'><strong>hoc</strong></span> <span class='ocrx_word' id='word_1_404' title='bbox 3128 2392 3333 2445; x_wconf 91' lang='lat' dir='ltr'><strong>tenore</strong></span> <span class='ocrx_word' id='word_1_405' title='bbox 3346 2394 3657 2449; x_wconf 90' lang='lat' dir='ltr'><strong>etsenten-</strong></span> 
     </span>
    </p>
   </div>
   <div class='ocr_carea' id='block_1_54' title="bbox 2017 2472 3660 2553">
    <p class='ocr_par' dir='ltr' id='par_1_54' title="bbox 2017 2472 3660 2553">
     <span class='ocr_line' id='line_1_54' title="bbox 2017 2472 3660 2553; baseline 0.003 -21"><span class='ocrx_word' id='word_1_406' title='bbox 2017 2472 2138 2532; x_wconf 90' lang='lat' dir='ltr'><strong>tia:</strong></span> <span class='ocrx_word' id='word_1_407' title='bbox 2182 2497 2204 2525; x_wconf 85' lang='lat'>«</span> <span class='ocrx_word' id='word_1_408' title='bbox 2244 2472 2533 2544; x_wconf 86' lang='lat' dir='ltr'><strong>Quoniam</strong></span> <span class='ocrx_word' id='word_1_409' title='bbox 2596 2490 2701 2552; x_wconf 85' lang='lat' dir='ltr'><strong>par</strong></span> <span class='ocrx_word' id='word_1_410' title='bbox 2744 2481 2853 2548; x_wconf 91' lang='lat' dir='ltr'><strong>est,</strong></span> <span class='ocrx_word' id='word_1_411' title='bbox 2889 2483 2950 2533; x_wconf 93' lang='lat' dir='ltr'><strong>ut</strong></span> <span class='ocrx_word' id='word_1_412' title='bbox 3002 2481 3276 2553; x_wconf 88' lang='lat' dir='ltr'><strong>tanquam</strong></span> <span class='ocrx_word' id='word_1_413' title='bbox 3328 2476 3568 2539; x_wconf 91' lang='lat' dir='ltr'><strong>domino</strong></span> <span class='ocrx_word' id='word_1_414' title='bbox 3604 2486 3660 2539; x_wconf 87' lang='lat' dir='ltr'><strong>et</strong></span> 
     </span>
    </p>
   </div>
   <div class='ocr_carea' id='block_1_55' title="bbox 2016 2561 3657 2643">
    <p class='ocr_par' dir='ltr' id='par_1_55' title="bbox 2016 2561 3657 2643">
     <span class='ocr_line' id='line_1_55' title="bbox 2016 2561 3657 2643; baseline 0.004 -22"><span class='ocrx_word' id='word_1_415' title='bbox 2016 2561 2301 2641; x_wconf 89' lang='lat' dir='ltr'><strong>provisori</strong></span> <span class='ocrx_word' id='word_1_416' title='bbox 2336 2580 2466 2622; x_wconf 91' lang='lat' dir='ltr'><strong>meo</strong></span> <span class='ocrx_word' id='word_1_417' title='bbox 2496 2562 2787 2637; x_wconf 88' lang='lat' dir='ltr'><strong>studeam,</strong></span> <span class='ocrx_word' id='word_1_418' title='bbox 2824 2564 3134 2643; x_wconf 91' lang='lat' dir='ltr'><strong>enitarque</strong></span> <span class='ocrx_word' id='word_1_419' title='bbox 3174 2574 3239 2624; x_wconf 86' lang='lat' dir='ltr'><strong>ut</strong></span> <span class='ocrx_word' id='word_1_420' title='bbox 3269 2584 3298 2625; x_wconf 86' lang='lat' dir='ltr'><strong>a</strong></span> <span class='ocrx_word' id='word_1_421' title='bbox 3327 2564 3657 2627; x_wconf 85' lang='lat' dir='ltr'><strong>Christiana</strong></span> 
     </span>
    </p>
   </div>
   <div class='ocr_carea' id='block_1_56' title="bbox 2016 2651 3654 2735">
    <p class='ocr_par' dir='ltr' id='par_1_56' title="bbox 2016 2651 3654 2735">
     <span class='ocr_line' id='line_1_56' title="bbox 2016 2651 3654 2735; baseline 0.003 -24"><span class='ocrx_word' id='word_1_422' title='bbox 2016 2651 2301 2729; x_wconf 88' lang='lat' dir='ltr'><strong>religione</strong></span> <span class='ocrx_word' id='word_1_423' title='bbox 2331 2651 2660 2712; x_wconf 89' lang='lat' dir='ltr'><strong>abstractus</strong></span> <span class='ocrx_word' id='word_1_424' title='bbox 2700 2652 2975 2713; x_wconf 65' lang='lat' dir='ltr'><strong>amicitias</strong></span> <span class='ocrx_word' id='word_1_425' title='bbox 3002 2662 3115 2713; x_wconf 67' lang='lat' dir='ltr'><strong>tua:</strong></span> <span class='ocrx_word' id='word_1_426' title='bbox 3145 2653 3513 2729; x_wconf 88' lang='lat' dir='ltr'><strong>admoveam,</strong></span> <span class='ocrx_word' id='word_1_427' title='bbox 3538 2676 3654 2735; x_wconf 90' lang='lat' dir='ltr'><strong>quo</strong></span> 
     </span>
    </p>
   </div>
   <div class='ocr_carea' id='block_1_57' title="bbox 2021 2740 3650 2821">
    <p class='ocr_par' dir='ltr' id='par_1_57' title="bbox 2021 2740 3650 2821">
     <span class='ocr_line' id='line_1_57' title="bbox 2021 2740 3650 2821; baseline 0.003 -21"><span class='ocrx_word' id='word_1_428' title='bbox 2021 2748 2114 2801; x_wconf 92' lang='lat' dir='ltr'><strong>tua</strong></span> <span class='ocrx_word' id='word_1_429' title='bbox 2138 2759 2272 2821; x_wconf 90' lang='lat' dir='ltr'><strong>pars</strong></span> <span class='ocrx_word' id='word_1_430' title='bbox 2298 2742 2633 2821; x_wconf 85' lang='lat' dir='ltr'><strong>impleatur;</strong></span> <span class='ocrx_word' id='word_1_431' title='bbox 2658 2740 2791 2801; x_wconf 90' lang='lat' dir='ltr'><strong>misi</strong></span> <span class='ocrx_word' id='word_1_432' title='bbox 2816 2740 2884 2800; x_wconf 83' lang='lat' dir='ltr'><strong>ad</strong></span> <span class='ocrx_word' id='word_1_433' title='bbox 2906 2749 2961 2801; x_wconf 92' lang='lat' dir='ltr'><strong>te</strong></span> <span class='ocrx_word' id='word_1_434' title='bbox 2978 2743 3355 2820; x_wconf 71' lang='lat' dir='ltr'><strong>prmsentium</strong></span> <span class='ocrx_word' id='word_1_435' title='bbox 3380 2744 3650 2821; x_wconf 84' lang='lat' dir='ltr'><strong>latorem,</strong></span> 
     </span>
    </p>
   </div>
   <div class='ocr_carea' id='block_1_58' title="bbox 2018 2830 3659 2913">
    <p class='ocr_par' dir='ltr' id='par_1_58' title="bbox 2018 2830 3659 2913">
     <span class='ocr_line' id='line_1_58' title="bbox 2018 2830 3659 2913; baseline 0.001 -22"><span class='ocrx_word' id='word_1_436' title='bbox 2018 2830 2229 2911; x_wconf 61' lang='lat' dir='ltr'><strong>puella:</strong></span> <span class='ocrx_word' id='word_1_437' title='bbox 2252 2830 2576 2912; x_wconf 84' lang='lat' dir='ltr'><strong>cupiditate</strong></span> <span class='ocrx_word' id='word_1_438' title='bbox 2600 2832 2948 2905; x_wconf 66' lang='lat' dir='ltr'><strong>sauciatum;</strong></span> <span class='ocrx_word' id='word_1_439' title='bbox 2976 2831 3425 2909; x_wconf 88' lang='lat' dir='ltr'><strong>impensiusque</strong></span> <span class='ocrx_word' id='word_1_440' title='bbox 3441 2852 3582 2913; x_wconf 91' lang='lat' dir='ltr'><strong>rogo</strong></span> <span class='ocrx_word' id='word_1_441' title='bbox 3596 2844 3659 2899; x_wconf 88' lang='lat' dir='ltr'><strong>ut</strong></span> 
     </span>
    </p>
   </div>
   <div class='ocr_carea' id='block_1_59' title="bbox 2017 2920 3657 3002">
    <p class='ocr_par' dir='ltr' id='par_1_59' title="bbox 2017 2920 3657 3002">
     <span class='ocr_line' id='line_1_59' title="bbox 2017 2920 3657 3002; baseline 0.004 -24"><span class='ocrx_word' id='word_1_442' title='bbox 2017 2920 2135 2982; x_wconf 88' lang='lat' dir='ltr'><strong>voti</strong></span> <span class='ocrx_word' id='word_1_443' title='bbox 2165 2938 2410 3001; x_wconf 91' lang='lat' dir='ltr'><strong>compos</strong></span> <span class='ocrx_word' id='word_1_444' title='bbox 2442 2921 2579 2992; x_wconf 89' lang='lat' dir='ltr'><strong>ﬁat;</strong></span> <span class='ocrx_word' id='word_1_445' title='bbox 2613 2941 2727 3000; x_wconf 90' lang='lat' dir='ltr'><strong>quo</strong></span> <span class='ocrx_word' id='word_1_446' title='bbox 2759 2930 2815 2982; x_wconf 92' lang='lat' dir='ltr'><strong>et</strong></span> <span class='ocrx_word' id='word_1_447' title='bbox 2846 2920 2905 2980; x_wconf 93' lang='lat' dir='ltr'><strong>in</strong></span> <span class='ocrx_word' id='word_1_448' title='bbox 2939 2922 3047 2981; x_wconf 85' lang='lat' dir='ltr'><strong>hoc</strong></span> <span class='ocrx_word' id='word_1_449' title='bbox 3078 2921 3657 3002; x_wconf 86' lang='lat' dir='ltr'><strong>glorier.majorique</strong></span> 
     </span>
    </p>
   </div>
   <div class='ocr_carea' id='block_1_60' title="bbox 2020 3010 3658 3089">
    <p class='ocr_par' dir='ltr' id='par_1_60' title="bbox 2020 3010 3658 3089">
     <span class='ocr_line' id='line_1_60' title="bbox 2020 3010 3658 3089; baseline 0.003 -19"><span class='ocrx_word' id='word_1_450' title='bbox 2020 3010 2321 3072; x_wconf 88' lang='lat' dir='ltr'><strong>alacritate</strong></span> <span class='ocrx_word' id='word_1_451' title='bbox 2344 3019 2475 3071; x_wconf 92' lang='lat' dir='ltr'><strong>tuos</strong></span> <span class='ocrx_word' id='word_1_452' title='bbox 2494 3021 2791 3073; x_wconf 82' lang='lat' dir='ltr'><strong>amatores</strong></span> <span class='ocrx_word' id='word_1_453' title='bbox 2812 3026 3195 3089; x_wconf 88' lang='lat' dir='ltr'><strong>congregem.</strong></span> <span class='ocrx_word' id='word_1_454' title='bbox 3223 3036 3248 3065; x_wconf 65' lang='grc' dir='ltr'><strong>ι</strong></span> <span class='ocrx_word' id='word_1_455' title='bbox 3280 3014 3425 3074; x_wconf 90' lang='lat' dir='ltr'><strong>Data</strong></span> <span class='ocrx_word' id='word_1_456' title='bbox 3445 3031 3580 3075; x_wconf 87' lang='lat' dir='ltr'><strong>vero</strong></span> <span class='ocrx_word' id='word_1_457' title='bbox 3604 3014 3658 3075; x_wconf 91' lang='lat' dir='ltr'><strong>ei</strong></span> 
     </span>
    </p>
   </div>
   <div class='ocr_carea' id='block_1_61' title="bbox 2021 3098 3661 3183">
    <p class='ocr_par' dir='ltr' id='par_1_61' title="bbox 2021 3098 3661 3183">
     <span class='ocr_line' id='line_1_61' title="bbox 2021 3098 3661 3183; baseline 0.003 -23"><span class='ocrx_word' id='word_1_458' title='bbox 2021 3100 2294 3177; x_wconf 90' lang='lat' dir='ltr'><strong>epistola,</strong></span> <span class='ocrx_word' id='word_1_459' title='bbox 2322 3098 2505 3161; x_wconf 88' lang='lat' dir='ltr'><strong>dixit:</strong></span> <span class='ocrx_word' id='word_1_460' title='bbox 2549 3123 2570 3155; x_wconf 88' lang='grc' dir='ltr'><strong>‹ι</strong></span> <span class='ocrx_word' id='word_1_461' title='bbox 2598 3098 2759 3160; x_wconf 90' lang='lat' dir='ltr'><strong>Vade</strong></span> <span class='ocrx_word' id='word_1_462' title='bbox 2785 3099 2883 3159; x_wconf 88' lang='lat' dir='ltr'><strong>tali</strong></span> <span class='ocrx_word' id='word_1_463' title='bbox 2911 3101 3053 3160; x_wconf 87' lang='lat' dir='ltr'><strong>liora</strong></span> <span class='ocrx_word' id='word_1_464' title='bbox 3075 3102 3353 3174; x_wconf 88' lang='lat' dir='ltr'><strong>noctis,et</strong></span> <span class='ocrx_word' id='word_1_465' title='bbox 3373 3110 3462 3163; x_wconf 92' lang='lat' dir='ltr'><strong>sta</strong></span> <span class='ocrx_word' id='word_1_466' title='bbox 3481 3122 3661 3183; x_wconf 90' lang='lat' dir='ltr'><strong>supra</strong></span> 
     </span>
    </p>
   </div>
   <div class='ocr_carea' id='block_1_62' title="bbox 268 3189 3655 3271">
    <p class='ocr_par' dir='ltr' id='par_1_62' title="bbox 268 3189 3655 3271">
     <span class='ocr_line' id='line_1_62' title="bbox 268 3189 3655 3271; baseline 0.001 -20"><span class='ocrx_word' id='word_1_467' title='bbox 268 3197 489 3252; x_wconf 86' lang='lat' dir='ltr'><strong>autem</strong></span> <span class='ocrx_word' id='word_1_468' title='bbox 527 3208 801 3270; x_wconf 86' lang='lat' dir='ltr'><strong>magnum</strong></span> <span class='ocrx_word' id='word_1_469' title='bbox 854 3191 1235 3271; x_wconf 88' lang='lat' dir='ltr'><strong>imperatoris</strong></span> <span class='ocrx_word' id='word_1_470' title='bbox 1285 3190 1547 3251; x_wconf 92' lang='lat' dir='ltr'><strong>animum</strong></span> <span class='ocrx_word' id='word_1_471' title='bbox 1602 3189 1992 3269; x_wconf 90' lang='lat' dir='ltr'><strong>suspiciensC</strong></span> <span class='ocrx_word' id='word_1_472' title='bbox 2021 3197 2471 3252; x_wconf 86' lang='lat' dir='ltr'><strong>monumentum</strong></span> <span class='ocrx_word' id='word_1_473' title='bbox 2498 3189 3655 3271; x_wconf 88' lang='lat' dir='ltr'><strong>Paganihominis,chartamquetollein</strong></span> 
     </span>
    </p>
   </div>
   <div class='ocr_carea' id='block_1_63' title="bbox 271 3278 1937 3362">
    <p class='ocr_par' dir='ltr' id='par_1_63' title="bbox 271 3278 1937 3362">
     <span class='ocr_line' id='line_1_63' title="bbox 271 3278 1937 3362; baseline 0.001 -22"><span class='ocrx_word' id='word_1_474' title='bbox 271 3279 1047 3362; x_wconf 86' lang='lat' dir='ltr'><strong>probansque,piasdomos</strong></span> <span class='ocrx_word' id='word_1_475' title='bbox 1063 3289 1184 3341; x_wconf 90' lang='lat' dir='ltr'><strong>tum</strong></span> <span class='ocrx_word' id='word_1_476' title='bbox 1201 3286 1259 3341; x_wconf 93' lang='lat' dir='ltr'><strong>in</strong></span> <span class='ocrx_word' id='word_1_477' title='bbox 1285 3278 1588 3351; x_wconf 91' lang='lat' dir='ltr'><strong>urbe,tum</strong></span> <span class='ocrx_word' id='word_1_478' title='bbox 1605 3280 1664 3340; x_wconf 92' lang='lat' dir='ltr'><strong>in</strong></span> <span class='ocrx_word' id='word_1_479' title='bbox 1688 3279 1937 3358; x_wconf 89' lang='lat' dir='ltr'><strong>singulis</strong></span> 
     </span>
    </p>
   </div>
   <div class='ocr_carea' id='block_1_64' title="bbox 274 3369 1932 3451">
    <p class='ocr_par' dir='ltr' id='par_1_64' title="bbox 274 3369 1932 3451">
     <span class='ocr_line' id='line_1_64' title="bbox 274 3369 1932 3451; baseline 0.001 -22"><span class='ocrx_word' id='word_1_480' title='bbox 274 3370 613 3451; x_wconf 63' lang='lat' dir='ltr'><strong>provincia:</strong></span> <span class='ocrx_word' id='word_1_481' title='bbox 628 3372 890 3450; x_wconf 81' lang='lat' dir='ltr'><strong>partibus</strong></span> <span class='ocrx_word' id='word_1_482' title='bbox 908 3381 1146 3432; x_wconf 80' lang='lat' dir='ltr'><strong>exstrux</strong></span> <span class='ocrx_word' id='word_1_483' title='bbox 1159 3369 1639 3451; x_wconf 87' lang='lat' dir='ltr'><strong>it,refocillandis</strong></span> <span class='ocrx_word' id='word_1_484' title='bbox 1656 3369 1932 3449; x_wconf 86' lang='lat' dir='ltr'><strong>inﬁrmis;</strong></span> 
     </span>
    </p>
   </div>
   <div class='ocr_carea' id='block_1_65' title="bbox 274 3460 1935 3541">
    <p class='ocr_par' dir='ltr' id='par_1_65' title="bbox 274 3460 1935 3541">
     <span class='ocr_line' id='line_1_65' title="bbox 274 3460 1935 3541; baseline -0.001 -21"><span class='ocrx_word' id='word_1_485' title='bbox 274 3461 491 3537; x_wconf 89' lang='lat' dir='ltr'><strong>iisque</strong></span> <span class='ocrx_word' id='word_1_486' title='bbox 513 3460 669 3521; x_wconf 83' lang='lat' dir='ltr'><strong>viros</strong></span> <span class='ocrx_word' id='word_1_487' title='bbox 692 3461 929 3541; x_wconf 92' lang='lat' dir='ltr'><strong>multos,</strong></span> <span class='ocrx_word' id='word_1_488' title='bbox 958 3470 1017 3521; x_wconf 91' lang='lat' dir='ltr'><strong>et</strong></span> <span class='ocrx_word' id='word_1_489' title='bbox 1041 3460 1326 3521; x_wconf 87' lang='lat' dir='ltr'><strong>mulieres</strong></span> <span class='ocrx_word' id='word_1_490' title='bbox 1360 3477 1717 3539; x_wconf 78' lang='lat' dir='ltr'><strong>puerosque,</strong></span> <span class='ocrx_word' id='word_1_491' title='bbox 1747 3460 1935 3539; x_wconf 90' lang='lat' dir='ltr'><strong>pluri-</strong></span> 
     </span>
    </p>
   </div>
   <div class='ocr_carea' id='block_1_66' title="bbox 279 3548 1937 3631">
    <p class='ocr_par' dir='ltr' id='par_1_66' title="bbox 279 3548 1937 3631">
     <span class='ocr_line' id='line_1_66' title="bbox 279 3548 1937 3631; baseline 0.001 -22"><span class='ocrx_word' id='word_1_492' title='bbox 279 3567 446 3610; x_wconf 86' lang='lat' dir='ltr'><strong>mam</strong></span> <span class='ocrx_word' id='word_1_493' title='bbox 467 3550 557 3611; x_wconf 91' lang='lat' dir='ltr'><strong>eis</strong></span> <span class='ocrx_word' id='word_1_494' title='bbox 574 3567 777 3612; x_wconf 84' lang='lat' dir='ltr'><strong>curam</strong></span> <span class='ocrx_word' id='word_1_495' title='bbox 805 3551 1194 3631; x_wconf 91' lang='lat' dir='ltr'><strong>levamenque</strong></span> <span class='ocrx_word' id='word_1_496' title='bbox 1234 3548 1619 3623; x_wconf 90' lang='lat' dir='ltr'><strong>adhibens,in</strong></span> <span class='ocrx_word' id='word_1_497' title='bbox 1643 3550 1812 3611; x_wconf 89' lang='lat' dir='ltr'><strong>lectis</strong></span> <span class='ocrx_word' id='word_1_498' title='bbox 1838 3570 1937 3629; x_wconf 89' lang='lat' dir='ltr'><strong>po—</strong></span> 
     </span>
    </p>
   </div>
   <div class='ocr_carea' id='block_1_67' title="bbox 277 3639 1937 3720">
    <p class='ocr_par' dir='ltr' id='par_1_67' title="bbox 277 3639 1937 3720">
     <span class='ocr_line' id='line_1_67' title="bbox 277 3639 1937 3720; baseline 0.001 -20"><span class='ocrx_word' id='word_1_499' title='bbox 277 3640 429 3701; x_wconf 85' lang='lat' dir='ltr'><strong>suit.</strong></span> <span class='ocrx_word' id='word_1_500' title='bbox 466 3639 581 3702; x_wconf 92' lang='lat' dir='ltr'><strong>Ubi</strong></span> <span class='ocrx_word' id='word_1_501' title='bbox 616 3658 752 3700; x_wconf 87' lang='lat' dir='ltr'><strong>vero</strong></span> <span class='ocrx_word' id='word_1_502' title='bbox 786 3639 1109 3720; x_wconf 88' lang='lat' dir='ltr'><strong>imperator</strong></span> <span class='ocrx_word' id='word_1_503' title='bbox 1162 3639 1409 3717; x_wconf 90' lang='lat' dir='ltr'><strong>audivit,</strong></span> <span class='ocrx_word' id='word_1_504' title='bbox 1446 3639 1663 3701; x_wconf 92' lang='lat' dir='ltr'><strong>multos</strong></span> <span class='ocrx_word' id='word_1_505' title='bbox 1711 3639 1937 3701; x_wconf 89' lang='lat' dir='ltr'><strong>reditus</strong></span> 
     </span>
    </p>
   </div>
   <div class='ocr_carea' id='block_1_68' title="bbox 274 3729 1933 3810">
    <p class='ocr_par' dir='ltr' id='par_1_68' title="bbox 274 3729 1933 3810">
     <span class='ocr_line' id='line_1_68' title="bbox 274 3729 1933 3810; baseline 0.001 -21"><span class='ocrx_word' id='word_1_506' title='bbox 274 3729 342 3789; x_wconf 90' lang='lat' dir='ltr'><strong>in</strong></span> <span class='ocrx_word' id='word_1_507' title='bbox 372 3746 586 3790; x_wconf 88' lang='lat' dir='ltr'><strong>eorum</strong></span> <span class='ocrx_word' id='word_1_508' title='bbox 608 3739 877 3810; x_wconf 91' lang='lat' dir='ltr'><strong>sumptus</strong></span> <span class='ocrx_word' id='word_1_509' title='bbox 908 3737 969 3789; x_wconf 91' lang='lat' dir='ltr'><strong>et</strong></span> <span class='ocrx_word' id='word_1_510' title='bbox 999 3735 1517 3808; x_wconf 86' lang='lat' dir='ltr'><strong>sustentationem,</strong></span> <span class='ocrx_word' id='word_1_511' title='bbox 1551 3730 1770 3791; x_wconf 81' lang='lat' dir='ltr'><strong>Christi</strong></span> <span class='ocrx_word' id='word_1_512' title='bbox 1802 3730 1933 3790; x_wconf 90' lang='lat' dir='ltr'><strong>hie-</strong></span> 
     </span>
    </p>
   </div>
   <div class='ocr_carea' id='block_1_69' title="bbox 280 3818 1935 3900">
    <p class='ocr_par' dir='ltr' id='par_1_69' title="bbox 280 3818 1935 3900">
     <span class='ocr_line' id='line_1_69' title="bbox 280 3818 1935 3900; baseline 0 -21"><span class='ocrx_word' id='word_1_513' title='bbox 280 3820 564 3884; x_wconf 85' lang='lat' dir='ltr'><strong>rarcham</strong></span> <span class='ocrx_word' id='word_1_514' title='bbox 590 3826 650 3880; x_wconf 91' lang='lat' dir='ltr'><strong>et</strong></span> <span class='ocrx_word' id='word_1_515' title='bbox 670 3819 1009 3899; x_wconf 89' lang='lat' dir='ltr'><strong>pontiﬁcem</strong></span> <span class='ocrx_word' id='word_1_516' title='bbox 1042 3837 1153 3881; x_wconf 91' lang='lat' dir='ltr'><strong>ceu</strong></span> <span class='ocrx_word' id='word_1_517' title='bbox 1182 3828 1410 3900; x_wconf 83' lang='lat' dir='ltr'><strong>patrem</strong></span> <span class='ocrx_word' id='word_1_518' title='bbox 1453 3818 1662 3879; x_wconf 88' lang='lat' dir='ltr'><strong>honori</strong></span> <span class='ocrx_word' id='word_1_519' title='bbox 1712 3818 1935 3881; x_wconf 90' lang='lat' dir='ltr'><strong>habens</strong></span> 
     </span>
    </p>
   </div>
   <div class='ocr_carea' id='block_1_70' title="bbox 280 3908 817 3987">
    <p class='ocr_par' dir='ltr' id='par_1_70' title="bbox 280 3908 817 3987">
     <span class='ocr_line' id='line_1_70' title="bbox 280 3908 817 3987; baseline 0.004 -19"><span class='ocrx_word' id='word_1_520' title='bbox 280 3908 600 3987; x_wconf 87' lang='lat' dir='ltr'><strong>largitione</strong></span> <span class='ocrx_word' id='word_1_521' title='bbox 631 3908 817 3970; x_wconf 89' lang='lat' dir='ltr'><strong>dedit.</strong></span> 
     </span>
    </p>
   </div>
   <div class='ocr_carea' id='block_1_71' title="bbox 370 3997 1938 4081">
    <p class='ocr_par' dir='ltr' id='par_1_71' title="bbox 370 3997 1938 4081">
     <span class='ocr_line' id='line_1_71' title="bbox 370 3997 1938 4081; baseline 0.003 -21"><span class='ocrx_word' id='word_1_522' title='bbox 370 3998 678 4060; x_wconf 83' lang='lat' dir='ltr'><strong>Helladius</strong></span> <span class='ocrx_word' id='word_1_523' title='bbox 734 3998 856 4079; x_wconf 78' lang='lat'><strong>(50)</strong></span> <span class='ocrx_word' id='word_1_524' title='bbox 910 4006 1128 4059; x_wconf 79' lang='lat' dir='ltr'><strong>sanctae</strong></span> <span class='ocrx_word' id='word_1_525' title='bbox 1177 3997 1634 4075; x_wconf 86' lang='lat' dir='ltr'><strong>recordationis,</strong></span> <span class='ocrx_word' id='word_1_526' title='bbox 1664 4002 1760 4080; x_wconf 91' lang='lat' dir='ltr'><strong>qui</strong></span> <span class='ocrx_word' id='word_1_527' title='bbox 1810 4000 1938 4081; x_wconf 91' lang='lat' dir='ltr'><strong>ipse</strong></span> 
     </span>
    </p>
   </div>
   <div class='ocr_carea' id='block_1_72' title="bbox 284 4087 1935 4171">
    <p class='ocr_par' dir='ltr' id='par_1_72' title="bbox 284 4087 1935 4171">
     <span class='ocr_line' id='line_1_72' title="bbox 284 4087 1935 4171; baseline 0.001 -22"><span class='ocrx_word' id='word_1_528' title='bbox 284 4090 598 4168; x_wconf 86' lang='lat' dir='ltr'><strong>inspector</strong></span> <span class='ocrx_word' id='word_1_529' title='bbox 618 4097 675 4150; x_wconf 93' lang='lat' dir='ltr'><strong>et</strong></span> <span class='ocrx_word' id='word_1_530' title='bbox 697 4088 972 4149; x_wconf 90' lang='lat' dir='ltr'><strong>minister</strong></span> <span class='ocrx_word' id='word_1_531' title='bbox 993 4088 1104 4149; x_wconf 84' lang='lat' dir='ltr'><strong>fuit</strong></span> <span class='ocrx_word' id='word_1_532' title='bbox 1128 4087 1548 4149; x_wconf 91' lang='lat' dir='ltr'><strong>miraculorum</strong></span> <span class='ocrx_word' id='word_1_533' title='bbox 1577 4089 1648 4149; x_wconf 92' lang='lat' dir='ltr'><strong>ab</strong></span> <span class='ocrx_word' id='word_1_534' title='bbox 1680 4091 1809 4170; x_wconf 89' lang='lat' dir='ltr'><strong>ipso</strong></span> <span class='ocrx_word' id='word_1_535' title='bbox 1831 4110 1935 4171; x_wconf 85' lang='lat' dir='ltr'><strong>pa-</strong></span> 
     </span>
    </p>
   </div>
   <div class='ocr_carea' id='block_1_73' title="bbox 286 4176 1936 4261">
    <p class='ocr_par' dir='ltr' id='par_1_73' title="bbox 286 4176 1936 4261">
     <span class='ocr_line' id='line_1_73' title="bbox 286 4176 1936 4261; baseline 0.001 -22"><span class='ocrx_word' id='word_1_536' title='bbox 286 4178 840 4258; x_wconf 85' lang='lat' dir='ltr'><strong>tratorum,quique</strong></span> <span class='ocrx_word' id='word_1_537' title='bbox 856 4187 984 4258; x_wconf 92' lang='lat' dir='ltr'><strong>post</strong></span> <span class='ocrx_word' id='word_1_538' title='bbox 1006 4176 1235 4239; x_wconf 89' lang='lat' dir='ltr'><strong>obitum</strong></span> <span class='ocrx_word' id='word_1_539' title='bbox 1266 4178 1522 4239; x_wconf 88' lang='lat' dir='ltr'><strong>conserti</strong></span> <span class='ocrx_word' id='word_1_540' title='bbox 1544 4180 1772 4242; x_wconf 90' lang='lat' dir='ltr'><strong>honore</strong></span> <span class='ocrx_word' id='word_1_541' title='bbox 1794 4200 1936 4261; x_wconf 91' lang='lat' dir='ltr'><strong>apo-</strong></span> 
     </span>
    </p>
   </div>
   <div class='ocr_carea' id='block_1_74' title="bbox 282 4267 1942 4349">
    <p class='ocr_par' dir='ltr' id='par_1_74' title="bbox 282 4267 1942 4349">
     <span class='ocr_line' id='line_1_74' title="bbox 282 4267 1942 4349; baseline 0 -19"><span class='ocrx_word' id='word_1_542' title='bbox 282 4268 460 4330; x_wconf 86' lang='lat' dir='ltr'><strong>stolis</strong></span> <span class='ocrx_word' id='word_1_543' title='bbox 476 4267 835 4348; x_wconf 88' lang='lat' dir='ltr'><strong>Basilii,ejus</strong></span> <span class='ocrx_word' id='word_1_544' title='bbox 849 4268 1052 4329; x_wconf 90' lang='lat' dir='ltr'><strong>sedem</strong></span> <span class='ocrx_word' id='word_1_545' title='bbox 1069 4284 1381 4329; x_wconf 89' lang='lat' dir='ltr'><strong>successor</strong></span> <span class='ocrx_word' id='word_1_546' title='bbox 1391 4268 1740 4349; x_wconf 90' lang='lat' dir='ltr'><strong>accepit,vir</strong></span> <span class='ocrx_word' id='word_1_547' title='bbox 1756 4270 1942 4331; x_wconf 84' lang='lat' dir='ltr'><strong>admi-</strong></span> 
     </span>
    </p>
   </div>
   <div class='ocr_carea' id='block_1_75' title="bbox 2020 3279 3657 3363">
    <p class='ocr_par' dir='ltr' id='par_1_75' title="bbox 2020 3279 3657 3363">
     <span class='ocr_line' id='line_1_75' title="bbox 2020 3279 3657 3363; baseline 0.001 -20"><span class='ocrx_word' id='word_1_548' title='bbox 2020 3300 2181 3363; x_wconf 79' lang='lat' dir='ltr'><strong>aera;</strong></span> <span class='ocrx_word' id='word_1_549' title='bbox 2200 3290 2257 3343; x_wconf 93' lang='lat' dir='ltr'><strong>et</strong></span> <span class='ocrx_word' id='word_1_550' title='bbox 2282 3289 2491 3361; x_wconf 60' lang='lat' dir='ltr'><strong>praesto</strong></span> <span class='ocrx_word' id='word_1_551' title='bbox 2518 3289 2713 3356; x_wconf 87' lang='lat' dir='ltr'><strong>erunt,</strong></span> <span class='ocrx_word' id='word_1_552' title='bbox 2741 3280 2841 3360; x_wconf 90' lang='lat' dir='ltr'><strong>qui</strong></span> <span class='ocrx_word' id='word_1_553' title='bbox 2865 3288 2920 3340; x_wconf 92' lang='lat' dir='ltr'><strong>te</strong></span> <span class='ocrx_word' id='word_1_554' title='bbox 2944 3279 3179 3341; x_wconf 91' lang='lat' dir='ltr'><strong>ducturi</strong></span> <span class='ocrx_word' id='word_1_555' title='bbox 3201 3293 3338 3341; x_wconf 91' lang='lat' dir='ltr'><strong>sunt</strong></span> <span class='ocrx_word' id='word_1_556' title='bbox 3360 3283 3431 3342; x_wconf 92' lang='lat' dir='ltr'><strong>ad</strong></span> <span class='ocrx_word' id='word_1_557' title='bbox 3457 3284 3657 3344; x_wconf 88' lang='lat' dir='ltr'><strong>diabo-</strong></span> 
     </span>
    </p>
   </div>
   <div class='ocr_carea' id='block_1_76' title="bbox 2024 3369 3662 3450">
    <p class='ocr_par' dir='ltr' id='par_1_76' title="bbox 2024 3369 3662 3450">
     <span class='ocr_line' id='line_1_76' title="bbox 2024 3369 3662 3450; baseline 0.001 -18"><span class='ocrx_word' id='word_1_558' title='bbox 2024 3372 2168 3434; x_wconf 89' lang='lat' dir='ltr'><strong>lum.</strong></span> <span class='ocrx_word' id='word_1_559' title='bbox 2212 3394 2234 3427; x_wconf 80' lang='grc' dir='ltr'><strong>ι›</strong></span> <span class='ocrx_word' id='word_1_560' title='bbox 2278 3371 2333 3433; x_wconf 91' lang='lat' dir='ltr'><strong>Is</strong></span> <span class='ocrx_word' id='word_1_561' title='bbox 2358 3378 2475 3434; x_wconf 90' lang='lat' dir='ltr'><strong>tota</strong></span> <span class='ocrx_word' id='word_1_562' title='bbox 2510 3369 2975 3450; x_wconf 90' lang='lat' dir='ltr'><strong>promptitudine</strong></span> <span class='ocrx_word' id='word_1_563' title='bbox 3001 3371 3155 3449; x_wconf 91' lang='lat' dir='ltr'><strong>quod</strong></span> <span class='ocrx_word' id='word_1_564' title='bbox 3185 3369 3511 3449; x_wconf 83' lang='lat' dir='ltr'><strong>injunctum</strong></span> <span class='ocrx_word' id='word_1_565' title='bbox 3537 3380 3662 3433; x_wconf 90' lang='lat' dir='ltr'><strong>erat</strong></span> 
     </span>
    </p>
   </div>
   <div class='ocr_carea' id='block_1_77' title="bbox 2021 3460 3662 3541">
    <p class='ocr_par' dir='ltr' id='par_1_77' title="bbox 2021 3460 3662 3541">
     <span class='ocr_line' id='line_1_77' title="bbox 2021 3460 3662 3541; baseline 0.001 -19"><span class='ocrx_word' id='word_1_566' title='bbox 2021 3480 2259 3541; x_wconf 79' lang='lat' dir='ltr'><strong>gerens,</strong></span> <span class='ocrx_word' id='word_1_567' title='bbox 2285 3460 2344 3521; x_wconf 92' lang='lat' dir='ltr'><strong>in</strong></span> <span class='ocrx_word' id='word_1_568' title='bbox 2371 3460 2773 3521; x_wconf 87' lang='lat' dir='ltr'><strong>miserabilem</strong></span> <span class='ocrx_word' id='word_1_569' title='bbox 2796 3460 2955 3519; x_wconf 87' lang='lat' dir='ltr'><strong>illam</strong></span> <span class='ocrx_word' id='word_1_570' title='bbox 2978 3461 3172 3538; x_wconf 85' lang='lat' dir='ltr'><strong>erupit</strong></span> <span class='ocrx_word' id='word_1_571' title='bbox 3189 3480 3416 3538; x_wconf 89' lang='lat' dir='ltr'><strong>vocem,</strong></span> <span class='ocrx_word' id='word_1_572' title='bbox 3438 3462 3662 3523; x_wconf 88' lang='lat' dir='ltr'><strong>diaboli</strong></span> 
     </span>
    </p>
   </div>
   <div class='ocr_carea' id='block_1_78' title="bbox 2021 3548 3663 3632">
    <p class='ocr_par' dir='ltr' id='par_1_78' title="bbox 2021 3548 3663 3632">
     <span class='ocr_line' id='line_1_78' title="bbox 2021 3548 3663 3632; baseline 0.002 -21"><span class='ocrx_word' id='word_1_573' title='bbox 2021 3552 2287 3612; x_wconf 90' lang='lat' dir='ltr'><strong>invocata</strong></span> <span class='ocrx_word' id='word_1_574' title='bbox 2320 3569 2453 3629; x_wconf 93' lang='lat' dir='ltr'><strong>ope.</strong></span> <span class='ocrx_word' id='word_1_575' title='bbox 2488 3548 2778 3611; x_wconf 86' lang='lat' dir='ltr'><strong>Continuo</strong></span> <span class='ocrx_word' id='word_1_576' title='bbox 2800 3557 2995 3610; x_wconf 89' lang='lat' dir='ltr'><strong>autem</strong></span> <span class='ocrx_word' id='word_1_577' title='bbox 3023 3551 3341 3614; x_wconf 72' lang='lat' dir='ltr'><strong>astiterunt</strong></span> <span class='ocrx_word' id='word_1_578' title='bbox 3360 3552 3663 3632; x_wconf 88' lang='lat' dir='ltr'><strong>principes</strong></span> 
     </span>
    </p>
   </div>
   <div class='ocr_carea' id='block_1_79' title="bbox 2022 3639 3660 3721">
    <p class='ocr_par' dir='ltr' id='par_1_79' title="bbox 2022 3639 3660 3721">
     <span class='ocr_line' id='line_1_79' title="bbox 2022 3639 3660 3721; baseline 0.001 -20"><span class='ocrx_word' id='word_1_579' title='bbox 2022 3646 2325 3721; x_wconf 87' lang='lat' dir='ltr'><strong>potestatis</strong></span> <span class='ocrx_word' id='word_1_580' title='bbox 2359 3639 2763 3714; x_wconf 90' lang='lat' dir='ltr'><strong>tenebrarum,</strong></span> <span class='ocrx_word' id='word_1_581' title='bbox 2797 3641 3039 3719; x_wconf 88' lang='lat' dir='ltr'><strong>spiritus</strong></span> <span class='ocrx_word' id='word_1_582' title='bbox 3071 3640 3349 3716; x_wconf 58' lang='lat' dir='ltr'><strong>nequitia</strong></span> <span class='ocrx_word' id='word_1_583' title='bbox 3376 3660 3660 3720; x_wconf 87' lang='lat' dir='ltr'><strong>;magno—</strong></span> 
     </span>
    </p>
   </div>
   <div class='ocr_carea' id='block_1_80' title="bbox 2021 3730 3661 3811">
    <p class='ocr_par' dir='ltr' id='par_1_80' title="bbox 2021 3730 3661 3811">
     <span class='ocr_line' id='line_1_80' title="bbox 2021 3730 3661 3811; baseline 0.001 -20"><span class='ocrx_word' id='word_1_584' title='bbox 2021 3750 2135 3811; x_wconf 91' lang='lat' dir='ltr'><strong>que</strong></span> <span class='ocrx_word' id='word_1_585' title='bbox 2152 3731 2365 3810; x_wconf 87' lang='lat' dir='ltr'><strong>gaudio</strong></span> <span class='ocrx_word' id='word_1_586' title='bbox 2395 3730 2709 3809; x_wconf 88' lang='lat' dir='ltr'><strong>deceptum</strong></span> <span class='ocrx_word' id='word_1_587' title='bbox 2737 3730 3218 3809; x_wconf 68' lang='lat' dir='ltr'><strong>suscipientesjn</strong></span> <span class='ocrx_word' id='word_1_588' title='bbox 3251 3730 3441 3791; x_wconf 92' lang='lat' dir='ltr'><strong>locum</strong></span> <span class='ocrx_word' id='word_1_589' title='bbox 3469 3731 3661 3792; x_wconf 85' lang='lat' dir='ltr'><strong>abdu-</strong></span> 
     </span>
    </p>
   </div>
   <div class='ocr_carea' id='block_1_81' title="bbox 2020 3818 3659 3899">
    <p class='ocr_par' dir='ltr' id='par_1_81' title="bbox 2020 3818 3659 3899">
     <span class='ocr_line' id='line_1_81' title="bbox 2020 3818 3659 3899; baseline 0.001 -18"><span class='ocrx_word' id='word_1_590' title='bbox 2020 3830 2234 3881; x_wconf 82' lang='lat' dir='ltr'><strong>xerunt</strong></span> <span class='ocrx_word' id='word_1_591' title='bbox 2256 3819 2354 3880; x_wconf 90' lang='lat' dir='ltr'><strong>ubi</strong></span> <span class='ocrx_word' id='word_1_592' title='bbox 2373 3818 2647 3881; x_wconf 90' lang='lat' dir='ltr'><strong>diabolus</strong></span> <span class='ocrx_word' id='word_1_593' title='bbox 2660 3827 2988 3899; x_wconf 86' lang='lat' dir='ltr'><strong>erat,atque</strong></span> <span class='ocrx_word' id='word_1_594' title='bbox 3014 3820 3331 3881; x_wconf 91' lang='lat' dir='ltr'><strong>ostendunt</strong></span> <span class='ocrx_word' id='word_1_595' title='bbox 3352 3822 3659 3883; x_wconf 90' lang='lat' dir='ltr'><strong>sedentem</strong></span> 
     </span>
    </p>
   </div>
   <div class='ocr_carea' id='block_1_82' title="bbox 2023 3909 3657 3990">
    <p class='ocr_par' dir='ltr' id='par_1_82' title="bbox 2023 3909 3657 3990">
     <span class='ocr_line' id='line_1_82' title="bbox 2023 3909 3657 3990; baseline 0 -18"><span class='ocrx_word' id='word_1_596' title='bbox 2023 3912 2082 3972; x_wconf 91' lang='lat' dir='ltr'><strong>in</strong></span> <span class='ocrx_word' id='word_1_597' title='bbox 2117 3911 2265 3972; x_wconf 92' lang='lat' dir='ltr'><strong>solio</strong></span> <span class='ocrx_word' id='word_1_598' title='bbox 2291 3909 2547 3989; x_wconf 81' lang='lat' dir='ltr'><strong>excelso,</strong></span> <span class='ocrx_word' id='word_1_599' title='bbox 2574 3928 2748 3989; x_wconf 92' lang='lat' dir='ltr'><strong>quem</strong></span> <span class='ocrx_word' id='word_1_600' title='bbox 2776 3909 3021 3988; x_wconf 87' lang='lat' dir='ltr'><strong>spiritus</strong></span> <span class='ocrx_word' id='word_1_601' title='bbox 3053 3928 3307 3990; x_wconf 88' lang='lat' dir='ltr'><strong>nequam</strong></span> <span class='ocrx_word' id='word_1_602' title='bbox 3353 3912 3412 3973; x_wconf 91' lang='lat' dir='ltr'><strong>in</strong></span> <span class='ocrx_word' id='word_1_603' title='bbox 3454 3913 3657 3973; x_wconf 88' lang='lat' dir='ltr'><strong>orbem</strong></span> 
     </span>
    </p>
   </div>
   <div class='ocr_carea' id='block_1_83' title="bbox 2023 3998 3662 4079">
    <p class='ocr_par' dir='ltr' id='par_1_83' title="bbox 2023 3998 3662 4079">
     <span class='ocr_line' id='line_1_83' title="bbox 2023 3998 3662 4079; baseline -0.003 -15"><span class='ocrx_word' id='word_1_604' title='bbox 2023 4001 2500 4064; x_wconf 86' lang='lat' dir='ltr'><strong>circumstarent.</strong></span> <span class='ocrx_word' id='word_1_605' title='bbox 2535 3998 2815 4079; x_wconf 88' lang='lat' dir='ltr'><strong>Acceptis</strong></span> <span class='ocrx_word' id='word_1_606' title='bbox 2864 4017 3002 4060; x_wconf 90' lang='lat' dir='ltr'><strong>vero</strong></span> <span class='ocrx_word' id='word_1_607' title='bbox 3048 4000 3288 4062; x_wconf 82' lang='lat' dir='ltr'><strong>veneﬁci</strong></span> <span class='ocrx_word' id='word_1_608' title='bbox 3322 4001 3551 4077; x_wconf 91' lang='lat' dir='ltr'><strong>litteris,</strong></span> <span class='ocrx_word' id='word_1_609' title='bbox 3582 4002 3662 4061; x_wconf 88' lang='lat' dir='ltr'><strong>ait</strong></span> 
     </span>
    </p>
   </div>
   <div class='ocr_carea' id='block_1_84' title="bbox 2024 4088 3661 4154">
    <p class='ocr_par' dir='ltr' id='par_1_84' title="bbox 2024 4088 3661 4154">
     <span class='ocr_line' id='line_1_84' title="bbox 2024 4088 3661 4154; baseline -0.002 -3"><span class='ocrx_word' id='word_1_610' title='bbox 2024 4095 2097 4153; x_wconf 91' lang='lat' dir='ltr'><strong>ad</strong></span> <span class='ocrx_word' id='word_1_611' title='bbox 2120 4090 2426 4151; x_wconf 91' lang='lat' dir='ltr'><strong>miserum:</strong></span> <span class='ocrx_word' id='word_1_612' title='bbox 2461 4114 2482 4146; x_wconf 73' lang='grc' dir='ltr'><strong>ι</strong></span> <span class='ocrx_word' id='word_1_613' title='bbox 2509 4088 2715 4152; x_wconf 87' lang='lat' dir='ltr'><strong>Credis</strong></span> <span class='ocrx_word' id='word_1_614' title='bbox 2745 4088 2806 4150; x_wconf 92' lang='lat' dir='ltr'><strong>in</strong></span> <span class='ocrx_word' id='word_1_615' title='bbox 2834 4088 2973 4150; x_wconf 82' lang='lat' dir='ltr'><strong>me?</strong></span> <span class='ocrx_word' id='word_1_616' title='bbox 2999 4114 3021 4144; x_wconf 88' lang='lat'><strong>»</strong></span> <span class='ocrx_word' id='word_1_617' title='bbox 3052 4089 3190 4150; x_wconf 81' lang='lat' dir='ltr'><strong>Ait:</strong></span> <span class='ocrx_word' id='word_1_618' title='bbox 3222 4113 3243 4145; x_wconf 76' lang='grc' dir='ltr'>α</span> <span class='ocrx_word' id='word_1_619' title='bbox 3272 4090 3484 4154; x_wconf 88' lang='lat' dir='ltr'><strong>Credo.</strong></span> <span class='ocrx_word' id='word_1_620' title='bbox 3524 4118 3529 4145; x_wconf 63' lang='grc' dir='ltr'><em>π</em></span> <span class='ocrx_word' id='word_1_621' title='bbox 3565 4093 3661 4151; x_wconf 85' lang='lat' dir='ltr'><strong>Ait</strong></span> 
     </span>
    </p>
   </div>
   <div class='ocr_carea' id='block_1_85' title="bbox 2025 4178 3655 4259">
    <p class='ocr_par' dir='ltr' id='par_1_85' title="bbox 2025 4178 3655 4259">
     <span class='ocr_line' id='line_1_85' title="bbox 2025 4178 3655 4259; baseline -0.001 -19"><span class='ocrx_word' id='word_1_622' title='bbox 2025 4181 2163 4242; x_wconf 87' lang='lat' dir='ltr'><strong>ille:</strong></span> <span class='ocrx_word' id='word_1_623' title='bbox 2207 4206 2230 4235; x_wconf 88' lang='grc'><strong>‹‹</strong></span> <span class='ocrx_word' id='word_1_624' title='bbox 2263 4178 2420 4258; x_wconf 83' lang='lat' dir='ltr'><strong>Nega</strong></span> <span class='ocrx_word' id='word_1_625' title='bbox 2453 4178 2749 4240; x_wconf 88' lang='lat' dir='ltr'><strong>Christum</strong></span> <span class='ocrx_word' id='word_1_626' title='bbox 2777 4185 2962 4238; x_wconf 91' lang='lat' dir='ltr'><strong>tuum.</strong></span> <span class='ocrx_word' id='word_1_627' title='bbox 2995 4202 3018 4235; x_wconf 69' lang='grc' dir='ltr'><strong><em>υ</em></strong></span> <span class='ocrx_word' id='word_1_628' title='bbox 3045 4178 3353 4240; x_wconf 82' lang='lat' dir='ltr'><strong>Dixitille:</strong></span> <span class='ocrx_word' id='word_1_629' title='bbox 3382 4200 3409 4238; x_wconf 66' lang='grc' dir='ltr'>ί</span> <span class='ocrx_word' id='word_1_630' title='bbox 3436 4178 3655 4259; x_wconf 79' lang='lat' dir='ltr'><strong>Nego.»</strong></span> 
     </span>
    </p>
   </div>
   <div class='ocr_carea' id='block_1_86' title="bbox 2029 4267 3665 4351">
    <p class='ocr_par' dir='ltr' id='par_1_86' title="bbox 2029 4267 3665 4351">
     <span class='ocr_line' id='line_1_86' title="bbox 2029 4267 3665 4351; baseline -0.001 -20"><span class='ocrx_word' id='word_1_631' title='bbox 2029 4270 2126 4331; x_wconf 91' lang='lat' dir='ltr'><strong>Ait</strong></span> <span class='ocrx_word' id='word_1_632' title='bbox 2147 4269 2258 4351; x_wconf 89' lang='lat' dir='ltr'><strong>ipsi</strong></span> <span class='ocrx_word' id='word_1_633' title='bbox 2282 4268 2556 4331; x_wconf 91' lang='lat' dir='ltr'><strong>diabolus</strong></span> <span class='ocrx_word' id='word_1_634' title='bbox 2581 4287 2595 4331; x_wconf 89' lang='lat'>:</span> <span class='ocrx_word' id='word_1_635' title='bbox 2625 4294 2651 4324; x_wconf 83' lang='lat'><strong>«</strong></span> <span class='ocrx_word' id='word_1_636' title='bbox 2685 4268 2938 4331; x_wconf 81' lang='lat' dir='ltr'><strong>Scelesti</strong></span> <span class='ocrx_word' id='word_1_637' title='bbox 2969 4270 3113 4330; x_wconf 83' lang='lat' dir='ltr'><strong>estis</strong></span> <span class='ocrx_word' id='word_1_638' title='bbox 3134 4288 3235 4330; x_wconf 91' lang='lat' dir='ltr'><strong>vos</strong></span> <span class='ocrx_word' id='word_1_639' title='bbox 3258 4267 3665 4350; x_wconf 73' lang='lat' dir='ltr'><strong>C.iristiani,et</strong></span> 
     </span>
    </p>
   </div>
   <div class='ocr_carea' id='block_1_87' title="bbox 276 4356 3660 4446">
    <p class='ocr_par' dir='ltr' id='par_1_87' title="bbox 276 4356 3660 4446">
     <span class='ocr_line' id='line_1_87' title="bbox 276 4356 3660 4446; baseline 0.001 -27"><span class='ocrx_word' id='word_1_640' title='bbox 276 4358 538 4438; x_wconf 83' lang='lat' dir='ltr'><strong>randus,</strong></span> <span class='ocrx_word' id='word_1_641' title='bbox 570 4358 855 4440; x_wconf 89' lang='lat' dir='ltr'><strong>omnique</strong></span> <span class='ocrx_word' id='word_1_642' title='bbox 884 4358 1102 4420; x_wconf 87' lang='lat' dir='ltr'><strong>virtute</strong></span> <span class='ocrx_word' id='word_1_643' title='bbox 1150 4356 1620 4420; x_wconf 89' lang='lat' dir='ltr'><strong>cumulatissime</strong></span> <span class='ocrx_word' id='word_1_644' title='bbox 1669 4369 1937 4443; x_wconf 89' lang='lat' dir='ltr'><strong>ornatus,</strong></span> <span class='ocrx_word' id='word_1_645' title='bbox 1960 4396 2006 4446; x_wconf 77' lang='grc' dir='ltr'>ο</span> <span class='ocrx_word' id='word_1_646' title='bbox 2027 4361 2267 4442; x_wconf 91' lang='lat' dir='ltr'><strong>quidem</strong></span> <span class='ocrx_word' id='word_1_647' title='bbox 2300 4360 2533 4440; x_wconf 90' lang='lat' dir='ltr'><strong>quando</strong></span> <span class='ocrx_word' id='word_1_648' title='bbox 2568 4377 2662 4421; x_wconf 89' lang='lat' dir='ltr'><strong>me</strong></span> <span class='ocrx_word' id='word_1_649' title='bbox 2707 4378 2854 4438; x_wconf 92' lang='lat' dir='ltr'><strong>opus</strong></span> <span class='ocrx_word' id='word_1_650' title='bbox 2900 4358 3149 4432; x_wconf 89' lang='lat' dir='ltr'><strong>habetis,</strong></span> <span class='ocrx_word' id='word_1_651' title='bbox 3177 4358 3389 4421; x_wconf 64' lang='lat' dir='ltr'><strong>veni.is</strong></span> <span class='ocrx_word' id='word_1_652' title='bbox 3417 4360 3490 4421; x_wconf 91' lang='lat' dir='ltr'><strong>ad</strong></span> <span class='ocrx_word' id='word_1_653' title='bbox 3517 4378 3610 4421; x_wconf 91' lang='lat' dir='ltr'><strong>me</strong></span> <span class='ocrx_word' id='word_1_654' title='bbox 3648 4380 3660 4423; x_wconf 92' lang='lat'>:</span> 
     </span>
    </p>
   </div>
   <div class='ocr_carea' id='block_1_88' title="bbox 283 4446 1940 4530">
    <p class='ocr_par' dir='ltr' id='par_1_88' title="bbox 283 4446 1940 4530">
     <span class='ocr_line' id='line_1_88' title="bbox 283 4446 1940 4530; baseline 0.003 -20"><span class='ocrx_word' id='word_1_655' title='bbox 283 4449 434 4511; x_wconf 89' lang='lat' dir='ltr'><strong>mihi</strong></span> <span class='ocrx_word' id='word_1_656' title='bbox 463 4448 690 4511; x_wconf 90' lang='lat' dir='ltr'><strong>retulit.</strong></span> <span class='ocrx_word' id='word_1_657' title='bbox 727 4451 978 4512; x_wconf 87' lang='lat' dir='ltr'><strong>Senator</strong></span> <span class='ocrx_word' id='word_1_658' title='bbox 1003 4448 1269 4528; x_wconf 85' lang='lat' dir='ltr'><strong>quidam,</strong></span> <span class='ocrx_word' id='word_1_659' title='bbox 1293 4446 1380 4507; x_wconf 95' lang='lat' dir='ltr'><strong>vir</strong></span> <span class='ocrx_word' id='word_1_660' title='bbox 1393 4447 1612 4530; x_wconf 89' lang='lat' dir='ltr'><strong>ﬁdelis,</strong></span> <span class='ocrx_word' id='word_1_661' title='bbox 1637 4448 1940 4515; x_wconf 89' lang='lat' dir='ltr'><strong>Proterius</strong></span> 
     </span>
    </p>
   </div>
   <div class='ocr_carea' id='block_1_89' title="bbox 284 4538 1934 4613">
    <p class='ocr_par' dir='ltr' id='par_1_89' title="bbox 284 4538 1934 4613">
     <span class='ocr_line' id='line_1_89' title="bbox 284 4538 1934 4613; baseline 0.004 -13"><span class='ocrx_word' id='word_1_662' title='bbox 284 4538 561 4613; x_wconf 85' lang='lat' dir='ltr'><strong>nomine,</strong></span> <span class='ocrx_word' id='word_1_663' title='bbox 587 4556 725 4601; x_wconf 85' lang='lat' dir='ltr'><strong>cum</strong></span> <span class='ocrx_word' id='word_1_664' title='bbox 754 4539 828 4601; x_wconf 84' lang='lat' dir='ltr'><strong>ad</strong></span> <span class='ocrx_word' id='word_1_665' title='bbox 858 4554 1027 4601; x_wconf 83' lang='lat' dir='ltr'><strong>sacra</strong></span> <span class='ocrx_word' id='word_1_666' title='bbox 1047 4545 1106 4599; x_wconf 87' lang='lat' dir='ltr'><strong>et</strong></span> <span class='ocrx_word' id='word_1_667' title='bbox 1126 4538 1464 4601; x_wconf 88' lang='lat' dir='ltr'><strong>veneranda</strong></span> <span class='ocrx_word' id='word_1_668' title='bbox 1492 4538 1618 4601; x_wconf 87' lang='lat' dir='ltr'><strong>loca</strong></span> <span class='ocrx_word' id='word_1_669' title='bbox 1650 4559 1771 4603; x_wconf 91' lang='lat' dir='ltr'><strong>una</strong></span> <span class='ocrx_word' id='word_1_670' title='bbox 1801 4562 1934 4607; x_wconf 89' lang='lat' dir='ltr'><strong>cum</strong></span> 
     </span>
    </p>
   </div>
   <div class='ocr_carea' id='block_1_90' title="bbox 360 4780 1937 4856">
    <p class='ocr_par' dir='ltr' id='par_1_90' title="bbox 360 4780 1937 4856">
     <span class='ocr_line' id='line_1_90' title="bbox 360 4780 1937 4856; baseline 0.002 -14"><span class='ocrx_word' id='word_1_671' title='bbox 360 4786 472 4855; x_wconf 73' lang='grc' dir='ltr'><strong>(ιε)</strong></span> <span class='ocrx_word' id='word_1_672' title='bbox 514 4783 977 4844; x_wconf 83' lang='lat' dir='ltr'><strong>Valentinianum</strong></span> <span class='ocrx_word' id='word_1_673' title='bbox 1020 4781 1311 4856; x_wconf 71' lang='lat' dir='ltr'><strong>iuniorem</strong></span> <span class='ocrx_word' id='word_1_674' title='bbox 1336 4780 1798 4856; x_wconf 81' lang='lat' dir='ltr'><strong>intelligendum</strong></span> <span class='ocrx_word' id='word_1_675' title='bbox 1841 4788 1937 4845; x_wconf 89' lang='lat' dir='ltr'><strong>hic</strong></span> 
     </span>
    </p>
   </div>
   <div class='ocr_carea' id='block_1_91' title="bbox 288 4854 1937 4986">
    <p class='ocr_par' dir='ltr' id='par_1_91' title="bbox 288 4854 1937 4986">
     <span class='ocr_line' id='line_1_91' title="bbox 288 4854 1937 4986; baseline 0.001 -71"><span class='ocrx_word' id='word_1_676' title='bbox 288 4867 487 4986; x_wconf 44' lang='lat' dir='ltr'><strong>nijoiitet</strong></span> <span class='ocrx_word' id='word_1_677' title='bbox 545 4856 955 4923; x_wconf 84' lang='lat' dir='ltr'><strong>Combeﬁsius;</strong></span> <span class='ocrx_word' id='word_1_678' title='bbox 1017 4854 1209 4913; x_wconf 70' lang='lat' dir='ltr'><strong>Senior</strong></span> <span class='ocrx_word' id='word_1_679' title='bbox 1257 4855 1410 4912; x_wconf 90' lang='lat' dir='ltr'><strong>enim</strong></span> <span class='ocrx_word' id='word_1_680' title='bbox 1467 4854 1597 4913; x_wconf 81' lang='lat' dir='ltr'><strong>ante</strong></span> <span class='ocrx_word' id='word_1_681' title='bbox 1650 4854 1937 4917; x_wconf 86' lang='lat' dir='ltr'><strong>Valentem</strong></span> 
     </span>
     <span class='ocr_line' id='line_1_92' title="bbox 290 4943 451 4986; baseline -0.012 0"><span class='ocrx_word' id='word_1_682' title='bbox 290 4943 322 4986; x_wconf 87' lang='grc' dir='ltr'>ο</span> <span class='ocrx_word' id='word_1_683' title='bbox 368 4944 403 4985; x_wconf 88' lang='grc' dir='ltr'><strong>ιι</strong></span> <span class='ocrx_word' id='word_1_684' title='bbox 439 4974 451 4985; x_wconf 95' lang='grc'><strong>.</strong></span> 
     </span>
    </p>
   </div>
   <div class='ocr_carea' id='block_1_92' title="bbox 290 4931 451 4987">
    <p class='ocr_par' dir='ltr' id='par_1_92' title="bbox 290 4931 451 4987">
     <span class='ocr_line' id='line_1_93' title="bbox 290 4931 451 4987; baseline -0.012 0"><span class='ocrx_word' id='word_1_685' title='bbox 290 4931 451 4987; x_wconf 80' lang='lat' dir='ltr'><strong>Obiit.</strong></span> 
     </span>
    </p>
   </div>
   <div class='ocr_carea' id='block_1_93' title="bbox 362 4996 1935 5071">
    <p class='ocr_par' dir='ltr' id='par_1_93' title="bbox 362 4996 1935 5071">
     <span class='ocr_line' id='line_1_94' title="bbox 362 4996 1935 5071; baseline 0.004 -16"><span class='ocrx_word' id='word_1_686' title='bbox 362 5000 469 5071; x_wconf 70' lang='lat' dir='ltr'><strong>(L9)</strong></span> <span class='ocrx_word' id='word_1_687' title='bbox 515 4998 725 5071; x_wconf 78' lang='lat' dir='ltr'><strong>Fundi,</strong></span> <span class='ocrx_word' id='word_1_688' title='bbox 768 5014 798 5056; x_wconf 93' lang='lat' dir='ltr'><strong>a</strong></span> <span class='ocrx_word' id='word_1_689' title='bbox 831 4998 1063 5057; x_wconf 84' lang='lat' dir='ltr'><strong>Valente</strong></span> <span class='ocrx_word' id='word_1_690' title='bbox 1110 4997 1318 5055; x_wconf 88' lang='lat' dir='ltr'><strong>Basilio</strong></span> <span class='ocrx_word' id='word_1_691' title='bbox 1363 4996 1436 5055; x_wconf 89' lang='lat' dir='ltr'><strong>ad</strong></span> <span class='ocrx_word' id='word_1_692' title='bbox 1480 4998 1779 5071; x_wconf 87' lang='lat' dir='ltr'><strong>hospitalis</strong></span> <span class='ocrx_word' id='word_1_693' title='bbox 1809 5018 1935 5061; x_wconf 89' lang='lat' dir='ltr'><strong>sus-</strong></span> 
     </span>
    </p>
   </div>
   <div class='ocr_carea' id='block_1_94' title="bbox 287 5070 1937 5135">
    <p class='ocr_par' dir='ltr' id='par_1_94' title="bbox 287 5070 1937 5135">
     <span class='ocr_line' id='line_1_95' title="bbox 287 5070 1937 5135; baseline 0.002 -7"><span class='ocrx_word' id='word_1_694' title='bbox 287 5074 663 5130; x_wconf 85' lang='lat' dir='ltr'><strong>tentationem</strong></span> <span class='ocrx_word' id='word_1_695' title='bbox 695 5070 831 5135; x_wconf 87' lang='lat' dir='ltr'><strong>dati,</strong></span> <span class='ocrx_word' id='word_1_696' title='bbox 871 5071 1063 5129; x_wconf 87' lang='lat' dir='ltr'><strong>forsan</strong></span> <span class='ocrx_word' id='word_1_697' title='bbox 1112 5072 1478 5128; x_wconf 87' lang='lat' dir='ltr'><strong>occasionem</strong></span> <span class='ocrx_word' id='word_1_698' title='bbox 1528 5070 1645 5127; x_wconf 81' lang='lat' dir='ltr'><strong>haec</strong></span> <span class='ocrx_word' id='word_1_699' title='bbox 1693 5077 1937 5132; x_wconf 89' lang='lat' dir='ltr'><strong>commi-</strong></span> 
     </span>
    </p>
   </div>
   <div class='ocr_carea' id='block_1_95' title="bbox 288 5143 1938 5214">
    <p class='ocr_par' dir='ltr' id='par_1_95' title="bbox 288 5143 1938 5214">
     <span class='ocr_line' id='line_1_96' title="bbox 288 5143 1938 5214; baseline 0.003 -15"><span class='ocrx_word' id='word_1_700' title='bbox 288 5143 551 5201; x_wconf 86' lang='lat' dir='ltr'><strong>niscendi</strong></span> <span class='ocrx_word' id='word_1_701' title='bbox 596 5143 963 5214; x_wconf 71' lang='lat' dir='ltr'><strong>praebuerunt</strong></span> <span class='ocrx_word' id='word_1_702' title='bbox 1012 5160 1023 5197; x_wconf 88' lang='lat'><strong>:</strong></span> <span class='ocrx_word' id='word_1_703' title='bbox 1068 5156 1254 5213; x_wconf 89' lang='lat' dir='ltr'><strong>neque</strong></span> <span class='ocrx_word' id='word_1_704' title='bbox 1305 5146 1458 5214; x_wconf 89' lang='lat' dir='ltr'><strong>enim</strong></span> <span class='ocrx_word' id='word_1_705' title='bbox 1513 5151 1636 5212; x_wconf 88' lang='lat' dir='ltr'><strong>post</strong></span> <span class='ocrx_word' id='word_1_706' title='bbox 1686 5144 1938 5204; x_wconf 90' lang='lat' dir='ltr'><strong>Valentis</strong></span> 
     </span>
    </p>
   </div>
   <div class='ocr_carea' id='block_1_96' title="bbox 288 5213 1937 5277">
    <p class='ocr_par' dir='ltr' id='par_1_96' title="bbox 288 5213 1937 5277">
     <span class='ocr_line' id='line_1_97' title="bbox 288 5213 1937 5277; baseline 0.004 -7"><span class='ocrx_word' id='word_1_707' title='bbox 288 5215 510 5273; x_wconf 90' lang='lat' dir='ltr'><strong>obitum</strong></span> <span class='ocrx_word' id='word_1_708' title='bbox 545 5213 741 5273; x_wconf 88' lang='lat' dir='ltr'><strong>tandiu</strong></span> <span class='ocrx_word' id='word_1_709' title='bbox 773 5216 831 5271; x_wconf 92' lang='lat' dir='ltr'><strong>in</strong></span> <span class='ocrx_word' id='word_1_710' title='bbox 869 5215 1011 5271; x_wconf 87' lang='lat' dir='ltr'><strong>vivis</strong></span> <span class='ocrx_word' id='word_1_711' title='bbox 1042 5214 1286 5271; x_wconf 88' lang='lat' dir='ltr'><strong>Basilius</strong></span> <span class='ocrx_word' id='word_1_712' title='bbox 1344 5213 1467 5277; x_wconf 81' lang='lat' dir='ltr'><strong>fuit,</strong></span> <span class='ocrx_word' id='word_1_713' title='bbox 1531 5224 1591 5271; x_wconf 88' lang='lat' dir='ltr'><strong>ut</strong></span> <span class='ocrx_word' id='word_1_714' title='bbox 1630 5231 1692 5273; x_wconf 89' lang='lat' dir='ltr'><strong>ea</strong></span> <span class='ocrx_word' id='word_1_715' title='bbox 1752 5218 1937 5276; x_wconf 76' lang='lat' dir='ltr'><strong>facere</strong></span> 
     </span>
    </p>
   </div>
   <div class='ocr_carea' id='block_1_97' title="bbox 296 5286 1936 5361">
    <p class='ocr_par' dir='ltr' id='par_1_97' title="bbox 296 5286 1936 5361">
     <span class='ocr_line' id='line_1_98' title="bbox 296 5286 1936 5361; baseline 0.004 -20"><span class='ocrx_word' id='word_1_716' title='bbox 296 5289 592 5361; x_wconf 76' lang='lat' dir='ltr'><strong>moraliter</strong></span> <span class='ocrx_word' id='word_1_717' title='bbox 623 5287 889 5361; x_wconf 85' lang='lat' dir='ltr'><strong>potuerit,</strong></span> <span class='ocrx_word' id='word_1_718' title='bbox 915 5300 1036 5361; x_wconf 66' lang='lat' dir='ltr'><strong>qua:</strong></span> <span class='ocrx_word' id='word_1_719' title='bbox 1066 5286 1268 5343; x_wconf 77' lang='lat' dir='ltr'><strong>fecisse</strong></span> <span class='ocrx_word' id='word_1_720' title='bbox 1287 5286 1494 5342; x_wconf 89' lang='lat' dir='ltr'><strong>dicitur</strong></span> <span class='ocrx_word' id='word_1_721' title='bbox 1524 5296 1649 5356; x_wconf 85' lang='lat' dir='ltr'><strong>post</strong></span> <span class='ocrx_word' id='word_1_722' title='bbox 1677 5300 1936 5361; x_wconf 82' lang='lat' dir='ltr'><strong>acceptas</strong></span> 
     </span>
    </p>
   </div>
   <div class='ocr_carea' id='block_1_98' title="bbox 292 5358 1077 5429">
    <p class='ocr_par' dir='ltr' id='par_1_98' title="bbox 292 5358 1077 5429">
     <span class='ocr_line' id='line_1_99' title="bbox 292 5358 1077 5429; baseline -0.001 -16"><span class='ocrx_word' id='word_1_723' title='bbox 292 5373 320 5413; x_wconf 85' lang='lat' dir='ltr'><strong>a</strong></span> <span class='ocrx_word' id='word_1_724' title='bbox 354 5358 753 5416; x_wconf 81' lang='lat' dir='ltr'><strong>Valentiniano</strong></span> <span class='ocrx_word' id='word_1_725' title='bbox 786 5359 1077 5429; x_wconf 87' lang='lat' dir='ltr'><strong>pecunias.</strong></span> 
     </span>
    </p>
   </div>
   <div class='ocr_carea' id='block_1_99' title="bbox 363 5428 1933 5499">
    <p class='ocr_par' dir='ltr' id='par_1_99' title="bbox 363 5428 1933 5499">
     <span class='ocr_line' id='line_1_100' title="bbox 363 5428 1933 5499; baseline 0.003 -13"><span class='ocrx_word' id='word_1_726' title='bbox 363 5430 474 5499; x_wconf 80' lang='lat'><strong>(50)</strong></span> <span class='ocrx_word' id='word_1_727' title='bbox 513 5430 836 5487; x_wconf 85' lang='lat' dir='ltr'><strong>Helladium</strong></span> <span class='ocrx_word' id='word_1_728' title='bbox 875 5428 1065 5487; x_wconf 90' lang='lat' dir='ltr'><strong>Basilii</strong></span> <span class='ocrx_word' id='word_1_729' title='bbox 1095 5428 1151 5484; x_wconf 89' lang='lat' dir='ltr'><strong>in</strong></span> <span class='ocrx_word' id='word_1_730' title='bbox 1185 5428 1513 5499; x_wconf 89' lang='lat' dir='ltr'><strong>episcopatu</strong></span> <span class='ocrx_word' id='word_1_731' title='bbox 1543 5444 1933 5489; x_wconf 88' lang='lat' dir='ltr'><strong>successorem</strong></span> 
     </span>
    </p>
   </div>
   <div class='ocr_carea' id='block_1_100' title="bbox 291 5499 1934 5570">
    <p class='ocr_par' dir='ltr' id='par_1_100' title="bbox 291 5499 1934 5570">
     <span class='ocr_line' id='line_1_101' title="bbox 291 5499 1934 5570; baseline 0.003 -14"><span class='ocrx_word' id='word_1_732' title='bbox 291 5502 489 5570; x_wconf 85' lang='lat' dir='ltr'><strong>fuisse,</strong></span> <span class='ocrx_word' id='word_1_733' title='bbox 524 5503 793 5560; x_wconf 91' lang='lat' dir='ltr'><strong>omnibus</strong></span> <span class='ocrx_word' id='word_1_734' title='bbox 825 5509 906 5558; x_wconf 88' lang='lat' dir='ltr'><strong>est</strong></span> <span class='ocrx_word' id='word_1_735' title='bbox 938 5500 1317 5558; x_wconf 86' lang='lat' dir='ltr'><strong>indubitatum</strong></span> <span class='ocrx_word' id='word_1_736' title='bbox 1354 5517 1367 5557; x_wconf 88' lang='lat'><strong>:</strong></span> <span class='ocrx_word' id='word_1_737' title='bbox 1410 5499 1585 5557; x_wconf 88' lang='lat' dir='ltr'><strong>Vitam</strong></span> <span class='ocrx_word' id='word_1_738' title='bbox 1618 5501 1934 5561; x_wconf 89' lang='lat' dir='ltr'><strong>decessoris</strong></span> 
     </span>
    </p>
   </div>
   <div class='ocr_carea' id='block_1_101' title="bbox 289 5571 1936 5644">
    <p class='ocr_par' dir='ltr' id='par_1_101' title="bbox 289 5571 1936 5644">
     <span class='ocr_line' id='line_1_102' title="bbox 289 5571 1936 5644; baseline 0.002 -15"><span class='ocrx_word' id='word_1_739' title='bbox 289 5571 363 5629; x_wconf 86' lang='lat' dir='ltr'><strong>ab</strong></span> <span class='ocrx_word' id='word_1_740' title='bbox 402 5574 502 5631; x_wconf 91' lang='lat' dir='ltr'><strong>illo</strong></span> <span class='ocrx_word' id='word_1_741' title='bbox 528 5574 935 5644; x_wconf 87' lang='lat' dir='ltr'><strong>conscriptam,</strong></span> <span class='ocrx_word' id='word_1_742' title='bbox 967 5573 1254 5629; x_wconf 88' lang='lat' dir='ltr'><strong>credimus</strong></span> <span class='ocrx_word' id='word_1_743' title='bbox 1285 5574 1365 5641; x_wconf 88' lang='lat' dir='ltr'><strong>(ut</strong></span> <span class='ocrx_word' id='word_1_744' title='bbox 1399 5585 1500 5642; x_wconf 91' lang='lat' dir='ltr'><strong>par</strong></span> <span class='ocrx_word' id='word_1_745' title='bbox 1532 5575 1636 5640; x_wconf 91' lang='lat' dir='ltr'><strong>est)</strong></span> <span class='ocrx_word' id='word_1_746' title='bbox 1666 5574 1722 5631; x_wconf 92' lang='lat' dir='ltr'><strong>S.</strong></span> <span class='ocrx_word' id='word_1_747' title='bbox 1757 5575 1936 5633; x_wconf 86' lang='lat' dir='ltr'><strong>Joan-</strong></span> 
     </span>
    </p>
   </div>
   <div class='ocr_carea' id='block_1_102' title="bbox 287 5643 1935 5717">
    <p class='ocr_par' dir='ltr' id='par_1_102' title="bbox 287 5643 1935 5717">
     <span class='ocr_line' id='line_1_103' title="bbox 287 5643 1935 5717; baseline 0.001 -14"><span class='ocrx_word' id='word_1_748' title='bbox 287 5645 350 5703; x_wconf 90' lang='lat' dir='ltr'><strong>ni</strong></span> <span class='ocrx_word' id='word_1_749' title='bbox 393 5643 774 5711; x_wconf 32' lang='lat' dir='ltr'><strong>Damasceno,’</strong></span> <span class='ocrx_word' id='word_1_750' title='bbox 795 5646 893 5717; x_wconf 89' lang='lat' dir='ltr'><strong>qui</strong></span> <span class='ocrx_word' id='word_1_751' title='bbox 925 5645 1145 5703; x_wconf 89' lang='lat' dir='ltr'><strong>utinam</strong></span> <span class='ocrx_word' id='word_1_752' title='bbox 1175 5643 1246 5702; x_wconf 90' lang='lat' dir='ltr'><strong>ad</strong></span> <span class='ocrx_word' id='word_1_753' title='bbox 1276 5657 1383 5702; x_wconf 88' lang='lat' dir='ltr'><strong>nos</strong></span> <span class='ocrx_word' id='word_1_754' title='bbox 1413 5651 1633 5703; x_wconf 88' lang='lat' dir='ltr'><strong>tantum</strong></span> <span class='ocrx_word' id='word_1_755' title='bbox 1667 5648 1935 5704; x_wconf 90' lang='lat' dir='ltr'><strong>transmi-</strong></span> 
     </span>
    </p>
   </div>
   <div class='ocr_carea' id='block_1_103' title="bbox 2022 4448 3662 4530">
    <p class='ocr_par' dir='ltr' id='par_1_103' title="bbox 2022 4448 3662 4530">
     <span class='ocr_line' id='line_1_104' title="bbox 2022 4448 3662 4530; baseline -0.002 -15"><span class='ocrx_word' id='word_1_756' title='bbox 2022 4451 2126 4515; x_wconf 87' lang='lat' dir='ltr'><strong>ubi</strong></span> <span class='ocrx_word' id='word_1_757' title='bbox 2159 4458 2352 4512; x_wconf 90' lang='lat' dir='ltr'><strong>autem</strong></span> <span class='ocrx_word' id='word_1_758' title='bbox 2395 4456 2648 4511; x_wconf 89' lang='lat' dir='ltr'><strong>assecuti</strong></span> <span class='ocrx_word' id='word_1_759' title='bbox 2682 4448 2822 4511; x_wconf 90' lang='lat' dir='ltr'><strong>estis</strong></span> <span class='ocrx_word' id='word_1_760' title='bbox 2865 4448 3018 4529; x_wconf 89' lang='lat' dir='ltr'><strong>quod</strong></span> <span class='ocrx_word' id='word_1_761' title='bbox 3044 4458 3135 4511; x_wconf 91' lang='lat' dir='ltr'><strong>est</strong></span> <span class='ocrx_word' id='word_1_762' title='bbox 3158 4450 3216 4509; x_wconf 93' lang='lat' dir='ltr'><strong>in</strong></span> <span class='ocrx_word' id='word_1_763' title='bbox 3241 4451 3409 4530; x_wconf 66' lang='lat' dir='ltr'><strong>votis,</strong></span> <span class='ocrx_word' id='word_1_764' title='bbox 3436 4468 3528 4511; x_wconf 90' lang='lat' dir='ltr'><strong>me</strong></span> <span class='ocrx_word' id='word_1_765' title='bbox 3550 4469 3662 4512; x_wconf 86' lang='lat' dir='ltr'><strong>ne-</strong></span> 
     </span>
    </p>
   </div>
   <div class='ocr_carea' id='block_1_104' title="bbox 2020 4538 3661 4623">
    <p class='ocr_par' dir='ltr' id='par_1_104' title="bbox 2020 4538 3661 4623">
     <span class='ocr_line' id='line_1_105' title="bbox 2020 4538 3661 4623; baseline -0.004 -15"><span class='ocrx_word' id='word_1_766' title='bbox 2020 4548 2205 4623; x_wconf 79' lang='lat' dir='ltr'><strong>gatis,</strong></span> <span class='ocrx_word' id='word_1_767' title='bbox 2234 4549 2291 4602; x_wconf 91' lang='lat' dir='ltr'><strong>et</strong></span> <span class='ocrx_word' id='word_1_768' title='bbox 2312 4539 2591 4602; x_wconf 86' lang='lat' dir='ltr'><strong>acceditis</strong></span> <span class='ocrx_word' id='word_1_769' title='bbox 2625 4538 2697 4601; x_wconf 90' lang='lat' dir='ltr'><strong>ad</strong></span> <span class='ocrx_word' id='word_1_770' title='bbox 2730 4539 3031 4601; x_wconf 88' lang='lat' dir='ltr'><strong>Christum</strong></span> <span class='ocrx_word' id='word_1_771' title='bbox 3074 4547 3369 4613; x_wconf 89' lang='lat' dir='ltr'><strong>vestrum;</strong></span> <span class='ocrx_word' id='word_1_772' title='bbox 3399 4539 3499 4621; x_wconf 89' lang='lat' dir='ltr'><strong>qui</strong></span> <span class='ocrx_word' id='word_1_773' title='bbox 3527 4559 3661 4602; x_wconf 90' lang='lat' dir='ltr'><strong>cum</strong></span> 
     </span>
    </p>
   </div>
   <div class='ocr_carea' id='block_1_105' title="bbox 2021 4783 3667 4856">
    <p class='ocr_par' dir='ltr' id='par_1_105' title="bbox 2021 4783 3667 4856">
     <span class='ocr_line' id='line_1_106' title="bbox 2021 4783 3667 4856; baseline -0.001 -11"><span class='ocrx_word' id='word_1_774' title='bbox 2021 4789 2187 4847; x_wconf 90' lang='lat' dir='ltr'><strong>sisset</strong></span> <span class='ocrx_word' id='word_1_775' title='bbox 2218 4789 2591 4847; x_wconf 82' lang='lat' dir='ltr'><strong>thesaurum!</strong></span> <span class='ocrx_word' id='word_1_776' title='bbox 2626 4800 2759 4844; x_wconf 90' lang='lat' dir='ltr'><strong>eum</strong></span> <span class='ocrx_word' id='word_1_777' title='bbox 2792 4783 2944 4842; x_wconf 90' lang='lat' dir='ltr'><strong>enim</strong></span> <span class='ocrx_word' id='word_1_778' title='bbox 2979 4784 3195 4843; x_wconf 88' lang='lat' dir='ltr'><strong>videtur</strong></span> <span class='ocrx_word' id='word_1_779' title='bbox 3227 4800 3337 4856; x_wconf 81' lang='lat' dir='ltr'><strong>prae</strong></span> <span class='ocrx_word' id='word_1_780' title='bbox 3368 4787 3537 4844; x_wconf 89' lang='lat' dir='ltr'><strong>oculis</strong></span> <span class='ocrx_word' id='word_1_781' title='bbox 3565 4786 3667 4843; x_wconf 87' lang='lat' dir='ltr'><strong>ha—</strong></span> 
     </span>
    </p>
   </div>
   <div class='ocr_carea' id='block_1_106' title="bbox 2021 4857 3668 4929">
    <p class='ocr_par' dir='ltr' id='par_1_106' title="bbox 2021 4857 3668 4929">
     <span class='ocr_line' id='line_1_107' title="bbox 2021 4857 3668 4929; baseline -0.001 -12"><span class='ocrx_word' id='word_1_782' title='bbox 2021 4862 2236 4927; x_wconf 84' lang='lat' dir='ltr'><strong>buisse,</strong></span> <span class='ocrx_word' id='word_1_783' title='bbox 2262 4875 2393 4918; x_wconf 90' lang='lat' dir='ltr'><strong>cum</strong></span> <span class='ocrx_word' id='word_1_784' title='bbox 2426 4862 2615 4916; x_wconf 91' lang='lat' dir='ltr'><strong>locum</strong></span> <span class='ocrx_word' id='word_1_785' title='bbox 2640 4858 2769 4914; x_wconf 86' lang='lat' dir='ltr'><strong>inde</strong></span> <span class='ocrx_word' id='word_1_786' title='bbox 2795 4870 2973 4913; x_wconf 90' lang='lat' dir='ltr'><strong>unum</strong></span> <span class='ocrx_word' id='word_1_787' title='bbox 2996 4857 3298 4929; x_wconf 84' lang='lat' dir='ltr'><strong>descripsit</strong></span> <span class='ocrx_word' id='word_1_788' title='bbox 3324 4860 3381 4914; x_wconf 90' lang='lat' dir='ltr'><strong>in</strong></span> <span class='ocrx_word' id='word_1_789' title='bbox 3406 4860 3668 4915; x_wconf 88' lang='lat' dir='ltr'><strong>oratione</strong></span> 
     </span>
    </p>
   </div>
   <div class='ocr_carea' id='block_1_107' title="bbox 2021 4931 3666 5003">
    <p class='ocr_par' dir='ltr' id='par_1_107' title="bbox 2021 4931 3666 5003">
     <span class='ocr_line' id='line_1_108' title="bbox 2021 4931 3666 5003; baseline 0 -16"><span class='ocrx_word' id='word_1_790' title='bbox 2021 4947 2124 5003; x_wconf 91' lang='lat' dir='ltr'><strong>pro</strong></span> <span class='ocrx_word' id='word_1_791' title='bbox 2142 4934 2319 4990; x_wconf 89' lang='lat' dir='ltr'><strong>sacris</strong></span> <span class='ocrx_word' id='word_1_792' title='bbox 2342 4931 2793 5003; x_wconf 83' lang='lat' dir='ltr'><strong>imaginibus.An</strong></span> <span class='ocrx_word' id='word_1_793' title='bbox 2814 4943 2947 5003; x_wconf 82' lang='lat' dir='ltr'><strong>vero</strong></span> <span class='ocrx_word' id='word_1_794' title='bbox 2969 4943 3063 5003; x_wconf 44' lang='lat' dir='ltr'><strong>ea;</strong></span> <span class='ocrx_word' id='word_1_795' title='bbox 3078 4943 3199 5000; x_wconf 74' lang='lat' dir='ltr'><strong>quae</strong></span> <span class='ocrx_word' id='word_1_796' title='bbox 3223 4931 3313 4985; x_wconf 90' lang='lat' dir='ltr'><strong>hic</strong></span> <span class='ocrx_word' id='word_1_797' title='bbox 3338 4938 3666 5003; x_wconf 74' lang='lat' dir='ltr'><strong>narrantur,</strong></span> 
     </span>
    </p>
   </div>
   <div class='ocr_carea' id='block_1_108' title="bbox 2019 5000 3669 5079">
    <p class='ocr_par' dir='ltr' id='par_1_108' title="bbox 2019 5000 3669 5079">
     <span class='ocr_line' id='line_1_109' title="bbox 2019 5000 3669 5079; baseline -0.003 -18"><span class='ocrx_word' id='word_1_798' title='bbox 2019 5000 2088 5061; x_wconf 81' lang='lat' dir='ltr'><strong>ex</strong></span> <span class='ocrx_word' id='word_1_799' title='bbox 2114 5004 2370 5062; x_wconf 88' lang='lat' dir='ltr'><strong>Helladio</strong></span> <span class='ocrx_word' id='word_1_800' title='bbox 2398 5000 2543 5079; x_wconf 78' lang='lat' dir='ltr'><strong>sint,</strong></span> <span class='ocrx_word' id='word_1_801' title='bbox 2562 5004 2739 5079; x_wconf 69' lang='lat' dir='ltr'><strong>lector</strong></span> <span class='ocrx_word' id='word_1_802' title='bbox 2760 5000 2993 5079; x_wconf 74' lang='lat' dir='ltr'><strong>iudicet.</strong></span> <span class='ocrx_word' id='word_1_803' title='bbox 3028 5000 3221 5079; x_wconf 86' lang='lat' dir='ltr'><strong>P_otuit</strong></span> <span class='ocrx_word' id='word_1_804' title='bbox 3254 5003 3408 5058; x_wconf 90' lang='lat' dir='ltr'><strong>enim</strong></span> <span class='ocrx_word' id='word_1_805' title='bbox 3429 5001 3574 5079; x_wconf 74' lang='lat' dir='ltr'><strong>ﬁeri,</strong></span> <span class='ocrx_word' id='word_1_806' title='bbox 3603 5011 3669 5059; x_wconf 87' lang='lat' dir='ltr'><strong>ut</strong></span> 
     </span>
    </p>
   </div>
   <div class='ocr_carea' id='block_1_109' title="bbox 2022 5072 3672 5148">
    <p class='ocr_par' dir='ltr' id='par_1_109' title="bbox 2022 5072 3672 5148">
     <span class='ocr_line' id='line_1_110' title="bbox 2022 5072 3672 5148; baseline -0.002 -14"><span class='ocrx_word' id='word_1_807' title='bbox 2022 5092 2090 5134; x_wconf 91' lang='lat' dir='ltr'><strong>eo</strong></span> <span class='ocrx_word' id='word_1_808' title='bbox 2121 5092 2237 5148; x_wconf 92' lang='lat' dir='ltr'><strong>quo</strong></span> <span class='ocrx_word' id='word_1_809' title='bbox 2268 5072 2948 5148; x_wconf 78' lang='lat' dir='ltr'><strong>pseudo—Amphilochius</strong></span> <span class='ocrx_word' id='word_1_810' title='bbox 2970 5073 3198 5145; x_wconf 90' lang='lat' dir='ltr'><strong>scripsit</strong></span> <span class='ocrx_word' id='word_1_811' title='bbox 3232 5082 3504 5148; x_wconf 86' lang='lat' dir='ltr'><strong>tempore,</strong></span> <span class='ocrx_word' id='word_1_812' title='bbox 3528 5073 3672 5148; x_wconf 78' lang='lat' dir='ltr'><strong>frag-</strong></span> 
     </span>
    </p>
   </div>
   <div class='ocr_carea' id='block_1_110' title="bbox 2022 5144 3669 5220">
    <p class='ocr_par' dir='ltr' id='par_1_110' title="bbox 2022 5144 3669 5220">
     <span class='ocr_line' id='line_1_111' title="bbox 2022 5144 3669 5220; baseline -0.002 -15"><span class='ocrx_word' id='word_1_813' title='bbox 2022 5144 2211 5205; x_wconf 78' lang='lat' dir='ltr'><strong>menta</strong></span> <span class='ocrx_word' id='word_1_814' title='bbox 2246 5144 2508 5220; x_wconf 74' lang='lat' dir='ltr'><strong>quaedam</strong></span> <span class='ocrx_word' id='word_1_815' title='bbox 2542 5144 2778 5202; x_wconf 87' lang='lat' dir='ltr'><strong>Helladii</strong></span> <span class='ocrx_word' id='word_1_816' title='bbox 2810 5153 3118 5220; x_wconf 35' lang='lat' dir='ltr'><strong>exAstarent,</strong></span> <span class='ocrx_word' id='word_1_817' title='bbox 3152 5160 3279 5216; x_wconf 60' lang='lat' dir='ltr'><strong>quae</strong></span> <span class='ocrx_word' id='word_1_818' title='bbox 3310 5144 3669 5220; x_wconf 83' lang='lat' dir='ltr'><strong>ip_se_retule-</strong></span> 
     </span>
    </p>
   </div>
   <div class='ocr_carea' id='block_1_111' title="bbox 2021 5215 3670 5283">
    <p class='ocr_par' dir='ltr' id='par_1_111' title="bbox 2021 5215 3670 5283">
     <span class='ocr_line' id='line_1_112' title="bbox 2021 5215 3670 5283; baseline -0.002 -7"><span class='ocrx_word' id='word_1_819' title='bbox 2021 5220 2092 5276; x_wconf 91' lang='lat' dir='ltr'><strong>rit</strong></span> <span class='ocrx_word' id='word_1_820' title='bbox 2150 5221 2205 5277; x_wconf 91' lang='lat' dir='ltr'><strong>in</strong></span> <span class='ocrx_word' id='word_1_821' title='bbox 2262 5215 2545 5277; x_wconf 83' lang='lat' dir='ltr'><strong>Basilium</strong></span> <span class='ocrx_word' id='word_1_822' title='bbox 2603 5230 2790 5274; x_wconf 91' lang='lat' dir='ltr'><strong>suum.</strong></span> <span class='ocrx_word' id='word_1_823' title='bbox 2858 5215 3021 5283; x_wconf 89' lang='lat' dir='ltr'><strong>Quod</strong></span> <span class='ocrx_word' id='word_1_824' title='bbox 3063 5215 3257 5274; x_wconf 82' lang='lat' dir='ltr'><strong>attinei</strong></span> <span class='ocrx_word' id='word_1_825' title='bbox 3314 5215 3384 5274; x_wconf 88' lang='lat' dir='ltr'><strong>ad</strong></span> <span class='ocrx_word' id='word_1_826' title='bbox 3434 5217 3670 5275; x_wconf 83' lang='lat' dir='ltr'><strong>Proterii</strong></span> 
     </span>
    </p>
   </div>
   <div class='ocr_carea' id='block_1_112' title="bbox 2019 5286 3667 5358">
    <p class='ocr_par' dir='ltr' id='par_1_112' title="bbox 2019 5286 3667 5358">
     <span class='ocr_line' id='line_1_113' title="bbox 2019 5286 3667 5358; baseline 0 -12"><span class='ocrx_word' id='word_1_827' title='bbox 2019 5290 2209 5357; x_wconf 84' lang='lat' dir='ltr'><strong>ﬁliam,</strong></span> <span class='ocrx_word' id='word_1_828' title='bbox 2251 5308 2279 5348; x_wconf 90' lang='lat' dir='ltr'><strong>a</strong></span> <span class='ocrx_word' id='word_1_829' title='bbox 2318 5292 2567 5347; x_wconf 82' lang='lat' dir='ltr'><strong>daemone</strong></span> <span class='ocrx_word' id='word_1_830' title='bbox 2618 5290 2673 5345; x_wconf 92' lang='lat' dir='ltr'><strong>in</strong></span> <span class='ocrx_word' id='word_1_831' title='bbox 2731 5301 2984 5345; x_wconf 85' lang='lat' dir='ltr'><strong>amorem</strong></span> <span class='ocrx_word' id='word_1_832' title='bbox 3028 5286 3263 5358; x_wconf 80' lang='lat' dir='ltr'><strong>juvenis</strong></span> <span class='ocrx_word' id='word_1_833' title='bbox 3298 5292 3667 5355; x_wconf 88' lang='lat' dir='ltr'><strong>concitatam,</strong></span> 
     </span>
    </p>
   </div>
   <div class='ocr_carea' id='block_1_113' title="bbox 2018 5358 3669 5433">
    <p class='ocr_par' dir='ltr' id='par_1_113' title="bbox 2018 5358 3669 5433">
     <span class='ocr_line' id='line_1_114' title="bbox 2018 5358 3669 5433; baseline -0.002 -14"><span class='ocrx_word' id='word_1_834' title='bbox 2018 5362 2201 5419; x_wconf 89' lang='lat' dir='ltr'><strong>simile</strong></span> <span class='ocrx_word' id='word_1_835' title='bbox 2234 5363 2371 5433; x_wconf 87' lang='lat' dir='ltr'><strong>quid</strong></span> <span class='ocrx_word' id='word_1_836' title='bbox 2411 5363 2714 5433; x_wconf 75' lang='lat' dir='ltr'><strong>contigisse</strong></span> <span class='ocrx_word' id='word_1_837' title='bbox 2751 5362 2831 5433; x_wconf 87' lang='lat' dir='ltr'><strong>_B.</strong></span> <span class='ocrx_word' id='word_1_838' title='bbox 2881 5358 3066 5433; x_wconf 64' lang='lat' dir='ltr'><strong>literis:</strong></span> <span class='ocrx_word' id='word_1_839' title='bbox 3113 5362 3477 5418; x_wconf 70' lang='lat' dir='ltr'><strong>Antiochenm</strong></span> <span class='ocrx_word' id='word_1_840' title='bbox 3526 5361 3669 5417; x_wconf 86' lang='lat' dir='ltr'><strong>refe-</strong></span> 
     </span>
    </p>
   </div>
   <div class='ocr_carea' id='block_1_114' title="bbox 2018 5429 3667 5503">
    <p class='ocr_par' dir='ltr' id='par_1_114' title="bbox 2018 5429 3667 5503">
     <span class='ocr_line' id='line_1_115' title="bbox 2018 5429 3667 5503; baseline -0.002 -13"><span class='ocrx_word' id='word_1_841' title='bbox 2018 5435 2199 5492; x_wconf 89' lang='lat' dir='ltr'><strong>rimus</strong></span> <span class='ocrx_word' id='word_1_842' title='bbox 2231 5429 2382 5491; x_wconf 79' lang='lat' dir='ltr'><strong>tomo</strong></span> <span class='ocrx_word' id='word_1_843' title='bbox 2416 5433 2503 5490; x_wconf 87' lang='lat' dir='ltr'><strong>Vll</strong></span> <span class='ocrx_word' id='word_1_844' title='bbox 2547 5429 2692 5499; x_wconf 70' lang='lat' dir='ltr'><strong>Maii,</strong></span> <span class='ocrx_word' id='word_1_845' title='bbox 2734 5429 2827 5487; x_wconf 90' lang='lat' dir='ltr'><strong>die</strong></span> <span class='ocrx_word' id='word_1_846' title='bbox 2876 5429 2965 5494; x_wconf 70' lang='grc'><strong>29,</strong></span> <span class='ocrx_word' id='word_1_847' title='bbox 3019 5445 3149 5503; x_wconf 84' lang='lat' dir='ltr'><strong>pag.</strong></span> <span class='ocrx_word' id='word_1_848' title='bbox 3181 5433 3269 5489; x_wconf 89' lang='grc'><strong>55.</strong></span> <span class='ocrx_word' id='word_1_849' title='bbox 3305 5433 3437 5488; x_wconf 87' lang='lat' dir='ltr'><strong>Mihi</strong></span> <span class='ocrx_word' id='word_1_850' title='bbox 3483 5441 3667 5489; x_wconf 87' lang='lat' dir='ltr'><strong>tamen</strong></span> 
     </span>
    </p>
   </div>
   <div class='ocr_carea' id='block_1_115' title="bbox 2020 5503 3668 5574">
    <p class='ocr_par' dir='ltr' id='par_1_115' title="bbox 2020 5503 3668 5574">
     <span class='ocr_line' id='line_1_116' title="bbox 2020 5503 3668 5574; baseline -0.002 -13"><span class='ocrx_word' id='word_1_851' title='bbox 2020 5506 2402 5563; x_wconf 82' lang='lat' dir='ltr'><strong>verosimilius</strong></span> <span class='ocrx_word' id='word_1_852' title='bbox 2469 5517 2595 5570; x_wconf 92' lang='lat' dir='ltr'><strong>est,</strong></span> <span class='ocrx_word' id='word_1_853' title='bbox 2675 5503 2940 5560; x_wconf 89' lang='lat' dir='ltr'><strong>eumdem</strong></span> <span class='ocrx_word' id='word_1_854' title='bbox 3025 5505 3124 5574; x_wconf 89' lang='lat' dir='ltr'><strong>qui</strong></span> <span class='ocrx_word' id='word_1_855' title='bbox 3202 5503 3668 5574; x_wconf 82' lang='lat' dir='ltr'><strong>Amphilochium</strong></span> 
     </span>
    </p>
   </div>
   <div class='ocr_carea' id='block_1_116' title="bbox 2019 5516 3665 5646">
    <p class='ocr_par' dir='ltr' id='par_1_116' title="bbox 2019 5516 3665 5646">
     <span class='ocr_line' id='line_1_117' title="bbox 2020 5516 3665 5631; baseline -0.002 -70"><span class='ocrx_word' id='word_1_856' title='bbox 2020 5516 2402 5563; x_wconf 79' lang='lat' dir='ltr'><strong>verosiminus</strong></span> <span class='ocrx_word' id='word_1_857' title='bbox 2469 5517 2595 5570; x_wconf 90' lang='lat' dir='ltr'><strong>est,</strong></span> <span class='ocrx_word' id='word_1_858' title='bbox 2675 5516 2940 5560; x_wconf 81' lang='lat' dir='ltr'><strong>eumdem</strong></span> <span class='ocrx_word' id='word_1_859' title='bbox 3015 5516 3124 5631; x_wconf 59' lang='lat' dir='ltr'><strong>alii</strong></span> <span class='ocrx_word' id='word_1_860' title='bbox 3202 5516 3665 5574; x_wconf 70' lang='lat' dir='ltr'><strong>ampnnoenium</strong></span> 
     </span>
     <span class='ocr_line' id='line_1_118' title="bbox 2019 5574 3665 5646; baseline -0.004 -12"><span class='ocrx_word' id='word_1_861' title='bbox 2019 5579 2297 5637; x_wconf 90' lang='lat' dir='ltr'><strong>mentitus</strong></span> <span class='ocrx_word' id='word_1_862' title='bbox 2355 5587 2438 5636; x_wconf 89' lang='lat' dir='ltr'><strong>est</strong></span> <span class='ocrx_word' id='word_1_863' title='bbox 2493 5576 2724 5634; x_wconf 87' lang='lat' dir='ltr'><strong>mentiri</strong></span> <span class='ocrx_word' id='word_1_864' title='bbox 2784 5574 2954 5633; x_wconf 89' lang='lat' dir='ltr'><strong>etiam</strong></span> <span class='ocrx_word' id='word_1_865' title='bbox 3071 5575 3338 5635; x_wconf 90' lang='lat' dir='ltr'><strong>elladium</strong></span> <span class='ocrx_word' id='word_1_866' title='bbox 3397 5577 3665 5646; x_wconf 85' lang='lat' dir='ltr'><strong>potuisse.</strong></span> 
     </span>
    </p>
   </div>
  </div>
