4096 6210
470 293 685 342 GCCVllI

1914 269 2319 335 l’ROLEGOM
2332 274 2503 334 ENA.

468 414 545 473 sit
573 411 787 486 bonus,
820 427 927 470 vos
956 407 1226 487 suscipit.
1254 408 1568 470 Enimvero
1600 408 1687 467 fac
1725 407 1944 495 scripto
1974 413 2097 465 tum
2122 409 2155 458 A
2183 406 2593 495 confusionem
2644 424 2832 468 meam
2857 408 2887 467 ?
2921 404 3045 469 Heu
3081 426 3175 470 me
3208 408 3536 473 infelicem!
3564 414 3621 474 in
3653 414 3815 493 quod

468 501 691 564 Christi
725 502 809 563 tui
830 509 885 562 et
907 498 1273 578 baptismatis
1305 508 1690 578 spontaneam
1712 494 2101 557 abrenuntia-

468 591 713 671 tionem,
750 602 868 651 tum
906 590 1154 649 liberam
1188 588 1245 647 in
1280 608 1373 649 me
1406 589 1466 648 in
1494 588 1708 651 saecula
1740 586 2101 655 cautionem,

466 682 740 761 quodque
769 697 1001 740 mecum
1032 678 1114 738 sis
1146 679 1377 739 futurus
1398 678 1457 737 in
1490 678 1585 737 die
1611 676 1844 756 judicii,
1868 692 2100 735 mecum

466 778 667 851 parata
681 769 825 830 mihi
846 778 1062 829 aeterna
1081 774 1474 846 percepturus
1487 767 2103 846 supplicia,moxoque

464 859 682 938 impleo
713 866 845 919 vota
875 868 993 917 tua.
1030 881 1055 910 ιο
1097 862 1171 919 At
1198 855 1301 917 ille
1339 875 1513 917 manu
1542 856 1777 936 propria
1816 858 2098 933 scriptum

463 948 667 1023 edidit,
696 946 866 1027 quale
897 947 1087 1007 fuerat
1117 956 1373 1024 rogatus.

544 1041 683 1098 Post
720 1038 845 1097 haec
876 1053 1013 1097 vero
1037 1037 1366 1097 animarum
1392 1033 1626 1094 vitiator
1645 1034 1821 1094 draco
1846 1032 2103 1093 destinat

461 1129 766 1189 dasmones
792 1125 1170 1188 fornicationi
1201 1125 1739 1206 praepositos,iiquc
1763 1123 2013 1204 puellam
2042 1124 2101 1184 in

460 1218 568 1278 viri
588 1235 853 1279 amorem
870 1215 1327 1277 incendunt.llla
1342 1223 1539 1275 autem
1561 1214 1817 1293 seipsam
1835 1215 1893 1273 in
1910 1213 2099 1274 solum

456 1308 710 1387 jactans,
748 1306 929 1386 coepit
950 1305 1207 1367 clamare
1222 1305 1294 1365 ad
1332 1312 1552 1383 patrem
1585 1325 1598 1363 :
1628 1329 1653 1358 ι(
1679 1305 1959 1365 Miserere
1985 1302 2103 1363 mei

461 1396 743 1476 infelicis,
777 1414 954 1475 quam
989 1395 1170 1473 hujus
1202 1394 1369 1473 pueri
1391 1393 1754 1454 desiderium
1788 1394 1974 1453 dirius
2006 1411 2100 1452 ex-

465 1485 1074 1564 cruciat.Compatere
1109 1482 1436 1545 visceribus
1456 1484 1609 1558 tuis;
1644 1481 1892 1545 ostende
1915 1482 1977 1542 in
2004 1500 2099 1543 me

461 1575 824 1655 unigenitam
886 1583 1065 1645 tuam,
1101 1574 1374 1634 alfectum
1424 1581 1781 1652 paternum;
1836 1572 2099 1650 mihique

459 1666 731 1746 conjugio
763 1664 972 1744 copula
995 1664 1642 1742 adolescentem,quem
1667 1662 1842 1741 elegi;
1865 1663 2020 1741 quod
2047 1663 2100 1721 si

2187 494 2539 572 perditionis
2568 495 2907 558 barathrum
2944 497 3229 559 descendi
3251 508 3277 561 γ
3304 509 3364 560 ut
3389 502 3526 581 quid
3556 521 3686 563 sum
3721 523 3838 565 na-

2185 590 2241 644 ta
2262 589 2288 645 ?
2318 592 2539 646 autcur
2567 594 2721 665 nata,
2752 606 2866 647 non
2904 592 3099 649 statim
3133 588 3379 667 abrepta
3412 610 3541 651 sum
3566 592 3595 651 ?
3628 613 3655 651 ι
3685 594 3839 655 Cum

2188 691 2326 748 ergo
2359 676 2444 735 vir
2472 676 2624 753 ejus,
2661 694 2864 736 errore
2914 676 3220 756 deceptus,
3251 678 3337 740 sic
3368 680 3696 758 ejulantem
3726 702 3847 743 no—

2189 766 2385 837 visset,
2414 770 2576 826 venit
2618 766 2686 825 ad
2723 785 2875 839 eam,
2907 784 3255 828 asseverans
3286 788 3405 830 non
3432 770 3507 831 ita
3539 789 3695 833 esse.
3736 771 3849 834 Illa

2188 872 2304 914 non
2331 854 2478 916 nihil
2512 856 2807 933 refrigerii
2842 876 2911 916 ex
2963 858 3155 918 verbis
3206 858 3337 937 ejus
3388 859 3706 923 delusoriis
3733 881 3843 924 ca-

2189 942 2469 1022 piens,ait
2495 947 2567 1005 ad
2594 945 2801 1007 illum:
2837 972 2859 1001 ι
2903 947 2963 1007 Si
2998 965 3092 1007 me
3130 956 3185 1007 et
3219 950 3619 1012 miserabilem
3640 971 3844 1013 meam

2186 1032 2444 1093 animam
2488 1036 2571 1097 vis
2631 1035 2949 1097 certiorem
3008 1037 3287 1116 reddere,
3322 1058 3473 1114 cras,
3529 1041 3841 1103 ainbobus

2189 1122 2312 1201 pari
2337 1142 2631 1186 consensu
2667 1126 2723 1185 in
2751 1126 3066 1186 ecclesiam
3087 1127 3388 1205 profectis,
3426 1138 3719 1205 praesente
3742 1149 3849 1193 me

2184 1212 2535 1275 intemerata
2564 1223 2932 1277 sacramenta
2964 1234 3183 1285 sumas,
3222 1216 3427 1297 sicque
3486 1220 3706 1298 poteris
3743 1221 3841 1281 fa-

2185 1319 2321 1362 cere
2350 1313 2570 1365 certam
2607 1304 2781 1364 fidem
2816 1312 2874 1365 et
2902 1304 3261 1366 satisfacere.
3292 1330 3314 1362 υ
3354 1305 3521 1367 Tunc
3553 1308 3655 1369 ille
3682 1328 3837 1369 coa-

2185 1404 2313 1455 ctus
2344 1394 2494 1455 dixit
2524 1396 2682 1473 quod
2715 1397 2802 1457 rei
2838 1406 3011 1476 caput
3042 1405 3185 1457 erat.

2267 1485 2540 1547 Protinus
2568 1504 2730 1565 ergo,
2760 1485 3031 1547 muliebri
3059 1487 3399 1550 infirmitate
3421 1488 3691 1568 deposita
3716 1491 3844 1553 bo-

2184 1592 2378 1653 noque
2404 1576 2652 1636 consilio
2701 1576 2869 1653 inito,
2904 1575 3086 1636 currit
3143 1576 3243 1636 illa
3294 1578 3364 1638 ad
3423 1590 3723 1658 pastorem
3783 1591 3848 1642 et

2185 1662 2543 1743 discipulum
2562 1664 2781 1725 Christi
2807 1664 3383 1744 Basilium,clamore
3406 1668 3689 1729 adversus
3714 1672 3843 1729 im-

461 1756 613 1817 nolis
633 1762 932 1836 praestare,
962 1752 1188 1814 videbis
1210 1752 1376 1814 brevi
1399 1752 1773 1815 amarissima
1801 1752 2093 1812 sublatam
2120 1775 2157 1823 Β
2183 1752 2459 1830 pietatem
2494 1753 2760 1815 sublato:
2799 1776 2821 1809 «
2861 1753 3143 1814 Miserere
3178 1756 3292 1815 mei
3326 1759 3592 1829 misera),
3629 1768 3847 1821 sancte

463 1854 671 1923 morte,
706 1848 948 1924 Deoque
975 1842 1267 1903 rationem
1295 1860 1399 1921 pro
1425 1860 1520 1902 me
1542 1842 1796 1902 dabisin
1829 1841 2095 1918 diejudi-
2182 1840 2328 1914 Dei;
2368 1846 2655 1903 miserere
2707 1842 2846 1916 mei,
2884 1840 3096 1903 Christi
3149 1843 3464 1922 discipule,
3501 1864 3632 1924 quae
3678 1866 3827 1908 cum

461 1936 561 1997 cii.
597 1958 625 1995 »
664 1934 837 1995 Pater
872 1942 1067 1993 autem
1104 1950 1234 1992 cum
1271 1930 1542 2010 lacrymis
1586 1930 1859 1991 dicebat:
1909 1954 1929 1984 ‹‹
1968 1930 2098 1991 Heu
2180 1928 2554 1991 daznionihus
2584 1941 2949 1992 contractum
3002 1930 3154 1993 feci:
3194 1933 3491 1993 miserere
3526 1942 3665 2013 mei,
3699 1956 3843 2016 quae

459 2026 604 2086 mihi
632 2022 949 2104 peccatori!
977 2020 1127 2093 Quid
1154 2022 1265 2083 hoc
1284 2024 1517 2081 misera;
1534 2021 2098 2095 meleiliaaaccidit‘!
2181 2022 2330 2100 patri
2362 2040 2492 2082 meo
2522 2020 2875 2082 inobediens
2898 2020 2999 2081 fui.
3044 2045 3064 2076 ι
3094 2023 3343 2082 Sanctus
3365 2040 3503 2083 vero
3527 2026 3595 2085 ad
3616 2025 3785 2085 illam
3821 2044 3835 2089 :

459 2114 592 2195 quis
622 2130 821 2174 meum
848 2112 1191 2172 thesaurum
1224 2109 1594 2189 depraedatus
1628 2117 1715 2169 est
1735 2116 1761 2168 ‘t
1793 2109 1927 2190 quis
1960 2111 2094 2171 filiae
2186 2130 2218 2167 ‹
2253 2111 2406 2182 Quid
2444 2110 2549 2170 tibi
2599 2110 2835 2189 accidit,
2871 2110 3136 2172 mulier?
3170 2136 3195 2165 ι)
3230 2118 3304 2173 At
3348 2111 3446 2173 illa
3478 2113 3649 2174 docet
3680 2116 3839 2195 quid

457 2222 606 2265 meae
636 2202 916 2282 injuriam
950 2200 1194 2261 intulit?
1229 2200 1361 2279 quis
1392 2199 1568 2261 dulce
1595 2199 1899 2260 oculorum
1936 2219 2096 2261 meo.
2178 2217 2275 2260 res
2308 2199 2541 2263 habeat.
2598 2199 2780 2261 Porro
2842 2199 2944 2259 Dei
2992 2207 3249 2279 sanctus,
3283 2206 3572 2264 accersito
3609 2220 3832 2281 puero,

457 2314 587 2357 rum
636 2296 837 2356 lumen
884 2292 1210 2355 exstinxit?
1257 2291 1572 2372 Equidem,
1606 2294 1704 2371 qui
1753 2301 1810 2351 te
1860 2294 2094 2354 Christo
2178 2289 2489 2367 quaerebat
2509 2289 2698 2367 abillo
2724 2307 2864 2349 num
2898 2288 2977 2349 ita
3002 2296 3179 2349 esset.
3212 2292 3543 2369 Respondit
3562 2290 3664 2353 ille
3685 2312 3832 2355 cum

458 2400 677 2463 sponso
698 2384 919 2446 caelesti
952 2382 1314 2461 desponsare
1346 2381 2096 2457 statuissem,angelorum-
2179 2379 2461 2459 lacrymis
2489 2398 2501 2440 :
2535 2404 2561 2435 α
2600 2378 2823 2452 Etiam,
2858 2386 3063 2439 sancte
3094 2378 3200 2441 Dei
3233 2400 3244 2440 :
3282 2397 3416 2441 nam
3451 2382 3561 2441 etsi
3592 2401 3700 2461 ego
3733 2392 3834 2444 ta-

454 2493 567 2554 que
590 2472 1075 2535 contubernalem
1100 2470 1317 2545 facere,
1343 2471 1487 2532 acin
1518 2489 1588 2531 eo
1613 2471 1938 2551 posuissem
1964 2481 2092 2533 stu-
2177 2487 2570 2549 cuero,opera
2591 2488 2719 2530 mea
2758 2469 3101 2529 clamabunt
3128 2487 3142 2542 ;
3177 2493 3197 2525 υ
3228 2479 3580 2550 enarratque
3612 2481 3670 2533 et
3698 2474 3835 2552 ipse

457 2563 618 2625 dium
650 2572 713 2625 ut
747 2562 806 2623 in
840 2560 1079 2641 psalmis
1106 2568 1163 2620 et
1186 2560 1374 2640 hymis
1405 2568 1463 2622 et
1493 2560 1739 2621 canticis
1761 2560 2091 2641 spirituali-
2177 2557 2249 2619 ab
2286 2559 2453 2620 initio
2486 2561 2555 2620 ad
2603 2560 2773 2620 ﬁnem
2814 2576 3005 2633 usque
3039 2569 3369 2636 provectam
3405 2561 3625 2621 diaboli
3660 2561 3824 2623 lrau-

456 2652 564 2714 bus
587 2662 858 2715 cantares
882 2650 1140 2729 Deo,per
1173 2657 1226 2711 te
1244 2658 1699 2712 consecuturum
1730 2669 1820 2711 me
1842 2651 2091 2713 salutem
2178 2648 2337 2710 dem.
2361 2648 2509 2709 Tum
2538 2650 2618 2710 ait
2641 2649 2695 2709 ei
2727 2656 2967 2709 sanctus
2994 2668 3007 2707 :
3047 2672 3073 2702 α
3108 2651 3209 2711 Vis
3232 2650 3303 2709 ad
3328 2650 3513 2710 Deum
3544 2660 3821 2713 nostrum

456 2743 768 2820 Sperabam
799 2762 813 2822 ;
841 2750 900 2801 tu
925 2748 1125 2801 autem
1154 2740 1213 2801 in
1239 2740 1490 2801 lascivia:
1515 2748 1761 2801 (nstrum
1796 2740 2090 2803 insanisti.
2177 2739 2441 2799 converti
2467 2739 2497 2784 9
2522 2764 2543 2795 ο
2582 2737 2694 2809 Qui
2750 2738 2868 2800 ait:
2905 2759 2930 2796 at
2980 2736 3165 2798 Etiam
3199 2738 3352 2811 volo,
3391 2739 3495 2800 sed
3528 2759 3645 2801 non
3679 2757 3829 2820 pos-

454 2830 598 2893 Sine
621 2841 705 2905 ut,
743 2831 898 2897 sicut
930 2829 1079 2903 volo,
1108 2829 1251 2890 inito
1280 2832 1601 2908 pacto,Deo
1634 2829 2091 2909 conciliem,nec
2174 2846 2331 2887 sum.
2370 2850 2398 2887 »
2436 2828 2594 2890 Dicit
2630 2828 2683 2887 ei
2712 2836 2987 2888 sanctus:
3031 2848 3058 2885 «
3092 2826 3244 2899 Quid
3279 2828 3407 2889 ita?
3436 2854 3456 2885 ι)
3493 2830 3834 2907 Respondit

456 2940 651 2983 meam
674 2922 748 2982 ad
769 2921 992 2981 inferos
1011 2938 1144 2980 cum
1174 2918 1678 2980 tristitiadeducas
1695 2925 2086 3000 senectutem,
2176 2918 2527 2979 adolescens
2549 2918 2780 2979 dicens:
2818 2940 2840 2973 α
2870 2916 3102 2996 Scripto
3126 2918 3538 2979 abrenuntiavi
3561 2920 3826 2995 Christo,

452 3032 517 3074 ac
542 3029 737 3092 neque
756 3019 1067 3091 parentum
1094 3017 1322 3069 tuorum
1348 3008 1713 3069 nobilitatem
1742 3008 2091 3070 confusione
2112 3069 2149 3092 η
2176 3016 2234 3069 et
2265 3009 2456 3069 foedus
2489 3008 2682 3089 pepigi
2720 3026 2853 3069 cum
2886 3005 3145 3068 diabolo.
3189 3032 3211 3065 υ
3250 3009 3401 3069 Dicit
3450 3010 3506 3070 ei
3540 3020 3786 3071 sanctus
3814 3032 3827 3074 :

801 3069 883 3159 VAt
907 3099 1007 3160 illa
1033 3098 1477 3176 ﬂoccipendens
1510 3097 1691 3177 patris
1724 3098 1920 3171 verba,
1950 3069 2151 3179 per-c
2184 3120 2205 3153 αι
2235 3096 2319 3159 Ne
2346 3098 2449 3159 tibi
2475 3069 2773 3159 sublimi:
2812 3097 2999 3157 bonus
3027 3104 3115 3157 est
3148 3098 3305 3159 Deus
3337 3104 3394 3157 et
3414 3069 3828 3179 paenitentiam

451 3189 765 3253 severabat
792 3190 1055 3249 clamans
1093 3206 1106 3249 ε
1145 3210 1166 3241 ‹‹
1210 3187 1407 3260 Pater,
1444 3196 1543 3247 aut
1598 3186 1686 3248 fac
1725 3188 2087 3249 desiderium
2175 3196 2448 3266 agentem
2484 3194 2870 3266 suscepturus
2902 3194 3026 3245 est:
3066 3185 3185 3263 agit
3217 3187 3376 3245 enim
3410 3187 3825 3267 paenitentiam

453 3287 784 3350 meum,aut
810 3287 936 3357 post
964 3276 1244 3357 pusillum
1270 3275 1493 3336 videbis
1518 3284 1833 3338 mortuam.
1870 3300 1890 3333 ι)
1918 3276 2093 3340 Pater
2176 3295 2357 3357 super
2384 3276 2628 3339 malitiis
2664 3276 2908 3336 nostris.
2950 3300 2975 3329 n
3017 3277 3197 3335 Porro
3233 3275 3423 3354 puella
3472 3278 3544 3337 ad
3596 3278 3728 3356 ejus
3759 3298 3832 3340 se

451 3369 647 3447 itaque
671 3367 730 3427 in
754 3384 965 3444 magna
986 3365 1171 3425 animi
1202 3365 1469 3441 angustia
1497 3366 2087 3446 constitutus,abun-
2176 3369 2362 3447 pedes
2395 3365 2744 3447 projiciens,
2780 3363 3134 3426 obsecrabat
3164 3363 3357 3425 verbis
3407 3367 3765 3445 evangelicis
3799 3391 3814 3431 :

450 3458 821 3537 dantiorique
846 3455 1081 3517 tristitia
1112 3453 1443 3533 absorptus,
1472 3455 1916 3536 amicorumque
1938 3476 2085 3519 con-
2180 3482 2205 3513 (ι
2235 3456 2545 3519 Dominiet
2582 3454 2688 3517 Dei
2713 3454 2899 3516 nostri
2924 3454 3238 3532 discipule,
3258 3454 3467 3534 siquid
3493 3466 3681 3533 potes,
3706 3458 3825 3517 ad-

450 3547 601 3608 siliis
630 3546 1015 3626 acquiescens
1041 3566 1055 3625 ;
1084 3543 1459 3606 monentibus
1481 3544 1600 3605 illis
1628 3563 1696 3605 ac
1720 3545 2083 3624 dicentibus,
2166 3549 2309 3627 juva
2334 3566 2460 3607 nos.
2497 3570 2519 3603 ι)
2558 3544 2715 3608 Dicit
2736 3553 2976 3609 sanctus
2997 3543 3069 3605 ad
3098 3562 3343 3622 puerum
3373 3563 3386 3604 :
3430 3568 3455 3598 α
3482 3545 3688 3607 Credis
3708 3548 3833 3607 sal-

452 3646 733 3718 pracstare
748 3636 861 3698 voti
880 3644 1217 3715 compotem
1241 3636 1575 3715 ﬁeri,quam
1602 3642 1663 3696 ut
1686 3635 1797 3695 sibi
1823 3637 1951 3715 ipsa
1971 3639 2085 3699 vim
2170 3656 2275 3698 vus
2301 3638 2457 3698 fieri?
2484 3658 2512 3695 »
2542 3635 2641 3697 Ait
2664 3634 2820 3696 illeza
2852 3633 3597 3713 Cred0,l)om¢'ne;adjuvu
3620 3637 3831 3697 incre-

450 3726 717 3803 inferrel;
734 3727 1035 3787 consensit
1056 3726 1368 3805 indulgere
1391 3726 1577 3804 magis
1600 3726 1899 3787 desiderio
1924 3726 2079 3805 filiai,
2172 3727 2489 3790 dule‘tatem
2521 3743 2715 3787 meam
2734 3726 2874 3802 (a).»
2894 3722 3286 3783 Etcoufestini
3306 3724 3679 3804 apprehensa
3698 3728 3837 3805 ejus

449 3834 623 3896 quam
654 3824 719 3877 ut
762 3834 826 3876 se
858 3816 1028 3877 mala)
1075 3815 1453 3895 exitiosaeque
1482 3816 1611 3876 neci
1647 3815 1923 3879 traderet.
1958 3817 2084 3877 Ad-
2174 3835 2376 3888 manu,
2409 3824 2465 3875 et
2493 3817 2645 3877 facto
2674 3831 2856 3893 super
2879 3812 3047 3876 illum
3082 3812 3302 3875 Christi
3326 3812 3831 3895 signaculo,fusa-

450 3906 627 3967 ducto
649 3905 851 3986 itaque
875 3905 1123 3983 (piazsito
1145 3905 1797 3986 adolescente,liliaque
1820 3925 1886 3968 ac
1904 3906 2091 3967 facul-

446 3994 668 4055 tatibus
699 3994 981 4057 omnibus
1039 4012 1175 4056 eum
1229 3995 1587 4075 impertitus,
1621 3995 1803 4056 dixit:
1862 4014 1888 4053 α
1924 3996 2095 4058 Salva

446 4084 551 4164 sis,
588 4083 729 4165 filia,
763 4102 897 4146 vere
941 4084 1202 4159 misera;
1237 4084 1485 4145 multum
1549 4084 1925 4163 postmodum
1961 4105 2091 4165 pae-

446 4174 646 4235 nitens
694 4171 1139 4255 lacrymaberis,
1173 4192 1306 4235 cum
1346 4174 1492 4235 nihil
1528 4173 1869 4253 pmnitendo
1904 4176 2087 4253 profi-

451 4281 596 4325 0188.
633 4284 661 4323 ι

524 4357 710 4415 Porro
768 4353 1021 4415 nefando
1054 4354 1328 4432 conjugio
1361 4351 1692 4428 celebrato,
1722 4353 2092 4434 impletaque

2174 3925 2289 3986 que
2351 3906 2645 3976 oratione,
2681 3901 2928 3964 reclusit
2977 3902 3233 3978 quodam
3292 3904 3443 3977 loco,
3472 3904 3626 3965 intra
3654 3923 3837 3969 sacra

2173 4004 2341 4076 septa
2369 4016 2381 4056 :
2413 3996 2667 4075 dataque
2690 3993 2922 4072 regula,
2943 4011 3075 4053 cum
3109 4002 3227 4053 tres
3255 3990 3387 4053 dies
3420 4012 3535 4054 una
3555 3994 3830 4056 laboras-

2174 4094 2265 4147 set
2293 4097 2348 4148 et
2374 4104 2439 4147 se
2462 4085 2794 4154 atllixisset,
2822 4100 2956 4143 eum
2990 4081 3208 4158 invisit,
3236 4082 3435 4163 aitque
3459 4083 3542 4143 illi
3570 4104 3585 4143 :
3615 4109 3641 4139 α
3667 4084 3837 4155 Quo—

2177 4176 2351 4238 modo
2385 4174 2591 4255 habes,
2627 4174 2710 4235 fili
2743 4174 2767 4233 Υ
2796 4194 2824 4231 ›
2860 4174 2934 4233 At
2964 4171 3065 4233 ille
3094 4172 3172 4232 ait
3201 4193 3213 4233 :
3257 4197 3281 4227 α
3320 4172 3383 4232 In
3417 4191 3629 4250 magna
3657 4191 3829 4251 sum,

2177 4266 2421 4327 domine
2454 4275 2510 4325 et
2544 4282 2715 4326 serve
2751 4262 2881 4341 Dei,
2920 4260 3310 4323 necessitate:
3346 4281 3463 4323 non
3506 4263 3664 4323 enim
3698 4264 3835 4324 fero

2177 4357 2467 4418 clamores
2496 4359 2823 4433 eorum,€et
2854 4360 3114 4412 terrores
3152 4352 3489 4431 jaculaque,
3521 4359 3579 4411 et
3608 4351 3836 4415 missos

446 4442 742 4506 diabolica
776 4442 991 4517 fabula,
1021 4461 1130 4503 nec
1169 4442 1351 4504 multo
1386 4444 1546 4523 lapso
1574 4443 2087 4523 tempore,obser-
2112 4451 2157 4504 D
2176 4444 2425 4528 lapides:
2455 4450 2730 4505 tenentes
2752 4442 2911 4504 enim
2938 4458 3115 4501 manu
3142 4440 3380 4521 propria
3403 4442 3618 4502 editam
3638 4442 3833 4502 sche-

450 4532 718 4594 vantibus
740 4532 1089 4613 quibusdam
1116 4532 1557 4613 deprehensum
1585 4534 1862 4614 est,quod
1883 4533 2087 4598 adole-

445 4639 620 4684 scena
649 4640 767 4684 non
799 4622 1216 4701 ingrederetur
1248 4622 1587 4695 ecclesiam,
1615 4642 1805 4704 neque
1829 4624 2083 4686 immor-

447 4712 582 4774 talia
607 4713 953 4791 viviﬁcaque
985 4722 1354 4774 sacramenta
1372 4713 1710 4791 attingeret:
1737 4714 2087 4795 dictumque

450 4802 909 4865 estmiseranda:
930 4804 1099 4864 uxori
1132 4802 1261 4882 ejus
1293 4824 1305 4865 :
1341 4825 1362 4858 «
1400 4800 1648 4863 Noveris
1669 4804 1809 4879 quia
1838 4806 2087 4866 maritus

446 4900 609 4966 tuus,
645 4910 820 4972 quem
856 4892 1107 4971 elegisti,
1144 4912 1260 4953 non
1311 4900 1399 4954 est
1430 4890 1819 4975 Christianus,
1846 4895 1948 4955 sed
1977 4913 2083 4957 ex-

449 4987 689 5041 traneas
709 5000 741 5041 a
764 4981 883 5042 fide
904 4990 961 5043 et
985 4982 1222 5061 penitus
1244 4982 1495 5043 alienus.
1522 5007 1544 5041 υ
1576 4982 1682 5045 Illa
1714 4983 1891 5062 igitur
1913 4992 2083 5046 tene-

448 5068 573 5130 bris
603 5079 660 5130 et
688 5069 893 5131 dolore
924 5072 1121 5153 plena,
1147 5072 1388 5152 jactavit
1441 5090 1504 5133 se
1546 5074 1603 5133 in
1642 5074 2038 5153 pavimentum
2069 5094 2083 5150 ;

447 5160 743 5239 ctepitque
776 5160 1031 5240 seipsam
1064 5160 1357 5241 unguibus
1377 5161 1691 5236 laniare,et
1716 5163 1963 5224 tundere
1985 5182 2085 5244 pe-

448 5256 597 5323 ctus,
632 5257 807 5329 atque
859 5250 1154 5314 clamare:
1196 5275 1218 5307 η
1278 5255 1467 5317 Nemo
1527 5270 1808 5332 unquam,
1844 5253 1944 5332 qui
1977 5272 2081 5334 pa-

446 5336 718 5400 rentibus
772 5339 1127 5402 inobediens
1174 5340 1303 5416 fuit,
1340 5344 1530 5403 salvus
1562 5342 1749 5404 factus
1781 5351 1893 5405 est.
1930 5344 2081 5416 Quid

449 5426 862 5508 exspectabam
895 5428 1111 5491 misera
1134 5436 1160 5492 ‘t
1186 5428 1328 5501 Quis
1360 5430 1509 5511 patri
1532 5450 1663 5493 meo
1714 5432 2083 5495 annuntiabit

530 5597 613 5678 (ut
651 5600 836 5659 Marc.
871 5615 946 5677 ιχ,
982 5598 1081 5664 ‘23.

2170 4536 2331 4611 dam,
2374 4553 2611 4596 mecum
2666 4539 2956 4613 pugnant,
2993 4532 3306 4592 dicentes:
3341 4530 3431 4592 Tu
3483 4530 3693 4592 venisti
3748 4534 3831 4593 ad

2170 4645 2280 4688 nos
2311 4644 2463 4702 ;non
2490 4642 2597 4686 nos
2618 4623 2691 4683 ad
2712 4635 2791 4682 te.
2830 4646 2855 4676 ιδ
2886 4620 2984 4681 Ait
3007 4621 3090 4681 illi
3114 4629 3374 4683 sanctus:
3408 4646 3434 4676 (ί
3465 4626 3554 4682 l\'e
3585 4624 3829 4703 timeas,

2172 4718 2277 4779 ﬁli:
2314 4723 2537 4777 tantum
2564 4713 2765 4789 crede;
2804 4718 2859 4772 et
2886 4711 3018 4771 data
3042 4712 3097 4771 ei
3125 4729 3260 4772 esca
3285 4711 3831 4792 modica,factoque

2172 4825 2407 4868 rursum
2442 4822 2620 4883 super
2650 4822 2785 4863 eum
2824 4800 3039 4863 Christi
3068 4798 3372 4880 signaculo
3421 4810 3481 4861 et
3523 4802 3829 4881 oratione,

2173 4897 2411 4958 inclusit
2443 4895 2661 4955 denuo.
2699 4917 2718 4947 ι
2753 4894 2892 4954 Post
2925 4908 3141 4970 paucos
3181 4908 3321 4950 vero
3383 4888 3512 4950 dies
3564 4890 3831 4953 visitavit

2174 4987 2412 5049 etdixit:
2449 4982 2791 5057 «Quomodo
2815 4979 3287 5053 habes,ﬁli?oAit
3313 5000 3325 5038 :
3362 4976 3570 5040 «Pater
3591 4991 3822 5061 sancte,

2172 5096 2204 5138 a
2238 5076 2412 5155 longe
2432 5074 2723 5135 clamores
2754 5072 2991 5131 illorum
3018 5078 3077 5131 et
3104 5068 3295 5129 minas
3317 5068 3515 5130 audio:
3542 5088 3677 5129 nam
3702 5089 3827 5130 non

2169 5166 2342 5228 video
2372 5184 2493 5227 eos.
2522 5190 2544 5221 ο
2584 5162 2653 5223 Ει
2682 5178 2911 5235 rursus,
2940 5161 3076 5221 dato
3110 5160 3165 5220 ei
3196 5158 3326 5220 cibo
3361 5167 3417 5219 et
3447 5158 3591 5220 fusis
3617 5161 3825 5239 preci-

2168 5256 2304 5332 bus,
2361 5255 2567 5317 clausit
2610 5253 2856 5330 ostium,
2890 5258 2951 5311 et
3000 5249 3298 5309 discessit.
3358 5247 3825 5327 Quadragesimo

2178 5348 2415 5410 demum
2437 5343 2532 5404 die
2558 5360 2691 5402 eum
2719 5338 3037 5419 adiens,ait
3056 5339 3145 5399 illi
3177 5357 3189 5400 :
3223 5358 3246 5394 α
3278 5337 3585 5410 Quomodo
3610 5338 3822 5413 habes,

2174 5438 2356 5499 frater
2377 5433 2406 5493 ?
2444 5458 2469 5487 ω
2493 5428 2823 5512 ReSpondit
2842 5430 2945 5492 ille
2969 5451 2981 5491 :
3026 5455 3051 5484 τι
3078 5429 3265 5509 Bene,
3287 5436 3491 5490 sancte
3520 5427 3628 5490 Dei
3654 5449 3668 5491 :
3702 5429 3829 5491 vidi
