4096 6210
284 5742 385 5799 "‘H

482 303 627 352 coax
1882 285 2091 347 PROLJ

2177 283 2473 351 OMENA.

481 425 655 500 siam,
694 425 976 507 praecepit
1023 423 1367 505 presbytero
1396 429 1460 483 ut
1489 422 1730 482 missam
1764 421 2120 483 celebraret.
2146 431 2183 478 Α
2210 425 2499 487 civitatem
2536 444 2669 488 cum
2724 425 2961 504 gaudio,
2996 422 3308 485 laudantes
3340 434 3396 484 et
3449 419 3859 484 benidicentes

484 513 592 577 Ille
621 525 816 578 autem
874 516 956 577 ait
981 514 1054 576 ad
1099 531 1275 574 eum:
1335 537 1359 568 α
1397 510 1611 573 Sancte
1642 511 1773 585 Dei,
1805 520 1870 571 ut
1923 512 2122 583 doces,
2214 510 2423 577 Deum.

482 606 640 686 quod
691 606 889 665 minus
920 612 1009 665 est
1048 621 1082 664 a
1114 601 1350 665 meliori
1383 600 1779 662 benedicitur.
1811 624 1837 656 »
1894 601 2049 663 Dicit
2075 600 2128 661 ei
2214 602 2475 681 Fratres,
2510 606 2914 664 narrationem
2972 602 3103 662 volo
3136 604 3330 664 facere
3378 602 3499 682 (52)
3536 600 3609 662 de
3644 619 3859 680 magno

480 703 717 755 sanctus
768 697 941 756 Pater
967 700 1211 752 noster:
1272 711 1299 749 ‹
1330 691 1418 751 Ad
1451 690 1714 769 reliquas
1746 696 1873 750 tuas
1918 708 2127 750 omnes
2214 699 2271 750 et
2299 692 2520 753 celebri
2542 692 2762 753 Basilio
2795 701 2853 752 et
2881 690 3137 770 Ephrem
3172 694 3316 772 Syro
3342 692 3494 770 (53).
3524 692 3595 753 Et
3626 710 3693 752 ea
3716 692 3859 769 qui-

482 780 1115 863 virtutes,obedientia
1142 779 1404 843 accedat.
1437 804 1461 839 »
1499 778 1899 841 Consentiens
1928 788 2121 839 autem
2212 779 2346 840 dem
2382 800 2513 859 quae
2544 792 2811 861 spectant
2836 781 2905 843 ad
2945 784 3173 842 Patrem
3210 791 3500 854 nostrum,
3534 780 3659 860 ipse
3690 780 3861 853 vidi;

479 871 787 951 presbyter
831 869 1011 931 astitit
1038 870 1109 932 ad
1143 887 1312 931 sacra
1360 869 1704 930 missarum.
1739 867 1922 929 Porro
1969 876 2122 928 tem-
2208 888 2339 948 quas
2383 880 2577 932 autem
2608 870 2681 932 ad
2732 876 2997 931 sanctum
3030 880 3088 930 et
3122 873 3401 931 eximium
3449 868 3733 950 Ephrem,
3789 888 3863 930 ex

479 978 623 1039 pore
677 960 1027 1021 evelatienis
1079 959 1293 1020 vivifici
1345 958 1613 1039 corporis
1663 956 1901 1018 Domini
1936 957 2123 1017 nostri
2210 959 2400 1020 veraci
2427 961 2555 1039 ejus
2577 978 2680 1019 ore
2711 960 2940 1021 audivi:
2977 960 3064 1020 sic
3097 969 3292 1020 autem
3325 959 3565 1021 habent.
3601 958 3713 1020 Ubi
3749 978 3859 1019 ce-

474 1053 613 1113 Jesu
641 1051 883 1123 Christi,
909 1052 1052 1113 vidit
1074 1060 1315 1113 sanctus
1344 1050 1449 1113 Dei
1474 1050 1783 1129 etquidam
1805 1052 1879 1111 de
1896 1049 2117 1125 dignis,
2207 1047 2389 1109 lebris
2415 1048 2516 1109 ille
2549 1048 2831 1126 Ephrem,
2863 1066 3045 1126 agens
3070 1048 3128 1108 in
3161 1049 3422 1121 deserto,
3445 1067 3556 1128 qua
3578 1066 3644 1108 ex
3672 1048 3866 1128 Spiri-

475 1141 915 1202 sanctissimum
966 1140 1279 1222 Spiritum,
1314 1138 1779 1200 descendentem
1823 1137 1882 1198 in
1915 1139 2116 1217 specie
2208 1145 2300 1197 tus
2323 1139 2511 1198 sancti
2532 1138 2933 1200 illustratione
2958 1138 3351 1217 vidisset,qua
3382 1157 3448 1199 ex
3469 1137 3777 1197 desiderio
3802 1148 3863 1199 et

474 1230 649 1307 ignis,
681 1230 1276 1309 circumdantemque
1310 1226 1723 1308 presbyterum
1755 1237 1815 1288 et
1843 1239 2111 1287 sanctum
2199 1227 2685 1307 percunctatione
2717 1227 3022 1287 didicisset
3065 1227 3413 1287 admiranda
3442 1226 3629 1287 Patris
3659 1228 3860 1289 nostri

469 1321 680 1382 altare.
710 1319 975 1400 Cumque
998 1321 1626 1392 communicassemus,
1654 1324 1713 1376 et
1741 1315 1864 1377 Deo
1897 1315 2117 1394 egisse-
2198 1315 2395 1376 Basilii
2428 1333 2607 1394 opera
2635 1339 2648 1391 ;
2680 1318 2866 1377 Deum
2902 1315 3126 1376 intente
3149 1315 3491 1394 jugiterque
3523 1315 3755 1395 orabat,
3796 1326 3861 1376 ut

471 1428 603 1469 mus
635 1407 1184 1486 gratias,rediimus
1205 1409 1267 1468 in
1298 1407 1543 1468 domum
1581 1404 1933 1486 presbyteri,
1954 1403 2115 1465 cibo-
2200 1406 2310 1483 ipsi
2343 1405 2661 1479 revelaret,
2689 1405 2877 1484 qualis
2907 1404 3154 1482 Magnus
3184 1406 3434 1467 Basilius
3451 1414 3630 1465 esset.
3657 1404 3722 1465 In
3751 1422 3856 1466 ex-

472 1516 586 1576 que
618 1508 875 1579 sumpto,
910 1498 1056 1561 dixit
1087 1497 1173 1559 illi
1215 1504 1452 1557 sanctus
1478 1492 1584 1554 Dei
1614 1516 1626 1557 :
1691 1514 1720 1551 εί
1761 1495 1939 1555 Bel‘er
1969 1494 2113 1553 mihi
2199 1495 2400 1554 stasim
2420 1512 2564 1571 ergo
2583 1493 3854 1573 raptus,videttolumnamignis,cujusver-

471 1587 631 1648 unde
664 1589 975 1649 thesaurus
1007 1586 1118 1646 iste
1146 1606 1162 1663 ;
1211 1592 1269 1646 et
1297 1602 1432 1660 quze
1464 1590 1555 1643 est
1581 1582 1698 1643 vita
1728 1590 1827 1643 tua
1846 1588 1872 1643 ’ἰ
1897 1604 1925 1640 »
1963 1581 2115 1642 Dicit
2198 1589 2291 1643 tex
2322 1583 2649 1662 attingebat
2683 1582 2900 1644 cmlum
2929 1601 3193 1663 :voxque
3223 1584 3300 1645 de
3328 1583 3477 1644 coelo
3504 1583 3730 1655 audita,
3759 1585 3858 1642 di-

471 1678 521 1737 ei
572 1678 880 1757 presbyter
914 1700 925 1735 :
989 1702 1015 1730 α
1044 1675 1185 1754 Ego,
1211 1682 1413 1735 sancte
1444 1672 1572 1747 Dei,
1607 1672 1785 1731 homo
1838 1680 2115 1750 peccator
2199 1690 2379 1733 cens:
2423 1672 2743 1753 «Ephrem,
2778 1671 3033 1751 Ephrem
3063 1693 3075 1733 :
3113 1673 3616 1747 quemadmodum
3652 1673 3859 1733 vidisti

468 1783 624 1839 sum,
660 1767 915 1845 publicis
947 1764 1187 1827 tributis
1218 1762 1533 1824 obnoxius.
1560 1786 1581 1817 υ
1608 1762 1757 1852 Sunt
1790 1778 1964 1839 porro
1998 1759 2113 1820 duo
2137 1802 2176 1852 Β
2198 1762 2533 1823 columnam
2569 1762 2744 1840 ignis,
2782 1762 3078 1840 ejusmodi
3106 1769 3195 1822 est
3226 1763 3476 1841 Magnus
3506 1761 3790 1823 Basilius.
3831 1790 3850 1816 ι

463 1857 608 1935 juga
630 1856 808 1917 boum
831 1878 845 1938 ;
868 1874 1050 1916 unum
1076 1853 1316 1933 quidem
1342 1869 1449 1930 ego
1474 1850 1637 1938 mino
1664 1848 1947 1938 ;alterum
1974 1866 2110 1909 vero
2137 1848 2171 1852 ’
2202 1851 2274 1912 Et
2301 1852 2501 1913 statim
2553 1850 2820 1911 adhibito
2850 1850 3197 1930 interprete,
3235 1852 3387 1912 velut
3418 1850 3582 1911 rudis
3626 1852 3858 1928 linguae

471 1963 641 2006 meus
674 1946 1079 2006 mercenarius
1107 1952 1197 2023 ,el
1218 1941 1466 2002 alterum
1494 1937 1737 2017 quidem
1758 1937 1820 1997 in
1849 1939 2112 1998 ministe-
2196 1940 2437 2015 Graacae,
2471 1940 2629 2000 venit
2651 1939 2723 2000 ad
2751 1957 3018 2018 magnam
3050 1940 3359 2002 ecclesiam
3390 1939 3647 2001 celebris
3682 1942 3858 2002 urbis

462 2033 617 2093 rium
645 2034 806 2095 cedit
827 2032 1158 2113 hospitum;
1184 2029 1434 2090 alterum
1456 2035 1655 2088 autem
1676 2026 1737 2086 in
1758 2025 2108 2106 obsequium
2196 2027 2478 2091 Cazsarem
2508 2048 2520 2091 :
2556 2029 2627 2089 ad
2656 2047 2829 2108 quam
2865 2029 2992 2107 ipsa
3025 2048 3232 2107 magna
3265 2031 3737 2109 Epiphaniorum
3757 2050 3857 2091 so-

465 2122 842 2185 tributorum:
878 2130 1085 2200 estque
1115 2117 1455 2181 confamula
1482 2117 1608 2176 hzec
1638 2133 1786 2176 uxor
1816 2134 1969 2191 mea,
1998 2115 2110 2175 ho-
2199 2119 2500 2180 lemnitate
2561 2119 2943 2197 perveniens,
2995 2118 3263 2197 clamque
3323 2120 3647 2197 ingressus,
3698 2120 3853 2179 vidit

463 2210 715 2290 spitibus
766 2210 1106 2270 ministrans
1154 2214 1212 2268 et
1259 2205 1486 2267 mihi.)
1547 2202 1649 2265 Ait
1691 2202 1775 2264 illi
1834 2210 2103 2264 sanctus:
2196 2208 2616 2287 procedentem
2650 2206 2923 2286 Magnum
2948 2208 3851 2289 Basilium;aitquesociosuo:

470 2323 492 2353 υ
532 2298 691 2360 Voca
720 2300 881 2361 illam
930 2314 1221 2371 sororem,
1254 2297 1423 2374 juxta
1472 2291 1631 2372 quod
1665 2298 1794 2367 est;
1848 2292 2112 2372 mihique
2202 2319 2222 2353 tt
2261 2295 2325 2357 In
2357 2313 2593 2378 vanum,
2622 2306 2787 2376 puto,
2818 2295 3239 2357 laboravimus.
3276 2297 3478 2358 Frater
3509 2300 3618 2358 iste
3651 2298 3845 2373 enim,

463 2387 676 2449 edicito
706 2388 970 2465 reliquas
996 2396 1121 2447 tuas
1140 2386 1410 2445 virtutes.
1448 2406 1475 2437 ›>
1500 2381 1653 2444 Dicit
1676 2382 1731 2440 ei
1756 2381 2103 2460 presbyter:
2195 2386 2253 2447 in
2287 2397 2448 2449 tanto
2473 2387 2655 2464 gradu
2688 2384 3064 2465 positus,non
3088 2395 3178 2447 est
3208 2386 3439 2466 qualem
3467 2387 3602 2448 vidi.
3637 2412 3663 2443 ιι
3693 2386 3848 2449 Con-

469 2479 633 2538 «Non
657 2476 848 2538 habeo
870 2476 1199 2555 quidquam
1224 2471 1367 2534 boni
1389 2488 1567 2550 super
1589 2480 1829 2545 terram,
1857 2469 1928 2530 ab
1949 2470 2111 2530 omni
2193 2476 2482 2557 spiciebat
2511 2475 2669 2537 enim
2695 2475 2977 2536 amictum
3005 2476 3151 2536 stola
3185 2475 3462 2557 candida,
3481 2494 3843 2557 sacrumque

459 2565 674 2629 virtute
707 2575 1022 2628 extraneus
1050 2582 1206 2625 sum.
1249 2584 1271 2617 (ι
1300 2561 1455 2623 Dicit
1484 2560 1540 2620 ei
1569 2559 1905 2620 communis
1934 2558 2108 2621 Pater
2189 2567 2348 2626 circa
2375 2566 2568 2646 ipsum
2589 2564 2841 2642 clerum,
2865 2563 3018 2625 albis
3043 2565 3313 2626 indutum
3335 2575 3391 2626 et
3412 2567 3468 2626 ei
3493 2565 3838 2646 obsequen-

460 2665 706 2720 noster:
749 2681 771 2709 ιι
798 2660 1078 2732 Surge,et
1098 2670 1302 2714 eamus
1319 2649 1515 2710 simul.
1544 2674 1567 2704 ι
1612 2648 1784 2709 Ducit
1804 2666 1942 2710 vero
1968 2667 2101 2709 eum
2188 2662 2328 2717 tem.
2385 2653 2556 2716 Stans
2588 2671 2734 2733 ergo
2778 2659 2837 2712 in
2885 2660 3115 2715 secreto
3150 2654 3279 2715 loco
3327 2655 3624 2735 ecclesiae,
3662 2657 3841 2736 coepit

459 2744 521 2805 in
554 2746 761 2808 cellam
793 2762 967 2805 unam
995 2742 1210 2803 domus
1232 2742 1385 2819 erS,
1415 2747 1473 2799 el
1500 2740 1581 2798 ait
1608 2737 1731 2799 illi:
1772 2760 1793 2793 α
1817 2737 2002 2818 Aperi
2024 2740 2105 2817 ja-
2188 2745 2432 2805 velutde
2447 2744 2750 2823 proposito
2782 2742 3127 2822 desperare,
3155 2744 3363 2806 dicens
3386 2745 3542 2806 intra
3568 2764 3654 2806 se:
3686 2744 3841 2806 «Nos

459 2853 660 2899 nuam.
689 2860 710 2892 ι)
740 2833 975 2895 Atille:
1008 2854 1029 2887 α
1058 2833 1383 2911 Ne,sancle
1403 2827 2106 2906 Dei,inejusserisingre-
2188 2834 2290 2910 qui
2324 2834 2680 2914 portavimus
2713 2834 2943 2910 pondus
2975 2832 3095 2894 diei
3129 2842 3187 2895 et
3208 2844 3384 2897 aestus
3414 2834 3562 2895 nihil
3590 2836 3841 2916 profeci-

457 2928 554 2988 di;
594 2924 876 3007 quoniam
922 2939 1065 2983 usus
1112 2928 1202 2981 est
1231 2919 1464 2979 domus.
1506 2941 1527 2971 υ
1574 2916 1675 2977 Ait
1703 2920 1757 2977 ei
1806 2925 2046 2977 sanctus
2088 2937 2103 2977 :
2187 2941 2361 3002 mus;
2398 2923 2492 2983 hic
2516 2931 2741 2995 autem,
2768 2921 2825 2980 in
2858 2928 3018 2982 tanto
3043 2921 3349 2998 comitatu,
3379 2933 3438 2987 et
3470 2925 3838 2987 honorehu-

463 3042 484 3075 α
514 3019 700 3080 Etiam
730 3036 836 3096 ego
868 3012 1004 3075 veni
1034 3011 1107 3072 ad
1137 3012 1295 3071 hunc
1325 3027 1523 3070 usum.
1556 3028 1582 3066 ι)
1617 3008 1885 3089 Cumque
1918 3009 2103 3070 nollet
2188 3031 2383 3087 manu,
2423 3020 2511 3073 est
2540 3010 2818 3073 columna
2842 3010 3036 3089 ignis?
3068 3010 3248 3075 Plane
3270 3015 3472 3075 miror.
3505 3041 3527 3067 υ
3564 3013 3702 3075 Haac
3736 3015 3843 3075 ita-

458 3108 762 3189 presbyter
794 3102 1029 3182 aperire
1061 3108 1611 3181 portam,sermone
1640 3099 1877 3189 aperuit
1900 3098 2097 3189 admi-
2180 3114 2320 3177 quae
2350 3101 2476 3182 ipso
2512 3099 2829 3189 cogitante,
2866 3099 3026 3161 misit
3076 3102 3146 3162 ad
3181 3120 3317 3162 eum
3350 3113 3587 3164 sanctus
3633 3105 3835 3165 archi-

459 3186 664 3259 rabilis
685 3197 860 3258 Pater
892 3201 1117 3253 noster:
1152 3196 1575 3268 ingressusque
1606 3186 1943 3247 morbidum
1976 3188 2158 3263 illicc
2183 3192 2494 3252 diaconum
2548 3208 2745 3263 suum,
2785 3188 3026 3251 dicens:
3071 3217 3095 3245 α
3126 3189 3287 3252 Vade
3336 3193 3407 3252 ad
3444 3202 3671 3272 portam
3704 3212 3839 3273 quze

457 3286 762 3347 hominem
785 3278 1319 3352 etulcerosum,cui
1336 3277 1618 3357 pleraque
1634 3278 1902 3356 corporis
1917 3295 2099 3338 mem-

456 3374 563 3436 bra
591 3376 938 3446 deﬂuerent,
977 3367 1222 3445 invenit,
1258 3387 1374 3427 uno
1405 3366 1633 3427 sciente
1667 3366 2008 3447 presbytero
2042 3375 2100 3428 et

459 3483 667 3526 sorore
717 3464 872 3542 ejus.
906 3461 1130 3523 Dicitei
1182 3466 1424 3517 sanctus
1470 3456 1642 3518 Pater
1667 3461 1914 3517 noster:
1971 3480 1991 3511 tl
2029 3459 2102 3519 Ut

458 3554 599 3635 quid
629 3552 861 3614 voluisti
881 3550 1077 3612 celare
1103 3549 1447 3608 thesaurum
1471 3555 1635 3607 tuum
1660 3544 1836 3605 istum
1851 3545 1923 3635 ‘2»,
1946 3546 2098 3608 Dicit

455 3634 508 3705 ei
542 3642 868 3724 presbyter:
908 3642 1255 3716 «Promptus
1284 3634 2095 3724 est,domine,etinjuriosus,

457 3723 747 3813 timuique
763 3750 838 3791 ne
855 3730 1003 3789 forte
1027 3728 1084 3787 in
1100 3726 1280 3788 verbo
1295 3725 1648 3786 otfenderet.
1663 3723 2100 3787 nDiciteiPater

452 3832 686 3883 noster:
731 3846 755 3873 «
784 3818 945 3880 Bene
977 3817 1136 3878 circa
1166 3814 1362 3893 ipsum
1395 3814 1631 3877 certasti
1658 3832 1670 3875 :
1706 3814 1837 3874 sine
1866 3832 2004 3874 vero
2035 3828 2099 3875 ut

452 3915 514 3972 et
535 3930 639 3989 ego
673 3910 782 3969 hac
815 3916 988 3967 nocte
1020 3905 1105 3966 illi
1138 3905 1468 3963 miniStrem
1497 3926 1514 3977 ;
1549 3921 1663 3983 quo
1690 3921 1798 3983 per
1832 3910 1888 3965 te
1917 3905 2093 3964 etiam

452 3999 795 4059 mercedem
828 4011 1181 4074 consequar.
1218 4018 1244 4047 ι
1282 3990 1537 4053 Dimisso
1567 4002 1765 4053 autem
1796 4002 2002 4055 sancto
2034 3995 2092 4055 in

452 4090 606 4150 cella
618 4108 751 4151 cum
773 4086 1174 4166 ulceroso,cui
1197 4082 1386 4145 morbi
1407 4085 1491 4144 vis
1511 4085 1600 4145 vel
1624 4103 1827 4146 vocem
1846 4085 2095 4149 ademe-

449 4186 559 4258 rat,
596 4178 794 4239 clauso
845 4178 1022 4255 ostio,
1056 4174 1464 4236 discessimus.
1520 4173 1634 4244 Qui
1663 4183 1856 4235 autem
1882 4175 2092 4236 vulne—

453 4268 623 4328 ribus
651 4265 1026 4344 medebatur,
1062 4264 1206 4324 fusis
1235 4281 1415 4343 super
1446 4280 1580 4323 eum
1614 4271 1731 4323 tota
1762 4272 1936 4325 nocte
1969 4283 2097 4343 pre-

457 4356 647 4435 cibus,
673 4356 1013 4437 supplicans
1033 4353 1180 4428 Deo,
1206 4353 1306 4432 qui
1337 4353 1609 4412 morbum
1642 4370 1879 4413 omnem
1900 4362 1956 4415 et
1978 4355 2096 4414 lan-

450 4464 696 4524 guorem
722 4456 907 4519 sanat,
945 4443 1167 4503 curavit
1196 4440 1393 4502 illum.
1415 4439 1731 4520 Presbyter
1761 4450 1961 4503 autem
1992 4442 2095 4522 qui

2185 3280 2429 3360 respicit
2459 3279 2855 3352 occidentem,
2893 3278 3095 3358 ibique
3121 3279 3179 3341 in
3215 3282 3485 3343 ecclesia:
3505 3283 3717 3358 angulo
3742 3302 3841 3344 re.-

2183 3371 2377 3449 peries
2406 3368 2703 3448 abbatem,
2731 3368 3020 3428 cucullam
3044 3368 3361 3431 habentem
3384 3372 3445 3432 in
3466 3372 3831 3453 capite,cum

2183 3459 2437 3539 quodam
2463 3458 2604 3535 alio,
2624 3456 3043 3533 raribarbium,
3064 3460 3368 3541 pusillum,
3395 3471 3454 3523 et
3472 3472 3683 3523 caetera
3701 3463 3835 3523 vul-

2187 3556 2279 3609 tus
2311 3550 2480 3629 ejus;
2512 3548 2795 3628 dicesque
2822 3547 2876 3607 ei
2903 3567 2915 3608 :
2953 3546 3186 3623 Quaeso,
3207 3549 3521 3627 ingredere
3546 3551 3601 3611 in
3636 3570 3838 3613 sacra-

2182 3638 2382 3699 rium:
2440 3645 2601 3698 vocat
2632 3646 2686 3697 te
2736 3636 3237 3719 archiepiscopus.
3280 3664 3305 3694 »
3359 3639 3837 3703 Archidiaconus

2181 3735 2405 3807 autem,
2442 3726 2691 3787 discissa
2723 3724 2904 3785 multo
2958 3726 3158 3789 labore
3189 3728 3390 3808 populi
3423 3730 3834 3806 multitudine,

2183 3817 2342 3876 venit
2370 3816 2442 3877 ad
2475 3816 2670 3875 locum
2706 3814 2807 3875 ubi
2842 3816 2903 3874 ὃ.
2938 3816 3195 3895 Ephrem
3231 3820 3604 3899 consisteret,
3636 3831 3698 3881 et
3753 3826 3839 3880 ait

2182 3905 2269 3966 illi
2306 3926 2318 3967 :
2362 3931 2383 3960 α
2421 3904 2709 3984 Benedic,
2744 3904 2989 3966 domine
3020 3928 3037 3983 -,
3092 3906 3238 3967 velis
3270 3907 3500 3986 ingredi
3531 3909 3589 3969 in
3620 3928 3839 3971 sacra-

2178 3994 2330 4055 rium
2361 4018 2375 4068 ;
2411 4004 2575 4056 vocat
2607 3994 2765 4055 enim
2797 4002 2854 4054 te
2882 3992 3057 4055 Pater
3087 4003 3221 4056 tuus
3253 3996 3769 4078 archiepiscopus.
3806 4026 3833 4056 ι

2179 4082 2291 4145 Ubi
2321 4093 2516 4145 autem
2551 4083 2840 4144 intellexit
2866 4101 2971 4163 per
2998 4084 3382 4165 interpretem
3410 4087 3567 4162 quod
3591 4088 3842 4149 diceba-

2178 4181 2295 4249 tur,
2321 4173 2619 4234 excusavit
2648 4171 2853 4235 dicens
2888 4191 2901 4235 :
2942 4196 2968 4227 α
3006 4175 3206 4249 Erras,
3244 4177 3421 4237 frater
3451 4197 3465 4256 ;
3496 4194 3601 4236 nos
3628 4176 3840 4239 homi-

2177 4281 2285 4324 nes
2318 4262 2619 4343 peregrini
2651 4279 2856 4327 sumus
2888 4271 2946 4324 et
2969 4263 3023 4323 ei
3055 4263 3256 4343 ignoti.
3289 4289 3313 4319 »
3348 4266 3606 4327 Rediens
3625 4274 3839 4329 autem

2177 4353 2657 4431 archidiacouus,
2692 4352 3051 4414 renuntiavit
3084 4355 3295 4431 Magno
3341 4355 3577 4416 Basilio.
3636 4355 3838 4418 Porro

2179 4442 2318 4502 dum
2374 4442 2625 4503 Basilius
2658 4441 2839 4502 libros
2871 4460 3071 4503 sacros
3102 4444 3341 4524 exponit
3400 4445 3641 4526 populo,
3667 4446 3840 4509 videt

448 4535 591 4595 foris
622 4533 935 4596 nobiscum
986 4540 1136 4611 erat,
1168 4529 1282 4593 ait:
1325 4555 1350 4585 α
1387 4529 1586 4592 Gloria
1619 4531 1748 4604 tibi,
1777 4530 1954 4606 Deus,
1992 4542 2089 4612 qui
2113 4529 2234 4592 DS.
2271 4531 2528 4611 Ephrem
2560 4530 2821 4609 linguam
2856 4536 3114 4609 igneam,
3148 4534 3279 4611 ejus
3320 4551 3426 4595 ore
3456 4534 3836 4614 loquentem,

445 4622 591 4699 facis
622 4624 987 4686 voluntatem
1022 4618 1357 4680 timentium
1392 4630 1469 4693 te,
1506 4629 1563 4678 et
1606 4618 2088 4699 deprecationem

445 4714 1023 4788 eorumexaudis;en
1050 4709 1537 4770 medicussanum
1564 4708 2083 4769 fecitinﬁrmum.»

444 4803 522 4864 Et
581 4803 781 4865 statim
844 4801 1121 4862 clamavit
1167 4808 1427 4874 sanctus,
1485 4806 1546 4857 ut
1597 4807 1824 4877 portam
1884 4801 2086 4879 aperi-

443 4908 668 4967 remus,
704 4892 1021 4970 eduxitque
1058 4889 1397 4950 ulcerosum
1432 4887 1665 4963 integre
1694 4906 1931 4964 sanum,
1971 4907 2089 4949 non

442 4979 761 5041 habentem
823 4980 1163 5041 cicatricem
1213 4979 1271 5038 in
1331 4994 1581 5057 corpore
1641 4996 1771 5055 suo,
1821 4979 2091 5056 expedite

445 5068 811 5149 loquentem,
846 5078 903 5130 et
933 5070 1366 5148 gloriﬁcantem
1414 5069 1600 5129 Deum
1630 5114 1644 5128 .
1707 5065 1831 5126 Hoc
1889 5076 2086 5127 autem

441 5159 649 5237 grandi
682 5159 973 5220 miraculo
1005 5162 1182 5234 iacto,
1221 5155 1447 5219 reversi
1475 5174 1684 5217 sumus
1731 5156 1789 5216 in
1823 5164 2086 5217 nostram

522 5319 641 5396 (5‘2)
680 5316 929 5377 Videtur
964 5316 1059 5377 hic
1092 5336 1300 5379 rursus
1345 5317 1748 5379 narrationem
1776 5335 2086 5378 resumere

437 5397 1178 5477 psemlo-Amphtlochius.

516 5480 1021 5556 tbdiuongressus
1047 5478 1304 5558 Ephrem
1333 5497 1464 5539 cum
1488 5478 1703 5540 Basilio
1722 5478 1959 5539 dabitur
1985 5480 2081 5538 in-

437 5558 523 5618 fra
575 5561 647 5619 ad
698 5558 869 5619 vitam
916 5558 1067 5637 ejus,
1120 5577 1191 5619 ex
1247 5561 1508 5639 Nysseno
1541 5569 1598 5619 et
1634 5559 1762 5639 ipso
1799 5560 2080 5639 Ephrem,

436 5641 681 5703 Omnino
710 5640 891 5702 aliter
911 5657 1085 5721 quam
1119 5639 1219 5699 hic
1255 5646 1529 5699 narretur
1559 5658 1576 5716 ;
1610 5658 1680 5700 ex
1710 5640 1930 5718 quibus
1958 5641 2083 5700 col-

500 5894 699 6085 ι

2174 4619 2385 4699 Aitque
2439 4637 2676 4681 rursum
2730 4620 2979 4698 Magnus
3036 4620 3288 4683 Basilius
3346 4623 3777 4685 archidiacono
3820 4648 3833 4683 :

2181 4734 2206 4763 α
2244 4708 2430 4791 Vade,
2464 4718 2525 4771 et
2547 4710 2642 4770 dic
2676 4710 2730 4770 ei
2762 4731 2774 4767 :
2813 4709 3065 4771 Domine
3096 4710 3384 4791 Ephrem,
3420 4712 3565 4773 velis
3593 4713 3836 4789 ingredi

2172 4799 2245 4860 ad
2281 4818 2514 4861 sacrum
2546 4799 2735 4859 altare
2765 4816 2779 4858 :
2837 4808 3005 4860 vocat
3038 4810 3094 4861 te
3146 4801 3647 4881 archiepiscopus.
3680 4824 3706 4861 ι
3758 4806 3837 4864 Et

2173 4887 2380 4951 abiens
2401 4888 2474 4950 ad
2500 4906 2637 4950 eum
2661 4888 3137 4961 archidiaconus,
3168 4890 3414 4970 ejusque
3438 4890 3698 4967 vestigiis
3720 4892 3831 4953 im-

2172 4996 2379 5058 presso
2403 4977 2629 5051 osculo,
2669 4976 2816 5038 dixit
2838 4978 2946 5038 illi:
2981 4980 3266 5041 «Domine
3288 4980 3574 5061 Ephrem,
3598 5000 3828 5061 quasso,

2172 5077 2227 5128 te
2249 5068 2506 5129 accersit
2535 5069 2707 5129 Pater
2742 5075 2879 5128 tuus
2911 5067 3421 5150 archiepiscopus,
3443 5079 3502 5130 ut
3530 5071 3833 5149 ingredia-

2168 5159 2251 5217 ris
2276 5157 2336 5217 in
2373 5155 2869 5236 presbyterium.»
2902 5154 3156 5219 Sanctus
3186 5176 3325 5237 ergo
3356 5177 3536 5239 super
3558 5160 3651 5221 his
3676 5170 3831 5223 atto-

2171 5318 2355 5396 ligere
2378 5317 2567 5378 lector
2588 5318 3101 5397 poterit,qumnam
3123 5317 3221 5377 hic
3245 5318 3577 5379 referantur
3601 5324 3829 5380 omissa

2166 5401 2239 5460 ab
2270 5398 2528 5479 Ephrem
2554 5411 2613 5457 et
2641 5396 2928 5479 Nysseno;
2953 5397 3470 5479 judicabitque,au
3497 5398 3826 5461 verosimi-

2168 5481 2221 5540 le
2254 5478 2351 5555 sit,
2387 5480 2713 5561 omittenda
2740 5478 2951 5561 tuisse,
2981 5479 3035 5561 *εἰ
3068 5478 3455 5561 contigissent
3490 5500 3506 5560 ;
3560 5479 3827 5561 exempli

2168 5579 2366 5633 causa,
2400 5559 2474 5619 de
2505 5556 2875 5640 apparitione
2905 5556 3201 5621 columna:
3232 5556 3404 5639 ignis.
