4096 6210
492 454 896 516 EXCEHPTA
942 453 1045 513 EX
1087 453 1308 515 ACTIS
1351 456 1410 513 ὃ.
1458 447 1735 512 BASlLll
1782 448 2379 510 BOLLANDIANIS.
2414 478 2488 488 -—
2522 446 2705 507 VITA
2749 446 3227 509 APOCRYPHA.

222 588 388 648 nitus
446 585 610 646 dedit
667 584 916 662 gloriam
972 584 1092 645 Deo
1149 605 1163 651 ;

224 679 420 739 ciens.
456 674 882 754 excipiensque
911 673 1032 734 ait:
1082 700 1107 729 α
1146 673 1301 736 Vere
1327 676 1574 756 Magnus
1604 676 1879 739 Basilius.

223 766 378 828 Vere
402 765 681 829 columna
711 763 862 841 ignis
898 764 1166 825 Basilius.
1203 762 1357 826 Vere
1391 785 1495 844 per
1524 786 1591 829 os
1631 772 1760 846 ejus
1791 765 1882 825 lo-

220 856 430 935 quitur
455 852 713 932 Spiritus
736 860 998 915 sanctus.
1032 877 1058 907 »
1090 853 1336 932 Rogavit
1357 873 1493 917 vero
1518 856 1886 917 archidiaco-

214 962 360 1005 num
394 952 462 1003 ut
490 939 914 1022 responderet,
947 944 1363 1021 opportunius,
1402 955 1531 1025 post
1579 953 1876 1025 peractam

215 1051 344 1095 rem
380 1050 641 1105 sacram,
676 1030 1062 1091 salutaturum
1097 1030 1157 1092 in
1190 1034 1537 1096 secretario.

304 1126 447 1184 Post
467 1122 711 1181 missam
732 1137 868 1179 vero
884 1120 1182 1198 ingressus
1197 1120 1454 1183 Basilius
1465 1123 1877 1200 secretarium,

226 1232 296 1274 eo
327 1216 390 1273 S.
431 1209 695 1289 Ephrem
729 1209 1159 1270 accersendum
1213 1212 1439 1271 curavit
1468 1232 1483 1286 ;
1517 1212 1784 1289 dansque
1818 1213 1878 1273 in

230 1301 484 1364 Domino
514 1296 812 1370 osculum,
846 1298 929 1357 ait
963 1315 975 1359 :
1015 1323 1041 1352 α
1079 1296 1240 1360 Bene
1272 1300 1504 1373 venisti,
1538 1301 1715 1362 Pater
1736 1303 1884 1363 ﬁlio-

3433 466 3604 514 CCCX!

1222 604 1290 646 ac
1338 585 1738 651 reverentiam
1785 586 1876 647 fa-
1897 592 1940 641 Α
1962 586 2245 661 natisque
2270 582 2594 663 interprete
2627 581 2687 642 in
2728 580 3068 654 diaconum,
3098 589 3160 646 et
3191 585 3317 663 ipso
3348 584 3410 645 in
3466 605 3609 665 pre-

1967 672 2271 750 sbyterum
2305 674 2459 750 (54),
2496 688 2598 732 eos
2648 668 2872 732 dimisit
2901 672 2963 731 in
2996 690 3161 752 pace,
3213 673 3613 750 gloriﬁcantes

1967 762 2180 837 Deum,
2218 761 2280 822 in
2330 758 2605 822 omnibus
2637 777 2768 840 quae
2822 759 3116 837 viderant,
3177 761 3330 823 sicut
3387 763 3610 825 dictum

1967 859 2055 911 est
2080 850 2151 911 ad
2187 869 2310 911 eos.

1967 859 2055 911 est
2080 859 2151 911 ad
2187 869 2310 913 80$.

2598 988 2840 1052 CAPUT
2864 988 2964 1052 IV.

1962 1083 2228 1138 Restituto
2257 1080 2568 1137 orthodoxis
2614 1079 2855 1137 Nicmnis
2883 1080 3121 1137 ecclesia.
3174 1083 3410 1139 castita:
3454 1084 3611 1142 Petri

2033 1154 2313 1281 ῗῖῡαειεηὶ
2344 1153 2595 1225 probata.
2620 1152 2940 1207 Peecatricis
2991 1161 3039 1207 et
3081 1151 3259 1209 ludat
3310 1158 3605 1214 conversio.

2094 1242 2197 1281 ονε.

2050 1308 2186 1367 Post
2222 1306 2489 1366 Valentis
2518 1303 2637 1365 Deo
2670 1304 2833 1364 exosi
2863 1302 3180 1365 adventum
3219 1306 3291 1365 ad
3331 1326 3460 1388 nos,
3509 1318 3613 1389 qui

229 1410 361 1452 rum
396 1387 622 1449 deserti
656 1405 669 1447 :
707 1386 863 1447 bene
893 1387 1131 1466 venisti,
1153 1393 1251 1466 qui
1286 1391 1341 1447 in
1366 1408 1436 1450 eo
1455 1390 1881 1472 discipulorum
1967 1396 2254 1474 avustbﬁ‘)
2282 1392 2627 1456 luitJuliani
2651 1395 2977 1472 Apostatae,
3001 1402 3339 1456 revertente
3380 1386 3507 1476 ipso
3528 1386 3611 1459 ad

226 1481 448 1543 Christi
485 1495 800 1538 numerum
834 1476 1066 1557 auxisti,
1107 1486 1163 1537 et
1191 1478 1493 1540 daemones
1526 1480 1820 1560 expulisti.
1856 1508 1877 1539 ι
1971 1484 2364 1545 beatissimam
2404 1481 2775 1544 Constantini
2802 1482 3011 1543 urbem
3042 1501 3111 1543 ac
3142 1492 3488 1547 transeunte
3514 1486 3615 1547 Ni-

228 1570 346 1633 Sed
377 1586 667 1645 quorsum
696 1584 830 1625 eum
862 1566 964 1626 tibi
994 1565 1256 1626 laborem
1312 1566 1645 1647 suscepisti,
1682 1589 1714 1630 o
1772 1575 1881 1632 Pa-
1966 1580 2569 1649 caeam;accesserunt
2592 1572 2667 1632 ad
2692 1589 2827 1633 eum
2846 1571 3148 1652 principes
3170 1574 3410 1637 Arianae
3426 1578 3613 1639 haere-

229 1666 347 1721 ter?
384 1656 622 1721 Venisti
648 1655 947 1716 invisurus
981 1655 1310 1729 hominem,
1334 1668 1704 1736 peccatorem
1732 1679 1744 1721 ;
1774 1661 1887 1723 lar-
1966 1664 2071 1744 sis,
2107 1661 2576 1743 ﬂagitai'untque,
2614 1661 3245 1723 consubstantialitatis
3279 1677 3611 1728 assertores

230 1752 423 1828 giatur
444 1748 552 1808 tibi
575 1746 912 1836 mercedem
937 1743 1116 1836 Beas,
1147 1746 1315 1824 juxta
1337 1755 1500 1836 tuum
1526 1747 1811 1813 laborem.
1854 1778 1875 1807 ι)
1965 1764 2167 1813 sancta
2199 1752 2494 1815 catholica
2524 1750 2783 1811 ecclesia
2814 1750 3145 1828 deturbari,
3183 1753 3390 1832 eisque
3419 1756 3612 1836 ipsam

230 1840 338 1903 libi
360 1855 540 1918 porro
565 1833 925 1924 venerabilis
955 1832 1212 1924 Ephrem
1241 1835 1439 1895 omnia
1465 1836 1522 1897 in
1554 1838 1735 1899 corde
1775 1859 1881 1901 suo
1968 1842 2137 1903 tradi.
2164 1844 2344 1902 Porro
2371 1849 2651 1920 tyrannus
2675 1848 2733 1901 et
2758 1839 3034 1917 indignus
3061 1860 3338 1921 purpura,
3375 1832 3472 1924 qui
3506 1865 3612 1907 ex-

230 1937 360 1990 nata
380 1929 660 2004 dictaque
682 1923 841 2015 socio
876 1921 1070 1984 abbati
1102 1926 1482 2004 respondens
1521 1941 1876 2003 enarrasset,
1907 1954 1940 2001 Β
1964 1931 2267 1993 secrandaa
2288 1930 2526 1991 illorum
2552 1928 2796 1990 haeresis
2819 1927 3267 2007 antesignanum
3280 1921 3616 2015 ageret,pe-

231 2016 713 2080 communionem
747 2013 807 2073 in
840 2030 1039 2073 sacras
1073 2031 1285 2075 manus
1317 2034 1456 2076 suas
1479 2018 1740 2097 accepit;
1778 2020 1887 2081 Ba-
1972 2020 2093 2081 titis
2115 2020 2343 2099 annuit;
2378 2018 2751 2097 depulsoque
2786 2017 3026 2078 militari
3062 2037 3239 2080 manu
3291 2013 3614 2085 orthodoxa

229 2110 503 2188 silioque,
525 2123 630 2184 pro
652 2103 890 2183 hoSpitii
908 2102 1217 2180 religione,
1242 2104 1571 2184 excipiente
1588 2108 1879 2187 convivio,
1968 2111 2209 2190 populo,
2230 2109 2546 2171 ecclesiam
2574 2107 2812 2169 tradidit
2835 2101 3095 2169 Arianis.
3119 2108 3382 2171 Maerens
3414 2118 3615 2193 itaque

232 2201 307 2260 ait
337 2196 397 2259 S.
438 2194 697 2273 Ephrem
739 2213 787 2251 ει
820 2195 1016 2262 Pater,
1048 2211 1284 2254 summe
1305 2194 1678 2270 honorande,
1705 2219 1877 2261 unam

230 2288 334 2351 abs
366 2298 422 2347 te
455 2284 714 2362 deposi-o
748 2283 1014 2359 gratiam,
1051 2292 1109 2343 et
1132 2283 1286 2344 hanc
1320 2284 1462 2344 mihi
1494 2304 1721 2348 annuas
1778 2309 1879 2350 ve-

230 2381 352 2439 lim.
385 2398 416 2436 )
452 2373 541 2437 Ad
580 2390 757 2452 quem
790 2371 1043 2433 Basilius
1076 2391 1091 2431 :
1135 2394 1156 2428 α
1192 2372 1366 2452 Jube,
1394 2373 1489 2433 dic
1521 2394 1654 2451 quae
1676 2378 1880 2441 viden-

231 2480 363 2547 tur;
399 2464 655 2525 multum
693 2460 851 2522 enim
891 2460 1104 2534 debeo,
1138 2462 1395 2524 maxime
1426 2462 1497 2523 ob
1535 2466 1614 2525 tui
1659 2466 1733 2527 ad
1787 2488 1880 2531 me

230 2564 526 2620 adventus
574 2562 949 2630 assumptum
1001 2550 1290 2613 laborem.
1338 2598 1344 2604 .
1392 2552 1465 2614 Et
1517 2556 1883 2619 honorabilis

226 2648 489 2729 Ephrem
522 2642 595 2704 ad
627 2643 817 2722 ipsum
857 2658 869 2702 :
912 2664 934 2697 α
966 2642 1137 2714 Novi,
1173 2643 1348 2703 Pater
1378 2653 1604 2711 sancte.
1642 2646 1767 2708 fore
1796 2658 1876 2723 ut,

228 2741 269 2799 si
301 2754 434 2818 quae
466 2753 500 2794 a
531 2735 654 2795 Deo
680 2736 1046 2810 poposceris,
1081 2732 1208 2810 ipse
1236 2733 1514 2811 praebeat.
1552 2735 1737 2814 Cupio
1769 2756 1879 2799 au-

230 2838 350 2889 tem
384 2842 493 2905 pro
530 2841 625 2883 me
656 2838 850 2899 roges,
888 2830 948 2881 ut
979 2822 1181 2883 Graece
1205 2822 1361 2902 loqui
1397 2824 1646 2903 possim.
1688 2851 1710 2879 η
1777 2827 1881 2887 Cui

226 2916 519 2980 Basilius:
554 2936 581 2966 α
608 2912 756 2973 Rem
784 2910 1091 2990 postulasti
1116 2913 1501 2973 excedentem
1536 2914 1708 2975 vires.
1736 2915 1883 2987 Quia

227 3002 625 3068 nihilominus
648 2999 764 3059 ﬁde
796 3000 1016 3078 petisti,
1046 3001 1203 3073 veni,
1243 3003 1411 3060 Pater
1440 3004 1877 3068 venerabilissi-

226 3115 325 3157 me
354 3099 667 3168 eremique
699 3088 1029 3169 praeposite,
1066 3100 1124 3150 et
1172 3088 1489 3153 Dominum
1545 3110 1825 3170 rogemus
1859 3117 1872 3159 :

224 3194 441 3267 potens
472 3184 633 3244 enim
664 3188 771 3253 est,
806 3184 871 3238 ut
900 3178 1076 3241 faciat
1104 3181 1462 3241 voluntatem
1500 3190 1658 3243 tuam
1693 3207 1705 3251 :
1743 3205 1875 3248 nam
1899 3198 1938 3248 i’:

226 3277 520 3356 scriptum
555 3283 642 3335 est
678 3295 691 3338 :
738 3273 1123 3337 Vvituntatem
1148 3271 1489 3334 timentium
1509 3289 1569 3331 se
1591 3272 1800 3348 faciet,
1828 3275 1883 3330 et

226 3366 721 3447 deprecationem
772 3382 976 3427 corum
1005 3361 1315 3435 exaudiet,
1362 3367 1418 3423 et
1446 3361 1649 3423 salvos
1706 3362 1885 3447 faciet

229 3476 332 3520 eos
352 3456 473 3535 tu).
509 3480 529 3512 ι
559 3458 701 3517 Cum
736 3463 934 3516 autem
963 3453 1063 3514 diu
1089 3458 1381 3528 orassent,
1412 3449 1491 3510 ait
1514 3450 1756 3527 Magnus
1782 3446 1886 3508 Ba-

229 3548 403 3608 silius
437 3563 451 3607 :
486 3569 511 3599 «
543 3547 685 3624 Cur,
718 3543 959 3607 domine
982 3543 1266 3622 Ephrem,
1301 3556 1535 3599 sacram
1567 3538 1885 3600 sacerdotii

229 3634 699 3712 ordinationem,
740 3632 844 3693 tibi
879 3648 1223 3711 congruam,
1256 3647 1373 3688 non
1406 3627 1685 3707 accipis?
1724 3650 1746 3685 ι)
1781 3625 1888 3688 Cui

232 3727 496 3807 Ephrem
532 3740 639 3803 per
662 3722 1048 3801 interpretem
1086 3740 1099 3780 :
1148 3717 1347 3789 «Quia
1372 3725 1644 3796 peccator
1660 3736 1816 3779 sum.
1854 3740 1881 3771 »

230 3813 564 3897 Respondit
600 3812 655 3873 ei
684 3813 931 3890 Magnus
962 3807 1213 3873 Basilius
1254 3828 1266 3869 :
1322 3828 1349 3865 ι
1386 3807 1619 3897 Utinam
1676 3816 1733 3868 et
1781 3824 1887 3897 ego

232 3895 372 3969 talis
402 3911 685 3985 peccator
715 3920 908 3965 essem
942 3901 955 3960 Ξ
1000 3925 1019 3956 ι
1062 3898 1334 3977 Dixitque
1362 3896 1437 3956 ad
1470 3914 1605 3985 enm
1642 3908 1655 3955 :
1700 3920 1726 3951 «
1765 3895 1891 3985 Fle-

233 3983 466 4059 ctamus
487 4010 703 4072 genua.
730 4011 760 4050 ›
785 3989 856 4052 Et
879 4009 1011 4053 cum
1040 3987 1204 4050 humi
1228 3983 1507 4064 prostrati
1536 3996 1757 4064 essent,
1782 3984 1893 4044 im-

234 4084 436 4167 posuit
455 4081 774 4145 bii-rarcba
798 4098 1008 4142 manus
1031 4086 1234 4140 sancto
1265 4075 1524 4155 Ephrem
1552 4094 1568 4150 ;
1593 4074 1888 4167 recitans-

234 4161 357 4257 que
388 4172 735 4235 orationem
767 4169 1026 4245 diaconi,
1061 4166 1207 4228 dicit
1225 4165 1307 4257 ad
1342 4165 1533 4243 ipsum
1570 4184 1583 4223 :
1626 4161 1890 4257 {Quaeso

236 4253 315 4345 te,
350 4281 460 4325 nos
493 4261 678 4340 erige.
711 4283 731 4315 ι
762 4261 957 4340 Atque
990 4267 1128 4318 tunc
1150 4255 1345 4345 soluta
1374 4263 1434 4316 et
1452 4253 1731 4345 expedita
1761 4253 1890 4345 ejus

230 4340 461 4434 lingua,
482 4351 630 4413 dixit
648 4352 706 4413 S.
734 4348 994 4430 Ephrem
1018 4347 1178 4408 clare
1203 4344 1405 4434 lingua
1431 4342 1634 4434 Graeca
1664 4360 1677 4404 :
1713 4367 1739 4397 α
1766 4340 1889 4403 Sal-

231 4433 340 4519 va,
360 4445 677 4514 miserere,
709 4438 1025 4516 resuscita,
1057 4445 1117 4498 et
1146 4433 1378 4497 custodi
1412 4451 1541 4507 nos,
1578 4433 1761 4506 Deus,
1788 4440 1888 4492 tua

1965 2201 2167 2260 animo
2202 2200 2330 2279 pius
2363 2198 2558 2259 omnis
2591 2198 2869 2277 populus,
2902 2196 3002 2257 diu
3030 2208 3327 2279 noctuque
3372 2202 3617 2263 orabant

1964 2290 2175 2361 Deum,
2214 2300 2273 2349 ut
2303 2306 2380 2350 ne
2409 2289 2539 2365 ejus
2574 2287 2827 2348 ecclesia
2849 2285 3145 2347 stabulum
3170 2288 3616 2352 ﬁeretetsenti-

1963 2398 2037 2439 na
2068 2380 2398 2441 hmreseon.
2423 2376 2625 2454 Pergit.
2650 2377 2850 2455 itaque
2875 2374 3130 2437 Nicaaam
3153 2384 3485 2442 communis
3511 2380 3619 2443 Ec-

1963 2469 2277 2529 clesiarum
2325 2484 2547 2545 praeses
2600 2465 2872 2545 Basilius,
2897 2466 2971 2525 ad
3026 2484 3203 2546 quem
3254 2486 3619 2533 concurrens

1964 2565 2236 2619 universa
2265 2557 2736 2618 orthodoxorum
2772 2553 3114 2628 multitudo,
3148 2558 3333 2617 multo
3354 2560 3619 2623 clamore

1964 2646 2340 2725 expostulant
2369 2644 2756 2724 imperatoris
2786 2642 3089 2722 injuriam.
3118 2643 3195 2706 At
3230 2645 3329 2706 ille
3358 2648 3429 2708 ad
3462 2668 3564 2711 eos
3598 2673 3612 2715 :

1973 2760 1995 2793 α
2033 2734 2140 2810 Ne,
2205 2734 2409 2797 dilecti
2468 2733 2599 2808 ﬁlii,
2657 2731 3032 2812 ploraveritis
3093 2753 3107 2792 :
3160 2734 3615 2819 haudquaquam

1968 2827 2127 2887 enim
2162 2824 2315 2886 istud
2352 2825 2511 2885 Deus
2572 2826 2629 2882 in
2680 2822 2861 2882 ﬁnem
2920 2823 3269 2900 permittet:
3330 2828 3622 2891 sustinete

1966 2934 2102 2976 vero
2139 2912 2510 2990 longanimes
2535 2910 2723 2991 ipsius
2753 2908 3245 2974 misericordiam.
3280 2935 3310 2973 »

2046 3003 2252 3076 Porro,
2291 3002 2593 3080 ingressus
2617 2999 3211 3079 Constantinopolim,
3246 3002 3347 3063 ubi
3394 3004 3616 3070 Valeri-

1965 3105 2081 3156 tem
2117 3094 2537 3190 imperatorem
2571 3089 2839 3190 vidisset,
2877 3087 3042 3190 .dilxit
3072 3111 3084 3147 :
3113 3111 3153 3189 1(
3188 3093 3235 3154 Ο
3270 3094 3620 3190 imperator,

1962 3186 2176 3247 Honor
2206 3184 2371 3262 regis
2383 3181 2687 3259 judicium
2710 3177 2913 3267 diligit
2936 3178 3008 3257 (ε)
3040 3195 3051 3236 :
3073 3180 3271 3260 aitque
3291 3177 3614 3267 Sapientia,

1964 3275 2271 3337 .ludtcium
2288 3270 2700 3352 regisjustitiu
2723 3268 2802 3341 (ct;
2818 3266 2957 3329 .Cur
2971 3286 3110 3347 ergo
3124 3278 3502 3355 praesumpsit
3522 3266 3618 3342 tua

1963 3358 2672 3433 dominatio,orthodoxis
2695 3357 3076 3436 suaipsorum
3112 3361 3367 3425 ecclesia
3391 3370 3618 3445 pulsis-

1971 3453 2123 3515 male
2151 3468 2327 3512 sanos
2354 3450 2412 3508 in
2434 3448 2553 3508 ﬁde
2574 3448 2633 3508 in
2661 3466 2791 3509 eam
2820 3449 3050 3509 mittere
3072 3454 3099 3510 '2
3128 3473 3154 3504 n
3183 3451 3281 3512 Ait
3304 3451 3520 3518 Valens
3543 3463 3616 3520 ad

1969 3562 2105 3606 eum
2137 3559 2150 3604 :
2201 3562 2223 3596 ο
2255 3540 2617 3613 Rursumne,
2646 3536 2848 3612 Basili,
2871 3536 2944 3596 ad
2967 3541 3387 3603 contumeliam
3414 3564 3618 3611 versus

1969 3651 2032 3694 es
2064 3638 2090 3694 ‘t
2112 3628 2195 3692 Ea
2212 3646 2310 3690 res
2336 3625 2441 3689 tibi
2462 3646 2581 3687 non
2606 3626 2901 3702 congruit.
2936 3652 2958 3684 ν
2985 3626 3339 3693 Aitsanctus
3366 3655 3379 3695 :
3409 3657 3437 3695 ››
3466 3638 3621 3700 Con,

1970 3728 2127 3800 gruit
2149 3719 2314 3793 mihi,
2353 3724 2415 3778 ut
2446 3734 2549 3797 pro
2572 3715 2793 3793 justilia
2824 3714 3102 3792 bonoque
3123 3717 3302 3780 etiam
3332 3726 3610 3791 moriar.»

1973 3814 2301 3891 [inperator
2330 3806 2402 3869 ad
2432 3824 2567 3867 eum
2603 3823 2616 3867 :
2649 3828 2677 3865 ei
2706 3804 2975 3897 Vade,_tu
3003 3814 3129 3897 esto
3152 3807 3309 3871 inter
3334 3820 3616 3897 utrosque

1961 3902 2147 3988 judex
2184 3920 2197 3963 :
2232 3897 2365 3958 vide
2398 3906 2621 3966 tamen,
2658 3903 2720 3955 ut
2749 3892 3156 3988 ne‘aﬁ‘ectioni
3193 3897 3266 3958 ad
3328 3892 3613 3982 populum

1974 3984 2136 4052 tuum
2164 3990 2568 4050 concesseris:
2601 4003 2716 4045 non
2738 3984 2895 4045 enim
2923 3986 3152 4047 decet.»
3175 3989 3270 4049 Ait
3290 3988 3391 4052 ille
3415 3993 3613 4073 impe-

1971 4085 2151 4143 ratori
2190 4100 2202 4141 :
2239 4103 2265 4133 α
2300 4078 2358 4139 Si
2391 4074 2672 4138 habueris
2700 4094 2817 4155 quo
2863 4076 3269 4157 reprehendas
3311 4080 3609 4159 judicium

1974 4188 2195 4250 meum,
2223 4168 2387 4249 juste
2418 4174 2475 4227 et
2500 4184 2592 4226 me
2624 4165 2830 4226 exsilio
2858 4166 3080 4247 relega,
3116 4168 3328 4230 etillos
3355 4176 3608 4253 expelle,

1973 4260 2408 4338 ecclesiamque
2429 4253 2749 4317 victoribus
2776 4254 3265 4319 tribue.»Abiens
3284 4259 3483 4339 itaque
3505 4265 3609 4324 Ni-

1972 4368 2153 4413 caeam
2176 4367 2311 4411 cum
2343 4346 2550 4407 litteris
2582 4343 2865 4425 Valentis,
2901 4346 3208 4406 admonuit
3258 4353 3507 4413 Arianos
3557 4365 3613 4416 et

1973 4440 2118 4501 dixit
2152 4462 2165 4503 :
2208 4464 2233 4495 α
2270 4439 2426 4500 Ecce
2450 4436 2774 4514 imperator
2816 4433 2963 4495 mihi
3017 4434 3296 4513 injunxit,
3355 4439 3560 4504 dicens
3595 4465 3609 4507 :

226 4535 439 4617 gratia.
472 4556 496 4589 ιι
528 4531 600 4593 Et
621 4528 864 4609 impleta
889 4536 979 4589 est
1000 4528 1312 4617 Scriptura
1338 4522 1552 4617 enim:
1574 4521 1891 4617 satietst'c-
1917 4526 2139 4600 oVade
2167 4536 2224 4589 et
2249 4527 2409 4607 juste
2443 4525 2596 4584 inter
2629 4524 2900 4599 Arianos,
2937 4532 2996 4584 et
3039 4525 3143 4600 qui
3172 4527 3409 4607 sapiunt
3466 4551 3612 4594 con-

229 4611 270 4689 ἷι
284 4636 305 4687 t
321 4639 537 4686 cervus
558 4618 848 4699 claudus,
876 4624 934 4681 et
954 4622 1169 4697 aperta
1193 4615 1306 4676 erit
1327 4614 1544 4702 lingua
1564 4611 1898 4702 balbutien.
1984 4617 2566 4695 substantialitatem,
2583 4631 2765 4693 super
2778 4614 3241 4696 ecclesia,quam
3257 4628 3481 4681 armata
3502 4622 3617 4702 ipsi

234 4718 391 4779 tium
420 4712 533 4792 (ὁ).
559 4707 828 4789 Cumque
851 4706 954 4768 ille
977 4723 1047 4767 ex
1074 4713 1343 4784 tempore
1364 4701 1567 4763 omnia
1588 4699 1788 4792 Graece
1806 4701 1882 4761 lo.

1980 4725 2159 4768 manu
2180 4706 2480 4782 rapuistis,
2497 4705 2722 4783 judica.
2760 4727 2781 4760 ν
2809 4704 2884 4766 At
2907 4704 2993 4765 illi
3024 4725 3037 4766 :
3066 4728 3087 4761 α
3119 4703 3232 4768 Sed
3261 4725 3335 4769 ex
3353 4699 3618 4791 impera-

233 4790 549 4888 queretur,
571 4799 703 4880 ipsa
724 4800 868 4888 hora
887 4796 1378 4888 gloriﬁcaverunt
1393 4793 1609 4888 Deum,
1636 4790 1737 4871 qui
1760 4810 1882 4888 om.-

1981 4797 2125 4888 toris
2143 4795 2455 4888 sententia.
2477 4819 2503 4850 ι
2533 4792 2679 4854 Tum
2701 4793 2787 4854 illi
2811 4814 2830 4854 .·
2867 4818 2893 4850 ››
2917 4794 3154 4876 Venite,
3179 4795 3413 4879 ipsique
3432 4790 3490 4861 et
3512 4820 3615 4863 or-

236 4880 334 4958 nia
355 4900 553 4975 potest
576 4897 634 4951 et
654 4886 893 4950 exaudit
920 4904 1131 4975 preces
1152 4880 1734 4975 timentium-ipsum.
1763 4881 1893 4975 Spi-
1977 4886 2607 4975 thodoxi;clausaque,
2632 4890 2691 4944 et
2722 4890 3110 4975 utrorumque
3150 4886 3358 4964 sigillis
3393 4892 3620 4954 munita

236 4970 390 5048 ritali
426 4986 627 5061 itaque
658 4976 865 5041 laetitia
896 4994 1027 5037 cum
1053 4974 1171 5036 illis
1194 4972 1392 5036 triduo
1412 4970 1695 5045 rcfeclus,
1731 4970 1892 5031 0rdi~
1976 4976 2255 5051 ecclesia,
2290 4974 2560 5053 datisque
2593 4970 2964 5048 custodibus,
3008 4991 3111 5036 vos
3166 4975 3346 5055 primi
3408 4988 3619 5042 euntes

316 5158 951 5239 (54iPra3decessores
971 5154 1156 5239 uestri
1198 5153 1243 5239 l_
1264 5148 1686 5239 [februariitin
1711 5149 1889 5239 Cotn-
1972 5155 2145 5239 rendi
2178 5153 2442 5234 Ephrem
2471 5151 2879 5239 presbyterum
2929 5152 3121 5239 fuisse
3155 5156 3394 5239 :_po_tu_it
3452 5158 3613 5219 enim

242 5229 541 5306 mentario
578 5237 803 5320 praevio
839 5235 912 5320 ad
943 5245 1075 5320 acta
1110 5237 1168 5320 S_.
1202 5232 1461 5313 Ephrem
1496 5229 1683 5320 εχτὶιὲ
1716 5230 1773 5303 3,
1817 5229 1894 5320 de
1975 5234 2048 5320 ab
2091 5236 2202 5320 hoc
2233 5229 2522 5320 auctore,
2554 5229 2683 5320 _au’t
2725 5231 2839 5320 alio
2877 5233 3094 5320 _simili,
3156 5229 3352 5318 decipi
3409 5249 3617 5301 auctor

240 5325 427 5405 gradu
460 5309 596 5405 ejus
639 5315 1051 5405 ecclesiastico
1105 5309 1518 5405 disputantes,
1543 5309 1894 5405 juldicarunt
1974 5314 2288 5405 Men‘elog‘ii
2321 5313 2519 5405 Basilii
2550 5311 2949 5405 imperatoris,

242 5389 387 5467 nihil
420 5389 661 5479 ob'esse,
696 5416 815 5475 quo
850 5397 1045 5481 minus
1069 5389 1373 5481 presbyter
1392 5389 1702 5481 ordinatus
1728 5390 1889 5481 credi
1976 5471 2011 5481 Ἀ
2058 5396 2182 5481 (55)
2213 5389 2291 5454 De
2324 5395 2433 5481 hoc
2465 5389 3130 5481 pseudo-Amphilochi
3159 5415 3363 5481 errore
3394 5400 3486 5481 egi
3538 5400 3611 5481 ad

242 5494 463 5567 posset,
497 5483 547 5543 si
580 5470 885 5541 constaret
914 5470 1327 5567 Vi-tam_.hancn
1354 5472 1427 5533 ab
1466 5470 1888 5567 Amphilophio
1973 5470 2419 5567 Brologumzubi
2452 5470 2587 5567 noto
2620 5470 2935 5567 quodth
2967 5477 3217 5567 historia
3248 5478 3321 5539 de
3359 5470 3614 5567 ecclesia

236 5550 521 5646 scriptam
546 5577 689 5646 esse
710 5578 737 5646 _:
776 5576 909 5646 nam
941 5556 1191 5636 objectis
1221 5573 1253 5646 a
1287 5552 1540 5646 Baronio
1581 5550 1881 5646 satisfecit
1969 5550 2235 5646 Nicaena,
2262 5552 2604 5646 orthodoxis
2635 5553 2907 5646 restituta
2937 5556 3046 5617 sub
3078 5558 3345 5632 Valente,
3393 5559 3613 5620 omissa

234 5630 634 5710 Conibeﬁsius
665 5639 784 5701 hic.
818 5630 1039 5699 Verum
1071 5655 1204 5699 cum
1239 5637 1362 5697 liazc
1392 5636 1540 5695 Acta
1563 5630 1879 5708 Amphilo-
1965 5643 2054 5696 est
2082 5635 2154 5697 ab
2190 5637 2338 5698 Urso
2361 5632 2514 5714 apud
2550 5634 2969 5712 Rosweydum.

233 5727 358 5790 chii
381 5743 499 5787 non
520 5722 661 5798 sint,
686 5719 915 5782 nullum
939 5724 1215 5801 superest
1236 5714 1689 5777 fundamentum
1712 5727 1878 5772 asse-

2034 5872 2105 5943 (e)
2135 5867 2283 5943 Beat.
2318 5870 2597 5943 xcvuid.

308 5892 388 6033 Eg;
415 5884 803 6019 ἱέωὶὲευέ,
835 5880 921 5936 19.

2034 5880 2105 5943 (ο)
2137 5880 2283 5928 Psai.
2318 5880 2511 5937 xcvui,
2544 5880 2572 5923 Α

2030 5941 2107 6016 (d)
2134 5940 2303 6000 Prov.
2335 5949 2449 6008 xvr,
2483 5938 2572 5998 13.

304 5960 388 6041 (δ)
418 5961 523 6019 in.
552 5965 726 6024 xxxv,
758 5960 812 6012 δ.
