4096 6210
449 290 824 355 EXCERPTA
875 289 973 351 EX
1019 289 1239 350 ACTIS
1282 290 1340 349 S.
1388 290 1668 351 BASILII
1712 288 2295 351 BOLLANDIANIS.
2336 323 2395 337 -
2455 294 2641 355 VITA
2684 292 3172 362 APOCRYPHA.
3336 318 3555 370 CCCXIII

238 428 444 510 placita.
465 423 616 497 Quod
641 423 838 503 itaque
861 421 922 482 in
945 422 1145 498 Petro,
1186 420 1374 483 Patris
1398 422 1584 483 nostri
1632 421 1897 485 BasiliiA
1920 419 2023 483 illa
2056 445 2069 485 :
2112 446 2133 479 ‹ι
2174 423 2314 487 Sum
2350 428 2409 488 in
2442 426 2715 491 manibus
2749 431 2885 505 tuis,
2910 432 3433 500 honorabilissime
3457 444 3567 505 Pa-

239 521 414 589 fratre,
466 522 584 595 post
630 516 949 574 Macrinam
1009 512 1275 573 omnium
1332 513 1671 591 magistram
1720 514 1837 581 luci
1924 518 2031 573 ter.
2076 538 2098 569 o
2136 512 2319 577 Porro
2342 517 2524 595 jussit
2555 530 2793 581 sanctus
2824 520 2951 595 Dei,
2982 530 3047 584 ut
3072 526 3304 587 modius
3331 530 3562 595 ferreus

240 610 458 688 primum
488 604 656 680 edito,
691 611 923 680 gestum
950 610 1037 662 est
1057 601 1291 681 signum
1317 619 1422 664 seu
1459 602 1831 680 miraculum,
1920 602 3559 701 aii-erratur,plenusardentissimislampadibus,aitque;

235 699 604 761 corroborante
624 693 877 756 Domino
902 702 1104 754 nostro
1128 692 1266 756 Jesu
1288 692 1834 774 Christo,enarrare
1927 715 1953 745 α
1986 691 2252 774 EXplica,
2281 697 2522 759 domina
2554 700 2630 759 mi
2662 718 2901 779 sponsa,
2934 691 3173 777 pallium
3208 691 3373 767 tuum
3402 731 3414 772 :
3441 691 3469 766 is
3506 724 3565 773 et

229 799 413 849 statuo.
447 788 647 845 Petrus
678 783 799 863 hic,
834 783 1135 880 secundus
1167 783 1269 844 ille
1299 781 1533 880 Petrus,
1570 783 1669 880 ille
1702 794 1833 880 post
1919 782 2254 880 explicavit.
2277 785 3093 880 Aitqueiis-quihajolabant:
3118 794 3561 880 nMittiteinip-

222 880 427 939 Petrum
458 873 777 953 paincipem
801 872 969 933 illum
1001 871 1233 953 Petrus;
1268 871 1694 934 sacerdotalem
1728 873 1832 937 Se-
1915 888 2043 965 sum
2072 873 3390 965 flammatissimaslampadespmiseruntque.
3417 871 3559 951 Tu'm

220 967 446 1027 bastenaa
469 964 741 1041 civitatis,
773 962 1029 1039 benigna
1064 962 1169 1022 Dei
1206 962 1397 1023 nostri
1428 971 1486 1023 et
1515 961 1701 1023 Patris
1734 964 1828 1024 lu-
1914 960 1993 1049 ait
2024 980 2257 1041 sponsae
2289 986 2301 1026 :
2344 988 2365 1020 ‹‹
2403 964 2568 1027 Tene
2598 967 2659 1026 in
2692 968 2803 1029 hoc
2838 970 3168 1049 maphorio,
3200 960 3391 1037 donec
3454 979 3561 1040 tibi

223 1056 413 1116 mitium
445 1051 832 1132 providentia,
867 1052 1116 1131 adeptus
1148 1050 1381 1127 sedem;
1416 1070 1551 1113 cum
1587 1054 1831 1132 propria
1915 1047 2132 1110 dicam.
2166 1078 2191 1107 ι
2216 1053 2433 1130 Aitque
2463 1076 2475 1117 :
2507 1076 2535 1115 »
2566 1057 2784 1117 Alferte
2814 1047 3006 1119 adhuc
3026 1060 3362 1141 lampadem
3386 1067 3557 1129 aliam

222 1145 378 1218 adest,
408 1160 582 1203 uxore
607 1141 845 1221 quidem
874 1142 1337 1221 nuncupatione,
1366 1160 1475 1201 usu
1498 1159 1635 1202 vero
1666 1160 1832 1202 soro-
1915 1141 2401 1227 accensissimam
2437 1166 2449 1207 :
2490 1169 2513 1203 ν
2553 1146 3015 1227 attuleruntque.
3050 1148 3199 1212 Tum
3233 1152 3333 1215 ille
3362 1155 3556 1220 fratri:

221 1253 290 1295 re.
322 1234 393 1294 Eo
424 1231 745 1293 Ecclesiam
784 1230 944 1291 illam
989 1230 1294 1310 sapienter
1343 1229 1826 1293 administrante,
1924 1225 2245 1317 «rExplice,
2285 1232 2527 1296 domine
2556 1236 2762 1312 frater,
2800 1225 3077 1317 penulam
3101 1249 3258 1303 tuam
3284 1264 3298 1305 :
3329 1267 3358 1302 ι)
3387 1254 3563 1309 etex-

222 1324 468 1385 aemulatio
494 1320 896 1383 turbatoribus
916 1320 1131 1380 animis
1157 1319 1697 1381 excitantibusorta
1716 1325 1827 1383 est:
1917 1316 2175 1396 plicavit,
2212 1320 2363 1383 Tum
2396 1322 2496 1385 ille
2532 1347 2544 1386 :
2588 1349 2613 1383 tt
2648 1316 2855 1387 Mittite
2884 1326 2944 1387 in
2977 1329 3165 1406 ipsum
3205 1348 3218 1389 :
3252 1353 3279 1391 )›
3310 1342 3369 1394 et
3388 1336 3562 1398 mise-

221 1414 461 1494 populum
492 1411 651 1472 enim
680 1416 1077 1490 provocarunt
1106 1410 1394 1484 dicentes,
1424 1409 1590 1471 nefas
1613 1429 1748 1471 esse
1772 1426 1831 1480 ut
1918 1418 2080 1468 runt.
2116 1411 2260 1472 Cum
2292 1430 2429 1473 vero
2462 1413 2800 1477 diutissime
2834 1425 3100 1480 tene.ent
3138 1422 3222 1481 sic
3278 1441 3561 1488 accensas

218 1504 490 1582 episcopus
517 1520 641 1561 suae
673 1500 843 1560 uxori
875 1500 1249 1560 cohabitaret
1278 1516 1294 1574 ;
1348 1499 1649 1579 multaque
1680 1518 1830 1562 cona
1913 1496 2218 1578 lampades
2250 1510 2307 1563 et
2338 1512 2586 1580 starent,
2622 1510 2680 1566 in
2720 1517 3025 1587 stuporem
3089 1519 3256 1571 actus
3306 1516 3559 1593 populus

218 1593 357 1652 siliati
390 1598 576 1652 contra
612 1608 883 1651 normam
923 1607 1227 1650 sacrorum
1263 1608 1558 1650 canonum
1591 1590 1663 1651 ad
1712 1610 1824 1650 no-
1911 1604 2093 1679 super
2116 1608 2183 1650 eo
2217 1594 2374 1672 quod
2402 1593 2733 1671 videbatur,
2765 1597 3021 1660 clamare
3050 1590 3555 1679 cmpitet‘dicere:

216 1692 369 1742 strum
396 1688 713 1761 pastorem,
743 1678 888 1741 orbe
920 1688 1114 1740 autem
1142 1688 1261 1739 toto
1285 1678 1823 1741 celebratissimum
1910 1697 1939 1768 ξι
1976 1675 2261 1768 Dominus
2293 1683 2669 1746 conservabit
2698 1696 2939 1747 sanctos
2972 1675 3228 1768 suos,'et
3257 1690 3463 1757 beatos
3491 1696 3558 1755 il-

214 1770 473 1844 Basilium,
506 1768 648 1850 quid
680 1787 778 1829 res
810 1768 1057 1830 haberet
1082 1768 1479 1847 informaturi,
1509 1778 1819 1832 venerunt.
1848 1800 1886 1850 Β
1908 1763 1998 1857 los
2028 1766 2203 1829 faciet
2231 1769 2293 1831 in
2328 1780 2484 1833 terra
2516 1774 2615 1852 (bl.
2646 1796 2671 1832 ι
2709 1763 3220 1857 Projeceruntque
3279 1800 3560 1847 accensas

218 1860 296 1922 ille
321 1859 508 1938 gaudio
538 1857 989 1951 abundantiori
1015 1858 1317 1951 profusus,
1370 1858 1456 1951 ait
1494 1874 1507 1914 :
1550 1882 1572 1915 ς
1627 1860 1819 1951 Bene,
1907 1852 2257 1951 lampades;
2298 1878 2407 1951 nec
2446 1870 2574 1924 erat
2606 1864 2664 1924 in
2693 1864 2779 1925 eis
2810 1852 2902 1925 vel
2943 1864 3088 1925 fumi
3126 1852 3308 1945 iodor,
3363 1891 3557 1951 neque

215 1950 317 2029 ﬁlii,
347 1949 616 2011 veneritis
651 1966 665 2011 :
705 1946 850 2008 vado
902 1946 1206 2008 vobiscum
1239 1947 1309 2008 ad
1371 1948 1459 2008 rei
1517 1948 1823 2029 probatio-
1910 1946 2266 2007 vestimenta
2297 1948 2535 2012 illorum
2561 1951 2831 2013 ambusta
2860 1963 3017 2016 sunt.
3054 1953 3223 2018 Tunc
3253 1946 3557 2024 adducens

220 2057 348 2099 nem.
384 2063 403 2091 ιι
437 2037 867 2117 Profectusque
896 2034 1017 2097 ibat
1046 2055 1177 2098 cum
1238 2036 1355 2096 illis
1384 2036 1485 2130 ‘ad
1536 2036 1821 2130 Sebaste~
1906 2033 2183 2130 quinque
2216 2047 2449 2130 sanctos
2480 2041 2659 2118 viros,
2694 2042 2777 2105 ait
2806 2042 2925 2103 illis
2962 2065 2973 2106 :
3038 2066 3065 2104 (ς
3117 2045 3349 2109 Edicite
3398 2053 3557 2130 quod

226 2146 329 2188 nam
370 2125 740 2207 metropolim
798 2147 811 2188 ;
873 2127 1084 2187 peti-us
1132 2134 1328 2187 autem
1380 2126 1563 2206 ipsius
1614 2128 1818 2202 frater,
1905 2120 2137 2220 vidistis
2169 2126 2229 2188 in
2255 2129 2627 2191 sanctissima
2656 2132 2930 2194 ecclesia.
2982 2159 3006 2188 ››
3044 2120 3559 2220 Narraveruntque

219 2219 427 2278 adventu
456 2218 582 2295 ejus
623 2216 883 2295 cognito,
918 2214 973 2276 ei
1002 2216 1263 2277 occurrit
1311 2214 1384 2277 ab
1412 2224 1543 2278 octo
1600 2217 1821 2279 millia-
1908 2214 2151 2303 populo,
2186 2224 2249 2277 ut
2276 2217 2562 2279 vidissent
2610 2229 2844 2281 sanctos
2890 2223 3154 2303 angelos,
3208 2214 3559 2291 ventilantes

214 2306 799 2385 ribus;exhibitaque
830 2304 1031 2365 debita
1086 2306 1443 2385 reverentia,
1478 2324 1543 2366 ac
1579 2306 1639 2367 in
1696 2310 1819 2370 Do-
1903 2300 2266 2391 inculpatum
2336 2324 2542 2369 eorum
2619 2309 2814 2371 cubile
2865 2332 2877 2371 :
2954 2300 3011 2372 et
3078 2300 3561 2391 glorificaverunt

215 2397 341 2456 mino
367 2384 979 2474 osculatuspgratiose
1010 2393 1327 2455 subridens
1353 2384 1689 2457 dinitfratri
1712 2416 1820 2459 suo
1905 2384 2121 2472 Deum,
2156 2394 2258 2474 Qui
2286 2396 2427 2458 facit
2457 2398 2750 2460 mirabilia
2771 2418 2985 2475 magna
3015 2384 3552 2470 et'inscrutabilia.

212 2493 253 2545 et
279 2486 412 2547 Patri
452 2491 661 2547 nostro
693 2482 910 2544 Basilio
948 2499 961 2544 :
999 2505 1021 2539 α
1076 2480 1379 2564 Tanquam
1410 2483 1483 2544 ad
1528 2483 1819 2547 latronem
1907 2480 2175 2573 Cumque
2196 2493 2434 2548 sanctus
2466 2488 2636 2549 Pater
2680 2497 2880 2549 noster
2928 2488 3177 2553 Basilius
3225 2512 3428 2573 pacem
3496 2499 3558 2559 in

212 2574 391 2649 exiisti,
422 2574 669 2635 domine
699 2572 905 2647 frater,
940 2590 1073 2633 cum
1126 2573 1321 2653 turba,
1378 2582 1441 2634 ut
1494 2592 1589 2636 me
1638 2594 1817 2654 cape-
1906 2569 2156 2631 Domino
2201 2573 2468 2651 dixisset,
2504 2576 2727 2638 reversi
2757 2597 2964 2641 sumus
2994 2580 3056 2640 in
3087 2569 3348 2645 nostram
3405 2587 3557 2648 civi-

210 2683 283 2724 ιρε
309 2666 405 2742 (α),
443 2690 467 2719 ν
1908 2666 2108 2740 tatem,
2141 2664 2556 2743 gloriﬁcantes
2590 2666 2819 2748 Deum,
2851 2671 2959 2746 qui
2986 2670 3149 2733 dedit
3197 2681 3554 2750 potestatem

268 2754 393 2815 Cum
424 2764 626 2816 autem
662 2753 1203 2832 essemusingressi
1226 2753 1283 2813 in
1310 2753 1519 2815 urbem
1547 2753 1823 2819 Sebaste-
1907 2751 2093 2811 talem
2126 2752 2476 2817 hominibus
2508 2756 2610 2836 (ο).

203 2861 329 2917 nam,
355 2843 789 2924 fuissemusque
815 2842 1039 2923 precati
1062 2843 1121 2902 in
1140 2843 1650 2906 venerabilissimo
1676 2854 1823 2907 tem-
1990 2840 2122 2901 Fuit
2153 2844 2525 2920 temporibus
2542 2848 2895 2909 sanctissimi
2915 2867 2983 2910 ac
3006 2848 3330 2913 beatissimi
3354 2856 3556 2918 archi-

203 2932 277 3009 plo
302 2936 621 3014 Martyrum,
648 2932 1822 3023 multiplicicoronaillustriumiquadra-
1907 2928 2180 3023 episcopi
2196 2932 2417 3009 Basilii,
2444 2935 2699 2997 hmredis
2722 2937 2882 2999 illius
2903 2940 3069 3017 regni
3108 2940 3351 3023 Christi,
3410 2948 3561 3008 vasis

197 3020 349 3096 ginta,
381 3022 847 3085 ascendentibus
884 3020 1056 3082 nobis
1077 3021 1151 3082 ad
1174 3039 1399 3083 sacram
1427 3022 1693 3104 episcopi
1720 3025 1825 3086 do-
1907 3019 2215 3082 electionis
2240 3023 2401 3084 illius
2432 3024 2532 3105 qui
2566 3028 2813 3104 portavit
2841 3027 3058 3089 Christi
3091 3049 3311 3093 nomen
3337 3019 3551 3096 coram

198 3128 352 3191 mum,
384 3112 660 3174 salutavit
692 3111 796 3172 ille
827 3110 1129 3171 dominam
1167 3130 1441 3190 sponsam
1468 3132 1482 3188 ;
1507 3122 1563 3174 et
1595 3114 1679 3173 ait
1708 3114 1816 3177 illi:
1906 3109 2183 3185 gentibus
2205 3120 2259 3171 et
2284 3113 2524 3191 regibus
2550 3125 2607 3175 et
2630 3115 2766 3175 ﬁliis
2788 3118 2992 3192 Israel,
3015 3117 3167 3179 sicut
3210 3120 3442 3183 divinus
3491 3135 3549 3185 et

201 3222 216 3249 ο
246 3202 415 3275 Salve,
450 3220 585 3264 vera
628 3219 757 3266 mea
790 3219 1029 3281 sponsa,
1058 3219 1162 3261 seu
1209 3206 1402 3281 potius
1440 3203 1696 3276 Christi:
1735 3209 1816 3269 tui
1839 3212 1879 3260 C
1905 3197 2112 3289 beatus
2142 3200 2461 3279 Apostolus
2492 3204 2601 3280 (d),
2642 3206 2854 3266 mulier
2894 3208 3188 3289 quzedam,
3223 3209 3439 3273 divitiis
3497 3223 3553 3275 et

192 3308 339 3351 causa
361 3302 509 3353 totus
533 3292 717 3353 nobis
739 3292 833 3353 hic
859 3290 1029 3352 labor
1051 3298 1389 3370 assumptus
1411 3294 1667 3355 est.»Ait
1689 3295 1810 3357 illa:
1902 3287 2212 3376 nobilitate
2244 3290 2427 3363 clara,
2460 3292 2828 3373 reliquisque
2859 3296 2930 3355 ad
2980 3314 3143 3357 vanae
3175 3287 3372 3376 hujus
3418 3302 3549 3364 vitae

197 3404 216 3433 α
239 3378 357 3441 Sum
387 3382 441 3442 in
464 3382 904 3456 manibustuis,
935 3380 1455 3443 honorabilissime
1479 3384 1674 3445 Pater.
1704 3383 1816 3445 Do-
1901 3374 2183 3456 obsequia
2220 3383 2579 3460 comparatis
2611 3402 2790 3462 supra
2820 3403 3029 3445 omnes
3058 3386 3231 3449 elata.
3262 3374 3400 3451 Haec
3429 3400 3553 3452 sta-

194 3470 357 3531 minus
383 3473 734 3534 occasiones
765 3471 905 3533 facit
940 3491 952 3529 :
993 3488 1203 3549 magno
1230 3472 1387 3531 enim
1416 3470 1714 3534 desiderio
1736 3484 1811 3536 te-
1900 3476 2021 3565 tuto
2054 3467 2684 3565 Vidoalomomplexai
2718 3475 2969 3565 turpitol‘
3002 3485 3290 3555 Potestate
3334 3479 3544 3565 abusa,

195 3578 311 3620 neor
336 3560 708 3642 amplexandi
747 3561 1037 3640 pretiosos
1063 3572 1192 3621 tuos
1227 3560 1409 3639 pedes
1445 3582 1459 3622 :
1506 3563 1675 3642 cujus
1725 3565 1813 3625 rei
1896 3556 2154 3636 seipsam
2180 3557 2331 3636 gulae
2357 3560 2716 3640 luxuriaeque
2740 3564 3118 3645 mancipavit;
3147 3566 3293 3628 nihil
3324 3556 3550 3631 habens

195 3668 402 3730 compos
430 3653 668 3725 effecta,
707 3650 928 3729 gratias
956 3668 1063 3725 ago
1116 3650 1366 3710 Domino
1396 3669 1555 3711 meo.
1620 3653 1816 3715 Faciet
1898 3665 2013 3724 quo
2041 3647 2302 3726 placeret
2326 3651 2470 3725 Deo,
2492 3651 2597 3710 sed
2626 3651 3095 3729 seipsaminstar
3115 3674 3427 3734 porcorum
3452 3678 3547 3719 vo-

195 3756 329 3819 ergo,
357 3743 606 3803 maximo
643 3739 792 3800 mihi
846 3739 1297 3819 prosequendus
1357 3739 1585 3803 honore
1646 3761 1815 3805 meus
1897 3735 2089 3796 lutans
2121 3735 2178 3795 in
2217 3736 2468 3797 luxuriae
2500 3756 2691 3799 Coeno.
2728 3740 2993 3801 Tandem
3028 3744 3250 3823 itaque,
3299 3746 3547 3827 dispen-

193 3826 354 3904 Pater,
381 3831 437 3891 in
470 3830 651 3891 ﬁliam
688 3847 881 3907 suam,
917 3846 1289 3910 quaecunque
1321 3828 1593 3892 voluerit.
1630 3857 1655 3887 υ
1685 3833 1814 3895 Ait-
1895 3839 2063 3886 same
2092 3828 2236 3899 Deo,
2275 3827 2569 3917 immensa
2601 3847 2708 3888 sua
2741 3840 2982 3908 peccata
3014 3831 3217 3894 animo
3240 3826 3545 3917 repetens,

197 3937 289 3997 que
314 3919 404 3981 ille
432 3920 644 3982 fratri;
685 3944 711 3971 «ο
757 3918 929 3997 Rogo
991 3929 1065 3993 te,
1106 3917 1347 3981 domine
1404 3920 1485 3980 mi
1514 3920 1719 3997 frater,
1755 3932 1819 3985 ut
1903 3922 2220 3995 menteque
2250 3915 2485 3977 coalitus
2514 3916 2826 3993 iilustrata,
2864 3932 3039 4000 atque
3067 3924 3318 3984 seorsim
3372 3915 3544 3988 tacite

194 4027 287 4068 una
312 4028 432 4071 cum
470 4009 719 4071 domina
749 4025 966 4089 sponsa
997 4027 1130 4070 mea
1161 4007 1422 4070 dormias
1452 4008 1513 4069 in
1562 4013 1814 4073 sanctis-
1898 4022 2103 4084 agens,
2132 4022 2383 4084 pensare
2407 4009 2588 4086 C(Bpit
2617 4007 3056 4072 multitudinem
3080 4031 3321 4073 suorum
3340 4033 3548 4093 pecca-

193 4097 315 4159 siina
341 4099 612 4163 ecclesia.
656 4124 683 4155 ››
722 4100 800 4160 At
831 4098 931 4159 ille
960 4098 1034 4159 ad
1065 4117 1199 4159 eum
1238 4118 1254 4158 :
1290 4124 1315 4159 ‹
1352 4097 1586 4161 Faciam
1635 4101 1814 4182 quid-
1902 4102 2091 4155 torum
2127 4116 2139 4157 :
2171 4094 2433 4175 dixitque
2453 4096 2922 4160 lamentabiliter
2946 4100 3186 4179 plorans
3216 4103 3541 4165 :«Heulme

187 4186 303 4263 quid
324 4189 591 4267 jusseris,
627 4188 777 4250 sicut
811 4186 1003 4248 debeo
1040 4208 1054 4250 :
1090 4187 1373 4268 fecitque.
1410 4209 1437 4248 »
1481 4190 1816 4253 Assumens
1902 4184 2295 4264 peccatricem
2314 4186 3545 4269 etquuriosamlquomodoimmensaquaa

190 4294 307 4355 ergo
335 4289 571 4341 sanctus
600 4277 778 4340 Pater
813 4285 1015 4339 noster
1063 4277 1384 4340 nonnullos
1414 4281 1535 4342 Deo
1586 4281 1815 4343 amatos
1899 4276 2133 4355 peccavi
2157 4274 2484 4336 confitebor
2512 4285 2571 4336 et
2602 4276 2851 4355 expiaho
2883 4284 2909 4339 ?
2940 4278 3255 4358 Templum
3289 4283 3543 4361 Spiritus

188 4375 231 4425 et
259 4367 544 4445 spiritales
605 4368 782 4441 viros,
815 4366 1077 4446 quinque
1134 4385 1408 4443 numero,
1469 4386 1540 4431 ex
1596 4370 1813 4447 quibus
1898 4364 2324 4443 sanctipollui;
2363 4364 3351 4443 habitantemincorporeanimam
3372 4371 3540 4432 coin-

185 4474 310 4515 unus
341 4474 460 4519 rem
498 4456 689 4538 probe
722 4464 916 4532 norat;
943 4455 1122 4517 etiam
1154 4455 1283 4536 ipse
1305 4456 1365 4519 in
1391 4466 1593 4519 sancta
1610 4461 1807 4523 eccle-
1897 4455 2135 4535 quinavi
2161 4476 2173 4516 :
2204 4453 2331 4515 Heu
2354 4472 2449 4515 me
2476 4454 2488 4517 Ξ
2514 4457 2771 4535 proiecta
2796 4475 2953 4518 sum.
2978 4459 3127 4517 Num
3151 4459 3303 4519 sicut
3342 4478 3543 4522 mere-

182 4544 248 4604 sia
274 4544 556 4611 dormivit.
584 4547 760 4611 Circa
805 4545 1061 4607 mediam
1122 4554 1317 4607 autem
1376 4558 1611 4609 noctem
1675 4543 3544 4627 illosptrisilladicam:«Misereremei‘lnautsicutPublicanus:

181 4642 488 4700 suscitansa
518 4655 734 4698 somno
756 4636 835 4698 ait
867 4657 880 4699 :
913 4659 940 4691 α
970 4634 1120 4706 Quid
1151 4636 1358 4697 videtis
1384 4642 1541 4700 circa
1566 4639 1798 4705 fratrea

1926 4659 1929 4692 l
1962 4632 2225 4707 Peccavi,
2262 4657 2282 4689 ι
2319 4652 2451 4694 cum
2486 4641 2814 4714 praesertim
2850 4643 2981 4714 post
3011 4635 3368 4715 baptismum
3400 4658 3543 4718 pec-

186 4730 401 4787 meum?
436 4752 461 4782 ι
497 4728 571 4789 At
606 4726 696 4787 illi
733 4747 745 4787 :
787 4723 1109 4787 «Videmus
1146 4744 1359 4786 novum
1388 4726 1803 4796 miraculum.»
1898 4723 2151 4785 caverint
2173 4724 2202 4783 ?
2233 4723 2344 4794 Qui
2378 4740 2514 4782 vero
2547 4722 2765 4784 certior
2795 4724 2953 4797 fiam,
2991 4726 3147 4804 quod
3172 4727 3329 4788 Deus
3362 4726 3548 4806 paeni-

183 4812 268 4875 llle
295 4834 421 4879 vero
458 4840 471 4880 :
509 4841 541 4877 a
586 4816 899 4890 Quodnam
962 4815 1105 4875 illud
1136 4815 1167 4875 ‘I
1203 4841 1228 4871 ι)
1289 4818 1758 4898 Responderunt
1791 4843 1804 4886 :
1897 4822 2114 4876 tentem
2149 4810 2485 4891 suscipiet?
2545 4836 2567 4869 ll
2608 4814 2745 4873 Haec
2802 4829 2982 4891 porro
3040 4815 3167 4894 ipsa
3224 4817 3543 4893 cogitante,

188 4926 209 4953 α
240 4904 503 4969 videmus
538 4907 811 4985 angelos,
857 4904 1208 4966 ventilantes
1238 4906 1455 4968 lectum
1522 4909 1649 4987 ejus
1708 4910 1807 4972 in-
1893 4903 1945 4965 is
1974 4902 2236 4983 quivult
2265 4919 2467 4963 omnes
2498 4903 2698 4963 salvos
2736 4902 2873 4980 ﬁeri
2933 4911 2994 4963 et
3040 4904 3115 4965 ad
3172 4906 3547 4985 agnitionem

182 4993 533 5074 culpabilem.
579 5024 605 5055 ι)
644 4997 748 5059 Ait
776 5004 973 5057 autem
1002 5004 1240 5057 sanctus
1272 4995 1441 5058 Pater
1470 5008 1674 5060 noster
1701 5001 1808 5062 Ba—
1892 4994 2165 5058 veritatis
2191 4992 2399 5053 venire
2429 4992 2531 5070 (ϐ),
2569 5001 2626 5053 et
2674 4990 2976 5052 neminem
3041 4994 3161 5054 Volt
3206 4994 3426 5074 perire,
3485 4996 3547 5057 in

183 5081 324 5144 silius
356 5107 367 5149 :
407 5113 431 5142 ι
467 5086 711 5148 Nemini
745 5085 1010 5147 dixeritis
1041 5086 1201 5165 quud
1231 5085 1489 5149 vidistis.
1537 5111 1559 5145 υ
1893 5083 2243 5145 memoriam
2276 5084 2326 5142 ei
2350 5090 2613 5158 revocat,
2640 5100 2773 5162 quae
2795 5083 3161 5161 ajuventute
3187 5084 3541 5163 deliquerat:

249 5176 676 5256 Sequentivero
694 5193 867 5236 mane
884 5174 1140 5235 reversis
1155 5174 1327 5236 nobis
1346 5177 1417 5237 ad
1434 5175 1800 5259 episcopum,
1889 5174 2252 5253 sedensque,
2287 5189 2393 5233 sua
2418 5170 2631 5251 ipsius,
2667 5188 2700 5231 a
2716 5171 2970 5250 juvenili
2996 5170 3261 5253 adusque
3292 5174 3542 5235 senilem

183 5261 344 5327 dixit:
381 5289 403 5322 α
443 5266 712 5347 Tempus
742 5273 852 5337 est,
890 5265 1132 5326 domina
1167 5266 1245 5327 mi
1278 5286 1519 5348 sponsa,
1554 5286 1658 5330 seu
1690 5286 1801 5349 po-
1890 5274 2146 5342 aetatem,
2182 5268 2423 5342 peccata
2471 5260 2708 5341 scripsit
2740 5260 2800 5320 in
2832 5261 3053 5329 ,charta
3088 5283 3101 5324 :
3150 5263 3541 5325 novissimum

182 5350 275 5413 tius
301 5354 532 5432 Christi,
570 5365 637 5419 ut
667 5355 825 5438 quod
858 5354 1146 5435 quaeritur
1174 5357 1232 5416 in
1266 5358 1457 5437 palam
1496 5358 1620 5422 ﬁat.
1655 5383 1678 5414 »
1724 5358 1807 5421 At
1886 5362 2079 5417 autem
2127 5351 2378 5430 scripsit,
2418 5349 2576 5432 quod
2609 5349 2849 5412 dicebat
2882 5370 3157 5431 magnum
3185 5363 3535 5435 peccatum;

243 5524 531 5611 adiutam.
569 5540 690 5611 xw,
722 5527 825 5587 48.
1968 5524 2046 5602 id)
2079 5525 2210 5611 ᾼξὲο
2244 5538 2323 5591 lxi
2363 5520 2461 5611 {5.

242 5576 313 5671 itii
333 5576 456 5665 ῐῖὲέἰ
471 5576 503 5669 Ϊ
514 5576 628 5677 'xil;
647 5576 719 5668 ἐ.
736 5576 825 5587 ’”’
1970 5576 2047 5677 ὶὲς
2079 5576 2354 5673 ῑὶπῖηῗιὶ,
2368 5576 2446 5662 ἶ.

248 5685 321 5762 (c)
349 5686 559 5752 Matth.
595 5702 677 5762 1x,
711 5688 769 5750 8.
