4096 6210
588 308 993 371 ΕΧΟΕΒΡΤΑ
1035 308 1138 369 EX
1182 306 1401 369 ACTIS
1447 311 1506 369 ὃ.
1551 310 1800 373 BASlLI
1842 312 2436 379 BOLLANDIANIS.
2471 349 2549 360 —
2578 316 2766 380 VITA
2808 318 3293 385 APOCRYPHA.

3509 340 3703 390 CGCXV

320 458 548 515 errore,
585 448 720 501 ante
754 441 990 501 tertium
1022 438 1368 535 quintumve
1420 440 1601 517 diem,
1653 442 1969 504 morituros
1990 450 2029 499 Α
2053 452 2137 535 ut,
2164 448 2211 508 si
2239 448 2296 507 in
2320 449 2642 510 crastinum
2666 450 2908 524 vixeris,
2928 452 3290 531 baptismum
3308 456 3695 535 suscipiam.»

323 534 627 609 praesciret
658 547 673 601 ;
709 540 890 620 utque
922 528 1101 620 verbo
1136 529 1353 620 dicam,
1390 537 1588 590 tantus
1625 538 1771 620 erat,
1810 540 1871 592 ut
1920 540 1977 592 et
2058 532 2301 613 Rogavit
2330 556 2469 615 ergo
2502 541 2688 600 Deum
2723 528 3109 603 admirandus
3148 546 3345 620 Pater,
3382 553 3443 607 ut
3474 528 3544 607 ad
3596 566 3695 610 sa-

325 619 572 680 medicis
597 628 655 679 et
670 616 1334 699 [eihilosophisiuvidiam
1352 618 1762 681 moveret.Deo
1774 633 1972 682 autem

2055 623 2238 717 lutem
2268 627 2527 689 hominis
2553 628 2663 691 sibi
2685 632 3488 701 accessionemconcederet,
3522 644 3699 717 utque

321 711 530 801 aﬂ‘atus
558 708 731 771 Pater
759 717 985 801 noster,
1013 708 1210 769 divina
1237 709 1555 801 priesciens
1582 710 1974 801 illustratione
2056 714 2371 778 mulierem
2402 736 2467 779 re
2491 718 2712 781 infecta
2740 739 2773 781 a
2803 723 2865 785 S.
2902 722 3158 801 Ephrem
3190 723 3543 787 redeuutem
3575 708 3701 788 sus-

316 800 477 878 quod
510 801 571 860 in
604 818 675 860 eo
702 798 1032 878 gerendum
1066 805 1215 876 erat,
1253 798 1445 877 ipsum
1479 798 1811 878 impensius
1841 799 1972 859 dili-

306 887 512 969 gebat,
540 888 932 967 crebriusque
955 887 1024 948 ad
1051 904 1432 967 congressum
1456 888 1724 963 vocabat;
1748 888 1971 950 docens

313 978 552 1057 planam
586 978 936 1058 regiamque
963 977 1226 1039 veritatis
1255 978 1412 1037 viam
1470 976 1773 1039 incedere.
1824 981 1967 1041 Cum

312 1070 510 1149 itaque
530 1086 652 1130 uon
679 1086 815 1129 raro
840 1068 1969 1143 hortaretur,moneretqueutabscede-

314 1174 401 1218 ret
435 1177 467 1217 a
496 1158 753 1220 scelesta
786 1156 1100 1236 religione,
1136 1157 1561 1237 Christumque
1613 1157 1966 1237 baptismate

309 1264 478 1308 sacro
497 1247 925 1321 iudueret;nou
947 1245 1017 1308 ad
1031 1244 1460 1325 missit,dicens
1488 1269 1542 1302 :«
1568 1249 1630 1308 In
1655 1266 1768 1327 qua
1795 1254 1964 1309 natus

312 1355 442 1397 sum
464 1336 605 1413 ﬁde,
620 1342 679 1396 in
706 1344 849 1398 eaet
864 1336 1106 1397 moriar.
1127 1360 1151 1389 »
1171 1336 1247 1397 At
1267 1343 1506 1397 sanctus
1525 1336 1713 1398 Deiad
1730 1337 1958 1416 ipsum:

311 1452 337 1480 ι
368 1430 722 1488 Persuasum
747 1425 923 1506 habe,
956 1424 1202 1505 Joseph,
1230 1426 1359 1486 fore
1383 1434 1444 1486 ut
1467 1444 1661 1505 neque
1689 1444 1819 1504 ego,
1848 1444 1958 1485 ne-

302 1534 420 1596 que
457 1525 516 1577 tu
550 1516 680 1576 vitae
713 1514 1019 1594 praesentis
1055 1514 1394 1575 turbinibus
1422 1516 1681 1577 absoluti
1734 1513 1958 1593 migre-

305 1623 465 1679 mns,
495 1605 691 1666 donec
713 1604 1000 1665 Dominus
1024 1621 1196 1665 meus
1220 1622 1326 1684 per
1352 1621 1562 1683 aquam
1589 1612 1647 1665 et
1685 1606 1958 1684 spiritum

304 1704 358 1755 te
375 1696 828 1774 regeneraverit
856 1714 869 1754 :
897 1694 1025 1755 ﬁeri
1048 1692 1206 1756 enim
1230 1699 1456 1770 nequit,
1483 1702 1545 1755 ut
1569 1695 1702 1774 quis
1721 1693 1849 1754 sine
1866 1692 1959 1753 his

304 1786 490 1845 intret
520 1786 582 1845 in
613 1802 862 1863 regnum
894 1784 1024 1845 Dei.
1056 1785 1271 1846 Nonne
1326 1784 1503 1845 etiam
1537 1792 1731 1864 patres
1777 1783 1957 1843 vestri

302 1873 577 1954 baptizati
606 1882 742 1933 sunt
772 1874 831 1933 in
864 1871 1078 1951 Moyse,
1113 1880 1171 1933 et
1202 1878 1259 1932 in
1291 1882 1451 1935 nube
1480 1880 1539 1933 et
1568 1872 1628 1933 in
1662 1871 1835 1951 mari,
1868 1870 1958 1932 bi-

299 1962 640 2042 beruntque
671 1962 743 2023 de
777 1960 1066 2039 spirituali
1100 1970 1503 2043 consequente
1538 1961 1735 2041 petra?
1786 1960 1959 2022 Petra

298 2060 495 2112 autem
545 2060 673 2113 erat
731 2052 1004 2112 Christus
1057 2050 1165 2130 (α),
1204 2052 1305 2130 qui
1358 2051 1697 2111 novissimis
1746 2048 1957 2110 diebus

300 2142 375 2202 de
405 2140 655 2220 Virgine
710 2142 1049 2204 incarnatus
1109 2149 1220 2215 est,
1282 2148 1338 2201 et
1392 2150 1636 2220 propter
1693 2150 1953 2202 nostram

292 2232 553 2293 salutem
602 2234 791 2293 factus
835 2233 1038 2307 homo,
1092 2240 1491 2312 operatusqne
1524 2241 1613 2293 est
1672 2229 1957 2293 miracula

293 2329 355 2381 et
389 2330 585 2383 morte
613 2341 647 2382 a
677 2321 944 2403 patribus
976 2321 1189 2381 vestris
1225 2321 1284 2381 iu
1316 2339 1494 2382 carne
1528 2321 1792 2399 aﬂ‘ectus;
1850 2337 1952 2379 se-

293 2410 636 2492 pultusque.
675 2412 770 2473 die
806 2411 978 2472 tertia
1024 2410 1388 2487 resurrexit;
1453 2418 1510 2470 et
1562 2409 1832 2471 ascendit
1893 2412 1951 2469 in

288 2501 539 2576 caelum,
574 2501 859 2582 sedetque
889 2500 961 2561 ad
992 2500 1291 2562 dexteram
1327 2499 1517 2561 Patris
1553 2521 1566 2563 :
1618 2500 1720 2579 qui
1769 2499 1944 2561 etiam

297 2596 585 2653 venturus
614 2599 728 2666 est,
764 2597 823 2651 in
855 2608 1066 2670 magna
1095 2590 1283 2669 gloria
1330 2607 1463 2650 cum
1498 2588 1748 2669 angelis,
1778 2588 1948 2668 judi-

287 2688 533 2741 caturus
566 2681 724 2741 vivos
757 2689 815 2742 et
845 2690 1133 2759 mortuos,
1170 2688 1226 2740 et
1250 2680 1571 2761 unicuique
1601 2679 1951 2740 redditurus

282 2770 462 2848 juxta
484 2788 668 2850 Opera
690 2772 840 2848 ejus.
871 2772 1071 2850 Itaque
1095 2772 1301 2845 nequit
1324 2770 1477 2843 ﬁeri,
1504 2775 1569 2830 ut
1590 2769 1810 2830 dictum
1838 2777 1947 2843 est,

288 2873 354 2923 ut
385 2864 523 2943 quis
554 2864 734 2926 intret
766 2864 821 2926 in
874 2882 1125 2943 regnum
1156 2863 1285 2944 Dei,
1320 2863 1432 2925 nisi
1476 2880 1583 2943 per
1628 2882 1840 2945 aquam
1894 2864 1951 2924 ei

2051 803 2299 895 ciperet.
2337 807 2473 869 Voti
2497 816 2692 870 autem
2727 830 2972 890 compos
2997 812 3242 874 eﬁ'ectus
3274 822 3513 876 sanctus
3542 816 3692 895 (63),

2051 892 2230 983 mittit
2261 914 2433 958 mane
2464 906 2520 958 et
2550 900 2801 961 accersit
2835 901 3173 964 Hebraeum.
3211 904 3345 983 Ipse
3384 922 3503 965 non
3557 892 3695 967 cre-

2053 982 2223 1053 dens,
2256 985 2438 1065 venit,
2466 986 2641 1067 plane
2670 990 3013 1051 existimaus
3064 982 3247 1053 morti
3298 995 3687 1059 concessisse.

2050 1070 2275 1133 Videns
2323 1092 2462 1136 vero
2516 1078 2730 1153 vivum,
2792 1079 3099 1161 factusque
3160 1081 3220 1143 iu
3273 1084 3583 1163 exstasim,
3638 1094 3694 1146 et

2049 1177 2230 1221 ruens
2256 1163 2326 1223 ad
2357 1164 2539 1243 pedes
2564 1166 2719 1245 ejus,
2756 1169 2835 1228 ait
2869 1187 2881 1227 :
2916 1191 2941 1228 «ς
2979 1168 3044 1229 In
3082 1170 3327 1231 veritate
3375 1173 3686 1253 conﬁteor,

2051 1267 2325 1341 magnum
2357 1269 2495 1316 esse
2525 1253 2708 1317 Deum
2743 1257 3207 1319 Christianorum
3240 1260 3548 1341 :quodque
3573 1282 3688 1323 non

2045 1337 2123 1431 sit
2151 1340 2301 1401 alius
2324 1342 2485 1405 Deus
2518 1352 2731 1424 praeter
2784 1347 2998 1427 ipsum.
3061 1337 3427 1409 Abreuuntio
3454 1337 3469 1341 ⁷
3491 1352 3691 1431 itaque

2044 1427 2302 1493 inimica)
2334 1432 2565 1495 Christo
2598 1435 2871 1515 religioni
2900 1436 3263 1517 Judaaorum,
3296 1442 3513 1518 ineque
3545 1427 3692 1500 veri-

2046 1518 2146 1579 tati
2166 1519 2421 1583 ﬁdeliter
2440 1523 2722 1603 adjungo.
2749 1526 2901 1588 Jube
2926 1546 3089 1604 ergo,
3112 1528 3463 1589 honorande
3486 1533 3683 1605 Pater,

2044 1607 2250 1670 utsine
2268 1609 2549 1673 dilatione
2573 1613 2700 1693 ipse
2726 1617 3038 1695 omnisque
3062 1616 3275 1677 domus
3306 1635 3438 1679 mea
3465 1619 3685 1680 Christi

2042 1698 2360 1788 consigner
2388 1701 2714 1780 signaculo.
2780 1730 2802 1763 υ
2841 1705 2941 1767 Ait
2980 1705 3066 1765 illi
3097 1716 3333 1768 sanctus
3386 1727 3398 1768 :
3470 1731 3493 1763 «
3556 1707 3687 1788 Ipse

1982 1771 2018 1820 Β
2042 1785 2324 1867 intiugam
2360 1791 2633 1853 manibus
2668 1794 2815 1854 meis
2847 1813 2979 1855 cum
3016 1802 3133 1855 tota
3163 1795 3363 1857 domo.
3401 1822 3427 1853 »

2126 1877 2508 1956 Rursumque
2538 1884 2832 1944 accedens
2862 1884 3149 1959 mcdiCus,
3194 1887 3683 1966 apprehensaque

2042 1966 2169 2045 ejus
2194 1968 2455 2044 dextera,
2480 1971 2562 2032 ait
2589 1993 2602 2034 :
2638 1998 2659 2025 «
2699 1972 3109 2053 Elanguerunt
3140 1984 3256 2035 tuae
3284 1976 3463 2055 vires,
3499 1976 3687 2037 domi-

2042 2072 2153 2116 ne:
2186 2065 2512 2138 naturaque
2545 2068 2877 2122 extremum
2913 2062 3211 2123 debilitata
3243 2064 3484 2126 fatiscit.
3526 2088 3548 2121 ››
3586 2064 3683 2125 Ait

2040 2154 2279 2207 sanctus
2317 2168 2329 2209 :
2375 2170 2397 2203 «ι
2435 2147 2732 2211 Habemus
2766 2160 2989 2212 naturae
3019 2162 3347 2227 auctorem,
3383 2159 3483 2232 qui
3514 2153 3685 2215 nobis

2038 2232 2215 2295 addat
2246 2236 2455 2299 vires.»
2494 2236 2875 2320 Surgensque
2905 2257 3114 2319 gressu
3147 2241 3452 2302 contendit
3485 2241 3557 2303 ad
3589 2260 3683 2305 ec-

2038 2323 2308 2399 clesiam,
2343 2334 2400 2385 et
2422 2326 2531 2387 sub
2564 2330 2827 2389 omnium
2864 2331 3204 2410 praesentia,
3240 2350 3376 2392 eum
3410 2330 3547 2392 ﬁdei
3579 2350 3679 2391 sa-

2034 2423 2335 2474 cramento
2371 2414 2566 2491 tinxit,
2591 2422 2651 2478 et
2674 2418 2915 2479 domum
2940 2422 3069 2497 ejus
3093 2428 3273 2480 totam
3301 2442 3314 2482 :
3340 2424 3683 2501 vocavitque

2035 2523 2277 2584 nomen,
2315 2504 2464 2586 ejus,
2496 2506 2782 2567 Joannem
2823 2530 2836 2570 :
2870 2508 3326 2591 impertitusque
3350 2510 3571 2571 viviﬁca
3594 2530 3682 2572 sa-

2034 2603 2355 2669 cramenta,
2392 2614 2529 2655 eum
2556 2597 2874 2675 assumpsit
2906 2606 2961 2657 et
2982 2598 3312 2675 reduxitlad
3340 2599 3676 2661 cubiculum

2035 2700 2205 2742 suum
2244 2705 2256 2743 ε
2292 2683 2544 2764 ciboque
2574 2687 2865 2765 apposito,
2896 2686 3096 2747 docuit
3126 2706 3256 2767 qua;
3286 2696 3554 2767 spectant
3602 2690 3677 2751 ad

2036 2772 2207 2831 vitam
2231 2774 2869 2854 azternam,adjungens
2890 2794 2995 2840 suo
3020 2776 3156 2837 ovili
3183 2796 3395 2838 novum
3428 2779 3674 2840 militem

2033 2882 2163 2923 cum
2189 2882 2370 2925 uxore
2389 2873 2446 2925 et
2466 2864 2799 2937 ﬁliis.Quod
2824 2884 2960 2927 vero
2979 2867 3277 2947 reliquum
3304 2868 3431 2929 vitae
3446 2868 3681 2948 fuit,sa-

286 2953 589 3034 spiritum,
626 2961 684 3015 et
714 2954 830 3014 nisi
861 2953 1082 3015 viviﬁca
1128 2955 1390 3035 antitypa
1419 2954 1548 3033 (62)
1613 2954 1950 3016 intemerati
2033 2969 2162 3015 cras
2192 2954 2349 3014 aedes
2376 2961 2433 3016 et
2464 2955 2717 3035 hospitia
2748 2973 3069 3035 pauperum
3095 2957 3375 3032 lustrans,
3403 2976 3535 3038 quae
3558 2958 3675 3019 sibi

286 3043 568 3121 corporis
601 3054 660 3101 et
682 3043 987 3121 sanguinis
1016 3042 1236 3105 Christi
1271 3043 1611 3122 sumpserit.
1650 3066 1674 3102 υ
2036 3042 2267 3104 fuerunt
2294 3042 2509 3104 donata
2530 3044 2905 3125 amedico,et
2922 3064 3054 3125 qua;
3073 3046 3149 3107 de
3166 3047 3420 3127 propriis
3443 3047 3675 3128 reliqua

373 3133 645 3231 Cumque
668 3140 910 3231 sanctus
942 3132 1157 3231 talibus
1183 3130 1622 3231 hortationibus
1655 3139 1945 3231 uteretur,
1969 3180 2009 3231 ο
2039 3140 2227 3231 erant,
2266 3131 2527 3231 donavit.
2560 3132 2727 3195 Circa
2785 3154 2999 3231 nonam
3041 3144 3232 3231 autern
3298 3144 3507 3213 praesto
3564 3137 3676 3198 fuit

288 3239 409 3279 non
430 3220 761 3281 sustinebat
783 3221 973 3301 ipsum
997 3221 1233 3283 audire.
1260 3219 1371 3283 Ubi
1393 3229 1590 3281 autem
1618 3221 1670 3281 ei
1701 3220 1945 3300 placuit,
1973 3219 2009 3231 “
2034 3222 2106 3282 ad
2147 3221 2438 3283 sacriﬁcia
2462 3224 2772 3283 missarum
2833 3224 2894 3283 in
2937 3223 3337 3286 sacratissima
3392 3225 3671 3301 ecclesia,

288 3311 390 3388 qui
418 3328 556 3371 eum
583 3320 995 3389 svgregaverat
1016 3311 1088 3371 ab
1116 3319 1285 3372 utero
1312 3311 1514 3371 matris
1537 3328 1681 3385 suae,
1723 3316 1787 3371 ut
1808 3330 1944 3371 sus-
2032 3331 2148 3371 una
2177 3330 2312 3381 cum
2346 3311 2489 3372 cleri
2524 3320 2580 3372 et
2609 3311 2855 3373 civitatis
2884 3313 3278 3391 primoribus:
3302 3332 3435 3375 cum
3458 3316 3675 3394 quibus

287 3399 518 3479 ciperet
551 3401 1019 3462 sacratissimum
1046 3400 1361 3481 baptisma,
1398 3419 1535 3461 eum
1570 3399 1661 3460 vir
1700 3408 1946 3461 sanctus
2032 3408 2314 3479 percepto
2342 3399 2556 3461 iterum
2593 3419 2765 3480 pano,
2801 3402 3029 3463 dimisit
3060 3420 3183 3475 eos,
3217 3420 3284 3464 ac
3332 3404 3673 3466 valedicens

280 3490 405 3567 jam
440 3492 573 3550 vita:
605 3490 784 3570 hujus
816 3489 1150 3551 turbinibus
1181 3490 1556 3570 eximendus,
1606 3489 1938 3563 accersivit,
2029 3496 2087 3548 et
2118 3488 2473 3550 deosculans
2502 3490 2562 3549 in
2592 3491 2794 3550 osculo
2826 3500 3029 3553 sancto
3061 3491 3425 3568 dimisitcos,
3457 3511 3669 3555 novum

289 3589 577 3657 praetextu
612 3580 893 3641 nimirum
929 3581 1192 3641 scientia}
1225 3580 1493 3659 medicm,
1548 3579 1747 3659 aitque
1798 3579 1885 3639 illi
1923 3597 1935 3641 :
2023 3576 2237 3639 Christi
2259 3580 2519 3658 pugilem
2552 3583 2983 3657 universosque
3015 3582 3443 3643 commendans
3493 3582 3669 3646 Chri-

291 3690 322 3723 ι
359 3669 510 3741 Quid
546 3669 654 3730 tibi
678 3670 751 3729 de
776 3687 868 3731 me
887 3669 1193 3730 videtur‘h
1220 3668 1347 3748 Ille,
1378 3688 1444 3729 ex
1472 3671 1643 3747 pulsu
1674 3668 1942 3730 sentiens
2022 3676 2133 3729 sto.
2172 3666 2549 3729 Testamento
2582 3678 2776 3729 autem
2811 3670 3054 3747 sepeliri
3086 3672 3301 3746 sanxit,
3336 3690 3470 3732 cum
3499 3674 3673 3734 tertia

286 3760 419 3838 ejus
448 3760 603 3820 vires
640 3761 963 3838 proximam
992 3759 1204 3820 minari
1239 3766 1513 3837 mortem,
1534 3758 1712 3838 jussit
1736 3758 1938 3820 dome-
2022 3756 2122 3817 illa
2146 3756 2418 3837 portione
2442 3758 2592 3820 data;
2613 3756 2726 3817 sibi
2752 3777 2785 3817 a
2804 3761 2925 3820 Deo
2944 3779 3136 3821 comm
3150 3760 3671 3825 uniouis.Recum-

286 3850 475 3923 sticis,
512 3858 576 3910 ut
607 3858 973 3928 opportunas
1004 3849 1327 3928 sepulturae
1373 3857 1567 3909 vestes
1600 3847 1887 3910 emerent
1921 3868 1933 3911 :
2025 3846 2295 3927 beusque
2326 3848 2386 3909 in
2420 3848 2597 3925 lecto,
2634 3867 2770 3910 cum
2806 3850 3176 3912 Eucharistia
3204 3852 3398 3914 adhuc
3447 3854 3505 3913 in
3539 3873 3665 3935 ore,

290 3963 319 3991 «
354 3940 526 4018 Nam,
561 3939 780 4015 inquit,
806 3940 922 4000 cito
943 3939 1121 4000 citius
1150 3940 1479 4000 moriturus
1522 3947 1630 4000 est.
1663 3962 1685 3995 υ
1739 3937 1839 3999 Ait
1867 3938 1939 3999 ad
2030 3937 2288 3998 reddidit
2316 3939 2589 4017 spiritum
2613 3939 2892 4015 Domino;
2924 3940 3361 4020 adjunctusque
3394 3951 3483 4003 est
3514 3962 3667 4022 pon-

286 4046 423 4088 eum
460 4047 707 4107 magnus
738 4029 993 4091 Basilius
1021 4050 1033 4092 :
1069 4053 1090 4086 ››
1119 4028 1327 4091 Nescis
1345 4027 1487 4108 quid
1511 4027 1699 4088 dicas.
1732 4052 1758 4083 ι)
1790 4027 1949 4092 Dicit
2032 4028 2292 4089 tiﬁcibus
2320 4030 2578 4107 pontifex
2612 4028 2732 4103 ille,
2766 4040 2824 4091 et
2857 4030 3337 4109 praedicatoribus
3393 4048 3665 4109 magnum

290 4118 373 4178 illi
398 4117 620 4197 Joseph
655 4118 977 4182 Hebraeus:
1011 4145 1037 4174 «
1066 4119 1311 4192 Credas,
1345 4117 1609 4191 domine,
1646 4116 1734 4179 sol
1766 4116 1944 4179 hodie
2030 4118 2175 4179 illud
2207 4119 2503 4181 sermonis
2534 4120 2778 4182 tonitru.
2822 4120 3047 4183 Videris
3106 4130 3299 4181 autem
3353 4120 3545 4182 ﬁdelis
3598 4140 3668 4181 ex

285 4225 423 4268 cum
453 4208 579 4270 sole
603 4210 857 4271 occidet.
891 4236 916 4264 ι)
938 4209 1035 4271 Ait
1060 4209 1144 4270 illi
1168 4218 1414 4270 sanctus
1444 4227 1457 4269 :
1492 4231 1514 4264 α
1544 4207 1695 4280 Quid
1730 4226 1867 4267 vero
1892 4208 1939 4267 si
2023 4206 2274 4269 Hebraso
2307 4208 2594 4283 medicus,
2632 4211 2708 4270 ita
2738 4209 2843 4271 Dei
2880 4211 3177 4271 hominem
3214 4221 3274 4269 et
3323 4210 3665 4289 pontiﬁcem

284 4317 402 4358 non
438 4308 577 4359 ante
622 4318 796 4360 mane
828 4300 1049 4361 moriar
1079 4299 1111 4359 ?
1140 4324 1165 4353 »
1205 4298 1359 4361 Dixit
1387 4296 1707 4359 Hebraeus:
1747 4322 1769 4351 α
1810 4295 1939 4358 Νοη
2026 4315 2301 4375 magnum
2337 4298 2616 4359 Basiliqu
2668 4299 2989 4380 quievisse,
3051 4299 3349 4379 quomodo
3411 4300 3662 4375 dixerat,

284 4397 478 4465 potest
498 4390 609 4449 hoc
642 4408 773 4450 esse
807 4411 819 4451 :
855 4390 944 4451 vix
978 4389 1137 4451 enim
1172 4398 1305 4470 post
1334 4390 1541 4450 horam
1576 4389 1689 4451 erit
1741 4393 1939 4448 anima
2022 4404 2315 4467 proruens
2344 4388 2401 4447 in
2435 4389 2561 4464 ejus
2603 4398 2809 4467 pectus
2869 4407 3001 4449 cum
3056 4388 3332 4467 lacrymis
3382 4388 3615 4449 dicebat
3650 4410 3662 4450 :

282 4487 384 4537 tua
407 4478 466 4537 iu
488 4488 565 4540 te.
599 4477 816 4540 Verum
843 4480 1093 4559 dispone
1114 4480 1303 4541 detua
1324 4477 1595 4540 Ecclesia
1632 4485 1689 4538 et
1725 4477 1800 4538 de
1828 4495 1929 4537 re-
1954 4475 2265 4549 uRevera,
2302 4475 2407 4536 Dei
2439 4476 2660 4539 famule
2719 4478 2916 4553 Basili,
2956 4495 3146 4556 neque
3208 4475 3383 4538 modo
3452 4477 3668 4537 fuisses

284 4566 397 4626 bus
421 4568 689 4629 tuisznon
710 4568 961 4645 enim,te
976 4568 1274 4645 vivo,dies
1293 4566 1928 4628 hodietenebrescet.»
2019 4575 2308 4639 mortuus,
2341 4566 2453 4626 nisi
2488 4568 2797 4629 voluisses.
2838 4587 2867 4627 )

281 4656 376 4716 Ait
405 4658 460 4718 ei
492 4666 733 4719 sanctus
763 4679 774 4721 :
816 4684 837 4713 ιε
878 4657 1026 4730 Quid
1052 4660 1100 4719 si
1137 4658 1357 4719 beuero
1384 4675 1571 4737 usque
1602 4656 1675 4716 ad
1707 4666 1928 4718 sextam
2096 4655 2391 4718 Postridie
2422 4662 2617 4716 autem
2654 4658 2926 4717 convenit
2958 4655 3234 4715 universa
3295 4654 3608 4716 multitudo
3651 4686 3669 4742 ;

282 4765 483 4827 mane,
517 4747 663 4826 quid
699 4767 760 4808 es
792 4746 1140 4810 acturus?»
1177 4746 1506 4827 Respondit
1554 4744 1653 4807 ille
1690 4764 1703 4807 :
1738 4769 1761 4802 ιι
1798 4748 1929 4808 Μο-
2020 4748 2268 4827 ejusque
2284 4744 2980 4825 corporipretioso,quod
2999 4754 3175 4804 totam
3198 4743 3460 4805 materia)
3498 4745 3666 4806 obni-

280 4836 425 4897 riar.
458 4838 591 4899 »Αίι
623 4847 862 4899 sanctus
900 4855 951 4899 ;‹
988 4836 1202 4901 Etiam.
1238 4836 1514 4899 Moriaris
1546 4843 1809 4917 peccatu,
1844 4837 1935 4897 vi-
2022 4840 2265 4897 tentiam
2298 4842 2707 4914 superaverat,
2746 4835 2805 4894 in
2839 4832 3297 4894 sacratissimam
3347 4834 3663 4896 ecclesiam

285 4943 377 4985 vas
403 4934 603 4987 autem
662 4926 896 4988 Christo
944 4945 1099 4990 meo.
1144 4950 1164 4981 ι
1221 4925 1375 4988 Dicit
1398 4925 1499 4985 ille
1537 4946 1550 4987 ε
1608 4922 1745 4986 Scio
1796 4924 1938 5005 quid
2026 4926 2212 4997 illato,
2241 4924 2401 5002 justa
2432 4923 2719 4995 fecerunt,
2757 4922 2919 4984 omni
2952 4924 3669 5003 unguentorumthymia-

280 5015 447 5095 velis,
486 5023 547 5075 et
577 5015 787 5077 faciam
823 5019 979 5098 quod
1006 5016 1207 5095 jubes,
1233 5018 1410 5078 Pater
1432 5022 1662 5088 sancte;
1687 5016 1734 5077 si
1761 5013 1944 5077 fuerit
2030 5023 2375 5095 matumque
2399 5013 2706 5094 obsequio.
2742 5012 3009 5075 Audiens
3039 5028 3182 5071 vero
3219 5018 3275 5071 et
3319 5010 3661 5093 Gregorius,

286 5105 436 5183 quod
464 5105 575 5185 ais,
604 5106 857 5167 terribili
880 5126 974 5169 me
994 5113 1364 5169 sacramento
1390 5102 1767 5182 obstringens
1790 5106 1941 5185 fore,
2027 5104 2428 5168 Nazianzenus
2450 5103 2763 5184 episcopus
2786 5103 2927 5178 (64),
2952 5101 3141 5162 adfuit
3164 5110 3221 5161 et
3242 5102 3368 5181 ipse
3390 5101 3657 5163 festinus:

362 5286 485 5359 (63)
520 5286 610 5375 Au
647 5302 823 5375 verus
838 5286 1308 5375 "Amphilochius
1329 5305 1450 5375 non
1475 5285 1681 5375 fuisse}
1709 5283 1927 5375 clarius
2013 5286 2217 5375 fuisse,
2239 5292 2303 5375 ut
2327 5282 2625 5375 quosdam.
2642 5287 2826 5375 sacris
2845 5282 3158 5375 ordinibus
3182 5281 3415 5375 initiare
3440 5291 3655 5373 potue-

286 5364 515 5428 locutus
549 5367 625 5427 de
658 5366 802 5446 reali
832 5362 1047 5427 Christi
1082 5367 1404 5446 praesentia
1438 5368 1496 5428 in
1528 5364 1922 5439 Eucharistia,
2013 5366 2087 5426 rit
2114 5387 2127 5424 :
2153 5362 2444 5446 quiduiet
2469 5365 2753 5446 potuisset
2778 5363 2933 5425 hunc
2950 5362 3278 5446 Josephum
3304 5362 3661 5446 solemniter

285 5448 612 5523 praesertim
652 5445 750 5507 ubi
777 5445 1017 5509 Judqu
1046 5442 1429 5510 instituitur?
1898 5522 1901 5523 ν
2013 5446 2072 5505 in
2095 5442 3242 5522 ecclesiabaptizare?Verum,utfaetum
3262 5442 3318 5503 id
3339 5444 3659 5505 fuissecre-

363 5526 1115 5603 {li3jRefertNazianzenus
1130 5529 1397 5590 oratione
1409 5526 1797 5607 20,Basilium
1818 5522 1929 5586 sub
2016 5526 2372 5607 damusmon
2396 5523 3655 5607 sullicitpseudo-Amphilochii‘auctoritas,

282 5602 627 5669 ﬁnemvitae
660 5608 729 5669 ad
764 5608 1003 5689 aliquod
1047 5616 1283 5689 tempus
1318 5613 1394 5670 ita
1425 5602 1541 5669 sibi
1595 5606 1928 5669 restitutum
2103 5606 2161 5684 (6
2176 5602 2971 5684 i)Gregoriumeeol0gum
2988 5602 3661 5667 noniutert‘uissemorti

354 5776 426 5848 (ο)
462 5776 489 5835 Ι
528 5776 662 5837 Cor.
701 5790 760 5845 x,
791 5778 848 5834 ι.
