4096 6210
502 348 761 399 CCCXVIII

1942 338 2531 402 PHOLEGOMENA.

504 480 662 551 sunt,
695 470 817 533 imo
850 490 1002 552 pene
1034 471 1357 533 necessarii
1386 492 1401 547 ;
1428 490 1583 552 nam,
1609 479 1675 537 ut
1708 482 1956 537 testatur
1979 476 2137 537 Goa-
2163 479 2201 527 Α
2226 471 2460 533 caeteris
2477 471 2729 535 discreto
2742 489 2891 534 sono
2911 468 3319 532 accinitur.Ad
3345 467 3641 547 objectum
3668 466 3870 528 locum

503 581 609 625 rus
635 581 766 642 pag.
796 561 936 640 434,
970 586 995 615 ‹‹
1028 561 1210 621 libros
1244 561 1382 621 totis
1414 562 1655 623 musicis
1701 574 1967 625 exaratos
1995 565 2149 623 inter

507 651 863 714 cantandum
888 650 1190 710 rarissime
1213 652 1713 731 conspiciunt,vel
1730 653 1903 715 etiam
1931 651 2150 714 habent

506 742 733 805 ϐιηθεὶς
770 758 1237 819 communesque
1297 740 1460 816 ideo,
1495 750 1553 801 et
1602 742 1800 803 verbis
1848 752 1905 805 et
1947 750 2142 813 cantu,

508 832 809 892 memoriae
842 828 1408 908 tenaciterinﬁguut
1463 831 1737 911 hymnos,
1772 832 1843 893 ad
1896 848 2147 913 quorum

506 938 778 982 normam
801 918 949 980 alios
975 918 1098 997 pari
1140 918 1498 999 syllabarum
1534 938 1786 981 numero
1811 928 2152 982 constantes

504 1009 803 1071 cantando
828 1008 1427 1089 inﬁectunt;ideoque
1441 1027 1647 1072 eorum
1664 1012 1994 1091 primordia
2015 1028 2152 1071 can-

506 1100 637 1160 ticis
667 1098 799 1159 aliis
831 1098 1189 1179 inscribunt,
1224 1108 1288 1160 ut
1335 1099 1409 1159 ad
1472 1118 1676 1163 eorum
1728 1102 2015 1179 regulam,
2050 1119 2150 1160 se—

504 1198 756 1269 quentes
784 1188 1049 1251 indiccnt
1081 1207 1216 1249 esse
1252 1189 1683 1253 decantandos.
1721 1216 1745 1245 ι
1787 1190 2008 1252 Versus
2037 1210 2146 1251 au-

506 1290 646 1351 tem,
673 1278 775 1359 qui
796 1278 853 1338 in
881 1279 1038 1340 hunc
1072 1279 1246 1340 ﬁnem
1273 1280 1480 1359 mquali
1514 1279 1869 1358 syllabarum
1894 1297 2147 1342 numero

503 1369 846 1449 alligantur,
881 1368 1163 1430 dicuntur
1202 1372 1442 1448 στιχηρὰ
1488 1371 1805 1447 προσόμοια,
1841 1369 2145 1449 Papebro-

504 1461 678 1522 chius
708 1477 911 1520 versus
942 1458 1236 1520 similares
1284 1458 1584 1539 appellare
1633 1460 1959 1521 consuevit.
1994 1459 2147 1522 Hinc

506 1548 858 1627 intelligitur
878 1547 1021 1628 quid
1043 1549 1159 1609 sibi
1184 1549 1370 1610 velint
1415 1567 1483 1610 ea
1515 1568 1647 1629 quae
1689 1549 1968 1627 leguntur
2019 1558 2143 1610 sla-

511 1641 611 1701 tim
646 1639 706 1700 in
736 1638 863 1718 ipsa
915 1637 1306 1717 inscriptione
1359 1638 1632 1718 promissi
1692 1638 1888 1700 oﬂicii.
1930 1639 2145 1694 Ψάλλο-

507 1753 603 1806 μεν
663 1729 898 1807 στιχηρὰ
973 1728 1295 1803 προσόμοια,
1366 1724 1539 1807 Ἦχος
1599 1726 1666 1787 δ’.
1748 1727 1843 1790 Ὠς
1901 1741 2144 1806 γενναῖον

2230 562 2384 641 quod
2406 562 2694 633 attinet,is
2714 561 2884 622 nobis
2900 577 3268 641 nequaquam
3285 557 3693 637 ofﬁcitmeque
3708 556 3874 618 enim

2232 650 2551 731 quidquam
2577 650 2733 711 aliud
2756 651 2838 712 ibi
2856 651 2977 711 vult
2998 648 3465 728 Codinus,quam
3492 664 3673 726 super
3694 665 3874 707 men-

2232 758 2356 801 sam
2374 741 3151 820 imperatorisacantoribus
3166 737 3400 800 concini
3416 737 3569 798 idem
3586 735 3879 797 illudiid-

2234 830 2586 909 μελον,(ιυο(1
2614 848 2685 890 eo
2710 830 2807 890 die
2829 829 3062 890 canitur
3085 832 3145 889 in
3165 827 3441 889 ecclesia.
3462 825 3589 888 Huc
3609 825 3880 901 accedit,

2234 919 2391 1001 quod
2415 919 2680 995 ἱδιόμελον
2703 919 2921 981 ibidem
2939 920 2998 982 in
3021 917 3285 995 margine
3308 916 3621 997 exponitur
3648 915 3884 996 proprii

2235 1017 2441 1069 cantus
2473 1009 2791 1071 canticum.
2824 1010 3017 1089 Atque
3050 1008 3176 1069 haec
3211 1005 3549 1085 marginalia
3580 1004 3885 1083 expositio

2236 1098 2488 1160 recurrit
2518 1099 2716 1160 denuo
2759 1117 2865 1179 cap
2926 1099 3026 1173 10,
3059 1115 3224 1157 num.
3258 1096 3320 1169 5,
3350 1094 3448 1157 ubi
3482 1104 3680 1155 narrat
3709 1094 3882 1156 idem

2232 1189 2515 1265 Codinus,
2543 1189 2759 1269 quibus
2788 1187 3160 1250 caeremoniis
3192 1186 3338 1247 festo
3368 1184 3703 1247 Palmarum
3748 1206 3779 1247 ‹
3816 1186 3881 1245 in

2230 1277 2633 1340 ambulacrum
2648 1273 3621 1357 veniatlampadarius,lampadem
3643 1275 3877 1355 ferens,

2232 1376 2538 1449 totumque
2570 1367 2701 1428 festi
2759 1368 3059 1447 proprium
3114 1364 3405 1426 canticum
3447 1365 3802 1438 decantans,
3843 1382 3879 1425 e

2230 1457 2434 1518 Graece
2458 1466 2683 1518 tantum
2718 1466 2809 1517 est
2830 1456 3049 1532 ψάλλων
3082 1455 3205 1512 ὅλον
3234 1458 3293 1511 τὸ
3324 1454 3584 1529 mpsim
3614 1464 3879 1534 praeter-

2229 1548 2414 1608 misso
2447 1546 2649 1627 verbo,
2684 1552 2781 1615 τῆς
2815 1548 3023 1625 ἑορτῆς.
3064 1544 3194 1607 Jam
3228 1562 3367 1606 vero
3386 1544 3525 1624 quid
3560 1554 3667 1618 est,
3692 1563 3876 1605 ama-

2230 1635 2329 1711 bo,
2398 1661 2425 1692 κ
2486 1636 2707 1717 proprii
2775 1644 2985 1697 cantus
3045 1634 3363 1707 canticum,
3405 1657 3426 1689 ι
3495 1632 3605 1696 nisi
3672 1635 3875 1696 canti-

2230 1745 2365 1786 cum
2399 1724 2681 1806 peculiari
2713 1744 2781 1787 ac
2820 1724 3060 1805 proprio
3093 1722 3437 1784 modulandi
3476 1742 3696 1801 genere
3718 1742 3879 1787 can-

504 1821 558 1876 ἐν
592 1820 880 1897 μάρχυσιν.
936 1819 1013 1878 At
1074 1835 1212 1877 vero
1272 1835 1386 1878 non
1448 1817 1698 1896 quilibet
1754 1834 1961 1879 versus
2021 1839 2139 1872 στι-

2232 1815 2473 1876 tandum
2493 1820 2519 1874 ἲ

503 1910 651 1990 χηρᾶ
683 1908 1018 1968 vocitantur
1041 1929 1064 1978 ;
1089 1905 1193 1967 sed
1227 1906 1339 1967 soli
1370 1906 1453 1966 illi
1485 1908 1587 1987 qui
1622 1906 1791 1987 paulo
1844 1907 2143 1986 longiores

505 2008 663 2069 sunt,
691 2003 749 2058 et
772 1994 844 2058 ab
878 1995 1336 2076 Hymnographo
1361 1996 1762 2058 ecclesiastico
1794 1996 2140 2076 conscripti.

506 2088 650 2151 Nam
676 2104 881 2148 versus
911 2084 1241 2159 breviores,
1269 2094 1326 2147 et
1356 2105 1389 2147 e
1418 2086 1670 2148 Psalmis
1700 2086 2019 2160 Davidicis,
2052 2086 2143 2147 vel

505 2178 635 2240 aliis
657 2175 983 2255 Scriptura;
1013 2175 1161 2237 locis
1202 2182 1487 2257 excerpti,
1522 2176 1894 2256 appellantur
1938 2179 2139 2257 στίχοι.

505 2268 659 2330 Hinc
685 2273 873 2329 oritur
898 2266 1237 2346 στιχολογία,
1259 2284 1389 2346 quae
1415 2274 1505 2327 est
1521 2266 1752 2328 alterna
1774 2266 2143 2328 Psalmorum

508 2357 922 2421 Davidicorum
947 2373 1057 2433 per
1072 2373 1281 2417 versus
1304 2355 1593 2418 recitatio.
1628 2355 1757 2418 Non
1788 2374 2027 2436 possum
2053 2365 2142 2417 ta-

506 2466 641 2509 men
664 2445 953 2507 assentire
973 2444 1322 2525 Cangio,qui
1339 2455 1507 2526 putat
1530 2445 2138 2525 calcaversiculum,

503 2546 561 2599 et
585 2538 845 2616 στιχηρὸν
868 2553 1128 2607 versum,
1158 2535 1365 2596 Latine
1388 2534 1558 2597 reddi
1583 2554 1777 2615 posse.
1804 2538 1950 2596 Cum
1978 2535 2139 2595 enim

505 2630 592 2704 (ut
644 2644 714 2686 ex
766 2626 888 2703 jam
942 2624 1119 2686 dictis
1175 2632 1424 2698 constat,
1472 2634 1529 2687 et
1585 2624 1997 2686 animadvertit
2043 2626 2139 2705 ip-

503 2736 567 2780 se
599 2714 875 2796 Cangius)
939 2717 1125 2796 στίχος
1188 2713 1511 2796 Scriptum
1571 2714 1787 2791 verbis,
1822 2724 1880 2776 et
1936 2739 2139 2795 στιχη-

506 2812 596 2885 ρὸν
648 2805 847 2869 verbis
896 2807 1338 2886 Hymnographi
1389 2816 1795 2885 contexantur,
1834 2807 1924 2865 ha:
1970 2824 2141 2866 voces

502 2915 715 2961 versus
737 2905 795 2958 et
818 2897 1153 2958 versiculus
1173 2895 1328 2957 istud
1352 2897 1676 2957 discrimen
1702 2895 1858 2956 haud
1885 2895 2026 2955 satis
2039 2895 2141 2955 de-

503 2989 754 3051 clarant.
788 2985 935 3047 Nolo
970 2997 1165 3047 tamen
1201 2986 1563 3066 λογομαχεῖν,
1601 2987 1730 3047 sive
1772 2985 2142 3046 contendere

504 3079 578 3139 de
606 3079 867 3139 nomine.
903 3074 1277 3155 Quapropter
1321 3076 1496 3137 modo
1528 3073 1774 3153 intelligi
1806 3092 1899 3134 me
1929 3074 2137 3151 sciam,

2228 1910 2255 1989 §
2300 1908 2368 1971 ll.
2423 1908 2584 1970 Unde
2613 1908 2775 1969 dicta
2825 1907 3081 1985 troparia
3114 1914 3174 1967 el
3206 1906 3425 1989 hirmi;
3466 1914 3601 1988 quis
3650 1908 3880 1971 horum

2961 2013 3130 2058 usus.

2304 2092 2423 2151 8.A
2445 2089 2721 2152 sticheris
2742 2089 2813 2151 ad
2839 2090 3095 2167 troparia
3127 2088 3455 2151 veniamus.
3481 2089 3873 2172 Troparium,

2226 2179 2421 2260 inquit
2442 2182 2670 2243 Goarus
2698 2196 2831 2257 pag.
2854 2177 2951 2252 32,
2976 2196 3081 2238 vox
3109 2180 3386 2257 generica
3411 2188 3520 2251 est,
3556 2187 3613 2242 et
3633 2180 3881 2243 cunctis

2227 2269 2472 2331 canticis
2493 2269 2553 2329 in
2580 2267 2852 2330 Ecclesia
2873 2266 3074 2330 Graeca
3103 2270 3361 2349 receptis
3385 2270 3877 2345 communis;Mo-

2226 2360 2429 2421 dulum
2465 2358 2682 2439 ubique
2710 2356 3243 2437 interpretamur...
3270 2359 3472 2431 Quoad
3507 2359 3601 2419 sui
3624 2378 3873 2439 compo-

2227 2449 2505 2510 sitionem
2537 2447 2756 2509 Latinis
2811 2446 3171 2525 Antipbonis
3225 2447 3437 2509 similis
3487 2457 3612 2509 est:
3649 2468 3869 2528 quam-

2230 2539 2313 2600 vis
2370 2539 2752 2618 antiphonam
2818 2537 2936 2598 ulla
3012 2538 3240 2600 ratione
3310 2540 3689 2618 interpretari
3750 2559 3869 2602 ne-

2226 2647 2532 2708 queamus.
2562 2627 2724 2689 llanc
2760 2646 2958 2689 vocem
2993 2628 3077 2689 sic
3108 2629 3363 2708 explicat
3396 2629 3664 2690 laudatus
3693 2631 3873 2709 Liga»

2225 2716 2411 2797 ridus,
2473 2726 2751 2797 tanquam
2831 2716 2881 2777 si
2956 2719 3319 2797 τροπαιάριον,
3399 2720 3502 2775 ἀπὸ
3588 2721 3679 2776 τοῦ
3734 2743 3867 2799 τρο-

2225 2810 2402 2885 παίου,
2438 2809 2773 2882 derivetur;
2808 2815 2866 2867 et
2914 2806 2993 2868 sit
3048 2808 3213 2886 quasi
3276 2810 3445 2868 Paean
3514 2808 3638 2870 sive
3687 2809 3866 2889 hym-

2224 2916 2359 2979 nus,
2390 2900 2448 2957 in
2475 2916 2589 2977 quo
2613 2904 2856 2957 canatur
2904 2895 3148 2957 victoria
3172 2916 3188 2972 ;
3208 2897 3297 2957 vel
3330 2899 3390 2958 in
3422 2897 3638 2977 quibus
3664 2902 3709 2955 οἱ
3734 2901 3867 2978 τρό-

2224 3011 2341 3066 ποι,
2368 2986 2426 3047 id
2454 2994 2772 3059 est,mores
2796 2985 3047 3065 alicujus
3068 2987 3256 3047 sancti
3277 2987 3868 3051 referantur.Verum

2227 3076 2383 3139 Goar
2416 3076 2759 3138 existimans
2790 3076 2894 3132 ἀπὸ
2939 3078 3031 3131 τοῦ
3085 3077 3290 3154 τρέπειν
3322 3085 3569 3151 vertere,
3602 3077 3689 3139 vel
3723 3097 3867 3158 pro-

505 3170 683 3230 basce
708 3165 1075 3230 Graecanicas
1108 3182 1280 3225 voces
1309 3163 1370 3224 in
1395 3174 1693 3244 posterum
1718 3169 1797 3225 ita
1820 3162 2021 3224 Latine
2043 3163 2141 3223 in-
2162 3205 2201 3255 ο
2229 3166 2507 3246 pinquius
2552 3167 2654 3221 ἐπὸ
2690 3167 2890 3240 τροπῆς
2936 3166 3324 3227 conversione
3364 3166 3656 3245 originem
3688 3168 3866 3244 duci;

502 3256 900 3338 terpretabor.
932 3254 1113 3315 Porro
1140 3256 1375 3333 στιχηοὲι
1397 3253 1513 3315 alia
1535 3261 1671 3314 sunt
1700 3252 2143 3330 προσόμοια,81ίό

2233 3279 2259 3310 α
2296 3253 2427 3316 Sive
2459 3254 2645 3334 dicas,
2680 3255 2891 3334 inquit,
2926 3254 3001 3315 ob
3036 3273 3240 3316 vocem
3275 3256 3331 3316 in
3382 3256 3676 3318 cantando
3708 3258 3871 3320 varie

501 3346 762 3421 ἷδιόμελκ.
818 3344 960 3416 Qua:
1018 3345 1138 3405 sint
1184 3344 1505 3423 προσόμοια,
1542 3343 1763 3404 dictum
1814 3361 1973 3403 nunc
2028 3351 2138 3407 est.

507 3434 769 3507 ἰδιόμελα
801 3452 938 3495 vero
985 3443 1124 3495 sunt
1162 3450 1231 3494 ea
1263 3436 1521 3513 στιχηρὰ,
1555 3450 1684 3513 quae
1712 3434 1791 3509 (ut
1815 3432 1901 3493 ait
1935 3432 2145 3495 doctus

504 3524 745 3603 Ligarid
756 3543 821 3584 us
837 3523 990 3603 apud
1008 3520 1262 3585 Goarum
1288 3542 1345 3602 p.
1367 3523 1507 3603 906)
1532 3520 1814 3602 peculiari
1839 3521 2144 3600 sibi,gravi

507 3632 725 3694 nempe
751 3614 1293 3692 ctconcinna,voce
1308 3612 1613 3673 recitauda
1630 3620 1786 3685 sunt,
1817 3613 1977 3691 quasi
2007 3612 2145 3670 ἴδιον

501 3704 687 3781 μέλος,
743 3704 800 3764 id
863 3711 980 3780 est,
1038 3701 1335 3783 propriam
1389 3702 1857 3764 modulationem
1914 3702 2142 3764 haben-

505 3794 607 3855 tia.

582 3883 645 3946 7.
708 3880 1041 3958 Obiicictur
1116 3882 1367 3943 fortasse
1438 3880 1576 3942 huic
1634 3881 1968 3943 deﬁnitioni
2024 3883 2139 3943 Co-

502 3972 701 4043 dinus.
732 3972 794 4032 in
827 3972 978 4035 libro
1014 3972 1102 4033 De
1135 3970 1487 4050 o/ﬁcialibus
1534 3971 1750 4051 palatii
1802 3970 1925 4035 ΟΡ.
1952 3978 2010 4032 et
2059 3972 2144 4032 De

497 4061 716 4141 ofﬁciis
763 4080 1000 4141 magnae
1049 4061 1363 4141 Ecclesiae,
1397 4078 1524 4140 cap.
1564 4063 1623 4135 7,
1659 4080 1720 4121 u.
1755 4059 1855 4136 23,
1891 4061 2096 4122 dicens
2125 4080 2137 4123 :

506 4155 557 4209 Εἴ
612 4152 675 4187 ’κ
953 4154 965 4173 ‘
1043 4153 1059 4206 ἱ
1115 4150 1210 4206 "lt
1778 4153 1788 4167 “
1912 4152 1921 4169 '

550 4174 851 4231 .asp/pwzt
883 4174 969 4207 και
1014 4174 1041 4208 ο
1102 4172 1177 4226 γα
1216 4172 1321 4212 ται.
1375 4199 1388 4213 .
1442 4199 1455 4212 .
1510 4199 1522 4212 .
1581 4197 1591 4209 .
1645 4200 1657 4213 ,
1707 4174 1793 4207 και
1852 4151 2140 4226 ψαλλουσιν

499 4241 766 4315 ἰδιόμελον
816 4242 919 4318 τῆγ
1006 4243 1217 4319 ἑορτῆς·
1300 4240 1458 4320 quod
1540 4240 1620 4300 ita
1700 4239 1874 4301 vertit
1943 4248 2145 4302 noster

503 4327 820 4391 Gretserus
848 4347 862 4393 :
891 4352 911 4386 ’.ι
942 4328 1366 4409 Ingrediuntur
1386 4330 1563 4392 etiam
1591 4339 2146 4408 cantores,canunt-

503 4434 618 4494 que
675 4417 807 4477 festi
864 4419 1171 4498 proprium
1222 4424 1539 4482 canticum.
1600 4445 1621 4474 ν
1688 4418 1857 4481 Unde
1913 4420 2146 4482 videtur

2226 3362 2454 3407 versam
2489 3352 2547 3406 et
2576 3346 2877 3422 inﬂexam,
2913 3369 2938 3399 ι)
2975 3346 3131 3424 (quae
3162 3346 3301 3405 mihi
3334 3345 3483 3407 ratio
3509 3355 3621 3425 est,
3646 3354 3711 3408 ut
3743 3367 3869 3409 mo-

2227 3434 2431 3495 dulum
2465 3452 2705 3513 semper
2732 3433 3123 3513 reddiderim)
3161 3460 3187 3490 (ι
3220 3435 3368 3509 sive,
3401 3436 3538 3516 quia
3568 3455 3869 3499 canonar-

2227 3525 2359 3603 cba,
2388 3524 2525 3585 dum
2546 3523 2872 3603 troparium
2906 3524 3051 3585 illud
3076 3543 3183 3604 per
3202 3534 3494 3587 commata
3515 3532 3797 3607 suggerit,
3840 3552 3861 3585 ο

2225 3617 2389 3693 (raro
2410 3632 2664 3693 namque
2688 3612 2929 3694 pulpitis
2950 3623 3140 3674 astant
3158 3612 3369 3695 Graeci)
3401 3637 3423 3671 α
3445 3616 3619 3678 modo
3643 3617 3703 3678 in
3726 3617 3871 3679 cbo-

2229 3722 2359 3764 rum
2384 3705 2565 3783 hunc,
2594 3702 2768 3764 modo
2788 3704 2849 3763 in
2872 3703 3053 3764 alium
3079 3705 3347 3777 τρέπεται,
3377 3711 3497 3766 sive
3528 3706 3800 3767 vertitur.
3838 3734 3862 3767 ι

2229 3793 2513 3874 Superest
2545 3794 2838 3854 sententia
2889 3793 3025 3867 alia,
3060 3794 3162 3855 sed
3211 3811 3345 3873 qua:
3397 3794 3570 3874 plene
3614 3796 3869 3876 intelligi

2227 3894 2363 3945 ante
2386 3902 2504 3944 non
2527 3891 2922 3963 potest,quam
2952 3883 3038 3944 vis
3082 3902 3150 3945 ac
3190 3892 3402 3945 natura
3431 3884 3613 3946 hirmi
3659 3886 3869 3947 decla-

2222 3982 2347 4033 rata
2379 3973 2581 4036 fuerit.

2305 4064 2365 4124 9.
2407 4086 2430 4118 «
2468 4061 2709 4124 Hirmus
2742 4079 2943 4141 porro,
2979 4080 3007 4120 ι
3045 4069 3109 4121 ut
3139 4070 3229 4123 est
3258 4064 3411 4143 apud
3444 4064 3720 4126 Allatium
3746 4065 3868 4127 loc.

2227 4153 2471 4231 cit.pag.
2493 4152 2591 4225 98,
2608 4177 2630 4206 «
2660 4159 2751 4212 est
2772 4151 3024 4231 hymnus
3047 4150 3169 4212 sive
3192 4153 3541 4232 troparium,
3570 4171 3734 4235 aquo
3759 4172 3866 4217 re-

2228 4242 2524 4322 liquorum
2554 4240 2974 4320 trOpariorum,
3003 4260 3135 4321 quae
3154 4241 3213 4303 in
3245 4260 3315 4304 ea
3336 4244 3450 4305 ode
3477 4252 3867 4321 canerentur,

2228 4332 2656 4412 consequentia
2685 4338 2741 4393 et
2773 4330 2961 4393 series
3002 4330 3353 4394 ducebatur.
3392 4334 3575 4414 quue
3605 4336 3685 4395 ita
3733 4353 3875 4397 esse

2229 4430 2507 4483 notarunt
2533 4421 2644 4482 viri
2677 4418 2858 4501 docti,
2894 4439 2967 4481 ex
2993 4420 3293 4483 Simeonis
3318 4421 3879 4487 Thessalonicensis

92 5936 123 6059 il

505 4526 681 4586 posse
711 4509 1011 4588 concludi,
1047 4509 1344 4570 canticum
1375 4508 1617 4586 aliquod
1650 4511 1981 4590 nuncupari
2006 4510 2145 4567 ἷδιό-
2166 4510 2666 4595 I“archiepiscopi
2693 4509 2845 4570 libro
2875 4510 2961 4571 De
2982 4510 3219 4590 templo,
3245 4514 3560 4576 sacerdote
3578 4522 3881 4595 θεωρεῖθ-

503 4597 839 4678 μελον,(]ιιίᾶ
862 4598 1011 4658 festo
1040 4597 1344 4677 proprium
1362 4598 1463 4673 sit,
1492 4617 1609 4659 non
1638 4617 1775 4660 vero
1794 4601 1931 4679 quia
1966 4618 2144 4680 pecuv
2165 4597 2424 4682 “gogia.
2451 4598 2609 4661 Addi
2642 4606 2833 4679 potest
2866 4598 3145 4679 Zonaras,
3177 4611 3499 4664 comment.
3536 4603 3593 4664 in
3616 4620 3883 4665 canones

504 4686 712 4748 liarem
749 4686 860 4750 sibi
897 4686 1369 4750 modulationem
1404 4687 1685 4750 vindicet.
1715 4688 1830 4751 Per
1850 4690 1975 4751 haec
2006 4708 2149 4751 sane
2231 4690 2637 4753 Anastasimos
2658 4688 3099 4770 Damasceni,in
3127 4691 3450 4769 praemio:
3481 4696 3671 4770 Εἱρμὸς
3694 4693 3747 4749 δὲ
3773 4694 3874 4750 λέ-

502 4776 713 4838 Codini
748 4776 926 4838 verba
957 4776 1296 4855 scrupulus,
1331 4777 1541 4856 fateor,
1580 4777 1727 4839 mihi
1760 4779 2021 4859 injectus
2042 4778 2143 4839 fuit

2232 4804 2377 4861 γεται
2409 4784 2481 4843 ὡς
2514 4779 2823 4837 ἀκολουθίαν
2874 4782 3012 4859 τινὰ⁷
3049 4782 3140 4836 καὶ
3196 4782 3339 4845 τάξιν
3388 4782 3640 4863 μέλουυς,
3669 4786 3761 4841 καὶ
3790 4786 3879 4863 ἁρ-

501 4884 621 4928 non
640 4866 922 4943 levis;sed
948 4866 1455 4946 evanuit,quando
1472 4867 1591 4927 vidi
1605 4868 1918 4948 pluraesse
1935 4868 2143 4931 stiche-

2234 4874 2416 4947 μανίας
2451 4868 2618 4932 διδοὺς
2648 4883 2765 4933 τοῖς
2818 4869 2934 4944 μετ’
2960 4900 2961 4903 η
2990 4870 3147 4926 αὑτοῦ
3205 4874 3532 4949 τροπαρίοις.
3588 4875 3725 4951 Πρὸς
3776 4876 3876 4952 γὰρ

501 4974 569 5017 ra
598 4956 746 5017 festo
780 4954 1189 5043 congruentia,
1226 4972 1357 5035 quae
1404 4973 1523 5015 non
1569 4954 1984 5017 inscribuntur
2011 4956 2143 5013 ἰδιό-

2234 4966 2294 5018 το
2324 4963 2429 5018 τῶν
2459 4962 2651 5040 εἱρμὼν
2710 4959 2871 5034 μέλος
2929 4962 3154 5015 κάκεῖνα
3210 4961 3562 5043 ῥυθμίζονται,
3597 4967 3683 5019 καὶ
3743 4966 3875 5039 πρὸς

499 5045 662 5121 μελα.
697 5044 782 5106 Ne
833 5044 1066 5122 longius
1114 5041 1434 5124 abeamus;
1471 5043 1677 5107 ﬁdeles
1734 5054 1865 5107 tuos
1916 5047 2143 5128 oculos,

2232 5056 2436 5108 ἐκεῖνον
2497 5051 2859 5129 ἀναφερόμενα
2921 5050 3235 5125 ἀρμόζονταί
3295 5073 3353 5106 τε
3409 5054 3496 5107 καὶ
3550 5041 3871 5126 τψάλλοντιι,

496 5135 807 5214 Lector,in
830 5135 1045 5195 borum
1068 5131 1245 5193 trium
1263 5132 1576 5213 praesulum
1598 5134 1859 5196 ofﬁcium
1876 5136 2143 5199 intende:

2232 5144 2317 5198 καὶ
2346 5148 2414 5218 τῇ
2444 5142 2667 5221 ἁρμονίᾳ
2715 5147 2807 5195 τοῦ
2864 5137 3251 5214 μελῳδήματος
3300 5140 3499 5200 ἐκείνου
3550 5140 3872 5200 ἀκολουθοῦ-

497 5236 555 5289 et
580 5225 722 5287 licet
745 5223 1004 5284 stichera
1028 5226 1229 5283 omnia
1254 5222 1369 5283 sint
1392 5222 1529 5283 huic
1545 5222 1693 5285 festo
1709 5224 1947 5304 propria
1970 5245 2143 5304 quam

2232 5256 2334 5313 civ,
2407 5233 2441 5300 ἢ
2518 5232 2595 5288 ὅτι
2645 5232 2865 5305 συνείρει
2915 5231 3002 5286 καὶ
3057 5230 3350 5303 συμπλέχει
3403 5232 3572 5305 ἑαυτῷ
3631 5235 3767 5288 κατὰ
3813 5234 3874 5287 τὸ

496 5333 631 5397 quae
658 5312 937 5386 maxime,
965 5320 1157 5371 tamen
1183 5329 1299 5371 non
1326 5310 1593 5373 invenias
1617 5313 1731 5374 alia
1755 5314 1995 5376 inscribi
2014 5316 2143 5373 ἰδιό-

2233 5310 2394 5397 μὲἶος
2426 5326 2452 5377 ὁ
2498 5324 2674 5400 εἱρμὸς
2708 5323 2767 5377 τὸ
2798 5320 3104 5395 τροπάριον.
3146 5343 3170 5373 σ
3234 5318 3475 5381 Hirmus
3514 5320 3872 5401 appellatur,

493 5406 632 5482 μελοι
688 5413 908 5484 praeter
964 5398 1224 5491 stichera
1253 5400 1393 5491 _Nili
1455 5402 1843 5483 Xanthopuli,
1880 5404 1937 5465 id
1993 5405 2148 5485 quod
2234 5430 2304 5473 eo
2335 5410 2490 5491 quod
2523 5398 2739 5472 seriem
2763 5406 3082 5486 quamdam
3102 5398 3617 5471 etconnexione'm
3642 5409 3879 5470 etordi-

496 5494 669 5558 nobis
742 5500 1093 5579 argumento
1171 5488 1351 5550 debet
1428 5508 1582 5564 esse,
1642 5509 1761 5555 non
1833 5504 2147 5574 propterea
2234 5488 2371 5562 nem
2396 5495 3882 5579 cantusetconsonantiaetribuatconsequentibus

496 5586 793 5649 canticum
853 5578 1099 5656 aliquod
1181 5581 1339 5659 apud
1422 5579 1661 5643 Graacos
1744 5581 1863 5644 dici
1940 5585 2142 5661 ἱδιόμε-

2232 5600 2361 5671 post
2389 5608 2453 5651 se
2478 5589 2771 5670 tropariis.
2800 5588 2947 5649 Nam
2979 5583 3051 5645 ad
3078 5593 3314 5649 cantum
3347 5587 3675 5649 birmorum
3725 5605 3876 5649 con—

496 5677 761 5760 ).ov,quia
785 5674 936 5738 festo
962 5672 1270 5751 proprium
1296 5668 1522 5750 est,sed
1547 5671 1684 5753 quia
1714 5674 2004 5752 peculiari
2035 5685 2091 5739 et
2111 5694 2144 5737 a
2226 5668 2587 5761 formantur,
2611 5688 2671 5743 et
2702 5684 3176 5757 attemperantur
3197 5676 3375 5740 etiam
3401 5677 3749 5759 troparia,et
3774 5676 3881 5739 de-

428 5902 551 5991 Ἠ

604 6040 677 6093 ἱ.
