4096 6210
765 327 868 389 AD
910 327 1413 392 ACOLUTHIAM
1458 329 1734 393 omen
1777 326 2031 394 θΒίΕαΙ
2073 288 2570 397 DISSEBTATIO
2611 334 3117 401 ONOMASTICA.

3483 357 3697 408 CGCXXI

322 482 438 545 que
459 464 519 525 in
550 465 824 527 Romano
852 464 1155 529 Breviario
1188 467 1334 531 feria
1362 486 1427 550 ιι,
1457 469 1531 532 ad
1555 469 1827 544 Laudes;
1861 466 1964 528 sed
1986 469 2028 521 A
2051 480 2309 526 canones
2330 464 2500 527 relati
2516 474 2674 547 sunt,
2701 474 2759 529 et
2779 467 2882 549 qui
2902 468 3123 532 idcirco
3142 469 3310 533 libris
3336 473 3696 537 ecclesiasti-

322 555 480 632 quod
544 556 709 617 Isaiae
758 574 890 635 cap.
923 574 1082 634 xxvr,
1113 575 1175 620 v.
1228 560 1288 640 9,
1322 560 1532 640 incipit
1561 562 1619 621 in
1668 559 1916 640 Vulgata
1950 582 1964 622 :

320 647 549 731 Anima
572 665 703 707 mea
720 647 1163 711 desideravitte
1185 652 1453 729 inuocte,
1474 652 1567 709 Ἐκ
1590 654 1774 715 νυκτὸς
1798 656 1967 731 ὀρθρι-

317 724 392 803 ζέι
446 739 506 791 τὸ
557 738 766 811 τενεῦμά
811 761 911 811 μου
958 742 1057 817 πρὸ
1107 741 1188 812 σὲ,
1235 743 1261 795 ὁ
1308 724 1476 804 Osric"
1533 741 1665 821 hoc,
1720 724 1959 822 inquam

2052 554 2134 616 eis
2164 565 2534 621 accensetur.

2130 648 2229 706 ΞΟ.
2266 646 2468 725 Pergit
2496 648 2752 726 Cangius
2781 656 2840 709 et
2868 649 2948 709 ait
2980 670 2992 706 :
3036 672 3062 705 α
3098 648 3374 713 Canones
3408 662 3689 733 praeterea

2048 753 2117 797 ex
2151 738 2399 798 materia
2428 754 2601 817 quam
2637 746 2893 801 tractant
2923 740 3165 801 nomina
3208 760 3543 823 sumpsere.
3573 746 3691 808 Alii

311 820 477 884 Isaiae
502 826 797 886 canticum
819 826 1073 888 alterum
1104 829 1257 909 apud
1284 828 1518 890 Graecos
1542 820 1846 911 proprium
1873 841 1962 893 est
2047 823 2203 884 enim
2239 827 2588 901 ἀναστάσιμοι
2622 827 2925 908 dicuntur,
2952 830 3105 909 quod
3141 831 3216 892 de
3250 832 3467 894 Christi
3494 854 3686 897 resuro

301 909 469 973 feria
498 929 586 975 Vl.
624 912 881 978 Sabbato
932 935 1071 979 vero
1104 927 1356 993 sextum,
1392 909 1627 987 ’ESdnaz
1657 909 1732 977 iév
1786 924 1956 998 θλίψει

302 1024 407 1076 μου
437 1006 569 1079 πρὸς
617 1006 827 1085 Κύριον,
861 1005 984 1067 sive
1028 1008 1321 1069 canticum
1354 1010 1539 1090 Jonas,
1577 1009 1851 1073 Clamavi
1883 1013 1958 1074 de

302 1090 707 1155 tribulatione
727 1113 867 1156 mea
882 1097 959 1158 ad
977 1098 1303 1160 Dominum
1332 1122 1345 1174 ς
1374 1108 1430 1159 et
1448 1100 1765 1180 septimum
1800 1103 1955 1160 Εὐλο-

303 1183 489 1257 γητὸ.
537 1184 615 1262 εἴ,
654 1186 803 1263 Κύριε
836 1190 863 1241 ὁ
891 1190 1020 1251 Θεὸς
1052 1195 1157 1244 τῶν
1189 1189 1454 1267 πατέρων,
1490 1193 1663 1265 ἡμῶν,
1695 1191 1956 1255 Benedi-

302 1277 434 1332 ctus
459 1290 542 1347 es,
582 1272 833 1335 Domine
865 1276 1020 1338 Deus
1037 1286 1286 1356 patrum
1305 1288 1673 1342 nostrorum.
1709 1280 1956 1363 Reliqua

304 1359 450 1436 duo,
482 1362 716 1424 scilicet
760 1363 948 1426 beatae
997 1367 1197 1428 Mariae
1249 1366 1508 1447 Virginis
1558 1378 1615 1430 et
1658 1359 1954 1433 Zachariae

302 1450 633 1531 prophetat,
660 1452 777 1513 alio
813 1461 1082 1535 tempore
1113 1456 1538 1520 decantantur.

378 1545 464 1599 18.
486 1547 670 1618 Atque
684 1547 800 1603 haac
825 1564 1027 1607 novem
1047 1551 1263 1607 cantica
1285 1552 1525 1623 integra,
1542 1554 1598 1609 in
1622 1569 1752 1612 eum
1783 1571 1952 1628 quem

290 1629 424 1707 jam
459 1633 735 1692 recensui
759 1633 1032 1695 ordinem
1059 1636 1323 1710 redacta,
1358 1640 1624 1717 reperire
1651 1649 1740 1702 est
1768 1642 1827 1702 in
1855 1644 1955 1717 νέορ

294 1718 626 1799 Ἀνθοὶογίῳ
644 1724 765 1783 sive
781 1742 927 1785 novo
942 1724 1263 1805 Florilegio
1281 1728 1528 1789 Antonii
1544 1730 1953 1803 Arcudii,con-

2040 914 2310 976 rectione
2339 924 2513 994 agant
2546 938 2562 997 ;
2596 920 2979 997 σταυρώσιμοι,
3012 919 3113 996 qui
3147 919 3222 982 de
3243 939 3457 1004 cruce;
3487 928 3688 1005 νεκρώ-

2040 1028 2187 1077 σιμοι
2242 1013 2299 1067 et
2350 1007 2732 1087 ἀναπαύσιμοι,
2782 1009 2880 1088 qui
2928 1009 3002 1069 de
3055 1013 3351 1089 mortuis;
3415 1039 3688 1093 σταορονε-

2037 1092 2319 1169 χρώσιμοι,
2355 1096 2457 1175 qui
2506 1095 2581 1157 de
2636 1115 2815 1158 cruce
2870 1107 2928 1159 et
2991 1100 3291 1176 mortuis;
3346 1092 3685 1181 παρακλητι-

2037 1184 2143 1262 κοί,
2176 1183 2275 1261 qui
2331 1184 2406 1245 de
2458 1186 2745 1246 solamine
2794 1192 3122 1249 animarum
3162 1212 3175 1262 ;
3223 1193 3502 1271 ἱκετήριοι,
3538 1213 3685 1278 sup—

2038 1270 2380 1352 plicatorii;
2436 1276 2715 1356 τριαδικοί,
2755 1276 2855 1356 qui
2914 1278 2989 1339 de
3042 1279 3373 1361 Trinitate;
3423 1270 3683 1362 δογμκέι-

2036 1363 2140 1434 κοί,
2176 1363 2275 1443 qui
2307 1362 2381 1455 de
2410 1364 2787 1455 dogmatibus
2841 1375 3042 1447 agunt,
3079 1377 3137 1429 et
3166 1368 3253 1430 sic
3284 1370 3361 1432 de
3392 1372 3678 1455 reliquis;

2039 1453 2509 1533 canonesitaque
2527 1454 2587 1515 in
2609 1454 2754 1515 odas
2778 1456 3139 1520 dividuntur.
3168 1458 3297 1520 odae
3319 1460 3376 1520 in
3398 1453 3680 1541 troparia,

2039 1559 2109 1603 ex
2138 1540 2355 1621 quibus
2377 1554 2833 1624 componuntur.
2859 1544 3118 1623 Singula:
3134 1566 3391 1629 namque
3410 1540 3684 1622 (uthabet

2038 1632 2149 1691 alio
2183 1630 2312 1691 loco
2344 1631 2501 1693 idem
2537 1634 2789 1712 Cangius
2822 1653 2890 1697 ex
2923 1635 3160 1716 Allatio)
3196 1640 3456 1717 troparia
3485 1642 3682 1704 conti-

2038 1730 2183 1781 nent
2205 1720 2373 1801 plura
2387 1731 2483 1783 aut
2502 1724 2948 1801 pauciora,cum
2966 1745 3171 1786 eorum
3188 1746 3472 1790 numerus
3486 1730 3680 1795 deter-

295 1810 467 1869 tinuo
488 1798 620 1889 pust
647 1813 1016 1875 Psalterium:
1051 1798 1428 1878 «Secundum
1451 1827 1645 1880 autem
1680 1798 1940 1896 illorum,
1977 1798 2015 1847 Β
2038 1812 2295 1873 minatus
2322 1830 2440 1872 non
2465 1814 2559 1875 sit.
2589 1814 2873 1894 Troparia
2908 1834 3082 1896 porro
3114 1818 3681 1899 quandoquelibera

296 1908 571 1983 Προσεχε,
606 1908 817 1981 eugris,
865 1912 949 1964 mi
999 1907 1242 1982 λαλήσω,
1280 1912 1415 1990 quia
1465 1912 1945 1991 correptionibus

292 1994 552 2053 etminis
578 1995 638 2054 in
674 1996 1011 2073 pervicaces
1028 1998 1437 2078 etperduelles
1459 2000 1738 2062 Hebraeos
1760 2011 1941 2083 tonat,

291 2082 584 2143 omissum
620 2085 843 2147 idcirco
878 2096 1000 2149 toto
1035 2088 1175 2149 anni
1206 2088 1482 2169 decursu,
1520 2090 1645 2151 solo
1678 2082 1942 2164 Quadra4

286 2173 539 2247 gesimaz
571 2193 798 2254 magna:
820 2184 1087 2257 tempore
1111 2177 1367 2257 lugubri,
1396 2198 1510 2258 quo
1536 2183 1944 2244 comminatio-

286 2258 469 2320 nibus
521 2273 582 2324 et
613 2265 795 2326 tristis
852 2266 1079 2345 augurii
1112 2267 1355 2328 vocibus
1388 2277 1729 2346 peccatores
1762 2279 1945 2333 terret

283 2346 952 2432 Ecclesia,cantandum
980 2355 1287 2417 resumit.»
1319 2355 1402 2418 Ita
1424 2358 1943 2440 Goarus,allegans

278 2435 599 2520 Horologii
634 2451 830 2525 typum
863 2445 1085 2519 ’latéov,
1120 2446 1198 2502 ὅτι
1232 2450 1263 2514 ἡ
1314 2446 1521 2525 85915,:
1554 2448 1663 2522 ᾠδή
1696 2435 1941 2508 οὗδέῖποτε

277 2531 731 2610 σνιχολογεττκι,
760 2538 804 2591 εἰ
856 2536 931 2609 μὴ
984 2535 1037 2590 ἐν
1072 2538 1209 2611 μόνῃ
1243 2544 1307 2613 τῇ
1363 2538 1571 2615 μελέτῃ
1609 2549 1941 2615 Τεσσχρακοσ-

276 2627 385 2697 στῇ
438 2624 579 2677 κατὰ
610 2626 705 2691 τὴν
750 2627 955 2702 τρίτην,
996 2625 1323 2706 Seiendqm
1369 2627 1529 2704 quod
1562 2628 1599 2688 ἓ
1645 2630 1935 2692 canticum

275 2728 597 2790 nunquam
623 2731 728 2792 per
750 2730 954 2774 versus
986 2714 1430 2792 recitatur,|nisi
1462 2716 1940 2797 Quadragesimaa

274 2817 521 2878 magum
551 2804 737 2865 tertiis
767 2803 953 2864 feriis.

359 2890 469 2951 19.
508 2892 649 2954 Hac
680 2892 752 2953 de
781 2893 1089 2973 scriptura:
1133 2895 1399 2957 canticis.
1434 2894 1790 2973 Progredior
1811 2898 1934 2977 jam

268 2978 344 3039 ad
383 2998 707 3053 canonem,
744 3001 873 3063 qua;
901 2992 988 3044 est
1022 3003 1157 3064 pars
1186 2984 1377 3047 Ollicii
1408 2983 1598 3047 Graeci
1628 2985 1782 3047 bene
1808 3006 1936 3048 ma-

2026 1912 2128 1961 aut
2158 1919 2297 1979 vaga
2337 1902 2778 1983 relinquuntur;
2803 1905 3160 1983 quandoque
3191 1907 3399 1985 primis
3438 1909 3672 1988 litteris,

2028 1991 2195 2070 quasi
2216 1991 2453 2052 annulis
2482 1991 2543 2052 in
2575 1992 2772 2053 verbis
2798 1993 2977 2054 veluti
3008 1997 3279 2057 catenula
3309 1996 3674 2082 inseruntur,

2027 2098 2203 2159 quam
2223 2080 2621 2142 acrostichida
2638 2090 2907 2143 auctores
2922 2082 3291 2146 vocant.Non
3314 2087 3387 2147 ab
3401 2080 3678 2152 omnibus

2028 2178 2229 2231 tamen
2258 2170 2357 2231 illa
2389 2170 2706 2249 colligendi
2728 2173 2874 2233 ratio
2900 2180 2961 2233 et
2991 2174 3202 2236 modus
3224 2189 3517 2241 servatur.
3543 2179 3679 2251 Qui-

2027 2258 2159 2320 dam
2195 2259 2496 2340 alpbabeti
2530 2261 2797 2323 ordinem
2832 2272 3086 2338 servant,
3116 2269 3194 2325 ita
3217 2266 3554 2345 utprimum
3581 2288 3674 2331 ca-

2027 2348 2202 2409 nonis
2236 2350 2557 2429 troparium
2582 2350 2654 2411 ab
2686 2356 2733 2414 A
2764 2351 3031 2431 incipiat,
3052 2355 3189 2415 etin
3224 2367 3263 2409 t2
3287 2355 3529 2422 demum
3561 2360 3671 2421 de-

2026 2438 2197 2499 sinat.
2236 2440 2352 2501 Alii
2387 2440 2444 2501 in
2488 2440 2879 2503 acrostichide
2914 2446 3171 2501 Θεοτόκιπι
3227 2445 3507 2525 (troparia
3536 2459 3675 2511 sunt

2025 2528 2271 2590 odarum
2288 2531 2677 2611 postrema,in
2702 2532 2989 2594 honorem
3012 2532 3272 2611 Virginis
3288 2536 3665 2621 concinnata)

2022 2616 2479 2681 includunt.Alii
2500 2628 2666 2683 extra
2690 2640 2817 2683 eam
2844 2640 2952 2709 suo
2974 2624 3147 2683 modo
3169 2626 3260 2703 agi
3288 2625 3544 2708 ferrique
3564 2616 3665 2690 ca;

2024 2725 2214 2769 nones
2241 2728 2381 2769 suos
2410 2710 2629 2772 sinent.
2668 2736 2691 2769 ››

2102 2797 2201 2857 9:.
2237 2798 2574 2878 Aliiprimis
2597 2800 2991 2880 tropariorum
3023 2802 3213 2865 literis
3239 2804 3494 2885 aliquam
3521 2826 3663 2868 sen-

2024 2885 2268 2947 tentiam
2296 2897 2640 2963 contexunt;
2664 2891 3044 2969 alphabetum
3068 2892 3188 2974 alii,
3215 2903 3427 2957 ettunc
3451 2896 3668 2961 dicitur

2022 2992 2213 3038 canon
2242 2981 2377 3033 mat
2422 2978 2719 3059 ἁλφάϐετον
2759 2998 2771 3039 ;
2812 2990 2868 3041 et
2898 2983 3234 3063 exemplum
3280 2983 3667 3064 alpltabeticaa

266 3086 420 3143 ειη,
474 3068 709 3152 Quippe
746 3092 776 3131 (
805 3091 1063 3135 canones
1120 3075 1205 3153 (ιη
1254 3073 1516 3153 loquitur
1561 3075 1835 3153 θωπείας)
1876 3066 2389 3153 in_acrostichize
2440 3068 2681 3131 exhibet
2730 3068 3084 3131 Paraclitum
3132 3091 3189 3151 p.
3251 3073 3345 3136 16.
3394 3074 3660 3136 Aliorum

261 3156 550 3221 Ecclesia
577 3144 778 3223 Graeca
808 3162 1089 3227 dicuntur
1120 3144 1315 3243 hymni
1333 3144 1433 3237 '(ex
1459 3144 1750 3246 perpetuo
1782 3144 1925 3227 oda-
1954 3144 1995 3196 δ
2021 3158 2291 3255 exempla
2314 3157 2467 3265 Varia
2493 3158 2729 3220 “hibet
2748 3144 3667 3265 3“q‘30‘i95_Pi‘P§br°?{1i95v_°°‘

261 3266 405 3309 rum
441 3259 498 3310 et
533 3254 923 3329 trapariorum
958 3253 1170 3314 ordine
1200 3272 1268 3315 ac
1300 3253 1456 3315 serie
1488 3254 1570 3316 ita
1600 3255 1926 3335 appellati),

2030 3248 2591 3308 :asionesanctorum
2609 3248 3204 3331 quorumdam,aliam
3221 3252 3343 3314 fere
3358 3253 3661 3317 historiam

260 3337 369 3417 qui
426 3348 559 3419 ροει
609 3340 873 3404 psalmos
928 3342 1260 3419 Davidicos,
1305 3334 1767 3425 precesque,“
1813 3347 1929 3409 alia
2010 3334 3659 3425 velencomiamnonhabentium.Longepulcherrimum

261 3430 561 3512 troparia,
594 3440 909 3512 antequam
964 3433 1247 3494 ﬁniantur
1297 3422 1494 3494 divina
1535 3422 1746 3511 ofﬁcia,
1795 3456 1926 3517 qua:
2009 3422 3175 3531 βδίηοδίείτίυῐξξιάοξείοτυω(ἶΐέξοοτυίη
3199 3432 3652 3531 ῼίῊείυΨνίιυοά

261 3528 569 3582 nocturno
598 3530 867 3601 tempore
897 3522 1179 3586 domiaut
1200 3523 1260 3584 in
1283 3522 1553 3585 ecclesiis
1584 3526 1919 3605 exiguntur,

2033 3532 2125 3574 am
2152 3534 2427 3595 paramus
2444 3517 3115 3599 illustrare,exprimens
3137 3520 3361 3601 primus
3385 3523 3656 3585 elemen-

259 3608 401 3670 cani
437 3618 539 3671 aut
574 3612 813 3673 recitari
843 3612 1058 3674 solent.
1097 3612 1351 3674 Zonaras
1379 3614 1449 3673 ad
1468 3615 1741 3676 Canones
1770 3616 1924 3677 Aua-

255 3702 548 3761 stasimos
578 3700 929 3764 Damasceni
956 3723 969 3764 :
1034 3704 1217 3760 Κανὼν
1250 3703 1483 3781 λέγεται,
1517 3704 1596 3760 ὅτι
1628 3707 1921 3783 ὡρισμένον

254 3792 342 3845 καὶ
396 3794 771 3863 τετυπωμένον
822 3794 938 3873 ἔχει
969 3795 1030 3850 τὸ
1086 3792 1275 3870 μέτρον
1321 3794 1467 3849 ἐννέα
1519 3794 1682 3868 ᾠδείῒς
1732 3819 1917 3853 cavre-

2009 3603 2080 3664 tis
2111 3604 2268 3666 hunc
2297 3625 2532 3669 versum
2564 3606 2886 3670 iambicum
2918 3629 2932 3670 :

2249 3699 2529 3778 Τρισήλιον
2576 3701 2712 3781 φῶς,
2758 3703 2909 3771 τρεῖς
2953 3703 3156 3777 ἀνῆψεν
3208 3704 3413 3773 ἡλίους,

2006 3789 2194 3870 Hujus
2228 3811 2467 3853 sensum
2497 3794 2705 3855 Latine
2727 3793 3419 3871 reddamalibi,totidem
3440 3800 3655 3863 litteris

257 3878 547 3955 λοᾷμενον,
620 3880 891 3942 canones
946 3880 1126 3959 igitur
1190 3880 1533 3943 dividuntur
1586 3882 1648 3943 in
1708 3903 1917 3947 novem
2012 3879 2792 3962 totidemquetropariisseu
2814 3884 3657 3967 strophis.Etvero,nepostea

257 3971 453 4045 odas;
508 3978 669 4051 inter
698 3990 841 4050 quas
876 3978 1068 4031 tamen
1103 3970 1366 4031 secunda
1413 3972 1623 4033 nullibi
1654 3981 1921 4055 apparet.
2010 3968 2256 4045 hwreas,
2294 3979 2526 4049 οροτιθι
2582 3989 3006 4049 prwmoneam,
3042 3981 3265 4035 tantum
3326 3974 3559 4049 abesse,
3596 3986 3657 4037 ut

256 4061 365 4122 sed
428 4040 850 4141 componemus
904 4061 963 4120 in
1028 4072 1263 4139 pectore
1324 4072 1635 4144 remanet;
1694 4040 1829 4144 post
1886 4066 1921 4129 4
2010 4040 2749 4135 ejusmodiacrostichides
2773 4078 3013 4142 semper
3036 4064 3655 4143 continenturetpro-

256 4166 399 4211 vero
461 4150 668 4224 odem,
732 4169 920 4213 canon
956 4150 1412 4229 interrumpitur
1468 4167 1589 4216 ταῖς
1653 4153 1921 4233 Ἀναγνώ-
2005 4146 2161 4207 xime
2188 4147 2525 4209 cohaereant
2549 4150 3254 4230 interse.utinterjectos
3277 4154 3651 4233 etdispersos

256 4226 566 4301 aéat.Tum
594 4241 753 4301 enim
776 4240 1063 4300 lectiones
1096 4239 1170 4299 de
1198 4226 1348 4301 Vitis
1368 4248 1728 4318 sanctorum,
1763 4226 1917 4324 quo-
2002 4234 2256 4298 habeant
2288 4249 2346 4300 et
2379 4238 2605 4300 hirmos
2630 4249 2689 4300 et
2722 4241 3009 4321 troparia,
3046 4226 3379 4322 martyrica,
3416 4226 3645 4304 theoto-

251 4346 388 4389 rum
427 4350 501 4391 eo
544 4330 640 4391 die
666 4329 1154 4391 commemoratio
1186 4327 1547 4409 celebratur,
1568 4338 1666 4390 aut
1696 4330 1769 4392 de
1800 4332 1921 4399 diei
2005 4325 2117 4405 cia,
2148 4327 2400 4408 aliaque.
2437 4329 2657 4405 quibus
2687 4330 2903 4392 exactis
2939 4331 3260 4392 resumitur
3291 4350 3478 4392 canon
3505 4352 3520 4391 :
3546 4332 3647 4413 qui

254 4417 533 4495 historia,
556 4419 757 4482 altiori
792 4434 938 4480 voce
1001 4418 1074 4479 ab
1125 4419 1439 4479 sacerdote
1469 4419 1557 4480 vel
1587 4420 1659 4480 ab
1690 4421 1803 4483 alio
1828 4423 1918 4485 le-

254 4509 725 4590 gunturzquibus
756 4509 931 4569 {initis
952 4508 1199 4587 reliquae
1231 4509 1476 4569 canonis
1514 4510 1643 4571 adre
1666 4530 1918 4591 percur~

248 4610 491 4661 runtur.
533 4603 744 4679 Neque
777 4617 930 4659 unus
967 4616 1155 4659 canon
1182 4597 1243 4658 in
1297 4616 1417 4658 uno
1449 4600 1646 4662 cilicio
1681 4620 1920 4683 semper

245 4688 501 4771 dicitur,
556 4692 663 4751 sed
694 4689 993 4749 interdum
1028 4689 1148 4749 duo
1178 4686 1272 4749 vel
1296 4696 1442 4760 tres,
1475 4707 1608 4751 raro
1637 4701 1912 4771 quatuor,

251 4798 353 4859 pro
387 4780 653 4859 plurium
687 4779 788 4839 illo
820 4778 917 4839 die
944 4777 1327 4840 festivitatum
1364 4797 1681 4857 concursu,
1718 4782 1911 4844 inter-

248 4868 903 4942 miscentur.Quamvis
918 4883 1062 4928 vero
1085 4865 1555 4929 canonibusodae
1572 4870 1913 4933 tribuantur

249 4976 491 5035 novem,
524 4977 640 5019 non
674 4959 752 5020 ita
783 4972 983 5019 tamen
1016 4956 1157 5019 illud
1192 4965 1539 5037 perpetuum
1574 4969 1685 5041 est,
1707 4969 1772 5021 ut
1796 4961 1910 5024 ali—

251 5051 491 5129 quando
528 5066 817 5110 numerns
848 5065 1050 5109 earum
1108 5066 1227 5108 non
1259 5047 1664 5112 imminuatur.
1720 5050 1911 5124 Quan-

251 5138 447 5220 doque
482 5139 645 5199 enim
683 5137 872 5198 tribus
902 5138 989 5198 vel
1025 5142 1283 5213 quatuor
1316 5145 1543 5198 tantum
1578 5138 1707 5200 odis
1730 5142 1909 5203 inter-

251 5229 550 5291 cluditur:
572 5229 731 5289 unde
763 5227 1093 5289 canonibus
1110 5244 1326 5288 nomen
1340 5227 1580 5307 τριῳδίου
1604 5239 1662 5291 et
1686 5253 1913 5311 τετραφ-

2007 4415 2056 4475 si
2091 4416 2306 4496 duplex
2324 4426 2436 4497 est,
2464 4427 2629 4480 utest
2650 4438 2829 4499 saape,
2849 4419 3317 4481 alteriuscanoni
3350 4421 3657 4482 continua-

2006 4504 2158 4566 tioni
2196 4508 2562 4586 praeponitur
2590 4526 2701 4568 vox
2761 4509 2941 4581 ἄλλος,
2981 4509 3329 4589 plerumque
3362 4528 3497 4571 vero
3532 4520 3648 4570 tam

2002 4603 2177 4655 unius
2198 4614 2375 4675 quam
2392 4597 2635 4657 alterius
2654 4597 2901 4659 canonis
2923 4598 3050 4659 adat
3077 4598 3523 4675 distinguuntur
3547 4617 3653 4678 per

2000 4702 2279 4745 numeros
2303 4685 2515 4746 litteris
2539 4686 2836 4766 alphabeti
2868 4690 3130 4767 signatus
3164 4688 3277 4748 hoc
3313 4688 3509 4768 modo,
3536 4686 3646 4763 ᾠδή

1997 4774 2078 4844 α’,
2118 4774 2199 4851 β’,
2245 4774 2326 4853 γ’,
2369 4784 2481 4836 etc.
2523 4774 2662 4847 Qua;
2708 4776 2909 4837 omnia
2947 4776 3322 4857 appositione
3369 4779 3647 4856 promissi

1997 4863 2256 4943 exempli
2282 4864 2533 4927 clariora
2562 4864 2838 4927 evadent.

2079 4953 2512 5033 22.Atquinam
2529 4954 2699 5016 fuere
2722 4973 3015 5016 canonum
3036 4952 3645 5016 auctores?Intinitum

1999 5053 2087 5106 est
2105 5062 2422 5105 recensere
2445 5063 2675 5121 omnes,
2696 5045 2968 5125 nequeid
3001 5044 3185 5106 nostri
3211 5048 3358 5106 ratio
3390 5045 3645 5108 instituti

1998 5134 2289 5214 postulat;
2346 5153 2480 5195 cum
2526 5153 2629 5196 eos
2667 5152 2876 5197 omnes
2909 5134 3146 5195 novisse
3189 5134 3260 5195 ad
3300 5131 3642 5197 Graecorum

1998 5223 2354 5287 acoluthiam
2386 5225 2831 5305 intelligendam
2854 5225 3003 5287 nihil
3026 5224 3285 5287 intersit.
3311 5224 3645 5305 Praecipuus

250 5316 357 5373 δίο-δ
387 5345 412 5373 ι
452 5318 681 5379 Triodii
712 5326 916 5377 tamen
956 5335 1174 5377 nomen
1202 5316 1375 5377 latius
1398 5318 1618 5399 patiet:
1656 5339 1789 5381 nam
1826 5323 1914 5393 (ut
1994 5313 2211 5421 lectori
2234 5327 2517 5421 suggeret
2549 5315 2725 5421 typici
2754 5315 3008 5421 capuli),
3038 5315 3196 5421 quoi
3230 5314 3325 5421 hic
3352 5312 3644 5421 praeteriri

253 5406 524 5485 pluribus
557 5417 616 5469 et
645 5407 1297 5511 eruditendemonstrat
1325 5408 1582 5511 All-alius
1614 5410 1703 5471 Dc
1732 5412 1911 5473 libris

2030 5404 2151 5465 Lalld
2189 5413 2397 5483 potest.
2435 5404 2631 5463 ’ἰστέον
2682 5404 2735 5461 δὲ
2768 5407 2855 5461 καί
2885 5412 3061 5479 τοῦτο,
3091 5407 3189 5483 ὡς,
3222 5404 3375 5483 εἴπερ
3430 5404 3547 5482 ἔχει
3578 5405 3640 5459 τὸ

2030 5502 2048 5511 -
2164 5508 2183 5511 ν.
2302 5494 2314 5511 ς
2493 5498 2503 5511 ,
2634 5498 2645 5511 .
2700 5497 2709 5511 ,
2905 5496 2918 5511 .
3096 5498 3104 5511 .
3281 5496 3299 5505 υ
3385 5492 3407 5511 η
3522 5493 3529 5511 ν

245 5498 577 5569 ecclesiast,
622 5500 824 5559 Graec.
860 5496 1097 5558 dissert.
1140 5500 1194 5575 l,
1232 5514 1363 5576 pag.
1417 5499 1532 5574 71),
1566 5518 1683 5561 non
1714 5504 1908 5562 solum

2030 5502 2243 5561 Ιηναῖυν
2298 5494 2350 5549 ἐν
2400 5498 2589 5571 μνήμη
2623 5497 2770 5573 ἁγίου
2818 5496 2959 5559 uno:
2978 5498 3202 5558 κανόνας
3232 5496 3333 5549 τῶν
3380 5494 3637 5571 διαφόρων

246 5604 643 5666 ωηοηθηῃρι
673 5585 860 5647 tribus
905 5594 1272 5648 constantem
1308 5588 1439 5649 odis
1470 5590 1907 5670 complectitur,

2030 5591 2259 5658 θνητῶν,
2288 5586 2331 5639 εἰ
2384 5586 2480 5659 μέν
2512 5586 2622 5641 ἐστι
2677 5604 2849 5641 κανων
2902 5592 2993 5641 τοῦ
3022 5592 3115 5662 χῦρ
3173 5590 3379 5659 Κοσμᾶ,
3413 5604 3633 5660 προκρι-

2038 5675 2047 5693 Ι
2124 5695 2132 5696 κ
2222 5676 2235 5696 9
2274 5673 2313 5696 ’δ’
2442 5683 2462 5691 ν
2547 5683 2568 5691 ει
2650 5673 2765 5696 ἰ’-Ι
3012 5674 3024 5691 ‘
3084 5675 3099 5696 ι
3151 5673 3159 5689 θ
3369 5684 3403 5696 ν-
3445 5671 3596 5696 ’I,_!_,_

242 5691 445 5739 verum
482 5679 661 5739 etiam
695 5676 915 5737 librum
936 5675 1159 5757 ipsum,
1194 5676 1255 5738 in
1288 5697 1464 5758 quem
1490 5680 1909 5760 hujuscemodi

2030 5675 2135 5740 έος·
2194 5676 2237 5731 εἰ
2268 5673 2321 5729 δὲ
2376 5683 2468 5731 τοῦ
2509 5683 2603 5753 κῦρ
2650 5673 2890 5733 Ἰὤάννου
2942 5674 3029 5731 καὶ
3080 5673 3293 5753 ἐτέρων,
3325 5684 3417 5730 τοὺ
3445 5673 3633 5728 Ἰωάν-
