4096 6210
570 261 863 313 unum]

568 388 904 447 ἀνιπαντες,
960 382 1022 432 τα
1070 399 1126 432 τε
1174 381 1287 453 tegi
1346 375 1470 440 ξύλα
1526 376 1886 447 σημαναντες,
1923 369 2267 448 συνηθροί-Λ

572 476 763 533 ,τετηεαν
799 470 1025 529 ἐπαντες
1072 467 1125 521 ἐν
1172 474 1245 538 τῷ
1287 464 1573 534 πανσὲπτῳ
1617 466 1725 532 ναῷ
1783 465 1879 523 τῆς
1912 460 2198 531 Θεοτόκου,

566 559 928 633 ἱεὶς-,νμεκρ
958 562 1053 619 τῆς
1092 556 1253 615 Νέας.
1294 579 1319 606 ι
1360 551 1461 612 Eia
1515 556 1761 627 nunc,et
1790 565 1861 609 ea
1889 566 2019 627 quae
2048 545 2200 625 apud

564 644 888 706 Caesaream
945 643 1269 705 Palaestinas
1321 660 1355 701 a
1403 637 1467 702 S.
1520 636 1829 700 Anastasio
1861 636 2011 697 facta
2040 643 2199 718 sunt,

563 738 755 815 quoad
786 736 913 812 ejus
943 733 1074 792 ﬁeri
1109 740 1322 811 potest,
1373 746 1745 792 enarremus.
1783 724 1925 787 Cum
1958 727 2028 815 ad
2060 743 2202 815 san-

564 812 715 883 ctam
747 824 1043 883 civitatem
1086 818 1671 898 appropinquassent
1700 815 1888 877 sancti
1917 812 2203 892 reliquiae,

564 912 621 971 id
652 909 901 971 innotuit
934 908 1227 968 universae
1252 905 1497 982 civitati,
1537 904 1818 966 etlaatitia
1848 921 2058 981 magna
2088 901 2203 961 im-

566 1000 708 1079 pleti
744 1009 879 1057 sunt
902 997 1215 1057 omnes.El
1240 1004 1557 1073 surgentes
1580 1011 1866 1074 sacraque
1896 992 2053 1068 ligna
2075 1008 2206 1070 per-

561 1090 855 1149 cutientes
910 1093 1325 1146 convenerunt
1394 1085 1451 1145 in
1511 1102 1744 1146 summe
1802 1082 2200 1142 venrrandum

564 1177 829 1255 Deiparze
850 1174 1157 1252 templum,
1187 1174 1344 1251 quod
1379 1174 1601 1234 dicitur
1628 1174 1863 1235 Novae.»
1900 1170 2065 1249 Ligni
2097 1169 2196 1229 iti-

564 1268 697 1327 dem
728 1264 996 1325 meminit
1024 1265 1286 1323 Joannes
1340 1263 1640 1343 Moschus,
1676 1263 1736 1323 in
1760 1261 1951 1323 Prata
1981 1261 2194 1339 sz'rt't.

562 1374 690 1434 cap.
724 1356 783 1415 11
824 1375 836 1415 :
876 1355 1200 1430 ἁρούσαντος
1235 1362 1327 1411 τοῦ
1382 1354 1715 1432 κανονάρχου
1745 1351 1806 1408 τὰ
1838 1350 2009 1423 ξύλον,
2045 1348 2123 1427 ἐφ’
2157 1353 2201 1422 ᾧ

560 1446 757 1505 πάντας
792 1445 906 1503 τοὺς
942 1441 1195 1521 ἀδελφούς
1248 1442 1595 1521 συναχθῆναι.
1636 1466 1662 1496 α
1696 1439 2079 1502 Canonarcba
2123 1434 2197 1496 li-

561 1552 741 1611 gnum
767 1531 1036 1611 pulsante
1068 1533 1142 1591 ad
1178 1538 1390 1593 omnes
1420 1529 1631 1592 fratres
1665 1526 2125 1609 congregandos.
2171 1550 2192 1581 ο

562 1624 632 1683 Et
654 1620 1003 1681 Theodorus
1035 1620 1290 1693 Studita,
1327 1619 1390 1681 in
1417 1618 1783 1681 carminibus
1812 1616 2028 1698 quibus
2058 1615 2201 1677 allo~

560 1713 761 1790 quitur
790 1709 1228 1771 canonarcbam
1268 1730 1281 1771 ε

1999 231 2397 296 PROLEGOM
2410 230 2582 295 ENA.

2368 366 2599 446 Σάλπιζέ
2630 375 2799 446 καιρῷ
2831 370 2889 423 τὸ
2917 366 3091 440 ξύλον,
3130 371 3261 425 καθὸ
3300 368 3439 432 δέοι,

2375 445 2450 509 Et
2473 445 2733 529 tempore
2769 454 2828 510 et
2854 448 2991 529 rite,
3025 456 3091 510 ut
3122 448 3286 525 tuba,
3322 449 3481 531 ligno
3511 469 3667 515 cane.

2287 540 2450 604 Alios
2481 543 2640 604 locos
2671 542 2967 621 congessit
3001 542 3283 621 Allatius,
3329 547 3619 624 congessit
3662 556 3718 612 et
3744 550 3876 615 Can-

2286 637 2438 709 gius,
2471 652 2619 712 quos
2650 642 2842 712 potest
2890 632 3161 697 curiosus
3192 633 3378 696 lector
3405 638 3724 701 consulere.
3756 642 3880 703 Mihi

2289 722 2430 782 satis
2460 723 2637 783 debet
2665 741 2796 784 esse
2827 722 2923 783 hic
2950 724 3152 802 paucis
3177 724 3527 801 ostendisse,
3561 728 3693 804 quid
3726 729 3795 791 sit
3818 732 3879 790 si-

2286 830 2467 889 gnum
2518 811 2734 892 minus,
2773 812 2913 892 quid
2972 812 3184 892 majus.
3219 814 3395 876 Extra
3438 813 3559 877 bzec
3605 817 3714 878 duo
3739 820 3881 896 signa

2288 909 2425 959 sunt
2456 909 2511 961 et
2536 900 2674 980 alia,
2706 918 2838 981 quae
2870 909 3147 964 secuturo
3179 901 3367 982 capite
3398 903 3586 965 locum
3612 905 3881 968 invenient

2286 1006 2481 1048 suum.
2515 987 2643 1051 Jam
2677 989 2837 1049 enim
2878 989 3111 1069 signum
3155 991 3349 1052 minus
3382 1008 3487 1055 nos
3526 992 3595 1053 ad
3630 994 3879 1074 templum

2287 1077 2626 1139 Grazcorum
2658 1086 2916 1145 vocat.ut
2946 1080 3004 1139 in
3025 1079 3355 1142 minoribus
3386 1082 3639 1161 vesperis
3665 1092 3719 1144 et
3740 1102 3880 1163 spec-

2288 1174 2401 1228 tem
2412 1186 2478 1230 us
2501 1177 2886 1247 congregatos
2909 1169 3145 1243 fratres,
3175 1176 3236 1230 et
3263 1170 3621 1234 sacerdotem
3645 1171 3880 1235 intonan-

2287 1264 2404 1318 tem
2437 1258 2773 1319 audiamus.

2364 1345 2464 1409 46.
2500 1343 2598 1409 Sic
2624 1364 2763 1423 ergo
2799 1346 3181 1427 prosequitur
3224 1346 3503 1430 Typicum
3535 1368 3549 1411 :
3610 1352 3878 1431 Συναχθένσ

2280 1458 2387 1491 των
2435 1443 2538 1492 τῶν
2587 1434 2827 1503 ἀδελφῶν
2913 1438 2965 1492 ἐν
3029 1445 3097 1514 τῇ
3159 1439 3416 1511 ἐκκλησίᾳ
3479 1439 3690 1520 ἄρχεται
3738 1446 3761 1495 ὅ
3811 1444 3875 1497 ἱε-

2281 1526 2417 1604 ρεύς.
2451 1524 2831 1604 Congregatis
2859 1525 2921 1586 in
2949 1527 3204 1589 ecclesia
3259 1527 3534 1590 fratribus
3563 1528 3757 1610 incipit
3789 1547 3869 1590 sa-

2283 1614 2519 1677 cerdos.

1188 1966 1278 2029 SA
1288 1966 1597 2031 CERDOS.

644 2072 1007 2136 Benedictus
1038 2074 1194 2135 Deus
1229 2080 1453 2145 noster,
1491 2089 1647 2132 nunc
1678 2077 1735 2133 et
1761 2084 2019 2149 semper,
2052 2079 2113 2129 et
2142 2068 2198 2127 in

562 2163 776 2225 saecula
808 2162 1185 2225 saeculorum.
1211 2163 1426 2223 Amen.

1009 2263 1312 2326 PBASSES
1355 2261 1759 2327 ECCLESIE.

644 2356 879 2436 Venite,
906 2356 1251 2419 adoremus.

642 2448 741 2509 47.
774 2447 848 2508 Εῑ
881 2444 1075 2524 psallit
1100 2444 1393 2523 psalmum
1429 2442 1881 2522 prommiacum,
1913 2441 2198 2514 Benedic,

561 2537 761 2598 anima
798 2553 949 2608 mea,
989 2531 1590 2596 Dominum.Domine
1620 2532 1778 2594 Deus
1810 2550 2003 2605 meus,
2034 2540 2199 2592 tran-

562 2625 739 2705 quilla
779 2633 839 2686 et
866 2623 1161 2684 submissa
1192 2640 1355 2684 voce.
1393 2621 1461 2684 Et
1491 2622 1704 2683 eodem
1759 2621 1935 2684 modo
1984 2622 2203 2682 dicitur

562 2715 846 2794 psalmus,
881 2712 1155 2789 Domine,
1188 2711 1456 2785 clamavi,
1496 2720 1633 2773 tono
1680 2711 2041 2773 dominicati.
2083 2713 2200 2772 “ti-

561 2806 815 2865 citantur
843 2802 1119 2863 versiculi
1169 2810 1308 2861 tres.
1346 2800 1417 2861 Et
1456 2802 1792 2880 psalluntur
1823 2818 2028 2862 versus
2061 2819 2201 2880 pro-

562 2894 733 2954 somii
764 2895 885 2953 sive
910 2890 1204 2952 similares
1233 2890 1357 2951 toni
1390 2890 1450 2965 3,
1508 2890 1687 2952 sicut.
1748 2889 1842 2951 Ὠς
1873 2906 2121 2968 γενναῖον
2152 2890 2204 2945 ἐν

563 3005 840 3060 μαρτυσιν,

1013 3067 1300 3132 VERSUS
1342 3070 1458 3133 SIM
1467 3065 1755 3131 lLARES.

646 3174 743 3233 48.
782 3172 998 3233 Christi
1037 3171 1349 3245 cliaritate,
1387 3169 1607 3243 Basilii,
1656 3170 1988 3231 ascendens
2015 3176 2073 3231 in
2106 3173 2196 3234 al-

2984 1976 3241 2028 ΙΕΡΕΥΣ.

2369 2068 2668 2147 Εὐλογητὸς
2699 2073 2727 2127 ὁ
2759 2071 2884 2137 Θεὸξ
2919 2073 3073 2147 ἡμῶν
3103 2073 3180 2127 ἀεὶ
3207 2073 3295 2129 καὶ
3328 2073 3403 2137 εὶς
3446 2074 3562 2136 τοὺς
3590 2073 3765 2136 αἰῶνας
3790 2079 3876 2128 τῶν

2288 2158 2512 2218 αἰώνων.
2562 2156 2735 2234 Ἀμήν
2746 2207 2757 2219 .

2830 2258 3380 2309 ΕΚΚΑΗΣΙΑΡΧΗΣ.

2369 2360 2551 2432 Δεῦτε,
2587 2356 3061 2429 προσκυνήσωμεν.

2369 2444 2463 2499 Καὶ
2510 2441 2703 2517 ψάλλει
2759 2446 2851 2499 τὸν
2904 2447 3255 2522 προοιμιαιιὸν
3303 2444 3517 2518 ψαλμὸν
3560 2446 3638 2519 τὸ,
3671 2443 3869 2520 Εὖλόγει,

2283 2533 2317 2598 ἡ
2350 2533 2501 2611 ψυχή
2534 2555 2658 2611 μου,
2690 2534 2782 2587 τὸν
2814 2534 3005 2611 Κύριον
3039 2552 3054 2568 ·
3122 2536 3274 2612 Κύριε
3336 2538 3365 2589 ὁ
3418 2534 3542 2599 Θεός
3572 2555 3688 2611 μου,
3718 2534 3872 2611 ἡσύχῳ

2285 2627 2435 2699 φωνῇ
2472 2624 2558 2677 καὶ
2623 2622 2866 2698 ἠρεμαίᾳ.
2916 2620 3033 2679 Εἴθ’
3099 2622 3263 2687 οὕτως
3324 2623 3549 2700 λέγομεν
3590 2627 3664 2693 τὸ,
3728 2623 3870 2697 Κύριε,

2285 2709 2559 2787 ἐκέκραξα,
2608 2713 2680 2774 εἰς
2741 2712 2828 2767 τὸν
2875 2712 3016 2790 ἦχον
3061 2718 3156 2779 τῆς
3216 2714 3499 2790 κυριακῆς.
3561 2711 3785 2785 Ἰστῶμεν
3829 2709 3870 2765 δὲ

2286 2800 2500 2880 στίχους
2532 2799 2607 2858 δ’.
2659 2803 2753 2859 Καὶ
2797 2801 3075 2876 ψάλλομεν
3100 2804 3337 2881 στιχηρὰ
3369 2803 3658 2880 προσόμοια
3684 2798 3805 2879 ἤχου
3830 2798 3865 2853 δ’

2285 2892 2414 2968 πρὸς
2458 2891 2518 2946 τό
2551 2890 2644 2955 Ὠς
2676 2905 2922 2969 γενναῖον
2954 2890 3007 2945 ἐν
3041 2892 3323 2969 μάρτυσιν.

2730 3075 3019 3127 ΣΤΙΧΗΡΑ
3068 3076 3480 3131 ΠΡΟΣΟΜΟΙΑ.

2363 3170 2449 3228 Ἐν
2508 3178 2583 3246 τῷ
2633 3170 2777 3246 ὕψει,
2831 3171 3091 3249 Βασίλειε,
3151 3179 3249 3240 τῆς
3326 3180 3550 3245 Χριστοῦ
3600 3180 3869 3257 ἀγαπήσεως

566 3271 715 3333 tum,
748 3262 1181 3339 contemplatus
1215 3280 1279 3321 es
1328 3259 1634 3321 recondita
1686 3260 1871 3339 ipsius
1901 3277 1970 3321 ac
2001 3261 2193 3322 divina

2283 3260 2473 3324 ἀναϐὰς
2532 3262 2909 3325 κατώπτευσᾶς
2959 3263 3025 3317 τὰ
3106 3262 3383 3341 ἀπόῤῥητα
3434 3269 3585 3324 αὐτοῦ
3640 3272 3717 3327 καὶ
3779 3274 3871 3325 θεῖα

567 3348 861 3430 mysteria,
892 3368 1023 3427 quae
1045 3360 1322 3429 tanquam
1349 3348 1584 3429 pietatis
1600 3366 1795 3428 praeco
1818 3350 2056 3427 sapiens
2084 3351 2195 3413 de-

2283 3352 2565 3428 μυστήρια,
2648 3350 2779 3429 ἅπερ
2840 3351 3175 3427 ἀνεκάλυψας
3228 3375 3315 3409 και
3376 3359 3666 3434 ἓτρὰνωσας
3723 3358 3868 3429 λαοῖς,

567 3438 759 3501 texisti
792 3450 843 3499 el
884 3438 1263 3499 manifestasti
1292 3436 1751 3519 populis.Quare
1776 3453 1934 3517 pete,
1962 3459 1995 3498 ο
2021 3458 2194 3501 sanc-

2283 3437 2543 3504 εῦσεϐείας
2594 3442 2666 3504 ὡς
2725 3439 2886 3520 κῆρυξ
2948 3441 3133 3521 σοφός.
3201 3445 3294 3499 Διὸ
3341 3444 3587 3524 πρέσϐευε
3618 3446 3672 3503 ἐκ
3719 3451 3872 3527 φθορᾶς

568 3539 686 3607 te,a
712 3528 977 3608 pernicie
1005 3527 1403 3607 periculisque
1433 3526 1677 3589 liberari
1706 3527 1844 3589 illos
1874 3529 1973 3607 qui
2008 3529 2197 3590 ﬁdeli-

2285 3531 2372 3585 καὶ
2430 3528 2677 3586 κινδύνων
2729 3528 3055 3609 λυτρωθῆναι
3112 3533 3234 3595 τοὺς
3295 3541 3497 3600 πιστῶς
3568 3526 3872 3615 ἐφεπομένους

566 3626 653 3678 ter
681 3625 1004 3696 Sequuntur
1032 3626 1128 3677 tua
1159 3618 1452 3694 dogmata.

2285 3633 2403 3683 τοῖς
2434 3632 2553 3681 σοῖς
2586 3616 2868 3698 δόγμασιν,
2898 3618 3038 3678 δσιε.

640 3708 739 3769 49.
775 3705 1127 3766 Sermonum
1180 3716 1413 3767 tuorum
1449 3724 1517 3767 ac
1580 3706 1922 3784 dogmatum
1956 3707 2197 3788 sapien-

2367 3710 2498 3772 Τοὺς
2569 3708 2883 3783 συνδέσμους
2944 3707 3181 3773 διέλυσας
3248 3719 3359 3767 τῶν
3431 3712 3688 3793 αἱρέσεων,
3756 3712 3870 3785 ὅσιε,

561 3795 661 3867 tia,
699 3804 899 3855 sancte
931 3795 1439 3875 Gregori,solvisti
1468 3796 1705 3856 vincula
1758 3798 2091 3877 hazresum;
2148 3806 2197 3858 el

2286 3805 2354 3875 τῇ
2413 3798 2566 3878 σοφίᾳ
2601 3804 2707 3855 τῶν
2737 3797 2912 3875 λόγων
2956 3800 3042 3855 καὶ
3091 3798 3371 3877 δογμάτων
3425 3826 3538 3879 σου,
3567 3805 3645 3859 καὶ
3672 3804 3735 3867 εἰς
3763 3803 3871 3865 ὁμό-

562 3885 904 3945 orthodoxze
923 3885 1057 3945 fidei
1080 3886 1401 3945 concordia
1423 3886 1782 3964 conjunxisti
1806 3886 2197 3966 bonos,agno-

2285 3910 2431 3943 νοιαν
2485 3885 2731 3965 ἤθροισας
2790 3884 3059 3961 ὀρθοδόξου
3108 3890 3335 3953 πίστεως
3382 3894 3504 3955 τοὺς
3556 3892 3873 3970 εὐγνώμονας,

544 3984 795 4035 εεεηιεε
819 3984 878 4033 et
903 3973 1214 4035 laudantes
1236 3974 1532 4036 Christum
1562 3992 1574 4035 :
1604 3994 1636 4035 a
1659 3994 1773 4054 quo
1801 3984 1935 4054 pete
1955 3975 2197 4038 liberari

2284 3978 2507 4054 Χριστὸν
2538 3976 2926 4055 εὐφημοῦντας,
2963 3976 3244 4059 Γρηφόριε,
3301 3980 3360 4036 ὃν
3407 3980 3599 4037 ἱκέτευε
3636 3982 3689 4037 ἐκ
3718 3984 3876 4060 φθορᾶς

561 4081 596 4123 a
632 4062 891 4141 pernicie
916 4062 1313 4142 periculisque
1358 4063 1515 4144 illos,
1549 4064 1651 4143 qui
1703 4064 1961 4126 fideliter
2004 4066 2197 4127 susci-

2283 4065 2531 4122 κινδύνων
2585 4065 2911 4142 λυτρωθῆναι
2968 4068 3089 4129 τοὺς
3136 4074 3341 4133 πιστῶς
3371 4069 3801 4151 προσδεχομένους
3826 4068 3876 4123 τὰ

563 4152 729 4231 piunt
757 4159 853 4210 tua
883 4151 1161 4211 divinitus
1194 4152 1411 4212 dictata
1442 4152 1735 4231 dogmata.

2283 4157 2348 4211 σὰ
2373 4156 2667 4235 θεόφθογγα
2694 4152 2934 4233 δόγμάτα
2945 4202 2955 4214 .

639 4239 738 4302 50.
772 4239 1037 4300 Christus
1091 4250 1144 4301 te
1204 4241 1400 4321 posuit
1459 4243 1695 4302 [iru'ium
1754 4243 2195 4305 ﬁrmamentum

2362 4243 2592 4323 Ἀῤῥαγῆ
2654 4266 2710 4300 σε
2780 4243 3025 4319 θεμέλιον
3098 4248 3124 4302 'o
3200 4250 3425 4324 Χριστὸς
3482 4247 3765 4327 ἑπεστήριξε

558 4329 840 4391 Ecclesia:
861 4348 1001 4401 suae,
1043 4332 1212 4391 l’ater
1234 4340 1457 4404 sancte,
1486 4330 1685 4393 divina
1710 4331 1907 4393 locute
1935 4332 2196 4413 Chryso-

2283 4337 2437 4391 αὐτοῦ
2467 4333 2781 4408 Ἐκκλησίᾳ,
2848 4335 3015 4414 Πάτερ
3058 4333 3193 4416 ὅσιε,
3247 4346 3508 4415 τηροῦντα
3552 4340 3735 4404 ταύτην
3762 4338 3875 4391 ἀσα-

556 4430 767 4491 stome,
808 4428 868 4478 ut
898 4436 1026 4479 eam
1053 4437 1324 4480 servares
1350 4420 1717 4481 immobilem
1741 4432 1916 4500 atque
1939 4422 2193 4503 inexpu-

2283 4423 2487 4502 λευτον,
2533 4424 2621 4479 καὶ
2649 4424 3074 4503 ἁκαταμάχητον
3121 4433 3228 4481 τῶν
3271 4426 3479 4507 ἐχθρῶν
3507 4440 3625 4494 ταῖς
3671 4422 3873 4505 προσϐο-

558 4509 850 4588 guabilem
877 4511 1157 4569 adversus
1188 4510 1566 4571 inimicorum
1600 4486 1877 4591 impetus,
1915 4521 2054 4573 etut
2086 4486 2194 4592 pe-

2283 4513 2428 4586 λατς,
2475 4486 2779 4591 ’θεοῤῥῆμον
2822 4486 2833 4499 ¹
2872 4486 3237 4591 Χιρυσόστομε,
3298 4486 3384 4573 ἔας
3453 4486 3780 4596 πρεσϐεύοντα
3828 4514 3876 4569 ἐκ

562 4609 715 4660 teres
748 4598 994 4660 letiferis
1020 4599 1349 4659 animorum
1387 4599 1930 4679 perturbationibus
1955 4600 2196 4664 liberari

2283 4603 2459 4660 παθῶν
2492 4605 2846 4681 ψυχοφθορων
2867 4600 3195 4681 λυτρωθῆναι
3226 4606 3347 4671 τοὺς
3380 4604 3635 4683 διψῶντας
3662 4608 3757 4662 τῶν
3786 4607 3873 4661 σῶν

561 4707 683 4759 eos,
720 4687 821 4767 qui
844 4690 1042 4749 silium
1084 4700 1315 4749 tuorum
1349 4706 1691 4749 sermonum
1726 4692 2191 4753 sententiarum-

560 4797 675 4857 que
710 4778 973 4855 pelagus.

641 4868 739 4927 51.
775 4866 1080 4926 Trinitatis
1102 4866 1358 4928 selectos
1400 4867 1598 4948 ﬂores,
1647 4868 1914 4949 pratique
1945 4870 2197 4933 immor-

563 4954 695 5014 talis
728 4965 1094 5029 unguentum
1122 4955 1490 5031 exhalantes,
1521 4967 1696 5037 atque
1727 4957 2196 5037 jucundissimos

563 5044 1012 5119 inintelligibilis
1046 5043 1187 5104 solis
1208 5046 1498 5125 radios,et
1526 5047 1745 5109 divinis
1774 5048 1898 5109 suis
1950 5049 2185 5111 lumini-

561 5133 673 5193 bus
697 5131 1099 5194 illuminantes
1123 5135 1746 5206 terram,celebremus
1764 5139 2056 5200 Joannem
2078 5143 2191 5202 Ma-

559 5240 763 5300 gnum,
790 5222 1049 5283 divinum
1075 5224 1410 5302 theologum
1437 5226 1810 5309 Gregorium,
1843 5238 1901 5289 et
1922 5229 2039 5290 alta
2054 5248 2195 5310 qua-

562 5313 695 5371 dam
731 5321 929 5373 mente
964 5313 1273 5389 prazditum
1301 5313 1606 5378 Basilium.

639 5399 858 5463 Gloria.
1428 5402 1629 5468 Tonus
1660 5407 1938 5489 obliquus
1967 5410 2026 5471 2.

640 5489 927 5552 Homines
964 5492 1065 5553 Dei
1094 5500 1150 5551 et
1181 5492 1388 5553 ﬁdeles
1411 5496 1586 5572 servi,
1620 5500 1960 5561 sacerdotes
1983 5499 2189 5560 Domi-

558 5582 641 5658 ni,
676 5583 778 5644 viri
806 5582 1420 5653 desideriorum,vasa
1442 5587 1778 5665 electionis,
1814 5590 2104 5653 columna?
2130 5603 2188 5653 et

2279 4692 2453 4771 λόγων
2483 4693 2570 4748 καὶ
2602 4692 2887 4767 νοημάτων
2918 4692 2978 4746 τὸ
3009 4692 3267 4773 πέλαγος,

2360 4876 2469 4938 Τῆς
2503 4868 2716 4949 Τριάδος
2748 4868 2994 4949 ἐκλόγια,
3052 4872 3319 4950 ἀκηράτου
3378 4872 3635 4949 λειμῶνός
3662 4895 3715 4930 τε
3744 4870 3869 4947 ἄνθη,

2278 4962 2343 5017 τὰ
2374 4962 2635 5038 μυρίπνοα
2665 4960 2751 5015 καὶ
2797 4959 3148 5036 τερπνότατα,
3178 4968 3273 5016 τοῦ
3315 4974 3506 5029 νοητου
3533 4965 3603 5027 ὡς
3628 4962 3869 5040 ὕπαρχον-

2277 5072 2370 5116 τας
2413 5050 2635 5111 ἀκτῖνας
2693 5047 2866 5119 ἡλίου,
2930 5050 3016 5103 καὶ
3066 5049 3387 5125 φωτίζοντας
3414 5052 3513 5119 τὴν
3542 5057 3638 5131 γῆν
3666 5063 3772 5115 ταῖς
3798 5046 3873 5102 αὗ-

2276 5143 2381 5197 τῶν
2437 5144 2607 5201 θεῖαις
2694 5136 2985 5215 λάμψεσιν,
3047 5140 3441 5217 εῦφημήσωμεν
3521 5140 3754 5205 Ἰωάννην
3794 5137 3869 5190 τὸν

2277 5230 2446 5309 μέγαν
2491 5237 2581 5285 συν
2612 5233 2688 5300 τῷ
2730 5227 2853 5299 θείῳ
2893 5224 3129 5303 θεολόγῳ
3159 5232 3431 5308 Γρηγορίῳ
3461 5232 3547 5287 καὶ
3574 5233 3660 5286 τὸν
3685 5227 3870 5303 ὑψίνουν

2278 5321 2572 5379 Βασίλειον.

2361 5409 2514 5475 Δόξα.

2358 5498 2677 5575 ’Ἄνθρωποι
2720 5504 2814 5554 τοῦ
2873 5503 3005 5555 Θεοῦ
3046 5498 3133 5553 καὶ
3198 5501 3369 5554 πιστοὶ
3412 5499 3627 5576 οἰκέται,
3660 5496 3869 5570 λειτουρ-

2275 5597 2360 5676 γοὶ
2392 5594 2602 5671 Κυρίου,
2633 5590 2810 5673 ἄνδρες
2842 5588 3151 5663 ἐπιθυμιῶν,
3212 5587 3373 5654 σκεύη
3429 5586 3671 5665 ἐκλογῆς,
3714 5580 3867 5641 στῦλοι

3329 5403 3503 5488 Ἦχος
3546 5407 3636 5471 πλ.
3665 5406 3733 5483 β’.

4028 4560 4031 4615 l
