4096 6210
1445 345 1911 410 ACOLUTHIA
1955 341 2341 406 TBIPLlCIS
2382 344 2621 405 FESTI.

1614 480 1993 559 νοσούντων,Α
2096 478 2212 540 Pro
2310 475 2743 557 navigantibus,

263 570 599 660 xapvovrmv,
653 575 1049 658 αἰχμαλώτων,
1109 574 1195 632 καὶ
1247 573 1344 641 τῆς
1403 570 1668 649 σωτηρίας
1724 573 1916 643 αὐτῶν,

625 487 922 560 πλεόντων,
1057 481 1502 563 ὁδοιπορούντων,

347 492 511 571 ’Υπὲρ

262 681 355 733 τοῦ
384 672 570 750 Κυρίου
599 668 893 741 δεηθῶμεν.
931 673 998 727 Χ.
1032 665 1209 741 Κύριε,
1246 663 1487 729 ἐλέησον.

340 748 506 839 ’Υπέρ
563 763 655 815 τοῦ
728 757 976 834 ῥυσθῆναι
1034 754 1176 829 ἡμᾶς
1235 753 1341 809 ἀπὸ
1418 751 1598 817 πάσης
1661 748 1916 825 Θλίψεως,

253 855 450 933 ὀργῆς,
481 838 575 907 iul
604 847 869 925 ἀνάγκης,
924 846 1021 902 τοῦ
1080 842 1268 920 Κυρίου
1298 839 1596 917 δεηθῶμεν,
1631 847 1700 903 Χ,
1736 838 1911 919 κύριε,

255 941 509 1010 ἐλέησον.

332 1025 678 1100 Ἀντιλάϐου,
769 1029 971 1103 σῶσον,
1067 1020 1314 1093 ἐλέησον,
1420 1020 1508 1076 καὶ
1604 1016 1914 1099 διαφύλαξον

256 1124 430 1197 ἡμᾶς,
494 1121 522 1176 ὁ
583 1116 736 1191 Θεὸς,
815 1118 885 1190 τῇ
944 1116 1014 1190 σῇ
1086 1111 1292 1192 χάριτι.
1356 1116 1425 1172 Χ.
1500 1108 1680 1189 Κύριε,
1749 1106 1907 1175 ἐλέη-

262 1232 376 1273 σον,

341 1299 451 1367 Τῆς
516 1295 809 1375 παναγίας,
866 1291 1159 1372 ἆχράντου,
1236 1287 1757 1369 ὑπερευλογημένης,
1817 1290 1912 1344 ἓν·

262 1387 415 1454 δόξω
471 1384 753 1451 δεσποίνης
816 1384 971 1458 ἡμῶν
1020 1381 1301 1455 Θεοτόκου,
1378 1380 1465 1434 καὶ
1519 1378 1598 1434 ἀεὶ
1651 1375 1913 1456 Παρθένου

259 1479 493 1558 Μαρίας,
543 1476 677 1552 μετὰ
736 1473 951 1531 πάντων
1033 1475 1140 1526 τῶν
1200 1470 1363 1546 ἁγίων
1422 1468 1909 1544 μνημονεύσαντες,

258 1567 483 1630 ἑαυτοὺς
514 1566 602 1623 καὶ
658 1560 925 1632 ἀλλήλους
959 1565 1133 1616 πᾶσαν
1178 1560 1274 1627 τὴν
1332 1560 1475 1629 ζωὴν
1505 1559 1661 1633 ἡμῶν
1705 1562 1915 1635 Χριστῷ

258 1664 338 1732 τῷ
370 1662 489 1730 Θεῷ
518 1651 895 1733 παραθῶμεθα,
928 1656 994 1708 X.
1030 1650 1145 1724 Σοὶ,
1181 1648 1357 1727 Κύριε.

350 1834 455 1893 Καὶ
492 1831 727 1913 ἐκφωνεῖ
781 1832 809 1887 ὁ
862 1828 1025 1908 ἱερεύς
1059 1846 1073 1861 ⁸
1111 1824 1251 1885 ’Ὅτι
1300 1825 1490 1905 πρέπει
1536 1847 1617 1882 σοι
1644 1830 1789 1882 πᾶσα
1817 1821 1911 1880 δό-

266 1924 349 1997 ξα,
412 1922 544 1995 τιμὴ
606 1922 693 1977 καὶ
750 1919 1132 1997 προσκύνησις,
1180 1922 1257 1990 τῷ
1309 1917 1495 1992 Πατρὶ,
1544 1919 1738 1989 καὶτῷ
1782 1916 1909 1993 Υἱῷ,

270 2015 355 2070 καὶ
384 2015 461 2085 τῷ
489 2012 624 2091 ἁγίῳ
654 2008 947 2087 Πνεύματι,
981 2013 1069 2063 νῦν
1118 2005 1213 2063 καὶ
1239 2005 1346 2086 ἀεὶ,
1375 2007 1463 2062 καὶ
1494 2006 1566 2068 εἷς
1598 2005 1720 2069 τοὺς
1778 2004 1915 2060 αἰῶ-

266 2125 363 2169 νας
390 2109 499 2159 τῶν
527 2100 757 2158 αἰώνων.
792 2095 990 2172 Ἀμήν.

348 2188 551 2250 Ἰστέον
581 2187 662 2263 δὲ,
707 2185 816 2266 ὅτι,
876 2184 1003 2243 ὅταν
1060 2183 1288 2263 λέγομεν
1335 2182 1418 2256 τὸ,
1449 2179 1781 2246 Ἀνοίξαντός
1824 2203 1916 2238 σου

262 2282 365 2349 τὴν
412 2292 604 2361 χεῖρα,
666 2279 693 2334 ὁ
743 2276 912 2355 ἱερεὺς
972 2273 1217 2331 ἀπελθὼν
1275 2271 1420 2351 λέγει
1464 2271 1558 2333 τὰς
1616 2270 1779 2351 εὐχὰς
1824 2277 1917 2361 ⁸ιτοῠ

268 2360 554 2450 λυχνικοπλ
616 2367 893 2444 ἱστάμενος
949 2364 1191 2432 ἅσκεπὴς
1246 2362 1538 2440 ἔμπροσθεν
1590 2364 1698 2417 τῶν
1753 2360 1915 2440 ἁγίων

265 2466 461 2539 αφῶι.

3347 358 3650 406 CCCXXXIII

2832 476 2950 539 iter
3054 474 3392 558 agentibus,
3470 478 3644 539 inﬁr-

2010 566 2143 639 mis,
2208 563 2637 647 laborantibus,
2715 566 2984 647 captivis,
3044 575 3103 629 et
3163 586 3367 629 eorum
3428 567 3646 645 salute,

2006 656 2326 718 Dominum
2364 674 2699 736 precemur.
2731 657 2838 720 Ch.
2872 656 3148 737 Domine,
3182 657 3493 720 miserere.

2081 746 2157 804 Ut
2187 745 2513 808 liberemur
2558 745 2630 806 ab
2691 747 2850 807 omni
2900 762 3186 828 aerumna,
3222 748 3414 829 plaga,
3447 756 3505 809 et
3532 766 3643 809 ne-

2001 832 2303 914 cessitate,
2392 833 2711 896 Dominum
2798 854 3137 917 precemur.
3199 838 3307 901 Ch.
3367 836 3642 918 Domine,

2000 922 2312 984 miserere.

2076 1011 2349 1094 Suscipe,
2388 1030 2588 1087 serva,
2624 1014 2915 1077 miserere
2946 1021 3003 1075 et
3033 1016 3262 1079 custodi
3295 1034 3426 1093 nos,
3459 1016 3640 1093 Deus,

1995 1108 2094 1163 tua
2120 1101 2335 1181 gratia.
2372 1102 2484 1165 Ch.
2537 1102 2813 1181 Domine,
2850 1105 3159 1168 miserere.

2073 1285 2501 1356 Sanctissimae.
2537 1289 2923 1363 intemeratae,
2954 1307 3134 1370 super
3157 1308 3363 1353 omnes
3396 1290 3651 1359 benedi-

1998 1381 2127 1451 σιω,
2160 1375 2437 1454 εισι-ἰθέα)
2470 1375 2746 1438 Domina:
2777 1384 2991 1440 nostra:
3023 1377 3388 1460 Deiparae,et
3409 1399 3647 1461 semper

2000 1463 2250 1540 virginis
2309 1466 2513 1528 Maria;
2571 1485 2638 1527 ac
2696 1472 2961 1528 omnium
3020 1476 3355 1530 sanctorum
3414 1489 3641 1533 memo-

1998 1558 2144 1614 riam
2183 1563 2453 1632 agentes,
2490 1574 2599 1617 nos
2623 1556 2804 1637 ipsos,
2842 1564 2899 1617 et
2928 1556 3207 1633 invicem,
3244 1569 3304 1623 et
3333 1561 3508 1622 vitam
3533 1581 3645 1624 no-

1998 1650 2175 1704 stram
2243 1644 2481 1709 Christo
2539 1646 2662 1709 Deo
2720 1647 3251 1711 commendemus:
3326 1649 3433 1712 Ch.
3488 1650 3642 1727 Tibi,

1998 1733 2274 1798 Domine.

2075 1823 2174 1883 75.
2212 1824 2285 1886 Ει
2335 1824 2625 1886 exclamat
2670 1826 2995 1890 sacerdos:
3035 1827 3186 1899 Quia
3230 1829 3507 1891 convenit
3538 1828 3647 1892 tibi

1999 1912 2194 1973 omnis
2214 1912 2426 1991 gloria,
2455 1915 2654 1976 honor
2682 1922 2740 1975 et
2762 1915 3052 1989 adoratio,
3088 1915 3266 1992 Patri,
3295 1927 3353 1978 et
3384 1916 3560 1998 Filio,
3592 1926 3649 1981 et

2000 2000 2247 2082 Spiritui
2280 2011 2526 2067 sancto:
2574 2022 2733 2065 nunc
2791 2014 2850 2066 et
2903 2022 3143 2087 semper
3199 2016 3256 2067 et
3318 2006 3380 2067 in
3437 2014 3651 2070 saecuia

1999 2091 2354 2154 saeculorum
2417 2094 2629 2155 Amen.

2085 2179 2407 2245 Sciendum
2441 2192 2640 2246 autem
2668 2183 2946 2265 est,quod
2981 2184 3217 2265 quando
3238 2183 3491 2247 dicimus
3512 2202 3649 2249 ver-

2001 2269 2253 2332 siculum
2278 2272 2602 2353 Aperiente
2650 2280 2705 2336 te
2737 2291 3003 2353 manum,
3030 2274 3311 2337 sacerdos
3343 2275 3558 2337 habeat
3589 2283 3648 2339 et

2000 2360 2211 2423 recitet
2241 2361 2542 2424 orationes
2592 2362 2917 2426 lucernarii
2974 2373 3137 2425 stans
3185 2364 3455 2426 detectus
3510 2374 3647 2427 ante

2000 2457 2233 2513 sanctas
2267 2452 2454 2514 fores.

346 2563 543 2629 Coum.
576 2563 663 2627 Ex
697 2562 811 2625 hoc
850 2560 984 2625 loco
1008 2557 1357 2641 conﬁcitur,
1393 2554 1891 2641 'Eavtsptvdv‘inlel‘

2046 2556 2303 2638 λυχνικύν
2331 2558 2656 2641 discrimen
2697 2576 2832 2620 esse
2884 2578 3001 2621 non
3035 2559 3363 2622 modicum.
3417 2560 3651 2641 Quippe

268 2647 549 2724 ἑσπερινόν
580 2650 695 2719 est,
732 2650 922 2724 totum
955 2640 1219 2724 ofﬁcium
1252 2638 1682 2719 vespertinum,
1716 2635 1916 2724 λυχνικ

2021 2635 2150 2724 vero
2195 2656 2304 2701 seu
2340 2662 2362 2698 α
2400 2640 2799 2703 lucernarium
2836 2664 2862 2696 »
2899 2648 2987 2701 est
3030 2648 3253 2702 tantum
3286 2641 3483 2721 aliqua
3515 2635 3650 2721 ejus

270 2716 435 2810 pars,
469 2744 578 2789 seu
611 2716 883 2807 paucula;
911 2721 1236 2797 orationes,
1270 2716 1418 2801 quas
1448 2735 1567 2781 non
1598 2716 1888 2797 gravabor
1922 2716 2291 2783 describere.

943 2836 1125 2888 EI‘XH
1171 2826 1262 2887 A'.

350 2923 510 3003 Κύριε
588 2920 857 3001 οἱκτίρμον
936 2921 1024 2977 καὶ
1098 2918 1356 2997 ἓλεῆμον,
1427 2916 1757 2995 μακρόθυμε,
1830 2915 1926 2971 καὶ

267 3012 554 3086 πολυέλεε,
589 3011 836 3068 ἑνώτισαι
864 3010 964 3078 τὴν
995 3007 1307 3088 προσευχὴν
1364 3008 1543 3081 ἡμῶν,
1601 3006 1689 3061 καὶ
1747 3012 1919 3079 πρόσ-

269 3125 369 3184 χες
400 3109 473 3180 τῇ
504 3107 657 3183 φωνῇ
679 3105 781 3167 τῆς
812 3098 1045 3169 δεήσεως
1071 3098 1228 3174 ἡμῶν
1262 3113 1277 3127 ·
1326 3096 1551 3184 ποίησον
1606 3090 1721 3184 μείξ⁹
1767 3093 1920 3169 ipsz

262 3180 620 3268 enisum—sic
677 3190 873 3268 ἀγαθόν
906 3206 924 3225 ο
981 3185 1250 3265 ὀδήγησον
1300 3186 1444 3261 ἡμᾶς
1476 3183 1529 3242 ἐν
1556 3190 1625 3261 τῇ
1653 3180 1757 3256 δδῴ
1799 3204 1918 3263 σου,

262 3283 357 3340 τοῦ
393 3281 701 3359 πορεύεσθαι
722 3282 780 3335 ἓν
811 3284 880 3356 τῇ
912 3276 1132 3349 ἀληθείᾳ
1164 3298 1258 3333 σου
1286 3294 1297 3307 ⁸
1350 3273 1603 3355 εὔφρανον
1655 3273 1751 3337 τὰς
1782 3295 1915 3349 καρ-

262 3371 379 3437 δίας
428 3373 591 3447 ἡμῶν
639 3370 711 3435 εἷς
763 3370 826 3425 τὸ
869 3364 1147 3448 φοϐεῖσθαι
1197 3368 1259 3422 τὸ
1308 3364 1473 3440 ὄνομά
1519 3385 1611 3419 σου
1653 3363 1714 3419 τὸ
1745 3362 1918 3440 ἅγιον⁹

265 3460 401 3519 διότι
462 3460 632 3540 μέγας
682 3459 738 3516 εἴ
800 3464 861 3515 σὺ
905 3458 995 3514 καὶ
1051 3454 1227 3512 ποιῶν
1272 3454 1562 3529 θαυμάσια·
1610 3452 1670 3507 σὺ
1704 3465 1757 3507 et
1792 3452 1922 3540 Θεὸς

267 3551 465 3630 μόνος,
500 3550 589 3605 καὶ
619 3551 715 3608 οὒκ
744 3547 891 3605 ἔστιν
951 3544 1131 3623 ὅμοὶος
1182 3566 1266 3601 σοι
1329 3544 1383 3600 ὲν
1412 3546 1579 3622 Θεοῖς,
1618 3542 1794 3623 Κύριε,
1831 3539 1922 3597 δυ-

268 3641 428 3704 νατὸς
489 3641 545 3694 ὲν
594 3636 757 3718 ὶλέει,
803 3638 891 3693 καὶ
934 3636 1129 3714 ἀγαθὸς
1172 3633 1227 3691 ἒν
1273 3634 1451 3714 ἰσχύϊ,
1486 3634 1558 3697 εἷς
1590 3634 1651 3688 τὸ
1680 3633 1925 3709 βοηθεῖν,

265 3731 356 3788 καὶ
414 3726 774 3807 παρακαλεῖν,
822 3727 911 3783 καὶ
971 3725 1161 3796 σώζειν
1209 3724 1412 3788 πάντας
1462 3724 1582 3786 τοὺς
1614 3721 1926 3794 ἐλπίζοντας

268 3821 344 3882 εἰς
409 3817 582 3893 ὄνομά
625 3839 718 3874 σου
773 3817 834 3873 τύ
880 3815 1073 3894 ἆγιον⁶
1140 3811 1220 3870 ὅτι
1251 3814 1441 3893 πρέπει
1487 3834 1568 3868 σοι
1602 3817 1747 3868 πᾶσα
1778 3808 1924 3890 δόξα,

268 3909 406 3983 τιμὴ
449 3909 542 3963 καὶ
568 3909 950 3986 προσκύνησις,
985 3909 1062 3977 τῷ
1094 3904 1281 3982 Πατρὶ,
1314 3903 1401 3959 καὶ
1428 3907 1503 3976 τῷ
1536 3903 1663 3974 mp,
1713 3900 1799 3956 καὶ
1849 3905 1927 3972 τῷ

272 3997 761 4075 ἁγίῳ’Πνεύματι,
828 3996 933 4067 νῦν,
981 4007 1069 4050 καὶ
1122 3992 1228 4067 ἀεὶ,
1288 3995 1378 4051 καὶ
1432 3993 1505 4053 εἰς
1561 3990 1683 4055 τοὺς
1728 3988 1924 4052 αἰῶνας

272 4086 379 4143 τῶν
413 4086 640 4148 αἰώνων.
677 4085 875 4160 Ἀμήν.

946 4178 1127 4230 ΕΥΧΗ
1175 4170 1234 4227 Β¹

356 4264 537 4344 Κύριε,
593 4265 671 4339 μὴ
729 4269 807 4338 τῷ
847 4266 996 4337 Θυμῷ
1055 4283 1149 4319 σου
1207 4257 1426 4337 ἐλέγξῃς
1456 4260 1625 4333 ἡμᾶς,
1664 4252 1799 4331 μηδὲ
1854 4255 1920 4323 τῆ

270 4356 406 4434 ὀργῆ
434 4376 532 4410 σου
569 4351 855 4429 παιδεύσῃς
911 4354 1055 4427 ἡμᾶς
1084 4369 1098 4384 ⁸
1161 4348 1298 4406 ἀλλὰ
1327 4348 1557 4416 ποίησον
1605 4344 1721 4423 μεθ’
1765 4347 1921 4420 ἡμῶν

268 4445 407 4500 κατὰ
461 4443 560 4510 τὴν
606 4441 892 4499 ἐπιείκειαν
948 4462 1066 4520 σου,
1128 4439 1273 4518 ἱατρὲ
1334 4439 1424 4495 καὶ
1466 4436 1758 4516 θεραπευτὰ
1816 4437 1920 4491 τῶν

265 4535 460 4613 ψυχῶν
504 4531 661 4607 ἡμῶν
694 4551 706 4564 ο
749 4530 1018 4609 ὁδήγησον
1060 4532 1205 4605 ἡμᾶς
1254 4528 1338 4584 ἐπὶ
1398 4525 1589 4602 λιμένα
1618 4523 1920 4599 θελήματός

264 4643 356 4677 σου
391 4639 409 4656 ·
466 4621 700 4700 φώτισον
730 4621 850 4683 τοὺς
900 4618 1200 4697 ὀφθαλμοὺς
1248 4629 1350 4674 τὼν
1405 4613 1632 4695 καρδιῶν
1660 4615 1819 4689 ἡμῶν
1851 4615 1921 4677 εἰς

263 4709 555 4788 ἐπίγνωσιν
610 4714 709 4779 τῆς
766 4710 867 4775 σῆς
937 4707 1189 4776 ἀληθείας
1223 4724 1238 4739 ⁸
1304 4708 1393 4763 καὶ
1424 4705 1661 4783 δώρησαι
1689 4706 1827 4779 ἡμῖν
1858 4703 1920 4760 τὰ

266 4800 456 4856 λοιπὸν
499 4804 602 4866 τῆς
660 4800 928 4877 παρούσης
986 4797 1191 4876 ᾐμέρας
1242 4797 1505 4875 εἰρηνικὸν
1555 4797 1643 4850 καὶ
1673 4793 1918 4870 ἀναμάρ-

267 4910 455 4968 τητον,
514 4890 604 4944 καὶ
655 4889 828 4944 πάντα
886 4889 977 4944 τὸν
1022 4887 1217 4967 χρόνον
1248 4892 1343 4953 τῆς
1389 4886 1535 4956 ζωῆς
1576 4884 1762 4957 ἡμῶν,
1794 4903 1922 4959 πρε-

269 4974 471 5041 σϐείαις
531 4982 631 5045 τῆς
676 4977 827 5055 ἁγίας
889 4976 1149 5033 Θεοτόκου
1192 4977 1281 5032 καὶ
1327 4975 1539 5033 πάντων
1582 4975 1690 5029 τῶν
1732 4971 1918 5049 ἁγίων.

270 5064 405 5124 ’Ὅτι
436 5068 533 5123 σὸν
579 5067 642 5123 τὸ
670 5065 885 5144 κράτος,
919 5066 1006 5120 καὶ
1037 5065 1132 5122 σού
1179 5064 1320 5121 ἐστιν
1369 5065 1404 5132 ἡ
1442 5059 1711 5139 βασιλεία,
1746 5060 1833 5116 καὶ
1890 5061 1924 5127 ἡ

271 5152 517 5235 δύναμις,
550 5156 638 5213 καὶ
667 5156 702 5224 ἡ
762 5151 907 5234 δόξα,
957 5161 1052 5211 τοῦ
1099 5155 1328 5232 Πατρὸς,
1386 5150 1596 5208 καὶτοῦ
1642 5152 1783 5223 Υὶοῦ,
1839 5150 1927 5205 καὶ

275 5253 367 5303 τοῦ
395 5245 550 5323 ἀγίοο
576 5245 907 5324 Πνεύματος,
942 5251 1050 5316 νῦν,
1086 5244 1172 5299 καὶ
1216 5242 1321 5323 ἀεὶ,
1347 5244 1434 5299 καὶ
1466 5243 1538 5305 εἷς
1567 5240 1686 5303 τοὺς
1733 5238 1925 5301 αἰῶνας

272 5334 376 5391 τῶν
406 5335 613 5392 αἰώνων
626 5382 641 5398 ,
675 5333 876 5409 Ἀμήν,

947 5429 1129 5481 Brxu
1172 5422 1253 5486 r2

356 5513 507 5590 Κύριε
561 5516 590 5571 ὁ
650 5514 780 5577 Θεὸς
824 5513 1006 5589 ἡμῶν,
1060 5514 1324 5589 μνήσθητι
1368 5512 1524 5587 ἡμῶν
1579 5509 1685 5567 τῶν
1745 5509 1923 5585 ἁμαρ-

2640 2824 2924 2889 ORATIO
2972 2828 3018 2890 l.

2086 2920 2188 2985 76.
2222 2921 2476 2984 Domine
2509 2920 2847 2983 misericors
2888 2927 2947 2983 et
2976 2920 3256 3001 benigne,
3291 2923 3646 3003 longanimis

2008 3016 2069 3069 et
2089 3006 2336 3069 multum
2354 3008 2892 3084 clemens,auribus
2908 3010 3149 3091 percipe
3162 3009 3649 3092 deprecationem

2008 3105 2297 3180 nostram,
2331 3107 2388 3160 et
2417 3099 2658 3161 attende
2687 3100 2813 3160 voci
2848 3101 3132 3163 orationis
3165 3110 3402 3178 nostra),
3428 3102 3517 3163 fac
3548 3120 3649 3162 no-

2008 3186 2242 3251 biscum
2274 3188 2506 3269 signum
2542 3189 2600 3250 in
2636 3188 2856 3251 bonum
2900 3212 2915 3269 ;
2950 3191 3146 3253 deduc
3179 3209 3287 3253 nos
3321 3193 3377 3254 in
3409 3190 3498 3252 via
3525 3200 3649 3272 tua,

2011 3284 2070 3337 ut
2101 3276 2161 3338 in
2187 3278 2435 3341 veritate
2464 3288 2561 3339 tua
2590 3278 2990 3343 ambulemus.
3025 3280 3306 3343 Exhilara
3337 3282 3520 3344 corda
3538 3300 3652 3343 no-

2008 3375 2148 3444 stra,
2179 3376 2245 3430 ut
2305 3368 2622 3431 timeamus
2683 3388 2902 3432 nomen
2959 3379 3228 3432 sanctum
3293 3380 3478 3446 tuum,
3516 3371 3655 3452 quia

2009 3475 2257 3537 magnus
2274 3477 2341 3519 es
2366 3466 2447 3533 tu,
2484 3466 2541 3520 et
2563 3458 2787 3521 faciens
2820 3460 3120 3522 mirabilia
3149 3482 3164 3535 ;
3191 3469 3252 3522 tu
3277 3480 3340 3522 es
3362 3463 3517 3546 Deus
3547 3481 3651 3523 so-

2010 3547 2126 3629 lus,
2164 3557 2223 3609 et
2254 3566 2372 3608 non
2405 3558 2498 3610 est
2527 3548 2742 3610 similis
2776 3550 2857 3611 tui
2889 3550 2949 3610 in
2983 3550 3120 3629 diis,
3143 3549 3416 3632 Domine,
3444 3558 3653 3632 potens

2011 3637 2069 3697 in
2092 3636 2503 3699 misericordia
2525 3646 2584 3698 et
2605 3638 2794 3700 bonus
2820 3639 2880 3699 in
2905 3640 3220 3721 virtute,ut
3250 3658 3572 3704 succurras
3594 3650 3655 3704 et

2010 3728 2343 3789 consoleris
2384 3734 2441 3789 et
2465 3745 2666 3789 serves
2717 3746 2928 3790 omnes
2976 3736 3286 3808 sperantes
3318 3729 3378 3791 in
3413 3731 3654 3793 nomine

2016 3815 2295 3889 tuo.Quia
2314 3816 2589 3878 convenit
2611 3814 2718 3878 tibi
2750 3816 2943 3878 omnis
2964 3818 3173 3897 gloria,
3209 3818 3402 3880 honor
3423 3827 3480 3881 et
3509 3819 3652 3880 ado-

2013 3906 2185 3981 ratio,
2222 3907 2376 3968 Patri
2412 3912 2471 3970 et
2500 3905 2649 3968 Filio
2683 3914 2739 3968 et
2769 3916 2972 3969 sancto
3032 3907 3318 3989 Spiritui:
3384 3926 3540 3970 nunc
3596 3916 3656 3970 et

2010 4013 2251 4077 semper
2281 4004 2339 4058 et
2360 3996 2421 4057 in
2455 3996 2672 4059 saecula
2702 3996 3089 4062 saeculorum.
3126 3999 3337 4060 Amen.

2623 4171 2909 4236 ORATIO
2955 4171 3032 4236 II.

2083 4266 2182 4329 77.
2210 4264 2489 4341 Domine,
2515 4287 2592 4330 ne
2611 4267 2672 4329 in
2698 4267 2903 4330 furore
2936 4274 3034 4329 tuo
3065 4284 3275 4346 arguas
3304 4285 3431 4342 nos,
3459 4284 3652 4348 neque

2004 4355 2063 4417 in
2092 4355 2179 4417 ira
2207 4364 2307 4418 tua
2326 4357 2616 4439 corripias
2650 4376 2795 4419 nos:
2830 4356 2932 4417 sed
2966 4355 3056 4417 fac
3089 4356 3397 4417 nobiscum
3430 4374 3651 4419 secun-

2004 4445 2148 4506 dum
2182 4446 2656 4509 misericordiam
2691 4455 2880 4521 tuam,
2918 4445 3149 4507 medice
3182 4454 3240 4508 et
3262 4455 3499 4507 curator
3528 4446 3651 4508 ani-

2006 4552 2234 4596 marum
2269 4544 2601 4597 nostrarum
2638 4556 2653 4613 ;
2691 4536 2915 4617 perduc
2949 4553 3057 4597 nos
3079 4535 3151 4597 ad
3177 4543 3412 4616 portum
3442 4534 3653 4596 volun-

2008 4622 2140 4683 tatis
2168 4632 2282 4684 tuaa
2314 4644 2329 4699 ;
2368 4625 2571 4687 oculos
2611 4625 2883 4687 cordium
2919 4635 3255 4686 nostrorum
3289 4623 3558 4685 illumina
3590 4625 3649 4685 in

2007 4721 2123 4774 tua;
2152 4712 2418 4774 veritatis
2449 4713 2840 4794 agnitionem,
2871 4727 3049 4791 atque
3085 4713 3336 4793 hujusce
3363 4710 3481 4774 diei
3503 4713 3652 4775 reli-

2003 4819 2208 4884 quum,
2243 4820 2539 4883 omneque
2568 4803 2704 4866 vitae
2732 4810 2951 4864 nostra:
2981 4812 3213 4883 tempus
3239 4802 3573 4882 paciﬁcum,
3597 4810 3657 4864 et

2006 4910 2040 4954 a
2068 4900 2307 4970 peccato
2360 4892 2613 4953 liberum
2656 4910 2787 4955 esse
2844 4892 3082 4971 largire,
3123 4891 3653 4953 intercessionibus

2008 4988 2229 5042 sanctas
2251 4981 2351 5043 Dei
2379 4981 2699 5045 Genitricis
2726 4989 2788 5044 et
2819 4983 3085 5042 omnium
3105 4989 3471 5043 sanctorum.
3506 4981 3655 5053 Quia

2011 5086 2109 5133 tua
2126 5077 2213 5132 est
2249 5078 2525 5150 potestas,
2558 5079 2721 5133 tuum
2756 5078 2847 5132 est
2870 5089 3117 5149 regnum
3139 5081 3199 5133 et
3222 5071 3408 5132 virtus
3436 5079 3494 5132 et
3523 5070 3648 5150 glo-

2009 5159 2121 5239 ria,
2145 5158 2303 5220 Patri
2331 5167 2387 5221 et
2414 5159 2545 5222 Filii
2589 5167 2645 5221 et
2675 5160 2871 5221 sancti
2920 5158 3195 5242 Spiritus,
3224 5178 3382 5222 nunc
3405 5167 3463 5222 et
3491 5178 3647 5221 sem-

2011 5266 2140 5329 per,
2176 5255 2234 5310 et
2258 5247 2319 5310 in
2355 5249 2570 5311 szecula
2609 5249 2985 5314 saeculorum.
3026 5250 3242 5312 Amen.

2616 5411 2894 5478 ORATIO
2942 5412 3049 5476 IIl.

2085 5505 2186 5569 '78.
2217 5504 2472 5570 Domine
2505 5509 2659 5571 Deus
2693 5515 2918 5584 uoster,
2951 5513 3251 5569 memento
3285 5506 3472 5570 nostri
3506 5526 3648 5587 pec-

270 5598 458 5659 τωλῶν
511 5604 602 5660 καὶ
650 5602 883 5682 ἀχρείων
933 5600 1132 5660 δούλων
1166 5625 1282 5675 σου,
1327 5602 1381 5659 έν
1410 5608 1488 5676 τῷ
1544 5597 1914 5655 ἐπικαλεῖσθαι

2021 5603 2264 5659 satorum
2291 5603 2350 5656 et
2370 5594 2670 5658 inutilium
2696 5614 3001 5659 servorum
3031 5604 3293 5673 tuorum,
3317 5615 3451 5658 cum
3474 5596 3647 5657 invo-

271 5691 415 5766 ’ἕψεις
446 5694 507 5748 τὸ
536 5692 697 5771 ἅγιον
725 5689 893 5768 ὄνομά
923 5714 1018 5750 σου
1052 5712 1065 5727 ⁸
1119 5692 1207 5749 καὶ
1238 5692 1315 5768 μὴ
1355 5689 1721 5770 καταισχύνῃς
1766 5689 1914 5762 ἡμᾶς

2021 5703 2201 5747 :amus
2230 5695 2501 5747 sanctum
2527 5704 2746 5748 nomen
2772 5694 2972 5764 tuum;
2996 5692 3054 5748 et
3078 5702 3155 5749 ne
3174 5685 3501 5748 confundas
3526 5701 3637 5746 nos
