4096 6210
1309 310 1745 376 ACOLUTHIA
1792 310 2172 377 TRIPLICIS
2217 314 2456 378 FESTI.

3283 331 3601 383 GCCXXXVII

226 452 400 525 ἡμᾶς’
461 449 557 504 οὒκ
613 450 688 513 εἰς
750 446 908 504 δυάδα
962 470 1276 528 πρωςωπων
1350 448 1701 527 τεμνόμενος,
1752 447 1903 516 ἀλλ’.

1999 455 2145 531 lens,
2198 459 2257 511 et
2300 456 2510 531 natura
2540 448 2728 510 factus
2781 448 2957 510 homo
3024 460 3264 532 prapter
3301 470 3433 528 nos;
3487 472 3607 515 non

230 539 255 596 ἑ
327 538 351 559 9‘
398 537 444 559 I‘
531 540 556 577 .I
677 562 688 576 κ
740 536 753 557 ἱ
866 562 881 572 ἢ
922 539 934 559 1
1024 562 1045 575 ρ
1318 539 1329 561 Ι
1474 562 1495 577 ρ
1605 539 1619 560 9
1666 540 1679 557 ‘
1819 538 1838 572 λ

262 563 290 595 ν
322 552 461 596 cum
493 560 703 618 φυσεωθ
735 542 1043 618 ασυθχευτω..
1107 546 1520 616 γνωριζομενο...
1558 548 1721 595 Αυτον
1763 542 1874 595 ἰκε-

1999 558 2024 599 n
2057 540 2203 601 duas
2230 538 2456 600 divisus
2500 556 2807 617 personas,
2856 538 2963 601 sed
3020 541 3080 601 in
3119 540 3351 604 duabus
3384 544 3608 604 naturis

228 651 374 704 τευε,
436 630 632 703 σεμνὴ,
712 629 1125 708 παμμακάριστε
1210 628 1490 698 ἐλεηθῆιοαι
1548 630 1643 692 τὰς
1704 632 1875 704 ψυχὰς

1999 628 2469 690 iconi'usibiliter
2497 628 2970 707 cognoscendus.
3006 628 3173 692 Hunc
3200 650 3326 711 ora,
3361 651 3395 693 ο
3421 650 3605 711 augu-

230 722 389 794 ἡμῶν
400 768 410 777 .

1960 727 2048 779 sta
2081 728 2137 780 et
2170 718 2528 793 beatissima,
2578 726 2638 779 ut
2690 726 3027 780 nostrarum
3060 720 3391 783 animarum
3419 724 3609 785 mise-

1964 815 2188 870 reatur.

306 888 413 950 97.
448 883 613 947 Habe
637 886 764 965 jam
798 886 1012 948 iterum
1057 885 1235 948 verba
1265 884 1497 967 Typici,
1531 895 1596 948 ut
1627 886 1843 966 discas,
1880 904 2009 966 quae
2039 888 2178 949 ﬁant
2212 896 2343 968 post
2372 887 2685 949 decantata
2714 887 2842 949 haec
2867 886 3127 949 stichera
3161 910 3174 947 ε

304 976 639 1057 ’Λπέρχεται
694 978 721 1032 ὁ
772 978 936 1055 ἱερεὺς
991 978 1078 1033 καὶ
1139 980 1166 1032 ὁ
1223 975 1493 1056 διάκονος,
1554 978 1641 1033 καὶ
1669 984 1877 1032 ποιοῦσι

2042 974 2343 1038 Secedunt
2370 978 2648 1040 sacerdos
2689 985 2746 1038 et
2796 977 3084 1038 diaconus
3132 977 3471 1060 faciuntque
3510 999 3611 1044 re-

226 1068 523 1144 μετάνοιαν
586 1072 665 1138 τῷ
726 1066 1049 1145 προεστῶτι,
1110 1064 1144 1131 ἧ
1203 1068 1275 1129 εἷς
1318 1066 1409 1121 τὸν
1462 1067 1629 1121 τόπον
1702 1066 1879 1145 αὖτοῦ,

1999 1066 2287 1126 erentiam
2323 1064 2691 1145 przesidi,aut
2722 1082 2927 1127 versus
2950 1064 3135 1145 ipsius
3158 1065 3453 1140 locum,ut
3476 1076 3613 1129 ante

229 1159 305 1219 ὡς
356 1156 691 1232 προείρηται,
749 1156 836 1210 καὶ
887 1154 1209 1211 ἀλλάσσουσι
1264 1155 1358 1222 τὴν
1388 1156 1657 1232 ἷτρ·ιτικην
1684 1154 1880 1221 στολὴν

1964 1153 2190 1216 dictum
2219 1163 2397 1229 est,et
2433 1162 2660 1215 mutant
2691 1173 2917 1217 sacram
2944 1155 3152 1216 stolam
3188 1155 3246 1216 in
3275 1156 3608 1221 diaconico.

232 1247 287 1303 ἐν
332 1253 410 1318 τῷ
442 1244 860 1319 διακονικῷᾸζαὶ
891 1243 1183 1309 ἐξελθόντες
1209 1246 1260 1300 ἐν
1291 1245 1368 1317 τῷ
1411 1252 1521 1318 ναῷ
1566 1242 1880 1300 εἶσοδεύουσι

1999 1242 2035 1303 it
2067 1252 2351 1306 exeuntes
2382 1244 2455 1305 ad
2491 1244 2778 1324 templum
2824 1245 3128 1305 introeunt
3169 1263 3302 1306 cum
3336 1244 3609 1328 incenso,

236 1337 377 1412 μετὰ
428 1343 520 1391 τοῦ
590 1334 867 1407 θυμιατοῦ,
922 1333 1028 1389 τῶν
1072 1332 1365 1406 λαμπάδων
1414 1333 1889 1412 προπορευομένων

1999 1333 2442 1395 ιτεεοεόθηιίὺιιε
2488 1335 2648 1414 ipsos
2698 1334 3097 1415 lampadibus.
3138 1335 3375 1398 Fratres
3414 1345 3610 1398 autem

233 1426 449 1488 αὐτούς.
504 1427 563 1481 Οἱ
607 1422 661 1479 δὲ
714 1421 929 1503 ἀδελφοὶ
977 1445 1171 1487 παντες
1223 1424 1688 1495 ἀποσάεπάζονται
1736 1423 1884 1482 ἐνου-

1999 1441 2179 1485 ιῐῐιηθε
2210 1425 2581 1506 teguntur,in
2614 1442 2798 1485 unum
2831 1424 3186 1486 coeuntibus
3219 1423 3452 1487 duobus
3468 1426 3612 1488 cbo-

234 1515 415 1591 μένων
444 1515 553 1569 τῶν
582 1511 670 1569 δύο
702 1514 905 1592 χορῶν.

1968 1510 2074 1573 ris.

320 1594 424 1657 98.
463 1591 830 1676 Couu._Quod
864 1611 972 1654 nos
1010 1617 1036 1646 α
1072 1592 1397 1676 sarristiam
1437 1616 1463 1649 ι
1500 1591 1931 1673 appellamus,»
1968 1592 2348 1676 diaconicum
2389 1619 2409 1649 ι
2449 1593 2670 1676 Graecis
2699 1593 2914 1655 dicitur
2947 1612 2961 1656 :
2996 1594 3130 1655 ideo
3165 1595 3437 1674 lortasse,
3459 1596 3617 1676 quod

238 1692 537 1756 canorum
575 1672 849 1756 primitus
881 1673 1129 1756 essetin
1162 1693 1230 1756 eo
1260 1673 1434 1734 sedes
1467 1676 1529 1756 et
1554 1690 1893 1756 consessus;
1920 1674 2009 1735 vel
2036 1674 2260 1756 potius,
2308 1674 2463 1754 quod
2518 1676 2610 1735 hic
2662 1674 2825 1756 locus
2872 1692 3080 1735 eorum
3115 1693 3273 1736 curae
3319 1672 3617 1756 praecipue

243 1723 671 1817 commmissus
704 1753 976 1817 fueritJn
1003 1771 1072 1815 eo
1104 1753 1263 1815 enim
1298 1772 1415 1814 non
1445 1753 1636 1833 solum
1661 1772 1791 1833 quae
1820 1723 1893 1815 ad

1926 1755 2194 1836 ecclesiae
2226 1772 2362 1836 vasa
2384 1764 2444 1836 et
2476 1754 2874 1816 sacerdotales
2894 1763 3095 1836 vestes
3125 1754 3413 1836 spectant,
3436 1754 3622 1836 prius-

249 1854 427 1916 quam
462 1851 631 1916 sacra
663 1843 1045 1916 perageretur
1075 1833 1339 1916 liturgia,
1376 1851 1479 1895 seu
1512 1832 1772 1916 divinum
1806 1834 2269 1896 ecclesiasticum
2305 1835 2589 1913 ofﬁcium,
2620 1840 2819 1916 munia
2848 1834 3093 1897 obibant

3180 1836 3397 1911 iaconi;
3430 1836 3532 1897 sed
3565 1845 3623 1898 et

247 1912 643 1980 Eonsidebant
665 1912 781 1995 pro
807 1914 1074 1975 muneris
1105 1915 1196 1975 sui
1227 1912 1478 1978 ratione.
1513 1912 1774 1975 Isidorus
1802 1918 2101 1995 Mercator
2129 1918 2439 1972 Δικκονικόν
2477 1912 2893 1977 «secretarium
2931 1939 2954 1974 ν
2989 1916 3181 1995 vertit;
3209 1924 3267 1978 et
3287 1933 3618 1995 congruen-

254 2004 311 2058 te
347 1996 586 2076 quidem
613 1994 941 2076 7A’gatbensi
977 1996 1251 2069 concilio,
1286 2013 1459 2076 cujus
1483 1996 1561 2056 66
1591 2013 1781 2076 canon
1815 1994 2031 2076 bicest
2075 2013 2089 2057 :
2122 2020 2146 2076 ιι
2184 1996 2471 2068 Quoniam
2527 2014 2645 2057 non
2677 2002 2928 2076 ioportet
2956 1994 3282 2057 insacratos
3316 1996 3621 2059 ministros

250 2073 555 2157 licentiam
609 2075 834 2137 habere
876 2074 938 2135 in
988 2077 1379 2137 secretarium
1442 2074 1623 2157 (quod
1663 2073 1851 2138 Graeci
1901 2074 2252 2157 diaconicon
2302 2076 2626 2157 appellant)
2672 2073 2906 2157 ingredi
2961 2088 3018 2137 et
3068 2077 3419 2155 contingere
3489 2095 3623 2139 vasa

245 2155 578 2218 Dominica.
624 2180 647 2237 in
702 2157 877 2237 Atqui
938 2179 958 2211 ι
1010 2161 1395 2237 secretarium
1437 2179 1463 2209 n
1527 2155 1683 2237 idem
1732 2165 1861 2237 est,
1896 2156 2051 2237 quod
2110 2157 2265 2237 apud
2326 2155 2435 2217 nos
2479 2179 2501 2213 ι
2538 2155 2857 2219 saeristia»
2896 2156 3147 2219 barhare
3194 2165 3616 2237 nuncupatur:

241 2237 321 2297 de
383 2255 499 2314 quo
540 2236 637 2315 qui
676 2235 944 2317 dubitat,
1003 2236 1178 2298 adeat
1237 2236 1595 2317 cardinalem
1647 2235 1810 2297 Bona
1853 2235 1952 2297 lib.
1999 2253 2017 2298 I
2070 2235 2289 2299 Rerum
2318 2238 2746 2316 liturgicarum
2781 2254 2909 2317 cap.
2945 2237 3047 2315 24,
3078 2256 3242 2299 num.
3287 2238 3347 2316 2,
3380 2235 3622 2296 Ᾰικκονι-

236 2319 603 2400 advdamen,
639 2316 798 2378 sicut
830 2323 891 2379 et
922 2317 1308 2378 secretarium
1347 2337 1374 2375 ι
1420 2317 1479 2376 in
1507 2316 1637 2377 aliis
1683 2327 1969 2396 praeterea
2028 2324 2353 2397 usurpatur
2405 2316 2963 2397 signiﬁcationibus,
2998 2336 3148 2400 quas
3178 2337 3298 2380 non
3323 2325 3414 2380 est
3442 2318 3623 2398 hujus

242 2396 367 2458 loci
404 2396 727 2458 exnlicare.

322 2477 434 2558 99.
465 2475 778 2554 Ingressus
807 2485 1003 2558 autem
1058 2476 1386 2538 sacerdotis
1428 2476 1488 2538 in
1522 2475 1845 2557 templum,
1889 2495 2069 2558 supra
2109 2477 2445 2558 descriptus
2494 2496 2565 2538 ex
2603 2477 2850 2558 Typico,
2882 2496 2998 2537 non
3048 2486 3139 2538 est
3168 2477 3421 2558 simplex
3454 2477 3617 2558 Aqui-

242 2559 386 2620 dam
421 2557 751 2635 ingressus;
787 2557 888 2617 sed
928 2560 1225 2636 ingressus
1254 2558 1355 2637 qui
1420 2558 1482 2618 ﬁt
1529 2555 1661 2617 cum
1709 2555 1893 2638 sacris
1940 2557 2270 2638 codicibus,
2312 2555 2539 2638 quibus
2587 2555 2844 2621 diacono
2893 2576 2927 2617 a
2977 2555 3304 2619 sacerdote
3336 2555 3619 2637 traditis,

247 2639 559 2716 egreditur
604 2638 701 2698 ille
734 2656 767 2698 e
790 2646 960 2717 porta
982 2636 1297 2717 diaconici;
1339 2646 1397 2699 et
1428 2642 1683 2699 eleva'os
1704 2644 1843 2698 ante
1866 2636 2076 2699 faciem
2110 2636 2410 2713 deferens,
2444 2637 2849 2717 subsequente
2879 2638 3210 2710 sacerdote,
3238 2638 3388 2698 viam
3421 2636 3626 2716 qnam-

246 2720 385 2781 dam
420 2719 724 2779 sinuosam
762 2726 947 2798 tenet;
983 2737 1100 2798 qua
1133 2727 1435 2797 paragrata
1465 2729 1602 2779 ante
1635 2726 1868 2778 sanctas
1899 2718 2058 2779 fores
2099 2730 2346 2798 uterque
2377 2718 2549 2789 sistit,
2606 2728 2670 2778 ut
2711 2719 2992 2798 sacerdos
3049 2719 3261 2779 recitet
3291 2720 3388 2785 τὴν
3422 2718 3621 2774 εἰσόδου

248 2802 447 2879 εὒχὴν,
482 2798 542 2859 id
566 2807 678 2880 est,
718 2819 748 2857 α
772 2796 1440 2880 introitusorationem,
1472 2823 1494 2856 ι)
1527 2818 1701 2880 quam
1728 2796 2417 2880 Constantinopolitanus
2451 2799 2782 2877 patriarcha
2812 2796 2876 2861 S.
2911 2800 3260 2874 Germanas,
3300 2798 3429 2860 loco
3451 2806 3625 2859 antea

247 2870 459 2959 ciiato,
497 2870 671 2941 nobis
701 2877 942 2939 exhibet
973 2888 1031 2940 et
1058 2877 1143 2940 ita
1182 2890 1377 2941 sonat.

329 2968 597 3047 Ἐσπὲρας
634 3015 652 3048 ,
706 2969 793 3024 καὶ
842 2971 985 3047 πρωί
1013 3016 1028 3049 ,
1087 2971 1175 3025 καὶ
1234 2967 1568 3047 μεσημϐρίαις
1621 2970 1885 3044 αἰνοῦμεν,
1916 2976 1953 3025 Β

248 3058 606 3135 εὐλογοῦμεν,
640 3058 1086 3137 εὐχαριστοῦμεν,
1120 3060 1206 3115 καὶ
1263 3057 1485 3133 δεόμεθά
1516 3081 1633 3133 σου,
1688 3058 1898 3115 Δέσπο-

241 3171 313 3204 τα
343 3154 452 3204 τῶν
499 3149 772 3210 ἁπάντων,
819 3149 1131 3204 κατεύθννον
1161 3149 1257 3215 τὴν
1288 3148 1594 3227 προσευχὴν
1626 3149 1779 3222 ἡμῶν
1823 3149 1895 3211 ὡς

245 3238 489 3311 Θυμίαμι
548 3236 775 3293 ἐνώπιόν
826 3260 942 3298 σου.
981 3238 1077 3295 Καὶ
1123 3238 1199 3312 μὴ
1229 3236 1478 3303 ἓκκλίνης
1528 3237 1623 3299 τὰς
1683 3235 1896 3312 καρδίας

243 3328 405 3401 ἡμῶν
439 3328 514 3390 εἰς
544 3324 739 3404 λόγους
772 3326 806 3393 ἢ
832 3328 905 3387 εἰς
968 3325 1259 3403 λογισμοὺς
1315 3327 1596 3403 πονηρίας,
1640 3325 1777 3382 ἀλλὰ

248 3438 339 3471 σαι
362 3416 512 3489 ἡμᾶς
536 3413 595 3471 ἐκ
623 3416 837 3473 πάντων
892 3421 996 3470 τῶν
1025 3417 1352 3494 Θηρευόντων
1384 3417 1476 3479 τὰς
1511 3417 1690 3495 ψυχὰς
1716 3418 1890 3490 ἡμῶν

246 3504 330 3559 ὅτι
362 3506 523 3582 πρὸς,
580 3505 661 3575 σὲ,
726 3506 902 3582 Κύριε,
962 3505 1139 3583 Κύριε,
1186 3507 1233 3560 οἱ
1284 3504 1541 3584 ὀφθαλμοὶ
1580 3508 1753 3581 ἡμῶν,
1812 3507 1899 3561 καὶ

248 3592 338 3648 ἐπὶ
400 3595 483 3649 σοὶ
543 3591 866 3668 ἠλπίσαμεν·
917 3594 993 3668 μὴ
1036 3594 1404 3673 καταισχύνῃς
1459 3598 1623 3668 ἡμᾶς,
1681 3596 1708 3649 ὁ
1769 3595 1897 3659 Θεὸς

247 3685 432 3756 ἡμῶν.
470 3682 605 3739 ’Ὅτι
661 3682 849 3759 πρέπει
912 3685 993 3739 σοὶ
1044 3690 1188 3739 πᾶσα
1245 3682 1389 3757 δόξαι,
1423 3683 1555 3760 τιμὴ
1610 3684 1693 3738 mai
1723 3705 1893 3761 προσ-

248 3774 500 3847 κύνησις,
534 3779 611 3847 τῷ
646 3775 806 3850 Πατρὶ
856 3775 941 3829 xxi
970 3774 1048 3849 τῷ
1102 3775 1229 3853 Υἰῷ,
1274 3774 1361 3829 καὶ
1421 3780 1497 3846 τῷ
1550 3772 1683 3850 ἁγίῳ
1729 3773 1895 3828 Πνεύ-

250 3884 406 3936 tum,
466 3862 555 3918 νῦν
585 3864 673 3919 καὶ
717 3862 821 3942 ἀεὶ³
868 3865 955 3919 καὶ
1011 3864 1084 3928 εἷς
1126 3864 1249 3926 τοὺς
1297 3864 1492 3926 αἰῶνας
1534 3868 1640 3917 τῶν
1669 3860 1896 3921 αἰώνων.

256 3951 447 4027 Ἀμήν

339 4042 479 4098 Εἶτα
512 4038 728 4119 εὐλογεϊ
760 4042 853 4109 τὴν
884 4040 1116 4118 εἴσοδον,
1149 4040 1344 4120 λέγων’

341 4129 700 4208 Εὐλογημένη
745 4131 780 4199 ἡ
841 4128 1048 4195 εἴσοδος
1109 4137 1209 4187 τῶν
1279 4131 1445 4209 ἁγίων
1504 4151 1597 4186 σου
1654 4130 1905 4206 πὰντοτε,

264 4227 351 4276 νῦν
392 4222 481 4275 καὶ
515 4219 618 4293 ἀεὶ,
654 4222 759 4280 καί.

342 4309 485 4365 Εἶτα
547 4312 574 4365 ὁ
629 4306 868 4376 διάκονος
902 4357 920 4386 ,
980 4311 1267 4390 χαράττων
1325 4310 1549 4389 σταυρὸν
1627 4311 1763 4386 μετὰ
1817 4296 1969 4367 τοῦθ

258 4402 539 4477 deputo-3,
596 4397 762 4478 λέγει·
853 4403 1019 4480 Σοφία
1078 4401 1239 4480 ὀρθοι*
1295 4402 1382 4457 καὶ
1455 4401 1617 4474 ἡμεῖς
1667 4402 1751 4479 τὸ,
1786 4403 1909 4462 Φῶς

259 4487 444 4565 ἱλαρόν
457 4536 471 4550 .

2056 2967 2193 3031 100.
2229 2967 2514 3049 Vespere,
2558 2977 2616 3031 et
2665 2986 2865 3043 maue,
2916 2976 2973 3030 et
3007 2968 3257 3030 meridie
3288 2968 3623 3041 laudamus,

1982 3054 2639 3139 benedicimus,gratias
2660 3057 2979 3137 agimus,et
3000 3075 3236 3118 oramus
3270 3055 3625 3132 te,omnium

1981 3146 2452 3224 Domine;dirige
2483 3146 2810 3209 orationem
2837 3153 3097 3207 nostram
3124 3146 3276 3207 sicut
3308 3146 3627 3208 incensum

1980 3235 2041 3297 in
2075 3244 2395 3316 conspectu
2429 3244 2554 3309 tuo;
2585 3245 2663 3316 .et
2695 3254 2769 3297 ne
2803 3235 3059 3297 inclines
3112 3234 3293 3296 corda
3323 3243 3527 3297 nostra
3566 3235 3631 3296 in

1979 3324 2158 3387 verba
2184 3328 2272 3387 vel
2303 3326 2689 3405 cogitationes
2734 3325 3034 3405 nequitiae,
3061 3323 3166 3386 sed
3190 3322 3382 3387 libera
3415 3344 3529 3386 nos
3556 3323 3630 3385 ab

1982 3416 2259 3477 omnibus
2288 3416 2641 3477 venantibus
2670 3415 2899 3477 animas
2951 3424 3182 3476 nostras
3212 3435 3224 3477 :
3260 3414 3399 3495 quia
3431 3415 3504 3476 ad
3547 3424 3626 3488 te,

1982 3503 2701 3585 Domine,Domine,oculi
2735 3504 2946 3583 nostri,
2968 3511 3026 3565 et
3052 3504 3113 3564 in
3144 3512 3199 3565 te
3234 3503 3629 3585 speravimus;

1983 3612 2058 3655 ne
2079 3593 2411 3657 confundas
2445 3613 2573 3670 nos,
2610 3594 2767 3655 Deus
2789 3604 3011 3656 noster.
3041 3594 3193 3666 Quia
3221 3593 3498 3655 convenit
3529 3594 3631 3654 tibi

1983 3685 2177 3745 omnis
2204 3684 2414 3765 gloria,
2449 3686 2641 3745 honor
2665 3694 2723 3745 et
2755 3683 3040 3758 adoratio,
3077 3682 3263 3759 Patri,
3302 3692 3361 3745 et
3388 3683 3634 3761 Filio,et

1983 3773 2229 3854 Spiritui
2259 3781 2487 3854 sancto,
2524 3792 2679 3835 nunc
2705 3779 2765 3834 et
2796 3790 3056 3854 semper,
3091 3784 3151 3834 et
3182 3774 3241 3835 in
3277 3772 3492 3835 saecula
3515 3791 3631 3835 sae-

1987 3864 2257 3926 culorum
2271 3912 2285 3927 .
2320 3867 2536 3925 Amen.

2070 4034 2144 4096 Et
2175 4031 2477 4094 benedicit
2510 4030 2818 4093 introitum
2843 4029 3057 4094 dicens
3092 4053 3105 4095 :

2070 4122 2434 4185 Benedictus
2459 4121 2535 4183 sit
2562 4122 2839 4183 introitus
2869 4130 3206 4184 sanctorum
3228 4130 3466 4185 tuorum
3500 4122 3628 4183 ubi-

1991 4231 2131 4294 que,
2165 4231 2323 4273 nunc
2354 4220 2413 4273 et
2450 4228 2712 4291 semper,
2747 4219 2861 4273 etc.

2074 4304 2214 4363 101.
2277 4300 2543 4363 Posthac
2601 4300 2909 4375 diaconus,
2971 4299 3273 4363 thuribulo
3334 4300 3641 4365 eﬁ'ormata

1992 4409 2193 4473 cruce,
2219 4390 2379 4465 dicit,
2407 4388 2733 4470 Sapientia,
2766 4389 2938 4451 recti.
2971 4388 3091 4451 Nos
3119 4398 3320 4451 autem
3357 4406 3371 4452 :
3409 4389 3637 4455 Lumen

1990 4481 2360 4564 jucundum.

340 4578 537 4668 Coum.
582 4574 837 4668 Reliqua
866 4577 1076 4657 supple
1086 4595 1170 4668 _ex
1200 4574 1636 4668 capiteﬁprimo,
1670 4576 1745 4638 de
1776 4571 2422 4668 Minoribus-vesperis.
2450 4569 2560 4668 iiic
2594 4586 2730 4660 vero
2761 4569 3088 4668 notaverim
3113 4585 3186 4668 es
3211 4566 3442 4668 Joanne
3466 4571 3643 4663 Mori-

259 4673 360 4735 no,
393 4656 712 4719 diaconum
740 4650 1047 4720 dicentem
1082 4650 1290 4738 Σοφία,’
1315 4680 1337 4714 ιι
1376 4650 1703 4738 Sapientia,
1738 4681 1760 4715 ι)
1800 4650 2603 4738 verosimiliter'intendere
2629 4650 2693 4710 in
2741 4650 3008 4738 codicem
3053 4666 3330 4738 sacrum:
3370 4663 3430 4715 et
3472 4653 3557 4714 sic
3584 4670 3642 4738 _a

260 4728 659 4818 praesentibus
715 4740 958 4817 exigere
1014 4728 1413 4818 attentionem
1455 4728 1857 4818 'praestandam
1891 4738 1984 4813 iis,
2036 4750 2167 4815 quae
2216 4732 2359 4795 inde
2401 4728 2835 4794 recitabuntur.
2897 4730 3074 4793 Pauci
3119 4729 3362 4811 quidam
3406 4751 3542 4795 cum
3571 4734 3638 4795 S.

261 4817 563 4880 Germano
596 4820 799 4898 legunt
831 4820 996 4900 Σοφία
1027 4821 1178 4899 ὀρθή,
1218 4842 1246 4875 α
1281 4817 1581 4899 Sapientia
1616 4826 1802 4883 recta.
1839 4840 1867 4879 ι

342 4915 496 4969 Μετὰ
553 4912 607 4969 δὲ
663 4916 762 4981 τὴν
811 4911 1021 4971 εἴσοδον
1076 4917 1103 4970 ὁ
1158 4917 1374 4993 ταχθεὶς
1436 4916 1705 4993 μοναιχὸς³
1736 4915 1913 4991 βαλὼν

264 5003 362 5070 τὴν
390 5004 595 5073 συνήθη
631 5005 913 5079 μετάνοιαν
945 5010 1022 5078 τῷ
1055 5009 1378 5083 προεστῶτι,
1407 5001 1598 5080 ψάλλει
1642 5004 1739 5071 τῆς
1775 5004 1913 5079 ἥμε-

269 5113 359 5169 ρας
421 5094 768 5171 προκείμενον
829 5092 1093 5173 δίστιχον·
1168 5093 1229 5151 Ὀ
1305 5094 1490 5172 Κύριος
1554 5092 1911 5156 ἐϐασίλευσεν,

270 5181 467 5260 Στίχος
526 5181 612 5245 α’,
678 5180 987 5240 Ἐνεδύσατο
1048 5182 1238 5262 Κύριος
1289 5180 1529 5259 δύναμιν,
1588 5185 1784 5263 Στίχος
1837 5180 1910 5259 β’.

276 5272 519 5350 iiIi-{319
598 5272 937 5351 ἐστερέωσεν,
1008 5275 1264 5351 Στρπφεὶς
1341 5271 1393 5328 δὲ
1472 5275 1499 5329 ὁ
1556 5274 1719 5352 ἱερεὺς
1782 5275 1914 5350 πρὸς

273 5356 469 5434 δυσμὰς
512 5358 789 5436 δεδεμένας
847 5362 995 5441 ἔχων
1043 5363 1135 5426 τὰς
1196 5373 1414 5441 χεῖρες,
1472 5362 1685 5418 ἵσταται
1758 5383 1913 5441 περι-

272 5448 444 5522 μένων
517 5450 619 5516 τὴν
675 5448 952 5524 πλήρωσιν
1005 5458 1096 5507 τοῦ
1150 5448 1522 5527 προκειμένου.
1578 5452 1716 5507 Εἶτα
1772 5450 1906 5527 βάλ-

271 5535 348 5592 λει
430 5540 717 5614 μετάνοιαν

269 5634 363 5684 τοῦ

2084 4903 2364 4970 102.Post
2393 4904 2707 4967 introitum
2733 4903 3246 4985 vero,designatus
3272 4899 3418 4965 adid
3443 4915 3643 4961 mona-

1999 4997 2170 5073 chus,
2207 4994 2514 5076 praemissa
2540 4994 2713 5056 solita
2763 4993 3032 5075 corporis
3060 4994 3379 5055 inﬂexione
3441 5005 3644 5053 versus

2000 5086 2316 5169 praesidem
2346 5085 2472 5148 sive
2499 5083 2973 5155 abbatem.canit
3005 5082 3373 5164 propositum
3408 5078 3532 5142 diei
3561 5077 3649 5139 di-

2000 5168 2285 5252 stichum,
2325 5182 2382 5237 et
2413 5174 2581 5250 dicit,
2609 5173 2897 5236 Dominus
2922 5168 3639 5253 regnavit.Versiculust,

1997 5265 2243 5326 Indutus
2267 5272 2356 5326 est
2388 5265 2698 5327 Dominus.
2725 5260 3068 5325 Versiculos
3097 5262 3157 5337 2,
3185 5260 3420 5324 Etenim
3451 5260 3650 5321 ﬁrma~

1998 5356 2351 5415 vit.Interim
2384 5370 2716 5415 conversus
2737 5352 2810 5414 ad
2843 5352 3215 5414 occidentem
3247 5350 3551 5425 sacerdos,
3589 5356 3647 5410 et

1989 5445 2235 5525 junctus
2265 5441 2492 5504 habens
2521 5459 2752 5521 manus,
2789 5442 3078 5523 propositi
3109 5442 3288 5502 ﬁnem
3312 5439 3641 5520 opperitur.

754 5588 771 5620 ,
855 5540 1151 5620 ἀπέρχεται
1243 5541 1315 5604 εἷς
1401 5542 1492 5596 τὸν
1568 5541 1734 5597 τόπον
1820 5541 1903 5596 αὒ-

2003 5535 2143 5597 Mox
2193 5531 2436 5593 exhibet
2487 5531 2906 5614 reverentiam,
2942 5531 3091 5594 etin
3148 5530 3343 5591 locum
3395 5527 3649 5591 discedit

2003 5641 2177 5686 suum
2193 5668 2203 5680 .

355 5669 495 5797 ί
533 5716 723 5781 Coum.
747 5716 1016 5781 Ecclesia
1039 5716 1281 5797 quidem
1312 5718 1515 5779 Graeca
1536 5716 1781 5796 singulis
1802 5715 1978 5779 totius
1989 5669 2160 5797 imi-1i.
2176 5710 2343 5797 feriis
2363 5708 2860 5797 s‘inguladisticha
2876 5712 3147 5776 attribuit
3179 5731 3194 5773 :
3222 5726 3343 5770 non
3377 5704 3651 5797 tamenin

275 5793 546 5878 quolibet
567 5797 763 5861 ofﬁcio
793 5799 1024 5862 videtur
1055 5784 1191 5878 post
1220 5798 1531 5878 Introitum
1561 5784 1783 5878 etvdiei
1812 5794 2113 5878 distichon
2144 5794 2319 5878 etiam
2344 5784 2792 5878 diciDomt'nus
2816 5799 3263 5878 regnavitctggn
3297 5784 3651 5878 supﬂdﬁctis

274 5866 717 5957 versiculisﬁed
750 5887 977 5942 tantum
1007 5866 1075 5941 iri
1100 5876 1381 5961 Vesperis
1436 5876 1705 5941 Sabbati.
1740 5876 1842 5942 Est
1869 5896 1903 5941 e

1999 5892 2029 5936 n
2065 5872 2224 5958 apud
2253 5870 2316 5934 S.
2342 5871 2706 5935 Germanum
2734 5892 2748 5937 :
2788 5878 2843 5934 Ei
2877 5866 2930 5933 δὲ
2957 5878 3066 5935 ἐστι
3091 5866 3620 5943 Σάϐϐατονῖσπέρας
