  <div class='ocr_page' id='page_1' title='image "/cluster/home/n/w/nwhite01/storage/ocr_20150623/29/hvd.32044054128665/367.png"; bbox 0 0 4096 6210; ppageno 0'>
   <div class='ocr_carea' id='block_1_1' title="bbox 1909 288 2500 353">
    <p class='ocr_par' dir='ltr' id='par_1_1' title="bbox 1909 288 2500 353">
     <span class='ocr_line' id='line_1_1' title="bbox 1909 288 2500 353; baseline 0.002 -2"><span class='ocrx_word' id='word_1_1' title='bbox 1909 288 2500 353; x_wconf 81' lang='lat' dir='ltr'><strong>PROLEGOMENA.</strong></span> 
     </span>
    </p>
   </div>
   <div class='ocr_carea' id='block_1_2' title="bbox 519 419 2177 519">
    <p class='ocr_par' dir='ltr' id='par_1_2' title="bbox 519 419 2174 519">
     <span class='ocr_line' id='line_1_2' title="bbox 519 419 2174 519; baseline 0.002 -39"><span class='ocrx_word' id='word_1_2' title='bbox 519 426 782 519; x_wconf 41' lang='grc' dir='ltr'>λέγωτὸ,</span> <span class='ocrx_word' id='word_1_3' title='bbox 819 425 876 483; x_wconf 89' lang='lat'><strong>’0</strong></span> <span class='ocrx_word' id='word_1_4' title='bbox 916 425 1098 519; x_wconf 72' lang='grc' dir='ltr'>Κύριος</span> <span class='ocrx_word' id='word_1_5' title='bbox 1132 422 1488 519; x_wconf 53' lang='grc' dir='ltr'>ἐξξσιλευσεν.</span> <span class='ocrx_word' id='word_1_6' title='bbox 1523 443 1545 514; x_wconf 67' lang='grc' dir='ltr'>ς(</span> <span class='ocrx_word' id='word_1_7' title='bbox 1580 420 1655 519; x_wconf 38' lang='lat' dir='ltr'><strong>Si,</strong></span> <span class='ocrx_word' id='word_1_8' title='bbox 1673 421 1790 482; x_wconf 87' lang='lat' dir='ltr'><strong>sint</strong></span> <span class='ocrx_word' id='word_1_9' title='bbox 1823 419 2102 519; x_wconf 64' lang='lat' dir='ltr'><strong>vesperae</strong></span> <span class='ocrx_word' id='word_1_10' title='bbox 2134 424 2174 484; x_wconf 86' lang='lat' dir='ltr'>S</span> 
     </span>
    </p>
   </div>
   <div class='ocr_carea' id='block_1_3' title="bbox 2285 419 3892 519">
    <p class='ocr_par' dir='ltr' id='par_1_3' title="bbox 2285 419 3892 519">
     <span class='ocr_line' id='line_1_3' title="bbox 2285 419 3892 519; baseline 0.007 -42"><span class='ocrx_word' id='word_1_11' title='bbox 2285 421 2400 519; x_wconf 49' lang='lat' dir='ltr'><strong>tati,</strong></span> <span class='ocrx_word' id='word_1_12' title='bbox 2424 420 2574 519; x_wconf 56' lang='lat' dir='ltr'><strong>dicit</strong></span> <span class='ocrx_word' id='word_1_13' title='bbox 2599 419 2898 519; x_wconf 59' lang='lat' dir='ltr'><strong>Dnominus</strong></span> <span class='ocrx_word' id='word_1_14' title='bbox 2922 425 3267 519; x_wconf 65' lang='lat' dir='ltr'><strong>regnavit.»</strong></span> <span class='ocrx_word' id='word_1_15' title='bbox 3284 432 3395 485; x_wconf 92' lang='lat' dir='ltr'><strong>etc.</strong></span> <span class='ocrx_word' id='word_1_16' title='bbox 3433 426 3772 519; x_wconf 76' lang='lat' dir='ltr'><strong>Propterea</strong></span> <span class='ocrx_word' id='word_1_17' title='bbox 3790 444 3892 505; x_wconf 75' lang='lat' dir='ltr'><strong>ego</strong></span> 
     </span>
    </p>
   </div>
   <div class='ocr_carea' id='block_1_4' title="bbox 519 499 3893 586">
    <p class='ocr_par' dir='ltr' id='par_1_4' title="bbox 519 499 3893 586">
     <span class='ocr_line' id='line_1_4' title="bbox 519 499 3893 586; baseline 0 -19"><span class='ocrx_word' id='word_1_18' title='bbox 519 499 814 586; x_wconf 83' lang='lat' dir='ltr'><strong>existimo,</strong></span> <span class='ocrx_word' id='word_1_19' title='bbox 852 499 1130 584; x_wconf 80' lang='lat' dir='ltr'><strong>pauculas</strong></span> <span class='ocrx_word' id='word_1_20' title='bbox 1161 503 1290 565; x_wconf 88' lang='lat' dir='ltr'><strong>illas</strong></span> <span class='ocrx_word' id='word_1_21' title='bbox 1319 520 1502 586; x_wconf 85' lang='lat' dir='ltr'><strong>voces</strong></span> <span class='ocrx_word' id='word_1_22' title='bbox 1522 502 1583 564; x_wconf 90' lang='lat' dir='ltr'><strong>in</strong></span> <span class='ocrx_word' id='word_1_23' title='bbox 1609 499 1834 586; x_wconf 64' lang='lat' dir='ltr'><strong>Veneto</strong></span> <span class='ocrx_word' id='word_1_24' title='bbox 1867 499 1966 586; x_wconf 80' lang='lat' dir='ltr'><strong>illo</strong></span> <span class='ocrx_word' id='word_1_25' title='bbox 2001 522 2118 585; x_wconf 88' lang='lat' dir='ltr'><strong>quo</strong></span> <span class='ocrx_word' id='word_1_26' title='bbox 2169 502 2384 586; x_wconf 85' lang='lat' dir='ltr'><strong>utor_S.</strong></span> <span class='ocrx_word' id='word_1_27' title='bbox 2421 502 2590 586; x_wconf 69' lang='lat' dir='ltr'><strong>Sabaa</strong></span> <span class='ocrx_word' id='word_1_28' title='bbox 2631 500 2850 586; x_wconf 78' lang='lat' dir='ltr'><strong>Typico</strong></span> <span class='ocrx_word' id='word_1_29' title='bbox 2887 499 3311 586; x_wconf 66' lang='lat' dir='ltr'><strong>praetermissas</strong></span> <span class='ocrx_word' id='word_1_30' title='bbox 3344 523 3509 586; x_wconf 81' lang='lat' dir='ltr'><strong>esse,</strong></span> <span class='ocrx_word' id='word_1_31' title='bbox 3537 499 3779 567; x_wconf 73' lang='lat' dir='ltr'><strong>incuria</strong></span> <span class='ocrx_word' id='word_1_32' title='bbox 3814 499 3893 586; x_wconf 50' lang='lat' dir='ltr'><strong>t&#39;y-</strong></span> 
     </span>
    </p>
   </div>
   <div class='ocr_carea' id='block_1_5' title="bbox 527 583 3894 668">
    <p class='ocr_par' dir='ltr' id='par_1_5' title="bbox 527 583 3894 668">
     <span class='ocr_line' id='line_1_5' title="bbox 527 583 3894 668; baseline 0.001 -20"><span class='ocrx_word' id='word_1_33' title='bbox 527 583 892 668; x_wconf 83' lang='lat' dir='ltr'><strong>pothetarum</strong></span> <span class='ocrx_word' id='word_1_34' title='bbox 920 593 976 646; x_wconf 89' lang='lat' dir='ltr'><strong>et</strong></span> <span class='ocrx_word' id='word_1_35' title='bbox 1008 592 1434 668; x_wconf 75' lang='lat' dir='ltr'><strong>correctorum.</strong></span> <span class='ocrx_word' id='word_1_36' title='bbox 1472 584 1599 668; x_wconf 81' lang='lat' dir='ltr'><strong>Qua</strong></span> <span class='ocrx_word' id='word_1_37' title='bbox 1631 583 1690 643; x_wconf 90' lang='lat' dir='ltr'><strong>in</strong></span> <span class='ocrx_word' id='word_1_38' title='bbox 1719 583 2000 668; x_wconf 80' lang='lat' dir='ltr'><strong>Opinione</strong></span> <span class='ocrx_word' id='word_1_39' title='bbox 2023 583 2149 668; x_wconf 72' lang='lat' dir='ltr'><strong>non</strong></span> <span class='ocrx_word' id='word_1_40' title='bbox 2190 583 2570 668; x_wconf 78' lang='lat' dir='ltr'><strong>mediocriter</strong></span> <span class='ocrx_word' id='word_1_41' title='bbox 2598 583 3181 668; x_wconf 78' lang='lat' dir='ltr'><strong>conﬁrmor,_videns</strong></span> <span class='ocrx_word' id='word_1_42' title='bbox 3215 587 3272 645; x_wconf 87' lang='lat' dir='ltr'><strong>in</strong></span> <span class='ocrx_word' id='word_1_43' title='bbox 3306 585 3732 668; x_wconf 18' lang='lat' dir='ltr'><strong>lvler.aais,4imo</strong></span> <span class='ocrx_word' id='word_1_44' title='bbox 3761 583 3894 650; x_wconf 84' lang='lat' dir='ltr'><strong>etin</strong></span> 
     </span>
    </p>
   </div>
   <div class='ocr_carea' id='block_1_6' title="bbox 522 662 3896 749">
    <p class='ocr_par' dir='ltr' id='par_1_6' title="bbox 522 662 3896 749">
     <span class='ocr_line' id='line_1_6' title="bbox 522 662 3896 749; baseline -0.002 -19"><span class='ocrx_word' id='word_1_45' title='bbox 522 662 744 749; x_wconf 80' lang='lat' dir='ltr'><strong>Typico</strong></span> <span class='ocrx_word' id='word_1_46' title='bbox 764 667 930 749; x_wconf 81' lang='lat' dir='ltr'><strong>ipso,</strong></span> <span class='ocrx_word' id='word_1_47' title='bbox 967 681 1070 744; x_wconf 88' lang='lat' dir='ltr'><strong>pro</strong></span> <span class='ocrx_word' id='word_1_48' title='bbox 1104 664 1211 727; x_wconf 88' lang='lat' dir='ltr'><strong>bac</strong></span> <span class='ocrx_word' id='word_1_49' title='bbox 1261 665 1434 749; x_wconf 75' lang='lat' dir='ltr'><strong>trium</strong></span> <span class='ocrx_word' id='word_1_50' title='bbox 1471 665 1776 749; x_wconf 76' lang='lat' dir='ltr'><strong>doctorum</strong></span> <span class='ocrx_word' id='word_1_51' title='bbox 1808 664 2203 749; x_wconf 57' lang='lat' dir='ltr'><strong>solemnitate,</strong></span> <span class='ocrx_word' id='word_1_52' title='bbox 2238 662 2747 749; x_wconf 78' lang='lat' dir='ltr'><strong>assignaristatim</strong></span> <span class='ocrx_word' id='word_1_53' title='bbox 2776 671 2909 749; x_wconf 85' lang='lat' dir='ltr'><strong>post</strong></span> <span class='ocrx_word' id='word_1_54' title='bbox 2939 662 3057 749; x_wconf 79' lang='lat' dir='ltr'><strong>diei</strong></span> <span class='ocrx_word' id='word_1_55' title='bbox 3109 665 3626 749; x_wconf 87' lang='lat' dir='ltr'><strong>propositum_tria</strong></span> <span class='ocrx_word' id='word_1_56' title='bbox 3655 670 3896 745; x_wconf 74' lang='grc' dir='ltr'>ἀναγνώ.</span> 
     </span>
    </p>
   </div>
   <div class='ocr_carea' id='block_1_7' title="bbox 526 742 3898 824">
    <p class='ocr_par' dir='ltr' id='par_1_7' title="bbox 526 742 3898 824">
     <span class='ocr_line' id='line_1_7' title="bbox 526 742 3898 824; baseline 0.001 -20"><span class='ocrx_word' id='word_1_57' title='bbox 526 742 726 822; x_wconf 66' lang='grc' dir='ltr'>σιὶἆτα,</span> <span class='ocrx_word' id='word_1_58' title='bbox 762 742 875 806; x_wconf 83' lang='lat' dir='ltr'><strong>hoc</strong></span> <span class='ocrx_word' id='word_1_59' title='bbox 918 742 1031 824; x_wconf 88' lang='lat' dir='ltr'><strong>est,</strong></span> <span class='ocrx_word' id='word_1_60' title='bbox 1069 755 1185 805; x_wconf 88' lang='lat' dir='ltr'><strong>tres</strong></span> <span class='ocrx_word' id='word_1_61' title='bbox 1217 769 1234 799; x_wconf 75' lang='grc' dir='ltr'><strong>ι</strong></span> <span class='ocrx_word' id='word_1_62' title='bbox 1266 745 1575 808; x_wconf 70' lang='lat' dir='ltr'><strong>lectiones.</strong></span> <span class='ocrx_word' id='word_1_63' title='bbox 1617 765 1644 802; x_wconf 75' lang='grc'><strong>»</strong></span> <span class='ocrx_word' id='word_1_64' title='bbox 1678 744 1879 824; x_wconf 88' lang='lat' dir='ltr'><strong>Prima</strong></span> <span class='ocrx_word' id='word_1_65' title='bbox 1905 750 1994 824; x_wconf 88' lang='lat' dir='ltr'><strong>est</strong></span> <span class='ocrx_word' id='word_1_66' title='bbox 2025 763 2094 806; x_wconf 79' lang='lat' dir='ltr'><strong>ex</strong></span> <span class='ocrx_word' id='word_1_67' title='bbox 2126 743 2570 824; x_wconf 86' lang='lat' dir='ltr'><strong>Deuteronomii</strong></span> <span class='ocrx_word' id='word_1_68' title='bbox 2602 742 2795 823; x_wconf 82' lang='lat' dir='ltr'><strong>capite</strong></span> <span class='ocrx_word' id='word_1_69' title='bbox 2819 742 3198 824; x_wconf 52' lang='lat' dir='ltr'><strong>t,incipitq&#39;ue</strong></span> <span class='ocrx_word' id='word_1_70' title='bbox 3223 742 3261 806; x_wconf 53' lang='grc' dir='ltr'><strong>ε</strong></span> <span class='ocrx_word' id='word_1_71' title='bbox 3286 764 3458 808; x_wconf 84' lang='lat' dir='ltr'><strong>versu</strong></span> <span class='ocrx_word' id='word_1_72' title='bbox 3484 747 3542 821; x_wconf 86' lang='lat'><strong>8,</strong></span> <span class='ocrx_word' id='word_1_73' title='bbox 3581 755 3641 808; x_wconf 87' lang='lat' dir='ltr'><strong>et</strong></span> <span class='ocrx_word' id='word_1_74' title='bbox 3657 742 3825 809; x_wconf 78' lang='lat' dir='ltr'><strong>sistit</strong></span> <span class='ocrx_word' id='word_1_75' title='bbox 3846 750 3898 809; x_wconf 88' lang='lat' dir='ltr'><strong>in</strong></span> 
     </span>
    </p>
   </div>
   <div class='ocr_carea' id='block_1_8' title="bbox 528 823 3898 906">
    <p class='ocr_par' dir='ltr' id='par_1_8' title="bbox 528 823 3898 906">
     <span class='ocr_line' id='line_1_8' title="bbox 528 823 3898 906; baseline 0.001 -19"><span class='ocrx_word' id='word_1_76' title='bbox 528 845 704 888; x_wconf 87' lang='lat' dir='ltr'><strong>versu</strong></span> <span class='ocrx_word' id='word_1_77' title='bbox 744 827 836 888; x_wconf 85' lang='lat'><strong>17.</strong></span> <span class='ocrx_word' id='word_1_78' title='bbox 877 825 1082 886; x_wconf 85' lang='lat' dir='ltr'><strong>Altera</strong></span> <span class='ocrx_word' id='word_1_79' title='bbox 1115 833 1202 885; x_wconf 89' lang='lat' dir='ltr'><strong>est</strong></span> <span class='ocrx_word' id='word_1_80' title='bbox 1234 844 1300 906; x_wconf 84' lang='lat' dir='ltr'><strong>ex</strong></span> <span class='ocrx_word' id='word_1_81' title='bbox 1349 828 1541 906; x_wconf 71' lang='lat' dir='ltr'><strong>capite</strong></span> <span class='ocrx_word' id='word_1_82' title='bbox 1583 844 1612 884; x_wconf 73' lang='grc' dir='ltr'><strong>α</strong></span> <span class='ocrx_word' id='word_1_83' title='bbox 1650 824 1782 906; x_wconf 82' lang='lat' dir='ltr'><strong>libri</strong></span> <span class='ocrx_word' id='word_1_84' title='bbox 1809 823 2169 903; x_wconf 86' lang='lat' dir='ltr'><strong>ejusdem,et</strong></span> <span class='ocrx_word' id='word_1_85' title='bbox 2200 823 2540 906; x_wconf 72' lang='lat' dir='ltr'><strong>incipiendo</strong></span> <span class='ocrx_word' id='word_1_86' title='bbox 2563 841 2595 883; x_wconf 86' lang='lat' dir='ltr'><strong>a</strong></span> <span class='ocrx_word' id='word_1_87' title='bbox 2620 831 2823 906; x_wconf 75' lang='lat' dir='ltr'><strong>quarto</strong></span> <span class='ocrx_word' id='word_1_88' title='bbox 2859 823 3297 906; x_wconf 30' lang='lat' dir='ltr'><strong>decimo’versu</strong></span> <span class='ocrx_word' id='word_1_89' title='bbox 3318 825 3736 906; x_wconf 84' lang='lat' dir='ltr'><strong>complectitur</strong></span> <span class='ocrx_word' id='word_1_90' title='bbox 3757 829 3898 891; x_wconf 85' lang='lat' dir='ltr'><strong>reli-</strong></span> 
     </span>
    </p>
   </div>
   <div class='ocr_carea' id='block_1_9' title="bbox 525 902 3901 989">
    <p class='ocr_par' dir='ltr' id='par_1_9' title="bbox 525 902 3901 989">
     <span class='ocr_line' id='line_1_9' title="bbox 525 902 3901 989; baseline 0.001 -22"><span class='ocrx_word' id='word_1_91' title='bbox 525 926 672 989; x_wconf 84' lang='lat' dir='ltr'><strong>quos</strong></span> <span class='ocrx_word' id='word_1_92' title='bbox 696 923 902 989; x_wconf 77' lang='lat' dir='ltr'><strong>omnes</strong></span> <span class='ocrx_word' id='word_1_93' title='bbox 923 914 1140 989; x_wconf 60' lang='lat' dir='ltr'><strong>praeter</strong></span> <span class='ocrx_word' id='word_1_94' title='bbox 1164 902 1462 989; x_wconf 81' lang='lat' dir='ltr'><strong>ultimum.</strong></span> <span class='ocrx_word' id='word_1_95' title='bbox 1500 905 1698 989; x_wconf 70' lang='lat' dir='ltr'><strong>Tertia</strong></span> <span class='ocrx_word' id='word_1_96' title='bbox 1728 902 1986 984; x_wconf 76' lang='lat' dir='ltr'><strong>denique</strong></span> <span class='ocrx_word' id='word_1_97' title='bbox 2019 912 2237 989; x_wconf 63' lang='lat' dir='ltr'><strong>petitor</strong></span> <span class='ocrx_word' id='word_1_98' title='bbox 2263 902 2334 965; x_wconf 66' lang='lat' dir='ltr'><strong>ex</strong></span> <span class='ocrx_word' id='word_1_99' title='bbox 2367 902 2693 989; x_wconf 71' lang='lat' dir='ltr'><strong>Sapientiae</strong></span> <span class='ocrx_word' id='word_1_100' title='bbox 2731 919 2817 985; x_wconf 86' lang='lat' dir='ltr'><strong>Ill,</strong></span> <span class='ocrx_word' id='word_1_101' title='bbox 2868 904 3135 968; x_wconf 86' lang='lat' dir='ltr'><strong>continet</strong></span> <span class='ocrx_word' id='word_1_102' title='bbox 3165 906 3376 970; x_wconf 87' lang='lat' dir='ltr'><strong>decem</strong></span> <span class='ocrx_word' id='word_1_103' title='bbox 3413 902 3642 989; x_wconf 80' lang='lat' dir='ltr'><strong>priores</strong></span> <span class='ocrx_word' id='word_1_104' title='bbox 3695 927 3901 970; x_wconf 80' lang='lat' dir='ltr'><strong>versus</strong></span> 
     </span>
    </p>
   </div>
   <div class='ocr_carea' id='block_1_10' title="bbox 523 309 866 358">
    <p class='ocr_par' dir='ltr' id='par_1_10' title="bbox 523 309 866 358">
     <span class='ocr_line' id='line_1_10' title="bbox 523 309 866 358; baseline -0.006 0"><span class='ocrx_word' id='word_1_105' title='bbox 523 309 866 358; x_wconf 71' lang='lat' dir='ltr'><strong>CCCXXXVIII</strong></span> 
     </span>
    </p>
   </div>
   <div class='ocr_carea' id='block_1_11' title="bbox 524 984 2604 1066">
    <p class='ocr_par' dir='ltr' id='par_1_11' title="bbox 524 984 2604 1066">
     <span class='ocr_line' id='line_1_11' title="bbox 524 984 2604 1066; baseline -0.001 -20"><span class='ocrx_word' id='word_1_106' title='bbox 524 984 683 1048; x_wconf 86' lang='lat' dir='ltr'><strong>illius</strong></span> <span class='ocrx_word' id='word_1_107' title='bbox 706 984 937 1066; x_wconf 62' lang='lat' dir='ltr'><strong>capitis.</strong></span> <span class='ocrx_word' id='word_1_108' title='bbox 974 984 1093 1046; x_wconf 87' lang='lat' dir='ltr'><strong>Nos</strong></span> <span class='ocrx_word' id='word_1_109' title='bbox 1125 995 1318 1048; x_wconf 88' lang='lat' dir='ltr'><strong>autem</strong></span> <span class='ocrx_word' id='word_1_110' title='bbox 1353 987 1422 1047; x_wconf 91' lang='lat' dir='ltr'><strong>ad</strong></span> <span class='ocrx_word' id='word_1_111' title='bbox 1459 1005 1521 1045; x_wconf 85' lang='lat' dir='ltr'><strong>se</strong></span> <span class='ocrx_word' id='word_1_112' title='bbox 1549 985 1747 1046; x_wconf 90' lang='lat' dir='ltr'><strong>denuo</strong></span> <span class='ocrx_word' id='word_1_113' title='bbox 1775 984 2323 1065; x_wconf 29' lang='lat' dir='ltr'><strong>revocat’Typicum</strong></span> <span class='ocrx_word' id='word_1_114' title='bbox 2349 984 2558 1046; x_wconf 85' lang='lat' dir='ltr'><strong>dicens</strong></span> <span class='ocrx_word' id='word_1_115' title='bbox 2590 1004 2604 1044; x_wconf 90' lang='lat'><strong><em>:</em></strong></span> 
     </span>
    </p>
   </div>
   <div class='ocr_carea' id='block_1_12' title="bbox 607 1077 2161 1159">
    <p class='ocr_par' dir='ltr' id='par_1_12' title="bbox 607 1077 2161 1159">
     <span class='ocr_line' id='line_1_12' title="bbox 607 1077 2161 1159; baseline -0.002 -17"><span class='ocrx_word' id='word_1_116' title='bbox 607 1079 742 1142; x_wconf 86' lang='grc'><strong>103.</strong></span> <span class='ocrx_word' id='word_1_117' title='bbox 776 1077 1061 1140; x_wconf 85' lang='lat' dir='ltr'><strong>Absoluto</strong></span> <span class='ocrx_word' id='word_1_118' title='bbox 1097 1080 1392 1159; x_wconf 91' lang='lat' dir='ltr'><strong>proposito</strong></span> <span class='ocrx_word' id='word_1_119' title='bbox 1428 1079 1710 1140; x_wconf 83' lang='lat' dir='ltr'><strong>diaconus</strong></span> <span class='ocrx_word' id='word_1_120' title='bbox 1735 1077 1869 1140; x_wconf 75' lang='lat' dir='ltr'><strong>facit</strong></span> <span class='ocrx_word' id='word_1_121' title='bbox 1901 1096 2161 1139; x_wconf 89' lang='lat' dir='ltr'><strong>consue-</strong></span> 
     </span>
    </p>
   </div>
   <div class='ocr_carea' id='block_1_13' title="bbox 523 1168 986 1249">
    <p class='ocr_par' dir='ltr' id='par_1_13' title="bbox 523 1168 986 1249">
     <span class='ocr_line' id='line_1_13' title="bbox 523 1168 986 1249; baseline -0.009 -16"><span class='ocrx_word' id='word_1_122' title='bbox 523 1176 641 1234; x_wconf 82' lang='lat' dir='ltr'><strong>tam</strong></span> <span class='ocrx_word' id='word_1_123' title='bbox 679 1168 986 1249; x_wconf 84' lang='lat' dir='ltr'><strong>prolixam.</strong></span> 
     </span>
    </p>
   </div>
   <div class='ocr_carea' id='block_1_14' title="bbox 2326 1077 3897 1158">
    <p class='ocr_par' dir='ltr' id='par_1_14' title="bbox 2326 1077 3897 1158">
     <span class='ocr_line' id='line_1_14' title="bbox 2326 1077 3897 1158; baseline 0.004 -24"><span class='ocrx_word' id='word_1_124' title='bbox 2326 1081 2471 1136; x_wconf 79' lang='grc' dir='ltr'>Μετὰ</span> <span class='ocrx_word' id='word_1_125' title='bbox 2502 1077 2556 1135; x_wconf 74' lang='grc' dir='ltr'><strong>δὲ</strong></span> <span class='ocrx_word' id='word_1_126' title='bbox 2587 1081 2645 1135; x_wconf 88' lang='grc' dir='ltr'>τὸ</span> <span class='ocrx_word' id='word_1_127' title='bbox 2673 1080 3016 1158; x_wconf 79' lang='grc' dir='ltr'>προκείμενον</span> <span class='ocrx_word' id='word_1_128' title='bbox 3050 1084 3076 1137; x_wconf 81' lang='lat'><strong>6</strong></span> <span class='ocrx_word' id='word_1_129' title='bbox 3107 1079 3346 1148; x_wconf 82' lang='grc' dir='ltr'>διάκονος</span> <span class='ocrx_word' id='word_1_130' title='bbox 3385 1098 3526 1140; x_wconf 73' lang='grc' dir='ltr'>ποιεῖ</span> <span class='ocrx_word' id='word_1_131' title='bbox 3557 1085 3655 1151; x_wconf 78' lang='grc' dir='ltr'><strong>τὴν</strong></span> <span class='ocrx_word' id='word_1_132' title='bbox 3689 1086 3897 1154; x_wconf 74' lang='grc' dir='ltr'>συνήθη</span> 
     </span>
    </p>
   </div>
   <div class='ocr_carea' id='block_1_15' title="bbox 2244 1169 2455 1236">
    <p class='ocr_par' dir='ltr' id='par_1_15' title="bbox 2244 1169 2455 1236">
     <span class='ocr_line' id='line_1_15' title="bbox 2244 1169 2455 1236; baseline 0 -12"><span class='ocrx_word' id='word_1_133' title='bbox 2244 1169 2455 1236; x_wconf 79' lang='grc' dir='ltr'>ἐκτενῆ,</span> 
     </span>
    </p>
   </div>
   <div class='ocr_carea' id='block_1_16' title="bbox 597 1256 2177 1350">
    <p class='ocr_par' dir='ltr' id='par_1_16' title="bbox 597 1256 2118 1350">
     <span class='ocr_line' id='line_1_16' title="bbox 597 1256 2118 1350; baseline -0.003 -29"><span class='ocrx_word' id='word_1_134' title='bbox 597 1261 786 1350; x_wconf 62' lang='lat' dir='ltr'><strong>Comiti.</strong></span> <span class='ocrx_word' id='word_1_135' title='bbox 830 1256 1222 1350; x_wconf 68' lang='lat' dir='ltr'><strong>Spbintellige</strong></span> <span class='ocrx_word' id='word_1_136' title='bbox 1258 1275 1458 1349; x_wconf 77' lang='lat' dir='ltr'><strong>vocem</strong></span> <span class='ocrx_word' id='word_1_137' title='bbox 1500 1278 1523 1314; x_wconf 76' lang='grc' dir='ltr'><strong>ι</strong></span> <span class='ocrx_word' id='word_1_138' title='bbox 1561 1257 1972 1350; x_wconf 40' lang='lat' dir='ltr'><strong>orationem,»</strong></span> <span class='ocrx_word' id='word_1_139' title='bbox 2029 1257 2118 1350; x_wconf 60' lang='lat' dir='ltr'><strong>vel</strong></span> 
     </span>
    </p>
   </div>
   <div class='ocr_carea' id='block_1_17' title="bbox 2285 1256 3896 1350">
    <p class='ocr_par' dir='ltr' id='par_1_17' title="bbox 2288 1257 3896 1350">
     <span class='ocr_line' id='line_1_17' title="bbox 2288 1257 3896 1350; baseline 0 -33"><span class='ocrx_word' id='word_1_140' title='bbox 2288 1257 2582 1350; x_wconf 80' lang='lat' dir='ltr'><strong>cationem</strong></span> <span class='ocrx_word' id='word_1_141' title='bbox 2625 1283 2648 1314; x_wconf 78' lang='grc' dir='ltr'><strong>υ</strong></span> <span class='ocrx_word' id='word_1_142' title='bbox 2700 1258 2892 1350; x_wconf 52' lang='grc' dir='ltr'>ερχῂν,</span> <span class='ocrx_word' id='word_1_143' title='bbox 2925 1257 3251 1350; x_wconf 56' lang='grc' dir='ltr'>νείβέησιν,</span> <span class='ocrx_word' id='word_1_144' title='bbox 3301 1263 3389 1325; x_wconf 87' lang='lat' dir='ltr'><strong>vel</strong></span> <span class='ocrx_word' id='word_1_145' title='bbox 3420 1265 3640 1337; x_wconf 76' lang='grc' dir='ltr'>ἱκεσίαν,</span> <span class='ocrx_word' id='word_1_146' title='bbox 3677 1283 3896 1344; x_wconf 77' lang='lat' dir='ltr'><strong>quem-</strong></span> 
     </span>
    </p>
   </div>
   <div class='ocr_carea' id='block_1_18' title="bbox 520 1337 2177 1418">
    <p class='ocr_par' dir='ltr' id='par_1_18' title="bbox 520 1337 2177 1418">
     <span class='ocr_line' id='line_1_18' title="bbox 520 1337 2177 1418; baseline -0.002 -17"><span class='ocrx_word' id='word_1_147' title='bbox 520 1339 840 1401; x_wconf 81' lang='lat' dir='ltr'><strong>admodum</strong></span> <span class='ocrx_word' id='word_1_148' title='bbox 872 1339 1000 1400; x_wconf 88' lang='lat' dir='ltr'><strong>Act.</strong></span> <span class='ocrx_word' id='word_1_149' title='bbox 1034 1356 1139 1418; x_wconf 80' lang='lat' dir='ltr'><strong>xu,</strong></span> <span class='ocrx_word' id='word_1_150' title='bbox 1161 1337 1400 1412; x_wconf 83' lang='lat' dir='ltr'><strong>dicitur,</strong></span> <span class='ocrx_word' id='word_1_151' title='bbox 1434 1339 1709 1418; x_wconf 78' lang='grc' dir='ltr'>προσευχή</span> <span class='ocrx_word' id='word_1_152' title='bbox 1756 1339 1999 1407; x_wconf 78' lang='grc' dir='ltr'>ἐκτενής,</span> <span class='ocrx_word' id='word_1_153' title='bbox 2037 1339 2177 1398; x_wconf 82' lang='lat' dir='ltr'><strong>Orat</strong></span> 
     </span>
    </p>
   </div>
   <div class='ocr_carea' id='block_1_19' title="bbox 2285 1337 2965 1418">
    <p class='ocr_par' dir='ltr' id='par_1_19' title="bbox 2302 1337 2965 1415">
     <span class='ocr_line' id='line_1_19' title="bbox 2302 1337 2965 1415; baseline 0.003 -15"><span class='ocrx_word' id='word_1_154' title='bbox 2302 1340 2434 1400; x_wconf 76' lang='lat' dir='ltr'><strong>sine</strong></span> <span class='ocrx_word' id='word_1_155' title='bbox 2491 1337 2965 1415; x_wconf 62' lang='lat' dir='ltr'><strong>intermissione,</strong></span> 
     </span>
    </p>
   </div>
   <div class='ocr_carea' id='block_1_20' title="bbox 520 1418 3215 1500">
    <p class='ocr_par' dir='ltr' id='par_1_20' title="bbox 520 1418 3215 1500">
     <span class='ocr_line' id='line_1_20' title="bbox 520 1418 3215 1500; baseline 0 -19"><span class='ocrx_word' id='word_1_156' title='bbox 520 1419 728 1494; x_wconf 89' lang='lat' dir='ltr'><strong>Deum,</strong></span> <span class='ocrx_word' id='word_1_157' title='bbox 781 1437 883 1500; x_wconf 89' lang='lat' dir='ltr'><strong>pro</strong></span> <span class='ocrx_word' id='word_1_158' title='bbox 944 1421 1118 1500; x_wconf 84' lang='lat' dir='ltr'><strong>Petro</strong></span> <span class='ocrx_word' id='word_1_159' title='bbox 1178 1418 1238 1478; x_wconf 90' lang='lat' dir='ltr'><strong>in</strong></span> <span class='ocrx_word' id='word_1_160' title='bbox 1266 1437 1589 1500; x_wconf 78' lang='lat' dir='ltr'><strong>carcerem</strong></span> <span class='ocrx_word' id='word_1_161' title='bbox 1647 1419 1975 1500; x_wconf 77' lang='lat' dir='ltr'><strong>conjecto;</strong></span> <span class='ocrx_word' id='word_1_162' title='bbox 2020 1425 2228 1500; x_wconf 74' lang='lat' dir='ltr'><strong>estque</strong></span> <span class='ocrx_word' id='word_1_163' title='bbox 2271 1418 2511 1500; x_wconf 13' lang='lat' dir='ltr'><strong>similis,</strong></span> <span class='ocrx_word' id='word_1_164' title='bbox 2544 1443 2572 1500; x_wconf 59' lang='grc' dir='ltr'><strong>ιι</strong></span> <span class='ocrx_word' id='word_1_165' title='bbox 2612 1418 2852 1500; x_wconf 85' lang='lat' dir='ltr'><strong>Litaniis</strong></span> <span class='ocrx_word' id='word_1_166' title='bbox 2887 1443 2910 1477; x_wconf 71' lang='grc' dir='ltr'><strong>ο</strong></span> <span class='ocrx_word' id='word_1_167' title='bbox 2951 1419 3168 1483; x_wconf 87' lang='lat' dir='ltr'><strong>nostris</strong></span> <span class='ocrx_word' id='word_1_168' title='bbox 3197 1468 3215 1496; x_wconf 91' lang='lat'><strong>,</strong></span> 
     </span>
    </p>
   </div>
   <div class='ocr_carea' id='block_1_21' title="bbox 523 1497 2064 1580">
    <p class='ocr_par' dir='ltr' id='par_1_21' title="bbox 523 1497 2064 1580">
     <span class='ocr_line' id='line_1_21' title="bbox 523 1497 2064 1580; baseline -0.005 -20"><span class='ocrx_word' id='word_1_169' title='bbox 523 1497 1207 1580; x_wconf 52' lang='lat' dir='ltr'><strong>populus&#39;respondens,</strong></span> <span class='ocrx_word' id='word_1_170' title='bbox 1263 1498 1590 1559; x_wconf 85' lang='lat' dir='ltr'><strong>identidem</strong></span> <span class='ocrx_word' id='word_1_171' title='bbox 1653 1497 2002 1580; x_wconf 71' lang='lat' dir='ltr'><strong>interponit,</strong></span> <span class='ocrx_word' id='word_1_172' title='bbox 2039 1522 2064 1552; x_wconf 72' lang='grc' dir='ltr'><em>α</em></span> 
     </span>
    </p>
   </div>
   <div class='ocr_carea' id='block_1_22' title="bbox 2156 1498 3195 1578">
    <p class='ocr_par' dir='ltr' id='par_1_22' title="bbox 2156 1498 3195 1578">
     <span class='ocr_line' id='line_1_22' title="bbox 2156 1498 3195 1578; baseline 0.004 -20"><span class='ocrx_word' id='word_1_173' title='bbox 2156 1498 2380 1560; x_wconf 88' lang='lat' dir='ltr'><strong>iserere</strong></span> <span class='ocrx_word' id='word_1_174' title='bbox 2420 1499 2630 1572; x_wconf 89' lang='lat' dir='ltr'><strong>nobis,</strong></span> <span class='ocrx_word' id='word_1_175' title='bbox 2681 1499 2797 1562; x_wconf 89' lang='lat' dir='ltr'><strong>Ora</strong></span> <span class='ocrx_word' id='word_1_176' title='bbox 2848 1518 2950 1578; x_wconf 90' lang='lat' dir='ltr'><strong>pro</strong></span> <span class='ocrx_word' id='word_1_177' title='bbox 3001 1500 3195 1575; x_wconf 91' lang='lat' dir='ltr'><strong>nobis,</strong></span> 
     </span>
    </p>
   </div>
   <div class='ocr_carea' id='block_1_23' title="bbox 3023 1339 3898 1406">
    <p class='ocr_par' dir='ltr' id='par_1_23' title="bbox 3023 1339 3898 1406">
     <span class='ocr_line' id='line_1_23' title="bbox 3023 1339 3898 1406; baseline 0.005 -6"><span class='ocrx_word' id='word_1_178' title='bbox 3023 1339 3151 1402; x_wconf 86' lang='lat' dir='ltr'><strong>fusa</strong></span> <span class='ocrx_word' id='word_1_179' title='bbox 3200 1359 3332 1404; x_wconf 90' lang='lat' dir='ltr'><strong>esse</strong></span> <span class='ocrx_word' id='word_1_180' title='bbox 3382 1345 3456 1404; x_wconf 90' lang='lat' dir='ltr'><strong>ab</strong></span> <span class='ocrx_word' id='word_1_181' title='bbox 3501 1339 3781 1406; x_wconf 79' lang='lat' dir='ltr'><strong>Ecclesia</strong></span> <span class='ocrx_word' id='word_1_182' title='bbox 3828 1344 3898 1406; x_wconf 85' lang='lat' dir='ltr'><strong>ad</strong></span> 
     </span>
    </p>
   </div>
   <div class='ocr_carea' id='block_1_24' title="bbox 3252 1424 3896 1565">
    <p class='ocr_par' dir='ltr' id='par_1_24' title="bbox 3252 1424 3896 1565">
     <span class='ocr_line' id='line_1_24' title="bbox 3252 1424 3896 1565; baseline 0 -81"><span class='ocrx_word' id='word_1_183' title='bbox 3252 1424 3478 1565; x_wconf 44' lang='grc' dir='ltr'><strong>,ἰξώδης</strong></span> <span class='ocrx_word' id='word_1_184' title='bbox 3519 1425 3771 1506; x_wconf 85' lang='lat' dir='ltr'><strong>chorus,</strong></span> <span class='ocrx_word' id='word_1_185' title='bbox 3811 1424 3896 1485; x_wconf 88' lang='lat' dir='ltr'><strong>vel</strong></span> 
     </span>
     <span class='ocr_line' id='line_1_25' title="bbox 3303 1507 3896 1565; baseline 0.003 -2"><span class='ocrx_word' id='word_1_186' title='bbox 3303 1524 3333 1563; x_wconf 92' lang='lat' dir='ltr'><strong>e</strong></span> <span class='ocrx_word' id='word_1_187' title='bbox 3391 1523 3692 1565; x_wconf 76' lang='lat' dir='ltr'><strong>roaamus.</strong></span> <span class='ocrx_word' id='word_1_188' title='bbox 3763 1507 3896 1565; x_wconf 89' lang='lat' dir='ltr'><strong>audi</strong></span> 
     </span>
    </p>
   </div>
   <div class='ocr_carea' id='block_1_25' title="bbox 3303 1507 3900 1584">
    <p class='ocr_par' dir='ltr' id='par_1_25' title="bbox 3303 1507 3900 1584">
     <span class='ocr_line' id='line_1_26' title="bbox 3303 1507 3900 1584; baseline 0.003 -21"><span class='ocrx_word' id='word_1_189' title='bbox 3303 1524 3333 1563; x_wconf 92' lang='lat' dir='ltr'><strong>e</strong></span> <span class='ocrx_word' id='word_1_190' title='bbox 3373 1523 3693 1584; x_wconf 75' lang='lat' dir='ltr'><strong>rogamus,</strong></span> <span class='ocrx_word' id='word_1_191' title='bbox 3763 1507 3900 1567; x_wconf 89' lang='lat' dir='ltr'><strong>audi</strong></span> 
     </span>
    </p>
   </div>
   <div class='ocr_carea' id='block_1_26' title="bbox 522 1578 3894 1664">
    <p class='ocr_par' dir='ltr' id='par_1_26' title="bbox 522 1578 3894 1664">
     <span class='ocr_line' id='line_1_27' title="bbox 522 1578 3894 1664; baseline 0.002 -24"><span class='ocrx_word' id='word_1_192' title='bbox 522 1578 649 1664; x_wconf 55' lang='lat' dir='ltr'><strong>nos.</strong></span> <span class='ocrx_word' id='word_1_193' title='bbox 689 1602 717 1639; x_wconf 64' lang='lat'><strong><em>1:</em></strong></span> <span class='ocrx_word' id='word_1_194' title='bbox 743 1579 883 1664; x_wconf 88' lang='lat' dir='ltr'><strong>__Sed</strong></span> <span class='ocrx_word' id='word_1_195' title='bbox 915 1599 1046 1658; x_wconf 84' lang='lat' dir='ltr'><strong>age,</strong></span> <span class='ocrx_word' id='word_1_196' title='bbox 1081 1579 1169 1640; x_wconf 84' lang='lat' dir='ltr'><strong>sic</strong></span> <span class='ocrx_word' id='word_1_197' title='bbox 1201 1581 1532 1641; x_wconf 88' lang='lat' dir='ltr'><strong>orationem</strong></span> <span class='ocrx_word' id='word_1_198' title='bbox 1566 1578 1907 1656; x_wconf 78' lang='lat' dir='ltr'><strong>diaconum,</strong></span> <span class='ocrx_word' id='word_1_199' title='bbox 1943 1578 2120 1659; x_wconf 85' lang='lat' dir='ltr'><strong>eique</strong></span> <span class='ocrx_word' id='word_1_200' title='bbox 2148 1579 2551 1641; x_wconf 92' lang='lat' dir='ltr'><strong>succinentem</strong></span> <span class='ocrx_word' id='word_1_201' title='bbox 2589 1580 2835 1642; x_wconf 88' lang='lat' dir='ltr'><strong>chorum</strong></span> <span class='ocrx_word' id='word_1_202' title='bbox 2867 1580 3204 1657; x_wconf 84' lang='lat' dir='ltr'><strong>audiamus,</strong></span> <span class='ocrx_word' id='word_1_203' title='bbox 3234 1583 3387 1664; x_wconf 85' lang='lat' dir='ltr'><strong>apud</strong></span> <span class='ocrx_word' id='word_1_204' title='bbox 3414 1578 3492 1649; x_wconf 60' lang='grc' dir='ltr'><strong><em>δῖ</em></strong></span> <span class='ocrx_word' id='word_1_205' title='bbox 3502 1578 3894 1649; x_wconf 82' lang='lat' dir='ltr'><strong>Germanum.</strong></span> 
     </span>
    </p>
   </div>
   <div class='ocr_carea' id='block_1_27' title="bbox 519 1660 1057 1724">
    <p class='ocr_par' dir='ltr' id='par_1_27' title="bbox 519 1660 1057 1724">
     <span class='ocr_line' id='line_1_28' title="bbox 519 1660 1057 1724; baseline -0.006 -2"><span class='ocrx_word' id='word_1_206' title='bbox 519 1660 678 1722; x_wconf 86' lang='lat' dir='ltr'><strong>Dicit</strong></span> <span class='ocrx_word' id='word_1_207' title='bbox 723 1661 1008 1724; x_wconf 84' lang='lat' dir='ltr'><strong>diaconus</strong></span> <span class='ocrx_word' id='word_1_208' title='bbox 1045 1680 1057 1719; x_wconf 91' lang='lat'>:</span> 
     </span>
    </p>
   </div>
   <div class='ocr_carea' id='block_1_28' title="bbox 602 1764 2222 1841">
    <p class='ocr_par' dir='ltr' id='par_1_28' title="bbox 602 1764 2222 1841">
     <span class='ocr_line' id='line_1_29' title="bbox 602 1764 2222 1841; baseline -0.004 -11"><span class='ocrx_word' id='word_1_209' title='bbox 602 1768 881 1830; x_wconf 89' lang='lat' dir='ltr'><strong>Dicamus</strong></span> <span class='ocrx_word' id='word_1_210' title='bbox 940 1784 1148 1827; x_wconf 90' lang='lat' dir='ltr'><strong>omnes</strong></span> <span class='ocrx_word' id='word_1_211' title='bbox 1198 1785 1268 1827; x_wconf 87' lang='lat' dir='ltr'><strong>ex</strong></span> <span class='ocrx_word' id='word_1_212' title='bbox 1328 1775 1448 1828; x_wconf 89' lang='lat' dir='ltr'><strong>tota</strong></span> <span class='ocrx_word' id='word_1_213' title='bbox 1507 1764 1748 1841; x_wconf 89' lang='lat' dir='ltr'><strong>anima;</strong></span> <span class='ocrx_word' id='word_1_214' title='bbox 1803 1775 1862 1827; x_wconf 90' lang='lat' dir='ltr'><strong>et</strong></span> <span class='ocrx_word' id='word_1_215' title='bbox 1928 1783 1999 1828; x_wconf 81' lang='lat' dir='ltr'><strong>ex</strong></span> <span class='ocrx_word' id='word_1_216' title='bbox 2057 1773 2222 1827; x_wconf 80' lang='lat' dir='ltr'><strong>to-A</strong></span> 
     </span>
    </p>
   </div>
   <div class='ocr_carea' id='block_1_29' title="bbox 523 1855 1564 1919">
    <p class='ocr_par' dir='ltr' id='par_1_29' title="bbox 523 1855 1564 1919">
     <span class='ocr_line' id='line_1_30' title="bbox 523 1855 1564 1919; baseline -0.003 -1"><span class='ocrx_word' id='word_1_217' title='bbox 523 1866 579 1918; x_wconf 91' lang='lat' dir='ltr'><strong>ta</strong></span> <span class='ocrx_word' id='word_1_218' title='bbox 641 1867 835 1919; x_wconf 92' lang='lat' dir='ltr'><strong>mente</strong></span> <span class='ocrx_word' id='word_1_219' title='bbox 909 1856 1200 1918; x_wconf 89' lang='lat' dir='ltr'><strong>dicamus.</strong></span> <span class='ocrx_word' id='word_1_220' title='bbox 1264 1855 1496 1919; x_wconf 86' lang='lat' dir='ltr'><strong>Chorus</strong></span> <span class='ocrx_word' id='word_1_221' title='bbox 1552 1879 1564 1914; x_wconf 88' lang='lat'><strong>:</strong></span> 
     </span>
    </p>
   </div>
   <div class='ocr_carea' id='block_1_30' title="bbox 520 1963 748 2008">
    <p class='ocr_par' dir='ltr' id='par_1_30' title="bbox 520 1963 748 2008">
     <span class='ocr_line' id='line_1_31' title="bbox 520 1963 748 2008; baseline 0.004 -1"><span class='ocrx_word' id='word_1_222' title='bbox 520 1963 748 2008; x_wconf 76' lang='lat' dir='ltr'><strong>retere.</strong></span> 
     </span>
    </p>
   </div>
   <div class='ocr_carea' id='block_1_31' title="bbox 604 2033 2169 2111">
    <p class='ocr_par' dir='ltr' id='par_1_31' title="bbox 604 2033 2169 2111">
     <span class='ocr_line' id='line_1_32' title="bbox 604 2033 2169 2111; baseline -0.004 -11"><span class='ocrx_word' id='word_1_223' title='bbox 604 2038 882 2100; x_wconf 85' lang='lat' dir='ltr'><strong>Dicamus</strong></span> <span class='ocrx_word' id='word_1_224' title='bbox 944 2053 1152 2096; x_wconf 90' lang='lat' dir='ltr'><strong>omnes</strong></span> <span class='ocrx_word' id='word_1_225' title='bbox 1214 2054 1283 2097; x_wconf 80' lang='lat' dir='ltr'><strong>ex</strong></span> <span class='ocrx_word' id='word_1_226' title='bbox 1341 2042 1460 2096; x_wconf 88' lang='lat' dir='ltr'><strong>tota</strong></span> <span class='ocrx_word' id='word_1_227' title='bbox 1532 2033 1784 2111; x_wconf 81' lang='lat' dir='ltr'><strong>anima;</strong></span> <span class='ocrx_word' id='word_1_228' title='bbox 1841 2042 1901 2096; x_wconf 89' lang='lat' dir='ltr'><strong>et</strong></span> <span class='ocrx_word' id='word_1_229' title='bbox 1957 2051 2031 2096; x_wconf 84' lang='lat' dir='ltr'><strong>ex</strong></span> <span class='ocrx_word' id='word_1_230' title='bbox 2075 2044 2169 2095; x_wconf 87' lang='lat' dir='ltr'><strong>to-</strong></span> 
     </span>
    </p>
   </div>
   <div class='ocr_carea' id='block_1_32' title="bbox 500 2119 2172 2204">
    <p class='ocr_par' dir='ltr' id='par_1_32' title="bbox 500 2119 2172 2204">
     <span class='ocr_line' id='line_1_33' title="bbox 500 2119 2172 2204; baseline -0.002 -17"><span class='ocrx_word' id='word_1_231' title='bbox 500 2134 579 2187; x_wconf 85' lang='lat' dir='ltr'><strong>ta</strong></span> <span class='ocrx_word' id='word_1_232' title='bbox 661 2134 859 2187; x_wconf 83' lang='lat' dir='ltr'><strong>mente</strong></span> <span class='ocrx_word' id='word_1_233' title='bbox 939 2123 1230 2186; x_wconf 88' lang='lat' dir='ltr'><strong>dicamus.</strong></span> <span class='ocrx_word' id='word_1_234' title='bbox 1315 2122 1544 2187; x_wconf 86' lang='lat' dir='ltr'><strong>Chorus</strong></span> <span class='ocrx_word' id='word_1_235' title='bbox 1624 2121 1922 2204; x_wconf 81' lang='lat' dir='ltr'><strong>Domine,</strong></span> <span class='ocrx_word' id='word_1_236' title='bbox 1983 2119 2172 2184; x_wconf 89' lang='lat' dir='ltr'><strong>mise-</strong></span> 
     </span>
    </p>
   </div>
   <div class='ocr_carea' id='block_1_33' title="bbox 523 2233 679 2277">
    <p class='ocr_par' dir='ltr' id='par_1_33' title="bbox 523 2233 679 2277">
     <span class='ocr_line' id='line_1_34' title="bbox 523 2233 679 2277; baseline -0.006 -1"><span class='ocrx_word' id='word_1_237' title='bbox 523 2233 679 2277; x_wconf 91' lang='lat' dir='ltr'><strong>rere.</strong></span> 
     </span>
    </p>
   </div>
   <div class='ocr_carea' id='block_1_34' title="bbox 604 2302 2165 2384">
    <p class='ocr_par' dir='ltr' id='par_1_34' title="bbox 604 2302 2165 2384">
     <span class='ocr_line' id='line_1_35' title="bbox 604 2302 2165 2384; baseline -0.003 -16"><span class='ocrx_word' id='word_1_238' title='bbox 604 2305 894 2368; x_wconf 81' lang='lat' dir='ltr'><strong>Miserere</strong></span> <span class='ocrx_word' id='word_1_239' title='bbox 924 2303 1134 2384; x_wconf 84' lang='lat' dir='ltr'><strong>nostri,</strong></span> <span class='ocrx_word' id='word_1_240' title='bbox 1170 2302 1347 2377; x_wconf 90' lang='lat' dir='ltr'><strong>Deus,</strong></span> <span class='ocrx_word' id='word_1_241' title='bbox 1385 2303 1713 2366; x_wconf 87' lang='lat' dir='ltr'><strong>secundum</strong></span> <span class='ocrx_word' id='word_1_242' title='bbox 1751 2321 2019 2382; x_wconf 85' lang='lat' dir='ltr'><strong>magnam</strong></span> <span class='ocrx_word' id='word_1_243' title='bbox 2048 2303 2165 2363; x_wconf 79' lang='lat' dir='ltr'><strong>mi-</strong></span> 
     </span>
    </p>
   </div>
   <div class='ocr_carea' id='block_1_35' title="bbox 526 2392 2162 2469">
    <p class='ocr_par' dir='ltr' id='par_1_35' title="bbox 526 2392 2162 2469">
     <span class='ocr_line' id='line_1_36' title="bbox 526 2392 2162 2469; baseline -0.002 -13"><span class='ocrx_word' id='word_1_244' title='bbox 526 2394 915 2457; x_wconf 86' lang='lat' dir='ltr'><strong>sericordiam</strong></span> <span class='ocrx_word' id='word_1_245' title='bbox 952 2401 1136 2468; x_wconf 88' lang='lat' dir='ltr'><strong>tuam;</strong></span> <span class='ocrx_word' id='word_1_246' title='bbox 1168 2412 1407 2454; x_wconf 88' lang='lat' dir='ltr'><strong>oramus</strong></span> <span class='ocrx_word' id='word_1_247' title='bbox 1433 2401 1511 2469; x_wconf 89' lang='lat' dir='ltr'><strong>te,</strong></span> <span class='ocrx_word' id='word_1_248' title='bbox 1544 2392 1831 2454; x_wconf 80' lang='lat' dir='ltr'><strong>exaudiet</strong></span> <span class='ocrx_word' id='word_1_249' title='bbox 1853 2394 2162 2455; x_wconf 84' lang='lat' dir='ltr'><strong>miserere.</strong></span> 
     </span>
    </p>
   </div>
   <div class='ocr_carea' id='block_1_36' title="bbox 532 2481 1295 2556">
    <p class='ocr_par' dir='ltr' id='par_1_36' title="bbox 532 2481 1295 2556">
     <span class='ocr_line' id='line_1_37' title="bbox 532 2481 1295 2556; baseline -0.005 -10"><span class='ocrx_word' id='word_1_250' title='bbox 532 2485 640 2546; x_wconf 88' lang='lat' dir='ltr'><strong>Ch.</strong></span> <span class='ocrx_word' id='word_1_251' title='bbox 677 2482 948 2556; x_wconf 88' lang='lat' dir='ltr'><strong>Domine,</strong></span> <span class='ocrx_word' id='word_1_252' title='bbox 987 2481 1295 2544; x_wconf 87' lang='lat' dir='ltr'><strong>miserere.</strong></span> 
     </span>
    </p>
   </div>
   <div class='ocr_carea' id='block_1_37' title="bbox 605 2570 2173 2652">
    <p class='ocr_par' dir='ltr' id='par_1_37' title="bbox 605 2570 2173 2652">
     <span class='ocr_line' id='line_1_38' title="bbox 605 2570 2173 2652; baseline -0.001 -18"><span class='ocrx_word' id='word_1_253' title='bbox 605 2572 815 2635; x_wconf 85' lang='lat' dir='ltr'><strong>Adhuc</strong></span> <span class='ocrx_word' id='word_1_254' title='bbox 845 2589 1084 2633; x_wconf 87' lang='lat' dir='ltr'><strong>oramus</strong></span> <span class='ocrx_word' id='word_1_255' title='bbox 1119 2590 1222 2652; x_wconf 84' lang='lat' dir='ltr'><strong>pro</strong></span> <span class='ocrx_word' id='word_1_256' title='bbox 1257 2570 1537 2651; x_wconf 88' lang='lat' dir='ltr'><strong>piissimis</strong></span> <span class='ocrx_word' id='word_1_257' title='bbox 1587 2579 1645 2632; x_wconf 93' lang='lat' dir='ltr'><strong>et</strong></span> <span class='ocrx_word' id='word_1_258' title='bbox 1685 2589 1718 2631; x_wconf 91' lang='lat' dir='ltr'><strong>a</strong></span> <span class='ocrx_word' id='word_1_259' title='bbox 1767 2570 1888 2633; x_wconf 93' lang='lat' dir='ltr'><strong>Deo</strong></span> <span class='ocrx_word' id='word_1_260' title='bbox 1920 2572 2173 2634; x_wconf 83' lang='lat' dir='ltr'><strong>servatis</strong></span> 
     </span>
    </p>
   </div>
   <div class='ocr_carea' id='block_1_38' title="bbox 526 2660 2167 2744">
    <p class='ocr_par' dir='ltr' id='par_1_38' title="bbox 526 2660 2167 2744">
     <span class='ocr_line' id='line_1_39' title="bbox 526 2660 2167 2744; baseline -0.001 -20"><span class='ocrx_word' id='word_1_261' title='bbox 526 2661 988 2744; x_wconf 85' lang='lat' dir='ltr'><strong>imperatoribus</strong></span> <span class='ocrx_word' id='word_1_262' title='bbox 1023 2666 1264 2736; x_wconf 83' lang='lat' dir='ltr'><strong>nostris,</strong></span> <span class='ocrx_word' id='word_1_263' title='bbox 1293 2679 1402 2739; x_wconf 89' lang='lat' dir='ltr'><strong>pro</strong></span> <span class='ocrx_word' id='word_1_264' title='bbox 1433 2680 1640 2722; x_wconf 93' lang='lat' dir='ltr'><strong>eorum</strong></span> <span class='ocrx_word' id='word_1_265' title='bbox 1676 2660 1954 2742; x_wconf 83' lang='lat' dir='ltr'><strong>imperio,</strong></span> <span class='ocrx_word' id='word_1_266' title='bbox 1986 2662 2167 2723; x_wconf 67' lang='lat' dir='ltr'><strong>victo«</strong></span> 
     </span>
    </p>
   </div>
   <div class='ocr_carea' id='block_1_39' title="bbox 531 2750 2172 2833">
    <p class='ocr_par' dir='ltr' id='par_1_39' title="bbox 531 2750 2172 2833">
     <span class='ocr_line' id='line_1_40' title="bbox 531 2750 2172 2833; baseline -0.002 -18"><span class='ocrx_word' id='word_1_267' title='bbox 531 2754 639 2824; x_wconf 90' lang='lat' dir='ltr'><strong>ria,</strong></span> <span class='ocrx_word' id='word_1_268' title='bbox 671 2753 1128 2833; x_wconf 87' lang='lat' dir='ltr'><strong>perseverantia,</strong></span> <span class='ocrx_word' id='word_1_269' title='bbox 1155 2768 1324 2828; x_wconf 79' lang='lat' dir='ltr'><strong>pace,</strong></span> <span class='ocrx_word' id='word_1_270' title='bbox 1360 2750 1714 2825; x_wconf 82' lang='lat' dir='ltr'><strong>valetudine,</strong></span> <span class='ocrx_word' id='word_1_271' title='bbox 1743 2750 2172 2828; x_wconf 84' lang='lat' dir='ltr'><strong>incolumitate;</strong></span> 
     </span>
    </p>
   </div>
   <div class='ocr_carea' id='block_1_40' title="bbox 531 2841 2173 2922">
    <p class='ocr_par' dir='ltr' id='par_1_40' title="bbox 531 2841 2173 2922">
     <span class='ocr_line' id='line_1_41' title="bbox 531 2841 2173 2922; baseline -0.002 -17"><span class='ocrx_word' id='word_1_272' title='bbox 531 2851 590 2905; x_wconf 90' lang='lat' dir='ltr'><strong>et</strong></span> <span class='ocrx_word' id='word_1_273' title='bbox 633 2851 697 2903; x_wconf 90' lang='lat' dir='ltr'><strong>ut</strong></span> <span class='ocrx_word' id='word_1_274' title='bbox 730 2841 1014 2906; x_wconf 88' lang='lat' dir='ltr'><strong>Dominus</strong></span> <span class='ocrx_word' id='word_1_275' title='bbox 1066 2843 1222 2904; x_wconf 89' lang='lat' dir='ltr'><strong>Deus</strong></span> <span class='ocrx_word' id='word_1_276' title='bbox 1275 2841 1668 2921; x_wconf 89' lang='lat' dir='ltr'><strong>nosteripsos</strong></span> <span class='ocrx_word' id='word_1_277' title='bbox 1698 2844 1886 2920; x_wconf 81' lang='lat' dir='ltr'><strong>magis</strong></span> <span class='ocrx_word' id='word_1_278' title='bbox 1915 2843 2173 2922; x_wconf 83' lang='lat' dir='ltr'><strong>adjuvet,</strong></span> 
     </span>
    </p>
   </div>
   <div class='ocr_carea' id='block_1_41' title="bbox 532 2930 2173 3015">
    <p class='ocr_par' dir='ltr' id='par_1_41' title="bbox 532 2930 2173 3015">
     <span class='ocr_line' id='line_1_42' title="bbox 532 2930 2173 3015; baseline -0.002 -20"><span class='ocrx_word' id='word_1_279' title='bbox 532 2941 843 3015; x_wconf 88' lang='lat' dir='ltr'><strong>prosperet</strong></span> <span class='ocrx_word' id='word_1_280' title='bbox 877 2933 935 2992; x_wconf 88' lang='lat' dir='ltr'><strong>in</strong></span> <span class='ocrx_word' id='word_1_281' title='bbox 969 2930 1266 3003; x_wconf 87' lang='lat' dir='ltr'><strong>omnibus,</strong></span> <span class='ocrx_word' id='word_1_282' title='bbox 1304 2930 1686 3011; x_wconf 85' lang='lat' dir='ltr'><strong>ipsorumque</strong></span> <span class='ocrx_word' id='word_1_283' title='bbox 1707 2930 1957 3010; x_wconf 87' lang='lat' dir='ltr'><strong>pedibus</strong></span> <span class='ocrx_word' id='word_1_284' title='bbox 1989 2930 2173 3010; x_wconf 87' lang='lat' dir='ltr'><strong>subji-</strong></span> 
     </span>
    </p>
   </div>
   <div class='ocr_carea' id='block_1_42' title="bbox 539 3020 2169 3100">
    <p class='ocr_par' dir='ltr' id='par_1_42' title="bbox 539 3020 2169 3100">
     <span class='ocr_line' id='line_1_43' title="bbox 539 3020 2169 3100; baseline -0.001 -16"><span class='ocrx_word' id='word_1_285' title='bbox 539 3024 654 3085; x_wconf 85' lang='lat' dir='ltr'><strong>ciat</strong></span> <span class='ocrx_word' id='word_1_286' title='bbox 685 3041 920 3083; x_wconf 87' lang='lat' dir='ltr'><strong>omnem</strong></span> <span class='ocrx_word' id='word_1_287' title='bbox 951 3021 1258 3082; x_wconf 89' lang='lat' dir='ltr'><strong>inimicum</strong></span> <span class='ocrx_word' id='word_1_288' title='bbox 1282 3037 1466 3100; x_wconf 83' lang='lat' dir='ltr'><strong>asque</strong></span> <span class='ocrx_word' id='word_1_289' title='bbox 1483 3020 1736 3081; x_wconf 89' lang='lat' dir='ltr'><strong>hostem.</strong></span> <span class='ocrx_word' id='word_1_290' title='bbox 1762 3021 1870 3083; x_wconf 87' lang='lat' dir='ltr'><strong>Ch.</strong></span> <span class='ocrx_word' id='word_1_291' title='bbox 1896 3020 2169 3096; x_wconf 89' lang='lat' dir='ltr'><strong>Domine,</strong></span> 
     </span>
    </p>
   </div>
   <div class='ocr_carea' id='block_1_43' title="bbox 535 3113 846 3176">
    <p class='ocr_par' dir='ltr' id='par_1_43' title="bbox 535 3113 846 3176">
     <span class='ocr_line' id='line_1_44' title="bbox 535 3113 846 3176; baseline -0.003 0"><span class='ocrx_word' id='word_1_292' title='bbox 535 3113 846 3176; x_wconf 90' lang='lat' dir='ltr'><strong>miserere.</strong></span> 
     </span>
    </p>
   </div>
   <div class='ocr_carea' id='block_1_44' title="bbox 610 3199 2174 3280">
    <p class='ocr_par' dir='ltr' id='par_1_44' title="bbox 610 3199 2174 3280">
     <span class='ocr_line' id='line_1_45' title="bbox 610 3199 2174 3280; baseline -0.002 -16"><span class='ocrx_word' id='word_1_293' title='bbox 610 3203 821 3265; x_wconf 89' lang='lat' dir='ltr'><strong>Adhuc</strong></span> <span class='ocrx_word' id='word_1_294' title='bbox 853 3217 1091 3262; x_wconf 87' lang='lat' dir='ltr'><strong>oramus</strong></span> <span class='ocrx_word' id='word_1_295' title='bbox 1125 3216 1229 3277; x_wconf 90' lang='lat' dir='ltr'><strong>pro</strong></span> <span class='ocrx_word' id='word_1_296' title='bbox 1284 3199 1732 3280; x_wconf 87' lang='lat' dir='ltr'><strong>archiepiscopo</strong></span> <span class='ocrx_word' id='word_1_297' title='bbox 1763 3208 1968 3262; x_wconf 88' lang='lat' dir='ltr'><strong>nostro</strong></span> <span class='ocrx_word' id='word_1_298' title='bbox 2000 3200 2071 3261; x_wconf 88' lang='lat' dir='ltr'><strong>N.</strong></span> <span class='ocrx_word' id='word_1_299' title='bbox 2114 3208 2174 3262; x_wconf 91' lang='lat' dir='ltr'><strong>et</strong></span> 
     </span>
    </p>
   </div>
   <div class='ocr_carea' id='block_1_45' title="bbox 534 3290 2172 3354">
    <p class='ocr_par' dir='ltr' id='par_1_45' title="bbox 534 3290 2172 3354">
     <span class='ocr_line' id='line_1_46' title="bbox 534 3290 2172 3354; baseline -0.002 1"><span class='ocrx_word' id='word_1_300' title='bbox 534 3303 746 3354; x_wconf 89' lang='lat' dir='ltr'><strong>cuncta</strong></span> <span class='ocrx_word' id='word_1_301' title='bbox 786 3299 983 3353; x_wconf 76' lang='lat' dir='ltr'><strong>nostra</strong></span> <span class='ocrx_word' id='word_1_302' title='bbox 1027 3291 1086 3351; x_wconf 86' lang='lat' dir='ltr'><strong>in</strong></span> <span class='ocrx_word' id='word_1_303' title='bbox 1116 3290 1351 3353; x_wconf 85' lang='lat' dir='ltr'><strong>Christo</strong></span> <span class='ocrx_word' id='word_1_304' title='bbox 1385 3290 1777 3354; x_wconf 88' lang='lat' dir='ltr'><strong>fraternitate.</strong></span> <span class='ocrx_word' id='word_1_305' title='bbox 1813 3290 1923 3354; x_wconf 91' lang='lat' dir='ltr'><strong>Ch.</strong></span> <span class='ocrx_word' id='word_1_306' title='bbox 1960 3290 2172 3354; x_wconf 89' lang='lat' dir='ltr'><strong>Domi-</strong></span> 
     </span>
    </p>
   </div>
   <div class='ocr_carea' id='block_1_46' title="bbox 536 3381 980 3457">
    <p class='ocr_par' dir='ltr' id='par_1_46' title="bbox 536 3381 980 3457">
     <span class='ocr_line' id='line_1_47' title="bbox 536 3381 980 3457; baseline -0.005 -13"><span class='ocrx_word' id='word_1_307' title='bbox 536 3400 633 3457; x_wconf 91' lang='lat' dir='ltr'><strong>ne,</strong></span> <span class='ocrx_word' id='word_1_308' title='bbox 673 3381 980 3442; x_wconf 89' lang='lat' dir='ltr'><strong>miserere.</strong></span> 
     </span>
    </p>
   </div>
   <div class='ocr_carea' id='block_1_47' title="bbox 616 3466 2172 3551">
    <p class='ocr_par' dir='ltr' id='par_1_47' title="bbox 616 3466 2172 3551">
     <span class='ocr_line' id='line_1_48' title="bbox 616 3466 2172 3551; baseline 0 -19"><span class='ocrx_word' id='word_1_309' title='bbox 616 3471 826 3534; x_wconf 86' lang='lat' dir='ltr'><strong>Adhuc</strong></span> <span class='ocrx_word' id='word_1_310' title='bbox 883 3487 1124 3531; x_wconf 89' lang='lat' dir='ltr'><strong>oramus</strong></span> <span class='ocrx_word' id='word_1_311' title='bbox 1157 3486 1260 3550; x_wconf 90' lang='lat' dir='ltr'><strong>pro</strong></span> <span class='ocrx_word' id='word_1_312' title='bbox 1292 3466 1480 3530; x_wconf 86' lang='lat' dir='ltr'><strong>beatis</strong></span> <span class='ocrx_word' id='word_1_313' title='bbox 1531 3487 1890 3551; x_wconf 88' lang='lat' dir='ltr'><strong>semperque</strong></span> <span class='ocrx_word' id='word_1_314' title='bbox 1946 3488 2172 3532; x_wconf 91' lang='lat' dir='ltr'><strong>memo-</strong></span> 
     </span>
    </p>
   </div>
   <div class='ocr_carea' id='block_1_48' title="bbox 533 3557 2173 3639">
    <p class='ocr_par' dir='ltr' id='par_1_48' title="bbox 533 3557 2173 3639">
     <span class='ocr_line' id='line_1_49' title="bbox 533 3557 2173 3639; baseline 0 -16"><span class='ocrx_word' id='word_1_315' title='bbox 533 3560 733 3623; x_wconf 89' lang='lat' dir='ltr'><strong>randis</strong></span> <span class='ocrx_word' id='word_1_316' title='bbox 769 3560 944 3639; x_wconf 88' lang='lat' dir='ltr'><strong>hujus</strong></span> <span class='ocrx_word' id='word_1_317' title='bbox 974 3567 1192 3620; x_wconf 73' lang='lat' dir='ltr'><strong>sanctae</strong></span> <span class='ocrx_word' id='word_1_318' title='bbox 1234 3558 1377 3620; x_wconf 86' lang='lat' dir='ltr'><strong>aedis</strong></span> <span class='ocrx_word' id='word_1_319' title='bbox 1428 3557 1861 3623; x_wconf 82' lang='lat' dir='ltr'><strong>conditoribus.</strong></span> <span class='ocrx_word' id='word_1_320' title='bbox 1893 3561 2001 3624; x_wconf 90' lang='lat' dir='ltr'><strong>Ch.</strong></span> <span class='ocrx_word' id='word_1_321' title='bbox 2050 3560 2173 3623; x_wconf 92' lang='lat' dir='ltr'><strong>Do-</strong></span> 
     </span>
    </p>
   </div>
   <div class='ocr_carea' id='block_1_49' title="bbox 545 3650 1064 3721">
    <p class='ocr_par' dir='ltr' id='par_1_49' title="bbox 545 3650 1064 3721">
     <span class='ocr_line' id='line_1_50' title="bbox 545 3650 1064 3721; baseline -0.01 -9"><span class='ocrx_word' id='word_1_322' title='bbox 545 3651 728 3721; x_wconf 86' lang='lat' dir='ltr'><strong>mine,</strong></span> <span class='ocrx_word' id='word_1_323' title='bbox 755 3650 1064 3710; x_wconf 91' lang='lat' dir='ltr'><strong>miserere.</strong></span> 
     </span>
    </p>
   </div>
   <div class='ocr_carea' id='block_1_50' title="bbox 623 3737 2176 3819">
    <p class='ocr_par' dir='ltr' id='par_1_50' title="bbox 623 3737 2176 3819">
     <span class='ocr_line' id='line_1_51' title="bbox 623 3737 2176 3819; baseline -0.001 -18"><span class='ocrx_word' id='word_1_324' title='bbox 623 3741 834 3802; x_wconf 85' lang='lat' dir='ltr'><strong>Adhuc</strong></span> <span class='ocrx_word' id='word_1_325' title='bbox 886 3756 1121 3798; x_wconf 90' lang='lat' dir='ltr'><strong>oramus</strong></span> <span class='ocrx_word' id='word_1_326' title='bbox 1185 3755 1290 3818; x_wconf 92' lang='lat' dir='ltr'><strong>pro</strong></span> <span class='ocrx_word' id='word_1_327' title='bbox 1353 3737 1809 3815; x_wconf 86' lang='lat' dir='ltr'><strong>misericordia,</strong></span> <span class='ocrx_word' id='word_1_328' title='bbox 1877 3738 2017 3814; x_wconf 83' lang='lat' dir='ltr'><strong>vita,</strong></span> <span class='ocrx_word' id='word_1_329' title='bbox 2079 3757 2176 3819; x_wconf 89' lang='lat' dir='ltr'><strong>pa-</strong></span> 
     </span>
    </p>
   </div>
   <div class='ocr_carea' id='block_1_51' title="bbox 540 3827 2174 3909">
    <p class='ocr_par' dir='ltr' id='par_1_51' title="bbox 540 3827 2174 3909">
     <span class='ocr_line' id='line_1_52' title="bbox 540 3827 2174 3909; baseline -0.002 -16"><span class='ocrx_word' id='word_1_330' title='bbox 540 3850 629 3906; x_wconf 90' lang='lat' dir='ltr'><strong>ce,</strong></span> <span class='ocrx_word' id='word_1_331' title='bbox 694 3831 972 3908; x_wconf 87' lang='lat' dir='ltr'><strong>sanitate,</strong></span> <span class='ocrx_word' id='word_1_332' title='bbox 1031 3827 1242 3908; x_wconf 87' lang='lat' dir='ltr'><strong>salute,</strong></span> <span class='ocrx_word' id='word_1_333' title='bbox 1298 3829 1687 3909; x_wconf 87' lang='lat' dir='ltr'><strong>protectione,</strong></span> <span class='ocrx_word' id='word_1_334' title='bbox 1747 3829 1940 3908; x_wconf 89' lang='lat' dir='ltr'><strong>venia,</strong></span> <span class='ocrx_word' id='word_1_335' title='bbox 1995 3837 2174 3891; x_wconf 87' lang='lat' dir='ltr'><strong>etre-</strong></span> 
     </span>
    </p>
   </div>
   <div class='ocr_carea' id='block_1_52' title="bbox 539 3919 2176 3998">
    <p class='ocr_par' dir='ltr' id='par_1_52' title="bbox 539 3919 2176 3998">
     <span class='ocr_line' id='line_1_53' title="bbox 539 3919 2176 3998; baseline -0.001 -17"><span class='ocrx_word' id='word_1_336' title='bbox 539 3920 826 3982; x_wconf 90' lang='lat' dir='ltr'><strong>missione</strong></span> <span class='ocrx_word' id='word_1_337' title='bbox 898 3927 1270 3998; x_wconf 89' lang='lat' dir='ltr'><strong>peccatorum</strong></span> <span class='ocrx_word' id='word_1_338' title='bbox 1354 3935 1660 3980; x_wconf 88' lang='lat' dir='ltr'><strong>servorum</strong></span> <span class='ocrx_word' id='word_1_339' title='bbox 1743 3919 1875 3998; x_wconf 92' lang='lat' dir='ltr'><strong>Dei,</strong></span> <span class='ocrx_word' id='word_1_340' title='bbox 1930 3919 2176 3980; x_wconf 82' lang='lat' dir='ltr'><strong>fratrum</strong></span> 
     </span>
    </p>
   </div>
   <div class='ocr_carea' id='block_1_53' title="bbox 539 4007 2176 4091">
    <p class='ocr_par' dir='ltr' id='par_1_53' title="bbox 539 4007 2176 4091">
     <span class='ocr_line' id='line_1_54' title="bbox 539 4007 2176 4091; baseline -0.001 -19"><span class='ocrx_word' id='word_1_341' title='bbox 539 4011 788 4091; x_wconf 82' lang='lat' dir='ltr'><strong>hujusce</strong></span> <span class='ocrx_word' id='word_1_342' title='bbox 845 4008 1034 4071; x_wconf 89' lang='lat' dir='ltr'><strong>sancti</strong></span> <span class='ocrx_word' id='word_1_343' title='bbox 1096 4007 1461 4070; x_wconf 88' lang='lat' dir='ltr'><strong>monasterii.</strong></span> <span class='ocrx_word' id='word_1_344' title='bbox 1520 4007 1629 4071; x_wconf 83' lang='lat' dir='ltr'><strong>Ch.</strong></span> <span class='ocrx_word' id='word_1_345' title='bbox 1691 4007 1964 4084; x_wconf 90' lang='lat' dir='ltr'><strong>Domine,</strong></span> <span class='ocrx_word' id='word_1_346' title='bbox 2002 4008 2176 4070; x_wconf 89' lang='lat' dir='ltr'><strong>mise-</strong></span> 
     </span>
    </p>
   </div>
   <div class='ocr_carea' id='block_1_54' title="bbox 540 4119 701 4164">
    <p class='ocr_par' dir='ltr' id='par_1_54' title="bbox 540 4119 701 4164">
     <span class='ocr_line' id='line_1_55' title="bbox 540 4119 701 4164; baseline 0.012 -2"><span class='ocrx_word' id='word_1_347' title='bbox 540 4119 701 4164; x_wconf 90' lang='lat' dir='ltr'><strong>rere.</strong></span> 
     </span>
    </p>
   </div>
   <div class='ocr_carea' id='block_1_55' title="bbox 620 4187 2183 4269">
    <p class='ocr_par' dir='ltr' id='par_1_55' title="bbox 620 4187 2183 4269">
     <span class='ocr_line' id='line_1_56' title="bbox 620 4187 2183 4269; baseline -0.001 -17"><span class='ocrx_word' id='word_1_348' title='bbox 620 4190 829 4253; x_wconf 87' lang='lat' dir='ltr'><strong>Adhuc</strong></span> <span class='ocrx_word' id='word_1_349' title='bbox 860 4205 1104 4250; x_wconf 88' lang='lat' dir='ltr'><strong>oramus</strong></span> <span class='ocrx_word' id='word_1_350' title='bbox 1136 4205 1241 4269; x_wconf 92' lang='lat' dir='ltr'><strong>pro</strong></span> <span class='ocrx_word' id='word_1_351' title='bbox 1273 4187 1676 4249; x_wconf 75' lang='lat' dir='ltr'><strong>referentibus</strong></span> <span class='ocrx_word' id='word_1_352' title='bbox 1705 4188 1961 4248; x_wconf 87' lang='lat' dir='ltr'><strong>fructum</strong></span> <span class='ocrx_word' id='word_1_353' title='bbox 1997 4201 2058 4250; x_wconf 88' lang='lat' dir='ltr'><strong>et</strong></span> <span class='ocrx_word' id='word_1_354' title='bbox 2082 4187 2183 4251; x_wconf 94' lang='lat' dir='ltr'><strong>bo-</strong></span> 
     </span>
    </p>
   </div>
   <div class='ocr_carea' id='block_1_56' title="bbox 542 4277 2180 4357">
    <p class='ocr_par' dir='ltr' id='par_1_56' title="bbox 542 4277 2180 4357">
     <span class='ocr_line' id='line_1_57' title="bbox 542 4277 2180 4357; baseline -0.002 -14"><span class='ocrx_word' id='word_1_355' title='bbox 542 4299 616 4343; x_wconf 92' lang='lat' dir='ltr'><strong>na</strong></span> <span class='ocrx_word' id='word_1_356' title='bbox 649 4277 1003 4342; x_wconf 84' lang='lat' dir='ltr'><strong>facientibus</strong></span> <span class='ocrx_word' id='word_1_357' title='bbox 1035 4277 1096 4339; x_wconf 90' lang='lat' dir='ltr'><strong>in</strong></span> <span class='ocrx_word' id='word_1_358' title='bbox 1125 4278 1236 4339; x_wconf 89' lang='lat' dir='ltr'><strong>hoc</strong></span> <span class='ocrx_word' id='word_1_359' title='bbox 1263 4285 1464 4338; x_wconf 90' lang='lat' dir='ltr'><strong>sancto</strong></span> <span class='ocrx_word' id='word_1_360' title='bbox 1489 4287 1546 4338; x_wconf 92' lang='lat' dir='ltr'><strong>et</strong></span> <span class='ocrx_word' id='word_1_361' title='bbox 1577 4283 1736 4338; x_wconf 83' lang='lat' dir='ltr'><strong>omni</strong></span> <span class='ocrx_word' id='word_1_362' title='bbox 1770 4295 1839 4339; x_wconf 88' lang='lat' dir='ltr'><strong>ex</strong></span> <span class='ocrx_word' id='word_1_363' title='bbox 1871 4291 2042 4357; x_wconf 85' lang='lat' dir='ltr'><strong>parte</strong></span> <span class='ocrx_word' id='word_1_364' title='bbox 2069 4296 2180 4340; x_wconf 89' lang='lat' dir='ltr'><strong>au-</strong></span> 
     </span>
    </p>
   </div>
   <div class='ocr_carea' id='block_1_57' title="bbox 536 4365 2185 4450">
    <p class='ocr_par' dir='ltr' id='par_1_57' title="bbox 536 4365 2185 4450">
     <span class='ocr_line' id='line_1_58' title="bbox 536 4365 2185 4450; baseline -0.003 -18"><span class='ocrx_word' id='word_1_365' title='bbox 536 4379 707 4450; x_wconf 81' lang='lat' dir='ltr'><strong>gusto</strong></span> <span class='ocrx_word' id='word_1_366' title='bbox 738 4365 1808 4449; x_wconf 86' lang='lat' dir='ltr'><strong>templo,lahorantibus,canentibus;</strong></span> <span class='ocrx_word' id='word_1_367' title='bbox 1844 4375 1902 4428; x_wconf 90' lang='lat' dir='ltr'><strong>et</strong></span> <span class='ocrx_word' id='word_1_368' title='bbox 1948 4386 2052 4446; x_wconf 87' lang='lat' dir='ltr'><strong>pro</strong></span> <span class='ocrx_word' id='word_1_369' title='bbox 2075 4367 2185 4428; x_wconf 86' lang='lat' dir='ltr'><strong>cir-</strong></span> 
     </span>
    </p>
   </div>
   <div class='ocr_carea' id='block_1_58' title="bbox 1621 1856 2168 1934">
    <p class='ocr_par' dir='ltr' id='par_1_58' title="bbox 1621 1856 2168 1934">
     <span class='ocr_line' id='line_1_59' title="bbox 1621 1856 2168 1934; baseline -0.002 -17"><span class='ocrx_word' id='word_1_370' title='bbox 1621 1856 1873 1918; x_wconf 89' lang='lat' dir='ltr'><strong>Domine</strong></span> <span class='ocrx_word' id='word_1_371' title='bbox 1896 1904 1914 1934; x_wconf 87' lang='lat'><strong>,</strong></span> <span class='ocrx_word' id='word_1_372' title='bbox 1987 1856 2168 1918; x_wconf 63' lang='lat' dir='ltr'><strong>mise»</strong></span> 
     </span>
    </p>
   </div>
   <div class='ocr_carea' id='block_1_59' title="bbox 2327 1761 3901 1853">
    <p class='ocr_par' dir='ltr' id='par_1_59' title="bbox 2327 1761 3901 1853">
     <span class='ocr_line' id='line_1_60' title="bbox 2327 1761 3901 1853; baseline 0.003 -30"><span class='ocrx_word' id='word_1_373' title='bbox 2327 1765 2580 1842; x_wconf 76' lang='grc' dir='ltr'>Εῗπωμεν</span> <span class='ocrx_word' id='word_1_374' title='bbox 2670 1769 2863 1834; x_wconf 78' lang='grc' dir='ltr'>πάντες</span> <span class='ocrx_word' id='word_1_375' title='bbox 2921 1767 2972 1835; x_wconf 70' lang='grc' dir='ltr'><strong>ἐξ</strong></span> <span class='ocrx_word' id='word_1_376' title='bbox 3032 1769 3162 1838; x_wconf 79' lang='grc' dir='ltr'>ὅλης</span> <span class='ocrx_word' id='word_1_377' title='bbox 3241 1771 3336 1839; x_wconf 72' lang='grc' dir='ltr'><strong>τῆς</strong></span> <span class='ocrx_word' id='word_1_378' title='bbox 3420 1777 3628 1853; x_wconf 75' lang='grc' dir='ltr'>ψυχῆς,</span> <span class='ocrx_word' id='word_1_379' title='bbox 3713 1775 3806 1830; x_wconf 82' lang='grc' dir='ltr'><strong>καὶ</strong></span> <span class='ocrx_word' id='word_1_380' title='bbox 3854 1761 3901 1830; x_wconf 71' lang='grc' dir='ltr'><strong>ἐξ</strong></span> 
     </span>
    </p>
   </div>
   <div class='ocr_carea' id='block_1_60' title="bbox 2254 1855 3899 1943">
    <p class='ocr_par' dir='ltr' id='par_1_60' title="bbox 2254 1855 3899 1943">
     <span class='ocr_line' id='line_1_61' title="bbox 2254 1855 3899 1943; baseline 0.004 -31"><span class='ocrx_word' id='word_1_381' title='bbox 2254 1856 2388 1924; x_wconf 80' lang='grc' dir='ltr'>ὅλης</span> <span class='ocrx_word' id='word_1_382' title='bbox 2446 1860 2545 1925; x_wconf 78' lang='grc' dir='ltr'>τῆς</span> <span class='ocrx_word' id='word_1_383' title='bbox 2602 1855 2833 1922; x_wconf 80' lang='grc' dir='ltr'><strong>διανοίας</strong></span> <span class='ocrx_word' id='word_1_384' title='bbox 2905 1856 3172 1935; x_wconf 77' lang='grc' dir='ltr'>εἴπωμεν.</span> <span class='ocrx_word' id='word_1_385' title='bbox 3233 1860 3292 1918; x_wconf 87' lang='grc' dir='ltr'><strong>Ὀ</strong></span> <span class='ocrx_word' id='word_1_386' title='bbox 3378 1864 3542 1942; x_wconf 85' lang='grc' dir='ltr'>χορός</span> <span class='ocrx_word' id='word_1_387' title='bbox 3585 1880 3599 1894; x_wconf 87' lang='grc'><strong>⁹</strong></span> <span class='ocrx_word' id='word_1_388' title='bbox 3691 1864 3851 1938; x_wconf 75' lang='grc' dir='ltr'>Κύριε</span> <span class='ocrx_word' id='word_1_389' title='bbox 3883 1912 3899 1943; x_wconf 85' lang='grc'><strong>,</strong></span> 
     </span>
    </p>
   </div>
   <div class='ocr_carea' id='block_1_61' title="bbox 2254 1945 2497 2013">
    <p class='ocr_par' dir='ltr' id='par_1_61' title="bbox 2254 1945 2497 2013">
     <span class='ocr_line' id='line_1_62' title="bbox 2254 1945 2497 2013; baseline 0 -11"><span class='ocrx_word' id='word_1_390' title='bbox 2254 1945 2497 2013; x_wconf 83' lang='grc' dir='ltr'>ἐλέησον,</span> 
     </span>
    </p>
   </div>
   <div class='ocr_carea' id='block_1_62' title="bbox 2339 2037 3895 2122">
    <p class='ocr_par' dir='ltr' id='par_1_62' title="bbox 2339 2037 3895 2122">
     <span class='ocr_line' id='line_1_63' title="bbox 2339 2037 3895 2122; baseline 0.003 -28"><span class='ocrx_word' id='word_1_391' title='bbox 2339 2037 2488 2115; x_wconf 82' lang='grc' dir='ltr'>Κύριε</span> <span class='ocrx_word' id='word_1_392' title='bbox 2547 2038 2910 2116; x_wconf 75' lang='grc' dir='ltr'>πάντόκρατορ</span> <span class='ocrx_word' id='word_1_393' title='bbox 2972 2042 2999 2096; x_wconf 97' lang='lat'><strong>6</strong></span> <span class='ocrx_word' id='word_1_394' title='bbox 3048 2041 3178 2102; x_wconf 90' lang='grc' dir='ltr'>Θεὸς</span> <span class='ocrx_word' id='word_1_395' title='bbox 3235 2047 3340 2097; x_wconf 83' lang='grc' dir='ltr'><strong>τῶν</strong></span> <span class='ocrx_word' id='word_1_396' title='bbox 3385 2042 3623 2121; x_wconf 84' lang='grc' dir='ltr'>πατέρων</span> <span class='ocrx_word' id='word_1_397' title='bbox 3680 2045 3844 2117; x_wconf 78' lang='grc' dir='ltr'>ἡμῶν</span> <span class='ocrx_word' id='word_1_398' title='bbox 3880 2093 3895 2122; x_wconf 90' lang='grc'><strong>,</strong></span> 
     </span>
    </p>
   </div>
   <div class='ocr_carea' id='block_1_63' title="bbox 2252 2123 3893 2212">
    <p class='ocr_par' dir='ltr' id='par_1_63' title="bbox 2252 2123 3893 2212">
     <span class='ocr_line' id='line_1_64' title="bbox 2252 2123 3893 2212; baseline 0.005 -32"><span class='ocrx_word' id='word_1_399' title='bbox 2252 2123 2475 2200; x_wconf 74' lang='grc' dir='ltr'>δεόμεθά</span> <span class='ocrx_word' id='word_1_400' title='bbox 2534 2148 2626 2182; x_wconf 84' lang='grc' dir='ltr'><strong>σου</strong></span> <span class='ocrx_word' id='word_1_401' title='bbox 2663 2175 2680 2206; x_wconf 91' lang='grc'><strong>,</strong></span> <span class='ocrx_word' id='word_1_402' title='bbox 2755 2126 3048 2184; x_wconf 72' lang='grc' dir='ltr'><strong>ἐπάκουσον</strong></span> <span class='ocrx_word' id='word_1_403' title='bbox 3107 2131 3195 2186; x_wconf 82' lang='grc' dir='ltr'><strong>καὶ</strong></span> <span class='ocrx_word' id='word_1_404' title='bbox 3275 2128 3517 2198; x_wconf 77' lang='grc' dir='ltr'>ἐλεησον.</span> <span class='ocrx_word' id='word_1_405' title='bbox 3582 2139 3649 2193; x_wconf 79' lang='lat' dir='ltr'><strong>X.</strong></span> <span class='ocrx_word' id='word_1_406' title='bbox 3716 2135 3893 2212; x_wconf 72' lang='grc' dir='ltr'>Κύριε,</span> 
     </span>
    </p>
   </div>
   <div class='ocr_carea' id='block_1_64' title="bbox 2249 2213 2493 2281">
    <p class='ocr_par' dir='ltr' id='par_1_64' title="bbox 2249 2213 2493 2281">
     <span class='ocr_line' id='line_1_65' title="bbox 2249 2213 2493 2281; baseline 0 -11"><span class='ocrx_word' id='word_1_407' title='bbox 2249 2213 2493 2281; x_wconf 72' lang='grc' dir='ltr'>ἐλέησον,</span> 
     </span>
    </p>
   </div>
   <div class='ocr_carea' id='block_1_65' title="bbox 2334 2301 3896 2388">
    <p class='ocr_par' dir='ltr' id='par_1_65' title="bbox 2334 2301 3896 2388">
     <span class='ocr_line' id='line_1_66' title="bbox 2334 2301 3896 2388; baseline 0.004 -28"><span class='ocrx_word' id='word_1_408' title='bbox 2334 2301 2588 2371; x_wconf 82' lang='grc' dir='ltr'>Ἐλέησον</span> <span class='ocrx_word' id='word_1_409' title='bbox 2676 2307 2843 2385; x_wconf 83' lang='grc' dir='ltr'>ἡμᾶς,</span> <span class='ocrx_word' id='word_1_410' title='bbox 2906 2309 2933 2362; x_wconf 88' lang='lat'><strong>6</strong></span> <span class='ocrx_word' id='word_1_411' title='bbox 2985 2309 3155 2388; x_wconf 86' lang='grc' dir='ltr'>Θεὸς,</span> <span class='ocrx_word' id='word_1_412' title='bbox 3217 2310 3353 2365; x_wconf 79' lang='grc' dir='ltr'>κατὰ</span> <span class='ocrx_word' id='word_1_413' title='bbox 3421 2312 3482 2366; x_wconf 87' lang='grc' dir='ltr'>τὸ</span> <span class='ocrx_word' id='word_1_414' title='bbox 3542 2311 3678 2388; x_wconf 83' lang='grc' dir='ltr'>μέγα</span> <span class='ocrx_word' id='word_1_415' title='bbox 3751 2310 3896 2373; x_wconf 79' lang='grc' dir='ltr'>ἔλεός</span> 
     </span>
    </p>
   </div>
   <div class='ocr_carea' id='block_1_66' title="bbox 2251 2394 3880 2481">
    <p class='ocr_par' dir='ltr' id='par_1_66' title="bbox 2251 2394 3880 2481">
     <span class='ocr_line' id='line_1_67' title="bbox 2251 2394 3880 2481; baseline 0.004 -31"><span class='ocrx_word' id='word_1_416' title='bbox 2251 2404 2365 2452; x_wconf 76' lang='grc' dir='ltr'>σούο</span> <span class='ocrx_word' id='word_1_417' title='bbox 2400 2394 2620 2471; x_wconf 74' lang='grc' dir='ltr'><strong>δεόμεθά</strong></span> <span class='ocrx_word' id='word_1_418' title='bbox 2653 2417 2767 2470; x_wconf 81' lang='grc' dir='ltr'>σου,</span> <span class='ocrx_word' id='word_1_419' title='bbox 2828 2396 3121 2454; x_wconf 76' lang='grc' dir='ltr'>ἐπάκουσον</span> <span class='ocrx_word' id='word_1_420' title='bbox 3164 2400 3249 2454; x_wconf 84' lang='grc' dir='ltr'><strong>καὶ</strong></span> <span class='ocrx_word' id='word_1_421' title='bbox 3295 2398 3544 2467; x_wconf 70' lang='grc' dir='ltr'>ελέησον·</span> <span class='ocrx_word' id='word_1_422' title='bbox 3596 2408 3663 2461; x_wconf 80' lang='grc' dir='ltr'><strong>Χ.</strong></span> <span class='ocrx_word' id='word_1_423' title='bbox 3705 2401 3880 2481; x_wconf 80' lang='grc' dir='ltr'>Κύριε,</span> 
     </span>
    </p>
   </div>
   <div class='ocr_carea' id='block_1_67' title="bbox 2252 2483 2494 2551">
    <p class='ocr_par' dir='ltr' id='par_1_67' title="bbox 2252 2483 2494 2551">
     <span class='ocr_line' id='line_1_68' title="bbox 2252 2483 2494 2551; baseline 0.021 -11"><span class='ocrx_word' id='word_1_424' title='bbox 2252 2483 2494 2551; x_wconf 74' lang='grc' dir='ltr'>ἐλέησον.</span> 
     </span>
    </p>
   </div>
   <div class='ocr_carea' id='block_1_68' title="bbox 2337 2571 3888 2653">
    <p class='ocr_par' dir='ltr' id='par_1_68' title="bbox 2337 2571 3888 2653">
     <span class='ocr_line' id='line_1_69' title="bbox 2337 2571 3888 2653; baseline 0.004 -23"><span class='ocrx_word' id='word_1_425' title='bbox 2337 2572 2472 2630; x_wconf 80' lang='grc' dir='ltr'>’Ἔτι</span> <span class='ocrx_word' id='word_1_426' title='bbox 2547 2571 2768 2649; x_wconf 78' lang='grc' dir='ltr'><strong>δεόμεθα</strong></span> <span class='ocrx_word' id='word_1_427' title='bbox 2825 2575 2956 2653; x_wconf 77' lang='grc' dir='ltr'>ὖπὲρ</span> <span class='ocrx_word' id='word_1_428' title='bbox 3014 2576 3119 2633; x_wconf 71' lang='grc' dir='ltr'><strong>τῶδ</strong></span> <span class='ocrx_word' id='word_1_429' title='bbox 3182 2576 3569 2636; x_wconf 76' lang='grc' dir='ltr'>εὐσεϐεστάτων</span> <span class='ocrx_word' id='word_1_430' title='bbox 3628 2581 3714 2636; x_wconf 83' lang='grc' dir='ltr'><strong>καὶ</strong></span> <span class='ocrx_word' id='word_1_431' title='bbox 3771 2582 3888 2636; x_wconf 83' lang='grc' dir='ltr'>θεο-</span> 
     </span>
    </p>
   </div>
   <div class='ocr_carea' id='block_1_69' title="bbox 2257 2662 3891 2749">
    <p class='ocr_par' dir='ltr' id='par_1_69' title="bbox 2257 2662 3891 2749">
     <span class='ocr_line' id='line_1_70' title="bbox 2257 2662 3891 2749; baseline 0.004 -30"><span class='ocrx_word' id='word_1_432' title='bbox 2257 2662 2536 2743; x_wconf 73' lang='grc' dir='ltr'>φυλάκτων</span> <span class='ocrx_word' id='word_1_433' title='bbox 2587 2663 2848 2740; x_wconf 85' lang='grc' dir='ltr'>βασιλέων</span> <span class='ocrx_word' id='word_1_434' title='bbox 2892 2668 3069 2742; x_wconf 72' lang='grc' dir='ltr'>ἡμῶν,</span> <span class='ocrx_word' id='word_1_435' title='bbox 3131 2669 3380 2749; x_wconf 71' lang='grc' dir='ltr'>κράτους,</span> <span class='ocrx_word' id='word_1_436' title='bbox 3408 2670 3583 2747; x_wconf 87' lang='grc' dir='ltr'>νίκης,</span> <span class='ocrx_word' id='word_1_437' title='bbox 3616 2668 3891 2749; x_wconf 76' lang='grc' dir='ltr'>διαμονῆς,</span> 
     </span>
    </p>
   </div>
   <div class='ocr_carea' id='block_1_70' title="bbox 2259 2754 3891 2835">
    <p class='ocr_par' dir='ltr' id='par_1_70' title="bbox 2259 2754 3891 2835">
     <span class='ocr_line' id='line_1_71' title="bbox 2259 2754 3891 2835; baseline 0.003 -27"><span class='ocrx_word' id='word_1_438' title='bbox 2259 2754 2496 2833; x_wconf 76' lang='grc' dir='ltr'>εἰρήνης,</span> <span class='ocrx_word' id='word_1_439' title='bbox 2557 2755 2756 2832; x_wconf 72' lang='grc' dir='ltr'>ὑγείας,</span> <span class='ocrx_word' id='word_1_440' title='bbox 2831 2755 3094 2834; x_wconf 88' lang='grc' dir='ltr'>σωτηρίας</span> <span class='ocrx_word' id='word_1_441' title='bbox 3154 2756 3346 2828; x_wconf 77' lang='grc' dir='ltr'>αὐτῶν,</span> <span class='ocrx_word' id='word_1_442' title='bbox 3409 2759 3495 2814; x_wconf 83' lang='grc' dir='ltr'><strong>καὶ</strong></span> <span class='ocrx_word' id='word_1_443' title='bbox 3566 2766 3656 2814; x_wconf 72' lang='grc' dir='ltr'>τοῦ</span> <span class='ocrx_word' id='word_1_444' title='bbox 3714 2760 3891 2835; x_wconf 78' lang='grc' dir='ltr'>Κύριον</span> 
     </span>
    </p>
   </div>
   <div class='ocr_carea' id='block_1_71' title="bbox 2258 2842 3890 2925">
    <p class='ocr_par' dir='ltr' id='par_1_71' title="bbox 2258 2842 3890 2925">
     <span class='ocr_line' id='line_1_72' title="bbox 2258 2842 3890 2925; baseline 0.003 -26"><span class='ocrx_word' id='word_1_445' title='bbox 2258 2844 2348 2906; x_wconf 89' lang='grc' dir='ltr'>τὸς</span> <span class='ocrx_word' id='word_1_446' title='bbox 2404 2844 2533 2898; x_wconf 88' lang='grc' dir='ltr'>Θεὸν</span> <span class='ocrx_word' id='word_1_447' title='bbox 2590 2845 2746 2918; x_wconf 76' lang='grc' dir='ltr'><strong>ἡμῶν</strong></span> <span class='ocrx_word' id='word_1_448' title='bbox 2804 2842 2878 2900; x_wconf 80' lang='grc' dir='ltr'>ἐτὶ</span> <span class='ocrx_word' id='word_1_449' title='bbox 2936 2844 3096 2902; x_wconf 81' lang='grc' dir='ltr'>πλέον</span> <span class='ocrx_word' id='word_1_450' title='bbox 3169 2850 3542 2925; x_wconf 76' lang='grc' dir='ltr'>συνεργῆσαι,</span> <span class='ocrx_word' id='word_1_451' title='bbox 3599 2846 3890 2903; x_wconf 64' lang='grc' dir='ltr'>κατεσοδὼ-</span> 
     </span>
    </p>
   </div>
   <div class='ocr_carea' id='block_1_72' title="bbox 2258 2933 3884 3004">
    <p class='ocr_par' dir='ltr' id='par_1_72' title="bbox 2258 2933 3884 3004">
     <span class='ocr_line' id='line_1_73' title="bbox 2258 2933 3884 3004; baseline 0.002 -16"><span class='ocrx_word' id='word_1_452' title='bbox 2258 2955 2344 2988; x_wconf 88' lang='grc' dir='ltr'><strong>σαι</strong></span> <span class='ocrx_word' id='word_1_453' title='bbox 2397 2933 2581 2997; x_wconf 74' lang='grc' dir='ltr'>αὖτοῖρς</span> <span class='ocrx_word' id='word_1_454' title='bbox 2642 2933 2697 2988; x_wconf 75' lang='grc' dir='ltr'>ἐν</span> <span class='ocrx_word' id='word_1_455' title='bbox 2755 2939 2908 3004; x_wconf 83' lang='grc' dir='ltr'>πᾶσι,</span> <span class='ocrx_word' id='word_1_456' title='bbox 2967 2937 3051 2990; x_wconf 83' lang='grc' dir='ltr'>καὶ</span> <span class='ocrx_word' id='word_1_457' title='bbox 3111 2936 3363 3002; x_wconf 73' lang='grc' dir='ltr'><strong>ὑποτάξαι</strong></span> <span class='ocrx_word' id='word_1_458' title='bbox 3430 2938 3530 2993; x_wconf 75' lang='grc' dir='ltr'><strong>ὑπὸ</strong></span> <span class='ocrx_word' id='word_1_459' title='bbox 3576 2938 3696 3000; x_wconf 83' lang='grc' dir='ltr'>τοὺς</span> <span class='ocrx_word' id='word_1_460' title='bbox 3731 2935 3884 2998; x_wconf 81' lang='grc' dir='ltr'>πόδας</span> 
     </span>
    </p>
   </div>
   <div class='ocr_carea' id='block_1_73' title="bbox 2259 3022 3884 3105">
    <p class='ocr_par' dir='ltr' id='par_1_73' title="bbox 2259 3022 3884 3105">
     <span class='ocr_line' id='line_1_74' title="bbox 2259 3022 3884 3105; baseline 0.002 -29"><span class='ocrx_word' id='word_1_461' title='bbox 2259 3023 2429 3077; x_wconf 81' lang='grc' dir='ltr'>αὐτῶν</span> <span class='ocrx_word' id='word_1_462' title='bbox 2509 3022 2680 3078; x_wconf 81' lang='grc' dir='ltr'>πάντα</span> <span class='ocrx_word' id='word_1_463' title='bbox 2753 3022 2944 3102; x_wconf 75' lang='grc' dir='ltr'>ἐχθρὸν</span> <span class='ocrx_word' id='word_1_464' title='bbox 3004 3025 3091 3081; x_wconf 79' lang='grc' dir='ltr'><strong>καὶ</strong></span> <span class='ocrx_word' id='word_1_465' title='bbox 3176 3025 3456 3102; x_wconf 83' lang='grc' dir='ltr'>πολέμιον,</span> <span class='ocrx_word' id='word_1_466' title='bbox 3538 3033 3603 3084; x_wconf 78' lang='grc' dir='ltr'>Χ.</span> <span class='ocrx_word' id='word_1_467' title='bbox 3686 3026 3835 3105; x_wconf 72' lang='grc' dir='ltr'>Κύριε</span> <span class='ocrx_word' id='word_1_468' title='bbox 3868 3070 3884 3098; x_wconf 88' lang='grc'><strong>,</strong></span> 
     </span>
    </p>
   </div>
   <div class='ocr_carea' id='block_1_74' title="bbox 2196 3101 2501 3177">
    <p class='ocr_par' dir='ltr' id='par_1_74' title="bbox 2196 3101 2501 3177">
     <span class='ocr_line' id='line_1_75' title="bbox 2196 3101 2501 3177; baseline -0.003 -11"><span class='ocrx_word' id='word_1_469' title='bbox 2196 3101 2235 3151; x_wconf 77' lang='grc' dir='ltr'><strong>Β</strong></span> <span class='ocrx_word' id='word_1_470' title='bbox 2257 3109 2501 3177; x_wconf 73' lang='grc' dir='ltr'>ἐλέησον.</span> 
     </span>
    </p>
   </div>
   <div class='ocr_carea' id='block_1_75' title="bbox 2335 3197 3884 3284">
    <p class='ocr_par' dir='ltr' id='par_1_75' title="bbox 2335 3197 3884 3284">
     <span class='ocr_line' id='line_1_76' title="bbox 2335 3197 3884 3284; baseline 0.001 -28"><span class='ocrx_word' id='word_1_471' title='bbox 2335 3197 2468 3257; x_wconf 84' lang='grc' dir='ltr'>’Ἐτι</span> <span class='ocrx_word' id='word_1_472' title='bbox 2527 3199 2751 3276; x_wconf 80' lang='grc' dir='ltr'>δεόμεθα</span> <span class='ocrx_word' id='word_1_473' title='bbox 2808 3203 2934 3274; x_wconf 69' lang='grc' dir='ltr'>ὅπερ</span> <span class='ocrx_word' id='word_1_474' title='bbox 2977 3211 3070 3260; x_wconf 74' lang='grc' dir='ltr'>τοῦ</span> <span class='ocrx_word' id='word_1_475' title='bbox 3145 3205 3572 3283; x_wconf 76' lang='grc' dir='ltr'>ἂρχιεπισκόπσν</span> <span class='ocrx_word' id='word_1_476' title='bbox 3629 3207 3805 3284; x_wconf 75' lang='grc' dir='ltr'>ἡμῶν,</span> <span class='ocrx_word' id='word_1_477' title='bbox 3860 3204 3884 3258; x_wconf 81' lang='lat'><strong>6</strong></span> 
     </span>
    </p>
   </div>
   <div class='ocr_carea' id='block_1_76' title="bbox 2256 3288 3882 3374">
    <p class='ocr_par' dir='ltr' id='par_1_76' title="bbox 2256 3288 3882 3374">
     <span class='ocr_line' id='line_1_77' title="bbox 2256 3288 3882 3374; baseline 0.005 -29"><span class='ocrx_word' id='word_1_478' title='bbox 2256 3288 2428 3354; x_wconf 76' lang='grc' dir='ltr'>δεῖνος</span> <span class='ocrx_word' id='word_1_479' title='bbox 2463 3335 2479 3363; x_wconf 84' lang='lat'><strong>,</strong></span> <span class='ocrx_word' id='word_1_480' title='bbox 2523 3289 2698 3358; x_wconf 84' lang='grc' dir='ltr'>πάσης</span> <span class='ocrx_word' id='word_1_481' title='bbox 2758 3291 2853 3359; x_wconf 78' lang='grc' dir='ltr'><strong>τῆς</strong></span> <span class='ocrx_word' id='word_1_482' title='bbox 2911 3292 2962 3348; x_wconf 83' lang='grc' dir='ltr'><strong>έν</strong></span> <span class='ocrx_word' id='word_1_483' title='bbox 3038 3301 3245 3374; x_wconf 75' lang='grc' dir='ltr'>Χριστῷ</span> <span class='ocrx_word' id='word_1_484' title='bbox 3314 3294 3466 3370; x_wconf 77' lang='grc' dir='ltr'>ἡμῶν</span> <span class='ocrx_word' id='word_1_485' title='bbox 3516 3293 3882 3374; x_wconf 76' lang='grc' dir='ltr'>ἀδελφότητος.</span> 
     </span>
    </p>
   </div>
   <div class='ocr_carea' id='block_1_77' title="bbox 2259 3380 2870 3459">
    <p class='ocr_par' dir='ltr' id='par_1_77' title="bbox 2259 3380 2870 3459">
     <span class='ocr_line' id='line_1_78' title="bbox 2259 3380 2870 3459; baseline -0.005 -22"><span class='ocrx_word' id='word_1_486' title='bbox 2259 3388 2328 3439; x_wconf 81' lang='grc' dir='ltr'><strong>Χ.</strong></span> <span class='ocrx_word' id='word_1_487' title='bbox 2368 3381 2545 3459; x_wconf 79' lang='grc' dir='ltr'>Κύριε,</span> <span class='ocrx_word' id='word_1_488' title='bbox 2585 3380 2870 3447; x_wconf 86' lang='grc' dir='ltr'>ἀλέησον.,</span> 
     </span>
    </p>
   </div>
   <div class='ocr_carea' id='block_1_78' title="bbox 2341 3469 3887 3551">
    <p class='ocr_par' dir='ltr' id='par_1_78' title="bbox 2341 3469 3887 3551">
     <span class='ocr_line' id='line_1_79' title="bbox 2341 3469 3887 3551; baseline 0.001 -24"><span class='ocrx_word' id='word_1_489' title='bbox 2341 3469 2472 3527; x_wconf 77' lang='grc' dir='ltr'>’Ἔτι</span> <span class='ocrx_word' id='word_1_490' title='bbox 2531 3469 2755 3536; x_wconf 82' lang='grc' dir='ltr'><strong>δεόμεθα</strong></span> <span class='ocrx_word' id='word_1_491' title='bbox 2824 3470 2955 3544; x_wconf 78' lang='grc' dir='ltr'>ὑπὲρ</span> <span class='ocrx_word' id='word_1_492' title='bbox 3019 3473 3126 3526; x_wconf 78' lang='grc' dir='ltr'>τῶν</span> <span class='ocrx_word' id='word_1_493' title='bbox 3182 3473 3446 3551; x_wconf 85' lang='grc' dir='ltr'>μακαρίπν</span> <span class='ocrx_word' id='word_1_494' title='bbox 3530 3476 3616 3529; x_wconf 87' lang='grc' dir='ltr'><strong>καὶ</strong></span> <span class='ocrx_word' id='word_1_495' title='bbox 3676 3472 3887 3548; x_wconf 51' lang='lat' dir='ltr'><strong>inponi-</strong></span> 
     </span>
    </p>
   </div>
   <div class='ocr_carea' id='block_1_79' title="bbox 2258 3561 3888 3641">
    <p class='ocr_par' dir='ltr' id='par_1_79' title="bbox 2258 3561 3888 3641">
     <span class='ocr_line' id='line_1_80' title="bbox 2258 3561 3888 3641; baseline 0.001 -26"><span class='ocrx_word' id='word_1_496' title='bbox 2258 3581 2398 3615; x_wconf 88' lang='grc' dir='ltr'>στων</span> <span class='ocrx_word' id='word_1_497' title='bbox 2449 3561 2725 3639; x_wconf 85' lang='grc' dir='ltr'>κτητόρων</span> <span class='ocrx_word' id='word_1_498' title='bbox 2771 3562 2869 3627; x_wconf 78' lang='grc' dir='ltr'>τῆς</span> <span class='ocrx_word' id='word_1_499' title='bbox 2931 3561 3082 3638; x_wconf 81' lang='grc' dir='ltr'>ἁγίας</span> <span class='ocrx_word' id='word_1_500' title='bbox 3135 3567 3304 3637; x_wconf 81' lang='grc' dir='ltr'>μονῆς</span> <span class='ocrx_word' id='word_1_501' title='bbox 3364 3562 3582 3630; x_wconf 71' lang='grc' dir='ltr'>ταύτης.</span> <span class='ocrx_word' id='word_1_502' title='bbox 3617 3570 3684 3625; x_wconf 83' lang='lat' dir='ltr'><strong>X.</strong></span> <span class='ocrx_word' id='word_1_503' title='bbox 3725 3564 3888 3641; x_wconf 78' lang='grc' dir='ltr'>Κύριε,</span> 
     </span>
    </p>
   </div>
   <div class='ocr_carea' id='block_1_80' title="bbox 2259 3649 2502 3716">
    <p class='ocr_par' dir='ltr' id='par_1_80' title="bbox 2259 3649 2502 3716">
     <span class='ocr_line' id='line_1_81' title="bbox 2259 3649 2502 3716; baseline 0.021 -11"><span class='ocrx_word' id='word_1_504' title='bbox 2259 3649 2502 3716; x_wconf 79' lang='grc' dir='ltr'>ἐλέησον.</span> 
     </span>
    </p>
   </div>
   <div class='ocr_carea' id='block_1_81' title="bbox 2343 3737 3885 3821">
    <p class='ocr_par' dir='ltr' id='par_1_81' title="bbox 2343 3737 3885 3821">
     <span class='ocr_line' id='line_1_82' title="bbox 2343 3737 3885 3821; baseline 0 -25"><span class='ocrx_word' id='word_1_505' title='bbox 2343 3737 2475 3796; x_wconf 73' lang='grc' dir='ltr'>’Ἔτι</span> <span class='ocrx_word' id='word_1_506' title='bbox 2521 3738 2746 3815; x_wconf 73' lang='grc' dir='ltr'><strong>δεόμεθα</strong></span> <span class='ocrx_word' id='word_1_507' title='bbox 2775 3741 2906 3819; x_wconf 67' lang='grc' dir='ltr'>ὑπὲρ</span> <span class='ocrx_word' id='word_1_508' title='bbox 2960 3739 3166 3821; x_wconf 79' lang='grc' dir='ltr'>ἐλέους,</span> <span class='ocrx_word' id='word_1_509' title='bbox 3207 3747 3374 3821; x_wconf 77' lang='grc' dir='ltr'>ζωῆς,</span> <span class='ocrx_word' id='word_1_510' title='bbox 3425 3743 3662 3816; x_wconf 75' lang='grc' dir='ltr'>εἰρήιης,</span> <span class='ocrx_word' id='word_1_511' title='bbox 3694 3742 3885 3820; x_wconf 77' lang='grc' dir='ltr'>ὑγείας,</span> 
     </span>
    </p>
   </div>
   <div class='ocr_carea' id='block_1_82' title="bbox 2260 3830 3891 3912">
    <p class='ocr_par' dir='ltr' id='par_1_82' title="bbox 2260 3830 3891 3912">
     <span class='ocr_line' id='line_1_83' title="bbox 2260 3830 3891 3912; baseline -0.001 -24"><span class='ocrx_word' id='word_1_512' title='bbox 2260 3831 2528 3910; x_wconf 76' lang='grc' dir='ltr'>σωτηρίας</span> <span class='ocrx_word' id='word_1_513' title='bbox 2566 3880 2581 3911; x_wconf 92' lang='grc'><strong>,</strong></span> <span class='ocrx_word' id='word_1_514' title='bbox 2636 3830 2971 3906; x_wconf 71' lang='grc' dir='ltr'>ἐπισκέψεως</span> <span class='ocrx_word' id='word_1_515' title='bbox 3006 3879 3022 3904; x_wconf 84' lang='grc'><strong>,</strong></span> <span class='ocrx_word' id='word_1_516' title='bbox 3084 3833 3437 3912; x_wconf 78' lang='grc' dir='ltr'>συγχωρήσες</span> <span class='ocrx_word' id='word_1_517' title='bbox 3514 3835 3602 3888; x_wconf 80' lang='grc' dir='ltr'><strong>καὶ</strong></span> <span class='ocrx_word' id='word_1_518' title='bbox 3670 3831 3891 3911; x_wconf 76' lang='grc' dir='ltr'>ἀφέσεως</span> 
     </span>
    </p>
   </div>
   <div class='ocr_carea' id='block_1_83' title="bbox 2262 3918 3895 4001">
    <p class='ocr_par' dir='ltr' id='par_1_83' title="bbox 2262 3918 3895 4001">
     <span class='ocr_line' id='line_1_84' title="bbox 2262 3918 3895 4001; baseline -0.001 -24"><span class='ocrx_word' id='word_1_519' title='bbox 2262 3927 2366 3978; x_wconf 83' lang='grc' dir='ltr'>τῶν</span> <span class='ocrx_word' id='word_1_520' title='bbox 2427 3920 2700 4000; x_wconf 81' lang='grc' dir='ltr'>ἆμαρτιων</span> <span class='ocrx_word' id='word_1_521' title='bbox 2736 3966 2752 3995; x_wconf 86' lang='grc'><strong>,</strong></span> <span class='ocrx_word' id='word_1_522' title='bbox 2815 3921 2919 3977; x_wconf 75' lang='grc' dir='ltr'>τῶν</span> <span class='ocrx_word' id='word_1_523' title='bbox 2963 3919 3161 3977; x_wconf 78' lang='grc' dir='ltr'>δούλων</span> <span class='ocrx_word' id='word_1_524' title='bbox 3221 3930 3312 3980; x_wconf 79' lang='grc' dir='ltr'>τοῦ</span> <span class='ocrx_word' id='word_1_525' title='bbox 3383 3922 3553 4001; x_wconf 80' lang='grc' dir='ltr'><strong>Θεοῦ,</strong></span> <span class='ocrx_word' id='word_1_526' title='bbox 3615 3929 3720 3977; x_wconf 85' lang='grc' dir='ltr'><strong>τῶν</strong></span> <span class='ocrx_word' id='word_1_527' title='bbox 3756 3918 3895 3977; x_wconf 73' lang='grc' dir='ltr'>ἀδελ-</span> 
     </span>
    </p>
   </div>
   <div class='ocr_carea' id='block_1_84' title="bbox 2262 4009 3891 4091">
    <p class='ocr_par' dir='ltr' id='par_1_84' title="bbox 2262 4009 3891 4091">
     <span class='ocr_line' id='line_1_85' title="bbox 2262 4009 3891 4091; baseline 0 -25"><span class='ocrx_word' id='word_1_528' title='bbox 2262 4016 2373 4090; x_wconf 76' lang='grc' dir='ltr'>φῶν</span> <span class='ocrx_word' id='word_1_529' title='bbox 2444 4010 2539 4078; x_wconf 73' lang='grc' dir='ltr'><strong>τῆς</strong></span> <span class='ocrx_word' id='word_1_530' title='bbox 2620 4010 2770 4087; x_wconf 73' lang='grc' dir='ltr'>ἁγίας</span> <span class='ocrx_word' id='word_1_531' title='bbox 2806 4011 2810 4015; x_wconf 76' lang='grc'><em>’</em></span> <span class='ocrx_word' id='word_1_532' title='bbox 2848 4016 3016 4086; x_wconf 78' lang='grc' dir='ltr'>μονῆς</span> <span class='ocrx_word' id='word_1_533' title='bbox 3094 4012 3310 4079; x_wconf 82' lang='grc' dir='ltr'>ταύτης.</span> <span class='ocrx_word' id='word_1_534' title='bbox 3379 4019 3447 4074; x_wconf 75' lang='grc' dir='ltr'><strong>Χ.</strong></span> <span class='ocrx_word' id='word_1_535' title='bbox 3510 4013 3684 4091; x_wconf 76' lang='grc' dir='ltr'>Κύριε,</span> <span class='ocrx_word' id='word_1_536' title='bbox 3749 4009 3891 4076; x_wconf 79' lang='grc' dir='ltr'>ἐλέη-</span> 
     </span>
    </p>
   </div>
   <div class='ocr_carea' id='block_1_85' title="bbox 2265 4123 2381 4162">
    <p class='ocr_par' dir='ltr' id='par_1_85' title="bbox 2265 4123 2381 4162">
     <span class='ocr_line' id='line_1_86' title="bbox 2265 4123 2381 4162; baseline -0.017 -6"><span class='ocrx_word' id='word_1_537' title='bbox 2265 4123 2381 4162; x_wconf 83' lang='grc' dir='ltr'>σον,</span> 
     </span>
    </p>
   </div>
   <div class='ocr_carea' id='block_1_86' title="bbox 2347 4186 3894 4272">
    <p class='ocr_par' dir='ltr' id='par_1_86' title="bbox 2347 4186 3894 4272">
     <span class='ocr_line' id='line_1_87' title="bbox 2347 4186 3894 4272; baseline -0.001 -26"><span class='ocrx_word' id='word_1_538' title='bbox 2347 4188 2479 4246; x_wconf 83' lang='grc' dir='ltr'>’Ἔτι</span> <span class='ocrx_word' id='word_1_539' title='bbox 2531 4186 2754 4263; x_wconf 79' lang='grc' dir='ltr'>δεόμεθα</span> <span class='ocrx_word' id='word_1_540' title='bbox 2835 4190 2964 4268; x_wconf 78' lang='grc' dir='ltr'>ὑπὲρ</span> <span class='ocrx_word' id='word_1_541' title='bbox 3047 4190 3154 4246; x_wconf 78' lang='grc' dir='ltr'><strong>τῶν</strong></span> <span class='ocrx_word' id='word_1_542' title='bbox 3231 4198 3712 4270; x_wconf 79' lang='grc' dir='ltr'>παρποφορούντων</span> <span class='ocrx_word' id='word_1_543' title='bbox 3748 4240 3766 4272; x_wconf 87' lang='grc'><strong>,</strong></span> <span class='ocrx_word' id='word_1_544' title='bbox 3819 4187 3894 4244; x_wconf 84' lang='grc' dir='ltr'><strong>καὶ</strong></span> 
     </span>
    </p>
   </div>
   <div class='ocr_carea' id='block_1_87' title="bbox 2266 4277 3893 4358">
    <p class='ocr_par' dir='ltr' id='par_1_87' title="bbox 2266 4277 3893 4358">
     <span class='ocr_line' id='line_1_88' title="bbox 2266 4277 3893 4358; baseline -0.001 -23"><span class='ocrx_word' id='word_1_545' title='bbox 2266 4277 2719 4357; x_wconf 72' lang='grc' dir='ltr'>καλλιεργούντων</span> <span class='ocrx_word' id='word_1_546' title='bbox 2775 4278 2828 4333; x_wconf 79' lang='grc' dir='ltr'>ἐν</span> <span class='ocrx_word' id='word_1_547' title='bbox 2888 4287 2964 4352; x_wconf 85' lang='grc' dir='ltr'>τῷ</span> <span class='ocrx_word' id='word_1_548' title='bbox 3020 4279 3155 4358; x_wconf 81' lang='grc' dir='ltr'>ἆγίῳ</span> <span class='ocrx_word' id='word_1_549' title='bbox 3196 4284 3283 4338; x_wconf 82' lang='grc' dir='ltr'><strong>καὶ</strong></span> <span class='ocrx_word' id='word_1_550' title='bbox 3325 4280 3609 4353; x_wconf 80' lang='grc' dir='ltr'>πανσέπτῳ</span> <span class='ocrx_word' id='word_1_551' title='bbox 3636 4288 3752 4355; x_wconf 83' lang='grc' dir='ltr'>ταῷ</span> <span class='ocrx_word' id='word_1_552' title='bbox 3781 4279 3893 4336; x_wconf 79' lang='grc' dir='ltr'>τού-</span> 
     </span>
    </p>
   </div>
   <div class='ocr_carea' id='block_1_88' title="bbox 2266 4367 3888 4449">
    <p class='ocr_par' dir='ltr' id='par_1_88' title="bbox 2266 4367 3888 4449">
     <span class='ocr_line' id='line_1_89' title="bbox 2266 4367 3888 4449; baseline -0.001 -25"><span class='ocrx_word' id='word_1_553' title='bbox 2266 4391 2364 4449; x_wconf 86' lang='grc' dir='ltr'><strong>τῳ,</strong></span> <span class='ocrx_word' id='word_1_554' title='bbox 2397 4369 2736 4442; x_wconf 78' lang='grc' dir='ltr'>κοπιώντων,</span> <span class='ocrx_word' id='word_1_555' title='bbox 2793 4368 3131 4448; x_wconf 84' lang='grc' dir='ltr'>ψαλλόντων,</span> <span class='ocrx_word' id='word_1_556' title='bbox 3190 4373 3279 4427; x_wconf 82' lang='grc' dir='ltr'><strong>καὶ</strong></span> <span class='ocrx_word' id='word_1_557' title='bbox 3325 4370 3452 4446; x_wconf 74' lang='grc' dir='ltr'>ὑπὲρ</span> <span class='ocrx_word' id='word_1_558' title='bbox 3504 4370 3596 4425; x_wconf 81' lang='grc' dir='ltr'>τοῦ</span> <span class='ocrx_word' id='word_1_559' title='bbox 3624 4367 3888 4449; x_wconf 81' lang='grc' dir='ltr'>περιεστῶ·</span> 
     </span>
    </p>
   </div>
   <div class='ocr_carea' id='block_1_89' title="bbox 540 4455 2177 4538">
    <p class='ocr_par' dir='ltr' id='par_1_89' title="bbox 540 4455 2177 4538">
     <span class='ocr_line' id='line_1_90' title="bbox 540 4455 2177 4538; baseline -0.002 -16"><span class='ocrx_word' id='word_1_560' title='bbox 540 4467 870 4523; x_wconf 91' lang='lat' dir='ltr'><strong>cumstante</strong></span> <span class='ocrx_word' id='word_1_561' title='bbox 903 4457 1186 4538; x_wconf 91' lang='lat' dir='ltr'><strong>populo,a</strong></span> <span class='ocrx_word' id='word_1_562' title='bbox 1216 4466 1270 4518; x_wconf 88' lang='lat' dir='ltr'><strong>te</strong></span> <span class='ocrx_word' id='word_1_563' title='bbox 1307 4474 1579 4537; x_wconf 75' lang='lat' dir='ltr'><strong>magnam</strong></span> <span class='ocrx_word' id='word_1_564' title='bbox 1608 4464 1665 4517; x_wconf 90' lang='lat' dir='ltr'><strong>et</strong></span> <span class='ocrx_word' id='word_1_565' title='bbox 1693 4455 2040 4519; x_wconf 86' lang='lat' dir='ltr'><strong>afﬂuentem</strong></span> <span class='ocrx_word' id='word_1_566' title='bbox 2070 4457 2177 4519; x_wconf 92' lang='lat' dir='ltr'><strong>mi-</strong></span> 
     </span>
    </p>
   </div>
   <div class='ocr_carea' id='block_1_90' title="bbox 2285 4455 3895 4538">
    <p class='ocr_par' dir='ltr' id='par_1_90' title="bbox 2285 4455 3895 4538">
     <span class='ocr_line' id='line_1_91' title="bbox 2285 4455 3895 4538; baseline -0.003 -23"><span class='ocrx_word' id='word_1_567' title='bbox 2285 4479 2360 4521; x_wconf 75' lang='grc' dir='ltr'>τος</span> <span class='ocrx_word' id='word_1_568' title='bbox 2392 4456 2546 4533; x_wconf 75' lang='grc' dir='ltr'>λαου,</span> <span class='ocrx_word' id='word_1_569' title='bbox 2580 4467 2672 4516; x_wconf 80' lang='grc' dir='ltr'>τοῦ</span> <span class='ocrx_word' id='word_1_570' title='bbox 2729 4455 3164 4537; x_wconf 76' lang='grc' dir='ltr'>ἀπεκδεχομένου</span> <span class='ocrx_word' id='word_1_571' title='bbox 3207 4461 3268 4515; x_wconf 84' lang='grc' dir='ltr'>τὸ</span> <span class='ocrx_word' id='word_1_572' title='bbox 3333 4461 3475 4537; x_wconf 80' lang='grc' dir='ltr'>παρὰ</span> <span class='ocrx_word' id='word_1_573' title='bbox 3533 4469 3626 4518; x_wconf 79' lang='grc' dir='ltr'>σοῦ</span> <span class='ocrx_word' id='word_1_574' title='bbox 3657 4458 3796 4538; x_wconf 73' lang='grc' dir='ltr'>μέγα</span> <span class='ocrx_word' id='word_1_575' title='bbox 3821 4457 3895 4513; x_wconf 79' lang='grc' dir='ltr'><strong>καὶ</strong></span> 
     </span>
    </p>
   </div>
   <div class='ocr_carea' id='block_1_91' title="bbox 543 4543 2180 4626">
    <p class='ocr_par' dir='ltr' id='par_1_91' title="bbox 543 4543 2180 4626">
     <span class='ocr_line' id='line_1_92' title="bbox 543 4543 2180 4626; baseline -0.003 -14"><span class='ocrx_word' id='word_1_576' title='bbox 543 4547 932 4612; x_wconf 88' lang='lat' dir='ltr'><strong>sericordiam</strong></span> <span class='ocrx_word' id='word_1_577' title='bbox 967 4553 1373 4626; x_wconf 84' lang='lat' dir='ltr'><strong>exspectante.</strong></span> <span class='ocrx_word' id='word_1_578' title='bbox 1406 4545 1664 4625; x_wconf 86' lang='lat' dir='ltr'><strong>Populus</strong></span> <span class='ocrx_word' id='word_1_579' title='bbox 1697 4562 1711 4607; x_wconf 90' lang='lat'>:</span> <span class='ocrx_word' id='word_1_580' title='bbox 1748 4543 1814 4606; x_wconf 92' lang='lat' dir='ltr'><strong>In</strong></span> <span class='ocrx_word' id='word_1_581' title='bbox 1842 4545 2062 4608; x_wconf 88' lang='lat' dir='ltr'><strong>multos</strong></span> <span class='ocrx_word' id='word_1_582' title='bbox 2079 4564 2180 4607; x_wconf 88' lang='lat' dir='ltr'><strong>an-</strong></span> 
     </span>
    </p>
   </div>
   <div class='ocr_carea' id='block_1_92' title="bbox 542 4633 2184 4714">
    <p class='ocr_par' dir='ltr' id='par_1_92' title="bbox 542 4633 2184 4714">
     <span class='ocr_line' id='line_1_93' title="bbox 542 4633 2184 4714; baseline -0.004 -12"><span class='ocrx_word' id='word_1_583' title='bbox 542 4658 673 4714; x_wconf 89' lang='lat' dir='ltr'><strong>nos,</strong></span> <span class='ocrx_word' id='word_1_584' title='bbox 720 4637 993 4699; x_wconf 90' lang='lat' dir='ltr'><strong>Domine.</strong></span> <span class='ocrx_word' id='word_1_585' title='bbox 1026 4633 1176 4696; x_wconf 92' lang='lat' dir='ltr'><strong>Tum</strong></span> <span class='ocrx_word' id='word_1_586' title='bbox 1209 4634 1380 4696; x_wconf 79' lang='lat' dir='ltr'><strong>efiert</strong></span> <span class='ocrx_word' id='word_1_587' title='bbox 1412 4653 1616 4696; x_wconf 91' lang='lat' dir='ltr'><strong>vocem</strong></span> <span class='ocrx_word' id='word_1_588' title='bbox 1665 4634 1945 4697; x_wconf 89' lang='lat' dir='ltr'><strong>sacerdos</strong></span> <span class='ocrx_word' id='word_1_589' title='bbox 1981 4656 1995 4698; x_wconf 90' lang='lat'><strong>:</strong></span> <span class='ocrx_word' id='word_1_590' title='bbox 2030 4634 2184 4708; x_wconf 88' lang='lat' dir='ltr'><strong>Quia</strong></span> 
     </span>
    </p>
   </div>
   <div class='ocr_carea' id='block_1_93' title="bbox 545 4723 2185 4803">
    <p class='ocr_par' dir='ltr' id='par_1_93' title="bbox 545 4723 2185 4803">
     <span class='ocr_line' id='line_1_94' title="bbox 545 4723 2185 4803; baseline -0.004 -11"><span class='ocrx_word' id='word_1_591' title='bbox 545 4727 886 4792; x_wconf 89' lang='lat' dir='ltr'><strong>misericors</strong></span> <span class='ocrx_word' id='word_1_592' title='bbox 917 4731 978 4790; x_wconf 83' lang='lat' dir='ltr'><strong>et</strong></span> <span class='ocrx_word' id='word_1_593' title='bbox 1009 4724 1302 4802; x_wconf 81' lang='lat' dir='ltr'><strong>benignus</strong></span> <span class='ocrx_word' id='word_1_594' title='bbox 1330 4742 1470 4803; x_wconf 79' lang='lat' dir='ltr'><strong>erga</strong></span> <span class='ocrx_word' id='word_1_595' title='bbox 1497 4723 1780 4786; x_wconf 89' lang='lat' dir='ltr'><strong>homines</strong></span> <span class='ocrx_word' id='word_1_596' title='bbox 1813 4724 1966 4786; x_wconf 90' lang='lat' dir='ltr'><strong>Deus</strong></span> <span class='ocrx_word' id='word_1_597' title='bbox 2008 4743 2097 4801; x_wconf 90' lang='lat' dir='ltr'><strong>es,</strong></span> <span class='ocrx_word' id='word_1_598' title='bbox 2126 4733 2185 4787; x_wconf 90' lang='lat' dir='ltr'><strong>et</strong></span> 
     </span>
    </p>
   </div>
   <div class='ocr_carea' id='block_1_94' title="bbox 545 4813 2182 4898">
    <p class='ocr_par' dir='ltr' id='par_1_94' title="bbox 545 4813 2182 4898">
     <span class='ocr_line' id='line_1_95' title="bbox 545 4813 2182 4898; baseline -0.004 -16"><span class='ocrx_word' id='word_1_599' title='bbox 545 4818 658 4883; x_wconf 89' lang='lat' dir='ltr'><strong>tibi</strong></span> <span class='ocrx_word' id='word_1_600' title='bbox 678 4818 924 4898; x_wconf 70' lang='lat' dir='ltr'><strong>gloriam</strong></span> <span class='ocrx_word' id='word_1_601' title='bbox 950 4815 1348 4896; x_wconf 89' lang='lat' dir='ltr'><strong>impertimur,</strong></span> <span class='ocrx_word' id='word_1_602' title='bbox 1377 4813 1558 4888; x_wconf 90' lang='lat' dir='ltr'><strong>Patri,</strong></span> <span class='ocrx_word' id='word_1_603' title='bbox 1596 4821 1654 4875; x_wconf 90' lang='lat' dir='ltr'><strong>et</strong></span> <span class='ocrx_word' id='word_1_604' title='bbox 1694 4815 1866 4888; x_wconf 88' lang='lat' dir='ltr'><strong>Filio,</strong></span> <span class='ocrx_word' id='word_1_605' title='bbox 1904 4823 1962 4877; x_wconf 91' lang='lat' dir='ltr'><strong>et</strong></span> <span class='ocrx_word' id='word_1_606' title='bbox 1991 4814 2182 4894; x_wconf 87' lang='lat' dir='ltr'><strong>Spiri-</strong></span> 
     </span>
    </p>
   </div>
   <div class='ocr_carea' id='block_1_95' title="bbox 547 4903 2183 4987">
    <p class='ocr_par' dir='ltr' id='par_1_95' title="bbox 547 4903 2183 4987">
     <span class='ocr_line' id='line_1_96' title="bbox 547 4903 2183 4987; baseline -0.004 -16"><span class='ocrx_word' id='word_1_607' title='bbox 547 4912 632 4972; x_wconf 91' lang='lat' dir='ltr'><strong>tui</strong></span> <span class='ocrx_word' id='word_1_608' title='bbox 662 4915 890 4987; x_wconf 89' lang='lat' dir='ltr'><strong>sancto,</strong></span> <span class='ocrx_word' id='word_1_609' title='bbox 920 4923 1102 4986; x_wconf 89' lang='lat' dir='ltr'><strong>nunc,</strong></span> <span class='ocrx_word' id='word_1_610' title='bbox 1129 4912 1187 4966; x_wconf 91' lang='lat' dir='ltr'><strong>et</strong></span> <span class='ocrx_word' id='word_1_611' title='bbox 1216 4922 1482 4984; x_wconf 88' lang='lat' dir='ltr'><strong>semper,</strong></span> <span class='ocrx_word' id='word_1_612' title='bbox 1515 4911 1571 4965; x_wconf 90' lang='lat' dir='ltr'><strong>et</strong></span> <span class='ocrx_word' id='word_1_613' title='bbox 1600 4903 1662 4964; x_wconf 91' lang='lat' dir='ltr'><strong>in</strong></span> <span class='ocrx_word' id='word_1_614' title='bbox 1690 4903 1907 4966; x_wconf 66' lang='lat' dir='ltr'><strong>saecula</strong></span> <span class='ocrx_word' id='word_1_615' title='bbox 1939 4905 2183 4966; x_wconf 78' lang='lat' dir='ltr'><strong>saeculo-</strong></span> 
     </span>
    </p>
   </div>
   <div class='ocr_carea' id='block_1_96' title="bbox 549 4991 2180 5076">
    <p class='ocr_par' dir='ltr' id='par_1_96' title="bbox 549 4991 2180 5076">
     <span class='ocr_line' id='line_1_97' title="bbox 549 4991 2180 5076; baseline -0.001 -18"><span class='ocrx_word' id='word_1_616' title='bbox 549 5016 703 5058; x_wconf 89' lang='lat' dir='ltr'><strong>rum.</strong></span> <span class='ocrx_word' id='word_1_617' title='bbox 731 4996 962 5058; x_wconf 86' lang='lat' dir='ltr'><strong>Chorus</strong></span> <span class='ocrx_word' id='word_1_618' title='bbox 998 5017 1010 5059; x_wconf 92' lang='lat'>:</span> <span class='ocrx_word' id='word_1_619' title='bbox 1043 4995 1256 5057; x_wconf 79' lang='lat' dir='ltr'><strong>Amen.</strong></span> <span class='ocrx_word' id='word_1_620' title='bbox 1282 4994 1357 5056; x_wconf 87' lang='lat' dir='ltr'><strong>Et</strong></span> <span class='ocrx_word' id='word_1_621' title='bbox 1389 4991 1641 5073; x_wconf 76' lang='lat' dir='ltr'><strong>papulas</strong></span> <span class='ocrx_word' id='word_1_622' title='bbox 1663 4992 1806 5055; x_wconf 86' lang='lat' dir='ltr'><strong>dicit</strong></span> <span class='ocrx_word' id='word_1_623' title='bbox 1832 5014 1845 5056; x_wconf 92' lang='lat'><strong>:</strong></span> <span class='ocrx_word' id='word_1_624' title='bbox 1875 4993 2132 5074; x_wconf 79' lang='lat' dir='ltr'><strong>Dignare</strong></span> <span class='ocrx_word' id='word_1_625' title='bbox 2164 5043 2180 5076; x_wconf 87' lang='lat'><strong>,</strong></span> 
     </span>
    </p>
   </div>
   <div class='ocr_carea' id='block_1_97' title="bbox 548 5087 825 5150">
    <p class='ocr_par' dir='ltr' id='par_1_97' title="bbox 548 5087 825 5150">
     <span class='ocr_line' id='line_1_98' title="bbox 548 5087 825 5150; baseline -0.018 0"><span class='ocrx_word' id='word_1_626' title='bbox 548 5087 825 5150; x_wconf 90' lang='lat' dir='ltr'><strong>Domine.</strong></span> 
     </span>
    </p>
   </div>
   <div class='ocr_carea' id='block_1_98' title="bbox 632 5171 2289 5254">
    <p class='ocr_par' dir='ltr' id='par_1_98' title="bbox 632 5171 2289 5254">
     <span class='ocr_line' id='line_1_99' title="bbox 632 5171 2289 5254; baseline -0.001 -17"><span class='ocrx_word' id='word_1_627' title='bbox 632 5174 766 5238; x_wconf 82' lang='grc'><strong>104.</strong></span> <span class='ocrx_word' id='word_1_628' title='bbox 819 5173 1041 5235; x_wconf 90' lang='lat' dir='ltr'><strong>lterum</strong></span> <span class='ocrx_word' id='word_1_629' title='bbox 1100 5172 1436 5236; x_wconf 89' lang='lat' dir='ltr'><strong>diaconus:</strong></span> <span class='ocrx_word' id='word_1_630' title='bbox 1476 5171 1895 5253; x_wconf 84' lang='lat' dir='ltr'><strong>Compleamus</strong></span> <span class='ocrx_word' id='word_1_631' title='bbox 1937 5190 2184 5254; x_wconf 74' lang='lat' dir='ltr'><strong>veSper-</strong></span> <span class='ocrx_word' id='word_1_632' title='bbox 2284 5191 2289 5196; x_wconf 80' lang='lat'><strong><em>&#39;</em></strong></span> 
     </span>
    </p>
   </div>
   <div class='ocr_carea' id='block_1_99' title="bbox 547 5259 2188 5343">
    <p class='ocr_par' dir='ltr' id='par_1_99' title="bbox 547 5259 2188 5343">
     <span class='ocr_line' id='line_1_100' title="bbox 547 5259 2188 5343; baseline 0.001 -19"><span class='ocrx_word' id='word_1_633' title='bbox 547 5264 729 5326; x_wconf 89' lang='lat' dir='ltr'><strong>tinam</strong></span> <span class='ocrx_word' id='word_1_634' title='bbox 791 5271 1052 5324; x_wconf 84' lang='lat' dir='ltr'><strong>nostram</strong></span> <span class='ocrx_word' id='word_1_635' title='bbox 1097 5262 1502 5343; x_wconf 87' lang='lat' dir='ltr'><strong>precationem</strong></span> <span class='ocrx_word' id='word_1_636' title='bbox 1537 5259 1814 5324; x_wconf 90' lang='lat' dir='ltr'><strong>Domino.</strong></span> <span class='ocrx_word' id='word_1_637' title='bbox 1843 5261 1951 5325; x_wconf 85' lang='lat' dir='ltr'><strong>Ch.</strong></span> <span class='ocrx_word' id='word_1_638' title='bbox 1987 5261 2188 5325; x_wconf 85' lang='lat' dir='ltr'><strong>Domi-</strong></span> 
     </span>
    </p>
   </div>
   <div class='ocr_carea' id='block_1_100' title="bbox 550 5370 992 5426">
    <p class='ocr_par' dir='ltr' id='par_1_100' title="bbox 550 5370 992 5426">
     <span class='ocr_line' id='line_1_101' title="bbox 550 5370 992 5426; baseline -0.011 -10"><span class='ocrx_word' id='word_1_639' title='bbox 550 5371 646 5426; x_wconf 88' lang='lat' dir='ltr'><strong>ne,</strong></span> <span class='ocrx_word' id='word_1_640' title='bbox 685 5370 992 5414; x_wconf 79' lang='lat' dir='ltr'><strong>miserere.</strong></span> 
     </span>
    </p>
   </div>
   <div class='ocr_carea' id='block_1_101' title="bbox 630 5439 2184 5522">
    <p class='ocr_par' dir='ltr' id='par_1_101' title="bbox 630 5439 2184 5522">
     <span class='ocr_line' id='line_1_102' title="bbox 630 5439 2184 5522; baseline 0 -19"><span class='ocrx_word' id='word_1_641' title='bbox 630 5440 901 5520; x_wconf 87' lang='lat' dir='ltr'><strong>Suscipe,</strong></span> <span class='ocrx_word' id='word_1_642' title='bbox 946 5457 1135 5513; x_wconf 83' lang='lat' dir='ltr'><strong>serva,</strong></span> <span class='ocrx_word' id='word_1_643' title='bbox 1168 5440 1459 5503; x_wconf 81' lang='lat' dir='ltr'><strong>miserere</strong></span> <span class='ocrx_word' id='word_1_644' title='bbox 1481 5450 1543 5503; x_wconf 84' lang='lat' dir='ltr'><strong>et</strong></span> <span class='ocrx_word' id='word_1_645' title='bbox 1582 5439 1811 5503; x_wconf 87' lang='lat' dir='ltr'><strong>custodi</strong></span> <span class='ocrx_word' id='word_1_646' title='bbox 1841 5460 1970 5522; x_wconf 87' lang='lat' dir='ltr'><strong>nos,</strong></span> <span class='ocrx_word' id='word_1_647' title='bbox 2005 5443 2184 5519; x_wconf 88' lang='lat' dir='ltr'><strong>Deus,</strong></span> 
     </span>
    </p>
   </div>
   <div class='ocr_carea' id='block_1_102' title="bbox 552 5526 1693 5610">
    <p class='ocr_par' dir='ltr' id='par_1_102' title="bbox 552 5526 1693 5610">
     <span class='ocr_line' id='line_1_103' title="bbox 552 5526 1693 5610; baseline -0.001 -17"><span class='ocrx_word' id='word_1_648' title='bbox 552 5541 649 5594; x_wconf 86' lang='lat' dir='ltr'><strong>tua</strong></span> <span class='ocrx_word' id='word_1_649' title='bbox 678 5531 886 5610; x_wconf 81' lang='lat' dir='ltr'><strong>gratia.</strong></span> <span class='ocrx_word' id='word_1_650' title='bbox 922 5530 1032 5592; x_wconf 88' lang='lat' dir='ltr'><strong>Ch.</strong></span> <span class='ocrx_word' id='word_1_651' title='bbox 1065 5526 1338 5607; x_wconf 87' lang='lat' dir='ltr'><strong>Domine,</strong></span> <span class='ocrx_word' id='word_1_652' title='bbox 1386 5532 1693 5593; x_wconf 89' lang='lat' dir='ltr'><strong>miserere.</strong></span> 
     </span>
    </p>
   </div>
   <div class='ocr_carea' id='block_1_103' title="bbox 635 5712 2194 5796">
    <p class='ocr_par' dir='ltr' id='par_1_103' title="bbox 635 5712 2194 5796">
     <span class='ocr_line' id='line_1_104' title="bbox 635 5712 2194 5796; baseline 0.001 -23"><span class='ocrx_word' id='word_1_653' title='bbox 635 5714 957 5796; x_wconf 87' lang='lat' dir='ltr'><strong>Vesperam</strong></span> <span class='ocrx_word' id='word_1_654' title='bbox 1010 5725 1247 5772; x_wconf 88' lang='lat' dir='ltr'><strong>omnem</strong></span> <span class='ocrx_word' id='word_1_655' title='bbox 1281 5712 1630 5793; x_wconf 86' lang='lat' dir='ltr'><strong>perfectam,</strong></span> <span class='ocrx_word' id='word_1_656' title='bbox 1664 5722 1953 5789; x_wconf 87' lang='lat' dir='ltr'><strong>sanctam,</strong></span> <span class='ocrx_word' id='word_1_657' title='bbox 1988 5713 2194 5794; x_wconf 80' lang='lat' dir='ltr'><strong>pacifi-</strong></span> 
     </span>
    </p>
   </div>
   <div class='ocr_carea' id='block_1_104' title="bbox 2264 4545 3891 4622">
    <p class='ocr_par' dir='ltr' id='par_1_104' title="bbox 2264 4545 3891 4622">
     <span class='ocr_line' id='line_1_105' title="bbox 2264 4545 3891 4622; baseline -0.001 -17"><span class='ocrx_word' id='word_1_658' title='bbox 2264 4547 2515 4605; x_wconf 83' lang='grc' dir='ltr'>πλούσιον</span> <span class='ocrx_word' id='word_1_659' title='bbox 2556 4545 2729 4610; x_wconf 75' lang='grc' dir='ltr'>ἕλεος.</span> <span class='ocrx_word' id='word_1_660' title='bbox 2784 4545 2844 4605; x_wconf 78' lang='grc' dir='ltr'>Ὀ</span> <span class='ocrx_word' id='word_1_661' title='bbox 2899 4546 3053 4611; x_wconf 71' lang='grc' dir='ltr'>λαός,</span> <span class='ocrx_word' id='word_1_662' title='bbox 3118 4549 3203 4610; x_wconf 80' lang='grc' dir='ltr'><strong>Εἷς</strong></span> <span class='ocrx_word' id='word_1_663' title='bbox 3265 4547 3437 4605; x_wconf 82' lang='grc' dir='ltr'>πολλὰ</span> <span class='ocrx_word' id='word_1_664' title='bbox 3487 4547 3603 4622; x_wconf 76' lang='grc' dir='ltr'>ἔτη,</span> <span class='ocrx_word' id='word_1_665' title='bbox 3645 4550 3891 4605; x_wconf 77' lang='grc' dir='ltr'>Δέσποτα.</span> 
     </span>
    </p>
   </div>
   <div class='ocr_carea' id='block_1_105' title="bbox 2264 4635 3886 4717">
    <p class='ocr_par' dir='ltr' id='par_1_105' title="bbox 2264 4635 3886 4717">
     <span class='ocr_line' id='line_1_106' title="bbox 2264 4635 3886 4717; baseline -0.003 -22"><span class='ocrx_word' id='word_1_666' title='bbox 2264 4637 2549 4717; x_wconf 75' lang='grc' dir='ltr'>Ἐκφώνως</span> <span class='ocrx_word' id='word_1_667' title='bbox 2607 4640 2634 4693; x_wconf 86' lang='grc' dir='ltr'>ὁ</span> <span class='ocrx_word' id='word_1_668' title='bbox 2691 4637 2878 4717; x_wconf 74' lang='grc' dir='ltr'>ἱερεύς·</span> <span class='ocrx_word' id='word_1_669' title='bbox 2949 4635 3083 4694; x_wconf 75' lang='lat' dir='ltr'><strong>&quot;Ott</strong></span> <span class='ocrx_word' id='word_1_670' title='bbox 3153 4637 3399 4713; x_wconf 78' lang='grc' dir='ltr'>έλέημων</span> <span class='ocrx_word' id='word_1_671' title='bbox 3456 4641 3543 4694; x_wconf 78' lang='grc' dir='ltr'>καὶ</span> <span class='ocrx_word' id='word_1_672' title='bbox 3601 4637 3886 4716; x_wconf 76' lang='grc' dir='ltr'>φιλάνθρω-</span> 
     </span>
    </p>
   </div>
   <div class='ocr_carea' id='block_1_106' title="bbox 2265 4725 3888 4807">
    <p class='ocr_par' dir='ltr' id='par_1_106' title="bbox 2265 4725 3888 4807">
     <span class='ocr_line' id='line_1_107' title="bbox 2265 4725 3888 4807; baseline -0.003 -23"><span class='ocrx_word' id='word_1_673' title='bbox 2265 4749 2365 4790; x_wconf 86' lang='grc' dir='ltr'><strong>πος</strong></span> <span class='ocrx_word' id='word_1_674' title='bbox 2398 4729 2526 4792; x_wconf 86' lang='grc' dir='ltr'>Θεὸς</span> <span class='ocrx_word' id='word_1_675' title='bbox 2557 4728 2840 4807; x_wconf 78' lang='grc' dir='ltr'>ὑπαρχεις,</span> <span class='ocrx_word' id='word_1_676' title='bbox 2875 4727 2960 4782; x_wconf 83' lang='grc' dir='ltr'><strong>καὶ</strong></span> <span class='ocrx_word' id='word_1_677' title='bbox 3018 4749 3100 4783; x_wconf 91' lang='grc' dir='ltr'><strong>σοι</strong></span> <span class='ocrx_word' id='word_1_678' title='bbox 3161 4729 3258 4795; x_wconf 69' lang='grc' dir='ltr'>τὴν</span> <span class='ocrx_word' id='word_1_679' title='bbox 3305 4725 3455 4792; x_wconf 79' lang='grc' dir='ltr'>δόξαν</span> <span class='ocrx_word' id='word_1_680' title='bbox 3501 4726 3888 4802; x_wconf 78' lang='grc' dir='ltr'>ὰναπέμπομεν,</span> 
     </span>
    </p>
   </div>
   <div class='ocr_carea' id='block_1_107' title="bbox 2267 4817 3893 4896">
    <p class='ocr_par' dir='ltr' id='par_1_107' title="bbox 2267 4817 3893 4896">
     <span class='ocr_line' id='line_1_108' title="bbox 2267 4817 3893 4896; baseline -0.002 -23"><span class='ocrx_word' id='word_1_681' title='bbox 2267 4825 2342 4891; x_wconf 83' lang='grc' dir='ltr'>τῷ</span> <span class='ocrx_word' id='word_1_682' title='bbox 2377 4817 2557 4894; x_wconf 79' lang='grc' dir='ltr'>Πατρί,</span> <span class='ocrx_word' id='word_1_683' title='bbox 2602 4819 2691 4872; x_wconf 81' lang='grc' dir='ltr'>καὶ</span> <span class='ocrx_word' id='word_1_684' title='bbox 2721 4823 2798 4890; x_wconf 86' lang='grc' dir='ltr'><strong>τῷ</strong></span> <span class='ocrx_word' id='word_1_685' title='bbox 2829 4817 2956 4895; x_wconf 74' lang='grc' dir='ltr'>ι’ίῷ,</span> <span class='ocrx_word' id='word_1_686' title='bbox 3003 4817 3090 4872; x_wconf 80' lang='grc' dir='ltr'><strong>καὶ</strong></span> <span class='ocrx_word' id='word_1_687' title='bbox 3147 4823 3224 4891; x_wconf 80' lang='grc' dir='ltr'>τῷ</span> <span class='ocrx_word' id='word_1_688' title='bbox 3283 4817 3417 4896; x_wconf 79' lang='grc' dir='ltr'>ἁγίῳ</span> <span class='ocrx_word' id='word_1_689' title='bbox 3486 4818 3774 4891; x_wconf 82' lang='grc' dir='ltr'>Πνεύματι,</span> <span class='ocrx_word' id='word_1_690' title='bbox 3821 4821 3893 4870; x_wconf 79' lang='grc' dir='ltr'>νῦν</span> 
     </span>
    </p>
   </div>
   <div class='ocr_carea' id='block_1_108' title="bbox 2268 4907 3888 4984">
    <p class='ocr_par' dir='ltr' id='par_1_108' title="bbox 2268 4907 3888 4984">
     <span class='ocr_line' id='line_1_109' title="bbox 2268 4907 3888 4984; baseline -0.002 -16"><span class='ocrx_word' id='word_1_691' title='bbox 2268 4914 2354 4969; x_wconf 84' lang='grc' dir='ltr'><strong>καὶ</strong></span> <span class='ocrx_word' id='word_1_692' title='bbox 2384 4910 2465 4966; x_wconf 80' lang='grc' dir='ltr'><strong>ἀεὶ</strong></span> <span class='ocrx_word' id='word_1_693' title='bbox 2490 4911 2575 4965; x_wconf 85' lang='grc' dir='ltr'><strong>καὶ</strong></span> <span class='ocrx_word' id='word_1_694' title='bbox 2627 4911 2697 4972; x_wconf 86' lang='grc' dir='ltr'>εἰς</span> <span class='ocrx_word' id='word_1_695' title='bbox 2731 4911 2851 4972; x_wconf 83' lang='grc' dir='ltr'>τοὺς</span> <span class='ocrx_word' id='word_1_696' title='bbox 2901 4907 3095 4974; x_wconf 83' lang='grc' dir='ltr'>αἰῶνας</span> <span class='ocrx_word' id='word_1_697' title='bbox 3131 4909 3238 4966; x_wconf 83' lang='grc' dir='ltr'>τῶν</span> <span class='ocrx_word' id='word_1_698' title='bbox 3297 4911 3525 4974; x_wconf 77' lang='grc' dir='ltr'>αἰώνων.</span> <span class='ocrx_word' id='word_1_699' title='bbox 3587 4917 3654 4974; x_wconf 73' lang='grc' dir='ltr'><strong>Χ.</strong></span> <span class='ocrx_word' id='word_1_700' title='bbox 3713 4907 3888 4984; x_wconf 78' lang='grc' dir='ltr'>Ἀμὴν.</span> 
     </span>
    </p>
   </div>
   <div class='ocr_carea' id='block_1_109' title="bbox 2267 4998 3223 5079">
    <p class='ocr_par' dir='ltr' id='par_1_109' title="bbox 2267 4998 3223 5079">
     <span class='ocr_line' id='line_1_110' title="bbox 2267 4998 3223 5079; baseline -0.003 -21"><span class='ocrx_word' id='word_1_701' title='bbox 2267 5001 2373 5064; x_wconf 82' lang='grc' dir='ltr'>Καὶ</span> <span class='ocrx_word' id='word_1_702' title='bbox 2402 5002 2430 5055; x_wconf 88' lang='grc' dir='ltr'><strong>ὸ</strong></span> <span class='ocrx_word' id='word_1_703' title='bbox 2459 4999 2609 5064; x_wconf 81' lang='grc' dir='ltr'>λαος⁶</span> <span class='ocrx_word' id='word_1_704' title='bbox 2648 4998 3013 5079; x_wconf 78' lang='grc' dir='ltr'>Καταξίωσον,</span> <span class='ocrx_word' id='word_1_705' title='bbox 3047 4999 3223 5078; x_wconf 75' lang='grc' dir='ltr'>Κύριε,</span> 
     </span>
    </p>
   </div>
   <div class='ocr_carea' id='block_1_110' title="bbox 2349 5178 3891 5260">
    <p class='ocr_par' dir='ltr' id='par_1_110' title="bbox 2349 5178 3891 5260">
     <span class='ocr_line' id='line_1_111' title="bbox 2349 5178 3891 5260; baseline -0.005 -20"><span class='ocrx_word' id='word_1_706' title='bbox 2349 5183 2409 5240; x_wconf 87' lang='grc' dir='ltr'>Ὀ</span> <span class='ocrx_word' id='word_1_707' title='bbox 2485 5179 2731 5245; x_wconf 74' lang='grc' dir='ltr'>διάκανος</span> <span class='ocrx_word' id='word_1_708' title='bbox 2816 5179 3001 5237; x_wconf 78' lang='grc' dir='ltr'>πάλιν⁸</span> <span class='ocrx_word' id='word_1_709' title='bbox 3065 5178 3441 5260; x_wconf 82' lang='grc' dir='ltr'>Πληρώσωμεν</span> <span class='ocrx_word' id='word_1_710' title='bbox 3525 5181 3624 5249; x_wconf 68' lang='grc' dir='ltr'><strong>τὴν</strong></span> <span class='ocrx_word' id='word_1_711' title='bbox 3698 5181 3891 5252; x_wconf 78' lang='grc' dir='ltr'>ἑσπερι-</span> 
     </span>
    </p>
   </div>
   <div class='ocr_carea' id='block_1_111' title="bbox 2268 5268 3889 5350">
    <p class='ocr_par' dir='ltr' id='par_1_111' title="bbox 2268 5268 3889 5350">
     <span class='ocr_line' id='line_1_112' title="bbox 2268 5268 3889 5350; baseline -0.012 -20"><span class='ocrx_word' id='word_1_712' title='bbox 2268 5273 2363 5340; x_wconf 78' lang='grc' dir='ltr'>νὴν</span> <span class='ocrx_word' id='word_1_713' title='bbox 2421 5270 2601 5338; x_wconf 83' lang='grc' dir='ltr'>δέησιν</span> <span class='ocrx_word' id='word_1_714' title='bbox 2649 5271 2802 5346; x_wconf 75' lang='grc' dir='ltr'>ἡμῶν</span> <span class='ocrx_word' id='word_1_715' title='bbox 2862 5278 2938 5345; x_wconf 83' lang='grc' dir='ltr'>τῷ</span> <span class='ocrx_word' id='word_1_716' title='bbox 3002 5272 3193 5350; x_wconf 80' lang='grc' dir='ltr'>Κυρίῳ.</span> <span class='ocrx_word' id='word_1_717' title='bbox 3264 5268 3325 5328; x_wconf 90' lang='grc' dir='ltr'>Ὀ</span> <span class='ocrx_word' id='word_1_718' title='bbox 3369 5292 3494 5349; x_wconf 78' lang='grc' dir='ltr'>χορ,</span> <span class='ocrx_word' id='word_1_719' title='bbox 3531 5280 3711 5350; x_wconf 59' lang='grc' dir='ltr'>κυριε,</span> <span class='ocrx_word' id='word_1_720' title='bbox 3745 5268 3889 5334; x_wconf 66' lang='grc' dir='ltr'>ἐλέη-</span> 
     </span>
    </p>
   </div>
   <div class='ocr_carea' id='block_1_112' title="bbox 2272 5385 2390 5424">
    <p class='ocr_par' dir='ltr' id='par_1_112' title="bbox 2272 5385 2390 5424">
     <span class='ocr_line' id='line_1_113' title="bbox 2272 5385 2390 5424; baseline 0.051 -6"><span class='ocrx_word' id='word_1_721' title='bbox 2272 5385 2390 5424; x_wconf 89' lang='grc' dir='ltr'>σον.</span> 
     </span>
    </p>
   </div>
   <div class='ocr_carea' id='block_1_113' title="bbox 2353 5447 3016 5522">
    <p class='ocr_par' dir='ltr' id='par_1_113' title="bbox 2353 5447 3016 5522">
     <span class='ocr_line' id='line_1_114' title="bbox 2353 5447 3016 5522; baseline -0.003 -14"><span class='ocrx_word' id='word_1_722' title='bbox 2353 5447 2664 5508; x_wconf 74' lang='grc' dir='ltr'>Ἀντιλᾶϐου</span> <span class='ocrx_word' id='word_1_723' title='bbox 2695 5495 2708 5522; x_wconf 86' lang='grc'><strong>,</strong></span> <span class='ocrx_word' id='word_1_724' title='bbox 2800 5450 2970 5506; x_wconf 84' lang='grc' dir='ltr'>σῶσον</span> <span class='ocrx_word' id='word_1_725' title='bbox 2997 5493 3016 5519; x_wconf 87' lang='lat'><strong>,</strong></span> 
     </span>
    </p>
   </div>
   <div class='ocr_carea' id='block_1_114' title="bbox 2271 5543 2464 5616">
    <p class='ocr_par' dir='ltr' id='par_1_114' title="bbox 2271 5543 2464 5616">
     <span class='ocr_line' id='line_1_115' title="bbox 2271 5543 2464 5616; baseline 0 0"><span class='ocrx_word' id='word_1_726' title='bbox 2271 5543 2412 5616; x_wconf 75' lang='grc' dir='ltr'><strong>ἡμᾶς</strong></span> <span class='ocrx_word' id='word_1_727' title='bbox 2448 5588 2464 5616; x_wconf 79' lang='grc'><strong><em>,</em></strong></span> 
     </span>
    </p>
   </div>
   <div class='ocr_carea' id='block_1_115' title="bbox 2272 5628 2524 5697">
    <p class='ocr_par' dir='ltr' id='par_1_115' title="bbox 2272 5628 2524 5697">
     <span class='ocr_line' id='line_1_116' title="bbox 2272 5628 2524 5697; baseline 0.008 -10"><span class='ocrx_word' id='word_1_728' title='bbox 2272 5628 2524 5697; x_wconf 69' lang='grc' dir='ltr'>ὶλέησον.</span> 
     </span>
    </p>
   </div>
   <div class='ocr_carea' id='block_1_116' title="bbox 2356 5714 3890 5796">
    <p class='ocr_par' dir='ltr' id='par_1_116' title="bbox 2356 5714 3890 5796">
     <span class='ocr_line' id='line_1_117' title="bbox 2356 5714 3890 5796; baseline -0.005 -20"><span class='ocrx_word' id='word_1_729' title='bbox 2356 5721 2464 5786; x_wconf 76' lang='grc' dir='ltr'><strong>Τὴν</strong></span> <span class='ocrx_word' id='word_1_730' title='bbox 2539 5718 2762 5796; x_wconf 77' lang='grc' dir='ltr'>ἑσπέραν</span> <span class='ocrx_word' id='word_1_731' title='bbox 2836 5726 3010 5776; x_wconf 81' lang='grc' dir='ltr'>πᾶσαν</span> <span class='ocrx_word' id='word_1_732' title='bbox 3066 5720 3272 5776; x_wconf 81' lang='grc' dir='ltr'>τελείαν</span> <span class='ocrx_word' id='word_1_733' title='bbox 3309 5765 3324 5796; x_wconf 83' lang='grc'><strong>,</strong></span> <span class='ocrx_word' id='word_1_734' title='bbox 3383 5717 3587 5796; x_wconf 71' lang='grc' dir='ltr'>ἁγίαν,</span> <span class='ocrx_word' id='word_1_735' title='bbox 3644 5714 3890 5796; x_wconf 71' lang='grc' dir='ltr'>εἰρηνικὴν</span> 
     </span>
    </p>
   </div>
   <div class='ocr_carea' id='block_1_117' title="bbox 3121 5445 3886 5529">
    <p class='ocr_par' dir='ltr' id='par_1_117' title="bbox 3121 5445 3886 5529">
     <span class='ocr_line' id='line_1_118' title="bbox 3121 5445 3886 5529; baseline -0.003 -25"><span class='ocrx_word' id='word_1_736' title='bbox 3121 5447 3343 5515; x_wconf 74' lang='grc' dir='ltr'>ἐλέησον</span> <span class='ocrx_word' id='word_1_737' title='bbox 3426 5449 3512 5506; x_wconf 82' lang='grc' dir='ltr'><strong>καὶ</strong></span> <span class='ocrx_word' id='word_1_738' title='bbox 3595 5445 3886 5529; x_wconf 71' lang='grc' dir='ltr'>διαφύλσξον</span> 
     </span>
    </p>
   </div>
   <div class='ocr_carea' id='block_1_118' title="bbox 2551 5538 3887 5619">
    <p class='ocr_par' dir='ltr' id='par_1_118' title="bbox 2551 5538 3887 5619">
     <span class='ocr_line' id='line_1_119' title="bbox 2551 5538 3887 5619; baseline -0.002 -24"><span class='ocrx_word' id='word_1_739' title='bbox 2551 5542 2578 5595; x_wconf 92' lang='lat'><strong>6</strong></span> <span class='ocrx_word' id='word_1_740' title='bbox 2664 5548 2791 5602; x_wconf 87' lang='grc' dir='ltr'>Θεος</span> <span class='ocrx_word' id='word_1_741' title='bbox 2829 5585 2845 5614; x_wconf 95' lang='lat'><strong>,</strong></span> <span class='ocrx_word' id='word_1_742' title='bbox 2930 5545 2997 5616; x_wconf 80' lang='grc' dir='ltr'>τῇ</span> <span class='ocrx_word' id='word_1_743' title='bbox 3091 5543 3158 5614; x_wconf 79' lang='grc' dir='ltr'><strong>σῇ</strong></span> <span class='ocrx_word' id='word_1_744' title='bbox 3243 5538 3453 5617; x_wconf 64' lang='grc' dir='ltr'>χάριτι,</span> <span class='ocrx_word' id='word_1_745' title='bbox 3542 5546 3613 5603; x_wconf 76' lang='grc' dir='ltr'><strong>Χ.</strong></span> <span class='ocrx_word' id='word_1_746' title='bbox 3699 5541 3887 5619; x_wconf 75' lang='grc' dir='ltr'>Κύριε,</span> 
     </span>
    </p>
   </div>
  </div>
