4096 6210
1344 273 1784 339 ACOLUTHIA
1828 271 2213 337 TRIPLICIS
2254 274 2498 339 FESTI.

3350 290 3654 340 CCCXXIIX

269 417 362 473 καὶ
422 416 796 494 ἇναμάρτητον
845 414 986 493 παρὰ
1047 420 1138 471 τοῦ
1186 416 1373 492 Κυρίου
1424 414 1786 489 αἱτησώμεθα,
1852 415 1946 470 Χμ

2051 425 2136 468 am
2169 416 2227 472 et
2258 408 2490 487 peccati
2540 416 2847 489 expertem
2902 428 2933 471 a
2987 409 3239 471 Domino
3292 409 3652 489 ﬂagitamus.

276 506 592 585 Παρᾶσχου,
630 507 806 583 Κύριε.

360 593 635 671 ’Ἄγγελον
661 596 900 672 εἰρήνης,
926 594 1115 650 πιστὸν
1146 590 1574 674 ὁδηγὸν,ερύλακα
1603 594 1705 649 τῶν
1736 588 1927 668 ψυχῶν

271 686 365 742 καὶ
396 688 499 742 ter
534 685 800 759 σωμάτων
833 686 1014 759 ἡμῶν,
1049 684 1190 763 παρὰ
1224 690 1312 739 τοῦ
1346 682 1531 760 Κυρίου
1560 681 1923 756 αἰτησώμεθα.

273 782 315 831 X
331 822 343 832 .
384 773 701 853 Παράσχευ,
743 774 919 851 Κύριε.

358 867 695 940 Συγγνώμην
741 864 829 918 καὶ
883 862 1070 939 ἄφεσιν
1130 862 1232 917 τῶν
1283 862 1556 939 ἁμαρτιῶν
1605 860 1690 915 καί
1734 858 1925 933 πλημ-

273 951 610 1027 μελημάτων
664 952 822 1027 ἡμῶν
864 952 1006 1031 παρὰ
1057 954 1146 1007 τοζ
1200 952 1385 1029 Κυρίου
1439 949 1803 1025 αἷτησώμεθα,
1858 954 1924 1007 Χ.

276 1042 599 1120 Παράσχου,
631 1042 809 1121 Κύριε.

363 1132 439 1188 Τὰ
508 1128 649 1186 καλὰ
698 1132 786 1185 καὶ
829 1130 1161 1209 συμφέροντα
1213 1143 1334 1193 τατς
1371 1133 1576 1208 ψυχαῖς
1608 1128 1787 1202 ἡμῶν,
1846 1131 1934 1186 καὶ

284 1221 501 1299 εἰρήνην
532 1222 612 1293 τῷ
653 1222 864 1294 κόσμῳ,
899 1220 1040 1298 παρὰ
1083 1225 1175 1275 τοῦ
1215 1220 1408 1296 Κύριου
1466 1218 1831 1294 αίτησώμεθα.
1865 1222 1930 1274 Χ.

286 1310 601 1388 Παράσχου,
641 1310 816 1387 Κύριε.

366 1401 471 1456 Τὸν
511 1397 807 1454 ὑπόλοιπον
858 1395 1054 1477 χρόνον
1107 1402 1203 1465 τῆς
1246 1401 1389 1468 ζωῆς
1422 1398 1580 1474 ἡμῶν
1638 1396 1691 1453 ἐν
1751 1396 1934 1474 εἰρήνῃ

282 1488 379 1543 καί
411 1488 664 1563 μετανοίᾳ
694 1486 966 1543 ἒκτελέσαι
997 1487 1141 1555 παρὰ
1191 1493 1284 1543 τοῦ
1331 1487 1517 1565 Κυρίου
1570 1485 1931 1562 αὶτησώμεθα.

284 1576 345 1634 Ὀ
373 1599 500 1657 χορ,
534 1579 849 1656 Παρὰσχου,
886 1578 1062 1656 Κνίριε,

2012 495 2118 559 Ch.
2153 497 2396 579 Tribue,
2433 497 2707 561 Domine.

2091 588 2390 667 Angelum
2425 588 2608 669 pacis,
2639 588 2873 650 ﬁdelem
2909 589 3146 661 ducem,
3183 590 3491 652 custodem
3522 589 3657 652 ani-

2014 693 2239 738 marum
2276 686 2334 739 et
2364 695 2677 758 corporum
2730 687 3067 740 nostrorum
3090 696 3126 740 a
3153 678 3403 740 Domino
3424 678 3657 759 ﬂagite-

2011 784 2166 827 mus.
2202 768 2308 830 Ch.
2344 766 2586 841 Tribue,
2620 767 2895 830 Domine.

2092 856 2338 918 Veniam
2376 866 2441 918 et
2468 857 2883 921 remissionem
2922 866 3297 934 peccatorum
3330 866 3388 920 et
3417 858 3659 921 delicto-

2012 962 2143 1096 Bum
2171 954 2517 1046 .nostrorum
2551 966 2584 1007 a
2615 948 2865 1010 Domino
2899 948 3256 1028 ﬂagitemus.
3281 947 3388 1012 Ch.
3413 947 3656 1025 Tribue,

2067 1051 2292 1096 omine.

2067 1051 2292 1098 omine.

2097 1122 2261 1186 Bona
2288 1131 2345 1185 et
2375 1123 2593 1186 animis
2636 1125 2854 1188 nostris
2885 1127 3302 1207 conducentia,
3335 1144 3404 1190 ac
3437 1125 3662 1188 mundo

2019 1230 2222 1313 pacem
2272 1232 2307 1275 a
2353 1212 2605 1277 Domino
2664 1215 3022 1295 ﬂagitamus.
3078 1217 3185 1280 Ch.
3236 1215 3482 1297 Tribue,
3538 1219 3662 1279 Do-

2022 1322 2208 1363 mine.

2106 1322 2208 1365 ne.

2100 1391 2417 1474 Reliquum
2457 1396 2587 1456 vitae
2640 1404 2853 1457 nostra;
2885 1403 3119 1477 tempus
3148 1396 3391 1476 transigi
3423 1396 3485 1458 in
3518 1412 3669 1476 pace

2019 1489 2099 1584 et.
2155 1483 2523 1567 paenitentia,
2599 1485 2955 1565 ﬂagitamus.
3037 1484 3145 1549 Ch.
3237 1484 3482 1567 Tribue,
3540 1488 3665 1549 Do-

2022 1590 2212 1633 mine.

368 1668 659 1745 Χριστιανὰ
708 1668 774 1721 τὰ
831 1663 960 1732 τέλη
1033 1664 1128 1732 τῆς
1201 1671 1341 1737 ζωῆς
1427 1668 1604 1742 ἡμῶν,
1667 1662 1922 1722 ἀνώδυνα.

2092 1661 2458 1725 Christianos
2488 1664 2619 1727 vitae
2668 1675 2883 1728 nostra)
2913 1667 3222 1741 terminos,
3261 1669 3391 1729 sine
3422 1666 3657 1746 dolore,

285 1756 709 1835 ἁνεπαίσχυντα,
743 1756 1001 1833 εἰρηνικὰ,
1052 1757 1140 1810 καὶ
1182 1755 1355 1823 καλὴν
1404 1754 1691 1832 ἀπολογίαν
1723 1754 1821 1821 τὴν
1850 1753 1934 1810 ἐπὶ

2051 1751 2147 1812 ine
2171 1752 2997 1832 confusione,tranquillos,et
3016 1756 3229 1819 bonam
3254 1756 3665 1818 defensionem

288 1853 379 1902 τοῦ
408 1843 631 1925 φοϐεροῦ
653 1846 921 1921 βήματος,
955 1847 1097 1923 παρὰ
1126 1852 1216 1902 τοῦ
1252 1846 1435 1923 Κυρίου
1467 1846 1828 1919 αἰτησώμεοα,
1864 1851 1932 1904 Χ.

292 1936 601 2012 Παρᾶσχου,
632 1935 806 2010 Κύριε.

374 2023 481 2088 Τῆς
536 2023 823 2101 παναγίας,
899 2022 1191 2101 ἁχράντου,
1265 2023 1786 2101 ὑπερευλογημένης,
1843 2024 1936 2077 ἒν·-

290 2110 439 2175 ὁοξου
474 2113 768 2176 Δεσποίνης
820 2112 976 2185 ἡμῶν
1008 2113 1291 2187 Θεοτόκου,
1324 2115 1411 2168 καὶ
1450 2113 1791 2189 ἀειπαρθὲνου
1823 2119 1944 2167 Μα-

286 2205 427 2281 ρίας,
462 2204 599 2276 μετὰ
652 2204 863 2258 πάντων
923 2209 1028 2258 τῶν
1060 2205 1223 2282 ἁγίων
1270 2209 1753 2279 μνημονεύσαντες,
1812 2204 1939 2258 ἐαυ-

254 2366 257 2369 Α
288 2293 409 2356 τοὺς
442 2293 530 2347 καὶ
562 2291 853 2366 ἀλλήλους,
888 2294 974 2348 καὶ
1006 2300 1180 2349 πᾶσαν
1226 2296 1318 2362 τὴν
1350 2295 1492 2365 ζωὴν
1524 2297 1700 2369 ἡμῶν,
1739 2299 1943 2372 Χριστῷ

286 2388 366 2454 τῷ
399 2382 517 2456 Θεῷ
542 2384 922 2457 παραθώμεθα.
962 2390 1027 2445 Χ,
1062 2385 1177 2457 Σοὶ,
1218 2384 1395 2462 Κύριε.

379 2562 477 2617 Καὶ
525 2562 551 2615 ὁ
609 2561 774 2636 ἱερεὺς
835 2558 1085 2640 ἒκιρώνως
1114 2581 1128 2596 ·
1194 2560 1325 2619 ’Ὅτι
1377 2561 1567 2639 ἀγαθὸς
1612 2562 1699 2616 καὶ
1749 2559 1941 2640 φιλάν-

292 2654 503 2728 θρωπος
538 2652 667 2713 Θεὸς
697 2652 981 2731 ὑπάρχεις,
1018 2652 1103 2707 καὶ
1157 2674 1237 2708 σοι
1297 2651 1396 2718 τὴν
1439 2650 1590 2716 δόξαν
1621 2650 1940 2724 ἀναπέμπο-

293 2761 420 2815 μεν,
481 2746 558 2814 τῷ
598 2742 779 2818 Πτιτρὶ,
816 2745 902 2796 καὶ
947 2741 1023 2815 τῷ
1078 2744 1206 2814 Υἱῷ,
1260 2744 1345 2797 καὶ
1380 2748 1455 2815 τῷ
1495 2742 1627 2818 ἁγίῳ
1654 2741 1942 2813 Πνεύματι,

292 2832 382 2884 νῦν
442 2830 535 2884 καὶ
604 2829 709 2904 ἀεὶ,
796 2831 885 2885 καὶ
961 2832 1033 2894 εἱς
1090 2831 1209 2892 to");
1288 2833 1482 2894 αἰῶνας
1534 2834 1641 2886 τῶν
1716 2831 1944 2889 αἰώνων.

295 2926 367 2979 X.
455 2917 655 2993 Ἀμήν.
741 2916 800 2976 Ὀ
883 2920 1047 2996 ἱερεύς
1083 2936 1097 2949 ⁵
1191 2920 1385 2998 Εἰρήνη
1471 2926 1625 2980 πᾶσι.
1701 2926 1773 2979 Χ.
1852 2927 1951 2981 Καὶ

295 3008 434 3082 μετᾶ
518 3015 612 3064 τοῦ
691 3007 990 3083 πνεύματός
1068 3032 1182 3071 σου.
1258 3009 1317 3068 Ὀ
1390 3008 1530 3073 διάκ,
1602 3012 1707 3074 Τὰς
1777 3030 1948 3089 κεφα-

295 3095 396 3159 λὰς
488 3095 637 3171 υμῶν
714 3102 789 3171 τῷ
886 3098 1055 3175 Κυρίῳ
1138 3097 1376 3162 κλίνατε,
1463 3098 1522 3157 Ὀ
1624 3121 1749 3179 χορ.
1832 3099 1947 3178 Σοὶ,

301 3192 481 3263 Κύριε,

380 3272 487 3336 Καὶ
516 3275 661 3354 λέγει
693 3278 721 3331 ὁ
750 3276 912 3354 ἱερεύς
942 3277 1039 3343 τὴν
1080 3278 1253 3358 εὐχὴν
1282 3284 1575 3353 μυστικῶς.

2019 1840 2079 1901 in
2106 1843 2416 1904 tremendo
2439 1843 2652 1906 Christi
2667 1844 3017 1924 tribunali,a
3031 1845 3113 1907 Do
3125 1846 3663 1925 minoilagitemus.

2021 1927 2287 1993 Chorus:
2323 1931 2569 2007 Tribue,
2608 1934 2883 1996 Domine.

2108 2017 2532 2097 Sanctissimae,
2570 2021 2962 2103 intemerata,
2999 2041 3181 2104 super
3210 2042 3419 2085 omnes
3478 2022 3672 2086 bene-

2028 2109 2223 2179 dictae,
2255 2110 2528 2187 gloriosa:
2562 2112 2829 2173 Dominae
2860 2121 3077 2174 nostrae
3103 2112 3370 2194 Deiparae
3398 2130 3670 2194 semper-

2027 2216 2144 2274 que
2166 2197 2415 2276 virginis
2446 2201 2645 2261 Marize
2675 2219 2742 2261 ac
2773 2202 3037 2263 omnium
3072 2212 3413 2264 sanctorum
3446 2221 3676 2264 memo-

2027 2288 2180 2348 rium
2213 2294 2481 2364 agentes,
2516 2307 2624 2348 nos
2657 2289 2837 2369 ipsos,
2873 2299 2929 2350 et
2959 2291 3237 2365 invicem,
3276 2300 3335 2352 et
3370 2290 3539 2353 vitam
3572 2311 3671 2354 no-

2025 2389 2211 2437 stram
2274 2386 2456 2438 totam
2519 2376 2751 2439 Christo
2801 2378 2924 2441 Deo
2982 2382 3496 2445 commendemus.
3560 2382 3671 2444 Ch.

2027 2465 2184 2546 Tibi,
2217 2465 2491 2529 Domine.

2114 2557 2244 2619 105.
2285 2555 2352 2617 Et
2382 2558 2661 2619 sacerdos
2710 2559 2957 2620 elatiore
3012 2578 3150 2621 voce
3195 2560 3490 2623 succinit:
3526 2560 3676 2633 Quia

2026 2644 2219 2707 bonus
2237 2656 2297 2705 et
2315 2665 2522 2708 amans
2544 2648 2854 2710 hominum
2888 2648 3049 2711 Deus
3090 2649 3411 2723 exsistis,et
3435 2649 3679 2731 tibiglo-

2027 2735 2175 2797 riam
2209 2735 2616 2815 attribuimus,
2650 2736 2826 2813 Patri,
2862 2747 2920 2799 et
2955 2739 3123 2815 Filio,
3161 2750 3219 2800 et
3251 2739 3501 2820 Spiritui
3534 2756 3677 2801 san-

2032 2832 2146 2897 cto,
2186 2843 2343 2886 nunc
2396 2834 2454 2885 et
2499 2844 2760 2905 semper,
2795 2837 2853 2889 et
2896 2828 2958 2888 in
3017 2830 3236 2890 saecula
3288 2830 3675 2890 saeculorum.

2032 2914 2283 2978 Chorus.
2318 2915 2534 2976 Amen.
2590 2914 2922 2979 Sacerdos:
2960 2920 3077 2981 Pax
3126 2917 3423 2979 omnibus.
3465 2916 3573 2980 Ch.
3605 2914 3678 2977 Et

2034 3021 2169 3066 cum
2188 3004 2403 3084 spiritu
2430 3005 2861 3068 tuo.Diaconus
2888 3024 2901 3069 :
2924 3005 3248 3068 Humiliate
3273 3006 3467 3088 capita
3486 3011 3684 3069 vestra

2038 3097 2179 3155 Deo.
2219 3093 2492 3157 Chorus:
2526 3092 2681 3169 Tibi,
2715 3094 2987 3157 Domine.

2114 3275 2184 3339 Et
2212 3276 2492 3339 sacerdos
2524 3284 2754 3342 secreto
2785 3278 2931 3341 dicit
2962 3278 3292 3340 orationem

387 3364 575 3426 Coum.
612 3362 746 3425 Haec
772 3364 998 3439 Oratio,
1037 3366 1480 3446 Κεφαλοκλισίας,
1514 3366 1637 3428 sive
1673 3390 1701 3421 α
1734 3365 1942 3447 capitis

2051 3365 2379 3429 :linationis
2415 3389 2439 3424 ιι
2478 3376 2879 3448 nuncupatur,
2906 3378 2964 3430 et
2993 3368 3075 3429 ita
3098 3376 3270 3428 sonat
3297 3388 3311 3427 :

389 3455 541 3532 Κύριε
601 3456 628 3510 ὁ
688 3456 815 3517 Θεὸς
854 3456 1033 3530 ἡμῶν,
1070 3458 1097 3511 ὂ
1132 3455 1311 3519 κλίνας
1355 3459 1601 3536 οὗρπινοὺς
1657 3458 1742 3513 καὶ
1795 3478 1957 3514 κατα-

303 3542 402 3608 ϐὰς
468 3544 555 3599 ἐπὶ
604 3545 839 3622 σωτηρίᾳ
888 3552 982 3601 τοῦ
1034 3544 1215 3623 γένους
1275 3551 1383 3601 τῶν
1439 3545 1757 3623 ἀνθρώπων.
1814 3546 1957 3604 ἔπιδε

303 3635 390 3690 ἐπὶ
420 3636 541 3697 τοὺς
585 3632 799 3697 δούλους
849 3656 969 3714 σου,
1027 3636 1118 3691 καὶ
1173 3635 1259 3692 ἐπὶ
1287 3637 1384 3705 τὴν
1414 3634 1772 3714 κληρονομίαν
1816 3659 1907 3693 σου
1938 3653 1951 3668 ⁸

304 3726 388 3779 σοὶ
419 3725 520 3801 γὰρ
549 3730 627 3793 τῷ
675 3722 883 3802 φοϐερῷ
939 3725 1026 3781 καὶ
1076 3724 1430 3805 φιλανθρώπῳ
1460 3728 1614 3806 κριτῇ
1645 3728 1690 3783 οἱ
1720 3729 1801 3783 σοὶ
1834 3726 1957 3784 δούς

304 3812 389 3869 λοι
420 3812 706 3869 ὑπέκλιναν
764 3816 857 3879 τὰς
914 3813 1173 3893 κεφαλὰς,
1212 3817 1332 3878 τοὺς
1389 3813 1443 3871 δὲ
1493 3816 1665 3873 αὐτῶν
1698 3814 1957 3881 ὑπέταξαν

306 3903 566 3981 αἰλένας,
621 3907 680 3963 οὗ
708 3904 809 3970 τὴν
866 3901 917 3969 ἐξ
968 3904 1254 3983 ἀνθρώπων
1302 3905 1651 3981 ἀναμένοντες
1684 3906 1955 3982 βοήθειαν,

306 3992 446 4049 ἀλλὰ
477 3995 538 4048 τὶ
566 3995 659 4049 σὸν
694 3992 1060 4072 περιμένοντες
1112 3992 1281 4069 ἔλεος,
1341 3996 1430 4051 καὶ
1472 3995 1571 4061 τὴν
1609 3995 1708 4062 σὴν
1765 3992 1959 4051 ὑποδε-

309 4084 539 4162 χόμενοι
573 4089 860 4161 σωτηρίαν
899 4084 986 4148 οὒς
1010 4081 1322 4163 διαφύλαξον
1354 4084 1409 4140 ἐν
1434 4086 1591 4141 παντὶ
1626 4092 1820 4163 καιρῷ,
1871 4087 1960 4141 καὶ

306 4173 447 4229 κατὰ
503 4173 605 4241 τὴν
659 4180 928 4251 παροῦσαν
1004 4172 1254 4252 ἑσπέραν,
1334 4176 1422 4231 καὶ
1481 4175 1579 4243 τὴν
1642 4185 1961 4254 προσιοῦσαν

2122 3454 2370 3517 Domine
2401 3454 2559 3517 Deus
2591 3464 2816 3532 noster,
2851 3457 2951 3538 qui
3004 3456 3306 3518 inclinatis
3341 3455 3507 3518 caelis
3542 3474 3683 3536 pro-

2042 3554 2173 3626 pter
2200 3544 2449 3606 salutem
2486 3544 2729 3608 humani
2759 3546 2999 3624 generis
3027 3544 3419 3621 descendisti,
3452 3546 3688 3626 respice

2043 3633 2293 3697 famulos
2318 3644 2449 3694 tuos
2472 3643 2528 3695 et
2556 3635 2959 3698 hiereditatem
2992 3643 3152 3697 tuam
3182 3656 3195 3699 :
3232 3634 3338 3696 tibi
3365 3635 3687 3710 enim,tre-

2043 3723 2261 3787 mendo
2287 3724 2463 3785 simul
2487 3741 2556 3784 ac
2589 3724 2847 3801 benigno
2859 3723 3077 3804 judici,
3105 3724 3188 3785 tui
3219 3722 3424 3786 famuli
3446 3723 3692 3785 inclina-

2038 3821 2180 3875 runt
2208 3811 2425 3892 capita,
2455 3821 2512 3873 et
2544 3831 2682 3874 suas
2712 3814 3121 3876 submiserunt
3141 3814 3408 3875 cervices
3435 3834 3452 3891 ;
3477 3831 3598 3873 non
3618 3811 3691 3874 ab

2042 3899 2385 3966 hominibus
2415 3911 2723 3981 sperantes
2773 3903 3084 3977 auxilium,
3107 3902 3213 3964 sed
3248 3914 3406 3964 tuam
3440 3909 3693 3982 praesto-

2044 3992 2235 4054 lantes
2268 3991 2763 4069 misericordiam,
2793 4002 2849 4055 et
2872 4002 3029 4055 tuam
3062 3992 3319 4055 salutem
3347 3997 3696 4071 exspectan-

2042 4090 2170 4145 tes:
2205 4097 2357 4159 quos
2389 4081 2619 4143 custodi
2654 4083 2817 4144 omni
2865 4090 3135 4164 tempore
3168 4089 3226 4143 et
3268 4081 3381 4143 hoc
3414 4083 3695 4161 praesenti

2047 4188 2318 4252 vespere,
2356 4178 2415 4231 et
2443 4170 2554 4232 hac
2580 4180 2863 4235 secutura
2912 4180 3087 4235 nocte
3116 4173 3192 4234 ab
3222 4171 3385 4234 omni
3420 4170 3692 4245 inimico,

308 4262 493 4341 νύκτα,
551 4262 659 4317 ἀπὸ
717 4263 917 4341 παντὸς
973 4260 1192 4341 ἐχθροῦ,
1226 4263 1333 4319 ἀπὸ
1381 4264 1558 4330 πάσης
1588 4262 1946 4338 ἀντικειμένηι

2054 4262 2129 4324 ab
2161 4260 2322 4323 omni
2349 4259 2644 4323 diabolica
2686 4263 3143 4337 machinatione,
3176 4281 3208 4323 a
3239 4258 3699 4340 cogitationibus

310 4338 615 4430 ἐνεργείας,
705 4338 1085 4428 διαλογισμῶν
1139 4353 1400 4427 ματαίων,
1462 4354 1549 4409 καὶ
1607 4353 1973 4429 ἐνθυμήσεων,

311 4444 451 4501 Εἶτα
473 4440 705 4520 ἐκφωνεῖ
736 4461 749 4498 :
787 4440 892 4507 Εἴη
942 4443 1002 4497 τὸ
1051 4442 1244 4520 κράτος
1274 4447 1373 4509 τῆς
1404 4443 1675 4519 βασιλείας
1707 4466 1800 4500 σου
1859 4445 1956 4500 εὖ·

307 4530 609 4610 λογημένον
671 4532 757 4586 καὶ
816 4527 1215 4607 δεδοξασμένον,
1296 4542 1389 4591 τοῦ
1446 4532 1669 4611 Πατρδς,
1722 4534 1810 4589 καὶ
1867 4539 1958 4589 τοῦ

309 4624 455 4697 1106,
490 4622 579 4678 καὶ
637 4627 728 4675 τοῦ
779 4619 929 4697 ἁγίου
975 4621 1303 4698 Πνεύματος,
1352 4628 1439 4679 νῦν
1491 4624 1576 4683 καὶ
1609 4623 1715 4702 ἀεὶ,
1753 4623 1839 4679 καὶ
1884 4623 1957 4686 εἷς

308 4713 427 4777 τοὺς
471 4712 665 4774 αἰῶνας
696 4711 803 4767 τῶν
834 4711 1061 4774 αἰώνων,
1099 4708 1297 4788 Ἀμήν,

2062 4353 2248 4424 vanis,
2280 4357 2338 4410 et
2395 4350 2587 4429 pravis
2643 4352 2976 4415 affectibus.
3038 4350 3268 4413 Deinde
3317 4349 3510 4410 altiori
3560 4356 3699 4410 tono

2060 4440 2245 4505 dicit:
2279 4436 2367 4500 Sit
2395 4440 2563 4519 regni
2596 4442 2676 4501 tui
2712 4442 2972 4523 potentia
3019 4440 3334 4502 benedicta
3380 4447 3437 4499 et
3467 4436 3699 4517 gloriﬁ-

2043 4540 2196 4602 cata,
2232 4527 2443 4608 Patris,
2476 4535 2533 4589 et
2560 4528 2719 4607 Filii,
2754 4539 2812 4593 et
2863 4529 3123 4611 Spiritus
3178 4527 3389 4603 sancti,
3424 4545 3583 4589 nunc
3639 4532 3702 4589 et

2042 4636 2304 4705 semper,
2336 4625 2396 4678 et
2421 4616 2483 4679 in
2514 4623 2732 4684 saacula
2763 4621 3142 4685 saeculorum.
3189 4620 3380 4681 Amen
3400 4626 3416 4643 '

1625 4817 2015 4901 Prosequitur
2049 4818 2341 4901 Typicum
2355 4871 2369 4885 .

396 4925 515 4986 Εἶθ’
577 4925 717 4982 οὕτω
775 4923 1052 5001 ψάλλομεν
1122 4926 1188 4981 τὰ
1245 4923 1487 5003 ἱδιόμελα
1545 4933 1639 4984 τοῦ
1695 4927 1835 4984 κατὰ
1861 4927 1962 4994 τὴν

314 5016 519 5093 ἡμέραν
548 5014 725 5093 ἁγίου,
758 5012 1115 5078 λιτανεύοντες
1151 5012 1203 5069 ἐν
1234 5036 1312 5089 τῳ
1340 5016 1583 5088 νάρθηκι,
1646 5025 1739 5075 τοῦ
1781 5014 1964 5094 ἱερέως

2134 4927 2271 4991 106.
2302 4928 2451 4990 Tum
2486 4924 2798 5008 psallimus
2852 4922 3138 4986 idiomela
3187 4923 3348 4985 illius
3378 4918 3566 4985 sancti
3597 4922 3703 5001 qui

2049 5035 2120 5079 eo
2143 5016 2243 5079 die
2260 5018 2499 5099 colitur,
2528 5015 2814 5078 facientes
2840 5014 3283 5094 processionem
3311 5013 3371 5074 in
3397 5010 3701 5086 narthece,

312 5110 514 5164 καὶτοῦ
563 5102 811 5160 διακόνου
859 5102 1335 5185 προ-πορευομένων
1391 5107 1527 5181 μετὰ
1580 5109 1839 5182 θυμιατοῦ
1884 5129 1946 5162 κα

2054 5106 2463 5188 praeeuntibus
2496 5103 2802 5168 sacerdote
2836 5112 2896 5165 et
2942 5101 3196 5166 diacono
3228 5120 3365 5165 cum
3403 5104 3709 5167 thuribulo

264 5250 271 5251 ,
316 5192 639 5270 λαμπάδων.

2060 5212 2130 5257 ac
2152 5193 2551 5277 lampadibus.

397 5301 594 5364 Con.
625 5298 779 5381 Hinc
801 5298 1069 5381 adverte,
1094 5300 1327 5363 erudite
1360 5300 1569 5376 lector,
1598 5300 1705 5361 has
1733 5317 1910 5362 voces
1938 5302 2098 5375 Λιτὴ,
2131 5304 2376 5359 Λιταδεία
2400 5310 2459 5364 et
2488 5299 2979 5381 Λιτακεύεινβριιά
3002 5301 3239 5363 Graecos
3269 5300 3712 5381 ecclesiasticos

319 5401 437 5443 non
477 5379 756 5462 usurpari
782 5381 841 5440 in
874 5380 1155 5462 primaeva
1174 5400 1282 5444 sua
1311 5381 1905 5462 signiﬁcatione,quaa
1925 5391 2015 5462 est
2044 5405 2065 5435 ο
2094 5400 2304 5461 preces
2329 5407 2356 5437 ι
2386 5390 2445 5445 et
2471 5407 2493 5434 σι
2528 5380 2840 5462 ρι’θοιιτὶμ
2859 5379 2971 5442 ‘sed
3003 5381 3060 5462 in
3087 5380 3416 5462 alia.Sonat
3436 5380 3596 5443 enim
3622 5379 3716 5441 ci-

320 5465 563 5542 cuitump
583 5460 778 5536 illum,
812 5479 989 5541 quem
1020 5460 1214 5523 Latini
1246 5460 1639 5524 ecclesiastici
1671 5483 1703 5520 α
1727 5460 2176 5540 processionem
2205 5488 2227 5521 ι)
2256 5460 2621 5542 nuncupant.
2653 5460 2831 5542 Quid,
2861 5460 3018 5538 quod
3054 5462 3229 5542 etiam
3253 5461 3312 5522 hi
3354 5461 3469 5523 hoc
3496 5478 3717 5522 nomen

326 5569 351 5597 α
381 5540 608 5623 Litania
634 5566 662 5597 ι
689 5558 807 5601 non
832 5539 1076 5623 raro‘sic
1108 5552 1393 5623 usurpent
1422 5564 1434 5606 :
1464 5542 1686 5623 quippe
1717 5539 1808 5619 (ut
1838 5543 2250 5623 Anastasium,
2276 5539 2646 5617 Aimoi'num,
2681 5539 2951 5623 aliosque
2983 5541 3199 5623 multos
3229 5547 3440 5603 tacitus
3468 5548 3714 5623 praeter-

321 5622 637 5705 eamlaudi
663 5625 935 5705 Magnum
962 5618 1312 5703 Gregorium
1335 5618 1512 5705 epist.
1546 5618 1815 5705 2',lib.'_u,
1837 5622 2155 5705 iubentem
2192 5618 2461 5705 tempore
2496 5618 3015 5705 mortalitatis‘ﬁeri
3036 5630 3271 5705 septem
3297 5618 3716 5705 propassiones

325 5701 558 5764 divisim
612 5700 944 5781 secundum
964 5700 1175 5785 statos,
1200 5723 1318 5765 uno
1342 5700 1438 5766 die
1458 5722 1473 5766 :
1502 5725 1525 5761 ι
1555 5700 1783 5765 Litania
1813 5700 2182 5767 clericorum
2208 5700 2445 5785 (inquit)
2477 5710 2651 5765 exeat
2667 5702 2742 5764 ab
2762 5700 3014 5769 ecclesia
3034 5702 3083 5765 B
3098 5700 3379 5765 {Joannis
3399 5700 3714 5781 Baptistae;
