4096 6210
1942 350 1945 351 ⁷
1976 331 2564 397 PROLEGOMENA.

566 490 626 539 ut
644 477 929 540 Dominus
950 473 1107 534 Deus
1132 477 1336 530 noster
1365 470 1528 548 ipsos
1560 468 1745 544 magis
1776 467 2034 546 adjuvet,
2064 485 2207 547 pro-

2304 468 2380 521 τὸν
2414 465 2547 521 Θεὸν
2591 468 2749 540 ἡμῶν
2777 467 2864 523 ἐπὶ
2927 468 3119 547 πγεῐον
3179 464 3517 545 συνεργῆσαι,
3578 469 3888 532 xutemiimt

568 572 773 645 speret
802 565 861 623 in
894 559 1194 631 omnibus,
1229 559 1611 638 ipsorumque
1646 558 1899 638 pedibus
1929 556 2209 645 subjiciat

2304 556 2477 620 αὐτοὺς
2498 556 2551 611 ἐν
2576 562 2731 637 πᾶσι,
2778 559 2866 613 καὶ
2903 556 3179 622 ὑποτάξαιι
3234 558 3337 613 ὑπὸ
3366 558 3486 622 τοὺς
3543 558 3699 624 πόδας
3748 566 3889 620 αὑτῶν

572 644 813 717 omnem
847 650 1155 712 inimicum
1206 653 1267 707 et
1316 648 1571 708 hostem.
1627 646 1922 707 Dicamus.
1975 644 2211 706 Fratres

2304 645 2465 701 πάντα
2495 646 2687 725 ἐχθρὸν
2718 648 2806 703 καὶ
2835 646 3115 721 πολέμιον,
3180 647 3457 722 Εἴπωμεν.
3504 649 3564 706 0i
3632 647 3685 706 δὲ
3761 650 3892 709 ἀδελ-

561 354 805 406 oocxm

575 765 711 806 vero
734 738 1067 816 dicunt(vel
1096 744 1159 796 ut
1180 745 1269 797 est
1308 736 1464 816 apud
1490 739 1552 797 S.
1580 736 1967 808 Germanum,
1995 735 2213 794 chorus

2304 736 2379 812 poi
2403 737 2488 809 τὸ,
2525 736 2701 813 Κύριε,
2730 736 2976 812 ἐλέησον,
3010 736 3085 797 λ’.

573 832 921 907 secundus),
961 825 1235 901 Domine,
1273 826 1583 900 miserere,
1620 825 1840 887 tricies.

658 929 675 980 t
700 922 791 982 16.
827 920 903 980 Et
931 918 1147 979 iterum
1183 916 1476 977 exclamat
1503 916 1821 977 sacerdos:

650 1010 863 1070 Adhuc
894 1024 1131 1066 oramus
1166 1023 1269 1085 pro
1302 1005 1755 1085 archiepiscopo
1789 1005 1876 1065 vel
1933 1005 2211 1085 episccpo

2378 901 2487 964 Καὶ
2516 904 2677 961 πάλιν
2708 909 2736 961 6
2768 908 2930 985 ἱερεὺς
2960 907 3214 985 ἐκφωνεΡ

2378 993 2510 1050 ’Ἔτι
2564 992 2789 1069 δεόμεθα
2845 996 2974 1073 ὑπὲρ
3052 1005 3145 1054 τοῦ
3202 998 3621 1078 ἀρχιεπισκόπου
3671 1004 3825 1079 ἦμῆν,
3874 1004 3897 1069 ἦ

572 1098 643 1161 Ν.
679 1105 742 1159 et
772 1096 935 1157 omni
967 1095 1026 1154 in
1068 1094 1300 1155 Christo
1355 1094 1725 1154 fraternitate
1758 1103 1981 1167 nostra,
2015 1104 2074 1155 et
2108 1114 2210 1174 pro

577 1188 737 1249 omni
759 1184 1096 1246 Christiana
1118 1184 1336 1257 anima,
1360 1184 1576 1245 atilicta
1604 1193 1661 1245 et
1684 1202 1939 1245 maerore
1970 1202 2205 1264 oppres-

575 1298 663 1357 sa,
691 1276 1022 1354 divinaeque
1070 1273 1500 1335 misericordia:
1548 1293 1616 1333 ac
1664 1274 1793 1353 opis
1825 1274 2066 1354 indiga;
2103 1292 2209 1354 pro

573 1368 753 1445 hujus
782 1373 999 1426 sancta:
1029 1365 1263 1437 domus,
1290 1373 1351 1425 et
1380 1364 1439 1423 in
1471 1382 1542 1425 ea
1568 1363 1955 1424 habitantium
2006 1374 2203 1444 prote-

576 1458 813 1535 ctione;
840 1472 943 1534 pro
970 1459 1145 1515 totius
1163 1453 1325 1513 orbis
1350 1472 1494 1532 pace
1513 1472 1581 1514 ac
1605 1452 2028 1531 tranquillitate
2057 1475 2071 1527 ;
2106 1473 2210 1534 pro

577 1554 731 1607 statu
766 1562 1054 1624 prospero
1086 1551 1423 1603 sanctarum
1474 1543 1581 1603 Dei
1629 1542 2069 1617 Ecclesiarum;
2104 1562 2210 1623 pro

2295 1082 2613 1159 ἐπισκόπου,
2649 1093 2740 1142 τοῦ
2768 1084 2972 1149 δεῖνος·
3012 1088 3099 1143 καὶ
3128 1088 3307 1154 πάσης
3334 1088 3428 1155 τῆς
3459 1089 3512 1146 ἐν
3544 1098 3742 1171 Χριστῷ
3775 1092 3893 1167 ἣμὼν

2295 1171 2698 1253 ἀδελφότητος,
2750 1177 2838 1231 καὶ
2907 1177 3039 1253 ὑπὲρ
3097 1178 3273 1244 πάσης
3352 1179 3535 1258 ψυχῆς
3612 1188 3894 1260 Χριστιανων

2291 1261 2641 1338 Θλιϐουμένης
2684 1286 2741 1321 τε
2771 1267 2858 1321 xui
2906 1267 3381 1342 καταπονομμένης
3442 1268 3614 1335 ἐλέους
3668 1279 3788 1330 Θεοῦ
3828 1268 3895 1327 καὶ

2294 1356 2545 1431 βοηθείας
2584 1354 2963 1432 ἐπιδεομένης⁸
3007 1358 3209 1424 σκέπης
3242 1367 3333 1416 τοῦ
3388 1362 3535 1439 ἁγίου
3602 1363 3745 1419 οἴκου
3795 1364 3894 1419 τού-

2293 1466 2385 1500 του
2429 1446 2514 1500 καὶ
2560 1453 2667 1502 τῶν
2692 1448 3078 1504 κατοικούντων
3108 1448 3163 1504 ἐν
3208 1450 3368 1522 αύτῷ,
3426 1452 3638 1529 εἰρήνης
3695 1453 3775 1508 καὶ
3822 1475 3896 1508 κα·

2294 1534 2601 1596 ταστάσεως
2667 1543 2760 1591 τοῦ
2836 1539 3135 1611 σύμπαντος
3191 1538 3416 1614 κόσμου,
3478 1543 3761 1606 εὐπαθείας
3814 1549 3894 1597 τῶν

574 1637 763 1697 salute
780 1648 837 1693 et
858 1633 1075 1694 auxnlio
1102 1641 1325 1710 patrum
1346 1641 1406 1692 et
1427 1631 1672 1693 fratrum
1709 1641 2208 1713 nostrorum,cum

2304 1624 2460 1700 ἁγίων
2503 1634 2595 1682 τοῦ
2627 1628 2759 1681 Θεοῦ
2792 1625 3153 1694 Ἐκκλησιῶν’
3214 1630 3473 1705 σωτηρίος
3543 1632 3629 1686 καὶ
3686 1632 3894 1707 βοηθείας

574 1725 767 1786 studio
782 1743 850 1783 ac
873 1722 1089 1783 timore
1112 1721 1216 1782 Dei
1235 1721 1625 1782 laborantium
1652 1731 1710 1783 et
1726 1722 2207 1803 ministrantium;

2304 1715 2400 1768 τῶν
2456 1715 2590 1789 μετὰ
2648 1714 2882 1782 σπουδῆς
2933 1718 3021 1771 καὶ
3072 1713 3233 1795 φόϐου
3284 1725 3417 1774 Θεοῦ
3480 1722 3776 1776 κοπιώντων
3831 1724 3896 1775 καὶ

579 1833 685 1894 pro
720 1812 1024 1873 derelictis
1046 1819 1103 1870 et
1126 1810 1237 1870 iter
1264 1810 1613 1872 facientibus
1639 1831 1654 1882 ;
1681 1830 1785 1890 pro
1808 1800 2209 1890 regrotantium

2304 1800 2677 1861 διακονούντων
2710 1805 2952 1884 πατέρων
2981 1808 3068 1863 καὶ
3098 1805 3335 1883 ἀδελφῶν
3401 1810 3578 1883 ἡμῶν·
3644 1811 3767 1888 ὑπὲρ
3814 1818 3896 1867 τῶν

584 1903 813 1963 medela
839 1922 853 1975 ;
880 1920 983 1981 pro
1007 1900 1805 1980 dormitione,requie,beata
1839 1902 2211 1981 memoria,et

2304 1894 2719 1976 ἀπολειφθέντων
2750 1900 2835 1955 καὶ
2865 1899 3037 1955 τῶνὰν
3064 1898 3116 1954 ἐν
3143 1897 3467 1974 ἀποδημίαις
3498 1900 3679 1957 ὄντων’
3733 1904 3895 1963 ἰάσεως

576 1993 743 2053 venia
766 1998 1140 2070 peccatorum
1165 1989 1538 2069 impetranda
1560 1990 1869 2051 animabus
1898 1992 2210 2052 defuncto-

2304 1993 2401 2041 τῶν
2462 1986 2515 2042 ὲν
2588 1989 2884 2054 ἀσθενείαις
2944 1990 3362 2066 κατακειμένων·
3422 1994 3551 2072 ὑπὲρ
3607 1995 3897 2068 κοιμήσεως,

577 2101 709 2143 rum
755 2090 983 2161 patrum
1014 2097 1082 2139 ac
1116 2078 1363 2139 fratrum
1396 2087 1762 2159 nostrorum,
1788 2079 1881 2141 hic
1914 2081 2212 2161 etubique

2304 2074 2544 2151 ἃνέσεως,
2578 2081 2837 2157 μακαρίας
2870 2082 3116 2154 μνήμης,
3169 2081 3256 2135 καὶ
3313 2080 3551 2160 ἀφέσεως
3599 2089 3696 2138 τῶν
3748 2082 3896 2159 ἆμαρ-

578 2181 867 2233 terrarum
895 2170 986 2247 pie
1004 2166 1370 2246 sepultorum
1396 2167 1684 2250 ﬁdelium;
1714 2189 1820 2250 pro
1846 2172 2208 2249 captivorum

2304 2165 2422 2221 τιῶν
2452 2167 2557 2222 τῶν
2588 2167 3034 2245 προαπελθόντωκ
3054 2166 3294 2246 πανὲρων
3339 2172 3429 2225 καὶ
3478 2168 3704 2251 ἀδελφῶν
3769 2174 3897 2245 ἡμῶν

579 2260 874 2333 libertate,
900 2275 1005 2337 pro
1028 2256 1309 2317 fratribus
1333 2257 1550 2317 nostris
1582 2258 1682 2335 qui
1704 2267 1841 2320 sunt
1863 2264 1918 2318 in
1944 2259 2211 2321 ministe-

2304 2260 2404 2309 τῶν
2436 2254 2611 2311 ἐνθάδε
2639 2254 2867 2319 εὐσεϐῶς
2911 2256 3172 2331 κειμένων
3199 2260 3286 2314 καὶ
3344 2260 3653 2340 ἁπανταχοῦ
3714 2258 3891 2339 690036-

588 2350 715 2422 riis,
739 2358 798 2411 et
828 2345 1107 2407 omnibus
1149 2344 1249 2425 qui
1282 2345 1617 2406 ministrant
1646 2355 1704 2407 et
1734 2348 2216 2408 ministraveront

2304 2343 2418 2408 Ξων·
2474 2345 2603 2424 ὑπὲρ
2662 2346 2991 2425 ἀναῤῥύσεως
3058 2348 3165 2403 τῶν
3233 2346 3620 2428 αἶ’(μαλώτων,
3675 2351 3751 2404 xui
3792 2350 3896 2427 ὑπὲρ

576 2441 636 2501 in
671 2441 778 2500 hac
798 2437 924 2498 aede
946 2444 1172 2497 sancta.
1197 2434 1494 2497 Dicamus.
1518 2436 1751 2497 Fratres
1780 2446 1974 2497 autem
2012 2438 2214 2498 dicunt

2304 2438 2398 2490 τῶν
2429 2431 2665 2513 ἀδελφῶν
2726 2439 2904 2511 ἡμῶν,
2968 2442 3073 2492 τῶν
3129 2437 3184 2492 ὲν
3230 2450 3355 2500 ταῖς
3432 2437 3700 2505 διακονίαις
3736 2436 3888 2511 ὄντων,

578 2530 997 2613 quinquagies,
1032 2523 1301 2601 Domine,
1336 2524 1645 2586 miserere.

2304 2525 2379 2579 ιιαὶ
2409 2523 2620 2579 πάντων
2664 2531 2768 2581 τῶν
2824 2522 3205 2583 διακονούντων
3257 2528 3344 2583 καὶ
3410 2526 3803 2595 διακονησάντων
3850 2528 3893 2582 ἐν

2291 2617 2361 2689 τῇ
2390 2611 2512 2691 ἅγια
2571 2621 2707 2692 μονῇ
2759 2617 2947 2695 ταύτῃ.
3028 2614 3307 2691 Εἴπωμιν,
3373 2619 3433 2674 0i
3490 2615 3544 2673 δὲ
3589 2616 3771 2696 ἐδελφά
3817 2619 3885 2692 τὸ,

2300 2703 2479 2778 Κύριε,
2517 2703 2767 2782 ἐλέησον,
2801 2730 2827 2763 ν
2841 2696 2871 2787 ’,

669 2802 801 2866 117.
836 2797 1046 2863 Adhuc
1077 2814 1314 2860 oramus
1347 2807 1409 2859 ut
1441 2811 1644 2861 sancta
1671 2799 1794 2860 haec
1826 2797 2207 2873 aedes,omnis

2376 2794 2514 2850 Εἶτα
2562 2792 2783 2872 δεόμεθα
2837 2797 2965 2875 ὑπὲρ
3008 2804 3099 2855 τοῦ
3158 2795 3584 2877 διαφυλαχθῆναι
3638 2797 3725 2864 τὴν
3767 2796 3889 2871 ἀγίαν

582 2891 724 2954 urbs
757 2899 817 2953 et
847 2890 1009 2967 regio
1041 2906 1073 2949 a
1106 2904 1295 2969 peste,
1328 2888 1508 2969 fame,
1545 2897 1717 2950 terrae
1743 2898 1930 2967 motu,
1966 2889 2218 2950 inunda-

2304 2888 2472 2961 μονὴν
2500 2885 2723 2958 ταύτην,
2758 2889 2844 2942 καὶ
2872 2893 3043 2943 πᾶσαν
3085 2888 3265 2959 πόλιν,
3312 2888 3406 2943 καὶ
3434 2887 3612 2968 χώραν
3660 2886 3753 2943 ἀπὸ
3794 2883 3891 2940 λοι-

586 2984 772 3063 tione,
801 2978 1191 3060 igne,gladio,
1215 2977 1683 3057 alienigenarnm
1714 2979 2218 3052 incursu,intesti-

2306 2982 2427 3049 μοῦ,
2460 2973 2640 3051 λιμοῦ,
2682 2983 2924 3052 σεισμοῦ,
2977 2978 3436 3051 καταποντισμοῦ,
3484 2978 3663 3054 πυρὸς,
3720 2976 3889 3053 μαχαί-

588 3094 664 3137 no
698 3072 879 3151 bello,
914 3080 973 3130 et
1003 3068 1313 3148 repentina
1344 3077 1533 3128 morte
1558 3067 1918 3139 liberentur;
1945 3078 2005 3127 ut
2034 3068 2218 3130 bonus

2306 3086 2422 3140 ρας,
2486 3063 2776 3144 ἐπιδρομῆς
2829 3064 3164 3146 ἀλλοφύλων,
3219 3067 3308 3122 καὶ
3358 3065 3609 3146 ἐμφυλίου
3642 3065 3890 3140 ίπολέμου,

588 3174 646 3227 et
676 3164 979 3226 hominum
1011 3176 1214 3218 amans
1237 3159 1394 3217 Deus
1429 3165 1653 3232 noster,
1689 3155 1987 3254 ﬁat-nobis
2019 3158 2218 3238 propi-

2307 3155 2392 3226 καὶ
2424 3152 2676 3234 αἰφυιδίου
2719 3157 2963 3218 θανάτου.
3043 3156 3203 3236 ’Υπὲρ
3233 3158 3326 3213 τοῦ
3382 3156 3570 3237 ἵλεων,
3628 3156 3796 3233 εὐμενῆ
3832 3158 3894 3211 καὶ

596 3258 735 3334 tius,
786 3257 1052 3313 clemens
1099 3253 1155 3307 et
1212 3245 1594 3308 reconciliatu
1646 3245 1856 3316 facilis,
1891 3253 1955 3305 ut
2004 3256 2218 3308 avertat

2307 3242 2674 3301 εὐδιελλακτον
2727 3245 2965 3323 γενέσθαι
3013 3248 3101 3303 τὸν
3176 3246 3381 3324 ἀγαθὸν
3448 3248 3536 3302 καί
3588 3246 3894 3327 φιλάνθρωπον

590 3330 827 3408 omnem
873 3339 1021 3397 iram
1080 3343 1290 3395 contra
1334 3353 1439 3394 nos
1483 3343 1725 3409 motam,
1754 3334 2052 3414 justisque
2102 3337 2218 3397 suis

2309 3335 2438 3389 Θεὸν
2470 3335 2645 3409 ἡμῶν,
2672 3342 2763 3392 τοῦ
2822 3334 3150 3413 ἀποστρέψαι
3207 3340 3387 3391 πᾶσαν
3438 3337 3595 3414 ὀργὴν
3664 3338 3750 3401 τὴν
3805 3330 3892 3388 καθ’

590 3425 1153 3495 comminationibus
1177 3442 1283 3483 nos
1334 3423 1571 3504 eripiat,
1608 3432 1665 3483 et
1717 3424 2069 3485 misereatur
2110 3445 2218 3486 no-

2306 3426 2462 3499 ἡμῶν
2492 3426 2835 3500 κινουμένην,
2882 3426 2967 3480 καὶ
3018 3424 3265 3502 ῥύσασθαι
3328 3427 3474 3501 ἡμᾶς
3538 3430 3631 3492 τῆς
3671 3422 3893 3497 ἐπικειμέο

587 3522 716 3584 stri.
781 3520 854 3580 Et
902 3516 1142 3587 dicitur,
1186 3512 1463 3593 Domine,
1497 3512 1804 3581 miserere,
1845 3513 2216 3594 quadragies.

2306 3535 2399 3579 νης
2430 3512 2632 3575 δικαίας
2691 3514 2847 3569 αὒτοῦ
2896 3512 3146 3588 ἀπειλῆς,
3203 3514 3289 3570 καὶ
3364 3514 3575 3583 ἐλεῆσαι
3628 3515 3776 3591 ἡμᾶς.
3812 3512 3891 3577 Τὸ,

2310 3602 2487 3682 Κύριε,
2525 3600 2748 3669 ἐλέησον
2779 3601 2860 3677 μ’.

671 3703 804 3766 118.
841 3698 1044 3759 Adhuc
1071 3713 1329 3769 oramus,
1365 3704 1432 3756 ut
1480 3694 1770 3757 Dominus
1819 3697 1973 3758 Deus
2022 3704 2218 3758 noster

2388 3695 2521 3747 Εἶτα
2590 3689 2811 3767 δεόμεθα
2884 3692 2970 3747 καὶ
3043 3692 3171 3771 ὑπὲρ
3255 3701 3351 3750 τοῦ
3408 3695 3697 3750 εἰσακοῦσαι
3750 3692 3896 3767 Κύριον

585 3791 855 3857 exaudiat
883 3806 1083 3847 vocem
1140 3783 1576 3864 deprecationis
1636 3795 1903 3845 nostrum
1939 3794 2218 3864 peccato-

2304 3781 2394 3837 τὸν
2426 3783 2554 3837 Θεὸν
2597 3782 2693 3848 τὴς
2726 3781 2909 3861 φωνῆς
2933 3786 3031 3847 τῆς
3063 3780 3297 3847 δεήσεως
3322 3786 3496 3863 ἡμῶν,
3526 3791 3627 3839 τῶν
3689 3783 3898 3859 ἀμαρτω-

586 3902 745 3960 rum,
798 3886 858 3939 et
912 3876 1272 3937 misereatur
1320 3874 1523 3935 nostri.
1582 3875 1851 3948 Domine,
1918 3876 2218 3951 miserere,

2312 3868 2442 3949 λῶν,
2491 3873 2576 3928 καὶ
2638 3870 2856 3949 ἐγεῆσαι
2922 3870 3086 3946 ἡμας.
3153 3875 3247 3945 Τὸ,
3301 3871 3486 3951 Κύριε,
3546 3872 3770 3943 ἐλέησον,
3820 3868 3898 3943 ιβ’.

586 3975 676 4037 bis
708 3958 763 4030 et
796 3966 1069 4026 vicesies.
1109 3964 1379 4023 Posthmc
1410 3980 1661 4041 quorum
1695 3964 1817 4023 vult
1867 3964 2124 4026 vivorum
2160 3984 2218 4026 ac

2314 3958 2451 4015 Εἶτα
2509 3960 2831 4035 μνημονεύει
2891 3961 2976 4024 οὓς
3023 3958 3159 4016 θέλει
3228 3968 3431 4031 ζῶντας
3487 3963 3574 4020 καὶ
3635 3964 3896 4020 τεθνεῶτας·

586 4068 953 4124 mortuorum
979 4052 1321 4113 memoriam
1346 4050 1484 4128 agit,
1515 4061 1572 4112 et
1605 4052 1799 4112 denuo
1820 4053 2104 4114 exclamat
2126 4074 2216 4115 sa-

2312 4050 2398 4105 xui
2429 4051 2585 4106 πάὸιν
2618 4050 2847 4129 ἐκφωνεϊ
2876 4052 2903 4105 6
2926 4050 3110 4127 ἱερεύς·

583 4148 832 4213 cerdos:

666 4232 890 4296 Exaudi
911 4247 1039 4301 nos,
1073 4230 1227 4288 Deus
1250 4236 1514 4288 servator
1559 4238 1783 4305 noster,
1806 4250 1940 4311 spes
1958 4236 2218 4296 omnium

2392 4230 2718 4287 Ἐπάκουσον
2752 4233 2925 4311 ἡμῶν,
2957 4234 2984 4287 6
3014 4232 3143 4295 Θεὸς
3174 4234 3201 4287 6
3247 4233 3430 4308 σωτὴρ
3458 4233 3632 4308 ἡμῶν,
3684 4233 3717 4296 ὴ
3781 4227 3901 4286 ἐλπὶς

590 4328 791 4391 ﬁnium
823 4329 994 4380 terrm
1019 4325 1075 4377 et
1098 4316 1156 4405 in
1180 4316 1326 4378 mari
1352 4317 1522 4405 longe
1549 4337 1561 4376 :
1599 4336 1665 4377 ac
1697 4321 2218 4405 prOpitius,propi-

2310 4320 2521 4375 πάντων
2593 4327 2699 4377 τῶν
2782 4322 3026 4401 περάτων
3080 4323 3178 4387 τῆς
3258 4327 3363 4398 γῆς
3412 4324 3499 4379 xui
3565 4328 3665 4378 τῶν
3732 4325 3779 4374 ὲν
3821 4321 3900 4373 θα·

594 4426 705 4479 tius
740 4418 867 4470 esto
897 4404 1155 4484 peccatis
1186 4404 1425 4479 nostris,
1463 4415 1520 4467 et
1548 4405 1834 4471 miserere
1858 4412 2068 4475 nostri.
2110 4404 2218 4474 Mi-

2309 4407 2481 4485 λάσσῃ
2541 4411 2768 4487 μακράν⁶
2823 4412 2909 4467 καὶ
2986 4410 3174 4483 ἵλεως,
3243 4410 3407 4477 ἵλεως
3458 4421 3608 4490 γενοῦ
3680 4409 3756 4465 ἰπὶ
3804 4418 3903 4465 ταῖς

592 4503 847 4569 sericors
879 4494 1034 4554 enim
1064 4494 1310 4565 Deus,et
1340 4494 1632 4555 humanus
1658 4514 1741 4558 es:
1769 4507 1824 4557 et
1848 4498 1951 4558 tibi
1974 4501 2218 4579 gloriam

2310 4499 2588 4575 ἁμαρτίαις
2634 4502 2813 4579 ἡμων,
2866 4501 2952 4556 xui
2999 4499 3221 4566 ὶλέησον
3263 4502 3432 4575 ημᾶς·
3494 4500 3763 4574 Ἐλεήμων
3826 4496 3903 4572 γὰρ

588 4589 925 4657 referimus,
958 4580 1135 4670 Patri,
1164 4590 1220 4640 et
1252 4581 1420 4655 Filio,
1457 4592 1512 4641 et
1536 4582 1775 4661 Spiritui
1805 4597 2010 4651 sancto
2070 4609 2218 4651 nunc

2310 4590 2395 4644 xui
2421 4588 2787 4667 φιλάνθρωπος
2834 4590 2964 4654 Θεὸς
3022 4591 3307 4670 ὑπάρχεις,
3363 4593 3452 4647 καὶ
3495 4591 3574 4646 σοὶ
3637 4591 3727 4655 τὴν
3782 4585 3903 4649 δόξιν

592 4692 651 4747 et
675 4691 935 4755 semper,
962 4679 1015 4731 et
1050 4669 1109 4729 in
1139 4671 1354 4731 saecula
1376 4673 1976 4749 saeculorumAmen,
2005 4679 2077 4738 Et
2101 4688 2218 4739 sta-

2309 4679 2519 4755 ἆναπέμ
2533 4701 2713 4755 πομεν,
2747 4702 2823 4754 τῳ
2856 4682 3038 4751 Παττὶ,
3072 4682 3157 4736 καὶ
3191 4669 3318 4761 Υἱῷ,
3353 4682 3437 4737 καὶ
3492 4688 3565 4755 τῷ
3592 4680 3719 4757 ἁγίῳ
3767 4676 3904 4733 Ilvati-

593 4778 694 4836 tim
730 4764 971 4827 subdit:
1022 4759 1137 4819 Pax
1196 4760 1494 4822 omnibus.
1556 4760 1792 4825 Fratres
1850 4775 2094 4832 autem:
2158 4770 2227 4830 Et

589 4856 825 4945 spiritui
850 4863 968 4945 tuo.
990 4850 1483 4945 ‘Sacerdostvel,
1510 4862 1571 4912 ut
1704 4856 2060 4945 Germanus,
2094 4858 2225 4918 dia-

592 4941 829 5024 οὸῃυε),
864 4941 1062 5021 Capita
1095 4946 1287 5001 vestra
1320 4943 1569 5002 Domino
1620 4942 1921 5006 inclinate.
1957 4945 2026 5006 Et
2076 4968 2229 5009 cun-

2311 4790 2458 4849 ματι,
2495 4778 2581 4826 νῦν
2611 4771 2695 4825 καὶ
2720 4770 2824 4849 ἀεὶ,
2882 4771 2969 4826 καὶ
3023 4771 3095 4832 εἷς
3136 4771 3257 4834 τοὺς
3310 4772 3500 4832 uiti)qu
3543 4776 3643 4827 τῶν
3710 4768 3903 4824 αἰώνων.

2314 4858 2509 4934 Ἀμήν,
2599 4860 2694 4917 Καὶ
2761 4859 2906 4924 εὐθὺς
3009 4862 3093 4934 τὸ,
3186 4861 3380 4940 Εἰρήνη
3462 4866 3610 4922 πᾶσι.
3701 4860 3787 4916 Καὶ
3869 4856 3904 4908 οἱ

2313 4947 2546 5029 ἀδελφοί,
2623 4951 2720 5008 Καὶ
2786 4958 2862 5025 τῷ
2952 4950 3211 5025 πνεύματί
3284 4971 3397 5012 σου,
3474 4947 3532 5008 Ὀ
3600 4950 3773 5028 ἱερεύς⁶
3823 4944 3904 5006 Τὰς

589 5044 702 5111 ctis
726 5029 1153 5099 inciinantibus
1167 5030 1357 5109 capita
1370 5049 1551 5110 seque
1569 5033 2011 5095 incurvantibus
2030 5056 2231 5100 versus

591 5145 838 5207 terram,
876 5124 1030 5185 bene
1052 5131 1328 5200 precatur
1358 5122 1637 5183 sacerdos
1661 5131 1938 5185 contenta
1962 5145 2103 5187 voce
2134 5129 2220 5187 di-

588 5242 734 5294 cens
765 5222 918 5282 hanc
941 5222 1268 5275 orationem
1306 5232 1319 5272 :

678 5413 815 5478 119.
871 5399 1217 5468 Dominator
1278 5397 1526 5458 multum
1585 5397 1944 5480 misericors,
1981 5401 2231 5463 Domine

587 5510 728 5577 Jesu
767 5498 1023 5565 Christe,
1064 5488 1220 5550 Deus
1275 5496 1499 5560 noster,
1532 5487 1809 5567 precibus
1867 5490 2230 5553 intemeratae

589 5596 859 5668 Dominae
888 5590 1106 5648 nostra:
1136 5578 1404 5659 Deiparm
1440 5596 1797 5668 semperque
1834 5580 2075 5657 virginis
2109 5579 2223 5643 Ma-

587 5667 691 5759 ﬁn
714 5738 727 5765 ,
763 5673 1236 5744 venerandarum
1272 5678 1328 5730 et
1360 5667 1688 5730 caelestium
1719 5668 1995 5730 virtutum
2030 5672 2226 5732 incor-

2311 5037 2543 5118 κεφαλὰς
2585 5041 2733 5109 ὑμῶν
2775 5048 2851 5114 τῷ
2896 5042 3067 5119 Κυρίῳ
3096 5038 3345 5112 ικλίνατε,
3396 5040 3491 5097 Καὶ
3542 5040 3741 5095 πάντων
3803 5033 3905 5090 κλι-

2313 5128 2512 5185 νόντων
2562 5130 2654 5189 τὰς
2706 5128 2939 5207 κεφαλὰς
2995 5130 3081 5185 καὶ
3112 5129 3196 5185 ἐπὶ
3252 5133 3352 5207 γῆς
3403 5127 3715 5206 κεκυφότων,
3770 5120 3905 5181 ἐπεύ-

2314 5219 2708 5299 χεταίὸἱερεὺς
2762 5217 3154 5297 μεγαλοφώνως
3211 5214 3382 5295 λέγων
3428 5216 3525 5283 τὴν
3581 5215 3736 5294 εὐχὴν
3793 5211 3903 5268 ταύ.

2311 5327 2432 5376 την“

2397 5400 2638 5457 Δέσποτα
2694 5395 2973 5475 πολυέλεε,
3061 5396 3210 5475 Κύριε
3265 5395 3442 5462 Ἰησοῦ
3494 5393 3675 5473 Χριστὲ
3728 5392 3752 5447 6
3795 5391 3903 5449 Θεὸς

2311 5492 2487 5562 ἡμων,
2548 5486 2851 5551 πατσϐείαις
2903 5491 3000 5553 τῆς
3045 5485 3416 5565 παναχράντου
3472 5482 3735 5550 δεσποίνης
3771 5478 3903 5556 ήμῶν

2315 5580 2573 5637 Θεοτόκου
2621 5579 2709 5634 καὶ
2766 5576 3105 5656 ἀειπαρθένου
3180 5576 3398 5651 Μαρίας·
3453 5578 3555 5630 τῶν
3624 5571 3796 5648 τιμίων
3834 5572 3904 5624 καὶ

2313 5669 2632 5745 ἰπουρανίων
2656 5654 3297 5747 δυνάμεωνίᾶσωμάτων·
3358 5674 3450 5722 τοῦ
3500 5662 3666 5738 τιμίου
3730 5654 3905 5722 ἔνδοξον
