2048 3105
302 187 430 214 οοαχιιν

1013 178 1311 212 PROLEGOMENA.

305 249 337 280 in
347 249 437 289 coelo,
455 249 566 281 terreni
578 249 771 294 angeli,salus
788 249 1062 287 muntli,hominum
1073 248 1123 278 lae.

1167 257 1232 285 γειοι
1248 245 1365 286 ἄγγελοι,
1392 250 1438 276 τοῦ
1462 248 1563 285 κόσμου
1592 246 1610 280 ἦ
1642 245 1823 294 σωτηρία,“ῖῆ
1852 248 1902 294 rt?»
1928 256 1969 274 αν-

305 294 521 331 titia,doctores
529 294 860 334 orbis,propugnatores
868 295 961 331 verbi,
967 294 1054 334 periti
1062 303 1123 323 me—

304 338 363 369 dici
376 338 546 369 morborum
573 342 633 368 tum
651 339 742 369 animi
759 345 820 369 tum
837 340 980 380 corporis,
995 338 1122 378 Spiritus

306 384 447 423 perennia
458 384 590 420 ﬂumina,
608 383 777 414 eruditione
795 387 961 415 universam
977 391 1062 414 terrae
1076 383 1119 413 fa-

304 430 379 459 ciem
405 428 589 464 inundantia,
608 428 750 467 theologi,
769 429 867 468 bases,
882 438 972 459 aureo
989 429 1120 467 insignes

304 472 445 502 idiomate
466 473 564 503 divino
580 472 693 512 Spiritu
715 473 817 513 afﬂati;
836 479 921 504 orate
945 474 1095 504 Christum
1115 497 1121 507 ,

305 522 335 547 ut
351 526 487 556 magnam
499 517 656 548 animabus
670 518 784 549 nostris
794 518 934 556 largiatur
950 517 1122 548 misericor-

304 561 396 592 diam.

344 605 528 636 Versiculus.
559 605 739 637 Sacerdotes
767 607 819 647 tui,
847 607 984 642 Domine,
1002 606 1126 636 induent

302 649 461 690 justitiam.

345 694 414 725 124.
432 692 558 731 Salvete,
573 694 799 726 hierarcharum
812 695 894 735 trias,
910 696 1059 726 terrestris
1071 695 1121 725 tir-

305 739 447 771 mamenti
458 739 604 779 sol,radii,
622 744 652 770 et
666 740 704 770 de
716 740 841 780 triplicis
857 740 929 770 solis
947 740 1061 771 lumine
1072 748 1123 770 ac-

305 793 404 815 oensaa
419 784 509 823 faces,
527 784 557 814 in
573 784 709 815 obscuris
728 785 906 815 versantium
932 785 1123 822 illuminatio,

305 830 394 861 ﬂores
409 838 498 859 suave
513 829 845 869 olentes,pulcherrima
861 829 990 869 paradisi
1001 831 1125 860 amoeni-

304 878 393 914 tas,tu
408 874 557 913 Theologe
573 874 744 914 Gregori,tu
752 875 871 906 erudite
886 875 1020 911 Basili,tn
1033 875 1124 915 Chry-

305 925 447 955 sostome,
466 919 592 959 Spiritus
609 919 715 950 tabulae
729 929 746 950 a
761 919 821 950 Deo
839 922 981 956 exaratae,
997 919 1125 950 distenta
1137 931 1155 956 Β

305 964 409 994 salutis
424 963 500 994 lacte
516 964 618 1000 ubera,
633 968 808 995 ornamenta
823 964 986 1004 sapientiae;
1004 964 1123 995 Christo

306 1008 492 1048 supplicate,
526 1012 557 1038 ut
586 1017 724 1048 magnam
751 1008 837 1040 nobis
862 1008 971 1039 tribuat
1003 1009 1123 1039 miseri-

306 1052 397 1084 diam.

385 1097 495 1130 Gloria.
835 1098 936 1130 Tonus
951 1099 1042 1130 idem.

349 1145 413 1175 t25.
447 1144 592 1174 Canamus
621 1144 709 1182 tubis,
742 1144 939 1185 tripudiemus
969 1149 1001 1175 ut
1028 1144 1126 1176 facere

306 1190 379 1220 festo
393 1188 441 1218 die
449 1189 634 1226 convenit,et
647 1190 807 1228 gestiamus
824 1189 1016 1228 itetitia,cmlu
1032 1189 1126 1229 publi-

306 1243 340 1265 co
355 1233 385 1263 in
402 1237 568 1263 nostrorum
586 1234 709 1273 gratiam
726 1234 880 1264 doctorum
897 1238 1011 1265 coacto.
1031 1234 1125 1274 Reges

305 1288 340 1309 ac
357 1279 505 1318 principes
522 1282 748 1314 concurrant,et
762 1278 933 1309 hierarcbas
942 1288 1008 1308 cum
1021 1279 1123 1319 plausu

307 1323 464 1363 excipiant
479 1332 536 1353 non
554 1333 640 1354 secus
654 1333 688 1357 ac
705 1324 933 1354 tresimmensos
942 1323 1045 1354 ﬂuvios
1068 1324 1122 1354 do-

307 1374 440 1408 gmatum
458 1377 466 1407 ;
493 1371 551 1398 tres
576 1368 741 1399 Calirrhoa:
766 1368 837 1399 fonti
856 1368 982 1408 similes,
999 1368 1125 1407 Spiritus

306 1421 411 1453 aquam
428 1412 518 1442 vivam
534 1412 563 1442 in
583 1417 757 1453 perpetuum
770 1413 940 1444 fundentes.
957 1411 980 1444 Ο
993 1419 1124 1452 pastores

306 1467 340 1488 ac
354 1458 498 1495 magistri.
508 1466 566 1487 una
575 1457 766 1488 celebremus
782 1461 841 1488 tres
856 1458 1014 1487 adoramlie
1025 1458 1124 1488 Trini-

307 1502 373 1532 tatis
385 1502 579 1541 interpretes:
601 1501 814 1541 philosophi,ut
829 1502 991 1542 sapientes;
1003 1502 1124 1542 presby-

307 1546 374 1585 teri,
391 1550 422 1576 ut
439 1551 584 1585 pastores;
602 1549 785 1585 peccatores,
798 1551 829 1577 ut
846 1550 995 1586 patronos;
1015 1556 1126 1588 paupe-

307 1594 402 1628 res,ut
415 1590 654 1630 locupletatores;
667 1590 778 1628 afﬂicti,
790 1595 821 1621 ut
836 1591 1050 1627 consolatores;
1067 1592 1125 1622 via—

308 1638 434 1673 tores,ut
449 1635 771 1674 comitesznavigantes,
787 1639 818 1665 ut
839 1634 1063 1674 gubernatores;
1080 1646 1123 1668 re-

308 1679 382 1718 liqui
395 1684 546 1715 omnes,ut
561 1679 675 1717 ubique
689 1683 718 1710 et
734 1680 762 1710 in
779 1680 879 1719 quavis
895 1680 1072 1711 necessitate
1080 1691 1125 1712 ar-

308 1723 415 1754 denter
423 1724 713 1763 praeocwpantesEt
726 1724 795 1754 dum
813 1724 949 1755 laudibus
965 1724 1081 1756 divinos
1092 1727 1126 1758 il-

308 1769 351 1798 los
367 1768 520 1798 eﬂ'erimus
532 1768 690 1806 antistites,
708 1768 859 1800 dicamus:
881 1769 1027 1801 Doctores
1039 1779 1125 1802 sanc-

306 1812 426 1850 tissimi,
445 1817 589 1844 maturate
612 1813 729 1854 eripere
752 1813 856 1844 fideles
872 1823 906 1844 ex
921 1814 1046 1853 hujusce
1057 1815 1125 1847 vitae

306 1857 502 1895 offendiculis,
520 1864 551 1888 et
567 1867 621 1888 nos
636 1858 760 1890 aeternis
771 1858 901 1889 liberare
917 1859 1068 1890 aerumnis.

345 1903 381 1933 Et
404 1911 494 1933 nunc.
522 1902 668 1934 Germani
681 1903 856 1943 patriarcha:
875 1902 1058 1935 Theotocion
1081 1905 1123 1935 si-

306 1947 386 1978 mile.

347 1992 414 2024 196.
432 1991 579 2023 Canamus
598 1991 687 2029 tubis,
701 1993 768 2032 quia
782 1992 895 2031 Regina
910 1993 1124 2035 omnium,ma-

307 2041 351 2067 ter
366 2037 469 2076 Virgo,
484 2036 625 2067 benevola
642 2041 697 2074 est,
716 2041 744 2067 et
764 2036 1023 2068 benedictionibus
1038 2048 1122 2069 coro-

306 2085 355 2112 nat
370 2081 539 2112 laudatores
566 2091 635 2112 suos
665 2082 761 2120 Reges
775 2090 810 2112 ac
832 2082 982 2122 principes
996 2092 1124 2114 concur-

304 2130 381 2162 rant,
398 2130 485 2165 atque
511 2126 637 2156 excitato
655 2125 757 2165 plausu
780 2131 959 2157 venerentur
979 2128 1124 2166 reginam,

305 2180 370 2210 quae
386 2171 502 2210 peperit
517 2171 815 2210 regem,gaudentem
829 2181 847 2201 a
862 2177 957 2202 morte
972 2173 1065 2203 victos
1077 2174 1126 2204 be-

306 2216 395 2254 nigne
409 2215 534 2246 solvere.
547 2217 684 2245 l‘astores
705 2224 738 2245 ac
756 2215 898 2256 magistri,
912 2215 1040 2247 Pastoris
1056 2218 1126 2249 boni

305 2259 521 2289 sanctissimam
537 2259 712 2298 genitricem
732 2269 789 2290 una
800 2260 958 2290 ell‘eramus
974 2261 1120 2292 laudibus.

305 2303 521 2334 Candelabrum
530 2313 654 2333 aureum
662 2303 889 2342 ,illnminanteiu
899 2305 1020 2341 nubem,
1031 2308 1125 2338 excel-

306 2348 415 2378 siorem
442 2347 610 2385 cherubim,
637 2349 795 2379 animatum
819 2358 929 2388 arcam,
958 2352 1124 2390 speciosum

307 2392 454 2422 Altissimi
470 2393 697 2432 solium,urnam
709 2403 828 2423 auream
838 2395 1035 2434 receptricem
1048 2406 1126 2427 Inan-

308 2446 363 2471 nze,
383 2437 497 2467 vitalem
517 2436 605 2467 Verbi
629 2437 769 2473 tabulam,
785 2439 919 2469 omnium
937 2439 1126 2472 Christiano-

307 2489 375 2510 rum
408 2481 572 2520 perfugium
600 2490 685 2512 sacro
716 2482 902 2513 celebrantes
925 2485 1069 2522 carmine,
1083 2486 1128 2517 sic

309 2524 455 2554 dicamus:
479 2526 623 2557 Palatium
641 2526 744 2563 Verbi,
764 2537 817 2558 nos
833 2528 962 2559 humiles
986 2531 1126 2561 (αξιοι-ιλιι]

307 2577 401 2615 regno
418 2569 550 2615 dignare,
568 2580 627 2601 non
651 2576 696 2601 est
722 2572 802 2602 enim
817 2572 992 2612 quidquam,
1011 2575 1086 2615 quod
1101 2580 1128 2607 te

308 2612 514 2645 intercedente
529 2614 595 2646 ﬁeri
607 2625 665 2646 non
681 2616 784 2656 possit.

1134 1615 1155 1640 C

1164 292 1274 329 θρώπων
1304 293 1388 332 χάρᾶ,
1405 293 1448 321 καὶ
1473 295 1521 325 τῆς
1546 290 1701 328 οἰκουμένης
1718 291 1742 319 οἱ
1757 289 1916 330 διδάσκαλοι,
1933 295 1970 319 τοῦ

1163 335 1244 374 λόγου
1261 338 1284 364 οἱ
1306 337 1549 377 πρόμαχοι,ἱατροὶ
1564 336 1740 373 ἐπιστήμονες
1758 337 1808 364 τῶν
1825 346 1969 373 νοσηματων

1163 383 1213 413 τῆς
1230 384 1322 421 ψυχῆς
1344 383 1383 410 κεί
1398 387 1445 411 τοῦ
1466 381 1600 421 σώματος,
1627 382 1650 409 οἱ
1679 380 1791 420 ἂιείῤῥοοι
1816 382 1926 418 ποταμοὶ
1953 382 1971 409 οἱ

1166 429 1212 453 τοῦ
1235 427 1414 467 Πνεόματος,
1437 426 1528 464 λόγοις
1559 426 1582 454 οἱ
1608 425 1831 465 καταρδεύσανεες
1858 425 1903 459 τῆς
1931 425 1971 464 γῆς

1166 469 1236 498 ἅπαν
1261 471 1415 511 πρόσωπον,
1432 472 1455 500 οἱ
1472 471 1608 510 θεολόγοι,
1631 471 1657 498 αἱ
1686 471 1792 510 βάσεις,
1807 471 1830 498 οἱ
1853 469 1971 509 χρυσολό-

1167 526 1222 555 γοι,
1255 517 1278 544 οἱ
1307 515 1400 544 ἔνθεοι·
1427 517 1540 555 Χριστὸν
1575 515 1751 553 καταπέμψαι
1787 521 1849 547 ταῖς
1883 517 1971 554 ψυχαῖς

1166 560 1245 597 ἡμῶν
1261 561 1362 589 αἰτεῖτε
1377 562 1408 589 τὸ
1424 561 1494 600 μέγα
1508 560 1594 592 ἕλεος.

1209 605 1321 645 Στίχος.
1344 606 1375 634 οἱ
1403 607 1485 645 ἱερεῖς
1514 616 1571 640 σου,
1598 605 1686 645 Κύριε,
1712 604 1863 632 ἔντύσονται
1884 603 1970 632 δικαιο-

1167 650 1259 683 σύνην.

1208 694 1329 734 Χαίροις,
1352 696 1485 735 ἱεραρχῶν
1519 695 1537 728 ἡ
1563 694 1646 734 τριὰς,
1670 697 1718 722 τοῦ
1741 693 1858 732 ἑπιγεὶου
1871 693 1968 731 στερεώ-

1167 751 1251 778 ματος
1279 739 1368 779 ἥλιος,
1398 740 1518 776 ἀκτῖνες,
1548 740 1591 767 καὶ
1628 738 1767 778 δᾳδουχίαι
1796 738 1826 766 ἐκ
1854 737 1967 777 τρισηλίου

1169 785 1263 823 αὐγῆς,
1290 787 1343 812 τῶν
1368 783 1565 821 ἒσκοτισμένων
1589 784 1606 817 ἡ
1639 782 1798 821 ἂνάϐλεψις,
1816 783 1847 811 τὰ
1868 781 1926 815 ἄνθη
1943 783 1967 809 τὰ

1167 829 1278 867 εὔοσμα,
1308 833 1354 857 τοῦ
1382 828 1539 869 παραδείσου
1568 829 1600 856 τὰ
1630 827 1763 856 κάλλιστα
1780 852 1788 865 ,
1819 829 1832 855 ὁ
1860 827 1965 865 θεολόγος

1166 872 1324 913 Γρηγᾶριος,
1354 875 1368 902 ὁ
1399 874 1479 913 σοφός
1515 883 1543 901 τε
1574 872 1724 907 Βασιλειος,
1749 874 1763 900 ὁ
1788 872 1965 911 Χρυσόστομος,

1167 918 1199 946 τὰ
1229 918 1304 951 πυξία
1334 922 1380 946 τοῦ
1405 918 1570 956 Πνεύματος,
1606 916 1707 948 πλοίκες
1744 918 1769 945 αἱ
1798 917 1965 956 θεοχάρακτοι,

1166 964 1244 1001 μαζοὶ
1274 964 1298 991 οἱ
1320 961 1488 998 ὲκϐλύζοντες
1509 965 1558 996 τῆς
1581 962 1715 1001 σωτηρίας
1736 962 1767 990 τὸ
1794 961 1870 1000 γάλα,
1887 961 1965 992 τὸτῆς

1167 1008 1259 1048 σοφίας
1276 1008 1306 1036 τὸ
1320 1007 1470 1047 ἀγλάῖσμα’
1498 1008 1612 1046 Χριστὸν
1633 1005 1784 1037 δυσωπεῖτε
1800 1012 1858 1038 ταῖς
1879 1008 1964 1044 ψυχαῖς

1166 1054 1241 1090 ἡμων
1260 1052 1367 1087 δοθῆναι
1383 1053 1412 1081 τὸ
1428 1053 1497 1093 μέγα
1519 1052 1605 1084 ἕλεος.

1249 1096 1329 1130 Δόξα.
1470 1090 1475 1093 ⁷
1697 1090 1784 1136 Ἠχος
1799 1097 1813 1123 ὁ
1828 1095 1909 1126 αὑτός.

1207 1141 1385 1180 Σαλπίσωμεν
1415 1142 1442 1170 ἒν
1465 1141 1593 1181 σάλπιγγι
1634 1142 1787 1180 ᾆσματων,
1817 1141 1963 1179 χορεύσωμεν

1167 1187 1268 1227 ἒόρτια,
1286 1189 1329 1216 καὶ
1352 1188 1537 1227 σκιρτήσωμεν
1566 1186 1749 1226 ἀγαλλόμενοι
1785 1185 1811 1213 ἐν
1833 1182 1961 1222 τῇπανδῆ-

1167 1243 1210 1269 μῳ
1234 1232 1381 1270 πανηγύρει
1407 1235 1459 1260 τῶν
1483 1231 1648 1260 διδασκάλων
1679 1233 1769 1269 ἡμῶν.
1796 1229 1909 1259 Βασιλεῖς
1927 1228 1960 1255 καὶ

1166 1275 1295 1316 ἄρχοντες
1324 1276 1551 1317 συντρεχέτωσαν,
1568 1277 1613 1305 καὶ
1627 1276 1691 1308 τοὺς
1707 1276 1832 1315 ἱεράρχας
1844 1274 1959 1310 κροτήτω·

1166 1331 1215 1348 σαν
1241 1320 1268 1348 ἐν
1298 1321 1403 1358 ὕμνοις,
1440 1322 1477 1352 ὡς
1499 1320 1638 1360 δογμάτων
1674 1320 1821 1359 βλύοαντας
1846 1319 1959 1354 ποταμοὺς

1165 1365 1351 1405 ὑπερμεγέθεις
1368 1389 1376 1402 ,
1405 1372 1477 1404 τρεῖς
1498 1365 1653 1404 καλλιρῥόας
1677 1365 1802 1400 ἆειζώους
1827 1368 1868 1392 τοῦ
1897 1361 1959 1390 Πνεύς

1167 1420 1262 1447 ματος,
1289 1409 1417 1448 Ποιμένες
1447 1411 1490 1439 καὶ
1527 1409 1693 1447 διδάσκαλοι,
1723 1411 1782 1441 τοὺς
1806 1408 1850 1442 τῆς
1876 1409 1957 1439 σεπτῆς

1169 1454 1277 1494 Τριάδος
1308 1456 1430 1495 τρισσοὺς
1462 1455 1619 1494 ἱερομύστας
1663 1453 1830 1485 συνελθόντες
1869 1451 1955 1491 εὖφημή

1168 1510 1269 1535 σωμεν,
1287 1501 1317 1528 Οἱ
1339 1500 1478 1540 φιλόσοφοι
1494 1500 1554 1532 τοὺς
1570 1500 1680 1540 σοφοὺς,
1704 1501 1727 1529 οἱ
1755 1500 1832 1538 ἱερεῖς
1847 1498 1897 1529 τοὺς
1905 1507 1954 1524 ποι·

1167 1544 1262 1584 μένας,
1280 1545 1302 1572 οἱ
1320 1544 1472 1584 ἁμαρτωλοὶ
1499 1545 1560 1577 τοῦς
1580 1545 1745 1584 προστάτας,
1762 1546 1785 1573 οἱ
1802 1544 1897 1576 πένητες
1910 1541 1955 1570 ἰὡς

1167 1588 1339 1630 πλουτιστὰς,
1357 1591 1381 1618 οἱ
1396 1590 1423 1617 ὲν
1444 1589 1548 1628 θλίψεσι
1564 1590 1623 1621 τοὺς
1646 1591 1867 1629 παραμυθοῦντας,
1881 1587 1901 1615 οι
1913 1584 1952 1614 ὁδοι

1167 1633 1243 1673 πόροι
1265 1635 1325 1666 τοὺς
1355 1633 1501 1672 συνοδίτας,
1533 1637 1556 1663 οἱ
1576 1635 1602 1662 ἓν
1631 1634 1754 1673 θαλάσσῃ
1776 1634 1832 1665 τοὺς
1852 1630 1953 1671 κυϐερνή-

1167 1689 1224 1718 τας,
1242 1679 1264 1707 οἱ
1287 1678 1383 1711 πάντες
1405 1680 1467 1711 τοὺς
1488 1683 1629 1720 πανταχοῦ
1653 1681 1760 1719 θερμῶς
1780 1678 1952 1719 προφθάνοντας’

1168 1724 1252 1755 θείους
1284 1723 1468 1764 ἇρχιεράρχας
1498 1724 1711 1764 ἐγκωμιάζοντες
1740 1723 1820 1756 οὕτως
1852 1724 1951 1759 εἴπωμεν

1171 1769 1298 1807 Πανάγιοι
1326 1768 1492 1807 διδάσκαλοι,
1525 1769 1656 1798 σπούσατε
1674 1768 1774 1802 ἐξελεῖν
1799 1768 1854 1799 τώς
1872 1765 1952 1795 murta):

1169 1812 1199 1840 ἔκ
1214 1816 1268 1841 τῶν
1281 1815 1328 1842 τοῦ
1348 1814 1405 1852 βίου
1434 1813 1600 1852 σκανδάλων,
1629 1815 1676 1843 καὶ
1698 1814 1769 1853 ῥῦσαι
1785 1813 1904 1842 κολάσεων
1915 1812 1952 1838 τῶν

1168 1857 1280 1886 αἰωνίων
1295 1859 1379 1896 ἡμᾶς.

1207 1903 1256 1931 Καὶ
1284 1902 1339 1935 νῦν,
1367 1905 1504 1943 Γερμανοῦ
1532 1904 1702 1944 πατριάρχου
1717 1904 1850 1932 Θεοτόχιον
1870 1900 1951 1939 ὅμοιον,

1207 1993 1384 2032 Σαλπίσωμεν
1424 1994 1451 2022 ἓν
1484 1995 1612 2036 σάλπιγγι
1652 1996 1790 2036 ᾀσμάτων
1824 1993 1951 2033 προκύψισπ

1166 2041 1216 2080 γὰρ
1244 2041 1262 2074 ἡ
1300 2039 1473 2068 παντάνασσα
1507 2042 1731 2081 Μητροπάρθενος
1758 2047 1816 2073 ταῖς
1848 2038 1951 2076 εὖλογὺις

1166 2084 1323 2125 καταστέφει
1359 2085 1420 2117 τοὺς
1455 2087 1635 2125 εὐφημοῦντας
1666 2087 1761 2122 αὐτήν.
1790 2084 1898 2115 Βασιλεῖς
1920 2082 1950 2109 καὶ

1167 2130 1298 2170 ἄρχοντες
1326 2129 1554 2171 συντρεχέτωσαν,
1586 2132 1630 2160 καὶ
1658 2143 1709 2165 την
1733 2129 1846 2170 βάσιλίδα
1872 2126 1950 2166 κροτή-

1167 2185 1255 2203 τωσαν
1276 2174 1304 2202 ἐν
1326 2174 1432 2215 ὕμνοις,
1461 2175 1573 2213 βασιλέα
1598 2175 1708 2209 νέξασαν
1722 2177 1781 2207 τοὺς
1800 2174 1891 2203 θανάτω
1900 2182 1949 2210 κραι-
1994 2196 1995 2207 η

1167 2219 1310 2256 τουμένους
1339 2220 1399 2259 πρὶν
1429 2220 1559 2249 ἆπολῦσαι
1576 2221 1766 2261 φιλανθρώπως
1792 2219 1949 2252 absoni-nm-

1168 2263 1294 2296 Het'aévs:
1319 2264 1362 2292 καὶ
1394 2263 1565 2305 διδάσκαλοι,
1594 2266 1644 2299 τὴν
1679 2271 1724 2295 τοῦ
1759 2264 1834 2293 καλοῦ
1853 2261 1950 2299 ποιμένθς

1167 2309 1310 2347 ὑπεραγιον
1340 2309 1448 2347 Μητέρα
1485 2309 1654 2343 συνελθόντες
1694 2310 1888 2350 εὖφημήσωμεν·
1916 2305 1950 2336 τὴν

1169 2352 1279 2392 λυχνίαν
1302 2353 1351 2386 τὴν
1366 2356 1517 2393 χρυσαυγῆ,
1544 2355 1595 2388 τὴν
1627 2349 1781 2395 φωτοφόρον
1795 2352 1905 2393 νεφέλην,
1918 2349 1950 2380 τὴν

1168 2400 1221 2425 τῶν
1245 2397 1375 2437 χερουϐὶμ
1396 2399 1551 2438 ὑπερτέραν,
1577 2400 1627 2433 τὴν
1660 2400 1781 2440 ἔμψυχον
1800 2394 1950 2440 κιϐωτὸν,τί⁷ν

1168 2442 1329 2483 περίμορφον
1357 2443 1403 2472 τοῦ
1433 2444 1569 2472 Δεσπότου
1599 2445 1701 2485 θρόνον,
1733 2445 1778 2477 τὴν
1814 2439 1950 2485 μαννιδᾷκω

1169 2487 1286 2526 χρυσέαν
1317 2488 1445 2527 στάμνον,
1468 2489 1517 2522 τὴν
1538 2483 1675 2529 ζωηφόρον
1698 2493 1743 2517 τοὺ
1769 2487 1847 2526 Λόγου
1872 2483 1948 2517 πλάγιι

1169 2532 1294 2561 ἁπάντων
1330 2534 1383 2560 τῶν
1427 2536 1591 2572 Χριστιανῶν
1630 2535 1660 2562 τὸ
1687 2533 1848 2572 καταφύγιον,
1874 2529 1948 2564 ᾆ⁵μ²⁵⁵

1169 2577 1307 2616 θεῃγόροις
1336 2577 1562 2619 ἐγκωμιάζοντες,
1586 2578 1669 2610 οὕτως
1702 2579 1822 2615 εἰπωμεν·
1845 2572 1949 2619 Παλάτιον

1171 2623 1218 2650 τοῦ
1234 2622 1335 2661 Λόγου,
1364 2621 1473 2655 ἀξίωσον
1507 2616 1567 2656 τοὺς
1586 2623 1724 2654 ταπεινοὺς
1746 2623 1812 2660 ἡμᾶς
1832 2621 1875 2650 τῆς
1888 2616 1949 2661 οὕμ-

1170 2667 1222 2695 νῶν
1265 2658 1411 2705 βασιλείας*
1448 2666 1521 2697 οὐδὲν
1555 2668 1605 2708 γὰρ
1642 2658 1770 2697 ἀδύνατον
1797 2667 1827 2703 τῇ
1853 2658 1948 2701 ptumi?

1170 2723 1229 2742 σου.

738 2760 792 2792 127
823 2760 933 2793 Iterum
950 2765 1148 2804 repetendum
1163 2769 1212 2798 est
1225 2765 1263 2797 ad
1279 2769 1448 2797 contextum
1462 2766 1576 2807 Typici.

351 2811 477 2850 Deinde,
495 2812 580 2842 Nunc
597 2812 735 2850 dimittis,
749 2813 916 2854 Trisagion,
944 2818 1130 2850 sanctissima

307 2854 448 2892 Trinitas,
494 2858 581 2887 Pater
624 2862 734 2889 noster.
762 2858 913 2891 Exclamat
953 2866 1051 2892 autem
1081 2873 1130 2895 sa-

423 3032 480 3098 λι.

1213 2820 1282 2849 Εἶτα
1308 2821 1350 2860 τὸ,
1367 2824 1419 2849 Νῦν
1441 2820 1577 2861 ἀπολύεις,
1598 2822 1628 2849 τὺ
1652 2820 1781 2860 τρισάγιον
1801 2818 1829 2845 τὸ
1843 2839 1850 2853 ,
1880 2822 1948 2861 ﬂ":

1171 2865 1216 2905 γία
1259 2855 1364 2905 Τριὰς,
1407 2868 1453 2894 σὺν
1494 2870 1534 2903 τῷ
1570 2855 1673 2905 ’Πάτεα
1697 2855 1779 2902 ἡμῦν.
1802 2861 1916 2900 Ἐκφωνετ
1937 2855 1946 2880 δ
