4096 6210
1274 313 1713 380 AGOLUTHIA
1755 311 2138 379 TRIPLICIS
2181 319 2421 382 FESTI.

3372 340 3623 391 GCGXLIX

233 451 567 528 Πνεῦματος,
629 455 717 507 νῦν
775 449 864 507 καὶ
925 448 1030 530 ἀεὶ,
1088 449 1177 507 καῖ
1236 449 1311 515 εἷς
1356 449 1478 514 τοὺς
1527 449 1719 515 αίῶνας
1776 453 1917 508 τῶνλ

2015 453 2227 544 piritus
2256 458 2470 533 sancti,
2510 477 2672 521 nunc
2694 466 2753 522 et
2781 476 3043 544 semper,
3078 469 3138 525 et
3165 462 3227 524 in
3257 463 3473 527 smcula
3499 482 3616 527 sae-

236 542 468 605 αἰώνων.
498 538 693 617 Ἀμήν.

908 636 1091 688 ΕΥΧΗ
1138 628 1222 693 Ε’.

316 732 564 810 Ἀγαθῶν
649 727 904 807 θησαυρὲ,
1209 726 1450 808 ἀὲνναος,
1515 727 1688 806 Πάτερ
1744 728 1887 807 ἅγιε,

232 818 659 898 θαυμαστοποιὲ,
717 815 1082 893 παντοδύναμε
1156 819 1243 874 καὶ
1299 816 1691 898 παντόκρατορ,
1753 818 1893 875 nivo-

232 934 319 976 τες
373 932 437 967 σε
486 914 887 983 προσκυνοῦμεν
923 925 940 943 ο
990 908 1075 963 καὶ
1136 906 1231 963 σοῦ
1282 905 1531 981 δεόμεθα,
1576 908 1643 962 τὰ
1671 908 1737 963 σὰ
1768 906 1892 974 ἐλέη

233 1001 475 1062 καὶτοὺς
536 998 663 1062 σοὺς
712 997 1017 1075 οἱκτιρμοὺς
1081 995 1489 1069 ἐπικαλούμενοι
1521 997 1595 1061 εἰς
1646 997 1894 1071 βοήθειαν

239 1094 327 1148 καὶ
356 1088 644 1163 ἀντίληψιν
698 1092 797 1153 τῆς
851 1085 1111 1163 ἡμετέρας
1160 1085 1558 1149 ταπεινώσεως.
1594 1085 1892 1165 Μνῆσθητι,

243 1179 428 1257 Κύριε,
459 1183 567 1235 τῶν
597 1182 707 1233 σῶν
734 1177 949 1234 ἱκετῶν.
1006 1172 1289 1253 Πρόσδεξαι
1352 1174 1566 1235 πάντων
1592 1176 1749 1250 ἡμῶν
1802 1176 1895 1239 τὰς

244 1270 463 1334 ἑωθινὰς
490 1267 697 1338 δεήσεις
729 1267 803 1331 ὡς
846 1265 1082 1341 θυμίαμα
1132 1264 1360 1321 ἐνώπιόν
1419 1286 1535 1337 σου,
1568 1266 1658 1321 καὶ
1692 1264 1900 1341 μηδένα

244 1360 401 1436 ἡμῶν
461 1355 718 1432 ἀδόκιμον
774 1356 1032 1434 ποιήσῃς,
1079 1354 1219 1411 ἀλλὰ
1278 1355 1480 1417 πάντας
1545 1356 1690 1427 ἡμᾶς
1756 1376 1905 1432 περι-

244 1450 470 1517 ποίησαι
525 1444 609 1502 διὰ
652 1451 758 1502 τῶν
818 1445 1103 1523 οἰκτιρμῶν
1150 1465 1272 1506 σου,
1344 1444 1649 1517 Μνήσθητι,
1719 1444 1896 1523 Κύριε,

243 1545 351 1596 τῶν
410 1535 810 1616 ἀτρυπνούντων
862 1536 950 1591 καὶ
1005 1532 1323 1609 ψαλλόντων
1355 1534 1429 1596 εἷς
1464 1531 1617 1598 δόξαν
1652 1534 1774 1607 σὴν,
1821 1534 1909 1590 καί

243 1636 333 1686 τοῦ
391 1632 718 1704 μονογενοῦς
772 1644 869 1681 σου
924 1624 1045 1681 Υἱοῦ
1098 1625 1187 1679 καὶ
1252 1629 1384 1680 Θεοῦ
1437 1624 1621 1698 ἡμῶν,
1673 1625 1763 1678 καὶ
1816 1622 1909 1679 τοῦ

243 1720 395 1797 ἁγίου
429 1716 761 1791 Πνεύματος,
797 1713 956 1769 Γενοῦ
977 1713 1149 1773 αὐτῶν
1182 1714 1375 1789 βοηθὸς
1406 1716 1494 1769 καὶ
1524 1712 1899 1791 ἀντιλήπτωρ.

1969 542 2263 609 culorum.
2299 549 2519 612 Amen.

2602 642 2887 708 ORATIO
2926 643 3000 709 V.

2062 732 2197 794 148.
2224 732 2526 798 Bonorum
2575 739 2880 815 thesaure,
2917 738 3049 800 fons
3105 739 3411 820 perennis,
3444 739 3620 805 Pater

1977 831 2205 901 sancte,
2235 824 2652 888 mirandorum
2685 828 3024 906 artifex,qui
3049 829 3250 890 omnia
3272 839 3461 909 potes,
3484 850 3617 892 om—

1978 910 2156 972 nibus
2179 913 2463 995 imperas,
2492 926 2548 979 te
2565 936 2774 980 omnes
2797 918 3201 999 adoramus,et
3228 918 3622 998 deprecamur

1980 1008 2059 1074 te,
2088 1002 2563 1068 misericordiam
2583 1015 2741 1069 tuam
2766 1017 2825 1070 et
2848 1008 3258 1070 miserationes
3280 1020 3410 1070 tuas
3433 1029 3620 1090 expo*

1977 1100 2237 1174 scentes,
2272 1094 2331 1156 in
2365 1096 2696 1158 subsidium
2729 1116 2798 1159 ac
2830 1098 3239 1160 defensionem
3274 1100 3623 1162 humilitatis

1984 1189 2225 1243 nostrae.
2271 1184 2621 1266 Supplicum
2684 1197 2915 1249 tuorum
2972 1196 3292 1263 memento,
3330 1188 3623 1265 Domine;

1986 1274 2304 1334 matutinas
2336 1284 2604 1337 nostrum
2626 1279 2889 1338 omnium
2920 1296 3128 1357 preces
3176 1280 3435 1359 suscipe,
3474 1279 3629 1340 sicut

1983 1359 2296 1423 incensum
2346 1365 2403 1424 in
2441 1376 2765 1446 conspectu
2799 1376 2933 1444 tuo;
2970 1386 3166 1448 neque
3199 1387 3561 1450 quemquam
3596 1387 3628 1429 e

1992 1450 2166 1511 nobis
2195 1453 2474 1532 reproba,
2512 1455 2616 1516 sed
2650 1476 2757 1536 per
2798 1457 3268 1519 misericordiam
3328 1472 3486 1519 tuam
3524 1477 3629 1520 nos

1993 1557 2201 1600 omnes
2233 1560 2540 1607 conserva.
2566 1545 3539 1626 Memento,Domine,vigilantium
3573 1556 3633 1607 et

1992 1628 2368 1709 psallentium
2395 1633 2470 1694 ad
2502 1634 2748 1712 gloriam
2783 1645 2962 1711 tuam,
2990 1645 3046 1697 et
3071 1636 3361 1715 unigeniti
3382 1637 3511 1699 Filii
3548 1637 3631 1699 tui

1991 1735 2059 1777 ac
2088 1719 2195 1779 Dei
2227 1724 2439 1798 nostri,
2475 1733 2534 1787 et
2574 1724 2767 1785 sancti
2818 1724 3093 1806 Spiritus.
3130 1724 3348 1788 Eorum
3395 1727 3633 1807 adjutor

247 1805 531 1888 Πρόσόεξαι
584 1805 757 1861 αὐτῶν
805 1805 899 1868 τὰς
951 1804 1151 1868 ἱκεσίας
1193 1805 1268 1866 εἷς
1298 1803 1360 1859 τὸ
1401 1802 1778 1881 ὑπερουράνιον
1821 1802 1908 1858 καὶ

2010 1815 2117 1868 isto
2139 1815 2317 1888 atque
2342 1822 2743 1891 propugnator
2769 1833 2781 1876 :
2810 1802 3017 1876 eorum
3064 1834 3271 1896 preccs
3299 1817 3359 1877 in
3392 1802 3635 1878 cceleste

251 1897 430 1977 νοιρόν
460 1918 554 1953 σου
601 1892 1001 1973 θυσιαστήριον.
1046 1892 1186 1952 ’Ὅτι
1230 1892 1292 1949 σὺ
1349 1892 1402 1949 si
1454 1894 1481 1948 ὁ
1528 1893 1659 1955 Θεὸς
1722 1893 1902 1967 ἡμῶν,

252 1989 334 2045 καὶ
376 1986 463 2042 σοὶ
500 1985 600 2053 τὴν
630 1982 783 2049 δόξαν
831 1982 1245 2062 ἁναπέμπομεν,
1301 1990 1378 2056 τῷ
1435 1984 1627 2059 Πατρὶ,
1687 1983 1777 2038 καὶ
1833 1989 1909 2055 τῷ

263 2080 384 2156 Υἱῷ,
420 2075 506 2133 καὶ
537 2080 613 2149 τῷ
646 2072 781 2152 ἁγίῳ
811 2075 1096 2149 Πνεύματι,
1144 2081 1231 2130 νῦν
1286 2074 1375 2130 καὶ
1404 2072 1509 2151 ἀεὶ,
1545 2076 1635 2128 καὶ
1679 2072 1754 2135 εἰς
1786 2073 1909 2135 τοὺς

254 2166 451 2231 αῑῶνας
477 2171 589 2221 τῶν
618 2164 850 2226 αἰώνων.
887 2161 1087 2239 Ἀμήν,

914 2257 1097 2311 erxu
1142 2248 1246 2325 ς·’.

335 2349 778 2433 Εὖχαριστοῦμὲν
811 2371 919 2429 σει,
975 2350 1153 2427 Κύριε,
1217 2351 1242 2405 ὁ
1306 2350 1437 2412 Θεὸς
1484 2354 1587 2405 τῶν
1641 2350 1918 2428 σωτηρίων

254 2446 438 2518 ἡμῶν,
504 2439 588 2497 ὅτι
642 2441 813 2497 πάντα
880 2452 1060 2499 ποιεῖς
1122 2440 1196 2503 εἰς
1258 2439 1556 2515 εὐεργεσίαν
1613 2440 1710 2507 τῆς
1775 2443 1919 2509 ζωῆς

254 2535 433 2607 ἡμῶν,
481 2531 576 2586 ἵνα
628 2527 916 2593 διαπαντὸς
974 2529 1107 2606 πρὸς
1167 2528 1226 2583 σὲ
1256 2525 1653 2603 ἀποϐλέπωμεν
1688 2530 1779 2584 τὸν
1808 2550 1922 2583 σω-

258 2625 393 2701 τῆρα
429 2622 520 2677 καὶ
551 2619 835 2700 εὐεργέτην
885 2624 992 2675 τῶν
1040 2617 1315 2697 ἡμετέρων
1359 2618 1551 2697 ψυχῶν
1580 2633 1593 2648 °
1636 2617 1924 2675 διανέπαυ-

257 2733 351 2776 σας
410 2714 563 2786 ἡμᾶς
592 2709 646 2766 ἐν
676 2710 753 2784 τῷ
806 2707 1122 2786 παρελθόντι
1177 2712 1277 2775 τῆς
1333 2709 1517 2769 νυκτὸς
1581 2707 1787 2787 μέτρῳ,
1838 2710 1927 2764 καὶ

258 2801 539 2880 ἑξήγειρας
592 2802 738 2875 ἡμᾶς
789 2799 849 2857 ἐκ
892 2801 999 2856 τῶν
1060 2801 1255 2855 κοιτῶν
1306 2798 1482 2872 ἡμῶν,
1545 2801 1630 2853 καὶ
1688 2796 1924 2864 ἔστησας

259 2894 332 2953 εἱς
376 2889 743 2969 προσκύνησιν
773 2897 869 2946 τοῦ
918 2888 1098 2965 τιμίου
1141 2889 1403 2963 ὀνόματός
1450 2908 1568 2949 σου.
1605 2889 1697 2943 Διὸ
1727 2885 1921 2961 δεόμε-

258 2982 320 3038 θά
350 3002 471 3058 σου,
507 2980 683 3058 Κύριε,
717 2977 804 3044 δὸς
862 2981 1016 3047 ἡμῖν
1061 2978 1222 3057 χάριν
1256 2978 1342 3033 καὶ
1374 2973 1612 3050 δύναμιν,
1648 2976 1740 3032 ’ίνα
1784 2998 1923 3032 κατ-

262 3069 573 3144 αξιωθῶμεν
628 3068 853 3144 ψάλλειν
914 3090 997 3125 σοι
1075 3068 1339 3145 συνετῶς,
1395 3066 1481 3122 καὶ
1533 3068 1924 3146 προσεύχεσθαι

1994 1906 2157 1958 tuum
2186 1908 2244 1958 et
2265 1899 2671 1963 intellectuale
2694 1904 2880 1966 altare
2905 1907 3129 1985 recipe.
3149 1905 3298 1978 Quia
3317 1912 3374 1966 tu
3398 1924 3462 1965 es
3479 1903 3635 1966 Deus

1993 1994 2287 2075 noster,et
2314 1987 2418 2049 tibi
2443 1989 2693 2069 gloriam
2715 1994 3057 2068 referimus,
3088 1997 3269 2075 Patri,
3294 2005 3353 2057 et
3376 1994 3553 2071 Filio,
3576 2003 3638 2056 et

1993 2074 2244 2157 Spiritui
2274 2089 2504 2161 sancto,
2538 2100 2696 2143 nunc
2720 2094 2779 2153 et
2812 2102 3075 2165 semper,
3109 2092 3166 2147 et
3195 2074 3261 2145 in
3280 2084 3504 2148 saecula
3524 2102 3637 2145 saa-

1998 2166 2292 2230 culorum.
2339 2170 2555 2231 Amen.

2602 2262 2888 2330 ORATIO
2934 2266 3035 2329 VI.

2085 2354 2226 2426 H9,
2253 2356 2501 2435 Agimus
2534 2357 2639 2420 tibi
2674 2361 3270 2438 gratias,salutarium
3298 2370 3639 2426 nostrorum

2006 2444 2358 2525 Deus,quia,
2378 2455 2442 2507 ut
2473 2456 2530 2507 te
2563 2459 2897 2511 nostrarum
2922 2452 3253 2514 animarum
3279 2462 3641 2515 servatorem

2007 2530 2343 2595 beneficum
2382 2536 2708 2599 identidem
2725 2541 3346 2619 respiciamus,condis
3362 2542 3561 2603 omnia
3573 2543 3644 2603 ad

2009 2622 2146 2711 vitae
2170 2631 2393 2686 nostra:
2417 2624 2797 2689 beneﬁcium.
2820 2628 3041 2711 thuia
3067 2632 3503 2711 nos,przeterita
3531 2650 3644 2693 no-

2009 2710 2118 2772 ctis
2139 2721 2305 2792 parte
2338 2714 2724 2793 refocillatos,
2755 2710 3156 2800 excitatosque
3178 2710 3390 2782 iterum
3415 2739 3448 2783 e
3472 2720 3644 2782 cubi-

2009 2800 2189 2878 libus,
2210 2802 2282 2863 ad
2306 2804 2640 2867 honorandi
2677 2809 2936 2869 nominis
2963 2809 3044 2871 tui
3068 2810 3473 2872 adorationem
3507 2828 3642 2871 ere-

2008 2890 2181 2965 xisti;
2237 2903 2550 2973 propterea
2611 2916 2953 2977 quaesumus
3006 2907 3084 2971 te,
3120 2899 3395 2979 Domine,
3434 2899 3650 2979 largire

2008 2980 2181 3042 nobis
2208 2983 2454 3061 gratiam
2488 3003 2556 3046 ac
2613 2986 2835 3068 robur;
2872 2996 2932 3048 ut
2980 2988 3198 3051 Christi
3232 2996 3310 3049 tui
3343 3008 3480 3069 ope,
3515 3008 3647 3049 cum

2010 3070 2167 3133 melu
2192 3082 2525 3136 ettremore
2558 3086 2818 3138 nostram
2858 3078 3110 3139 salutem
3145 3088 3504 3159 operantes;
3540 3078 3651 3140 tibi

261 3158 638 3238 ἀδιαλείπτως,
695 3158 749 3215 ἐν
1000 3158 1092 3214 καὶ
1151 3156 1333 3246 τρόμῳ
1362 3156 1459 3246 τὴν
1508 3155 1706 3212 ἑαυτῶν
1738 3178 1917 3222 σωτηε

2010 3159 2156 3223 scite
2171 3161 2428 3241 psallere
2450 3173 2506 3225 et
2531 3164 2946 3228 indesinenter
2965 3155 3300 3246 supplicare
3321 3155 3643 3229 valeamus.

270 3252 386 3331 ρίαν
447 3248 896 3326 κατεργαζόμενοι
969 3246 1053 3303 διὰ
1106 3246 1205 3313 τῆς
1254 3244 1596 3320 ἀντιλήψεως
1655 3252 1748 3303 τοῦ
1805 3253 1920 3323 Χριο

275 3348 405 3398 στοῦ
457 3359 579 3398 σου.
643 3339 943 3417 Μνήσθητι,
1004 3337 1188 3415 Κύριε,
1237 3338 1322 3392 καὶ
1376 3335 1429 3391 ὲν
1489 3336 1633 3391 νυκτὶ
1691 3337 1819 3413 πρὸς
1868 3336 1927 3390 σὲ

270 3431 551 3506 βοώντων.
614 3424 943 3484 Ἐπᾶκουσον
1002 3427 1192 3498 αὐτῶν,
1256 3426 1341 3481 καὶ
1390 3423 1636 3505 ἐλέησον,
1668 3426 1755 3481 καὶ
1800 3426 1929 3481 σύν-

269 3524 465 3598 τριψον
518 3518 623 3573 ὑπὸ
651 3516 775 3581 τοὺς
824 3513 989 3578 πόδας
1041 3518 1214 3573 αὐτῶν
1262 3515 1383 3579 τοὺς
1410 3514 1665 3593 ἀοράτους
1693 3516 1782 3571 καὶ
1829 3536 1930 3571 ποι

270 3608 489 3683 λεμίους
552 3605 800 3686 ἐχθρούς.
861 3606 933 3661 Σὺ
993 3604 1095 3684 γὰρ
1124 3605 1179 3661 εἴ
1211 3607 1238 3660 ὁ
1280 3602 1528 3681 βασιλεὺς
1558 3609 1655 3671 τῆς
1688 3606 1929 3682 εἰρήνης,

274 3699 362 3754 καὶ
406 3698 595 3774 σωτὴρ
648 3696 756 3751 τῶν
801 3697 996 3774 ψυχῶν
1042 3694 1223 3769 ἡμῶνο
1271 3695 1360 3750 καὶ
1385 3694 1466 3750 σοὶ
1495 3694 1593 3759 τὴν
1619 3692 1768 3759 δόξαν
1798 3694 1928 3751 ἀνα-

2008 3248 2305 3313 Memento
2338 3255 2539 3328 etiam,
2584 3255 2861 3331 Domine,
2900 3275 3105 3317 eorum
3157 3257 3258 3337 qui
3289 3266 3344 3319 te
3376 3257 3450 3319 de
3483 3266 3655 3318 nocte

2009 3341 2323 3404 invocant:
2357 3342 2572 3404 exaudi
2605 3363 2707 3405 eos
2742 3353 2801 3405 et
2832 3346 3144 3419 miserere,
3177 3345 3289 3407 sub
3319 3365 3650 3427 eorumque

2012 3429 2261 3507 pedibus
2294 3432 2501 3494 hostes
2538 3433 2869 3496 invisibiles
2899 3443 3080 3515 atque
3110 3434 3356 3497 infestos
3387 3444 3655 3498 ciintere.

2016 3520 2105 3579 Tu
2128 3518 2286 3580 enim
2314 3539 2380 3582 es
2429 3539 2529 3583 rex
2568 3524 2751 3603 pacis,
2779 3532 2838 3585 et
2867 3534 3138 3586 servator
3168 3532 3500 3586 nostrarum
3526 3525 3656 3585 ani-

2021 3626 2251 3669 marum
2282 3632 2297 3686 ;
2318 3610 2546 3693 tibique
2568 3613 2817 3693 gloriam
2840 3615 3252 3695 rependimus,
3279 3615 3461 3688 Patri,
3485 3623 3543 3675 et
3563 3614 3661 3676 Fi-

2029 3696 2198 3778 lio,et
2219 3702 2463 3782 Spiritui
2496 3712 2890 3781 sancto,nunc
2921 3715 3253 3787 etsemper,
3289 3704 3426 3767 etin
3450 3705 3666 3767 saecula

283 3787 601 3866 πέμπομεν,
634 3786 712 3861 τῷ
741 3785 929 3864 Πατρὶ,
968 3784 1055 3841 καὶ
1103 3784 1180 3858 τῷ
1213 3786 1342 3863 Υἱῷ,
1369 3784 1457 3839 καὶ
1490 3787 1563 3857 τῷ
1591 3785 1725 3862 ἁγίῳ
1776 3784 1917 3840 lived-

2018 3790 2397 3856 sazculorum.
2431 3792 2648 3859 Amen.

277 3899 430 3957 ματι,
467 3878 553 3933 νῦν
586 3875 674 3933 καὶ
705 3874 813 3953 ἀεὶ,
870 3874 957 3931 καὶ
1015 3874 1088 3938 εἷς
1143 3874 1264 3938 τοὺς
1324 3873 1516 3938 αἱῶνας
1566 3876 1670 3929 τῶν
1700 3873 1937 3937 αἰώνων.

277 3966 477 4043 Ἀμήν.

963 4059 1141 4112 ΕΥΧΗ
1186 4052 1241 4109 Ζ’

355 4155 420 4215 Ὀ
470 4156 601 4219 Θεὸς
689 4155 778 4212 καὶ
849 4154 1033 4230 Πατὴρ
1116 4162 1210 4214 τοῦ
1280 4152 1469 4232 Κυρίου
1536 4150 1695 4227 ἡμῶν
1760 4149 1938 4219 Ἰησοῦ

284 4252 534 4326 Χριστοῦ,
590 4247 619 4301 ὁ
677 4242 1044 4314 ἱξαοαστήσας
1096 4245 1240 4319 ἡμᾶς
1298 4241 1357 4299 ἐκ
1386 4242 1493 4299 τῶν
1529 4242 1722 4297 κοιτῶν
1752 4242 1931 4314 ἡμῶν,

284 4338 367 4393 καὶ
395 4335 809 4413 ἓπισυναγαγὼν
858 4334 944 4390 ἐπὶ
983 4334 1081 4400 τὴν
1134 4332 1275 4411 ὥραν
1304 4330 1401 4399 τῆς
1440 4328 1751 4410 προσευχῆς
1777 4346 1791 4360 ·
1848 4328 1935 4393 δὸς

2613 4051 2891 4117 ORATIO
2935 4051 3062 4117 VII.

2102 4144 2238 4206 150.
2277 4143 2432 4208 Dens
2463 4152 2522 4207 et
2550 4148 2723 4208 Pater
2752 4147 2989 4209 Domini
3023 4148 3215 4211 nostri
3243 4147 3387 4211 Jesu
3420 4144 3657 4218 Christi,

2022 4233 2123 4314 qui
2145 4253 2253 4296 nos
2276 4251 2308 4296 e
2332 4236 2549 4298 nostris
2577 4236 2851 4299 thalamis
2873 4238 3186 4299 suscitatos
3206 4237 3277 4299 ad
3303 4237 3509 4299 horam
3536 4254 3665 4296 ora-

2022 4326 2199 4394 tionis
2232 4328 2624 4408 congregasti,
2655 4328 2728 4390 da
2762 4329 2933 4390 nobis
2958 4329 3205 4406 gratiam
3231 4329 3287 4388 in
3312 4325 3664 4408 patefacrio-

286 4428 415 4501 ἡμῖν
446 4423 608 4504 χάριν
651 4423 706 4479 ἐν
758 4422 949 4488 ἀνοίξει
982 4424 1074 4479 τοῦ
1103 4422 1369 4498 στόματος
1404 4422 1585 4496 ἡμῶν,
1625 4421 1713 4475 καὶ
1768 4420 1917 4495 πρόσ.

2020 4433 2097 4504 ne
2118 4416 2260 4487 oris,
2287 4425 2344 4477 et
2378 4417 2617 4498 suscipe
2664 4436 2809 4498 quas
2831 4416 2930 4477 tibi
2963 4436 3070 4498 pro
3092 4416 3318 4478 viribus
3348 4424 3547 4495 grates
3577 4433 3669 4478 re-

286 4492 419 4581 δέξαι
672 4513 763 4579 τὰς
811 4512 950 4570 κατὰ
993 4492 1212 4587 δύναμιν
1268 4492 1641 4591 εὐχαριστίας,
1679 4510 1761 4566 καὶ
1790 4492 1917 4565 δίδα-

2018 4503 2482 4596 feri_mus,_etnos
2503 4492 3168 4596 edoce-justiﬁca—tiones
3184 4514 3313 4567 tuas
3336 4492 3524 4587 {quia
3553 4505 3667 4566 nisi

289 4602 369 4670 εον
425 4606 570 4678 ἡμᾶς
616 4603 684 4659 τὰ
713 4600 1051 4678 δικαιώματα
1091 4623 1185 4658 σου
1211 4620 1225 4634 ⁸
1282 4599 1362 4657 ὅτι
1394 4597 1776 4679 προσεύξασθαι
1820 4602 1915 4656 καθ

2021 4592 2105 4670 ιιι,
2136 4592 2411 4670 Domine,
2439 4614 2548 4657 nos
2580 4604 2675 4657 tuo
2703 4594 2926 4677 Spiritu
2956 4604 3163 4657 sancto
3194 4595 3513 4671 direxeris,
3548 4612 3666 4656 non

293 4692 427 4750 ὃδετ
476 4696 575 4751 οὒκ
623 4689 873 4773 οἴδαμεν,
928 4690 1019 4749 ἐὰν
1075 4690 1152 4766 μὴ
1198 4690 1283 4768 σὺ,
1336 4690 1514 4767 Κύριε,
1567 4696 1644 4762 τῷ
1676 4689 1917 4763 Πνεύματ

2025 4701 2344 4773 possumus
2365 4703 2536 4747 orare
2562 4692 2737 4766 prout
2755 4692 3005 4765 oportet.
3032 4684 3172 4747 Ideo
3193 4703 3469 4763 rogamus
3493 4693 3574 4757 te,
3611 4692 3674 4744 ut

296 4802 379 4840 σου
404 4786 486 4857 τῷ
515 4780 652 4858 ἁγίῳ
683 4771 963 4860 ὁδηγήσῃς
988 4781 1158 4855 ἡμᾶς,
1218 4781 1311 4836 Διὸ
1362 4776 1586 4854 δεόμεθά
1638 4800 1754 4858 σου,
1791 4777 1842 4833 εἴ
1890 4799 1917 4834 τ

2027 4772 2078 4832 si
2110 4771 2252 4853 quid
2289 4775 2664 4853 peccavimus
2711 4793 2898 4854 usque
2945 4774 3015 4835 ad
3054 4783 3401 4854 praesentem
3436 4775 3670 4853 horam,

258 4892 261 4893 '
299 4872 605 4951 ἡμάρτομεν
627 4869 789 4950 μέχρι
821 4869 925 4933 τῶς
956 4869 1229 4948 παρούσης
1262 4868 1403 4945 ὥρας
1434 4867 1488 4924 δν
1522 4866 1688 4947 λόγῳ,
1720 4868 1756 4933 ἦ
1781 4866 1941 4945 ἔργῳ,

302 4960 334 5029 ἢ
383 4962 523 5019 κατὰ
576 4957 834 5033 διάνοιαν,
884 4958 1140 5023 ὶκουσίως
1184 4958 1219 5020 ἢ
1271 4957 1556 5029 ἀκουσίως,
1610 4954 1751 5035 ἄνες,
1787 4954 1940 5036 ἄφες,

302 5053 655 5131 συγχώρησον
689 5064 703 5079 ⁸

770 5048 860 5105 ἐὰν
918 5048 1017 5127 γὰρ
1063 5047 1283 5121 ἀνομίας
1314 5046 1729 5125 παρατηρήσῃς,
1764 5046 1941 5123 Κύριε,

306 5141 475 5220 Κῦριε,
537 5138 624 5203 τίς
675 5138 1035 5208 ὑποστήσεται
1077 5156 1094 5212 ;
1126 5134 1262 5195 ’Ὅτι
1300 5136 1436 5214 παρὰ
1468 5138 1549 5191 σοὶ
1579 5137 1613 5203 ἡ
1647 5133 1952 5213 ἀπολύτρω-

2027 4862 2231 4937 verbo,
2266 4868 2356 4925 vel
2389 4881 2594 4946 Opere,
2628 4864 2716 4926 vel
2745 4864 3123 4941 cogitatione,
3159 4874 3371 4943 sponte
3426 4863 3512 4924 vel
3576 4881 3673 4923 co-

2026 4952 3359 5033 acte,remittas.condones.indulgeas,quiasi
3378 4954 3671 5033 iniquita-

2030 5052 2118 5105 tes
2143 5044 3281 5123 observaverisﬂomine,Domine,quis
3310 5041 3675 5105 sustinebit?

2034 5132 2339 5208 Quoniam
2356 5134 2521 5214 apud
2536 5141 2588 5196 te
2606 5135 2939 5214 redemptio
2953 5133 3233 5212 est(a/;tu
3255 5132 3417 5193 solus
3443 5151 3506 5193 es
3520 5130 3681 5192 auxi-

307 5250 403 5307 σις,
447 5230 509 5285 σὺ
560 5230 617 5283 εἴ
668 5228 831 5302 μόνος
882 5224 1034 5305 ἅγιος
1084 5227 1307 5303 βοηθὸς,
1358 5226 1610 5304 κραταιὸς
1643 5225 1908 5302 ὕπερασπι

2034 5220 2209 5283 liator
2237 5231 2500 5297 sanctus,
2536 5223 2671 5285 vita;
2706 5232 2922 5285 nostra}
2951 5221 3231 5283 defensor
3253 5226 3681 5301 praepotens;et

308 5318 428 5385 στῆς
478 5318 578 5385 τῆς
636 5316 781 5389 ζωῆς
835 5317 1020 5390 ἡμῶν,
1078 5316 1167 5373 καὶ
1218 5315 1272 5371 ἐν
1322 5316 1403 5370 σοὶ
1438 5315 1473 5387 ᾖ
1522 5311 1749 5389 ὕμνησις
1798 5314 1917 5386 ἡμῶ

2035 5312 2109 5372 ad
2142 5320 2198 5373 te
2232 5320 2351 5374 tota
2378 5323 2583 5375 nostra
2624 5312 2885 5376 laudatio
2918 5312 3196 5373 refertur.
3234 5309 3555 5373 Benedicta
3604 5309 3680 5370 sit

313 5402 608 5473 διαπαντός.
643 5403 753 5473 Εἴη
804 5406 870 5462 τὸ
913 5404 1108 5485 κράτος
1136 5407 1234 5473 τῆς
1294 5401 1567 5481 βασιλείας
1600 5423 1693 5461 σου
1715 5400 1912 5481 εὐλογη

2039 5411 2096 5463 et
2115 5401 2443 5485 gloriﬁcata
2472 5405 2639 5485 regni
2666 5402 2751 5464 tui
2777 5410 3061 5484 potestas,
3094 5399 3308 5477 Patris,
3346 5409 3404 5462 et
3426 5398 3590 5482 Filii,
3624 5407 3683 5460 et

397 5656 482 5742 (α)
508 5655 666 5722 Psal.
699 5669 898 5730 σιω,
936 5650 997 5731 3,
1033 5652 1092 5717 ’1.
