4096 6210
1319 303 1760 369 ACOLUTHIA
1803 302 2186 371 TRIPLICIS
2226 305 2471 370 FESTI.

3484 328 3651 379 CGGLI

274 442 550 519 κισμάτων
604 461 699 498 σου
750 438 964 497 πάντων
1018 461 1119 509 την
1180 439 1315 499 κατᾶ
1344 439 1559 517 δύναμιν
1589 440 1894 523 δοξολογίαν

2008 444 2391 527 omniumque
2422 453 2657 509 tuarum
2678 453 3089 512 creaturarum
3110 446 3609 529 gloriﬁcationem
3624 500 3638 529 ,

275 535 363 591 καὶ
421 545 547 596 ταῖς
597 529 850 596 πλουσίας
908 534 1005 600 τῆς
1063 538 1163 610 σῇς
1210 532 1539 612 ἆγαθότητος
1596 533 1897 611 ἀντάμειψα

2008 534 2479 618 uniuscujusque
2508 536 2731 601 \iribus
2758 547 3217 621 congruentem,
3253 549 3311 602 et
3341 540 3641 605 afﬂuentia

274 622 524 703 δωρεαῖς.
565 618 641 679 ἔτι
687 622 766 679 σοὶ
809 622 1049 697 κάμπτει
1106 630 1209 681 πᾶν
1266 623 1415 703 γόνυ,
1461 622 1803 702 ἐπουρανίων,
1836 648 1897 682 κα

2006 622 2287 688 bonitatis
2318 636 2432 690 tuae
2462 627 2618 691 dona
2646 618 2932 709 repende;
2969 629 3108 711 quia
3136 618 3241 693 tibi
3273 648 3451 692 omne
3480 650 3639 710 genu

271 713 550 793 ἱπιγείων,
582 712 671 769 καὶ
717 712 1105 793 καταχθονίων·
1144 714 1230 770 καὶ
1284 719 1429 770 πᾶσα
1475 713 1609 781 πνοῆ
1639 715 1727 770 καὶ
1754 715 1920 781 κτίσις

267 804 430 878 ὑμνεῖ
458 802 561 871 τὴν
590 800 970 869 ἀκατάληπτόν
1001 825 1093 860 σου
1150 801 1324 868 δόξαν
1380 802 1540 879 μόνος
1572 804 1672 882 γὰρ
1701 804 1757 861 εἴ
1790 807 1918 870 Θεὸς

262 892 519 961 ἀληθινὸς
592 892 682 948 καὶ
736 890 1045 955 πολυέλεος,
1102 889 1235 950 ’Ὅτι
1288 894 1347 949 σε
1397 896 1595 950 αἱνοῦσι
1647 900 1811 951 πᾶσαι
1868 898 1919 951 αἱ

267 982 531 1057 Δυνάμεις
580 985 688 1038 τῶν
741 985 996 1060 οὐρανῶν,
1043 983 1131 1039 καὶ
1184 983 1265 1039 σοὶ
1323 979 1475 1048 δόξαν
1504 982 1912 1059 ἀναπέμπομεν,

262 1080 341 1148 τῷ
370 1073 562 1151 Πατρὶ,
596 1072 682 1128 καὶ
711 1078 787 1141 τῷ
818 1073 944 1148 Υίῷ,
979 1073 1065 1129 καὶ
1096 1080 1172 1147 τῷ
1203 1072 1337 1151 ἁγίῳ
1369 1072 1655 1148 Πνεύματι,
1690 1080 1775 1129 νῦν
1830 1076 1917 1131 καὶ

266 1163 346 1220 ἀεὶ
374 1165 464 1220 καὶ
502 1163 576 1225 είς
604 1161 726 1225 τοὺς
758 1162 952 1225 αἰῶνας
982 1169 1087 1218 τῶν
1122 1161 1349 1223 αἰώνων,
1381 1160 1557 1236 Ἀμήν

951 1260 1131 1311 EI‘XH
1162 1254 1269 1316 ιδ’.

345 1352 627 1426 Αἰνοῦμεν,
678 1347 963 1426 ύμνοῦμὲν,
1021 1348 1341 1428 εὐλογοῦμεν
1394 1351 1479 1407 καὶ
1559 1350 1914 1431 εὔχαριστού-

260 1442 363 1519 μέν
414 1463 523 1517 σοι,
584 1441 611 1496 ὁ
662 1440 788 1504 Θεὸς
838 1445 944 1496 τῶν
988 1440 1232 1518 πατέρων
1259 1442 1436 1516 ἡμῶν,
1488 1438 1575 1497 ὅτι
1604 1442 1912 1521 παρήγαγες

262 1532 360 1600 τὴν
392 1531 549 1587 σκιὰν
572 1534 671 1596 τῆς
704 1530 914 1604 νυκτὸς,
949 1531 1038 1586 καὶ
1068 1528 1265 1595 ἔδειξας
1314 1532 1453 1606 ἡμῖν
1506 1529 1668 1587 πάλιν
1709 1532 1770 1586 τὸ
1800 1537 1910 1609 φῶς

259 1626 361 1688 τῆς
419 1620 646 1697 ἡμέρας.
691 1616 839 1676 Ἀλλ’
896 1620 1200 1694 ἱκετεύομεν
1256 1620 1351 1688 τὴν
1426 1620 1524 1687 σὴν
1580 1619 1910 1700 άγαθότητα,

257 1711 506 1777 ἱλάσθητι
564 1721 683 1789 τρῖς
752 1708 1031 1787 ἁμαρτίαις
1102 1712 1279 1786 ἡμῶν,
1329 1710 1417 1767 καὶ
1474 1707 1752 1787 πρόσδεξαι
1814 1712 1911 1777 τὴν

2004 714 2284 791 ﬂectitur,
2320 717 2676 799 cmlestium,
2723 720 3092 782 terrestrium
3141 729 3200 782 et
3246 719 3641 796 infernorum;

2003 805 2317 887 omnisque
2344 808 2584 887 spiritus
2615 828 2682 870 ac
2714 819 2977 872 createra
3008 810 3272 873 celebrat
3301 810 3639 892 incompre-

2002 892 2360 958 hensibilem
2393 897 2639 976 gloriam
2671 905 2854 961 tuam.
2892 899 3042 972 Quia
3070 909 3127 961 te
3157 898 3401 962 laudant
3433 919 3643 964 omnes

2001 982 2267 1045 Virtutes
2315 986 2625 1066 caelorum,
2657 996 2714 1049 et
2744 1007 2850 1051 nos
2881 987 2988 1050 tibi
3023 989 3269 1069 gloriam
3300 988 3636 1067 reddimus,

2001 1073 2185 1155 Patri,
2218 1083 2275 1139 et
2294 1075 2467 1150 Filio,
2503 1085 2561 1137 et
2590 1076 2837 1158 Spiritui
2868 1088 3270 1151 sancto,nunc
3302 1088 3634 1162 etsemper,

1999 1168 2059 1222 et
2089 1162 2150 1224 in
2182 1165 2397 1227 saecula
2426 1167 2803 1229 seculorum.
2838 1172 3061 1234 Amen.

2587 1261 2876 1327 ORATIO
2921 1262 3046 1327 XII.

2080 1349 2218 1414 155.
2280 1352 2638 1430 Laudamus,
2699 1355 3092 1434 celebramus,
3132 1357 3548 1420 benedicimus
3578 1365 3667 1419 et.

1996 1441 2212 1518 gratias
2241 1442 2468 1522 agimus
2503 1443 2629 1526 tibi,
2665 1445 2823 1507 Deus
2850 1455 3081 1528 patrum
3102 1448 3633 1528 nostrorum,quod

1996 1528 2378 1611 dissipaveris
2408 1532 2681 1596 umbram
2715 1538 2929 1609 noctis,
2965 1544 3025 1597 et
3056 1537 3227 1598 nobis
3261 1536 3380 1599 diei
3431 1537 3637 1599 lumen

1996 1618 2209 1681 iterum
2232 1622 2591 1687 ostenderis.
2626 1626 2845 1687 Verum
2880 1625 3204 1687 bonitatem
3252 1636 3409 1688 tuam
3454 1626 3636 1689 obse-

1995 1726 2252 1784 cramus,
2287 1713 2578 1794 propitius
2609 1724 2735 1777 esto
2764 1715 3018 1795 peccatis
3043 1715 3353 1793 nostris,et
3374 1734 3478 1797 pro
3505 1735 3633 1778 ma-

258 1800 444 1869 ὂέησιν
477 1802 633 1876 ἡμῶν
693 1799 747 1855 ἐν
789 1804 857 1875 τῇ
887 1798 1099 1877 μεγάλῃ
1131 1822 1224 1856 σου
1255 1798 1650 1879 εὔσπλαγχνίᾳ’
1678 1801 1808 1879 πρὸς
1853 1798 1897 1856 σί

1995 1817 2106 1878 gna
2136 1800 2547 1865 misericordia
2578 1812 2677 1865 tua
2709 1814 2941 1866 nostras
2975 1823 3184 1885 preces
3205 1806 3474 1869 admitte:
3496 1806 3635 1887 quia

257 1890 690 1971 καταφεύγομεν,
744 1890 835 1946 τὸν
890 1888 1158 1964 ἐλεήμονα
1212 1892 1299 1947 καὶ
1327 1888 1725 1966 παντοδύναμον
1757 1890 1911 1959 Θεό-ο,

257 1982 489 2058 Λάμψον
545 1979 599 2036 ἒν
658 1992 781 2043 ταῖς
840 1977 1076 2057 καρδίαις
1126 1981 1283 2056 ἡμῶν
1339 1982 1402 2037 τὸ
1460 1978 1713 2047 ἀληθινὸν
1754 1979 1912 2047 ἥλιον

252 2078 352 2137 τῆς
421 2068 758 2135 δικαιοσύνης
829 2090 922 2126 σου
955 2117 971 2149 ,
1037 2068 1264 2149 φώτισον
1348 2071 1441 2127 τὸν
1515 2077 1631 2127 νοῦν
1700 2069 1856 2145 ἡμῶν
1890 2117 1906 2143 ,

252 2163 341 2219 καὶ
397 2160 493 2224 τὰς
537 2160 806 2229 αἰσθήσεις
837 2157 964 2223 ὅλας
1008 2157 1356 2239 διατήρησον,
1388 2157 1503 2233 ἵνα,
1538 2160 1610 2225 ὡς
1638 2160 1692 2215 ὶν
1735 2158 1909 2239 ἡμέρᾳ

248 2249 615 2330 εὐσχημόνως
649 2256 1055 2327 περιπατοῦντες
1097 2249 1195 2317 τὴν
1238 2246 1354 2305 ὁδὸν
1395 2253 1502 2304 τῶν
1534 2246 1759 2305 ἐντολῶν
1790 2270 1905 2325 σου,

256 2340 686 2414 καταντήσωμεν
738 2339 810 2400 εἰς
869 2339 969 2407 τὴν
1008 2340 1152 2410 ζωὴν
1202 2338 1301 2406 τὴν
1363 2337 1595 2413 αἰώνιον,
1657 2334 1737 2393 ὅτι
1768 2339 1907 2416 παρὰ

256 2431 338 2487 σοί
365 2428 512 2486 ἔστιν
544 2431 578 2497 ἡ
608 2428 762 2506 πηγὴ
790 2432 891 2497 τῆς
934 2434 1103 2501 ζωῆς·
1140 2429 1226 2485 καὶ
1284 2427 1337 2483 ἐν
1395 2425 1683 2483 ἀπολαύσει
1714 2427 1905 2506 γενέσ-

253 2522 337 2575 θαι
398 2516 810 2594 καταξιωθῶμεν
857 2526 951 2575 τοῦ
997 2518 1280 2596 ἀπροσίτου
1323 2518 1523 2598 φωτὸς,
1559 2514 1639 2573 ὅτι
1696 2518 1757 2574 σὺ
1790 2518 1906 2574 ε’ίὸ

257 2609 387 2674 Θεὸς
441 2610 622 2684 ἡμῶν,
680 2609 768 2664 καὶ
829 2609 910 2665 σοὶ
979 2609 1078 2674 τὴν
1134 2606 1284 2673 δόξαν
1340 2606 1748 2682 ἀναπέμπομεν,
1828 2613 1905 2683 τῷ

257 2698 447 2777 Πατρὶ,
478 2698 568 2753 καὶ
596 2703 673 2772 τῷ
715 2699 842 2777 Υίῷ,
897 2699 985 2753 καὶ
1052 2702 1130 2770 τῷ
1180 2696 1314 2775 ἄγίῳ
1373 2697 1662 2772 Πνεύματι,
1697 2704 1782 2755 νῦν
1815 2699 1903 2754 καὶ

256 2790 356 2861 αεὶ,
392 2788 484 2843 καὶ
514 2788 586 2852 εὶς
617 2788 703 2851 οὺς
738 2790 933 2851 αἰῶνας
957 2790 1063 2845 τῶν
1096 2786 1302 2843 αἰώνων
1331 2786 1534 2861 Ἀμήν.

334 2878 477 2935 Εἶτα
525 2876 669 2956 λέγει
711 2877 810 2945 τὴν
859 2875 1102 2955 μεγάλην
1158 2874 1477 2942 συνναπτήν.
1517 2875 1664 2931 Μετὰ
1715 2872 1897 2946 δὲτὴν

251 2966 580 3046 ἐκφώνησιν,
627 2965 909 3041 ψάλλεται·
943 2964 1115 3032 ’³Οεὸς
1164 2965 1373 3044 Κύριος.

1998 1888 2069 1950 ad
2096 1898 2151 1952 te
2172 1891 2569 1974 confugimus,
2597 1894 3043 1957 misericordem
3073 1904 3134 1957 et
3160 1896 3630 1973 omnipotentem

1997 1980 2212 2043 Deum.
2247 1979 2313 2042 In
2337 1982 2617 2045 cordibus
2645 1986 2867 2047 nostris
2911 1985 3096 2047 solem
3114 1984 3359 2064 justitiaa
3390 1994 3504 2047 tuae
3527 2003 3631 2049 ac-

1993 2068 2473 2145 cende,mentem
2484 2081 2745 2136 nostram
2768 2074 3404 2156 illumina,omnesque
3420 2093 3633 2138 sensus

1993 2170 2368 2243 conserva,ut
2401 2171 2679 2244 tanquam
2707 2164 2768 2225 in
2784 2164 2882 2227 die
2896 2184 3003 2246 per
3023 2171 3172 2227 viam
3221 2164 3632 2227 mandatorum

1993 2255 2226 2312 tuorum
2251 2251 2498 2332 pulchre
2511 2252 2906 2332 ambulantes,
2931 2254 3004 2317 ad
3020 2254 3197 2317 vitam
3213 2254 3630 2335 perveniamus

1991 2346 2298 2422 aternam,
2332 2341 2475 2422 quia
2518 2342 2650 2405 fons
2679 2343 2809 2405 vitae
2839 2345 2993 2427 apud
3038 2352 3094 2406 te
3126 2351 3237 2418 est,
3287 2352 3343 2405 et
3402 2343 3629 2405 lumine

1987 2427 2294 2491 inaccesso
2322 2431 2545 2511 perfrui
2598 2450 2957 2514 mereamur,
2984 2439 3117 2513 quia
3148 2442 3210 2495 tu
3240 2432 3400 2495 Deus
3430 2442 3634 2495 noster

1991 2527 2143 2591 es,et
2164 2518 2268 2580 tibi
2296 2520 2604 2583 reddimus
2628 2522 2898 2601 gloriam,
2936 2522 3194 2595 Patri,et
3225 2522 3468 2597 Filio,et
3490 2541 3633 2585 san-

1987 2616 2082 2669 cto
2111 2608 2381 2689 Spiritui,
2425 2628 2585 2673 nunc
2613 2620 2671 2672 et
2700 2630 2960 2692 semper,
2994 2620 3055 2675 et
3088 2611 3148 2673 in
3186 2614 3403 2674 smcula
3434 2631 3627 2675 saecu-

1987 2697 2203 2764 lorum.
2238 2698 2455 2762 Amen.

2066 2873 2477 2937 156.«Deinde
2504 2874 2713 2937 recitat
2746 2893 3019 2955 magnam
3049 2875 3386 2942 collectam.
3407 2878 3628 2960 Etpost

1922 2976 1962 3027 C.
1988 2964 2478 3027 exclamationem
2506 2964 2667 3027 canit
2703 2966 2716 3028 ἑ
2758 2967 2916 3028 Deus
2947 2965 3259 3030 Dominus.

332 3063 528 3142 Con.
566 3059 771 3142 Magna
797 3060 899 3123 illa
926 3061 1175 3124 collecta
1204 3068 1265 3123 et
1293 3058 1640 3123 exclamatio
1668 3059 1875 3142 eadem
1909 3066 2017 3133 est,
2058 3076 2231 3140 quam
2268 3058 2542 3142 dedimus
2572 3077 2753 3142 supra
2808 3077 2973 3122 num.
3031 3059 3133 3133 72,
3172 3060 3233 3121 in
3295 3061 3629 3142 majoribus

243 3141 556 3224 Vesperis,
582 3139 849 3224 adeoque
880 3159 1385 3224 supervacaneum
1443 3149 1611 3224 esset
1641 3158 1771 3202 eam
1796 3139 1892 3224 hic
1924 3139 2103 3224 totam
2126 3148 2433 3224 repetere.
2456 3140 2544 3201 Ad
2577 3143 2660 3212 τὸ,
2693 3141 2753 3224 ³ο
2784 3143 2913 3224 Θεὸς
2948 3142 3155 3224 Κύριος,
3192 3140 3356 3221 quod
3385 3139 3620 3224 attinet,

239 3220 397 3315 forte
427 3220 517 3285 illi
546 3220 1019 3315 subnectendu'm
1055 3231 1155 3315 es_t_
1174 3240 1241 3315 ex
1278 3222 1640 3315 Horologio‘:
1664 3225 1762 3315 ’καὶ
1790 3223 1897 3278 ὲπέε

1995 3244 2047 3278 εν
2072 3223 2209 3312 ἡμῖν
2240 3220 2601 3315 εὔλογρμενος
2633 3224 2661 3277 6
2706 3221 3001 3315 ἐρχόμενοὲ
3033 3220 3356 3315 ἒνῂόνόματὶι.

249 3324 274 3359 ι
310 3301 384 3364 Ει
411 3302 683 3384 apparuit
713 3303 909 3377 nobis,
940 3302 1296 3384 benedictus
1330 3303 1432 3381 qui
1465 3298 1623 3363 venit
1663 3302 1725 3362 in
1755 3298 1999 3384 nomine
2032 3298 2289 3384 Domini.
2330 3324 2355 3355 »ι
2396 3299 2682 3381 Typicum
2714 3298 2913 3364 autem
2966 3299 3028 3365 S.
3080 3298 3250 3364 Saba;
3299 3301 3443 3364 dicit
3469 3298 3622 3367 illud

239 3383 399 3456 cani,
430 3380 552 3445 non
572 3401 607 3445 a
635 3383 975 3457 sacerdote,
1011 3384 1115 3447 sed
1144 3402 1180 3446 a
1210 3380 1516 3463 designato
1549 3383 1841 3447 monacho
1879 3404 1892 3441 :
1931 3380 2116 3445 verba
2147 3382 2272 3443 haec
2299 3380 2484 3444 sunt:

324 3476 443 3537 Εἴθ’
492 3478 656 3543 οὕτως
714 3482 742 3536 6
790 3481 1008 3560 ταχθεὶς
1078 3481 1321 3560 μοναχὸς
1379 3478 1470 3559 ἀφ’
1532 3478 1759 3557 ἑσπέρας
1817 3480 1891 3543 εἰς

235 3572 299 3627 τὸ
359 3571 705 3650 προκείμενον
774 3571 872 3636 τῆς
928 3569 1131 3650 ἡμέρας
1158 3617 1175 3649 ,
1229 3569 1463 3639 ποιήσας
1516 3568 1615 3635 τὴν
1688 3569 1887 3638 συνήθη

234 3660 525 3737 μετάνοιαν
594 3666 671 3733 τῷ
764 3659 1045 3739 ἡγουμένῳ
1077 3707 1094 3734 ,
1167 3657 1358 3734 ψάλλει
1417 3658 1477 3714 τὸ
1512 3704 1528 3731 ,
1585 3658 1712 3721 Θεὸς
1779 3657 1885 3715 Κύ-

236 3773 353 3831 ριος
366 3799 381 3813 .

2064 3476 2196 3540 157.
2272 3473 2561 3538 Absoluta
2630 3474 3109 3557 exclamatione,
3194 3483 3445 3542 statutus
3495 3480 3621 3561 jam

1969 3565 2112 3629 inde
2141 3586 2174 3628 a
2205 3564 2485 3647 VeSperis
2518 3566 2868 3641 monachus,
2918 3564 2992 3628 ad
3045 3564 3167 3629 diei
3225 3570 3618 3651 propositum,

1968 3655 2123 3718 facta
2177 3653 2377 3717 abbati
2437 3655 2823 3736 reverentia,
2889 3653 3094 3716 canit:
3169 3655 3333 3719 Deus
3405 3658 3619 3721 Domi-

1967 3762 2108 3807 nus.

325 3842 518 3908 Comi.
552 3845 691 3924 Post
717 3842 1063 3924 στιχολογίαν
1092 3848 1424 3924 sequuntur
1452 3840 1714 3924 stichera
1744 3846 2111 3924 sanctorum,
2140 3856 2392 3920 quorum
2441 3838 2589 3901 festa
2616 3838 2715 3900 lux
2742 3838 2955 3924 agitur.
2995 3839 3101 3901 Est
3144 3849 3341 3904 autem
3374 3845 3469 3909 hic
3502 3864 3616 3909 no-

233 3924 509 4001 iandum,
536 3922 693 4004 quod
723 3941 794 3985 ea
810 3920 1085 4005 't'roparia
1114 3920 1249 4005 quae
1270 3923 1332 3984 in
1365 3922 1914 4005 Menaaisgocantur
1936 3922 2256 4005 motapzrz,
2290 3937 2409 4005 non
2436 3938 2507 3981 eo
2538 3938 2717 4005 sensu
2762 3920 2857 3981 hic
2889 3930 3201 4005 vocentur,
3241 3942 3357 4005 quo
3386 3925 3485 3988 illa
3509 3946 3612 3992 ac-

239 4005 515 4085 cepimus
548 4000 726 4085 supra
757 4000 934 4067 num.
953 4003 1053 4085 85,
1088 4004 1194 4085 sed
1227 4004 1402 4082 longe
1433 4002 1571 4085 alio.
1609 4001 2060 4085 Hoc_nimirnm,
2085 4002 2248 4085 quod
2278 4000 2398 4062 sint
2427 4000 2679 4085 cantica,
2709 4019 2844 4085 quae
2865 4000 3607 4085 sedendoper‘solvuntur,

235 4081 935 4167 ut'cantoribusaliquid
967 4084 1279 4146 levaminis
1308 4081 1696 4147 concedatur.
1731 4082 1928 4144 Potest
1956 4082 2152 4163 itaque
2181 4083 2411 4157 αάθισμα
2432 4081 2636 4143 Latine
2670 4081 2840 4144 reddi
2871 4085 3075 4146 sessio.
3109 4081 3273 4147 Habe
3303 4086 3481 4164 igitur
3504 4081 3613 4150 hu-

229 4166 337 4246 jus
364 4166 548 4229 ofﬁcii
579 4165 961 4228 cathismata.

320 4264 469 4319 Μετὰ
496 4264 596 4328 τὴν
645 4258 695 4318 α’
725 4262 1071 4342 στιχολογίαν
1099 4260 1354 4335 κάθισμα.

315 4347 489 4433 Ἠχος
518 4350 590 4425 δ’,
625 4352 781 4428 πρὸς,
828 4353 979 4431 Ταχὺ
1008 4348 1331 4431 προκάλαϐε.

312 4443 602 4519 Φωστῆρες
659 4439 1024 4520 ύπέρλαμπροι
1071 4443 1170 4507 τῆς
1222 4438 1545 4508 Ἐκκλησίας
1619 4444 1868 4519 Χριστοῦ,

2044 4259 2183 4320 Post
2229 4257 2479 4336 primam
2511 4255 2922 4337 stichologiam
2961 4260 3173 4324 sessio.

2041 4350 2245 4411 Tonus
2268 4346 2325 4415 4,
2366 4346 2519 4407 sicut
2545 4350 2695 4428 Ταχὺ
2728 4349 3131 4426 προκατάλαϐε.

2037 4436 2469 4501 158.Ecclesiae
2495 4455 2741 4499 corusca
2754 4437 3381 4511 luminaria,doctrinis
3398 4445 3614 4505 vestris

224 4533 321 4588 τὸν
373 4510 576 4606 κόσμον
649 4510 953 4610 egomet;
997 4542 1117 4592 ταῖς
1164 4526 1418 4611 διδαχαῖς
1449 4531 1596 4606 ὑμῶν
1643 4510 1870 4609 [Ῐατέρες

2000 4525 2362 4588 ollustrastis
2393 4525 2624 4603 orbem;
2661 4526 2905 4588 conﬁxis
2937 4528 3216 4592 omnibus
3248 4549 3428 4611 prave
3462 4551 3609 4594 sen-

222 4620 498 4702 Oedaoqpor,
552 4618 812 4689 πήξαντες
855 4620 949 4684 τὰς
1006 4619 1230 4699 αἱρέσεις
1288 4621 1497 4677 πάντων
1546 4622 1653 4676 τῶν
1708 4641 1878 4676 κακο-

222 4708 415 4790 δόξων,
446 4708 730 4772 σϐέσαντες
784 4709 879 4773 τὰς
924 4707 1214 4791 φλογώδεις
1260 4714 1365 4768 τῶν
1413 4710 1747 4789 βλασφήμων
1779 4732 1876 4766 συ·-

222 4801 439 4880 χύσεις,
476 4800 594 4875 Διὸ,
650 4801 722 4862 ὡς
752 4799 998 4879 ἱεράρχαι
1062 4806 1310 4880 Χοιστοῦ,
1355 4797 1708 4879 πρεσϐεύσατε
1759 4821 1872 4856 σω·-

221 4889 380 4956 eam
411 4888 581 4963 ἡμᾶς.

308 4966 470 5034 Δόξα.
517 4970 589 5027 T6
618 4966 769 5028 αύτύ.
798 4969 895 5026 Καὶ
927 4975 1037 5033 νῦν.

305 5057 592 5115 Θεοτόκιον
619 5053 818 5121 δυοιον.

302 5235 531 5315 Παρθένε
584 5237 892 5314 πανύμνητι
922 5286 939 5319 ,
1006 5243 1186 5319 Μῆτιρ
1255 5247 1479 5319 Χριστοῦ
1556 5263 1649 5299 του
1711 5244 1863 5319 Θεοῦ,

218 5326 479 5406 θεόνομφι
514 5328 603 5385 καὶ
648 5327 1004 5408 ἀπειρόγαμε,
1068 5332 1270 5387 πιστῶν
1328 5331 1363 5399 ἠ
1420 5331 1724 5413 ἀντίληψις⁷
1771 5332 1866 5409 ῥῦ-

218 5436 309 5472 σαι
342 5417 541 5481 παντὸς
598 5415 834 5476 κινδύνου
876 5419 965 5476 καί
1006 5420 1256 5485 παντοίας
1306 5421 1561 5503 ἀιάγκης,
1615 5420 1865 5480 δέσποινα

218 5504 469 5579 Scordus,
506 5506 631 5570 τοὺς
673 5507 730 5563 ἔν
760 5508 933 5565 πίστει
975 5509 1122 5584 πόοῳ
1161 5517 1229 5588 τῇ
1259 5510 1432 5589 σκέπηςΙ
1464 5534 1558 5569 σου
1601 5515 1861 5593 προσφεύ-

212 5594 431 5673 γοντάς,
464 5617 605 5671 μονη
635 5599 919 5679 θεόνυμφε.

293 5775 441 5832 Μετὰ
467 5776 568 5846 τὴν
596 5775 653 5857 β’
687 5777 1045 5861 στυχολογίαν
1075 5782 1337 5861 κάθισμα.

1964 4614 2229 4676 tientium
2255 4615 2603 4695 haeresibus,
2635 4616 2939 4679 ﬂammeas
2970 4620 3458 4683 conturbationes
3489 4622 3607 4683 im-

1961 4703 2196 4784 pietatis
2218 4706 2603 4780 exstinxistis,
2634 4708 2838 4768 Patres
2859 4706 3193 4771 divinorum
3232 4710 3441 4791 periti.
3476 4714 3608 4786 Qua

1958 4792 2034 4855 de
2065 4812 2261 4875 causa,
2303 4795 2472 4857 veluti
2495 4795 2711 4858 Christi
2735 4796 3085 4879 hierarchae,
3125 4808 3392 4862 nostram
3425 4801 3601 4865 inco-

1958 4881 2284 4946 lumitatem
2318 4885 2643 4964 exposcite.

2036 4972 2258 5037 Gloria.
2290 4974 2453 5037 Idem
2474 4974 2776 5038 sticheron
2809 4982 3121 5059 repetitur.
3145 4980 3214 5039 Et
3245 4998 3426 5043 nunc.

2036 5061 2282 5126 Mariale
2311 5064 2530 5147 simile,
2564 5067 2691 5128 sive
2734 5065 2933 5128 eidem
2985 5075 3122 5129 tono
3172 5076 3600 5151 attemperan-

1957 5151 2096 5215 dum
2110 5203 2124 5217 .

2033 5242 2213 5322 Virgo
2253 5262 2484 5307 summe
2534 5242 2866 5321 laudabilis,
2931 5248 3119 5310 Mater
3173 5250 3395 5312 Christi
3463 5250 3595 5328 Dei,

1950 5330 2149 5394 divina
2170 5351 2389 5411 sponsa
2411 5343 2467 5396 et
2490 5334 2817 5415 conjugalis
2838 5335 3045 5416 ignara
3067 5340 3595 5416 commerciiJideo

1948 5418 2095 5483 lium
2128 5422 2500 5504 defensio,ab
2521 5427 2684 5486 omni
2707 5425 3056 5490 discrimine
3090 5437 3147 5490 et
3180 5430 3344 5490 omni
3367 5449 3593 5507 genere

1948 5513 2318 5602 necessitatis
2366 5514 2604 5595 expedi,
2644 5515 2887 5578 domina
2930 5517 3210 5599 Deipera,
3246 5520 3454 5583 ﬁdeles
3487 5521 3589 5602 qui

1945 5600 2225 5664 ardenter
2246 5602 2309 5664 in
2332 5604 2673 5667 clientelam
2704 5624 2770 5667 se
2808 5615 2966 5670 tuam
2998 5610 3333 5686 conferunt,
3363 5619 3423 5672 tu
3453 5600 3591 5692 quae

1943 5691 2070 5754 sola
2099 5692 2205 5755 Dei
2235 5710 2453 5772 sponsa
2475 5712 2563 5756 es.

2023 5783 2160 5846 Post
2188 5783 2227 5846 2
2253 5785 2661 5868 stichologiam
2692 5787 2905 5852 sessio.
