4096 6210
1830 344 2394 408 PROLEGOMENA
2406 391 2420 404 .

503 477 639 541 166.
699 479 839 539 Post
897 475 1168 538 osculum
1220 478 1504 557 evangelii
1563 480 1704 544 dicit
1734 479 2013 542 sacerdos

2232 478 2377 534 Μετᾶ
2409 479 2497 535 τὸν
2528 478 2812 557 ἀσπασμὸν
2856 487 2948 538 τοῦ
2977 479 3326 562 Εύαγγελίου,
3357 480 3500 560 λέγει
3535 483 3561 538 ὸ
3592 482 3795 561 ἱερεύς·

420 569 618 643 Salva,
645 565 827 647 Deus,
861 565 1142 647 populum
1175 574 1335 628 tuum
1366 576 1425 630 et
1446 567 1701 632 benedic
1722 568 2044 634 hazreditat‘

2144 573 2350 647 Σῶσον,
2412 570 2438 623 ὸ
2497 570 2648 642 Θεὸς,
2715 571 2800 626 τὸν
2851 569 2979 628 λαόν
3037 593 3152 644 σου,
3199 571 3285 627 καὶ
3341 570 3630 649 εὖλόγησον
3687 575 3793 641 τὴν

422 667 553 720 tuae.
587 656 864 732 Domine,
900 655 1207 729 miserere,
1261 655 1607 723 duodecies.
1641 659 1710 721 Et
1761 659 2044 722 exclama-

2144 656 2496 734 κληρονομίαν
2556 681 2670 717 σου,
2729 661 2907 741 Κύριε,
2952 659 3198 733 ἒλέησον,
3250 660 3342 737 ιβ’.
3392 663 3490 719 Καὶ
3534 661 3790 742 ἐκφώνη-

416 353 623 406 οαἩλν

422 747 502 809 tio
531 766 545 807 :
576 744 987 810 Misericordia
1037 752 1094 805 et
1121 743 1598 811 miserationibus
1617 759 1674 811 et
1699 748 2060 828 benignitate

421 835 712 916 unigeniti
737 833 819 894 tui
841 832 1258 915 Filii,quorum
1285 835 1634 900 benedictus
1665 858 1893 921 es,cum
1915 856 2056 900 san-

418 925 684 987 ctissimo
737 931 794 986 et
850 922 1004 984 bono
1066 922 1295 986 vivifico
1351 935 1448 988 tuo
1509 927 1758 1008 Spiritu,
1791 945 1951 992 nunc
1999 934 2061 989 et

419 1021 752 1094 semper,et
781 1013 841 1074 in
874 1013 1088 1074 saecula
1109 1015 1791 1082 saeculorum.Amen.Et
1820 1018 2057 1080 inchoa-

419 1121 860 1165 rnuscanones.

2143 769 2225 810 σις
2256 767 2267 780 ⁸
2349 746 2516 805 Ἐλέει
2590 751 2676 808 καὶ
2766 752 3062 830 οἰκτιρμοϊς
3125 751 3211 806 καὶ
3270 749 3631 830 φιλανθρωπίᾳ
3692 760 3789 809 τοῦ

2143 844 2462 915 μονογενοῦς
2520 860 2614 895 σου
2666 843 2808 914 Υἱοῦ,
2858 839 2972 915 μεθ’
3029 840 3088 896 οὗ
3141 839 3429 918 εὐλογητὸς
3484 843 3526 896 εἰ
3571 843 3662 897 σὺν
3707 850 3786 916 τῷ

2143 928 2407 1006 παναγίῳ,
2440 929 2527 984 καὶ
2560 927 2763 1005 ἀγαθῷ,
2801 931 2889 985 καὶ
2943 935 3190 1002 ζωοποιῷ
3233 952 3325 986 σου
3371 931 3660 1005 Πνεύματι,
3693 939 3788 988 νῦν

2142 1017 2228 1072 καὶ
2287 1018 2388 1093 ἀεὶ,
2453 1019 2540 1073 καὶ
2598 1020 2670 1081 εἰς
2733 1020 2855 1082 τοὺς
2906 1022 3097 1083 αἱῶνας
3157 1025 3264 1075 τῶν
3297 1021 3520 1080 αἰώνων.
3580 1019 3784 1095 Ἀμήν,

2147 1107 2242 1163 Καὶ
2272 1106 2550 1186 ἀρχόμεθα
2580 1111 2683 1164 τῶν
2724 1108 2983 1170 κανόνων,

501 1195 637 1284 167.
674 1199 858 1258 Coum.
893 1196 1114 1284 Verum
1145 1205 1464 1284 antequam
1488 1199 1677 1284 trium_
1685 1199 1996 1262 doctorum
2030 1197 2604 1284 canones,a_J_oanne
2625 1199 2912 1284 E‘uchaita
2936 1200 3352 1284 concinnatos,
3389 1202 3784 1284 subjiciamus

417 1275 526 1338 sub
546 1287 876 1365 aspectum,
912 1273 1346 1365 observandum
1396 1290 1508 1365 est,
1541 1282 1615 1365 S._
1641 1279 1996 1365 Germanum
2062 1297 2181 1340 non
2229 1273 2564 1365 significare
2607 1280 2942 1365 dicendum
2971 1282 3313 1365 duodecies.
3336 1273 3620 1365 Domine,
3655 1287 3780 1345 mi-

418 1373 655 1434 serere;
690 1357 795 1419 sed
827 1357 1018 1418 verbis
1076 1359 1384 1438 Εὗλόγτ,σον
1428 1361 1526 1428 τὴν
1569 1361 1927 1441 κληρονομίαν
1987 1383 2044 1418 σο

2161 1357 2479 1422 confestim
2531 1361 2830 1424 subnectit
2880 1367 3194 1444 sequentia
3246 1363 3501 1427 dicenda
3550 1357 3784 1428 a'dia-

412 1456 585 1499 cono.

496 1528 750 1608 Respice
781 1526 985 1588 orbem
1017 1534 1178 1589 tuum
1207 1526 1268 1589 in
1317 1527 1727 1593 misericordia
1776 1539 1833 1592 et
1866 1529 2048 1591 mise-
2077 1529 2115 1576 Β

416 1617 767 1679 rationibus.
804 1617 1012 1678 Exalta
1041 1633 1230 1680 cornu
1261 1619 1732 1682 Christianorum
1761 1620 2052 1683 orthodo-

410 1725 643 1780 xorum,
678 1719 740 1768 et
769 1706 1012 1768 demitte
1042 1725 1224 1787 super
1245 1726 1352 1769 nos
1378 1717 1504 1769 tuas
1533 1709 1844 1771 afﬂuentes
1868 1712 2049 1771 mise-

411 1795 1277 1858 ricordias.Precibusillibata
1297 1799 1565 1860 Domina;
1592 1810 1832 1881 nostrae,
1864 1799 2048 1860 Geni-

413 1886 579 1949 tricis
612 1885 718 1947 Dei
745 1904 1104 1966 semperque
1127 1886 1371 1964 virginis
1395 1887 1614 1965 Maria;
1638 1889 1853 1950 virtute
1879 1907 2052 1950 vene-

411 1976 611 2038 randaa
630 1986 687 2036 et
719 1975 959 2036 vivificae
980 1975 1195 2050 crucis,
1221 1977 1566 2056 patrociniis
1589 1977 1920 2040 caelestium
1957 1979 2051 2039 in-

411 2083 952 2145 corporearumque
979 2068 1359 2140 Potestatum;
1391 2067 1741 2143 venerandi,
1769 2068 2049 2147 gloriosi-

408 2173 527 2232 que
562 2155 884 2235 prophetae,
923 2154 1305 2234 praecursoris
1335 2163 1393 2217 et
1444 2155 1724 2236 Baptista:
1760 2155 2048 2236 Joannis;

405 2256 746 2306 sanctorum
770 2243 1161 2322 gloriosoruin
1184 2252 1241 2306 et
1264 2243 1790 2308 celeberrimorum
1807 2259 2048 2329 aposto-

2220 1527 2536 1606 Ἐπίσκεψαι
2595 1533 2684 1588 τόν
2746 1533 2944 1608 κόσμον
2991 1556 3082 1590 σου
3127 1533 3181 1589 ὲν
3250 1533 3384 1590 ἐλέει
3437 1537 3524 1592 καὶ
3573 1538 3786 1616 οἰκτιρ-

2135 1633 2284 1696 μοῖς,
2346 1621 2611 1696 ’Ύψωσον
2686 1623 2844 1700 κέρας
2932 1624 3263 1680 Χσιστιανῶν
3325 1624 3632 1702 ὄρθοδόξων,
3693 1631 3787 1684 καὶ

2133 1711 2488 1786 κατάπεμψον
2518 1710 2598 1791 ἔφ’
2645 1714 2792 1785 ἡμᾶς
2854 1712 2916 1767 τὰ
2962 1711 3085 1780 ἐλέη
3116 1736 3208 1769 σου
3237 1715 3302 1769 τὰ
3331 1714 3559 1772 πλούσια
3592 1733 3608 1747 ·
3642 1740 3787 1796 πρε-

2134 1798 2330 1863 σϐείαις
2391 1805 2486 1869 τῆς
2533 1801 2905 1881 παναχράντου
2949 1799 3230 1869 δεσποίνης
3303 1805 3461 1870 ἡμῶν
3515 1808 3788 1862 Θεοτόκου

2135 1891 2222 1946 καὶ
2292 1889 2633 1968 ἀειπαρθένου
2704 1896 2946 1969 Μαρίας·
3021 1889 3235 1966 δυνάμει
3315 1896 3406 1948 τοῦ
3470 1896 3648 1969 τιμίου
3693 1899 3788 1953 καὶ

2134 1980 2396 2050 ζωοποιοῦ
2439 1983 2660 2059 σταυροῦ
2693 1999 2708 2014 ·
2742 1981 3083 2058 προστασίαις
3133 1988 3241 2038 τῶν
3291 1982 3615 2062 ἐπουρανίων
3666 1998 3786 2043 Δυ-

2134 2067 2342 2143 νάμεων
2411 2069 2733 2144 ἀσωμάτων,
2812 2077 2905 2126 τοῦ
2967 2070 3139 2144 τιμίου
3215 2069 3420 2136 ἐνδόξου
3469 2077 3780 2157 προφήτου,

2132 2157 2428 2238 προδρόμου
2461 2161 2546 2215 καὶ
2578 2167 2876 2216 Βαπτιστοῦ
2906 2156 3172 2240 Ἰωάννου,
3207 2168 3316 2219 τῶν
3353 2163 3514 2239 ἁγίων
3549 2156 3784 2230 ἐνδόξων

2129 2250 2215 2304 καὶ
2246 2247 2561 2304 καλλινίκων
2594 2250 2867 2328 μαρτύρων
2904 2268 2918 2283 °
2954 2251 3040 2306 καὶ
3067 2251 3131 2306 τὰ
3160 2249 3323 2308 λοιπὰ
3356 2254 3581 2334 τούτων,
3614 2257 3687 2318 ὡς
3720 2257 3780 2312 ἐν

408 2332 628 2410 lorum;
655 2332 1414 2413 sauctorum,gloriosorum
1435 2341 1494 2395 et
1512 2334 1772 2396 victoriis
1801 2335 2048 2417 inclyte-

409 2439 541 2485 rum
573 2430 923 2504 martyrum,
949 2431 1008 2484 et
1027 2419 1260 2501 reliqua
1288 2423 1441 2484 sicut
1462 2423 1680 2487 litanias
1699 2425 2044 2487 inscribun-

401 2522 514 2575 tur.

497 2608 633 2672 168.
667 2607 860 2690 Comi.
914 2603 1301 2690 Haecemnia
1343 2605 1424 2690 ait
1467 2605 1529 2667 S.
1583 2607 1916 2690 Germanus
1962 2609 2079 2674 dici
2123 2632 2160 2674 a
2211 2611 2488 2687 diacono,
2541 2609 2636 2672 cui
2684 2611 2923 2673 tandem
2985 2612 3254 2674 succinat
3307 2617 3608 2690 sacerdos,
3663 2636 3774 2679 ex-

405 2687 722 2776 clamando
754 2698 816 2748 ut
840 2704 1038 2776 supra.
1073 2687 1204 2749 Non
1237 2687 1437 2776 fuerit,
1472 2705 1680 2776 porro_
1711 2689 2102 2776 injuoundum
2165 2693 2262 2776 hic
2293 2698 2578 2776 annotare
2609 2699 2667 2776 et
2696 2692 2873 2776 ritum
2910 2699 2965 2776 et
3022 2701 3286 2776 tempus,
3335 2715 3451 2776 quo
3502 2714 3535 2756 a
3568 2687 3776 2759 fratri-

409 2769 524 2832 bus
553 2768 822 2855 osculum
855 2775 1059 2829 sancto
1087 2768 1393 2844 evangelio
1424 2768 1808 2848 imprimitur.
1834 2773 1929 2834 Sic
1958 2790 2099 2855 ergo
2124 2772 2334 2837 scribit
2361 2771 2698 2854 patriarcha
2728 2772 3079 2836 Philotheus
3108 2768 3170 2836 in
3205 2768 3444 2839 Ordine
3464 2783 3624 2840 sacri
3649 2783 3778 2842 mi-

402 2853 649 2914 nisterii
675 2870 690 2910 :

487 2943 800 3017 Sacerdos,
834 2942 1096 3003 demissa
1127 2942 1350 3017 casula,
1377 2951 1643 3006 sanctum
1679 2945 2044 3025 evangelium

2214 2946 2275 3006 Ὀ
2320 2949 2510 3026 ἱερεὺς,
2578 2946 2824 3026 χαλάσας
2894 2949 2955 3003 τὸ
3017 2946 3308 3027 φαιλονιον,
3369 2953 3455 3007 καὶ
3497 2954 3777 3029 βαστάζων

404 3043 540 3098 ante
568 3042 772 3116 pectus
802 3031 1569 3113 deferens,egreditur,etin
1601 3033 1795 3096 medio
1820 3036 2040 3116 templo

2144 3041 2184 3095 τὸ
2235 3037 2386 3116 ἅγιον
2419 3036 2724 3116 εὐαγγέλιον
2784 3035 3077 3115 ἔμπροσθεν
3130 3046 3224 3095 τοῦ
3267 3042 3510 3115 στήθους,
3547 3042 3776 3121 ἐξέρχε-

405 3133 539 3187 stat.
574 3128 781 3184 Lector
807 3129 1030 3202 autem,
1062 3121 1152 3182 vel
1183 3121 1284 3210 qui
1314 3138 1347 3210 a
1377 3121 1752 3210 caeremoniis
1782 3131 1896 3198 est,
1929 3131 2044 3188 stat

2144 3151 2208 3184 παι
2237 3128 2326 3184 καὶ
2356 3126 2573 3183 ἵσταται
2606 3126 2680 3186 εἷς
2725 3126 2823 3192 τὴν
2855 3126 3028 3201 μέσην
3063 3136 3154 3185 τοῦ
3183 3131 3309 3186 ναοῦ
3339 3149 3354 3164 ·
3402 3134 3487 3187 καὶ
3520 3131 3773 3210 ἀναγνώ-

400 3214 513 3296 ipsi
547 3232 580 3274 a
603 3210 853 3292 dextris,
880 3219 1091 3272 tenens
1123 3207 1544 3271 candelabrum
1573 3228 1708 3270 cum
1743 3229 1919 3273 cereo
1939 3232 2038 3275 ac-

2144 3239 2254 3284 πτης
2313 3216 2348 3284 ἢ
2401 3217 2428 3272 ό
2482 3213 2713 3280 εὐταξίας
2758 3215 2973 3272 ἵσταται
3029 3215 3252 3282 δεξιόθεν
3301 3223 3480 3294 αὐτοῦ,
3513 3220 3768 3300 κατέχων

403 3291 583 3366 cense
611 3324 626 3378 ;
662 3311 718 3362 et
743 3291 1012 3362 osculum
1066 3307 1268 3362 sancto
1302 3299 1610 3379 evangelio
1655 3300 1731 3362 de
1765 3319 1933 3364 more
1963 3303 2039 3364 fi—

2144 3304 2446 3362 ιανουάλιον
2507 3306 2643 3380 μετὰ
2691 3302 2967 3380 λαμπάδος
3018 3307 3269 3384 ἡμμένης
3299 3325 3314 3340 ’
3373 3291 3476 3365 καὶ⁷
3507 3291 3701 3387 γίνεται
3738 3314 3768 3367 ὁ

402 3393 558 3472 gitur
587 3409 620 3451 a
642 3388 944 3452 fratribus.

2144 3396 2410 3471 ἱσπασμὸς
2471 3402 2562 3452 τοῦ
2618 3394 2767 3472 ἁγίου
2826 3393 3132 3474 εὐαγγελίου
3187 3398 3328 3477 παρὰ
3374 3401 3476 3454 τῶν
3523 3398 3770 3478 ἀδελφῶν

2129 3486 2388 3554 συνήθως,

484 3570 948 3663 1ῃ69.(ἶοΜΜ.ΙΙΙ-ἱε
978 3577 1182 3663 autem
1210 3569 1642 3663 osculantibus,
1675 3572 1910 3663 canitur
1948 3575 2044 3636 Τι’(

2145 3577 2298 3663 rium
2349 3575 2508 3663 quod
2538 3575 2769 3663 incipit,
2803 3577 3121 3663 Ἀνάστασιν
3154 3586 3385 3663 Χριστού
3413 3583 3762 3663 θεασάμενοι,

400 3661 443 3714 si
502 3657 610 3712 ἔστι
680 3656 915 3732 Κυριακὴ
975 3651 1245 3731 δηλονότι,
1309 3654 1394 3708 καὶ
1446 3654 1472 3709 ό
1517 3659 1880 3722 πεντηκοστὸς
1936 3679 2044 3733 μετε

2144 3657 2343 3739 ιέλους,
2367 3651 2464 3718 “ἰ(1
2526 3669 2637 3728 est.
2665 3651 3212 3722 'Resurrectionem
3245 3657 3460 3722 Christi
3491 3651 3766 3723 contem;

402 3737 565 3823 plati,
606 3734 898 3823 videlicet,
938 3733 1146 3823 sidies
1177 3733 1488 3794 Dominica
1517 3735 1697 3823 fuerit
1722 3752 1743 3823 ;_
1771 3737 2009 3817 quando
2042 3738 2220 3823 etiam
2255 3733 2475 3823 canunt
2528 3739 2819 3823 psalmum
2859 3739 3418 3823 quinquagesimum
3458 3761 3666 3823 zinam,
3699 3752 3774 3804 ut

397 3814 558 3879 idem
602 3814 1120 3898 Philotheus__dicit
1153 3827 1386 3898 postea,
1421 3814 2112 3898 exosculatio‘evangelii
2148 3819 2310 3880 festis
2343 3818 2475 3880 aliis
2525 3814 3171 3898 praatermittitur,'nisi
3218 3819 3367 3884 forte
3397 3822 3456 3882 in
3489 3814 3766 3884 Domini-

397 3917 524 3960 cam
561 3895 910 3980 inciderint.
949 3892 1144 3980 Verba
1168 3895 1308 3980 ejus
1345 3895 1550 3980 (ἔναιρε
1604 3897 1730 3958 haec
1781 3906 1916 3958 sunt
1952 3892 2044 3960 :"E

2144 3900 2263 3976 ίλλῃ
2297 3892 2620 3980 δὲὲορτῇὀύ
2664 3907 2861 3979 γίνεται
2895 3903 2922 3957 ὁ
2966 3892 3272 3980 ἀσπασμὸς,
3300 3907 3343 3960 εἰ
3387 3903 3465 3978 μὴ
3511 3904 3672 3980 μόνον
3704 3904 3766 3960 ἐν

398 3985 655 4065 ξυριακῇ.
693 3977 899 4056 Igitur,
931 3973 1049 4035 nisi
1093 3974 1419 4065 hoetrium
1483 3977 1794 4039 doctorum
1829 3980 2044 4065 festum

2146 3973 2302 4065 dicat
2350 3979 2409 4065 in
2438 3973 2836 4060 ’Domini'cam,
2871 3980 3071 4065 statim
3094 3973 3273 4065 _p’ost,
3311 3973 3521 4065 Σῶσρνξ
3549 3988 3574 4065 Ei
3600 3986 3762 4065 Θεός,

392 4059 684 4121 Dicuntur
714 4072 973 4140 canones
1007 4073 1142 4140 cum
1179 4058 1417 4140 birmis,
1442 4075 1704 4118 canones
1733 4068 1928 4140 autem
1964 4060 2022 4120 in
2067 4061 2177 4122 hoc
2209 4060 2404 4124 ofﬁcio
2437 4068 2557 4122 tres
2587 4071 2742 4134 sunt,
2791 4058 2941 4122 unus
2984 4061 3059 4122 de
3090 4058 3358 4140 Deipara.
3399 4063 3497 4124 alii
3545 4063 3661 4126 duo
3687 4064 3770 4127 de

2130 2338 2197 2414 τῇ
2221 2337 2343 2415 λιτῇ
2373 2338 2684 2419 γέγραπται.

395 4140 637 4220 sanctis,
671 4155 878 4220 omnes
909 4137 1178 4220 ejusdem
1210 4136 1453 4197 Joannis
1506 4139 1897 4220 instrepolitae
1950 4141 2375 4203 Euchaitorum
2436 4159 2588 4220 opus
2621 4163 2634 4206 :
2670 4142 2775 4204 sed
2812 4139 3044 4203 medius
3074 4136 3237 4202 solus
3267 4143 3694 4208 acrostichicus
3743 4162 3760 4208 :

398 4222 558 4283 unde
590 4218 761 4281 facile
789 4225 878 4278 est
910 4216 1277 4294 singulorum
1313 4226 1508 4296 partes
1542 4237 1572 4278 a
1603 4216 1868 4299 partibus
1891 4220 2140 4282 aliorum
2167 4216 2536 4285 discernere.

880 4310 1127 4374 CANON
1171 4309 1549 4373 DEIPARfE.
2055 4338 2099 4388 D

786 4407 953 4486 Opus
1009 4401 1254 4466 Joannis
1313 4402 1639 4464 Euchaitae.

725 4494 877 4559 ODE
935 4495 993 4556 1.
1066 4493 1268 4554 Tenus
1318 4492 1378 4556 2.
1432 4492 1697 4556 l-lirmus.

476 4587 609 4652 170.
640 4589 761 4648 Huc
793 4587 932 4661 huc,
967 4582 1188 4665 populi,
1225 4601 1503 4644 canamus
1535 4601 1774 4645 carmen
1798 4584 2032 4648 Christo

393 4675 838 4759 Deo,dividenti
872 4681 1123 4749 mare,et
1151 4672 1393 4734 ducenti
1425 4673 1709 4754 populum
1742 4693 1922 4755 quem
1957 4673 2030 4736 Ii-

394 4768 618 4831 beravit
648 4786 681 4828 a
703 4764 983 4828 servitute
1015 4763 1450 4844 Egyptiorum,
1474 4763 1753 4844 quoniam
1800 4764 2030 4844 glorifi-

391 4868 554 4920 catus
585 4867 695 4923 est.

473 4949 527 5010 A
550 4946 824 5026 gravibus
847 4953 962 5007 tam
999 4943 1268 5025 corporis
1305 4960 1481 5024 quam
1503 4944 1718 5005 animae
1747 4944 2032 5026 periculis

395 5045 454 5099 et
485 5037 691 5098 mortis
722 5045 779 5098 et
811 5033 1102 5118 lapsibus,
1134 5052 1167 5094 a
1195 5033 1684 5115 incontaminata,
1719 5033 1885 5115 eripe
1909 5053 2026 5111 me,

394 5132 495 5209 qui
527 5126 623 5207 pie
655 5126 942 5188 confiteor
971 5143 1103 5189 esse
1122 5132 1180 5189 te
1205 5125 1447 5205 proprie
1468 5141 1679 5204 puram
1705 5122 1814 5188 Dei
1845 5123 2031 5187 Geni-

389 5217 626 5279 tricem.

474 5305 769 5383 Integram
801 5304 1119 5381 gratiarum
1152 5306 1425 5386 abyssum
1477 5303 1538 5366 in
1573 5310 1630 5364 te
1660 5303 2028 5367 reconditam

392 5415 528 5459 esse
548 5399 942 5474 agnoscimus.
976 5395 1326 5474 Propterea,
1359 5412 1394 5454 o
1426 5394 1707 5474 Deipara,
1737 5392 1838 5474 qui
1869 5394 1944 5454 ad
1975 5402 2031 5455 te

393 5497 667 5570 prompto
691 5493 748 5546 et
778 5492 974 5546 erecto
1005 5484 1203 5546 animo
1234 5483 1635 5565 confugimus,
1672 5483 1874 5546 divino
1906 5493 2026 5560 tuo,

393 5574 722 5659 patrocinio
755 5591 1081 5635 servamur.

477 5673 585 5728 l’ro
613 5665 785 5727 nobis
819 5661 1258 5727 celebrantibus
1285 5671 1365 5740 te,
1399 5664 1756 5741 castissima,
1791 5682 1895 5729 ora
1929 5666 2028 5725 ln-

394 5770 698 5824 carnatum
753 5779 823 5822 ex
863 5759 1176 5840 impolluta
1206 5765 1307 5819 tuo
1339 5765 1399 5819 et
1429 5759 1685 5840 pretioso
1717 5759 2026 5840 sanguine,

393 5862 458 5917 ut
487 5854 677 5919 simus
700 5871 734 5917 a
765 5850 1002 5915 delictis
1049 5857 1108 5914 et
1155 5847 1376 5910 amaris
1402 5848 1884 5927 mgrotationibus
1913 5849 2032 5910 im-

2477 4327 2515 4376 Ο
2564 4328 2788 4377 ΚΑΝΟΝ
2833 4325 2965 4376 ΤΗΣ
3014 4325 3391 4379 ΘΕΟΤΟΚΟΥ.

2537 4409 2751 4483 Ποίημα
2771 4408 3017 4464 Ἰωάννου
3041 4407 3341 4486 Εὒχαίτων.

2425 4505 2565 4580 ῼΔΗ
2627 4497 2701 4557 α’.
2756 4492 2929 4577 Ἠχος
2977 4497 3052 4573 β’.
3115 4496 3176 4555 Ὀ
3241 4498 3444 4575 εἱρμός.

2199 4596 2380 4665 Δεῦτε,
2444 4588 2584 4662 λαοὶ,
2641 4588 2856 4662 ᾃσωμεν
2913 4587 3058 4662 ᾆσμα
3103 4592 3310 4664 Χριστῷ
3361 4595 3434 4662 τῷ
3484 4596 3622 4664 Θεῷ,
3679 4597 3768 4664 τῷ

2114 4676 2337 4735 διελόντι
2369 4677 2657 4750 θάλασσαν,
2692 4679 2777 4733 καὶ
2827 4674 3151 4754 ὁδηγήσαντι
3181 4679 3272 4733 τὸν
3301 4676 3453 4755 λαὸν,
3488 4679 3545 4734 ὃν
3586 4682 3765 4747 ὰνῆκι

2113 4767 2345 4832 δουλείας
2382 4769 2700 4847 Αἰγυπτίων,
2734 4766 2814 4823 ὅτι
2846 4764 3182 4832 δεδόξασται.

2194 4950 2293 5008 Τὸν
2353 4944 2580 5012 εύσεϐὦς
2638 4967 2696 5002 σε
2755 4945 3018 5003 Θεοτόκον
3081 4949 3272 5025 κυρίως
3322 4946 3487 5026 ἁγνὴν
3553 4949 3760 5024 ὁμολο-

2115 5045 2331 5119 γοῦντα,
2393 5035 2699 5118 ”Αχραντι,
2763 5037 2947 5116 ψυχῆς
2992 5037 3080 5092 καὶ
3125 5037 3372 5112 σώματος
3403 5035 3663 5117 χαλεπῶν
3696 5038 3763 5095 ἐκ

2113 5127 2362 5186 κινδύνων
2416 5131 2504 5184 καὶ
2562 5126 2754 5202 νόσων,
2829 5125 2916 5180 καὶ
2969 5125 3319 5201 πταισμάτων
3377 5126 3440 5182 σύ
3490 5148 3555 5202 με
3627 5124 3762 5186 διά-

2114 5241 2310 5281 σωσον,
2350 5241 2374 5273 ι)

2195 5305 2379 5374 ’Ὅλην
2438 5306 2492 5364 ἐν
2535 5307 2615 5363 σοὶ
2672 5308 2776 5362 τῶν
2832 5307 3182 5385 χαρισμάτων
3214 5302 3441 5362 ἄϐυσσον
3471 5306 3762 5384 ἀποκειμέ-

2113 5422 2210 5466 νην
2241 5397 2502 5476 ἔγνωμεν.
2539 5397 2633 5452 Διὸ
2689 5395 3132 5476 προσφεύγοντες,
3188 5395 3436 5471 Θεοτόκε,
3471 5398 3757 5477 προθύμως

2113 5493 2181 5566 τῇ
2211 5487 2386 5562 σκέπῃ
2416 5507 2507 5546 σου
2536 5490 2604 5563 τῇ
2625 5487 2734 5558 θεία
2762 5485 3148 5562 διασωζόμεθα.
3183 5535 3210 5567 ,

2197 5664 2358 5744 ’Υπὲρ
2406 5662 2560 5738 ἡμῶν
2618 5664 2724 5716 τῶν
2793 5683 2850 5717 σε
2919 5664 3218 5738 ὑμνούντων
3280 5661 3595 5731 δυσώπησον
3664 5668 3761 5722 τὸν

2116 5756 2471 5836 σαρκωθέντᾰ,
2530 5752 2787 5829 πάναγνε,
2835 5750 2896 5809 ἔκ
2941 5755 3048 5807 τῶν
3098 5756 3379 5835 ὰχράντων
3430 5775 3522 5811 σου
3553 5756 3636 5811 καὶ
3666 5779 3762 5812 τι-

2117 5847 2251 5926 μίων
2280 5847 2542 5923 αἱμάτων,
2572 5841 2820 5918 ῥυσθῆναι
2849 5841 2908 5897 ὲκ
2937 5843 3288 5920 πταισμάτων
3316 5844 3403 5904 καὶ
3431 5845 3760 5920 νοσημάτων

2116 5935 2342 6020 πικρῶν,
