4096 6210
454 305 660 355 GGGLVI

1868 298 2277 365 PROLEGOM
2292 302 2470 364 ENA.

458 428 599 526 cisti
620 437 1014 526 peccatum,et
1044 437 1131 526 tui_
1145 433 1431 526 timorem
1447 433 1701 497 immitte
1731 437 1789 498 in
1812 442 2013 499 nostra
2041 442 2097 497 te
2116 480 2123 493 .

2242 463 2276 505 ,ν
2322 440 2605 518 ἁμαρτίαν⁶
2657 443 2746 498 καὶ
2798 442 2892 498 τὸν
2924 440 3085 522 φόϐον
3131 465 3224 501 σου
3258 443 3589 526 ὶμφύτευσον
3616 458 3703 510 ιτς
3757 449 3857 513 τὰς

463 516 833 581 laudantium
869 520 1220 600 praecordia.

542 606 727 679 Quem
764 608 1050 690 peperisti
1096 609 1307 688 Deum,
1367 612 1743 690 intemerata,
1795 614 1955 677 hunc
2014 623 2110 677 tua

461 714 641 777 prece
673 706 731 759 et
763 698 1180 761 obsecratione
1209 701 1395 765 redde
1444 703 1764 785 propitium
1820 703 2110 785 supplici-

462 785 596 862 bus,
633 806 698 849 se
730 787 1106 850 tradentibus
1148 789 1210 851 in
1244 800 1402 853 tuam
1435 794 1703 871 tutelam,
1738 801 1798 857 et
1854 794 2112 856 ﬁdeliter

462 882 697 955 partum
733 885 896 937 tuum
930 877 1333 945 adorantibus.

545 961 737 1026 Vitam
772 984 965 1028 meam
1013 975 1192 1030 totam
1252 971 1463 1053 dirige,
1522 972 1728 1052 Virgo,
1781 991 1921 1053 spes
1979 990 2113 1034 mea

463 1059 640 1134 atque
671 1053 941 1118 defensio
972 1075 992 1131 ;
1051 1059 1477 1122 tentationibus
1542 1069 1601 1124 et
1658 1060 2110 1125 necessitatibus

464 1161 609 1206 erue
641 1162 736 1205 me
769 1144 1068 1224 gravibus,
1104 1164 1350 1227 semper
1376 1151 1584 1229 Virgo.

544 1232 653 1296 Dei
686 1233 976 1316 Genitrix,
1004 1255 1135 1318 quae
1183 1239 1296 1299 tuis
1328 1239 1487 1302 ulnis
1516 1259 1655 1302 vere
1683 1246 1925 1321 portasti
1965 1238 2110 1303 sub-

466 1322 772 1384 sistentem
853 1325 963 1387 Dei
1018 1327 1392 1407 sapientiam,
1456 1338 1594 1410 pete
1672 1329 1923 1393 famulos
1980 1344 2113 1393 tuos

468 1411 801 1491 ignorantia
831 1422 893 1476 et
915 1433 1120 1478 errore
1152 1417 1413 1481 liberari.

550 1501 688 1565 174.
760 1501 947 1565 Alius.
1012 1504 1177 1567 Sicut
1238 1507 1327 1566 Ἐν
1376 1508 1543 1587 πέτρᾳ
1601 1531 1667 1585 με
1726 1516 1825 1578 τῆς
1888 1511 2113 1577 πίστεως

463 1590 821 1670 ἃστερέωσας,

563 1682 703 1741 2οη
735 1699 917 1762 parva
948 1682 1231 1747 Ecclesiae
1263 1686 1541 1763 buccina,
1576 1687 1823 1750 lucerna
1884 1687 2111 1750 illumi-

465 1785 613 1829 nans
657 1768 889 1847 orbem,
933 1791 1124 1853 praeco
1156 1794 1366 1839 omnes
1393 1778 1595 1839 mundi
1629 1779 1777 1841 ﬁnes
1793 1796 1933 1840 voce
1951 1797 2114 1841 com-

465 1858 871 1942 prehendens,
934 1863 1127 1942 Magni
1184 1866 1428 1927 nomine
1486 1864 1805 1946 insignitus
1859 1867 2115 1930 Basilius

464 1947 625 2008 hunc
657 1958 873 2011 emtum
907 1964 1209 2015 convocat.

566 2034 855 2126 f-llustris
881 2041 992 2101 vita
1021 2051 1079 2102 et
1107 2041 1287 2105 rebus
1324 2045 1530 2126 gestis,
1564 2044 1816 2109 illustris
1838 2045 2116 2109 facundia

468 2123 946 2215 etdocumentis,
984 2150 1194 2193 omnes
1254 2135 1417 2195 omni
1459 2123 1528 2197 ei
1590 2144 1753 2215 parte
1811 2136 1965 2199 sicut
2026 2135 2115 2197 sol

466 2214 613 2277 alias
635 2216 837 2279 stellas
868 2238 1256 2300 exsuperans,
1314 2224 1499 2285 multa
1548 2214 1725 2288 laude
1779 2224 2117 2287 cumulatus

466 2303 802 2389 theologus,
835 2310 1129 2373 hodierna
1158 2312 1254 2374 die
1286 2312 1494 2375 beatus
1517 2314 1895 2393 praedicatur.

566 2404 784 2472 eotius
814 2400 1021 2461 mundi
1052 2400 1259 2463 lumen
1292 2420 1435 2463 ecce
1467 2405 1691 2465 mundo
1722 2406 1825 2466 toti
1858 2405 2121 2468 ostendi-

469 2494 603 2568 tur;
639 2509 781 2554 ecce
812 2491 897 2552 sal
929 2498 1102 2553 terra;
1132 2499 1353 2553 terram
1388 2492 1592 2553 condit
1626 2514 1639 2555 :
1699 2512 1841 2557 ecce
1890 2494 2117 2575 lignum

2192 526 2403 607 καρδίας
2432 531 2585 603 ἡμῶν
2616 536 2722 586 τῶν
2750 531 3059 606 ὑμνούντων
3094 553 3178 595 σε.

2273 617 2579 697 Πρεαϐείαις
2659 641 2775 697 σου,
2853 619 3044 700 Α’γνή,
3101 623 3256 698 θεὸν,
3309 622 3369 679 ὃν
3417 622 3616 701 ἔτεκες,
3687 624 3866 705 πα.ρᾶ-

2194 731 2329 788 σχου
2360 708 2602 767 εὒίλατον
2626 723 2746 775 τοῖς
2774 711 2995 787 ἱκέταις,
3039 726 3159 776 τοῖς
3192 712 3584 795 προστρέχουσι
3618 720 3689 792 τῇ
3720 716 3861 772 σκέ-

2196 820 2263 875 τῃ
2296 820 2411 879 σου,
2456 796 2542 855 ϐαὶ
2572 799 2775 863 πιστῶς
2804 803 3145 879 προνκυνοῦσὶ
3186 822 3280 859 σου
3309 803 3407 871 τὴν
3459 805 3649 871 κύησιν

2275 964 2462 1035 ’Ὅλην
2525 989 2627 1043 μου
2685 969 2784 1036 τὴν
2845 970 2985 1040 ζωὴν
3070 967 3508 1049 διακυϐέρνησον,
3596 973 3865 1053 Παρθένι,

2196 1055 2342 1121 ἐλπὶς
2387 1080 2488 1132 μου
2542 1059 2630 1113 καὶ
2680 1061 2996 1136 προστασία⁶
3056 1068 3368 1138 πειρασμῶν
3446 1064 3537 1119 καὶ
3592 1064 3867 1141 περιστά-

2196 1169 2332 1203 σεων
2362 1145 2689 1226 λυτρουμένη
2721 1145 2904 1204 δεινῶν
2948 1170 3039 1224 με,
3087 1150 3422 1229 ἁειπάρθενε,

2277 1237 2473 1317 Σοφίαν
2523 1245 2615 1294 τοῦ
2712 1244 2842 1293 Θεοῦ
2896 1239 2987 1293 τὸν
3039 1237 3397 1296 ἑνυπόστατον
3474 1239 3736 1318 ἀγκάλαις
3780 1243 3868 1305 ὼς

2194 1325 2443 1407 ςιέρουσα,
2475 1327 2723 1406 Θεοτόκε,
2784 1326 2835 1393 ἒξ
2867 1328 3080 1406 ἀγνοίας
3138 1330 3227 1385 καὶ
3274 1328 3593 1399 πλανήσεως
3655 1330 3867 1409 λυτρω-

2200 1420 2354 1483 Θῆναι
2385 1417 2505 1482 τοὺς
2532 1417 2825 1492 ὕμνοῦντάς
2878 1438 2937 1473 σε
2964 1419 3183 1480 ίκέτευε,

2280 1504 2522 1569 ³Ἀλλος.
2581 1508 2669 1562 Ἐν
2728 1507 2900 1580 πέταᾳ
2951 1528 3018 1583 με
3067 1513 3164 1574 τῆς
3249 1509 3477 1572 πίστεως
3575 1508 3866 1589 ἒστιρέω·

2198 1618 2319 1658 σας.

2300 1697 2350 1741 cn
2388 1681 2614 1761 σάλπιγξ
2660 1683 2696 1751 ἠ
2747 1682 2962 1761 μεγάλη
3011 1685 3111 1754 τῆς
3165 1684 3510 1765 Ἐκκλησίας,
3576 1690 3605 1743 6
3655 1686 3871 1767 λύχνος

2196 1778 2223 1833 6
2253 1775 2501 1855 φωτίζωη
2546 1774 2644 1839 τὴν
2675 1773 3014 1848 οἰκουμένην,
3048 1775 3077 1830 ὁ
3107 1774 3268 1852 κῆρυξ
3290 1778 3316 1831 6
3360 1784 3438 1849 τῷ
3466 1775 3683 1857 φθόγγῳ
3749 1797 3868 1833 πε·-

2196 1862 2531 1944 ριλαμϐάνων
2562 1865 2733 1921 πὰντα
2788 1864 2853 1919 τὰ
2906 1862 3131 1944 πέρατα,
3192 1868 3219 1921 6
3279 1864 3667 1945 μεγαλώνυμος
3717 1891 3865 1945 συγ..

2194 1966 2379 2033 κροτεῖ
2408 1956 2504 2021 τὴν
2527 1952 2731 2017 σύναξιν
2763 1952 2959 2019 ταύτην
2984 1952 3283 2020 Βασίλειος,

2299 2044 2565 2120 >αμπρὸς
2596 2042 2702 2098 ἀπὸ
2733 2048 2822 2097 τοῦ
2840 2043 2954 2117 βίου
2983 2045 3071 2098 καὶ
3098 2050 3205 2099 τῶν
3259 2046 3607 2125 πραγμάτων,
3698 2044 3871 2120 λαμ-

2196 2135 2328 2212 πρὸς
2374 2133 2480 2188 ἀπὸ
2534 2139 2626 2189 τοῦ
2697 2131 2856 2208 λόγου
2913 2132 3003 2187 καὶ
3064 2139 3173 2189 τῶν
3227 2131 3532 2211 δογμάτων,
3588 2134 3643 2191 ἐν
3689 2141 3872 2193 πᾶσιν

2197 2221 2556 2301 ύπερλᾶμπων
2588 2221 2788 2283 πάντας
2819 2222 2893 2283 ὡς
2929 2219 3122 2284 ἄλλους
3176 2222 3397 2302 ἀστέρας
3452 2222 3625 2305 ἥλιος,
3658 2226 3687 2282 6
3747 2247 3868 2282 ποο

2198 2311 2497 2388 λυύμνητος
2531 2308 2789 2388 Θεολόγος
2823 2307 3055 2386 σήμερον
3114 2314 3483 2391 μακαρίζεται,

2305 2399 2454 2456 ...δοὺ
2499 2402 2557 2455 τὸ
2589 2402 2699 2478 φῶς
2746 2404 2836 2453 τοῦ
2864 2399 3070 2473 κόσμου
3129 2407 3215 2474 τῷ
3261 2401 3450 2475 κόσμῳ
3497 2402 3693 2480 φαίνει·
3743 2400 3862 2459 ἰδοὺ

2202 2497 2298 2558 τῆς
2330 2496 2429 2569 γῆς
2463 2491 2522 2545 τὸ
2548 2489 2678 2552 ἅλας
2700 2487 2797 2555 τὴν
2817 2489 2940 2566 ςγῆν
2970 2487 3169 2554 ἡδύνει⁶
3229 2488 3336 2545 ἰδοῦ
3379 2493 3441 2546 τὸ
3474 2496 3616 2561 ζωῆς
3673 2490 3856 2556 ξύλονο

467 2579 622 2657 vitaa,
658 2599 803 2643 ecce
830 2579 1286 2641 immortalitatis
1334 2580 1560 2643 fructus
1603 2582 1854 2649 eil‘undit
1881 2594 2120 2650 sanctus

2242 2581 2482 2643 ὓανασίας
2504 2578 2735 2656 καρποὺς
2790 2575 3145 2655 προϐάλλεται
3180 2581 3207 2635 6
3267 2589 3499 2659 χρυσοῦς
3547 2581 3721 2658 ἅγιος,
3788 2582 3857 2639 Οἱ

475 2687 731 2733 aureus.
797 2669 912 2743 Qui
969 2670 1124 2732 mori
1182 2688 1303 2731 non
1368 2670 1567 2752 vultis,
1614 2672 1730 2736 huc
1784 2679 2009 2750 adeste,
2063 2677 2123 2737 et

2242 2681 2387 2729 ανεῦν
2419 2670 2496 2746 μὴ
2526 2668 2791 2731 θέλοντες.
2825 2666 2993 2742 δεῦτε,
3027 2670 3351 2749 τρυφήσατε.
3535 2670 3851 2731 Θεοτόκιον,

469 2759 709 2822 delicias
740 2762 953 2841 capite.
1858 2766 2123 2832 Mariale.

566 2858 627 2908 μδ
660 2849 954 2931 principio
994 2848 1093 2929 qui
1125 2854 1344 2911 creavit
1374 2851 1574 2913 omnia
1604 2872 1737 2934 quae
1757 2869 1916 2940 sunt,
1952 2878 2023 2921 ex
2052 2857 2123 2919 iis

2306 2865 2355 2905 Ο
2398 2850 2569 2905 πὰντα
2648 2848 2708 2904 ἐκ
2728 2849 2804 2923 μὴ
2836 2844 3001 2902 ὄντων
3055 2845 3181 2903 ὄντα
3237 2849 3494 2922 ποιήσας,
3560 2850 3638 2904 (αὶ
3694 2850 3858 2928 φύσιν

470 2959 603 3022 quae
632 2958 751 3001 non
771 2948 959 3014 erant,
993 2946 1051 3001 et
1082 2941 1181 3017 qui
1231 2956 1397 3000 suam
1432 2939 1646 3020 cuique
1703 2946 1794 3007 rei
1855 2936 2123 3009 naturam

2242 2942 2326 3004 οὺς
2352 2940 2563 3011 ἑκάστῳ
2587 2944 2691 3011 τῷν
2734 2936 3060 3015 γενομένων,
3121 2938 3277 3001 αὐτὸς
3331 2938 3418 2994 καὶ
3475 2938 3567 3000 τὰς
3614 2936 3854 3001 δοθείσας

472 3030 659 3104 dedit,
696 3030 863 3123 datas
896 3037 1136 3123 naturas
1166 3027 1328 3089 novit
1380 3037 1611 3123 mutare
1640 3041 1705 3123 ut
1781 3036 1944 3111 vult;
2004 3054 2122 3097 υη-

2245 3031 2385 3092 ύσεις
2445 3024 2684 3103 ἀμείϐειν
2740 3024 2925 3100 οἶδεν,
2978 3028 3053 3090 ὡς
3111 3026 3378 3104 βούλεται’
3436 3026 3551 3083 ὅθεν
3601 3027 3858 3085 ἀκούεται

472 3118 549 3181 de
601 3117 840 3180 auditur
892 3125 950 3179 et
1002 3116 1180 3195 Virgo
1256 3134 1471 3197 parens
1506 3166 1520 3182 .
1573 3118 1718 3192 Quis
1768 3143 1890 3187 non
1948 3125 2123 3187 mire-

2242 3121 2292 3177 αὶ
2318 3118 2573 3198 Παρθένος
2606 3116 2872 3175 τίκτουσα.
2920 3116 3011 3179 Τὶς
3041 3117 3101 3173 o6
3128 3116 3448 3193 θαυμάζεται
3483 3139 3499 3194 ς

476 3214 627 3271 tur?

564 3303 754 3367 COMM.
783 3300 971 3364 Tertii
999 3302 1248 3365 canonis
1278 3321 1400 3365 non
1431 3305 1805 3371 acrostichisi
1828 3328 1968 3390 pars
1998 3310 2182 3377 altera
2212 3308 2297 3374 sic
2330 3307 2709 3384 praenotatur.

555 3397 726 3460 Alius
781 3396 946 3462 Sicut
991 3400 1018 3454 ὃ
1077 3397 1371 3478 στερέώσας
1426 3399 1547 3455 κατ’
1603 3400 1777 3483 ἀρχὰς
1833 3407 1953 3471 τοὺς
2025 3410 2121 3467 οὗ..

475 3490 682 3568 ρανούς.

564 3577 698 3640 175.
729 3575 1157 3639 Emendatores
1205 3595 1460 3660 morum,
1494 3578 1948 3663 animorumque
1976 3601 2130 3646 oeco-

477 3668 642 3729 nomi
672 3686 1062 3743 ;communes
1104 3666 1366 3728 omnium
1416 3678 1797 3749 servatores;
1842 3672 2128 3735 factorum

479 3757 893 3840 dictorumque
918 3758 1176 3839 speciem
1207 3756 1381 3819 nobis
1403 3766 1459 3818 et
1482 3761 1757 3840 exempla
1787 3780 2129 3843 proponen-

481 3854 595 3923 tes;
624 3848 754 3908 vitae
786 3847 1195 3910 moderatores
1228 3846 1511 3928 illustres,
1542 3847 1759 3913 illustri
1809 3850 2127 3915 celebren-

486 3945 580 3998 tur
610 3938 906 4001 encomio.

563 4026 816 4106 Spiritus
845 4025 954 4088 Dei
982 4024 1232 4106 replevit
1253 4024 1534 4087 Basilium
1566 4028 1818 4091 scientia
1853 4048 1867 4093 :
1904 4049 1973 4092 ex
2006 4031 2126 4094 lin-

482 4117 613 4197 guis
638 4114 931 4176 flammeis
962 4114 1169 4177 habuit
1203 4133 1377 4175 unam
1410 4116 1753 4195 Gregorius,
1814 4126 1874 4181 et
1929 4126 2125 4199 ignem

482 4205 757 4268 8Ubi|miS
790 4203 1014 4286 eloquii
1070 4203 1362 4285 spiravit:
1395 4204 1456 4265 in
1514 4207 1747 4270 Joanne
1804 4218 2000 4271 autem
2062 4228 2129 4272 os

485 4293 703 4359 Christi
736 4295 996 4356 locutum
1028 4302 1138 4356 est.

563 4384 753 4463 Hujus
785 4383 984 4446 saeculi
1012 4381 1323 4446 manifeste
1372 4383 1734 4465 antiquatam
1779 4387 2127 4468 sapientiam

483 4474 600 4536 sibi
624 4474 921 4538 subditam
947 4473 1126 4536 habet
1154 4474 1399 4535 stultitia
1430 4474 1892 4555 praedicationis,
1913 4485 1973 4541 et
1996 4497 2133 4559 per-

485 4564 628 4627 inde
658 4583 727 4625 ac
773 4564 1057 4627 famulam
1088 4563 1449 4627 servientem
1486 4582 1500 4627 :
1537 4583 1676 4627 nam
1697 4566 1887 4645 gratia
1923 4574 2128 4629 orato-

483 4673 582 4717 res
624 4654 908 4716 facundos
937 4653 1099 4715 facit.

573 4744 685 4817 Qui
742 4742 1004 4821 Virginis
1061 4760 1224 4825 puras
1281 4741 1627 4805 inbabilavit
1654 4754 1889 4807 uterum
1926 4794 1942 4826 ,
1998 4745 2137 4809 facit

487 4835 714 4897 animas
744 4833 1105 4897 deii‘erorum
1136 4840 1478 4895 sanctorum
1509 4833 1883 4896 domicilium
1916 4854 2129 4911 suum;

492 4933 552 4987 et
581 4926 816 4985 illorum
849 4942 954 4987 ore
991 4923 1196 5004 pandit
1224 4941 1355 5003 qua:
1386 4931 1634 4986 matrem
1666 4941 1834 4985 suam
1864 4934 2136 5005 spectant

489 5014 795 5094 mysteria.
1803 5013 2129 5077 Catabasia.

569 5101 1038 5164 Firmamentum
1069 5102 1494 5166 confidentiam
1526 5102 1588 5163 in
1613 5106 1699 5183 te,
1732 5102 2007 5185 Domine,
2041 5104 2139 5167 ﬁr-

493 5211 589 5254 ma
607 5189 933 5254 Ecclesiam
963 5210 1141 5273 quam
1173 5192 1539 5275 acquisivisti
1566 5191 1827 5273 pretioso
1860 5202 1960 5256 tuo
1990 5212 2137 5257 san-

528 5299 691 5343 utne.

488 5302 775 5436 gulSntfssio
800 5368 1001 5434 Tonus
1031 5370 1265 5454 obliqus
1292 5371 1355 5433 4.
1411 5371 1572 5435 Sicut
1624 5373 1732 5440 Τὴν
1801 5374 1987 5452 σοφίαν
2053 5367 2143 5431 καὶ

491 5463 673 5540 λόγον.

578 5553 714 5614 176.
741 5552 951 5630 Magna
976 5550 1317 5626 luminaria,
1355 5549 1737 5633 splendorem
1794 5550 2131 5634 aﬂ‘erentia,

492 5642 814 5722 ﬁrmesque
844 5639 1129 5702 Ecclesia:
1156 5648 1372 5715 turres,
1402 5638 2134 5717 concorditerlaudemus,

492 5732 593 5809 qui
622 5728 890 5813 pulchris
918 5746 1123 5791 eorum
1146 5729 1594 5792 monuumentis
1617 5729 1844 5806 pariter
1860 5747 1929 5795 ac
1954 5732 2140 5810 gratia

1866 4657 2128 4721 Mariale.
2153 4630 2199 4681 θ

2283 3397 2498 3461 ’Ἄλλος
2555 3394 2616 3452 Ὀ
2669 3391 2963 3471 στερεώσας
3041 3389 3159 3449 κατ’
3238 3391 3410 3472 ἀρχάς
3481 3394 3600 3457 τοὺς
3690 3394 3859 3474 οδρα-

2211 3494 2356 3567 νούς,

2292 3583 2355 3640 Oi
2406 3585 2509 3636 τῶν
2542 3575 2683 3633 ἦθῶν
2712 3571 2987 3651 διορθωταὶ
3016 3573 3103 3629 καὶ
3133 3576 3239 3627 τῶν
3303 3576 3499 3652 ψυχῶν
3561 3572 3863 3649 οἰκονόμοι,

2214 3676 2259 3731 οἱ
2290 3668 2525 3747 σωτῆρες
2558 3668 2605 3723 οἱ
2655 3662 2843 3729 κοινοί
2874 3665 2980 3720 τῶν
3043 3662 3314 3738 ἁπάντων,
3364 3666 3413 3719 οἱ
3461 3664 3547 3719 καὶ
3616 3662 3868 3742 πράξεων

2209 3765 2349 3837 ἡμῖν
2378 3760 2466 3817 καὶ
2497 3756 2672 3834 λόγων
2733 3751 2928 3819 τόπους
2980 3750 3263 3832 δείξαντες,
3323 3754 3371 3809 oi
3422 3750 3695 3810 παιδευταὶ
3764 3762 3869 3813 τοῦ

2209 3854 2350 3933 βίου,
2381 3848 2639 3927 λαμπρῶς
2668 3841 3111 3924 εὔφημήσθωσαν.

2290 4032 2514 4101 Ππεῦμα
2599 4030 2730 4081 Θεοῦ
2808 4020 3070 4088 ἐνέπλησε
3168 4020 3449 4079 Βασίλειον
3524 4020 3863 4098 ἰπιστήμης·

2207 4126 2314 4178 τῶν
2344 4117 2569 4193 πυρίνων
2598 4111 2652 4169 δὲ
2683 4111 2940 4191 γλωσσῶν
2992 4109 3122 4191 ἔσχε
3151 4110 3278 4186 μίαν
3305 4113 3333 4167 6
3392 4111 3704 4191 Γρηφόριος.
3769 4104 3870 4168 καί

2210 4219 2311 4287 πῦρ
2339 4204 2634 4284 ὑψηγορίας
2664 4201 2965 4262 ἐνέπνευσε.
3017 4203 3080 4257 τὸ
3134 4207 3229 4257 τοῦ
3302 4203 3528 4279 Χριστοῦ
3583 4198 3637 4255 δὲ
3682 4199 3871 4275 στόμα

2212 4299 2267 4355 έν
2298 4296 2519 4371 Ἰωάννῃ
2550 4290 2837 4359 ὲλάλησεν.

2294 4394 2400 4446 Τοῦ
2451 4392 2539 4441 νῦν
2623 4384 2809 4445 αἰῶνος
2872 4382 2969 4448 τὴν
3042 4387 3230 4459 σαφῶσ
3284 4378 3713 4458 καταργουμένην
3772 4400 3876 4435 σο-

2211 4478 2333 4559 φίαν
2362 4478 2395 4544 ἡ
2434 4474 2605 4551 μωρία
2634 4479 2729 4527 τοῦ
2770 4470 3108 4549 κηρύγματος
3168 4469 3286 4551 ἔχει
3332 4470 3727 4527 ὃποκύπτουσαν
3756 4473 3873 4528 αὖ·-

2211 4574 2301 4644 τῇ,
2336 4566 2424 4622 καὶ
2454 4561 2710 4635 δουλικιῖκ
2741 4559 3113 4639 λατρεύουσαν·
3170 4563 3403 4641 κήρυκας
3432 4560 3532 4639 γὰρ
3599 4561 3633 4626 ἡ
3695 4558 3873 4638 χάρις

2216 4657 2405 4736 σοφοὺς
2439 4649 2795 4733 προϐάλλεται
2825 4651 3076 4728 ῥήτορας.
3553 4647 3870 4712 Θεοτόκιον,

2298 4744 2357 4803 Ὀ
2418 4742 2473 4799 ἒν
2517 4748 2585 4818 τῇ
2640 4743 2817 4820 μήτρᾳ
2869 4738 2965 4808 τῆς
3016 4742 3185 4816 ἁγνῆς
3237 4741 3655 4807 κατασκηνώσας
3712 4744 3877 4818 Παρ-

2215 4835 2363 4893 θένου
2419 4834 2515 4896 τὰς
2563 4832 2744 4910 ψυχὰς
2798 4832 2905 4886 τῶν
2975 4828 3239 4909 θεοφὸρων
3300 4830 3465 4907 ἁγίων
3551 4826 3875 4905 οἰκητήριον

2217 4937 2389 4999 ποιεῖ,
2436 4921 2669 4984 καὶτοῖς
2712 4918 2926 4976 ἐκείνων
2983 4914 3212 4994 στόμασι
3233 4918 3300 4975 τὰ
3347 4918 3484 4975 κατὰ
3509 4920 3605 4986 τὴν
3654 4917 3875 4996 μητέρα

2216 5012 2537 5095 διερκηνεύει
2570 5010 2856 5088 μυστήρια,
3529 5003 3874 5070 Καταόασία,

2301 5106 2371 5164 Τὸ
2406 5101 2697 5182 ξστερὲωμα
2760 5101 2866 5159 τῶν
2923 5100 3009 5157 ἐπὶ
3066 5100 3150 5157 σοὶ
3204 5098 3561 5173 πεποιθότων,
3626 5096 3876 5176 στερέω-

2221 5218 2336 5271 σον,
2369 5193 2552 5271 Κύριε,
2596 5191 2694 5259 τὴν
2724 5188 3071 5266 Ἐκκλησίαν,
3095 5189 3163 5256 ἦν
3191 5187 3404 5260 ἰκτήσω
3431 5194 3509 5264 τῷ
3555 5188 3712 5266 τιμίῳ
3764 5208 3875 5246 σου

2223 5283 2441 5361 αἵματι,

2308 5356 2577 5450 Κάθισμα.
2635 5356 2833 5452 Ἠχος,
2877 5368 2978 5433 πλ.
3035 5367 3083 5425 δ’
3096 5412 3112 5431 .
3173 5370 3309 5447 Πρὸς
3378 5369 3490 5437 Τὴν
3534 5368 3720 5447 σοφίαν
3771 5369 3874 5425 καὶ

2216 5464 2405 5525 λόγον.

2285 5488 2431 5618 Υιξῗῦς
2489 5549 2754 5630 μεγάλους
2814 5555 3099 5629 φωατῆρας
3156 5551 3276 5617 τοὺς
3333 5548 3625 5631 φρραυγεῖς
3649 5592 3669 5624 ,
3730 5545 3873 5607 Ἕκ-

2218 5643 2444 5711 κλησίας
2470 5643 2594 5708 τοὺς
2632 5644 2860 5721 πύργους
2916 5640 3037 5707 τοὶς
3083 5638 3359 5719 ἇῤῥαγετς,
3418 5638 3710 5720 σέμφώνως
3779 5638 3877 5694 αἷ-

2223 5732 2484 5808 νέσωμεν,
2518 5736 2565 5788 ot
2594 5736 2700 5789 τῶν
2747 5729 2924 5788 καλῶν
2978 5728 3337 5796 ἀπολαύοντά
3389 5730 3476 5787 καὶ
3532 5733 3641 5787 ὧν
