4096 6210
1321 272 1765 336 ACOLUTHIA
1811 273 2196 337 TRIPLIClS
2238 274 2482 340 FESTI.

3418 295 3648 345 DCCLVII

267 407 468 464 τούτων
501 409 635 482 ὁμοῦ
675 407 771 475 τῆς
803 408 1059 486 χάριτος·
1111 408 1204 462 τὸν
1261 407 1421 486 σοφόν
1484 405 1892 485 Χρυσοῤῥήμονα

2007 403 2261 467 fruimur
2293 426 2306 468 :
2337 406 2668 487 sapientem
2700 407 3019 489 Joannem,
3075 408 3418 473 fundentem
3471 433 3652 478 aurea

267 499 352 552 καὶ
387 498 477 551 τὸν
512 497 678 572 μέγαν
713 496 1008 569 Βασίλειον,
1044 497 1133 552 σῦν
1181 519 1256 568 τῳ
1312 498 1585 575 Γρηγορίῳ
1644 503 1718 571 τῷ
1776 496 1922 571 λαμ-

266 592 387 664 πρῷ
417 584 679 662 θεολόγῳ.
707 587 837 664 πρὸς
871 588 958 648 οὓς
1017 586 1302 661 βοήσωμεν
1362 584 1422 640 ἐκ
1482 584 1698 662 καρδίας
1755 608 1921 666 κραδ-

257 677 537 751 γάζοντες·
598 673 868 754 Ἰεράρχαι
928 675 1312 754 τρισμὲγιστοι,
1374 673 1728 752 πρεσϐεύσατε
1790 683 1920 752 Χρι-

258 765 366 839 στῷ
432 766 504 838 τῷ
565 769 652 836 Θῷ
742 769 848 819 τῶν
921 765 1272 838 πταισμάτων
1327 762 1518 844 ἄφεσιν
1580 763 1918 844 δωρήσασθαι

255 867 374 916 τοῖς
421 855 722 932 ἐορτὰζουσι
746 854 892 927 πόθῳ
921 854 1020 920 τὴν
1052 855 1205 931 ἁγίαν
1239 855 1461 928 μνήμην
1492 855 1660 928 ὑμῶν.

423 943 592 1007 Δόξα.
1485 932 1724 1018 ’Ὅμοιον
1739 991 1754 1004 .

335 1032 448 1097 Τὴν
516 1032 704 1110 σοφίαν
763 1028 1013 1093 λαϐόντες
1076 1031 1218 1106 παρὰ
1282 1038 1434 1110 Θεοῦ,
1497 1032 1570 1095 ώς
1628 1029 1918 1088 ἀπόστολοι

255 1118 409 1176 ἄλλοι
442 1134 590 1196 τρεῖς
633 1129 729 1178 τοῦ
752 1127 1000 1198 Χριστοῦ,
1034 1125 1110 1191 τῷ
1158 1117 1303 1196 λόγῳ
1335 1125 1433 1185 τῆς
1488 1120 1739 1197 γνώσεως
1789 1142 1918 1178 συν-

256 1215 438 1264 ιστᾰτε
469 1211 534 1264 τὰ
574 1207 839 1287 δόγματα,
872 1209 904 1264 ἃ
932 1212 991 1264 τὸ
1022 1210 1138 1284 πρὶν
1175 1207 1230 1264 ἐν
1293 1207 1473 1286 λόγοὶς
1523 1208 1724 1274 ἁπλοῖς
1783 1231 1916 1266 κατ-

251 1295 544 1357 ιῗάλλοντο
573 1297 772 1376 ἁλιεῖς,
807 1299 859 1354 ἐν
890 1298 1082 1376 γνώσει
1105 1298 1191 1352 καὶ
1228 1294 1442 1372 δυνὰμει
1516 1300 1610 1356 τοῦ
1675 1299 1920 1373 Πνεῦμα-

251 1408 364 1452 τος·
404 1387 508 1444 ἔδει
555 1389 656 1466 γάρ
711 1391 795 1444 καὶ
839 1389 1003 1452 οὕτως
1061 1390 1123 1445 τὸ
1183 1387 1386 1444 ἁπλοῦν
1432 1389 1587 1463 ἡμῶν
1634 1388 1790 1452 σέϐας
1819 1389 1915 1455 τὴν

248 1477 507 1534 σύστασιν
537 1480 854 1546 κτήσασθαι·
900 1477 1014 1534 ὅθεν
1072 1479 1264 1538 πέντες
1322 1478 1532 1553 βοῶμεν
1590 1479 1719 1554 ὑμῖν
1769 1484 1908 1557 Πρε-

246 1564 508 1623 σϐεύσατε
539 1573 750 1645 Χριστῷ
798 1574 872 1641 τῴ
931 1574 1046 1641 Θεῷ
1106 1574 1210 1623 τῶν
1267 1568 1616 1642 πταισμάτων
1682 1566 1904 1642 ἄφεσιν-

245 1654 586 1734 δωρήσασθαι
617 1670 734 1720 τοῖς
761 1657 1061 1733 ἑορτάζουσι
1094 1656 1240 1730 πόθῳ
1283 1657 1382 1723 τὴν
1468 1657 1620 1735 ἁγίαν
1678 1659 1902 1732 μνήμην

243 1747 393 1820 ὐμῶν
403 1793 418 1807 ,

413 1837 511 1892 Καὶ
537 1843 646 1908 νῦν,
1206 1835 1484 1891 Θεοτόκιον
1528 1833 1735 1910 ὅμοιον,

325 1923 437 1991 Τὴν
493 1926 680 2004 ψυχήν
753 1947 875 2003 μου,
965 1924 1214 2003 Παρθένε,
1302 1924 1401 1991 τὴν
1462 1925 1741 1991 ταπεινὴν,
1798 1925 1898 1990 τὴν

249 2034 306 2068 εν
347 2013 482 2089 ζάλῃ
523 2025 613 2072 τοῦ
642 2015 756 2089 βίου
789 2017 894 2069 τῶν
939 2020 1270 2090 πειρασμῶν,
1309 2024 1396 2072 νῦν
1451 2016 1526 2077 ὠς
1596 2011 1893 2086 ἀκυϐέρνη-

244 2124 361 2176 τον,
415 2102 780 2177 ποντουμένην
829 2109 904 2176 τῷ
947 2101 1199 2178 κλύδωνι,
1247 2105 1518 2179 ἁμαρτιῶν
1590 2111 1666 2176 τῷ
1721 2102 1897 2183 φόρτῳ

243 2193 503 2269 ὀφθεῖσιν
562 2191 886 2269 ὑπέραντλον
915 2235 931 2262 ,
981 2192 1068 2248 καὶ
1126 2191 1180 2246 ἐν
1247 2192 1466 2266 πυθμένι
1540 2191 1662 2264 ᾅδου
1721 2190 1896 2249 ἐλθεῖν

234 2278 670 2354 κινδυνεύουσαν,
700 2283 917 2360 φθάσον,
945 2281 1196 2361 Θεοτόκε,
1266 2280 1558 2358 πρεσϐειῶν
1607 2305 1700 2338 σου
1733 2281 1894 2358 ὶλέει,

232 2368 482 2446 γαλήνην
576 2370 912 2450 παρέχουσα,
975 2371 1062 2426 καὶ
1131 2368 1381 2426 κινδύνων
1455 2371 1752 2448 ἐξαίρουσι.
1837 2373 1897 2426 σὺ

231 2457 407 2534 λιμὴν
439 2459 539 2537 γὰρ
571 2459 924 2538 ἁχαίμαστος·
981 2458 1334 2538 πρεσϐεύουσα
1403 2467 1478 2535 τῷ
1533 2468 1747 2537 Σωτηρι
1811 2462 1899 2518 καὶ

235 2548 345 2622 Υίῷ
383 2552 500 2621 Θεῴ
530 2554 635 2604 τῶν
666 2550 1018 2622 πταισμάτων
1043 2548 1226 2629 ἄφεσιν
1286 2547 1500 2616 δοθῆναί
1531 2565 1646 2625 μοι·
1682 2553 1739 2606 σὲ
1803 2552 1902 2629 γὰρ

234 2636 358 2716 ἔχω
385 2636 570 2694 ἐλπίδα
600 2640 629 2693 ὁ
659 2637 868 2703 ἀνάξιος
898 2636 1080 2702 δοῦλός
1114 2661 1229 2702 σου,

769 2902 907 2976 ῼΔΠ
940 2883 1008 2957 δ’.
1047 2895 1103 2953 Ὀ
1156 2896 1359 2975 εἱρμὸς.

317 2987 643 3054 Εἱσακήκοα,
700 2987 879 3063 Κύριε.
915 2986 1016 3052 τὴν
1046 2986 1212 3053 ἀκοὴν
1283 2992 1380 3054 τῆς
1439 2987 1538 3052 σῆς
1584 2987 1883 3063 οἰκονομίας

219 3077 322 3133 καὶ
356 3073 573 3140 ὶδόξασά
603 3096 683 3152 σε,
721 3076 850 3149 μόνε
882 3073 1238 3154 φιλάνθρωπε,

2004 494 2253 584 flumina
2275 495 2667 578 eloquentia};
2703 505 2762 559 et
2821 516 3096 576 magnum
3149 500 3454 584 Basilium,
3512 524 3645 566 cum

2005 581 2291 663 Gregorio
2316 587 2614 664 praastanti
2651 586 2951 666 theologo;
2986 587 3201 668 quibus
3233 599 3349 652 toto
3408 581 3649 672 pectore

2005 672 2330 735 clamemus
2393 695 2407 735 :
2464 673 2803 738 Hierarchae
2860 686 2953 740 ter
3006 679 3268 756 maximi,
3320 682 3646 760 precamini

2002 763 2298 823 Christum
2365 765 2574 845 Deum,
2636 774 2701 828 ut
2741 774 3006 828 sanctam
3061 769 3241 830 vestri
3299 772 3644 833 memoriam

2004 851 2408 914 recalentibus
2439 862 2636 915 errata
2653 857 2971 918 condonet.

2165 941 2386 1006 Gloria.
3247 945 3477 1013 Simile.

2088 1031 2222 1092 177.
2254 1033 2513 1113 Accepta
2543 1033 2830 1096 divinitus
2882 1035 3192 1114 sapientia,
3248 1039 3642 1118 quemadmo-

2003 1117 2143 1209 dum
2175 1120 2269 1180 alii
2295 1129 2414 1183 tres
2445 1121 2662 1184 Christi
2695 1123 2968 1204 apostoli,
3026 1117 3360 1206 explicastis
3395 1130 3640 1209 pulchro

2003 1208 2374 1289 elegantique
2404 1230 2681 1273 sermone
2700 1213 2998 1294 dogmata,
3025 1233 3156 1298 quae
3176 1225 3346 1278 anter
3365 1208 3642 1281 sermone

2003 1298 2135 1358 rudi
2169 1307 2226 1360 et
2254 1299 2507 1379 simplici
2549 1300 2874 1381 piscatores
2931 1311 3206 1384 tanquam
3261 1307 3640 1370 fundamenta

2005 1386 2323 1464 ponebam,
2361 1389 2421 1450 in
2456 1389 2706 1451 scientia
2735 1399 2791 1451 et
2819 1397 3031 1452 virtute
3072 1394 3368 1473 Spiritus:
3420 1397 3638 1458 etenim

1995 1476 2343 1555 religionem
2385 1488 2646 1540 nostram
2678 1480 3039 1561 simplicem,
3068 1483 3178 1545 hac
3203 1484 3378 1545 etiam
3408 1488 3638 1549 ratione

1993 1567 2267 1627 constitui
2300 1568 2638 1646 oportebat.
2695 1570 2862 1631 Unde
2915 1589 3126 1633 omnes
3182 1574 3509 1638 clamamus
3565 1578 3636 1638 ad

1989 1672 2108 1728 vos,
2139 1655 2466 1717 Precamini
2500 1659 2797 1721 Christum
2823 1658 3036 1733 Deum,
3071 1669 3134 1721 ut
3164 1673 3424 1725 sanctam
3462 1666 3638 1727 vestri

1950 1785 1959 1825 ί
1988 1745 2334 1806 memoriam
2368 1748 2775 1810 recolentibus
2796 1757 2990 1810 errata
3023 1751 3347 1817 condonet.

2140 1831 2209 1894 Et
2241 1853 2428 1898 nunc.
2992 1837 3232 1901 Mariale
3257 1841 3473 1905 simile.

2070 1922 2199 2014 178Γ
2236 1923 2510 1985 Animam
2560 1941 2752 1984 meam
2787 1925 3103 2007 humilem,
3134 1926 3337 2009 Virgo,
3371 1933 3425 1992 in
3460 1934 3636 2014 hujus

1983 2010 2112 2102 vita;
2165 2012 2512 2102 discrimine
2568 2014 3081 2096 tentationumque
3150 2018 3412 2100 turbine,
3471 2010 3636 2102 quasi

1979 2099 2111 2161 sine
2133 2101 2556 2180 gubernatore,
2591 2102 2975 2164 fluctuantem
3000 2105 3125 2184 jam
3160 2125 3228 2168 ac
3286 2099 3440 2186 pene
3485 2099 3632 2172 sub-

1983 2191 2688 2284 mersam-,ejiciendoque
2718 2201 3095 2284 peccatorum
3124 2197 3294 2257 oneri
3315 2199 3634 2284 imparem,

1981 2287 2040 2340 et
2061 2280 2438 2344 constitutam
2464 2281 2526 2342 in
2549 2281 2820 2361 periculo
2839 2282 3151 2346 decidendi
3175 2280 3628 2367 inimatartara,

1983 2388 2152 2431 serva
2181 2371 2284 2432 Dei
2322 2369 2618 2452 Genitrix,
2653 2373 3133 2435 clementissimis
3167 2377 3281 2436 tuis
3328 2379 3629 2457 precibus,

1984 2458 2131 2520 atl‘er
2166 2460 2668 2540 tranquillitatem,
2700 2468 2761 2521 et
2790 2463 3118 2540 periculum
3175 2467 3453 2546 propulsa
3489 2490 3503 2532 :
3565 2480 3630 2532 tu

1987 2564 2050 2637 es
2098 2551 2254 2610 enim
2291 2557 2494 2628 portus
2553 2566 2766 2628 expers
2827 2553 3218 2630 tempestatis.
3276 2554 3437 2634 Roga
3488 2577 3630 2637 ergo

1984 2635 2442 2718 Redemptorem
2467 2648 2528 2700 et
2556 2637 2772 2698 Filium
2834 2640 3046 2716 Deum,
3081 2649 3146 2702 ut
3177 2643 3326 2704 mihi
3356 2635 3626 2726 lapsuum

1981 2728 2214 2816 veniam
2250 2726 2564 2803 concedat,
2591 2727 2728 2809 quia
2764 2727 2822 2789 in
2858 2736 2913 2790 te
2949 2747 3116 2810 spem
3155 2750 3394 2795 omnem
3446 2755 3622 2816 pono,

1974 2815 2257 2894 indignus
2287 2817 2540 2878 famulus
2577 2827 2734 2879 tuus.

2522 2895 2672 2959 ODE
2704 2899 2760 2960 4.
2788 2895 3053 2961 Hirmus.

2055 2976 2186 3039 179.
2219 2975 2496 3056 Obediui,
2527 2975 2797 3048 Domine,
2828 2977 3204 3041 sermonibus
3228 2982 3610 3061 providentia

1970 3074 2081 3126 tuae
2115 3087 2128 3128 :
2157 3075 2214 3126 et
2229 3075 2305 3139 te,
2340 3067 2438 3147 qui
2469 3069 2632 3128 solus
2674 3066 2966 3145 benignus
2999 3086 3058 3129 es
3092 3070 3436 3147 gloriﬁcavi.

321 3171 442 3223 Τῶν
497 3141 811 3243 τραυματων
868 3141 994 3240 μου,
1053 3141 1337 3241 Ᾰὲσπονινα,
1395 3165 1501 3220 τῶν
1550 3166 1646 3232 τῆς
1699 3170 1881 3246 ψυχῆς

2046 3154 2093 3218 Ο
2125 3141 2375 3217 Domina
2428 3156 2530 3219 Dei
2565 3141 2842 3230 Parens;
2879 3175 2972 3218 me
3021 3141 3237 3222 animai
3295 3164 3613 3243 carnisque

219 3253 428 3330 σαρκός
451 3275 507 3309 τε
552 3252 906 3328 νοσήματων,
951 3255 988 3323 νς
1047 3254 1177 3309 Θεὸν
1225 3263 1452 3312 τεκοῦσα
1509 3252 1658 3311 λύσιν
1708 3244 1886 3334 παρά-

2007 3244 2310 3308 ulneribus
2340 3265 2409 3308 ac
2443 3245 2669 3308 morbis
2694 3244 2911 3308 libera.

219 3364 380 3421 σχου
421 3365 540 3423 μοι,

314 3432 414 3488 Ἐκ
462 3432 821 3511 περιστάσεως
906 3431 1054 3509 ῥῦσαί
1134 3452 1225 3507 με,
1320 3434 1512 3510 Μήτηρ
1572 3435 1724 3511 Θεοῦ,
1796 3435 1884 3490 καὶ

2050 3424 2132 3485 Ex
2161 3423 2536 3505 necessitate,
2570 3424 2846 3505 procellis
2874 3433 2933 3486 et
2960 3425 3246 3506 periculis
3303 3434 3472 3510 eripe
3519 3451 3615 3494 me

220 3519 399 3595 ξάλης
429 3523 516 3577 καὶ
548 3519 801 3577 κινδύνων
854 3533 977 3584 ταῖς
1034 3542 1151 3585 σαις
1221 3521 1477 3602 ἱκέσιαις,
1551 3522 1691 3598 μόνη
1741 3545 1882 3579 παν-

2009 3529 2074 3572 er
2105 3521 2231 3602 tuas
2263 3531 2491 3592 preces,
2527 3517 2715 3578 Mater
2761 3513 2893 3590 Dei,
2955 3531 3088 3595 qua:
3139 3516 3269 3578 sola
3329 3536 3394 3579 es
3451 3523 3614 3583 omni

221 3613 437 3672 ὕμνητε
446 3656 462 3672 ,

305 3634 334 3666 ν
381 3633 462 3672 τε,

255 3633 719 3774 μ’ὶέὶειμαζξόμενον
827 3695 1050 3755 κλύδωνι
1162 3699 1426 3775 βιωτικῶν
1525 3699 1817 3778 ὲξᾶρπασον

226 3789 488 3868 Παρθένε,
522 3789 654 3867 πρὸς
685 3788 778 3843 τὸν
806 3789 898 3844 σόν
926 3786 1116 3862 λιμένα
1148 3789 1519 3867 καθοδηγοῦσά
1557 3790 1645 3863 μὶ.

1972 3602 2143 3663 laude
2174 3601 2540 3681 dignissima.

2051 3693 2334 3753 lactatum
2359 3691 2534 3769 hujus
2564 3692 2695 3752 vita:
2726 3689 3001 3754 ﬂuctibus
3031 3711 3222 3770 serva,
3261 3713 3378 3771 me,
3407 3696 3611 3780 Virgo,

1973 3781 2046 3844 ad
2071 3788 2301 3861 portum
2335 3788 2500 3841 tuum
2524 3780 2854 3842 deducens.

313 3913 506 3978 Con.
538 3911 692 3975 Hinc
722 3912 939 3975 iterum
971 3912 1200 3974 reditur
1224 3911 1299 3975 ad
1329 3915 1576 3976 canonis
1606 3911 1992 3977 acroatichici
2019 3921 2270 3974 metrum
2300 3911 2812 3991 prosequendum.

315 4074 548 4137 ”Αλλος.
590 4080 726 4151 Προς
746 4073 1040 4145 Ἐλήλυθας
1069 4077 1130 4131 εκ
1157 4075 1437 4152 Παρθένου,

335 4165 628 4240 Ζοήμονες
666 4164 728 4221 ἐκ
754 4169 851 4232 τῆς
901 4163 1048 4220 κάτω
1078 4164 1263 4242 σοφίας
1323 4165 1624 4241 γενόμενοι,
1691 4163 1885 4243 κυϐέρ-

2049 4073 2240 4142 Alius,
2276 4071 2430 4134 sicut
2457 4073 2751 4143 Ἐλήλυθας
2781 4075 2841 4130 ὲκ
2886 4073 3167 4151 Παρθένου.

2063 4166 2394 4244 mapientes
2415 4163 2549 4224 facti
2574 4181 2643 4223 ex
2702 4163 2966 4224 inferiori
3013 4163 3328 4244 sapientia,
3386 4164 3610 4251 guber:

222 4278 389 4322 νησιν
433 4250 648 4331 ιένδοξοι
708 4255 852 4332 παρὰ
905 4257 1003 4320 τῆς
1065 4255 1206 4317 θείας
1256 4252 1566 4320 ἐιτήσασθν
1628 4252 1743 4310 ὅθεν
1812 4255 1884 4318 ὠς

2012 4254 2152 4316 andi
2184 4254 2475 4315 rationem
2498 4272 2528 4312 a
2554 4253 2749 4314 divina
2777 4252 3067 4333 sapientia
3089 4255 3348 4332 gloriose
3399 4248 3610 4317 conse:

220 4343 549 4424 θεράπαιναν
577 4344 778 4410 ταύτην
807 4343 982 4419 ἐκείνῃ
1026 4344 1310 4423 πανσόφως
1332 4342 1645 4408 ὑπετάξατε.

335 4521 670 4599 -ε-ιλὸσοφοι,
702 4522 818 4586 νοὺς
851 4521 1042 4601 σοφοὺς
1068 4524 1110 4577 εἱ
1162 4519 1392 4598 φιλεῖτε,
1451 4521 1754 4598 σοφίσθητε,
1801 4520 1889 4577 καὶ

245 4615 435 4692 λέγειν
488 4611 796 4692 διδαχθητε,
859 4612 1052 4670 πάντες
1124 4613 1172 4667 οἱ
1228 4609 1416 4690 λόγους
1507 4611 1884 4690 θαυμάζοντες,

233 4700 489 4781 πράξεως
540 4701 808 4780 ἀκρίϐειαν
883 4701 970 4756 καὶ
1045 4700 1261 4778 θεωρίας
1329 4700 1561 4756 ἐντεῦθεν
1635 4698 1886 4764 ὲξασκού-

228 4814 393 4870 μενοι
404 4835 420 4851 .
1590 4790 1887 4851 Θεοτόκων,

343 4902 427 4944 ’.ες
458 4879 649 4954 ὅψιυιος
695 4880 844 4942 ὑετὸς
889 4876 974 4935 ἐπ’
1027 4879 1275 4959 ὶσχάτων
1331 4881 1358 4935 ὁ
1424 4878 1700 4958 πρώῖμος,
1759 4876 1888 4936 ὑδά-

231 4976 352 5030 τῶν
441 4970 650 5026 αἰώνων
732 4989 790 5025 τε
849 4966 1177 5046 δημιουργὸς
1247 4970 1319 5032 εἷς
1380 4969 1477 5036 τὴν
1537 4970 1744 5046 μήτραν
1798 4988 1890 5024 σου

225 5061 448 5133 ἔσταξε,
485 5060 818 5134 Πανάμωμε,
873 5057 1007 5113 κατᾶ
1036 5058 1219 5135 καιρὸν
1278 5056 1571 5137 ἀναψύχων
1619 5057 1741 5119 τοὺς
1793 5055 1887 5112 ἰκ-

233 5152 544 5210 λείποντας.

318 5236 558 5300 ”Αλλος.
596 5236 670 5291 Σύ
699 5240 822 5312 μου,
859 5236 1073 5313 Χριστέ,
1112 5235 1321 5315 Κύριος.

323 5417 522 5481 Στῖιλος
607 5416 768 5492 πυρὸς
859 5412 990 5469 λαοῦ
1064 5421 1256 5470 πιστοῦ
1315 5433 1712 5493 προηγούμενος
1799 5435 1896 5469 κα.¹

241 5508 509 5588 φλογίζων
546 5505 669 5567 τοὸς
727 5503 949 5583 ἐχθροὺς
1005 5508 1105 5566 sic
1169 5505 1422 5577 πίστεως,
1485 5504 1576 5560 τὰ)
1635 5499 1688 5556 δὲ
1738 5509 1900 5589 φυλὰς

242 5600 436 5668 σώζων
508 5593 763 5675 ἀσφαλῶς
833 5595 929 5657 τὰς
1029 5592 1388 5669 ἐπεπομένας,
1451 5598 1477 5651 ὁ
1537 5609 1702 5676 μέγας
1757 5599 1906 5680 ὤφθη

590 5758 832 5818 Ριιπιοι
905 5755 1022 5819 Gs.
1067 5751 1259 5816 XXIX
1275 5797 1291 5816 .

1911 4331 2093 4404 Dcuti
2117 4343 2257 4405 estis
2292 4360 2304 4404 :
2339 4341 2498 4403 unde
2528 4340 2689 4402 illam
2746 4331 2902 4416 huic,
2957 4331 3124 4421 quasi
3170 4343 3471 4420 famulam,
3522 4364 3611 4407 sa-

1974 4432 2346 4512 pientissime
2378 4430 2743 4509 subjecistis.

2070 4540 2306 4584 remen
2328 4520 2638 4605 sapientia}
2667 4519 2933 4600 quaerite,
2989 4519 3350 4601 philosophi,
3403 4521 3454 4582 si
3511 4541 3610 4584 sa-

1972 4611 2202 4692 pientes
2252 4609 2535 4688 diligitis;
2571 4617 2631 4670 et
2668 4608 2970 4670 docemini
3004 4608 3166 4689 loqui
3217 4627 3449 4691 omnes,
3506 4610 3610 4692 qui

1972 4708 2156 4762 artem
2207 4699 2487 4780 loquendi
2545 4697 2948 4770 admiremini,
3002 4696 3142 4760 hinc
3199 4699 3504 4760 exercitati
3551 4700 3610 4761 in

1971 4789 2184 4868 agendi
2213 4787 2773 4867 contemplandique
2803 4786 3021 4848 studio.
3337 4787 3607 4850 Mariale.

2067 4888 2154 4945 εει
2176 4878 2369 4960 pluvia
2415 4878 2678 4939 serotina
2709 4875 2876 4938 valde
2936 4895 3004 4938 ac
3072 4883 3478 4956 temporanea,
3521 4877 3610 4939 sic

1972 4986 2252 5050 aquarum
2284 4968 2752 5048 saaculorumque
2783 4965 2990 5027 artifex
3022 4966 3079 5026 in
3114 4974 3302 5040 tuum,
3337 4983 3372 5027 a
3403 4965 3606 5046 Virgo,

1972 5066 2226 5120 uterum.
2263 5057 2392 5119 sine
2421 5055 2582 5118 omni
2611 5055 2768 5136 labe,
2804 5061 3245 5136 peropportune
3273 5053 3606 5134 descendit,

1972 5146 2046 5208 ad
2079 5146 2421 5208 deﬁcientes
2453 5144 2904 5208 refocillandos.

2053 5237 2208 5300 180.
2272 5235 2480 5310 Alius,
2551 5235 2756 5307 sicut,
2813 5237 2884 5288 Σύ

1975 5329 2106 5407 ρίος.

2061 5415 2348 5480 Columna
2396 5414 2550 5494 ignis
2606 5413 2842 5476 ﬁdelem
2903 5412 3254 5492 praacedens
3312 5413 3618 5493 populum,

1988 5525 2169 5567 urens
2198 5505 2471 5566 inimicos
2501 5504 2664 5584 fidei,
2698 5512 2758 5567 et
2805 5509 3121 5582 sequentes
3177 5501 3365 5563 tribus
3411 5519 3625 5564 secura

1994 5613 2236 5656 servans
2259 5593 2804 5672 custodia,magnus
2829 5591 3050 5654 exstitit
3068 5590 3334 5654 Basilius.
3358 5589 3629 5654 Conﬁdat

2979 5255 3128 5314 μου,
3228 5235 3414 5308 Χριστὲ
3505 5244 3612 5293 Κυ-

2947 5773 2995 5813 ω
