  <div class='ocr_page' id='page_1' title='image "/cluster/home/n/w/nwhite01/storage/ocr_20150623/29/hvd.32044054128665/387.png"; bbox 0 0 4096 6210; ppageno 0'>
   <div class='ocr_carea' id='block_1_1' title="bbox 510 232 763 286">
    <p class='ocr_par' dir='ltr' id='par_1_1' title="bbox 510 232 763 286">
     <span class='ocr_line' id='line_1_1' title="bbox 510 232 763 286; baseline -0.016 1"><span class='ocrx_word' id='word_1_1' title='bbox 510 232 763 286; x_wconf 74' lang='lat' dir='ltr'><strong>DCCLVIII</strong></span> 
     </span>
    </p>
   </div>
   <div class='ocr_carea' id='block_1_2' title="bbox 1852 218 2446 283">
    <p class='ocr_par' dir='ltr' id='par_1_2' title="bbox 1852 218 2446 283">
     <span class='ocr_line' id='line_1_2' title="bbox 1852 218 2446 283; baseline 0.003 -3"><span class='ocrx_word' id='word_1_2' title='bbox 1852 218 2446 283; x_wconf 82' lang='lat' dir='ltr'><strong>PROLEGOMENA.</strong></span> 
     </span>
    </p>
   </div>
   <div class='ocr_carea' id='block_1_3' title="bbox 513 352 2145 439">
    <p class='ocr_par' dir='ltr' id='par_1_3' title="bbox 513 355 2145 437">
     <span class='ocr_line' id='line_1_3' title="bbox 513 355 2145 437; baseline -0.004 -18"><span class='ocrx_word' id='word_1_3' title='bbox 513 366 572 419; x_wconf 89' lang='lat' dir='ltr'><strong>et</strong></span> <span class='ocrx_word' id='word_1_4' title='bbox 598 358 792 420; x_wconf 89' lang='lat' dir='ltr'><strong>vincat</strong></span> <span class='ocrx_word' id='word_1_5' title='bbox 813 356 1033 421; x_wconf 88' lang='lat' dir='ltr'><strong>Christi</strong></span> <span class='ocrx_word' id='word_1_6' title='bbox 1064 355 1351 431; x_wconf 87' lang='lat' dir='ltr'><strong>Ecclesia,</strong></span> <span class='ocrx_word' id='word_1_7' title='bbox 1382 362 1553 418; x_wconf 84' lang='lat' dir='ltr'><strong>tanto</strong></span> <span class='ocrx_word' id='word_1_8' title='bbox 1599 355 1764 417; x_wconf 83' lang='lat' dir='ltr'><strong>dives</strong></span> <span class='ocrx_word' id='word_1_9' title='bbox 1809 371 2145 437; x_wconf 87' lang='lat' dir='ltr'><strong>propugna-</strong></span> 
     </span>
    </p>
   </div>
   <div class='ocr_carea' id='block_1_4' title="bbox 2249 352 3831 439">
    <p class='ocr_par' dir='ltr' id='par_1_4' title="bbox 2249 352 3831 439">
     <span class='ocr_line' id='line_1_4' title="bbox 2249 352 3831 439; baseline 0.008 -31"><span class='ocrx_word' id='word_1_10' title='bbox 2249 352 2531 418; x_wconf 81' lang='grc' dir='ltr'>Βασίλειος,</span> <span class='ocrx_word' id='word_1_11' title='bbox 2567 357 2834 433; x_wconf 83' lang='grc' dir='ltr'>Θαρσείτω</span> <span class='ocrx_word' id='word_1_12' title='bbox 2877 363 2962 417; x_wconf 79' lang='grc' dir='ltr'><strong>καὶ</strong></span> <span class='ocrx_word' id='word_1_13' title='bbox 3013 362 3213 421; x_wconf 67' lang='grc' dir='ltr'>νικάτω</span> <span class='ocrx_word' id='word_1_14' title='bbox 3276 360 3306 428; x_wconf 65' lang='grc' dir='ltr'><em>ά</em></span> <span class='ocrx_word' id='word_1_15' title='bbox 3361 368 3581 439; x_wconf 77' lang='grc' dir='ltr'>Χριστυῦ</span> <span class='ocrx_word' id='word_1_16' title='bbox 3629 357 3831 432; x_wconf 84' lang='grc' dir='ltr'>Ἐκκλη-</span> 
     </span>
    </p>
   </div>
   <div class='ocr_carea' id='block_1_5' title="bbox 515 455 667 509">
    <p class='ocr_par' dir='ltr' id='par_1_5' title="bbox 515 455 667 509">
     <span class='ocr_line' id='line_1_5' title="bbox 515 455 667 509; baseline 0.013 -2"><span class='ocrx_word' id='word_1_17' title='bbox 515 455 667 509; x_wconf 87' lang='lat' dir='ltr'><strong>tore.</strong></span> 
     </span>
    </p>
   </div>
   <div class='ocr_carea' id='block_1_6' title="bbox 539 467 2157 619">
    <p class='ocr_par' dir='ltr' id='par_1_6' title="bbox 539 467 2157 619">
     <span class='ocr_line' id='line_1_6' title="bbox 539 467 2157 619; baseline -0.004 -18"><span class='ocrx_word' id='word_1_18' title='bbox 539 467 836 619; x_wconf 45' lang='lat' dir='ltr'><strong>Olifinguae</strong></span> <span class='ocrx_word' id='word_1_19' title='bbox 858 536 1135 597; x_wconf 86' lang='lat' dir='ltr'><strong>delicium</strong></span> <span class='ocrx_word' id='word_1_20' title='bbox 1161 543 1218 597; x_wconf 88' lang='lat' dir='ltr'><strong>et</strong></span> <span class='ocrx_word' id='word_1_21' title='bbox 1248 535 1506 615; x_wconf 84' lang='lat' dir='ltr'><strong>cujusvis</strong></span> <span class='ocrx_word' id='word_1_22' title='bbox 1537 534 1771 596; x_wconf 91' lang='lat' dir='ltr'><strong>auditus</strong></span> <span class='ocrx_word' id='word_1_23' title='bbox 1814 535 2157 614; x_wconf 87' lang='lat' dir='ltr'><strong>jncnnditas</strong></span> 
     </span>
    </p>
   </div>
   <div class='ocr_carea' id='block_1_7' title="bbox 518 623 2156 705">
    <p class='ocr_par' dir='ltr' id='par_1_7' title="bbox 518 623 2156 705">
     <span class='ocr_line' id='line_1_7' title="bbox 518 623 2156 705; baseline -0.004 -16"><span class='ocrx_word' id='word_1_24' title='bbox 518 629 627 690; x_wconf 88' lang='lat' dir='ltr'><strong>fuit</strong></span> <span class='ocrx_word' id='word_1_25' title='bbox 655 627 843 689; x_wconf 88' lang='lat' dir='ltr'><strong>oratio</strong></span> <span class='ocrx_word' id='word_1_26' title='bbox 869 635 985 705; x_wconf 86' lang='lat' dir='ltr'><strong>tua,</strong></span> <span class='ocrx_word' id='word_1_27' title='bbox 1018 624 1318 705; x_wconf 85' lang='lat' dir='ltr'><strong>Gregori;</strong></span> <span class='ocrx_word' id='word_1_28' title='bbox 1371 643 1589 687; x_wconf 89' lang='lat' dir='ltr'><strong>manna</strong></span> <span class='ocrx_word' id='word_1_29' title='bbox 1638 626 1797 702; x_wconf 84' lang='lat' dir='ltr'><strong>vitae,</strong></span> <span class='ocrx_word' id='word_1_30' title='bbox 1859 642 1959 686; x_wconf 90' lang='lat' dir='ltr'><strong>ros</strong></span> <span class='ocrx_word' id='word_1_31' title='bbox 2016 623 2156 685; x_wconf 82' lang='lat' dir='ltr'><strong>dul—</strong></span> 
     </span>
    </p>
   </div>
   <div class='ocr_carea' id='block_1_8' title="bbox 514 713 2153 795">
    <p class='ocr_par' dir='ltr' id='par_1_8' title="bbox 514 713 2153 795">
     <span class='ocr_line' id='line_1_8' title="bbox 514 713 2153 795; baseline -0.004 -16"><span class='ocrx_word' id='word_1_32' title='bbox 514 718 769 789; x_wconf 89' lang='lat' dir='ltr'><strong>cedinis,</strong></span> <span class='ocrx_word' id='word_1_33' title='bbox 806 718 923 776; x_wconf 91' lang='lat' dir='ltr'><strong>mel</strong></span> <span class='ocrx_word' id='word_1_34' title='bbox 960 716 1034 777; x_wconf 93' lang='lat' dir='ltr'><strong>de</strong></span> <span class='ocrx_word' id='word_1_35' title='bbox 1061 724 1249 795; x_wconf 89' lang='lat' dir='ltr'><strong>petra,</strong></span> <span class='ocrx_word' id='word_1_36' title='bbox 1278 714 1445 794; x_wconf 87' lang='lat' dir='ltr'><strong>panis</strong></span> <span class='ocrx_word' id='word_1_37' title='bbox 1475 714 1730 775; x_wconf 60' lang='lat' dir='ltr'><strong>caelestis</strong></span> <span class='ocrx_word' id='word_1_38' title='bbox 1780 713 2153 792; x_wconf 83' lang='lat' dir='ltr'><strong>angelorum,</strong></span> 
     </span>
    </p>
   </div>
   <div class='ocr_carea' id='block_1_9' title="bbox 518 804 2160 881">
    <p class='ocr_par' dir='ltr' id='par_1_9' title="bbox 518 804 2160 881">
     <span class='ocr_line' id='line_1_9' title="bbox 518 804 2160 881; baseline -0.002 -14"><span class='ocrx_word' id='word_1_39' title='bbox 518 807 807 869; x_wconf 90' lang='lat' dir='ltr'><strong>lectorum</strong></span> <span class='ocrx_word' id='word_1_40' title='bbox 841 804 1114 868; x_wconf 82' lang='lat' dir='ltr'><strong>alliciens</strong></span> <span class='ocrx_word' id='word_1_41' title='bbox 1154 810 1404 881; x_wconf 83' lang='lat' dir='ltr'><strong>animos,</strong></span> <span class='ocrx_word' id='word_1_42' title='bbox 1438 812 1501 864; x_wconf 91' lang='lat' dir='ltr'><strong>ut</strong></span> <span class='ocrx_word' id='word_1_43' title='bbox 1532 812 1631 865; x_wconf 87' lang='lat' dir='ltr'><strong>tua</strong></span> <span class='ocrx_word' id='word_1_44' title='bbox 1688 804 1974 865; x_wconf 78' lang='lat' dir='ltr'><strong>suavitate</strong></span> <span class='ocrx_word' id='word_1_45' title='bbox 2028 819 2160 864; x_wconf 92' lang='lat' dir='ltr'><strong>sese</strong></span> 
     </span>
    </p>
   </div>
   <div class='ocr_carea' id='block_1_10' title="bbox 513 893 2157 974">
    <p class='ocr_par' dir='ltr' id='par_1_10' title="bbox 513 893 2157 974">
     <span class='ocr_line' id='line_1_10' title="bbox 513 893 2157 974; baseline -0.002 -18"><span class='ocrx_word' id='word_1_46' title='bbox 513 894 927 957; x_wconf 78' lang='lat' dir='ltr'><strong>insatiabiliter</strong></span> <span class='ocrx_word' id='word_1_47' title='bbox 952 894 1339 974; x_wconf 85' lang='lat' dir='ltr'><strong>ingurgitent;</strong></span> <span class='ocrx_word' id='word_1_48' title='bbox 1371 910 1593 973; x_wconf 81' lang='lat' dir='ltr'><strong>eosque</strong></span> <span class='ocrx_word' id='word_1_49' title='bbox 1636 893 1938 972; x_wconf 90' lang='lat' dir='ltr'><strong>voluptate</strong></span> <span class='ocrx_word' id='word_1_50' title='bbox 1986 910 2157 953; x_wconf 90' lang='lat' dir='ltr'><strong>com-</strong></span> 
     </span>
    </p>
   </div>
   <div class='ocr_carea' id='block_1_11' title="bbox 509 985 701 1066">
    <p class='ocr_par' dir='ltr' id='par_1_11' title="bbox 509 985 701 1066">
     <span class='ocr_line' id='line_1_11' title="bbox 509 985 701 1066; baseline 0.005 -19"><span class='ocrx_word' id='word_1_51' title='bbox 509 985 701 1066; x_wconf 90' lang='lat' dir='ltr'><strong>plens.</strong></span> 
     </span>
    </p>
   </div>
   <div class='ocr_carea' id='block_1_12' title="bbox 590 1069 2157 1154">
    <p class='ocr_par' dir='ltr' id='par_1_12' title="bbox 590 1069 2157 1154">
     <span class='ocr_line' id='line_1_12' title="bbox 590 1069 2157 1154; baseline -0.003 -18"><span class='ocrx_word' id='word_1_52' title='bbox 590 1074 831 1137; x_wconf 89' lang='lat' dir='ltr'><strong>Fluvius</strong></span> <span class='ocrx_word' id='word_1_53' title='bbox 852 1074 1272 1136; x_wconf 89' lang='lat' dir='ltr'><strong>charismatum</strong></span> <span class='ocrx_word' id='word_1_54' title='bbox 1285 1072 1561 1154; x_wconf 87' lang='lat' dir='ltr'><strong>Spiritus,</strong></span> <span class='ocrx_word' id='word_1_55' title='bbox 1582 1069 1867 1153; x_wconf 78' lang='lat' dir='ltr'><strong>Joannes,</strong></span> <span class='ocrx_word' id='word_1_56' title='bbox 1893 1071 2157 1151; x_wconf 89' lang='lat' dir='ltr'><strong>repletus</strong></span> 
     </span>
    </p>
   </div>
   <div class='ocr_carea' id='block_1_13' title="bbox 509 1160 2154 1244">
    <p class='ocr_par' dir='ltr' id='par_1_13' title="bbox 509 1160 2154 1244">
     <span class='ocr_line' id='line_1_13' title="bbox 509 1160 2154 1244; baseline -0.003 -19"><span class='ocrx_word' id='word_1_57' title='bbox 509 1171 599 1226; x_wconf 89' lang='lat' dir='ltr'><strong>est</strong></span> <span class='ocrx_word' id='word_1_58' title='bbox 626 1183 814 1244; x_wconf 86' lang='lat' dir='ltr'><strong>usque</strong></span> <span class='ocrx_word' id='word_1_59' title='bbox 844 1164 917 1226; x_wconf 89' lang='lat' dir='ltr'><strong>ad</strong></span> <span class='ocrx_word' id='word_1_60' title='bbox 947 1162 1294 1225; x_wconf 74' lang='lat' dir='ltr'><strong>effusionem</strong></span> <span class='ocrx_word' id='word_1_61' title='bbox 1335 1180 1351 1236; x_wconf 90' lang='lat'><strong>;</strong></span> <span class='ocrx_word' id='word_1_62' title='bbox 1396 1167 1456 1223; x_wconf 91' lang='lat' dir='ltr'><strong>et</strong></span> <span class='ocrx_word' id='word_1_63' title='bbox 1506 1161 1812 1242; x_wconf 85' lang='lat' dir='ltr'><strong>pulchram</strong></span> <span class='ocrx_word' id='word_1_64' title='bbox 1860 1169 2035 1223; x_wconf 73' lang='lat' dir='ltr'><strong>terrae</strong></span> <span class='ocrx_word' id='word_1_65' title='bbox 2064 1160 2154 1221; x_wconf 85' lang='lat' dir='ltr'><strong>fa-</strong></span> 
     </span>
    </p>
   </div>
   <div class='ocr_carea' id='block_1_14' title="bbox 508 1250 2150 1333">
    <p class='ocr_par' dir='ltr' id='par_1_14' title="bbox 508 1250 2150 1333">
     <span class='ocr_line' id='line_1_14' title="bbox 508 1250 2150 1333; baseline -0.002 -19"><span class='ocrx_word' id='word_1_66' title='bbox 508 1252 662 1314; x_wconf 88' lang='lat' dir='ltr'><strong>ciem</strong></span> <span class='ocrx_word' id='word_1_67' title='bbox 687 1252 854 1333; x_wconf 80' lang='lat' dir='ltr'><strong>quasi</strong></span> <span class='ocrx_word' id='word_1_68' title='bbox 872 1260 1137 1313; x_wconf 83' lang='lat' dir='ltr'><strong>torrente</strong></span> <span class='ocrx_word' id='word_1_69' title='bbox 1155 1250 1472 1331; x_wconf 82' lang='lat' dir='ltr'><strong>voluptatis</strong></span> <span class='ocrx_word' id='word_1_70' title='bbox 1495 1267 1567 1311; x_wconf 80' lang='lat' dir='ltr'><strong>ex</strong></span> <span class='ocrx_word' id='word_1_71' title='bbox 1587 1268 1693 1312; x_wconf 88' lang='lat' dir='ltr'><strong>ore</strong></span> <span class='ocrx_word' id='word_1_72' title='bbox 1711 1250 1920 1329; x_wconf 80' lang='lat' dir='ltr'><strong>irrigat</strong></span> <span class='ocrx_word' id='word_1_73' title='bbox 1936 1268 2150 1321; x_wconf 88' lang='lat' dir='ltr'><strong>aureo;</strong></span> 
     </span>
    </p>
   </div>
   <div class='ocr_carea' id='block_1_15' title="bbox 511 1338 2149 1419">
    <p class='ocr_par' dir='ltr' id='par_1_15' title="bbox 511 1338 2149 1419">
     <span class='ocr_line' id='line_1_15' title="bbox 511 1338 2149 1419; baseline -0.002 -15"><span class='ocrx_word' id='word_1_74' title='bbox 511 1342 846 1405; x_wconf 82' lang='lat' dir='ltr'><strong>exhilarans</strong></span> <span class='ocrx_word' id='word_1_75' title='bbox 876 1340 1096 1405; x_wconf 81' lang='lat' dir='ltr'><strong>Christi</strong></span> <span class='ocrx_word' id='word_1_76' title='bbox 1148 1348 1326 1402; x_wconf 88' lang='lat' dir='ltr'><strong>totam</strong></span> <span class='ocrx_word' id='word_1_77' title='bbox 1372 1338 1667 1400; x_wconf 88' lang='lat' dir='ltr'><strong>civitatem</strong></span> <span class='ocrx_word' id='word_1_78' title='bbox 1723 1349 1782 1399; x_wconf 91' lang='lat' dir='ltr'><strong>et</strong></span> <span class='ocrx_word' id='word_1_79' title='bbox 1836 1338 2149 1419; x_wconf 87' lang='lat' dir='ltr'><strong>pinguefa-</strong></span> 
     </span>
    </p>
   </div>
   <div class='ocr_carea' id='block_1_16' title="bbox 512 1427 2144 1513">
    <p class='ocr_par' dir='ltr' id='par_1_16' title="bbox 512 1427 2144 1513">
     <span class='ocr_line' id='line_1_16' title="bbox 512 1427 2144 1513; baseline -0.002 -20"><span class='ocrx_word' id='word_1_80' title='bbox 512 1433 679 1494; x_wconf 89' lang='lat' dir='ltr'><strong>ciens</strong></span> <span class='ocrx_word' id='word_1_81' title='bbox 704 1432 931 1513; x_wconf 85' lang='lat' dir='ltr'><strong>impetu</strong></span> <span class='ocrx_word' id='word_1_82' title='bbox 973 1430 1304 1492; x_wconf 88' lang='lat' dir='ltr'><strong>divinarum</strong></span> <span class='ocrx_word' id='word_1_83' title='bbox 1336 1427 1654 1491; x_wconf 89' lang='lat' dir='ltr'><strong>undarum.</strong></span> <span class='ocrx_word' id='word_1_84' title='bbox 1881 1428 2144 1490; x_wconf 84' lang='lat' dir='ltr'><strong>Mariale.</strong></span> 
     </span>
    </p>
   </div>
   <div class='ocr_carea' id='block_1_17' title="bbox 590 1607 2147 1689">
    <p class='ocr_par' dir='ltr' id='par_1_17' title="bbox 590 1607 2147 1689">
     <span class='ocr_line' id='line_1_17' title="bbox 590 1607 2147 1689; baseline -0.004 -16"><span class='ocrx_word' id='word_1_85' title='bbox 590 1613 872 1673; x_wconf 86' lang='lat' dir='ltr'><strong>Naturam</strong></span> <span class='ocrx_word' id='word_1_86' title='bbox 914 1608 1272 1689; x_wconf 87' lang='lat' dir='ltr'><strong>simplicem,</strong></span> <span class='ocrx_word' id='word_1_87' title='bbox 1306 1616 1609 1687; x_wconf 82' lang='lat' dir='ltr'><strong>expertem</strong></span> <span class='ocrx_word' id='word_1_88' title='bbox 1662 1607 2147 1688; x_wconf 82' lang='lat' dir='ltr'><strong>compositionis,</strong></span> 
     </span>
    </p>
   </div>
   <div class='ocr_carea' id='block_1_18' title="bbox 2241 442 3421 531">
    <p class='ocr_par' dir='ltr' id='par_1_18' title="bbox 2241 442 3421 531">
     <span class='ocr_line' id='line_1_18' title="bbox 2241 442 3421 531; baseline 0.009 -33"><span class='ocrx_word' id='word_1_89' title='bbox 2241 442 2349 521; x_wconf 84' lang='grc' dir='ltr'>σία,</span> <span class='ocrx_word' id='word_1_90' title='bbox 2386 442 2700 510; x_wconf 76' lang='grc' dir='ltr'>τηλικοῦτον</span> <span class='ocrx_word' id='word_1_91' title='bbox 2731 445 3077 520; x_wconf 81' lang='grc' dir='ltr'>πλουτήσασα</span> <span class='ocrx_word' id='word_1_92' title='bbox 3107 449 3421 531; x_wconf 81' lang='grc' dir='ltr'>πρόμαχον.</span> 
     </span>
    </p>
   </div>
   <div class='ocr_carea' id='block_1_19' title="bbox 2326 530 3843 617">
    <p class='ocr_par' dir='ltr' id='par_1_19' title="bbox 2326 530 3843 617">
     <span class='ocr_line' id='line_1_19' title="bbox 2326 530 3843 617; baseline 0.008 -30"><span class='ocrx_word' id='word_1_93' title='bbox 2326 530 2599 600; x_wconf 84' lang='grc' dir='ltr'>Γλώσσης</span> <span class='ocrx_word' id='word_1_94' title='bbox 2631 537 2823 617; x_wconf 78' lang='grc' dir='ltr'>τρυφὴ,</span> <span class='ocrx_word' id='word_1_95' title='bbox 2881 540 2969 596; x_wconf 81' lang='grc' dir='ltr'><strong>καὶ</strong></span> <span class='ocrx_word' id='word_1_96' title='bbox 3002 530 3170 608; x_wconf 75' lang='grc' dir='ltr'>ἀκοῆς</span> <span class='ocrx_word' id='word_1_97' title='bbox 3221 541 3400 606; x_wconf 82' lang='grc' dir='ltr'><strong>πάσης</strong></span> <span class='ocrx_word' id='word_1_98' title='bbox 3455 537 3655 615; x_wconf 75' lang='grc' dir='ltr'>ἥδυσμα</span> <span class='ocrx_word' id='word_1_99' title='bbox 3699 544 3723 598; x_wconf 82' lang='grc' dir='ltr'>ὁ</span> <span class='ocrx_word' id='word_1_100' title='bbox 3771 545 3843 609; x_wconf 82' lang='grc' dir='ltr'>σὸς</span> 
     </span>
    </p>
   </div>
   <div class='ocr_carea' id='block_1_20' title="bbox 2241 619 3841 709">
    <p class='ocr_par' dir='ltr' id='par_1_20' title="bbox 2241 619 3841 709">
     <span class='ocr_line' id='line_1_20' title="bbox 2241 619 3841 709; baseline 0.007 -33"><span class='ocrx_word' id='word_1_101' title='bbox 2241 619 2399 699; x_wconf 86' lang='grc' dir='ltr'>λόγος</span> <span class='ocrx_word' id='word_1_102' title='bbox 2460 623 2678 701; x_wconf 86' lang='grc' dir='ltr'>πέγυκε,</span> <span class='ocrx_word' id='word_1_103' title='bbox 2742 628 3020 707; x_wconf 84' lang='grc' dir='ltr'>Γρηγόριε·</span> <span class='ocrx_word' id='word_1_104' title='bbox 3096 630 3267 705; x_wconf 84' lang='grc' dir='ltr'>μάννα</span> <span class='ocrx_word' id='word_1_105' title='bbox 3322 632 3463 701; x_wconf 78' lang='grc' dir='ltr'>ζωῆς</span> <span class='ocrx_word' id='word_1_106' title='bbox 3517 626 3688 706; x_wconf 82' lang='grc' dir='ltr'>δρόσος</span> <span class='ocrx_word' id='word_1_107' title='bbox 3735 630 3841 709; x_wconf 74' lang='grc' dir='ltr'>γλυο</span> 
     </span>
    </p>
   </div>
   <div class='ocr_carea' id='block_1_21' title="bbox 2240 712 3840 797">
    <p class='ocr_par' dir='ltr' id='par_1_21' title="bbox 2240 712 3840 797">
     <span class='ocr_line' id='line_1_21' title="bbox 2240 712 3840 797; baseline 0.01 -31"><span class='ocrx_word' id='word_1_108' title='bbox 2240 719 2467 787; x_wconf 85' lang='grc' dir='ltr'>κασμοῦ,</span> <span class='ocrx_word' id='word_1_109' title='bbox 2499 712 2619 787; x_wconf 81' lang='grc' dir='ltr'>μέλι</span> <span class='ocrx_word' id='word_1_110' title='bbox 2652 716 2712 769; x_wconf 84' lang='grc' dir='ltr'>τὸ</span> <span class='ocrx_word' id='word_1_111' title='bbox 2735 715 2795 771; x_wconf 82' lang='grc' dir='ltr'>ἐκ</span> <span class='ocrx_word' id='word_1_112' title='bbox 2817 715 3035 796; x_wconf 78' lang='grc' dir='ltr'>πέτρας,</span> <span class='ocrx_word' id='word_1_113' title='bbox 3092 718 3336 797; x_wconf 81' lang='grc' dir='ltr'>ἀγγέλων</span> <span class='ocrx_word' id='word_1_114' title='bbox 3376 716 3542 795; x_wconf 63' lang='grc' dir='ltr'>’ἄρτος</span> <span class='ocrx_word' id='word_1_115' title='bbox 3622 718 3840 797; x_wconf 73' lang='grc' dir='ltr'>οὐράνιος,</span> 
     </span>
    </p>
   </div>
   <div class='ocr_carea' id='block_1_22' title="bbox 2241 798 3840 888">
    <p class='ocr_par' dir='ltr' id='par_1_22' title="bbox 2241 798 3840 888">
     <span class='ocr_line' id='line_1_22' title="bbox 2241 798 3840 888; baseline 0.006 -34"><span class='ocrx_word' id='word_1_116' title='bbox 2241 798 2530 888; x_wconf 82' lang='grc' dir='ltr'>ἀπλήστως</span> <span class='ocrx_word' id='word_1_117' title='bbox 2582 801 2925 883; x_wconf 68' lang='grc' dir='ltr'><strong>ἐμφορεῖσθαι</strong></span> <span class='ocrx_word' id='word_1_118' title='bbox 3009 814 3106 876; x_wconf 78' lang='grc' dir='ltr'><strong>τῆς</strong></span> <span class='ocrx_word' id='word_1_119' title='bbox 3193 806 3453 880; x_wconf 78' lang='grc' dir='ltr'>ἡδύτητος</span> <span class='ocrx_word' id='word_1_120' title='bbox 3523 807 3724 888; x_wconf 82' lang='grc' dir='ltr'>πείθων,</span> <span class='ocrx_word' id='word_1_121' title='bbox 3771 810 3840 864; x_wconf 79' lang='grc' dir='ltr'>καὶ</span> 
     </span>
    </p>
   </div>
   <div class='ocr_carea' id='block_1_23' title="bbox 2240 887 3209 977">
    <p class='ocr_par' dir='ltr' id='par_1_23' title="bbox 2240 887 3209 977">
     <span class='ocr_line' id='line_1_23' title="bbox 2240 887 3209 977; baseline 0.011 -33"><span class='ocrx_word' id='word_1_122' title='bbox 2240 887 2461 967; x_wconf 83' lang='grc' dir='ltr'>πληρῶν</span> <span class='ocrx_word' id='word_1_123' title='bbox 2486 888 2674 959; x_wconf 62' lang='grc' dir='ltr'>ἤδονῆς</span> <span class='ocrx_word' id='word_1_124' title='bbox 2698 896 2820 959; x_wconf 82' lang='grc' dir='ltr'>τοὺς</span> <span class='ocrx_word' id='word_1_125' title='bbox 2853 896 3209 977; x_wconf 82' lang='grc' dir='ltr'>μετὲχοντας.</span> 
     </span>
    </p>
   </div>
   <div class='ocr_carea' id='block_1_24' title="bbox 2322 1067 3845 1156">
    <p class='ocr_par' dir='ltr' id='par_1_24' title="bbox 2322 1067 3845 1156">
     <span class='ocr_line' id='line_1_24' title="bbox 2322 1067 3845 1156; baseline 0.009 -32"><span class='ocrx_word' id='word_1_126' title='bbox 2322 1067 2381 1125; x_wconf 90' lang='grc' dir='ltr'>Ὀ</span> <span class='ocrx_word' id='word_1_127' title='bbox 2459 1073 2697 1146; x_wconf 80' lang='grc' dir='ltr'>ποταμὸς</span> <span class='ocrx_word' id='word_1_128' title='bbox 2775 1078 2881 1130; x_wconf 82' lang='grc' dir='ltr'><strong>τῶν</strong></span> <span class='ocrx_word' id='word_1_129' title='bbox 2971 1076 3331 1156; x_wconf 80' lang='grc' dir='ltr'><strong>χαρισμάτων</strong></span> <span class='ocrx_word' id='word_1_130' title='bbox 3403 1088 3496 1137; x_wconf 88' lang='grc' dir='ltr'><strong>τοῦ</strong></span> <span class='ocrx_word' id='word_1_131' title='bbox 3580 1075 3845 1151; x_wconf 74' lang='grc' dir='ltr'>Πνεόματος</span> 
     </span>
    </p>
   </div>
   <div class='ocr_carea' id='block_1_25' title="bbox 2237 1156 3846 1247">
    <p class='ocr_par' dir='ltr' id='par_1_25' title="bbox 2237 1156 3846 1247">
     <span class='ocr_line' id='line_1_25' title="bbox 2237 1156 3846 1247; baseline 0.008 -34"><span class='ocrx_word' id='word_1_132' title='bbox 2237 1156 2547 1237; x_wconf 80' lang='grc' dir='ltr'><strong>ἐπληρώθη,</strong></span> <span class='ocrx_word' id='word_1_133' title='bbox 2610 1163 2636 1216; x_wconf 90' lang='grc' dir='ltr'>ὁ</span> <span class='ocrx_word' id='word_1_134' title='bbox 2694 1160 2976 1238; x_wconf 78' lang='grc' dir='ltr'><strong>Ἰωάννης,</strong></span> <span class='ocrx_word' id='word_1_135' title='bbox 3024 1165 3187 1245; x_wconf 79' lang='grc' dir='ltr'>μέχρι</span> <span class='ocrx_word' id='word_1_136' title='bbox 3240 1167 3329 1223; x_wconf 88' lang='grc' dir='ltr'><strong>καὶ</strong></span> <span class='ocrx_word' id='word_1_137' title='bbox 3383 1169 3709 1247; x_wconf 72' lang='grc' dir='ltr'>προχύσεως*</span> <span class='ocrx_word' id='word_1_138' title='bbox 3778 1169 3846 1226; x_wconf 80' lang='grc' dir='ltr'>καὶ</span> 
     </span>
    </p>
   </div>
   <div class='ocr_carea' id='block_1_26' title="bbox 2236 1248 3845 1341">
    <p class='ocr_par' dir='ltr' id='par_1_26' title="bbox 2236 1248 3845 1341">
     <span class='ocr_line' id='line_1_26' title="bbox 2236 1248 3845 1341; baseline 0.011 -39"><span class='ocrx_word' id='word_1_139' title='bbox 2236 1248 2495 1341; x_wconf 25' lang='grc' dir='ltr'>*τὸ-καλὸν</span> <span class='ocrx_word' id='word_1_140' title='bbox 2524 1250 2812 1341; x_wconf 79' lang='grc' dir='ltr'>πρόσωπόν</span> <span class='ocrx_word' id='word_1_141' title='bbox 2859 1259 2957 1320; x_wconf 77' lang='grc' dir='ltr'>τῆς</span> <span class='ocrx_word' id='word_1_142' title='bbox 2989 1259 3115 1333; x_wconf 77' lang='grc' dir='ltr'>γῆς,</span> <span class='ocrx_word' id='word_1_143' title='bbox 3148 1258 3221 1320; x_wconf 81' lang='grc' dir='ltr'>ὡς</span> <span class='ocrx_word' id='word_1_144' title='bbox 3283 1262 3481 1337; x_wconf 76' lang='grc' dir='ltr'>τρυφῆς</span> <span class='ocrx_word' id='word_1_145' title='bbox 3535 1261 3845 1341; x_wconf 70' lang='grc' dir='ltr'>χειμάρρους,</span> 
     </span>
    </p>
   </div>
   <div class='ocr_carea' id='block_1_27' title="bbox 2238 1336 3844 1426">
    <p class='ocr_par' dir='ltr' id='par_1_27' title="bbox 2238 1336 3844 1426">
     <span class='ocr_line' id='line_1_27' title="bbox 2238 1336 3844 1426; baseline 0.005 -31"><span class='ocrx_word' id='word_1_146' title='bbox 2238 1336 2343 1395; x_wconf 80' lang='grc' dir='ltr'>ἂπὸ</span> <span class='ocrx_word' id='word_1_147' title='bbox 2386 1347 2587 1417; x_wconf 79' lang='grc' dir='ltr'>χρυσοῦ</span> <span class='ocrx_word' id='word_1_148' title='bbox 2646 1338 2788 1419; x_wconf 69' lang='grc' dir='ltr'>ἄρδει</span> <span class='ocrx_word' id='word_1_149' title='bbox 2830 1344 3123 1419; x_wconf 88' lang='grc' dir='ltr'>στόματος,</span> <span class='ocrx_word' id='word_1_150' title='bbox 3187 1336 3471 1426; x_wconf 67' lang='grc' dir='ltr'>εὐφραίνων</span> <span class='ocrx_word' id='word_1_151' title='bbox 3632 1336 3844 1408; x_wconf 12' lang='grc' dir='ltr'>*πιαίνων</span> 
     </span>
    </p>
   </div>
   <div class='ocr_carea' id='block_1_28' title="bbox 2236 1430 3848 1514">
    <p class='ocr_par' dir='ltr' id='par_1_28' title="bbox 2236 1430 3848 1514">
     <span class='ocr_line' id='line_1_28' title="bbox 2236 1430 3848 1514; baseline 0.007 -33"><span class='ocrx_word' id='word_1_152' title='bbox 2236 1433 2327 1482; x_wconf 90' lang='grc' dir='ltr'><strong>τοῦ</strong></span> <span class='ocrx_word' id='word_1_153' title='bbox 2358 1433 2588 1505; x_wconf 80' lang='grc' dir='ltr'>Χριστοῦ</span> <span class='ocrx_word' id='word_1_154' title='bbox 2631 1435 2806 1487; x_wconf 84' lang='grc' dir='ltr'>πᾶσαν</span> <span class='ocrx_word' id='word_1_155' title='bbox 2839 1430 2998 1489; x_wconf 87' lang='grc' dir='ltr'>πόλιν</span> <span class='ocrx_word' id='word_1_156' title='bbox 3068 1446 3183 1499; x_wconf 79' lang='grc' dir='ltr'>τοῖς</span> <span class='ocrx_word' id='word_1_157' title='bbox 3241 1438 3347 1491; x_wconf 84' lang='grc' dir='ltr'><strong>τῶν</strong></span> <span class='ocrx_word' id='word_1_158' title='bbox 3395 1438 3549 1493; x_wconf 90' lang='grc' dir='ltr'>θείων</span> <span class='ocrx_word' id='word_1_159' title='bbox 3631 1438 3848 1514; x_wconf 73' lang='grc' dir='ltr'>κυμαίιων</span> 
     </span>
    </p>
   </div>
   <div class='ocr_carea' id='block_1_29' title="bbox 2235 1517 3844 1595">
    <p class='ocr_par' dir='ltr' id='par_1_29' title="bbox 2235 1517 3844 1595">
     <span class='ocr_line' id='line_1_29' title="bbox 2235 1517 3844 1595; baseline 0.009 -24"><span class='ocrx_word' id='word_1_160' title='bbox 2235 1517 2511 1595; x_wconf 83' lang='grc' dir='ltr'>ὁρμήμασι</span> <span class='ocrx_word' id='word_1_161' title='bbox 2522 1568 2536 1591; x_wconf 79' lang='grc'><strong>,</strong></span> <span class='ocrx_word' id='word_1_162' title='bbox 3569 1528 3844 1585; x_wconf 58' lang='grc' dir='ltr'>Θεατόκιον.</span> 
     </span>
    </p>
   </div>
   <div class='ocr_carea' id='block_1_30' title="bbox 2315 1606 3849 1693">
    <p class='ocr_par' dir='ltr' id='par_1_30' title="bbox 2315 1606 3849 1693">
     <span class='ocr_line' id='line_1_30' title="bbox 2315 1606 3849 1693; baseline 0.005 -31"><span class='ocrx_word' id='word_1_163' title='bbox 2315 1606 2481 1663; x_wconf 77' lang='grc' dir='ltr'>Φύσιν</span> <span class='ocrx_word' id='word_1_164' title='bbox 2536 1607 2736 1684; x_wconf 79' lang='grc' dir='ltr'>ἁπλῆν,</span> <span class='ocrx_word' id='word_1_165' title='bbox 2794 1610 3180 1691; x_wconf 75' lang='grc' dir='ltr'>ἀνασχομένην</span> <span class='ocrx_word' id='word_1_166' title='bbox 3240 1611 3531 1679; x_wconf 81' lang='grc' dir='ltr'>συνθέσεως</span> <span class='ocrx_word' id='word_1_167' title='bbox 3614 1622 3697 1674; x_wconf 83' lang='grc' dir='ltr'><strong>καὶ</strong></span> <span class='ocrx_word' id='word_1_168' title='bbox 3760 1637 3849 1693; x_wconf 58' lang='grc' dir='ltr'>σαι</span> 
     </span>
    </p>
   </div>
   <div class='ocr_carea' id='block_1_31' title="bbox 509 1695 2145 1784">
    <p class='ocr_par' dir='ltr' id='par_1_31' title="bbox 509 1695 2145 1783">
     <span class='ocr_line' id='line_1_31' title="bbox 509 1695 2145 1783; baseline -0.004 -19"><span class='ocrx_word' id='word_1_169' title='bbox 509 1710 568 1764; x_wconf 89' lang='lat' dir='ltr'><strong>et</strong></span> <span class='ocrx_word' id='word_1_170' title='bbox 591 1698 1005 1783; x_wconf 87' lang='lat' dir='ltr'><strong>perfectiorem</strong></span> <span class='ocrx_word' id='word_1_171' title='bbox 1035 1716 1210 1779; x_wconf 89' lang='lat' dir='ltr'><strong>quam</strong></span> <span class='ocrx_word' id='word_1_172' title='bbox 1243 1704 1305 1757; x_wconf 89' lang='lat' dir='ltr'><strong>ut</strong></span> <span class='ocrx_word' id='word_1_173' title='bbox 1335 1695 1755 1770; x_wconf 88' lang='lat' dir='ltr'><strong>confundatur,</strong></span> <span class='ocrx_word' id='word_1_174' title='bbox 1789 1696 1851 1757; x_wconf 91' lang='lat' dir='ltr'><strong>ln</strong></span> <span class='ocrx_word' id='word_1_175' title='bbox 1886 1698 2145 1769; x_wconf 81' lang='lat' dir='ltr'><strong>tuo,Do-</strong></span> 
     </span>
    </p>
   </div>
   <div class='ocr_carea' id='block_1_32' title="bbox 2249 1695 3847 1784">
    <p class='ocr_par' dir='ltr' id='par_1_32' title="bbox 2249 1696 3847 1784">
     <span class='ocr_line' id='line_1_32' title="bbox 2249 1696 3847 1784; baseline 0.006 -34"><span class='ocrx_word' id='word_1_176' title='bbox 2249 1696 2417 1752; x_wconf 65' lang='grc' dir='ltr'>θεῖσαν</span> <span class='ocrx_word' id='word_1_177' title='bbox 2448 1699 2717 1776; x_wconf 83' lang='grc' dir='ltr'>κρείντονα</span> <span class='ocrx_word' id='word_1_178' title='bbox 2748 1700 3091 1782; x_wconf 83' lang='grc' dir='ltr'>συγχύσεως,</span> <span class='ocrx_word' id='word_1_179' title='bbox 3146 1701 3233 1758; x_wconf 76' lang='grc' dir='ltr'>ἐπὶ</span> <span class='ocrx_word' id='word_1_180' title='bbox 3263 1709 3353 1760; x_wconf 86' lang='grc' dir='ltr'><strong>τοῦ</strong></span> <span class='ocrx_word' id='word_1_181' title='bbox 3413 1712 3529 1784; x_wconf 89' lang='grc' dir='ltr'>σοῦ,</span> <span class='ocrx_word' id='word_1_182' title='bbox 3596 1706 3847 1776; x_wconf 80' lang='grc' dir='ltr'>Δέσποινα,</span> 
     </span>
    </p>
   </div>
   <div class='ocr_carea' id='block_1_33' title="bbox 506 1784 2144 1867">
    <p class='ocr_par' dir='ltr' id='par_1_33' title="bbox 506 1784 2144 1867">
     <span class='ocr_line' id='line_1_33' title="bbox 506 1784 2144 1867; baseline -0.004 -14"><span class='ocrx_word' id='word_1_183' title='bbox 506 1791 688 1867; x_wconf 89' lang='lat' dir='ltr'><strong>mina,</strong></span> <span class='ocrx_word' id='word_1_184' title='bbox 720 1789 869 1853; x_wconf 92' lang='lat' dir='ltr'><strong>Filio</strong></span> <span class='ocrx_word' id='word_1_185' title='bbox 900 1796 1021 1850; x_wconf 89' lang='lat' dir='ltr'><strong>tres</strong></span> <span class='ocrx_word' id='word_1_186' title='bbox 1046 1786 1131 1847; x_wconf 90' lang='lat' dir='ltr'><strong>illi</strong></span> <span class='ocrx_word' id='word_1_187' title='bbox 1161 1784 1345 1847; x_wconf 82' lang='lat' dir='ltr'><strong>divini</strong></span> <span class='ocrx_word' id='word_1_188' title='bbox 1366 1784 1645 1847; x_wconf 86' lang='lat' dir='ltr'><strong>doctores</strong></span> <span class='ocrx_word' id='word_1_189' title='bbox 1675 1785 1929 1847; x_wconf 82' lang='lat' dir='ltr'><strong>confessi</strong></span> <span class='ocrx_word' id='word_1_190' title='bbox 1963 1794 2102 1848; x_wconf 93' lang='lat' dir='ltr'><strong>sunt</strong></span> <span class='ocrx_word' id='word_1_191' title='bbox 2128 1806 2144 1863; x_wconf 89' lang='lat'><strong>;</strong></span> 
     </span>
    </p>
   </div>
   <div class='ocr_carea' id='block_1_34' title="bbox 504 1873 2141 1955">
    <p class='ocr_par' dir='ltr' id='par_1_34' title="bbox 504 1873 2141 1955">
     <span class='ocr_line' id='line_1_34' title="bbox 504 1873 2141 1955; baseline -0.004 -11"><span class='ocrx_word' id='word_1_192' title='bbox 504 1881 568 1944; x_wconf 90' lang='lat' dir='ltr'><strong>in</strong></span> <span class='ocrx_word' id='word_1_193' title='bbox 610 1879 844 1943; x_wconf 91' lang='lat' dir='ltr'><strong>duabus</strong></span> <span class='ocrx_word' id='word_1_194' title='bbox 902 1874 1303 1938; x_wconf 83' lang='lat' dir='ltr'><strong>voluntatibus</strong></span> <span class='ocrx_word' id='word_1_195' title='bbox 1362 1883 1422 1936; x_wconf 89' lang='lat' dir='ltr'><strong>et</strong></span> <span class='ocrx_word' id='word_1_196' title='bbox 1489 1873 1713 1955; x_wconf 88' lang='lat' dir='ltr'><strong>duplici</strong></span> <span class='ocrx_word' id='word_1_197' title='bbox 1769 1875 2141 1954; x_wconf 89' lang='lat' dir='ltr'><strong>operatione,</strong></span> 
     </span>
    </p>
   </div>
   <div class='ocr_carea' id='block_1_35' title="bbox 502 1965 2141 2052">
    <p class='ocr_par' dir='ltr' id='par_1_35' title="bbox 502 1965 2141 2052">
     <span class='ocr_line' id='line_1_35' title="bbox 502 1965 2141 2052; baseline -0.002 -20"><span class='ocrx_word' id='word_1_198' title='bbox 502 1968 799 2052; x_wconf 89' lang='lat' dir='ltr'><strong>duplicem</strong></span> <span class='ocrx_word' id='word_1_199' title='bbox 832 1966 1003 2029; x_wconf 90' lang='lat' dir='ltr'><strong>illum</strong></span> <span class='ocrx_word' id='word_1_200' title='bbox 1027 1965 1356 2028; x_wconf 88' lang='lat' dir='ltr'><strong>secundum</strong></span> <span class='ocrx_word' id='word_1_201' title='bbox 1404 1974 1671 2026; x_wconf 90' lang='lat' dir='ltr'><strong>naturam</strong></span> <span class='ocrx_word' id='word_1_202' title='bbox 1728 1974 2141 2044; x_wconf 82' lang='lat' dir='ltr'><strong>agnoscentes.</strong></span> 
     </span>
    </p>
   </div>
   <div class='ocr_carea' id='block_1_36' title="bbox 504 2057 833 2123">
    <p class='ocr_par' dir='ltr' id='par_1_36' title="bbox 504 2057 833 2123">
     <span class='ocr_line' id='line_1_36' title="bbox 504 2057 833 2123; baseline -0.015 0"><span class='ocrx_word' id='word_1_203' title='bbox 504 2057 833 2123; x_wconf 82' lang='lat' dir='ltr'><strong>Catabasia.</strong></span> 
     </span>
    </p>
   </div>
   <div class='ocr_carea' id='block_1_37' title="bbox 583 2143 2143 2227">
    <p class='ocr_par' dir='ltr' id='par_1_37' title="bbox 583 2143 2143 2227">
     <span class='ocr_line' id='line_1_37' title="bbox 583 2143 2143 2227; baseline -0.004 -16"><span class='ocrx_word' id='word_1_204' title='bbox 583 2151 784 2213; x_wconf 88' lang='lat' dir='ltr'><strong>Virtus</strong></span> <span class='ocrx_word' id='word_1_205' title='bbox 816 2158 934 2224; x_wconf 89' lang='lat' dir='ltr'><strong>tua,</strong></span> <span class='ocrx_word' id='word_1_206' title='bbox 983 2147 1237 2227; x_wconf 86' lang='lat' dir='ltr'><strong>Christe,</strong></span> <span class='ocrx_word' id='word_1_207' title='bbox 1271 2144 1517 2207; x_wconf 83' lang='lat' dir='ltr'><strong>obduxit</strong></span> <span class='ocrx_word' id='word_1_208' title='bbox 1545 2146 1727 2207; x_wconf 70' lang='lat' dir='ltr'><strong>ccelos</strong></span> <span class='ocrx_word' id='word_1_209' title='bbox 1759 2165 1773 2206; x_wconf 88' lang='lat'>:</span> <span class='ocrx_word' id='word_1_210' title='bbox 1814 2143 2143 2225; x_wconf 86' lang='lat' dir='ltr'><strong>procedens</strong></span> 
     </span>
    </p>
   </div>
   <div class='ocr_carea' id='block_1_38' title="bbox 506 2235 2145 2314">
    <p class='ocr_par' dir='ltr' id='par_1_38' title="bbox 506 2235 2145 2314">
     <span class='ocr_line' id='line_1_38' title="bbox 506 2235 2145 2314; baseline -0.004 -12"><span class='ocrx_word' id='word_1_211' title='bbox 506 2241 665 2302; x_wconf 90' lang='lat' dir='ltr'><strong>enim</strong></span> <span class='ocrx_word' id='word_1_212' title='bbox 701 2259 773 2302; x_wconf 83' lang='lat' dir='ltr'><strong>ex</strong></span> <span class='ocrx_word' id='word_1_213' title='bbox 816 2256 956 2301; x_wconf 89' lang='lat' dir='ltr'><strong>arca</strong></span> <span class='ocrx_word' id='word_1_214' title='bbox 986 2235 1472 2299; x_wconf 82' lang='lat' dir='ltr'><strong>sanctificatiOnis</strong></span> <span class='ocrx_word' id='word_1_215' title='bbox 1503 2244 1618 2297; x_wconf 64' lang='lat' dir='ltr'><strong>tua:</strong></span> <span class='ocrx_word' id='word_1_216' title='bbox 1644 2238 2005 2314; x_wconf 67' lang='lat' dir='ltr'><strong>incorruptae</strong></span> <span class='ocrx_word' id='word_1_217' title='bbox 2025 2236 2145 2297; x_wconf 88' lang='lat' dir='ltr'><strong>Ma-</strong></span> 
     </span>
    </p>
   </div>
   <div class='ocr_carea' id='block_1_39' title="bbox 503 2324 2144 2408">
    <p class='ocr_par' dir='ltr' id='par_1_39' title="bbox 503 2324 2144 2408">
     <span class='ocr_line' id='line_1_39' title="bbox 503 2324 2144 2408; baseline -0.004 -17"><span class='ocrx_word' id='word_1_218' title='bbox 503 2330 703 2405; x_wconf 90' lang='lat' dir='ltr'><strong>tris,in</strong></span> <span class='ocrx_word' id='word_1_219' title='bbox 732 2327 1189 2408; x_wconf 63' lang='lat' dir='ltr'><strong>templogloriaa</strong></span> <span class='ocrx_word' id='word_1_220' title='bbox 1202 2332 1320 2389; x_wconf 69' lang='lat' dir='ltr'><strong>tuae</strong></span> <span class='ocrx_word' id='word_1_221' title='bbox 1350 2324 1511 2386; x_wconf 85' lang='lat' dir='ltr'><strong>visus</strong></span> <span class='ocrx_word' id='word_1_222' title='bbox 1533 2343 1596 2387; x_wconf 89' lang='lat' dir='ltr'><strong>es</strong></span> <span class='ocrx_word' id='word_1_223' title='bbox 1657 2332 1722 2385; x_wconf 91' lang='lat' dir='ltr'><strong>ut</strong></span> <span class='ocrx_word' id='word_1_224' title='bbox 1744 2324 1937 2385; x_wconf 80' lang='lat' dir='ltr'><strong>infans</strong></span> <span class='ocrx_word' id='word_1_225' title='bbox 1958 2334 2144 2403; x_wconf 88' lang='lat' dir='ltr'><strong>gesta-</strong></span> 
     </span>
    </p>
   </div>
   <div class='ocr_carea' id='block_1_40' title="bbox 502 2414 1913 2498">
    <p class='ocr_par' dir='ltr' id='par_1_40' title="bbox 502 2414 1913 2498">
     <span class='ocr_line' id='line_1_40' title="bbox 502 2414 1913 2498; baseline -0.004 -17"><span class='ocrx_word' id='word_1_226' title='bbox 502 2428 599 2482; x_wconf 90' lang='lat' dir='ltr'><strong>tus</strong></span> <span class='ocrx_word' id='word_1_227' title='bbox 628 2418 809 2494; x_wconf 89' lang='lat' dir='ltr'><strong>ulnis,</strong></span> <span class='ocrx_word' id='word_1_228' title='bbox 844 2425 907 2480; x_wconf 90' lang='lat' dir='ltr'><strong>et</strong></span> <span class='ocrx_word' id='word_1_229' title='bbox 924 2416 1126 2479; x_wconf 87' lang='lat' dir='ltr'><strong>omnia</strong></span> <span class='ocrx_word' id='word_1_230' title='bbox 1162 2415 1403 2498; x_wconf 85' lang='lat' dir='ltr'><strong>impleta</strong></span> <span class='ocrx_word' id='word_1_231' title='bbox 1429 2424 1567 2477; x_wconf 89' lang='lat' dir='ltr'><strong>sunt</strong></span> <span class='ocrx_word' id='word_1_232' title='bbox 1594 2414 1767 2477; x_wconf 84' lang='lat' dir='ltr'><strong>laude</strong></span> <span class='ocrx_word' id='word_1_233' title='bbox 1794 2422 1913 2476; x_wconf 90' lang='lat' dir='ltr'><strong>tua.</strong></span> 
     </span>
    </p>
   </div>
   <div class='ocr_carea' id='block_1_41' title="bbox 1060 2591 1593 2659">
    <p class='ocr_par' dir='ltr' id='par_1_41' title="bbox 1060 2591 1593 2659">
     <span class='ocr_line' id='line_1_41' title="bbox 1060 2591 1593 2659; baseline 0.004 -4"><span class='ocrx_word' id='word_1_234' title='bbox 1060 2594 1212 2659; x_wconf 88' lang='lat' dir='ltr'><strong>ODE</strong></span> <span class='ocrx_word' id='word_1_235' title='bbox 1237 2598 1296 2658; x_wconf 87' lang='lat'><strong>5.</strong></span> <span class='ocrx_word' id='word_1_236' title='bbox 1328 2591 1593 2657; x_wconf 89' lang='lat' dir='ltr'><strong>Hirmns.</strong></span> 
     </span>
    </p>
   </div>
   <div class='ocr_carea' id='block_1_42' title="bbox 583 2683 2137 2766">
    <p class='ocr_par' dir='ltr' id='par_1_42' title="bbox 583 2683 2137 2766">
     <span class='ocr_line' id='line_1_42' title="bbox 583 2683 2137 2766; baseline -0.001 -17"><span class='ocrx_word' id='word_1_237' title='bbox 583 2689 720 2752; x_wconf 82' lang='grc'><strong>181.</strong></span> <span class='ocrx_word' id='word_1_238' title='bbox 774 2686 1044 2751; x_wconf 88' lang='lat' dir='ltr'><strong>Luminis</strong></span> <span class='ocrx_word' id='word_1_239' title='bbox 1097 2684 1340 2766; x_wconf 82' lang='lat' dir='ltr'><strong>largitor</strong></span> <span class='ocrx_word' id='word_1_240' title='bbox 1396 2692 1456 2747; x_wconf 90' lang='lat' dir='ltr'><strong>et</strong></span> <span class='ocrx_word' id='word_1_241' title='bbox 1520 2694 1855 2765; x_wconf 90' lang='lat' dir='ltr'><strong>temporum</strong></span> <span class='ocrx_word' id='word_1_242' title='bbox 1916 2683 2137 2766; x_wconf 82' lang='lat' dir='ltr'><strong>opifex,</strong></span> 
     </span>
    </p>
   </div>
   <div class='ocr_carea' id='block_1_43' title="bbox 507 2774 2147 2854">
    <p class='ocr_par' dir='ltr' id='par_1_43' title="bbox 507 2774 2147 2854">
     <span class='ocr_line' id='line_1_43' title="bbox 507 2774 2147 2854; baseline -0.003 -13"><span class='ocrx_word' id='word_1_243' title='bbox 507 2776 786 2852; x_wconf 89' lang='lat' dir='ltr'><strong>Domine,</strong></span> <span class='ocrx_word' id='word_1_244' title='bbox 820 2777 881 2840; x_wconf 91' lang='lat' dir='ltr'><strong>in</strong></span> <span class='ocrx_word' id='word_1_245' title='bbox 903 2776 1129 2838; x_wconf 90' lang='lat' dir='ltr'><strong>lumine</strong></span> <span class='ocrx_word' id='word_1_246' title='bbox 1181 2775 1596 2837; x_wconf 88' lang='lat' dir='ltr'><strong>mandatorum</strong></span> <span class='ocrx_word' id='word_1_247' title='bbox 1664 2786 1898 2835; x_wconf 88' lang='lat' dir='ltr'><strong>tuorum</strong></span> <span class='ocrx_word' id='word_1_248' title='bbox 1956 2774 2147 2854; x_wconf 81' lang='lat' dir='ltr'><strong>dirige</strong></span> 
     </span>
    </p>
   </div>
   <div class='ocr_carea' id='block_1_44' title="bbox 500 2863 2147 2942">
    <p class='ocr_par' dir='ltr' id='par_1_44' title="bbox 500 2863 2147 2942">
     <span class='ocr_line' id='line_1_44' title="bbox 500 2863 2147 2942; baseline -0.002 -13"><span class='ocrx_word' id='word_1_249' title='bbox 500 2885 610 2929; x_wconf 91' lang='lat' dir='ltr'><strong>nos</strong></span> <span class='ocrx_word' id='word_1_250' title='bbox 643 2888 662 2929; x_wconf 89' lang='lat'><strong><em>:</em></strong></span> <span class='ocrx_word' id='word_1_251' title='bbox 695 2875 858 2931; x_wconf 78' lang='lat' dir='ltr'><strong>extra</strong></span> <span class='ocrx_word' id='word_1_252' title='bbox 884 2875 941 2929; x_wconf 89' lang='lat' dir='ltr'><strong>te</strong></span> <span class='ocrx_word' id='word_1_253' title='bbox 987 2865 1145 2927; x_wconf 89' lang='lat' dir='ltr'><strong>enim</strong></span> <span class='ocrx_word' id='word_1_254' title='bbox 1178 2867 1359 2927; x_wconf 90' lang='lat' dir='ltr'><strong>alium</strong></span> <span class='ocrx_word' id='word_1_255' title='bbox 1419 2864 1608 2927; x_wconf 89' lang='lat' dir='ltr'><strong>Deum</strong></span> <span class='ocrx_word' id='word_1_256' title='bbox 1666 2882 1785 2925; x_wconf 91' lang='lat' dir='ltr'><strong>non</strong></span> <span class='ocrx_word' id='word_1_257' title='bbox 1830 2863 2147 2942; x_wconf 80' lang='lat' dir='ltr'><strong>cognosci-</strong></span> 
     </span>
    </p>
   </div>
   <div class='ocr_carea' id='block_1_45' title="bbox 499 2974 649 3018">
    <p class='ocr_par' dir='ltr' id='par_1_45' title="bbox 499 2974 649 3018">
     <span class='ocr_line' id='line_1_45' title="bbox 499 2974 649 3018; baseline 0.007 -1"><span class='ocrx_word' id='word_1_258' title='bbox 499 2974 649 3018; x_wconf 89' lang='lat' dir='ltr'><strong>mus.</strong></span> 
     </span>
    </p>
   </div>
   <div class='ocr_carea' id='block_1_46' title="bbox 576 3040 2202 3141">
    <p class='ocr_par' dir='ltr' id='par_1_46' title="bbox 576 3040 2202 3141">
     <span class='ocr_line' id='line_1_46' title="bbox 576 3040 2202 3141; baseline -0.002 -34"><span class='ocrx_word' id='word_1_259' title='bbox 576 3045 879 3141; x_wconf 77' lang='lat' dir='ltr'><strong>Habentes</strong></span> <span class='ocrx_word' id='word_1_260' title='bbox 908 3051 1290 3141; x_wconf 53' lang='lat' dir='ltr'><strong>armaturam</strong></span> <span class='ocrx_word' id='word_1_261' title='bbox 1340 3040 1861 3141; x_wconf 73' lang='lat' dir='ltr'><strong>inexpugnabilem</strong></span> <span class='ocrx_word' id='word_1_262' title='bbox 1937 3047 2145 3139; x_wconf 81' lang='lat' dir='ltr'><strong>contra</strong></span> <span class='ocrx_word' id='word_1_263' title='bbox 2158 3089 2202 3141; x_wconf 65' lang='grc' dir='ltr'>ο</span> 
     </span>
    </p>
   </div>
   <div class='ocr_carea' id='block_1_47' title="bbox 2233 1787 3854 1874">
    <p class='ocr_par' dir='ltr' id='par_1_47' title="bbox 2233 1787 3854 1874">
     <span class='ocr_line' id='line_1_47' title="bbox 2233 1787 3854 1874; baseline 0.004 -33"><span class='ocrx_word' id='word_1_264' title='bbox 2233 1787 2356 1874; x_wconf 63' lang='lat' dir='ltr'><strong>i‘ioﬁ</strong></span> <span class='ocrx_word' id='word_1_265' title='bbox 2392 1788 2438 1874; x_wconf 85' lang='grc' dir='ltr'>οἱ</span> <span class='ocrx_word' id='word_1_266' title='bbox 2495 1800 2640 1863; x_wconf 80' lang='grc' dir='ltr'>τρεῖς</span> <span class='ocrx_word' id='word_1_267' title='bbox 2689 1789 2933 1868; x_wconf 77' lang='grc' dir='ltr'>θεοφόροι</span> <span class='ocrx_word' id='word_1_268' title='bbox 2994 1788 3341 1867; x_wconf 86' lang='grc' dir='ltr'>δογματισταὶ</span> <span class='ocrx_word' id='word_1_269' title='bbox 3392 1792 3762 1874; x_wconf 77' lang='grc' dir='ltr'>ὡμολόγησαν,</span> <span class='ocrx_word' id='word_1_270' title='bbox 3805 1793 3854 1849; x_wconf 78' lang='grc' dir='ltr'>ὲκ</span> 
     </span>
    </p>
   </div>
   <div class='ocr_carea' id='block_1_48' title="bbox 2230 1872 3851 1959">
    <p class='ocr_par' dir='ltr' id='par_1_48' title="bbox 2230 1872 3851 1959">
     <span class='ocr_line' id='line_1_48' title="bbox 2230 1872 3851 1959; baseline 0.006 -30"><span class='ocrx_word' id='word_1_271' title='bbox 2230 1872 2319 1930; x_wconf 76' lang='grc' dir='ltr'><strong>δύο</strong></span> <span class='ocrx_word' id='word_1_272' title='bbox 2338 1873 2656 1951; x_wconf 79' lang='grc' dir='ltr'>θελημάτων</span> <span class='ocrx_word' id='word_1_273' title='bbox 2685 1880 2773 1934; x_wconf 90' lang='grc' dir='ltr'><strong>καὶ</strong></span> <span class='ocrx_word' id='word_1_274' title='bbox 2803 1876 2997 1947; x_wconf 64' lang='grc' dir='ltr'>διπλῆ)</span> <span class='ocrx_word' id='word_1_275' title='bbox 3028 1878 3291 1959; x_wconf 82' lang='grc' dir='ltr'>’ἐνεργείας</span> <span class='ocrx_word' id='word_1_276' title='bbox 3350 1882 3441 1938; x_wconf 84' lang='grc' dir='ltr'><strong>τὸν</strong></span> <span class='ocrx_word' id='word_1_277' title='bbox 3498 1880 3711 1941; x_wconf 83' lang='grc' dir='ltr'>διπλοῦν</span> <span class='ocrx_word' id='word_1_278' title='bbox 3749 1872 3851 1939; x_wconf 11' lang='grc' dir='ltr'>ἠκα-</span> 
     </span>
    </p>
   </div>
   <div class='ocr_carea' id='block_1_49' title="bbox 2227 1964 3849 2045">
    <p class='ocr_par' dir='ltr' id='par_1_49' title="bbox 2227 1964 3849 2045">
     <span class='ocr_line' id='line_1_49' title="bbox 2227 1964 3849 2045; baseline 0.004 -25"><span class='ocrx_word' id='word_1_279' title='bbox 2227 1964 2292 2021; x_wconf 77' lang='grc' dir='ltr'>τὰ</span> <span class='ocrx_word' id='word_1_280' title='bbox 2317 1965 2469 2044; x_wconf 75' lang='grc' dir='ltr'>φύσιν</span> <span class='ocrx_word' id='word_1_281' title='bbox 2500 1969 2877 2045; x_wconf 73' lang='grc' dir='ltr'>γνωρίσαντες,</span> <span class='ocrx_word' id='word_1_282' title='bbox 3552 1970 3849 2031; x_wconf 78' lang='grc' dir='ltr'>Καταϐασία.</span> 
     </span>
    </p>
   </div>
   <div class='ocr_carea' id='block_1_50' title="bbox 2307 2141 3852 2229">
    <p class='ocr_par' dir='ltr' id='par_1_50' title="bbox 2307 2141 3852 2229">
     <span class='ocr_line' id='line_1_50' title="bbox 2307 2141 3852 2229; baseline 0.008 -31"><span class='ocrx_word' id='word_1_283' title='bbox 2307 2141 2604 2219; x_wconf 79' lang='grc' dir='ltr'>Ἐκάλυψεν</span> <span class='ocrx_word' id='word_1_284' title='bbox 2671 2146 2916 2225; x_wconf 69' lang='grc' dir='ltr'>οὗρανοὺς</span> <span class='ocrx_word' id='word_1_285' title='bbox 2990 2150 3025 2218; x_wconf 72' lang='grc' dir='ltr'><strong>ἡ</strong></span> <span class='ocrx_word' id='word_1_286' title='bbox 3081 2147 3242 2227; x_wconf 79' lang='grc' dir='ltr'>ἀρετή</span> <span class='ocrx_word' id='word_1_287' title='bbox 3306 2170 3425 2223; x_wconf 87' lang='grc' dir='ltr'>σου,</span> <span class='ocrx_word' id='word_1_288' title='bbox 3481 2150 3688 2229; x_wconf 78' lang='grc' dir='ltr'>Χριστέ⁶</span> <span class='ocrx_word' id='word_1_289' title='bbox 3769 2154 3852 2215; x_wconf 78' lang='grc' dir='ltr'>τῆς</span> 
     </span>
    </p>
   </div>
   <div class='ocr_carea' id='block_1_51' title="bbox 2227 2229 3853 2315">
    <p class='ocr_par' dir='ltr' id='par_1_51' title="bbox 2227 2229 3853 2315">
     <span class='ocr_line' id='line_1_51' title="bbox 2227 2229 3853 2315; baseline 0.004 -27"><span class='ocrx_word' id='word_1_290' title='bbox 2227 2229 2454 2289; x_wconf 81' lang='grc' dir='ltr'>κιϐωτοῦ</span> <span class='ocrx_word' id='word_1_291' title='bbox 2508 2233 2608 2313; x_wconf 76' lang='grc' dir='ltr'>γὰρ</span> <span class='ocrx_word' id='word_1_292' title='bbox 2655 2233 2959 2313; x_wconf 80' lang='grc' dir='ltr'>προσελθὼν</span> <span class='ocrx_word' id='word_1_293' title='bbox 3049 2243 3142 2294; x_wconf 90' lang='grc' dir='ltr'><strong>τοῦ</strong></span> <span class='ocrx_word' id='word_1_294' title='bbox 3197 2237 3531 2315; x_wconf 76' lang='grc' dir='ltr'>ἇγιᾶσματὸς</span> <span class='ocrx_word' id='word_1_295' title='bbox 3616 2261 3706 2296; x_wconf 90' lang='grc' dir='ltr'><strong>σου</strong></span> <span class='ocrx_word' id='word_1_296' title='bbox 3771 2239 3853 2306; x_wconf 73' lang='grc' dir='ltr'>τῆς</span> 
     </span>
    </p>
   </div>
   <div class='ocr_carea' id='block_1_52' title="bbox 2227 2319 3852 2408">
    <p class='ocr_par' dir='ltr' id='par_1_52' title="bbox 2227 2319 3852 2408">
     <span class='ocr_line' id='line_1_52' title="bbox 2227 2319 3852 2408; baseline 0.005 -32"><span class='ocrx_word' id='word_1_297' title='bbox 2227 2319 2454 2402; x_wconf 77' lang='grc' dir='ltr'>ἀφθόροδ</span> <span class='ocrx_word' id='word_1_298' title='bbox 2484 2323 2722 2401; x_wconf 81' lang='grc' dir='ltr'>Μητρὸς,</span> <span class='ocrx_word' id='word_1_299' title='bbox 2758 2322 2814 2379; x_wconf 76' lang='grc' dir='ltr'>ἐν</span> <span class='ocrx_word' id='word_1_300' title='bbox 2846 2330 2921 2398; x_wconf 85' lang='grc' dir='ltr'><strong>τῷ</strong></span> <span class='ocrx_word' id='word_1_301' title='bbox 2953 2329 3063 2398; x_wconf 83' lang='grc' dir='ltr'>ναῷ</span> <span class='ocrx_word' id='word_1_302' title='bbox 3092 2324 3187 2393; x_wconf 77' lang='grc' dir='ltr'>τῆς</span> <span class='ocrx_word' id='word_1_303' title='bbox 3239 2324 3393 2393; x_wconf 82' lang='grc' dir='ltr'>δόξης</span> <span class='ocrx_word' id='word_1_304' title='bbox 3426 2348 3518 2384; x_wconf 82' lang='grc' dir='ltr'><strong>σου</strong></span> <span class='ocrx_word' id='word_1_305' title='bbox 3581 2325 3747 2408; x_wconf 74' lang='grc' dir='ltr'>ὤφθης</span> <span class='ocrx_word' id='word_1_306' title='bbox 3789 2329 3852 2390; x_wconf 79' lang='grc' dir='ltr'>ὡς</span> 
     </span>
    </p>
   </div>
   <div class='ocr_carea' id='block_1_53' title="bbox 2229 2410 3851 2495">
    <p class='ocr_par' dir='ltr' id='par_1_53' title="bbox 2229 2410 3851 2495">
     <span class='ocr_line' id='line_1_53' title="bbox 2229 2410 3851 2495; baseline 0.004 -29"><span class='ocrx_word' id='word_1_307' title='bbox 2229 2410 2422 2492; x_wconf 74' lang='grc' dir='ltr'>βρέφος</span> <span class='ocrx_word' id='word_1_308' title='bbox 2468 2410 3024 2493; x_wconf 73' lang='grc' dir='ltr'>ἀγκαλοφοροόμενος,</span> <span class='ocrx_word' id='word_1_309' title='bbox 3089 2416 3176 2471; x_wconf 86' lang='grc' dir='ltr'>καὶ</span> <span class='ocrx_word' id='word_1_310' title='bbox 3247 2414 3535 2495; x_wconf 79' lang='grc' dir='ltr'>ἐπληρώθη</span> <span class='ocrx_word' id='word_1_311' title='bbox 3591 2416 3653 2474; x_wconf 78' lang='grc' dir='ltr'><strong>τὰ</strong></span> <span class='ocrx_word' id='word_1_312' title='bbox 3706 2416 3851 2473; x_wconf 67' lang='grc' dir='ltr'>πάντα</span> 
     </span>
    </p>
   </div>
   <div class='ocr_carea' id='block_1_54' title="bbox 2229 2501 2773 2568">
    <p class='ocr_par' dir='ltr' id='par_1_54' title="bbox 2229 2501 2773 2568">
     <span class='ocr_line' id='line_1_54' title="bbox 2229 2501 2773 2568; baseline 0.004 -12"><span class='ocrx_word' id='word_1_313' title='bbox 2229 2504 2326 2568; x_wconf 75' lang='grc' dir='ltr'><strong>τῆς</strong></span> <span class='ocrx_word' id='word_1_314' title='bbox 2354 2505 2454 2567; x_wconf 80' lang='grc' dir='ltr'><strong>σῆς</strong></span> <span class='ocrx_word' id='word_1_315' title='bbox 2499 2501 2773 2567; x_wconf 80' lang='grc' dir='ltr'>αἰνέσεως,</span> 
     </span>
    </p>
   </div>
   <div class='ocr_carea' id='block_1_55' title="bbox 2769 2591 3333 2672">
    <p class='ocr_par' dir='ltr' id='par_1_55' title="bbox 2769 2591 3333 2672">
     <span class='ocr_line' id='line_1_55' title="bbox 2769 2591 3333 2672; baseline 0.007 -25"><span class='ocrx_word' id='word_1_316' title='bbox 2769 2597 2909 2672; x_wconf 77' lang='grc' dir='ltr'><strong>ῼΔΗ</strong></span> <span class='ocrx_word' id='word_1_317' title='bbox 2941 2591 3016 2656; x_wconf 84' lang='grc' dir='ltr'>ε’,</span> <span class='ocrx_word' id='word_1_318' title='bbox 3064 2591 3125 2651; x_wconf 86' lang='grc' dir='ltr'>Ὀ</span> <span class='ocrx_word' id='word_1_319' title='bbox 3149 2594 3333 2671; x_wconf 76' lang='grc' dir='ltr'>εἱρμός</span> 
     </span>
    </p>
   </div>
   <div class='ocr_carea' id='block_1_56' title="bbox 2310 2680 3849 2762">
    <p class='ocr_par' dir='ltr' id='par_1_56' title="bbox 2310 2680 3849 2762">
     <span class='ocr_line' id='line_1_56' title="bbox 2310 2680 3849 2762; baseline 0.002 -24"><span class='ocrx_word' id='word_1_320' title='bbox 2310 2680 2369 2738; x_wconf 84' lang='grc' dir='ltr'>Ὀ</span> <span class='ocrx_word' id='word_1_321' title='bbox 2427 2688 2520 2739; x_wconf 91' lang='grc' dir='ltr'><strong>τοῦ</strong></span> <span class='ocrx_word' id='word_1_322' title='bbox 2589 2682 2765 2762; x_wconf 76' lang='grc' dir='ltr'>φωτὸς</span> <span class='ocrx_word' id='word_1_323' title='bbox 2825 2683 3093 2762; x_wconf 81' lang='grc' dir='ltr'>χορηγὸς,</span> <span class='ocrx_word' id='word_1_324' title='bbox 3153 2685 3239 2740; x_wconf 75' lang='grc' dir='ltr'><strong>καὶ</strong></span> <span class='ocrx_word' id='word_1_325' title='bbox 3294 2684 3401 2741; x_wconf 80' lang='grc' dir='ltr'><strong>τῶν</strong></span> <span class='ocrx_word' id='word_1_326' title='bbox 3473 2686 3679 2742; x_wconf 75' lang='grc' dir='ltr'>αἰώνων</span> <span class='ocrx_word' id='word_1_327' title='bbox 3740 2709 3849 2744; x_wconf 82' lang='grc' dir='ltr'>ποι-</span> 
     </span>
    </p>
   </div>
   <div class='ocr_carea' id='block_1_57' title="bbox 2226 2768 3852 2858">
    <p class='ocr_par' dir='ltr' id='par_1_57' title="bbox 2226 2768 3852 2858">
     <span class='ocr_line' id='line_1_57' title="bbox 2226 2768 3852 2858; baseline -0.001 -29"><span class='ocrx_word' id='word_1_328' title='bbox 2226 2771 2391 2858; x_wconf 75' lang='grc' dir='ltr'>ητὴς,</span> <span class='ocrx_word' id='word_1_329' title='bbox 2428 2768 2601 2849; x_wconf 66' lang='grc' dir='ltr'>Κύριε,</span> <span class='ocrx_word' id='word_1_330' title='bbox 2664 2769 2718 2826; x_wconf 76' lang='grc' dir='ltr'>ἐν</span> <span class='ocrx_word' id='word_1_331' title='bbox 2788 2776 2865 2844; x_wconf 81' lang='grc' dir='ltr'>τῷ</span> <span class='ocrx_word' id='word_1_332' title='bbox 2920 2773 3055 2853; x_wconf 67' lang='grc' dir='ltr'>φωτὶ</span> <span class='ocrx_word' id='word_1_333' title='bbox 3103 2778 3208 2829; x_wconf 84' lang='grc' dir='ltr'><strong>τῶν</strong></span> <span class='ocrx_word' id='word_1_334' title='bbox 3278 2781 3385 2831; x_wconf 71' lang='grc' dir='ltr'>σῶν</span> <span class='ocrx_word' id='word_1_335' title='bbox 3420 2779 3852 2858; x_wconf 70' lang='grc' dir='ltr'>’προσταγμάων</span> 
     </span>
    </p>
   </div>
   <div class='ocr_carea' id='block_1_58' title="bbox 2226 2857 3842 2946">
    <p class='ocr_par' dir='ltr' id='par_1_58' title="bbox 2226 2857 3842 2946">
     <span class='ocr_line' id='line_1_58' title="bbox 2226 2857 3842 2946; baseline 0.002 -30"><span class='ocrx_word' id='word_1_336' title='bbox 2226 2857 2495 2938; x_wconf 73' lang='grc' dir='ltr'>ὁδτίγησον</span> <span class='ocrx_word' id='word_1_337' title='bbox 2522 2861 2680 2927; x_wconf 45' lang='lat' dir='ltr'><strong>may</strong></span> <span class='ocrx_word' id='word_1_338' title='bbox 2714 2861 2867 2927; x_wconf 65' lang='grc' dir='ltr'>ἓκτὸς</span> <span class='ocrx_word' id='word_1_339' title='bbox 2899 2868 2996 2919; x_wconf 90' lang='grc' dir='ltr'><strong>σοῦ</strong></span> <span class='ocrx_word' id='word_1_340' title='bbox 3027 2862 3131 2941; x_wconf 78' lang='grc' dir='ltr'><strong>γὰρ</strong></span> <span class='ocrx_word' id='word_1_341' title='bbox 3192 2860 3351 2921; x_wconf 75' lang='grc' dir='ltr'>ἄλλον</span> <span class='ocrx_word' id='word_1_342' title='bbox 3400 2865 3534 2921; x_wconf 81' lang='grc' dir='ltr'>Θεὸν</span> <span class='ocrx_word' id='word_1_343' title='bbox 3611 2871 3667 2926; x_wconf 79' lang='grc' dir='ltr'>οὗ</span> <span class='ocrx_word' id='word_1_344' title='bbox 3708 2865 3842 2946; x_wconf 78' lang='grc' dir='ltr'>γινώ-</span> 
     </span>
    </p>
   </div>
   <div class='ocr_carea' id='block_1_59' title="bbox 2228 2971 2454 3025">
    <p class='ocr_par' dir='ltr' id='par_1_59' title="bbox 2228 2971 2454 3025">
     <span class='ocr_line' id='line_1_59' title="bbox 2228 2971 2454 3025; baseline -0.004 -18"><span class='ocrx_word' id='word_1_345' title='bbox 2228 2971 2454 3025; x_wconf 85' lang='grc' dir='ltr'>σκομεν,</span> 
     </span>
    </p>
   </div>
   <div class='ocr_carea' id='block_1_60' title="bbox 2305 3038 3851 3127">
    <p class='ocr_par' dir='ltr' id='par_1_60' title="bbox 2305 3038 3851 3127">
     <span class='ocr_line' id='line_1_60' title="bbox 2305 3038 3851 3127; baseline 0 -28"><span class='ocrx_word' id='word_1_346' title='bbox 2305 3038 2525 3099; x_wconf 80' lang='grc' dir='ltr'>’Ὄπλον</span> <span class='ocrx_word' id='word_1_347' title='bbox 2548 3039 2817 3111; x_wconf 82' lang='grc' dir='ltr'>ἀήττητον</span> <span class='ocrx_word' id='word_1_348' title='bbox 2847 3040 2983 3101; x_wconf 82' lang='grc' dir='ltr'>κατᾶ</span> <span class='ocrx_word' id='word_1_349' title='bbox 3036 3041 3291 3099; x_wconf 77' lang='grc' dir='ltr'>ποικίλων</span> <span class='ocrx_word' id='word_1_350' title='bbox 3346 3054 3665 3123; x_wconf 80' lang='grc' dir='ltr'>πειρασμῶν</span> <span class='ocrx_word' id='word_1_351' title='bbox 3709 3046 3851 3127; x_wconf 76' lang='grc' dir='ltr'><strong>’έχον-</strong></span> 
     </span>
    </p>
   </div>
   <div class='ocr_carea' id='block_1_61' title="bbox 498 3128 2145 3215">
    <p class='ocr_par' dir='ltr' id='par_1_61' title="bbox 498 3128 2141 3210">
     <span class='ocr_line' id='line_1_61' title="bbox 498 3128 2141 3210; baseline -0.001 -15"><span class='ocrx_word' id='word_1_352' title='bbox 498 3134 857 3196; x_wconf 90' lang='lat' dir='ltr'><strong>tentationes</strong></span> <span class='ocrx_word' id='word_1_353' title='bbox 889 3132 1103 3196; x_wconf 88' lang='lat' dir='ltr'><strong>diversi</strong></span> <span class='ocrx_word' id='word_1_354' title='bbox 1160 3131 1422 3210; x_wconf 85' lang='lat' dir='ltr'><strong>generis,</strong></span> <span class='ocrx_word' id='word_1_355' title='bbox 1455 3130 1620 3191; x_wconf 89' lang='lat' dir='ltr'><strong>omni</strong></span> <span class='ocrx_word' id='word_1_356' title='bbox 1668 3128 2141 3193; x_wconf 83' lang='lat' dir='ltr'><strong>adversariorum</strong></span> 
     </span>
    </p>
   </div>
   <div class='ocr_carea' id='block_1_62' title="bbox 2249 3128 3849 3215">
    <p class='ocr_par' dir='ltr' id='par_1_62' title="bbox 2249 3128 3849 3215">
     <span class='ocr_line' id='line_1_62' title="bbox 2249 3128 3849 3215; baseline 0.003 -29"><span class='ocrx_word' id='word_1_357' title='bbox 2249 3150 2311 3196; x_wconf 75' lang='grc' dir='ltr'>τες</span> <span class='ocrx_word' id='word_1_358' title='bbox 2368 3136 2473 3186; x_wconf 85' lang='grc' dir='ltr'><strong>τῶν</strong></span> <span class='ocrx_word' id='word_1_359' title='bbox 2532 3128 2800 3206; x_wconf 65' lang='grc' dir='ltr'>δυσμενῶν</span> <span class='ocrx_word' id='word_1_360' title='bbox 2852 3128 3026 3197; x_wconf 70' lang='grc' dir='ltr'>πάσης</span> <span class='ocrx_word' id='word_1_361' title='bbox 3082 3130 3333 3211; x_wconf 75' lang='grc' dir='ltr'>ἐπηρείας</span> <span class='ocrx_word' id='word_1_362' title='bbox 3389 3132 3712 3215; x_wconf 72' lang='grc' dir='ltr'>λυτροόμεθα</span> <span class='ocrx_word' id='word_1_363' title='bbox 3763 3135 3849 3209; x_wconf 75' lang='grc' dir='ltr'>ἀεὶ,</span> 
     </span>
    </p>
   </div>
   <div class='ocr_carea' id='block_1_63' title="bbox 497 3216 2138 3303">
    <p class='ocr_par' dir='ltr' id='par_1_63' title="bbox 497 3216 2138 3303">
     <span class='ocr_line' id='line_1_63' title="bbox 497 3216 2138 3303; baseline 0 -20"><span class='ocrx_word' id='word_1_364' title='bbox 497 3221 880 3303; x_wconf 89' lang='lat' dir='ltr'><strong>improbitate</strong></span> <span class='ocrx_word' id='word_1_365' title='bbox 903 3239 1143 3302; x_wconf 88' lang='lat' dir='ltr'><strong>semper</strong></span> <span class='ocrx_word' id='word_1_366' title='bbox 1172 3220 1546 3303; x_wconf 90' lang='lat' dir='ltr'><strong>expedimur,</strong></span> <span class='ocrx_word' id='word_1_367' title='bbox 1573 3219 1675 3301; x_wconf 90' lang='lat' dir='ltr'><strong>qui</strong></span> <span class='ocrx_word' id='word_1_368' title='bbox 1708 3226 1764 3280; x_wconf 91' lang='lat' dir='ltr'><strong>te</strong></span> <span class='ocrx_word' id='word_1_369' title='bbox 1795 3216 1901 3280; x_wconf 89' lang='lat' dir='ltr'><strong>Dei</strong></span> <span class='ocrx_word' id='word_1_370' title='bbox 1952 3217 2138 3283; x_wconf 89' lang='lat' dir='ltr'><strong>Geni-</strong></span> 
     </span>
    </p>
   </div>
   <div class='ocr_carea' id='block_1_64' title="bbox 498 3308 1619 3373">
    <p class='ocr_par' dir='ltr' id='par_1_64' title="bbox 498 3308 1619 3373">
     <span class='ocr_line' id='line_1_64' title="bbox 498 3308 1619 3373; baseline -0.003 -1"><span class='ocrx_word' id='word_1_371' title='bbox 498 3311 707 3373; x_wconf 88' lang='lat' dir='ltr'><strong>tricem</strong></span> <span class='ocrx_word' id='word_1_372' title='bbox 740 3311 1262 3372; x_wconf 89' lang='lat' dir='ltr'><strong>incontaminatam</strong></span> <span class='ocrx_word' id='word_1_373' title='bbox 1295 3308 1619 3371; x_wconf 89' lang='lat' dir='ltr'><strong>credimus.</strong></span> 
     </span>
    </p>
   </div>
   <div class='ocr_carea' id='block_1_65' title="bbox 579 3396 2146 3482">
    <p class='ocr_par' dir='ltr' id='par_1_65' title="bbox 579 3396 2146 3482">
     <span class='ocr_line' id='line_1_65' title="bbox 579 3396 2146 3482; baseline -0.001 -18"><span class='ocrx_word' id='word_1_374' title='bbox 579 3402 1111 3482; x_wconf 87' lang='lat' dir='ltr'><strong>Appropinquante</strong></span> <span class='ocrx_word' id='word_1_375' title='bbox 1159 3400 1307 3479; x_wconf 87' lang='lat' dir='ltr'><strong>legis</strong></span> <span class='ocrx_word' id='word_1_376' title='bbox 1364 3398 1770 3480; x_wconf 68' lang='lat' dir='ltr'><strong>plenitudinef,</strong></span> <span class='ocrx_word' id='word_1_377' title='bbox 1829 3396 2146 3464; x_wconf 88' lang='lat' dir='ltr'><strong>sublimior</strong></span> 
     </span>
    </p>
   </div>
   <div class='ocr_carea' id='block_1_66' title="bbox 499 3489 2147 3571">
    <p class='ocr_par' dir='ltr' id='par_1_66' title="bbox 499 3489 2147 3571">
     <span class='ocr_line' id='line_1_66' title="bbox 499 3489 2147 3571; baseline 0.002 -20"><span class='ocrx_word' id='word_1_378' title='bbox 499 3489 867 3571; x_wconf 86' lang='lat' dir='ltr'><strong>cherubinis,</strong></span> <span class='ocrx_word' id='word_1_379' title='bbox 893 3489 1177 3571; x_wconf 89' lang='lat' dir='ltr'><strong>peperisti</strong></span> <span class='ocrx_word' id='word_1_380' title='bbox 1205 3490 1575 3552; x_wconf 90' lang='lat' dir='ltr'><strong>incarnatum</strong></span> <span class='ocrx_word' id='word_1_381' title='bbox 1606 3507 1677 3550; x_wconf 86' lang='lat' dir='ltr'><strong>ex</strong></span> <span class='ocrx_word' id='word_1_382' title='bbox 1708 3496 1764 3551; x_wconf 91' lang='lat' dir='ltr'><strong>te</strong></span> <span class='ocrx_word' id='word_1_383' title='bbox 1794 3489 2009 3551; x_wconf 92' lang='lat' dir='ltr'><strong>Filium</strong></span> <span class='ocrx_word' id='word_1_384' title='bbox 2037 3492 2147 3555; x_wconf 90' lang='lat' dir='ltr'><strong>Dei</strong></span> 
     </span>
    </p>
   </div>
   <div class='ocr_carea' id='block_1_67' title="bbox 503 3578 1924 3661">
    <p class='ocr_par' dir='ltr' id='par_1_67' title="bbox 503 3578 1924 3661">
     <span class='ocr_line' id='line_1_67' title="bbox 503 3578 1924 3661; baseline -0.002 -20"><span class='ocrx_word' id='word_1_385' title='bbox 503 3579 900 3661; x_wconf 85' lang='lat' dir='ltr'><strong>unigenitum,</strong></span> <span class='ocrx_word' id='word_1_386' title='bbox 934 3588 1135 3660; x_wconf 42' lang='lat' dir='ltr'><strong>quem:</strong></span> <span class='ocrx_word' id='word_1_387' title='bbox 1170 3579 1354 3641; x_wconf 88' lang='lat' dir='ltr'><strong>servis</strong></span> <span class='ocrx_word' id='word_1_388' title='bbox 1422 3579 1534 3640; x_wconf 89' lang='lat' dir='ltr'><strong>tuis</strong></span> <span class='ocrx_word' id='word_1_389' title='bbox 1581 3578 1924 3640; x_wconf 89' lang='lat' dir='ltr'><strong>reconcilia.</strong></span> 
     </span>
    </p>
   </div>
   <div class='ocr_carea' id='block_1_68' title="bbox 574 3666 2142 3749">
    <p class='ocr_par' dir='ltr' id='par_1_68' title="bbox 574 3666 2142 3749">
     <span class='ocr_line' id='line_1_68' title="bbox 574 3666 2142 3749; baseline 0 -16"><span class='ocrx_word' id='word_1_390' title='bbox 574 3666 851 3733; x_wconf 88' lang='lat' dir='ltr'><strong>Omnium</strong></span> <span class='ocrx_word' id='word_1_391' title='bbox 878 3669 1248 3733; x_wconf 87' lang='lat' dir='ltr'><strong>conditorem</strong></span> <span class='ocrx_word' id='word_1_392' title='bbox 1268 3687 1449 3749; x_wconf 88' lang='lat' dir='ltr'><strong>quem</strong></span> <span class='ocrx_word' id='word_1_393' title='bbox 1469 3670 1586 3731; x_wconf 91' lang='lat' dir='ltr'><strong>tuis</strong></span> <span class='ocrx_word' id='word_1_394' title='bbox 1608 3666 1789 3742; x_wconf 89' lang='lat' dir='ltr'><strong>ulnis,</strong></span> <span class='ocrx_word' id='word_1_395' title='bbox 1819 3670 2142 3742; x_wconf 76' lang='lat' dir='ltr'><strong>Intemera.</strong></span> 
     </span>
    </p>
   </div>
   <div class='ocr_carea' id='block_1_69' title="bbox 498 3755 2134 3845">
    <p class='ocr_par' dir='ltr' id='par_1_69' title="bbox 498 3755 2134 3845">
     <span class='ocr_line' id='line_1_69' title="bbox 498 3755 2134 3845; baseline 0.002 -24"><span class='ocrx_word' id='word_1_396' title='bbox 498 3769 577 3832; x_wconf 90' lang='lat' dir='ltr'><strong>ta,</strong></span> <span class='ocrx_word' id='word_1_397' title='bbox 612 3758 874 3839; x_wconf 86' lang='lat' dir='ltr'><strong>portasli,</strong></span> <span class='ocrx_word' id='word_1_398' title='bbox 907 3759 1092 3822; x_wconf 89' lang='lat' dir='ltr'><strong>redde</strong></span> <span class='ocrx_word' id='word_1_399' title='bbox 1113 3761 1390 3842; x_wconf 88' lang='lat' dir='ltr'><strong>precibus</strong></span> <span class='ocrx_word' id='word_1_400' title='bbox 1421 3765 1534 3827; x_wconf 90' lang='lat' dir='ltr'><strong>tuis</strong></span> <span class='ocrx_word' id='word_1_401' title='bbox 1566 3763 1740 3826; x_wconf 91' lang='lat' dir='ltr'><strong>nobis</strong></span> <span class='ocrx_word' id='word_1_402' title='bbox 1788 3755 2134 3845; x_wconf 77' lang='lat' dir='ltr'><strong>propitium,</strong></span> 
     </span>
    </p>
   </div>
   <div class='ocr_carea' id='block_1_70' title="bbox 498 3846 1622 3932">
    <p class='ocr_par' dir='ltr' id='par_1_70' title="bbox 498 3846 1622 3932">
     <span class='ocr_line' id='line_1_70' title="bbox 498 3846 1622 3932; baseline 0.006 -22"><span class='ocrx_word' id='word_1_403' title='bbox 498 3848 638 3930; x_wconf 92' lang='lat' dir='ltr'><strong>quia</strong></span> <span class='ocrx_word' id='word_1_404' title='bbox 664 3850 736 3910; x_wconf 90' lang='lat' dir='ltr'><strong>ad</strong></span> <span class='ocrx_word' id='word_1_405' title='bbox 773 3859 828 3912; x_wconf 91' lang='lat' dir='ltr'><strong>te</strong></span> <span class='ocrx_word' id='word_1_406' title='bbox 857 3868 927 3911; x_wconf 84' lang='lat' dir='ltr'><strong>ex</strong></span> <span class='ocrx_word' id='word_1_407' title='bbox 957 3848 1155 3912; x_wconf 91' lang='lat' dir='ltr'><strong>animo</strong></span> <span class='ocrx_word' id='word_1_408' title='bbox 1184 3852 1576 3932; x_wconf 87' lang='lat' dir='ltr'><strong>confugimus.</strong></span> <span class='ocrx_word' id='word_1_409' title='bbox 1615 3846 1622 3851; x_wconf 37' lang='grc'>⁴</span> 
     </span>
    </p>
   </div>
   <div class='ocr_carea' id='block_1_71' title="bbox 578 4031 1555 4116">
    <p class='ocr_par' dir='ltr' id='par_1_71' title="bbox 578 4031 1555 4116">
     <span class='ocr_line' id='line_1_71' title="bbox 578 4031 1555 4116; baseline 0.004 -22"><span class='ocrx_word' id='word_1_410' title='bbox 578 4031 716 4094; x_wconf 59' lang='lat'><strong>18?.</strong></span> <span class='ocrx_word' id='word_1_411' title='bbox 752 4033 943 4102; x_wconf 84' lang='lat' dir='ltr'><strong>Alius,</strong></span> <span class='ocrx_word' id='word_1_412' title='bbox 980 4033 1134 4096; x_wconf 90' lang='lat' dir='ltr'><strong>sicut</strong></span> <span class='ocrx_word' id='word_1_413' title='bbox 1164 4034 1224 4089; x_wconf 70' lang='grc'><strong>’0</strong></span> <span class='ocrx_word' id='word_1_414' title='bbox 1254 4042 1555 4116; x_wconf 77' lang='grc' dir='ltr'>φωτισμός.</span> 
     </span>
    </p>
   </div>
   <div class='ocr_carea' id='block_1_72' title="bbox 588 4123 2139 4207">
    <p class='ocr_par' dir='ltr' id='par_1_72' title="bbox 588 4123 2139 4207">
     <span class='ocr_line' id='line_1_72' title="bbox 588 4123 2139 4207; baseline 0.003 -20"><span class='ocrx_word' id='word_1_415' title='bbox 588 4123 1038 4187; x_wconf 63' lang='lat' dir='ltr'><strong>charismatum</strong></span> <span class='ocrx_word' id='word_1_416' title='bbox 1071 4132 1303 4185; x_wconf 92' lang='lat' dir='ltr'><strong>tuorum</strong></span> <span class='ocrx_word' id='word_1_417' title='bbox 1335 4126 1554 4187; x_wconf 90' lang='lat' dir='ltr'><strong>fontem</strong></span> <span class='ocrx_word' id='word_1_418' title='bbox 1580 4127 1927 4207; x_wconf 86' lang='lat' dir='ltr'><strong>propinasti,</strong></span> <span class='ocrx_word' id='word_1_419' title='bbox 1965 4150 1998 4190; x_wconf 86' lang='grc' dir='ltr'>υ</span> <span class='ocrx_word' id='word_1_420' title='bbox 2034 4130 2139 4190; x_wconf 89' lang='lat' dir='ltr'><strong>ho-</strong></span> 
     </span>
    </p>
   </div>
   <div class='ocr_carea' id='block_1_73' title="bbox 495 4212 2133 4294">
    <p class='ocr_par' dir='ltr' id='par_1_73' title="bbox 495 4212 2133 4294">
     <span class='ocr_line' id='line_1_73' title="bbox 495 4212 2133 4294; baseline 0.002 -21"><span class='ocrx_word' id='word_1_421' title='bbox 495 4213 720 4274; x_wconf 90' lang='lat' dir='ltr'><strong>minum</strong></span> <span class='ocrx_word' id='word_1_422' title='bbox 778 4230 982 4273; x_wconf 88' lang='lat' dir='ltr'><strong>amans</strong></span> <span class='ocrx_word' id='word_1_423' title='bbox 1039 4212 1216 4294; x_wconf 90' lang='lat' dir='ltr'><strong>Deus,</strong></span> <span class='ocrx_word' id='word_1_424' title='bbox 1272 4221 1490 4276; x_wconf 90' lang='lat' dir='ltr'><strong>sanctis</strong></span> <span class='ocrx_word' id='word_1_425' title='bbox 1547 4215 1873 4278; x_wconf 90' lang='lat' dir='ltr'><strong>bibendum</strong></span> <span class='ocrx_word' id='word_1_426' title='bbox 1956 4238 1971 4280; x_wconf 91' lang='lat'><strong>:</strong></span> <span class='ocrx_word' id='word_1_427' title='bbox 2033 4225 2133 4294; x_wconf 87' lang='lat' dir='ltr'><strong>qui</strong></span> 
     </span>
    </p>
   </div>
   <div class='ocr_carea' id='block_1_74' title="bbox 492 4301 2130 4387">
    <p class='ocr_par' dir='ltr' id='par_1_74' title="bbox 492 4301 2130 4387">
     <span class='ocr_line' id='line_1_74' title="bbox 492 4301 2130 4387; baseline 0.004 -25"><span class='ocrx_word' id='word_1_428' title='bbox 492 4311 1019 4382; x_wconf 89' lang='lat' dir='ltr'><strong>quantumcunque</strong></span> <span class='ocrx_word' id='word_1_429' title='bbox 1063 4301 1308 4377; x_wconf 86' lang='lat' dir='ltr'><strong>bibitur,</strong></span> <span class='ocrx_word' id='word_1_430' title='bbox 1346 4304 1729 4366; x_wconf 87' lang='lat' dir='ltr'><strong>imminuitur</strong></span> <span class='ocrx_word' id='word_1_431' title='bbox 1780 4325 2080 4387; x_wconf 90' lang='lat' dir='ltr'><strong>nunquam</strong></span> <span class='ocrx_word' id='word_1_432' title='bbox 2116 4328 2130 4387; x_wconf 89' lang='lat'>;</span> 
     </span>
    </p>
   </div>
   <div class='ocr_carea' id='block_1_75' title="bbox 489 4390 2105 4474">
    <p class='ocr_par' dir='ltr' id='par_1_75' title="bbox 489 4390 2105 4474">
     <span class='ocr_line' id='line_1_75' title="bbox 489 4390 2105 4474; baseline 0.003 -23"><span class='ocrx_word' id='word_1_433' title='bbox 489 4390 597 4452; x_wconf 89' lang='lat' dir='ltr'><strong>sed</strong></span> <span class='ocrx_word' id='word_1_434' title='bbox 628 4390 844 4454; x_wconf 89' lang='lat' dir='ltr'><strong>divinis</strong></span> <span class='ocrx_word' id='word_1_435' title='bbox 873 4391 1102 4471; x_wconf 89' lang='lat' dir='ltr'><strong>rivulis,</strong></span> <span class='ocrx_word' id='word_1_436' title='bbox 1126 4409 1191 4451; x_wconf 86' lang='lat' dir='ltr'><strong>ex</strong></span> <span class='ocrx_word' id='word_1_437' title='bbox 1216 4392 1350 4454; x_wconf 89' lang='lat' dir='ltr'><strong>sinu</strong></span> <span class='ocrx_word' id='word_1_438' title='bbox 1377 4392 1641 4474; x_wconf 91' lang='lat' dir='ltr'><strong>ipsorum</strong></span> <span class='ocrx_word' id='word_1_439' title='bbox 1667 4395 2105 4474; x_wconf 87' lang='lat' dir='ltr'><strong>proﬂuentibus</strong></span> 
     </span>
    </p>
   </div>
   <div class='ocr_carea' id='block_1_76' title="bbox 487 4481 1441 4544">
    <p class='ocr_par' dir='ltr' id='par_1_76' title="bbox 487 4481 1441 4544">
     <span class='ocr_line' id='line_1_76' title="bbox 487 4481 1441 4544; baseline 0.002 -2"><span class='ocrx_word' id='word_1_440' title='bbox 487 4481 771 4543; x_wconf 90' lang='lat' dir='ltr'><strong>mundum</strong></span> <span class='ocrx_word' id='word_1_441' title='bbox 804 4482 1055 4543; x_wconf 85' lang='lat' dir='ltr'><strong>inebriat</strong></span> <span class='ocrx_word' id='word_1_442' title='bbox 1079 4482 1441 4544; x_wconf 88' lang='lat' dir='ltr'><strong>universum.</strong></span> 
     </span>
    </p>
   </div>
   <div class='ocr_carea' id='block_1_77' title="bbox 2115 4445 2202 4504">
    <p class='ocr_par' dir='ltr' id='par_1_77' title="bbox 2115 4445 2202 4504">
     <span class='ocr_line' id='line_1_77' title="bbox 2115 4445 2202 4504; baseline 0 0"><span class='ocrx_word' id='word_1_443' title='bbox 2115 4445 2202 4504; x_wconf 76' lang='grc' dir='ltr'><strong>’Β</strong></span> 
     </span>
    </p>
   </div>
   <div class='ocr_carea' id='block_1_78' title="bbox 2226 3217 3303 3301">
    <p class='ocr_par' dir='ltr' id='par_1_78' title="bbox 2226 3217 3303 3301">
     <span class='ocr_line' id='line_1_78' title="bbox 2226 3217 3303 3301; baseline 0.003 -25"><span class='ocrx_word' id='word_1_444' title='bbox 2226 3217 2282 3276; x_wconf 68' lang='grc' dir='ltr'>οἵ</span> <span class='ocrx_word' id='word_1_445' title='bbox 2312 3241 2370 3276; x_wconf 92' lang='grc' dir='ltr'><strong>σε</strong></span> <span class='ocrx_word' id='word_1_446' title='bbox 2402 3227 2679 3301; x_wconf 82' lang='grc' dir='ltr'>Θεοτόκον,</span> <span class='ocrx_word' id='word_1_447' title='bbox 2724 3220 2882 3299; x_wconf 78' lang='grc' dir='ltr'>ἁγνὴ,</span> <span class='ocrx_word' id='word_1_448' title='bbox 2926 3219 3303 3298; x_wconf 74' lang='grc' dir='ltr'>ἐπιστάμενοι.</span> 
     </span>
    </p>
   </div>
   <div class='ocr_carea' id='block_1_79' title="bbox 2310 3399 3855 3485">
    <p class='ocr_par' dir='ltr' id='par_1_79' title="bbox 2310 3399 3855 3485">
     <span class='ocr_line' id='line_1_79' title="bbox 2310 3399 3855 3485; baseline 0.003 -28"><span class='ocrx_word' id='word_1_449' title='bbox 2310 3400 2490 3477; x_wconf 84' lang='grc' dir='ltr'>Νόμου</span> <span class='ocrx_word' id='word_1_450' title='bbox 2518 3422 2580 3457; x_wconf 88' lang='grc' dir='ltr'><strong>το</strong></span> <span class='ocrx_word' id='word_1_451' title='bbox 2620 3399 2944 3482; x_wconf 71' lang='grc' dir='ltr'>πλήρρωμα,</span> <span class='ocrx_word' id='word_1_452' title='bbox 2976 3403 3011 3469; x_wconf 77' lang='grc' dir='ltr'>ἣ</span> <span class='ocrx_word' id='word_1_453' title='bbox 3060 3401 3299 3483; x_wconf 74' lang='grc' dir='ltr'>ήνωτερα</span> <span class='ocrx_word' id='word_1_454' title='bbox 3352 3404 3640 3485; x_wconf 76' lang='grc' dir='ltr'>χερουϐὶμ,</span> <span class='ocrx_word' id='word_1_455' title='bbox 3703 3407 3855 3464; x_wconf 78' lang='grc' dir='ltr'>τέτο-</span> 
     </span>
    </p>
   </div>
   <div class='ocr_carea' id='block_1_80' title="bbox 2230 3490 3857 3582">
    <p class='ocr_par' dir='ltr' id='par_1_80' title="bbox 2230 3490 3857 3582">
     <span class='ocr_line' id='line_1_80' title="bbox 2230 3490 3857 3582; baseline 0.002 -35"><span class='ocrx_word' id='word_1_456' title='bbox 2230 3513 2325 3555; x_wconf 85' lang='grc' dir='ltr'><strong>κας</strong></span> <span class='ocrx_word' id='word_1_457' title='bbox 2346 3493 2437 3547; x_wconf 86' lang='grc' dir='ltr'>τὸν</span> <span class='ocrx_word' id='word_1_458' title='bbox 2462 3497 2557 3549; x_wconf 90' lang='grc' dir='ltr'><strong>τοῦ</strong></span> <span class='ocrx_word' id='word_1_459' title='bbox 2586 3490 2717 3547; x_wconf 88' lang='grc' dir='ltr'><strong>Θεοῦ</strong></span> <span class='ocrx_word' id='word_1_460' title='bbox 2765 3492 2825 3548; x_wconf 81' lang='grc' dir='ltr'>ἐκ</span> <span class='ocrx_word' id='word_1_461' title='bbox 2850 3498 2945 3548; x_wconf 90' lang='grc' dir='ltr'><strong>σοῦ</strong></span> <span class='ocrx_word' id='word_1_462' title='bbox 2997 3492 3355 3571; x_wconf 86' lang='grc' dir='ltr'>σαρκωθὲντα.</span> <span class='ocrx_word' id='word_1_463' title='bbox 3424 3497 3547 3551; x_wconf 79' lang='grc' dir='ltr'><strong>Υἱὸν</strong></span> <span class='ocrx_word' id='word_1_464' title='bbox 3592 3498 3857 3582; x_wconf 53' lang='grc' dir='ltr'>μονογενῆ,</span> 
     </span>
    </p>
   </div>
   <div class='ocr_carea' id='block_1_81' title="bbox 2228 3578 3440 3660">
    <p class='ocr_par' dir='ltr' id='par_1_81' title="bbox 2228 3578 3440 3660">
     <span class='ocr_line' id='line_1_81' title="bbox 2228 3578 3440 3660; baseline 0.002 -23"><span class='ocrx_word' id='word_1_465' title='bbox 2228 3582 2284 3637; x_wconf 86' lang='grc' dir='ltr'>ὃν</span> <span class='ocrx_word' id='word_1_466' title='bbox 2313 3580 2441 3660; x_wconf 80' lang='grc' dir='ltr'>ὑπὲρ</span> <span class='ocrx_word' id='word_1_467' title='bbox 2476 3582 2580 3638; x_wconf 84' lang='grc' dir='ltr'>τῶν</span> <span class='ocrx_word' id='word_1_468' title='bbox 2625 3578 2823 3638; x_wconf 79' lang='grc' dir='ltr'>δούλων</span> <span class='ocrx_word' id='word_1_469' title='bbox 2852 3585 2958 3638; x_wconf 82' lang='grc' dir='ltr'><strong>τῶν</strong></span> <span class='ocrx_word' id='word_1_470' title='bbox 2979 3581 3085 3639; x_wconf 77' lang='grc' dir='ltr'><strong>σῶν</strong></span> <span class='ocrx_word' id='word_1_471' title='bbox 3129 3580 3405 3647; x_wconf 78' lang='grc' dir='ltr'>ἒξιλέωσαι</span> <span class='ocrx_word' id='word_1_472' title='bbox 3424 3631 3440 3646; x_wconf 88' lang='grc'><strong>.</strong></span> 
     </span>
    </p>
   </div>
   <div class='ocr_carea' id='block_1_82' title="bbox 2308 3670 3857 3753">
    <p class='ocr_par' dir='ltr' id='par_1_82' title="bbox 2308 3670 3857 3753">
     <span class='ocr_line' id='line_1_82' title="bbox 2308 3670 3857 3753; baseline -0.001 -24"><span class='ocrx_word' id='word_1_473' title='bbox 2308 3673 2409 3729; x_wconf 83' lang='grc' dir='ltr'><strong>Τὸν</strong></span> <span class='ocrx_word' id='word_1_474' title='bbox 2464 3680 2557 3729; x_wconf 84' lang='grc' dir='ltr'><strong>τοῦ</strong></span> <span class='ocrx_word' id='word_1_475' title='bbox 2616 3673 2813 3736; x_wconf 83' lang='grc' dir='ltr'>παντὸς</span> <span class='ocrx_word' id='word_1_476' title='bbox 2866 3672 3099 3738; x_wconf 72' lang='grc' dir='ltr'>ποιητὴν</span> <span class='ocrx_word' id='word_1_477' title='bbox 3154 3670 3207 3727; x_wconf 76' lang='grc' dir='ltr'>ἐν</span> <span class='ocrx_word' id='word_1_478' title='bbox 3265 3686 3390 3736; x_wconf 76' lang='grc' dir='ltr'>ταῖς</span> <span class='ocrx_word' id='word_1_479' title='bbox 3443 3672 3707 3753; x_wconf 66' lang='grc' dir='ltr'>ἀγκάλαις</span> <span class='ocrx_word' id='word_1_480' title='bbox 3759 3694 3857 3747; x_wconf 75' lang='grc' dir='ltr'>σου,</span> 
     </span>
    </p>
   </div>
   <div class='ocr_carea' id='block_1_83' title="bbox 2228 3759 3866 3841">
    <p class='ocr_par' dir='ltr' id='par_1_83' title="bbox 2228 3759 3866 3841">
     <span class='ocr_line' id='line_1_83' title="bbox 2228 3759 3866 3841; baseline -0.001 -23"><span class='ocrx_word' id='word_1_481' title='bbox 2228 3760 2417 3841; x_wconf 84' lang='grc' dir='ltr'>Ἀγνὴ,</span> <span class='ocrx_word' id='word_1_482' title='bbox 2480 3759 2730 3840; x_wconf 81' lang='grc' dir='ltr'>φέρουσα,</span> <span class='ocrx_word' id='word_1_483' title='bbox 2792 3766 2976 3816; x_wconf 77' lang='grc' dir='ltr'>τοῦτον</span> <span class='ocrx_word' id='word_1_484' title='bbox 3028 3765 3165 3835; x_wconf 78' lang='grc' dir='ltr'>ἡμῖν</span> <span class='ocrx_word' id='word_1_485' title='bbox 3216 3775 3342 3827; x_wconf 75' lang='grc' dir='ltr'>σαῖς</span> <span class='ocrx_word' id='word_1_486' title='bbox 3392 3764 3622 3829; x_wconf 79' lang='grc' dir='ltr'>ἱκοσίαις</span> <span class='ocrx_word' id='word_1_487' title='bbox 3696 3760 3866 3820; x_wconf 46' lang='lat' dir='ltr'><strong>soil:-</strong></span> 
     </span>
    </p>
   </div>
   <div class='ocr_carea' id='block_1_84' title="bbox 2221 3847 3863 3931">
    <p class='ocr_par' dir='ltr' id='par_1_84' title="bbox 2221 3847 3863 3931">
     <span class='ocr_line' id='line_1_84' title="bbox 2221 3847 3863 3931; baseline -0.001 -24"><span class='ocrx_word' id='word_1_488' title='bbox 2221 3872 2312 3908; x_wconf 89' lang='grc' dir='ltr'><strong>τον</strong></span> <span class='ocrx_word' id='word_1_489' title='bbox 2338 3847 2496 3925; x_wconf 86' lang='grc' dir='ltr'>δίδου,</span> <span class='ocrx_word' id='word_1_490' title='bbox 2546 3849 2667 3915; x_wconf 80' lang='grc' dir='ltr'>τοῖς</span> <span class='ocrx_word' id='word_1_491' title='bbox 2740 3847 2824 3905; x_wconf 75' lang='grc' dir='ltr'><strong>νόν</strong></span> <span class='ocrx_word' id='word_1_492' title='bbox 2896 3848 2958 3907; x_wconf 73' lang='grc' dir='ltr'>ἐκ</span> <span class='ocrx_word' id='word_1_493' title='bbox 3013 3848 3225 3929; x_wconf 79' lang='grc' dir='ltr'>καρδίας</span> <span class='ocrx_word' id='word_1_494' title='bbox 3294 3852 3427 3917; x_wconf 74' lang='grc' dir='ltr'>παὺς</span> <span class='ocrx_word' id='word_1_495' title='bbox 3486 3854 3553 3910; x_wconf 81' lang='grc' dir='ltr'>σέ</span> <span class='ocrx_word' id='word_1_496' title='bbox 3600 3871 3863 3931; x_wconf 76' lang='grc' dir='ltr'>παταφευ-</span> 
     </span>
    </p>
   </div>
   <div class='ocr_carea' id='block_1_85' title="bbox 2221 3962 2395 4018">
    <p class='ocr_par' dir='ltr' id='par_1_85' title="bbox 2221 3962 2395 4018">
     <span class='ocr_line' id='line_1_85' title="bbox 2221 3962 2395 4018; baseline 0.023 -21"><span class='ocrx_word' id='word_1_497' title='bbox 2221 3962 2395 4018; x_wconf 83' lang='grc' dir='ltr'>γουσι.</span> 
     </span>
    </p>
   </div>
   <div class='ocr_carea' id='block_1_86' title="bbox 2303 4028 2964 4109">
    <p class='ocr_par' dir='ltr' id='par_1_86' title="bbox 2303 4028 2964 4109">
     <span class='ocr_line' id='line_1_86' title="bbox 2303 4028 2964 4109; baseline -0.002 -22"><span class='ocrx_word' id='word_1_498' title='bbox 2303 4028 2536 4096; x_wconf 83' lang='grc' dir='ltr'>⁹Ἀλλος.</span> <span class='ocrx_word' id='word_1_499' title='bbox 2566 4028 2624 4087; x_wconf 85' lang='grc' dir='ltr'>Ὀ</span> <span class='ocrx_word' id='word_1_500' title='bbox 2669 4029 2964 4109; x_wconf 76' lang='grc' dir='ltr'>φωτισμός.</span> 
     </span>
    </p>
   </div>
   <div class='ocr_carea' id='block_1_87' title="bbox 2324 4118 3872 4200">
    <p class='ocr_par' dir='ltr' id='par_1_87' title="bbox 2324 4118 3872 4200">
     <span class='ocr_line' id='line_1_87' title="bbox 2324 4118 3872 4200; baseline -0.003 -22"><span class='ocrx_word' id='word_1_501' title='bbox 2324 4122 2411 4179; x_wconf 74' lang='grc' dir='ltr'><strong>Μὸ</strong></span> <span class='ocrx_word' id='word_1_502' title='bbox 2442 4122 2541 4187; x_wconf 79' lang='grc' dir='ltr'>τὴν</span> <span class='ocrx_word' id='word_1_503' title='bbox 2586 4118 2768 4196; x_wconf 80' lang='grc' dir='ltr'>πηγὴν</span> <span class='ocrx_word' id='word_1_504' title='bbox 2798 4120 2904 4175; x_wconf 80' lang='grc' dir='ltr'><strong>τῶν</strong></span> <span class='ocrx_word' id='word_1_505' title='bbox 2958 4140 3177 4176; x_wconf 82' lang='grc' dir='ltr'>σεαυτου</span> <span class='ocrx_word' id='word_1_506' title='bbox 3230 4120 3589 4200; x_wconf 70' lang='grc' dir='ltr'>χαρισμάτων</span> <span class='ocrx_word' id='word_1_507' title='bbox 3650 4121 3872 4198; x_wconf 75' lang='grc' dir='ltr'>ἐκπιεῖν,</span> 
     </span>
    </p>
   </div>
   <div class='ocr_carea' id='block_1_88' title="bbox 2222 4205 3857 4291">
    <p class='ocr_par' dir='ltr' id='par_1_88' title="bbox 2222 4205 3857 4291">
     <span class='ocr_line' id='line_1_88' title="bbox 2222 4205 3857 4291; baseline -0.001 -24"><span class='ocrx_word' id='word_1_508' title='bbox 2222 4210 2361 4275; x_wconf 75' lang='grc' dir='ltr'>ὅλως</span> <span class='ocrx_word' id='word_1_509' title='bbox 2390 4209 2745 4291; x_wconf 65' lang='grc' dir='ltr'>φιλάνθρωπε,</span> <span class='ocrx_word' id='word_1_510' title='bbox 2772 4205 3002 4275; x_wconf 73' lang='grc' dir='ltr'>δέδωκας</span> <span class='ocrx_word' id='word_1_511' title='bbox 3051 4222 3166 4275; x_wconf 81' lang='grc' dir='ltr'>τοῖς</span> <span class='ocrx_word' id='word_1_512' title='bbox 3236 4210 3431 4288; x_wconf 78' lang='grc' dir='ltr'>ἁγίοις,</span> <span class='ocrx_word' id='word_1_513' title='bbox 3523 4210 3857 4269; x_wconf 71' lang='grc' dir='ltr'>ἔλαττωθεῐ-</span> 
     </span>
    </p>
   </div>
   <div class='ocr_carea' id='block_1_89' title="bbox 2218 4295 3870 4376">
    <p class='ocr_par' dir='ltr' id='par_1_89' title="bbox 2218 4295 3870 4376">
     <span class='ocr_line' id='line_1_89' title="bbox 2218 4295 3870 4376; baseline -0.002 -18"><span class='ocrx_word' id='word_1_514' title='bbox 2218 4322 2315 4358; x_wconf 88' lang='grc' dir='ltr'><strong>σαν</strong></span> <span class='ocrx_word' id='word_1_515' title='bbox 2346 4298 2673 4375; x_wconf 67' lang='grc' dir='ltr'>οὐδαμῶςτῇ</span> <span class='ocrx_word' id='word_1_516' title='bbox 2713 4298 2952 4372; x_wconf 81' lang='grc' dir='ltr'>κενώσει,</span> <span class='ocrx_word' id='word_1_517' title='bbox 3020 4299 3113 4354; x_wconf 84' lang='grc' dir='ltr'><strong>τὸν</strong></span> <span class='ocrx_word' id='word_1_518' title='bbox 3160 4295 3224 4355; x_wconf 71' lang='grc' dir='ltr'><strong>δα</strong></span> <span class='ocrx_word' id='word_1_519' title='bbox 3279 4300 3483 4376; x_wconf 87' lang='grc' dir='ltr'>κόσμον</span> <span class='ocrx_word' id='word_1_520' title='bbox 3533 4301 3713 4358; x_wconf 64' lang='grc' dir='ltr'>πάντα</span> <span class='ocrx_word' id='word_1_521' title='bbox 3772 4319 3870 4375; x_wconf 86' lang='grc' dir='ltr'>με·-</span> 
     </span>
    </p>
   </div>
   <div class='ocr_carea' id='block_1_90' title="bbox 2217 4386 3765 4469">
    <p class='ocr_par' dir='ltr' id='par_1_90' title="bbox 2217 4386 3765 4469">
     <span class='ocr_line' id='line_1_90' title="bbox 2217 4386 3765 4469; baseline -0.001 -20"><span class='ocrx_word' id='word_1_522' title='bbox 2217 4393 2446 4449; x_wconf 80' lang='grc' dir='ltr'>θύσασαν</span> <span class='ocrx_word' id='word_1_523' title='bbox 2475 4403 2594 4449; x_wconf 79' lang='grc' dir='ltr'>τοῖς</span> <span class='ocrx_word' id='word_1_524' title='bbox 2637 4386 2698 4445; x_wconf 83' lang='grc' dir='ltr'>ὲκ</span> <span class='ocrx_word' id='word_1_525' title='bbox 2725 4393 2822 4455; x_wconf 79' lang='grc' dir='ltr'><strong>τῆς</strong></span> <span class='ocrx_word' id='word_1_526' title='bbox 2848 4387 3051 4452; x_wconf 84' lang='grc' dir='ltr'>κοιλίας</span> <span class='ocrx_word' id='word_1_527' title='bbox 3081 4388 3251 4447; x_wconf 71' lang='grc' dir='ltr'>αὐτῶν</span> <span class='ocrx_word' id='word_1_528' title='bbox 3281 4392 3446 4456; x_wconf 87' lang='grc' dir='ltr'>θείοις</span> <span class='ocrx_word' id='word_1_529' title='bbox 3479 4390 3765 4469; x_wconf 72' lang='grc' dir='ltr'>ῥεῦμασιν,</span> 
     </span>
    </p>
   </div>
   <div class='ocr_carea' id='block_1_91' title="bbox 2308 4565 3871 4648">
    <p class='ocr_par' dir='ltr' id='par_1_91' title="bbox 2308 4565 3871 4648">
     <span class='ocr_line' id='line_1_91' title="bbox 2308 4565 3871 4648; baseline -0.002 -21"><span class='ocrx_word' id='word_1_530' title='bbox 2308 4570 2385 4631; x_wconf 57' lang='lat' dir='ltr'><strong>at</strong></span> <span class='ocrx_word' id='word_1_531' title='bbox 2415 4593 2504 4646; x_wconf 90' lang='grc' dir='ltr'><strong>μοι</strong></span> <span class='ocrx_word' id='word_1_532' title='bbox 2537 4569 2737 4648; x_wconf 79' lang='grc' dir='ltr'>χρυσός</span> <span class='ocrx_word' id='word_1_533' title='bbox 2773 4586 2789 4648; x_wconf 69' lang='grc' dir='ltr'>ς</span> <span class='ocrx_word' id='word_1_534' title='bbox 2822 4566 2873 4623; x_wconf 90' lang='grc' dir='ltr'><strong>τί</strong></span> <span class='ocrx_word' id='word_1_535' title='bbox 2901 4589 2990 4643; x_wconf 87' lang='grc' dir='ltr'><strong>μοι</strong></span> <span class='ocrx_word' id='word_1_536' title='bbox 3014 4565 3242 4633; x_wconf 88' lang='grc' dir='ltr'>πλοῦτος</span> <span class='ocrx_word' id='word_1_537' title='bbox 3312 4570 3395 4625; x_wconf 82' lang='grc' dir='ltr'><strong>καὶ</strong></span> <span class='ocrx_word' id='word_1_538' title='bbox 3442 4568 3567 4635; x_wconf 81' lang='grc' dir='ltr'>δόξα</span> <span class='ocrx_word' id='word_1_539' title='bbox 3643 4570 3735 4626; x_wconf 81' lang='grc' dir='ltr'><strong>καὶ</strong></span> <span class='ocrx_word' id='word_1_540' title='bbox 3784 4567 3871 4625; x_wconf 81' lang='grc' dir='ltr'>δυ·-</span> 
     </span>
    </p>
   </div>
   <div class='ocr_carea' id='block_1_92' title="bbox 584 4570 2122 4656">
    <p class='ocr_par' dir='ltr' id='par_1_92' title="bbox 584 4570 2122 4656">
     <span class='ocr_line' id='line_1_92' title="bbox 584 4570 2122 4656; baseline 0.003 -24"><span class='ocrx_word' id='word_1_541' title='bbox 584 4570 825 4652; x_wconf 69' lang='grc' dir='ltr'>ειεςιιυίά</span> <span class='ocrx_word' id='word_1_542' title='bbox 850 4570 997 4631; x_wconf 90' lang='lat' dir='ltr'><strong>mihi</strong></span> <span class='ocrx_word' id='word_1_543' title='bbox 1016 4588 1223 4633; x_wconf 90' lang='lat' dir='ltr'><strong>aurum</strong></span> <span class='ocrx_word' id='word_1_544' title='bbox 1250 4578 1276 4633; x_wconf 83' lang='lat'><strong>?</strong></span> <span class='ocrx_word' id='word_1_545' title='bbox 1299 4572 1442 4652; x_wconf 88' lang='lat' dir='ltr'><strong>quid</strong></span> <span class='ocrx_word' id='word_1_546' title='bbox 1460 4574 1604 4634; x_wconf 86' lang='lat' dir='ltr'><strong>mihi</strong></span> <span class='ocrx_word' id='word_1_547' title='bbox 1639 4592 1783 4652; x_wconf 89' lang='lat' dir='ltr'><strong>opes</strong></span> <span class='ocrx_word' id='word_1_548' title='bbox 1805 4574 2122 4656; x_wconf 86' lang='lat' dir='ltr'><strong>gloriaque</strong></span> 
     </span>
    </p>
   </div>
   <div class='ocr_carea' id='block_1_93' title="bbox 486 4654 2145 4743">
    <p class='ocr_par' dir='ltr' id='par_1_93' title="bbox 486 4654 2117 4743">
     <span class='ocr_line' id='line_1_93' title="bbox 486 4654 2117 4743; baseline 0.002 -21"><span class='ocrx_word' id='word_1_549' title='bbox 486 4669 545 4722; x_wconf 90' lang='lat' dir='ltr'><strong>et</strong></span> <span class='ocrx_word' id='word_1_550' title='bbox 590 4660 912 4743; x_wconf 83' lang='lat' dir='ltr'><strong>potentia?</strong></span> <span class='ocrx_word' id='word_1_551' title='bbox 966 4660 1108 4723; x_wconf 89' lang='lat' dir='ltr'><strong>fumi</strong></span> <span class='ocrx_word' id='word_1_552' title='bbox 1163 4660 1452 4723; x_wconf 86' lang='lat' dir='ltr'><strong>abeuntes</strong></span> <span class='ocrx_word' id='word_1_553' title='bbox 1507 4662 1565 4723; x_wconf 93' lang='lat' dir='ltr'><strong>in</strong></span> <span class='ocrx_word' id='word_1_554' title='bbox 1619 4680 1849 4727; x_wconf 85' lang='lat' dir='ltr'><strong>aerem.</strong></span> <span class='ocrx_word' id='word_1_555' title='bbox 1906 4654 2117 4727; x_wconf 83' lang='lat' dir='ltr'><strong>Omnia</strong></span> 
     </span>
    </p>
   </div>
   <div class='ocr_carea' id='block_1_94' title="bbox 2249 4654 3868 4743">
    <p class='ocr_par' dir='ltr' id='par_1_94' title="bbox 2249 4654 3868 4737">
     <span class='ocr_line' id='line_1_94' title="bbox 2249 4654 3868 4737; baseline -0.001 -22"><span class='ocrx_word' id='word_1_556' title='bbox 2249 4661 2424 4716; x_wconf 69' lang='grc' dir='ltr'>κατεία</span> <span class='ocrx_word' id='word_1_557' title='bbox 2467 4659 2709 4735; x_wconf 85' lang='grc' dir='ltr'>;καπνοὶ</span> <span class='ocrx_word' id='word_1_558' title='bbox 2760 4654 3081 4734; x_wconf 74' lang='grc' dir='ltr'>διαρρέοντες</span> <span class='ocrx_word' id='word_1_559' title='bbox 3114 4657 3187 4719; x_wconf 83' lang='grc' dir='ltr'>εἷς</span> <span class='ocrx_word' id='word_1_560' title='bbox 3255 4655 3402 4735; x_wconf 77' lang='grc' dir='ltr'>ἀέρα.</span> <span class='ocrx_word' id='word_1_561' title='bbox 3464 4659 3655 4716; x_wconf 83' lang='grc' dir='ltr'>Ηάντα</span> <span class='ocrx_word' id='word_1_562' title='bbox 3718 4656 3868 4737; x_wconf 75' lang='grc' dir='ltr'>οἰχέ-</span> 
     </span>
    </p>
   </div>
   <div class='ocr_carea' id='block_1_95' title="bbox 485 4743 2145 4835">
    <p class='ocr_par' dir='ltr' id='par_1_95' title="bbox 485 4749 2123 4835">
     <span class='ocr_line' id='line_1_95' title="bbox 485 4749 2123 4835; baseline 0.004 -24"><span class='ocrx_word' id='word_1_563' title='bbox 485 4751 798 4813; x_wconf 87' lang='lat' dir='ltr'><strong>facessanti</strong></span> <span class='ocrx_word' id='word_1_564' title='bbox 835 4758 1043 4813; x_wconf 88' lang='lat' dir='ltr'><strong>ventus</strong></span> <span class='ocrx_word' id='word_1_565' title='bbox 1100 4749 1252 4811; x_wconf 85' lang='lat' dir='ltr'><strong>ferat</strong></span> <span class='ocrx_word' id='word_1_566' title='bbox 1309 4752 1531 4813; x_wconf 87' lang='lat' dir='ltr'><strong>omnia.</strong></span> <span class='ocrx_word' id='word_1_567' title='bbox 1585 4753 1734 4815; x_wconf 79' lang='lat' dir='ltr'><strong>Mihi</strong></span> <span class='ocrx_word' id='word_1_568' title='bbox 1785 4772 1929 4835; x_wconf 88' lang='lat' dir='ltr'><strong>opes</strong></span> <span class='ocrx_word' id='word_1_569' title='bbox 1989 4774 2123 4817; x_wconf 62' lang='lat' dir='ltr'><strong>una;</strong></span> 
     </span>
    </p>
   </div>
   <div class='ocr_carea' id='block_1_96' title="bbox 2249 4743 3870 4835">
    <p class='ocr_par' dir='ltr' id='par_1_96' title="bbox 2249 4743 3870 4835">
     <span class='ocr_line' id='line_1_96' title="bbox 2249 4743 3870 4835; baseline -0.002 -30"><span class='ocrx_word' id='word_1_570' title='bbox 2249 4752 2338 4818; x_wconf 67' lang='lat' dir='ltr'><strong>inn,</strong></span> <span class='ocrx_word' id='word_1_571' title='bbox 2385 4745 2513 4825; x_wconf 76' lang='grc' dir='ltr'>αὔρα</span> <span class='ocrx_word' id='word_1_572' title='bbox 2544 4746 2715 4835; x_wconf 81' lang='grc' dir='ltr'>πάντα</span> <span class='ocrx_word' id='word_1_573' title='bbox 2743 4745 2965 4835; x_wconf 75' lang='grc' dir='ltr'>φερέτω.</span> <span class='ocrx_word' id='word_1_574' title='bbox 2999 4744 3121 4835; x_wconf 78' lang='grc' dir='ltr'>ἐμοί</span> <span class='ocrx_word' id='word_1_575' title='bbox 3149 4743 3378 4811; x_wconf 70' lang='grc' dir='ltr'>πλοῦτος</span> <span class='ocrx_word' id='word_1_576' title='bbox 3439 4750 3519 4812; x_wconf 84' lang='grc' dir='ltr'>εἷς</span> <span class='ocrx_word' id='word_1_577' title='bbox 3598 4745 3870 4824; x_wconf 78' lang='grc' dir='ltr'>πολυέρα-</span> 
     </span>
    </p>
   </div>
   <div class='ocr_carea' id='block_1_97' title="bbox 486 4833 2145 4919">
    <p class='ocr_par' dir='ltr' id='par_1_97' title="bbox 486 4833 2126 4919">
     <span class='ocr_line' id='line_1_97' title="bbox 486 4833 2126 4919; baseline 0.002 -17"><span class='ocrx_word' id='word_1_578' title='bbox 486 4843 735 4903; x_wconf 89' lang='lat' dir='ltr'><strong>multum</strong></span> <span class='ocrx_word' id='word_1_579' title='bbox 789 4839 1096 4916; x_wconf 89' lang='lat' dir='ltr'><strong>amabiles,</strong></span> <span class='ocrx_word' id='word_1_580' title='bbox 1164 4840 1495 4919; x_wconf 90' lang='lat' dir='ltr'><strong>eloquens,</strong></span> <span class='ocrx_word' id='word_1_581' title='bbox 1550 4833 1865 4906; x_wconf 86' lang='lat' dir='ltr'><strong>doctorum</strong></span> <span class='ocrx_word' id='word_1_582' title='bbox 1926 4844 2126 4906; x_wconf 88' lang='lat' dir='ltr'><strong>trini-</strong></span> 
     </span>
    </p>
   </div>
   <div class='ocr_carea' id='block_1_98' title="bbox 2249 4833 3503 4919">
    <p class='ocr_par' dir='ltr' id='par_1_98' title="bbox 2249 4833 3503 4913">
     <span class='ocr_line' id='line_1_98' title="bbox 2249 4833 3503 4913; baseline 0.006 -25"><span class='ocrx_word' id='word_1_583' title='bbox 2249 4861 2336 4903; x_wconf 80' lang='grc' dir='ltr'>τος</span> <span class='ocrx_word' id='word_1_584' title='bbox 2381 4837 2548 4905; x_wconf 72' lang='grc' dir='ltr'><strong>ἣτῶν</strong></span> <span class='ocrx_word' id='word_1_585' title='bbox 2590 4833 2917 4892; x_wconf 65' lang='grc' dir='ltr'>διδασκάλων</span> <span class='ocrx_word' id='word_1_586' title='bbox 2958 4834 3107 4913; x_wconf 85' lang='grc' dir='ltr'>τριὰς</span> <span class='ocrx_word' id='word_1_587' title='bbox 3130 4835 3503 4912; x_wconf 66' lang='grc' dir='ltr'>ῥητορεύουσι.</span> 
     </span>
    </p>
   </div>
   <div class='ocr_carea' id='block_1_99' title="bbox 579 5010 2145 5102">
    <p class='ocr_par' dir='ltr' id='par_1_99' title="bbox 579 5017 2120 5102">
     <span class='ocr_line' id='line_1_99' title="bbox 579 5017 2120 5102; baseline 0.004 -24"><span class='ocrx_word' id='word_1_588' title='bbox 579 5017 771 5079; x_wconf 58' lang='grc' dir='ltr'>πίνας</span> <span class='ocrx_word' id='word_1_589' title='bbox 801 5018 1112 5081; x_wconf 70' lang='lat' dir='ltr'><strong>ambrosiae</strong></span> <span class='ocrx_word' id='word_1_590' title='bbox 1134 5019 1261 5081; x_wconf 85' lang='lat' dir='ltr'><strong>ﬂuit</strong></span> <span class='ocrx_word' id='word_1_591' title='bbox 1292 5026 1350 5079; x_wconf 90' lang='lat' dir='ltr'><strong>et</strong></span> <span class='ocrx_word' id='word_1_592' title='bbox 1389 5022 1651 5082; x_wconf 88' lang='lat' dir='ltr'><strong>nectaris</strong></span> <span class='ocrx_word' id='word_1_593' title='bbox 1698 5042 1714 5102; x_wconf 85' lang='lat'><strong>;</strong></span> <span class='ocrx_word' id='word_1_594' title='bbox 1775 5020 1904 5083; x_wconf 82' lang='lat' dir='ltr'><strong>fluit</strong></span> <span class='ocrx_word' id='word_1_595' title='bbox 1948 5021 2120 5085; x_wconf 90' lang='lat' dir='ltr'><strong>cibus</strong></span> 
     </span>
    </p>
   </div>
   <div class='ocr_carea' id='block_1_100' title="bbox 2249 5010 3869 5102">
    <p class='ocr_par' dir='ltr' id='par_1_100' title="bbox 2317 5010 3869 5093">
     <span class='ocr_line' id='line_1_100' title="bbox 2317 5010 3869 5093; baseline 0 -20"><span class='ocrx_word' id='word_1_596' title='bbox 2317 5031 2431 5081; x_wconf 70' lang='grc' dir='ltr'>τετ</span> <span class='ocrx_word' id='word_1_597' title='bbox 2457 5016 2699 5091; x_wconf 80' lang='grc' dir='ltr'>ποταμὸς</span> <span class='ocrx_word' id='word_1_598' title='bbox 2728 5010 3016 5092; x_wconf 81' lang='grc' dir='ltr'>ἀμϐροσίαν</span> <span class='ocrx_word' id='word_1_599' title='bbox 3060 5013 3149 5069; x_wconf 82' lang='grc' dir='ltr'><strong>καὶ</strong></span> <span class='ocrx_word' id='word_1_600' title='bbox 3202 5013 3480 5093; x_wconf 77' lang='grc' dir='ltr'>νεκταῤῥεῐ</span> <span class='ocrx_word' id='word_1_601' title='bbox 3528 5030 3661 5083; x_wconf 73' lang='grc' dir='ltr'>ταῖς</span> <span class='ocrx_word' id='word_1_602' title='bbox 3742 5037 3869 5073; x_wconf 83' lang='grc' dir='ltr'>πει-</span> 
     </span>
    </p>
   </div>
   <div class='ocr_carea' id='block_1_101' title="bbox 482 5102 2145 5189">
    <p class='ocr_par' dir='ltr' id='par_1_101' title="bbox 482 5105 2122 5189">
     <span class='ocr_line' id='line_1_101' title="bbox 482 5105 2122 5189; baseline 0.003 -21"><span class='ocrx_word' id='word_1_603' title='bbox 482 5105 835 5170; x_wconf 87' lang='lat' dir='ltr'><strong>immortalis</strong></span> <span class='ocrx_word' id='word_1_604' title='bbox 860 5107 1286 5189; x_wconf 89' lang='lat' dir='ltr'><strong>esurientibus,</strong></span> <span class='ocrx_word' id='word_1_605' title='bbox 1338 5116 1395 5169; x_wconf 83' lang='lat' dir='ltr'><strong>et</strong></span> <span class='ocrx_word' id='word_1_606' title='bbox 1452 5109 1796 5171; x_wconf 90' lang='lat' dir='ltr'><strong>sitientibus</strong></span> <span class='ocrx_word' id='word_1_607' title='bbox 1846 5111 2122 5173; x_wconf 85' lang='lat' dir='ltr'><strong>incorru—</strong></span> 
     </span>
    </p>
   </div>
   <div class='ocr_carea' id='block_1_102' title="bbox 2249 5102 3870 5189">
    <p class='ocr_par' dir='ltr' id='par_1_102' title="bbox 2249 5102 3870 5187">
     <span class='ocr_line' id='line_1_102' title="bbox 2249 5102 3870 5187; baseline -0.004 -19"><span class='ocrx_word' id='word_1_608' title='bbox 2249 5118 2370 5168; x_wconf 75' lang='grc' dir='ltr'>ὦσιν</span> <span class='ocrx_word' id='word_1_609' title='bbox 2428 5108 2682 5168; x_wconf 74' lang='grc' dir='ltr'>ἀθάνατος</span> <span class='ocrx_word' id='word_1_610' title='bbox 2727 5105 2944 5182; x_wconf 78' lang='grc' dir='ltr'>βρῶσις,</span> <span class='ocrx_word' id='word_1_611' title='bbox 3003 5105 3089 5158; x_wconf 83' lang='grc' dir='ltr'><strong>καὶ</strong></span> <span class='ocrx_word' id='word_1_612' title='bbox 3144 5103 3266 5169; x_wconf 82' lang='grc' dir='ltr'>τοῖς</span> <span class='ocrx_word' id='word_1_613' title='bbox 3319 5102 3543 5180; x_wconf 76' lang='grc' dir='ltr'>διψῶσιν</span> <span class='ocrx_word' id='word_1_614' title='bbox 3603 5105 3870 5187; x_wconf 71' lang='grc' dir='ltr'>ἄφθαρτος</span> 
     </span>
    </p>
   </div>
   <div class='ocr_carea' id='block_1_103' title="bbox 480 5191 2145 5278">
    <p class='ocr_par' dir='ltr' id='par_1_103' title="bbox 480 5198 2124 5278">
     <span class='ocr_line' id='line_1_103' title="bbox 480 5198 2124 5278; baseline 0.003 -22"><span class='ocrx_word' id='word_1_615' title='bbox 480 5204 617 5277; x_wconf 81' lang='lat' dir='ltr'><strong>plus</strong></span> <span class='ocrx_word' id='word_1_616' title='bbox 639 5204 831 5276; x_wconf 92' lang='lat' dir='ltr'><strong>potus,</strong></span> <span class='ocrx_word' id='word_1_617' title='bbox 864 5216 1015 5278; x_wconf 87' lang='lat' dir='ltr'><strong>aqua</strong></span> <span class='ocrx_word' id='word_1_618' title='bbox 1041 5199 1243 5257; x_wconf 89' lang='lat' dir='ltr'><strong>vivens</strong></span> <span class='ocrx_word' id='word_1_619' title='bbox 1272 5198 1334 5257; x_wconf 92' lang='lat' dir='ltr'><strong>in</strong></span> <span class='ocrx_word' id='word_1_620' title='bbox 1355 5199 1597 5275; x_wconf 59' lang='lat' dir='ltr'><strong>saecula,</strong></span> <span class='ocrx_word' id='word_1_621' title='bbox 1633 5209 1692 5260; x_wconf 90' lang='lat' dir='ltr'><strong>et</strong></span> <span class='ocrx_word' id='word_1_622' title='bbox 1736 5198 2011 5262; x_wconf 90' lang='lat' dir='ltr'><strong>bibentes</strong></span> <span class='ocrx_word' id='word_1_623' title='bbox 2064 5200 2124 5261; x_wconf 90' lang='lat' dir='ltr'><strong>in</strong></span> 
     </span>
    </p>
   </div>
   <div class='ocr_carea' id='block_1_104' title="bbox 2249 5191 3866 5278">
    <p class='ocr_par' dir='ltr' id='par_1_104' title="bbox 2251 5191 3866 5276">
     <span class='ocr_line' id='line_1_104' title="bbox 2251 5191 3866 5276; baseline -0.006 -20"><span class='ocrx_word' id='word_1_624' title='bbox 2251 5201 2385 5276; x_wconf 91' lang='grc' dir='ltr'>όσις,</span> <span class='ocrx_word' id='word_1_625' title='bbox 2436 5195 2572 5275; x_wconf 76' lang='grc' dir='ltr'>ὕδωρ</span> <span class='ocrx_word' id='word_1_626' title='bbox 2602 5200 2707 5266; x_wconf 83' lang='grc' dir='ltr'>ζῶν</span> <span class='ocrx_word' id='word_1_627' title='bbox 2733 5196 2806 5257; x_wconf 90' lang='grc' dir='ltr'><strong>εὶς</strong></span> <span class='ocrx_word' id='word_1_628' title='bbox 2849 5193 3042 5255; x_wconf 78' lang='grc' dir='ltr'>αἰῶνας</span> <span class='ocrx_word' id='word_1_629' title='bbox 3074 5193 3159 5249; x_wconf 80' lang='grc' dir='ltr'><strong>καὶ</strong></span> <span class='ocrx_word' id='word_1_630' title='bbox 3187 5191 3417 5274; x_wconf 80' lang='grc' dir='ltr'>συνέχον</span> <span class='ocrx_word' id='word_1_631' title='bbox 3472 5200 3686 5265; x_wconf 75' lang='grc' dir='ltr'>ζῶντας</span> <span class='ocrx_word' id='word_1_632' title='bbox 3748 5198 3866 5259; x_wconf 77' lang='grc' dir='ltr'>τοὺς</span> 
     </span>
    </p>
   </div>
   <div class='ocr_carea' id='block_1_105' title="bbox 478 5279 2145 5367">
    <p class='ocr_par' dir='ltr' id='par_1_105' title="bbox 478 5282 2123 5367">
     <span class='ocr_line' id='line_1_105' title="bbox 478 5282 2123 5367; baseline 0.004 -24"><span class='ocrx_word' id='word_1_633' title='bbox 478 5284 623 5345; x_wconf 86' lang='lat' dir='ltr'><strong>vivis</strong></span> <span class='ocrx_word' id='word_1_634' title='bbox 652 5303 1029 5348; x_wconf 87' lang='lat' dir='ltr'><strong>conservans.</strong></span> <span class='ocrx_word' id='word_1_635' title='bbox 1079 5282 1300 5347; x_wconf 91' lang='lat' dir='ltr'><strong>Omnes</strong></span> <span class='ocrx_word' id='word_1_636' title='bbox 1348 5286 1464 5347; x_wconf 88' lang='lat' dir='ltr'><strong>vita</strong></span> <span class='ocrx_word' id='word_1_637' title='bbox 1499 5287 1841 5349; x_wconf 86' lang='lat' dir='ltr'><strong>exundante</strong></span> <span class='ocrx_word' id='word_1_638' title='bbox 1900 5289 2123 5367; x_wconf 90' lang='lat' dir='ltr'><strong>imple-</strong></span> 
     </span>
    </p>
   </div>
   <div class='ocr_carea' id='block_1_106' title="bbox 2249 5279 3866 5367">
    <p class='ocr_par' dir='ltr' id='par_1_106' title="bbox 2253 5279 3866 5364">
     <span class='ocr_line' id='line_1_106' title="bbox 2253 5279 3866 5364; baseline 0.002 -19"><span class='ocrx_word' id='word_1_639' title='bbox 2253 5292 2479 5351; x_wconf 83' lang='grc' dir='ltr'>ίνοντας⁸</span> <span class='ocrx_word' id='word_1_640' title='bbox 2516 5283 2709 5347; x_wconf 73' lang='grc' dir='ltr'>πάντες</span> <span class='ocrx_word' id='word_1_641' title='bbox 2783 5279 3212 5361; x_wconf 80' lang='grc' dir='ltr'>πλημμυρούσης</span> <span class='ocrx_word' id='word_1_642' title='bbox 3269 5287 3415 5353; x_wconf 79' lang='grc' dir='ltr'>ζωῆς</span> <span class='ocrx_word' id='word_1_643' title='bbox 3486 5282 3866 5364; x_wconf 73' lang='grc' dir='ltr'>ἐμφορήθητε.</span> 
     </span>
    </p>
   </div>
   <div class='ocr_carea' id='block_1_107' title="bbox 480 5372 2145 5442">
    <p class='ocr_par' dir='ltr' id='par_1_107' title="bbox 480 5372 2121 5442">
     <span class='ocr_line' id='line_1_107' title="bbox 480 5372 2121 5442; baseline 0.005 -9"><span class='ocrx_word' id='word_1_644' title='bbox 480 5372 646 5436; x_wconf 84' lang='lat' dir='ltr'><strong>mini.</strong></span> <span class='ocrx_word' id='word_1_645' title='bbox 1858 5378 2121 5442; x_wconf 85' lang='lat' dir='ltr'><strong>Mariale.</strong></span> 
     </span>
    </p>
   </div>
   <div class='ocr_carea' id='block_1_108' title="bbox 2249 5372 3868 5442">
    <p class='ocr_par' dir='ltr' id='par_1_108' title="bbox 3543 5374 3868 5433">
     <span class='ocr_line' id='line_1_108' title="bbox 3543 5374 3868 5433; baseline 0.015 -5"><span class='ocrx_word' id='word_1_646' title='bbox 3543 5374 3868 5433; x_wconf 75' lang='grc' dir='ltr'>Θεοτόκιον.</span> 
     </span>
    </p>
   </div>
   <div class='ocr_carea' id='block_1_109' title="bbox 575 5540 2145 5629">
    <p class='ocr_par' dir='ltr' id='par_1_109' title="bbox 575 5546 2115 5627">
     <span class='ocr_line' id='line_1_109' title="bbox 575 5546 2115 5627; baseline 0.001 -19"><span class='ocrx_word' id='word_1_647' title='bbox 575 5560 966 5627; x_wconf 53' lang='lat' dir='ltr'><strong>exsuperans</strong></span> <span class='ocrx_word' id='word_1_648' title='bbox 995 5546 1217 5610; x_wconf 89' lang='lat' dir='ltr'><strong>malitia</strong></span> <span class='ocrx_word' id='word_1_649' title='bbox 1245 5548 1304 5610; x_wconf 92' lang='lat' dir='ltr'><strong>in</strong></span> <span class='ocrx_word' id='word_1_650' title='bbox 1332 5567 1443 5611; x_wconf 90' lang='lat' dir='ltr'><strong>nos</strong></span> <span class='ocrx_word' id='word_1_651' title='bbox 1468 5548 1673 5612; x_wconf 87' lang='lat' dir='ltr'><strong>habuit</strong></span> <span class='ocrx_word' id='word_1_652' title='bbox 1715 5558 2069 5613; x_wconf 87' lang='lat' dir='ltr'><strong>notestatem</strong></span> <span class='ocrx_word' id='word_1_653' title='bbox 2099 5567 2115 5609; x_wconf 89' lang='lat'><strong>:</strong></span> 
     </span>
    </p>
   </div>
   <div class='ocr_carea' id='block_1_110' title="bbox 2249 5540 3867 5629">
    <p class='ocr_par' dir='ltr' id='par_1_110' title="bbox 2308 5540 3867 5629">
     <span class='ocr_line' id='line_1_110' title="bbox 2308 5540 3867 5629; baseline -0.004 -22"><span class='ocrx_word' id='word_1_654' title='bbox 2308 5570 2502 5629; x_wconf 68' lang='lat' dir='ltr'><strong>tuncer</strong></span> <span class='ocrx_word' id='word_1_655' title='bbox 2532 5546 2689 5626; x_wconf 70' lang='grc' dir='ltr'>ἰσχὺν</span> <span class='ocrx_word' id='word_1_656' title='bbox 2716 5542 2835 5603; x_wconf 84' lang='grc' dir='ltr'>καθ’</span> <span class='ocrx_word' id='word_1_657' title='bbox 2890 5544 3043 5618; x_wconf 75' lang='grc' dir='ltr'>ἡμῶν</span> <span class='ocrx_word' id='word_1_658' title='bbox 3100 5542 3136 5608; x_wconf 56' lang='lat' dir='ltr'><strong>in</strong></span> <span class='ocrx_word' id='word_1_659' title='bbox 3207 5543 3387 5602; x_wconf 86' lang='grc' dir='ltr'>κακία⁶</span> <span class='ocrx_word' id='word_1_660' title='bbox 3410 5540 3528 5599; x_wconf 80' lang='grc' dir='ltr'>αλλ’</span> <span class='ocrx_word' id='word_1_661' title='bbox 3608 5549 3712 5605; x_wconf 66' lang='grc' dir='ltr'><strong>οὐκ</strong></span> <span class='ocrx_word' id='word_1_662' title='bbox 3782 5557 3867 5609; x_wconf 71' lang='grc' dir='ltr'>εἷς</span> 
     </span>
    </p>
   </div>
  </div>
