4096 6210
1300 228 1739 294 ACOLUTHIA
1785 228 2173 328 TilIPLICIS
2215 235 2458 298 FESTI.

3387 261 3594 313 GCCLIX

220 368 374 430 τέλος
405 382 420 397 ⁸
462 367 714 437 ἠσθένησε
768 367 868 446 γὰρ
920 365 1057 425 κατὰ
1090 365 1186 433 τὴν
1219 365 1477 444 Παρθένον
1507 368 1596 424 τὸν
1625 366 1680 423 ἐν
1709 367 1903 448 ίσχύϊλ

1987 374 2007 428 t
2038 368 2246 463 nonin
2276 371 2454 434 finem
2484 391 2694 454 usque.
2729 374 2832 438 Est
2852 378 3013 440 enim
3046 378 3372 457 debilitata,
3427 393 3592 463 post-

223 456 442 516 δυνατὸν
471 471 752 518 τετοκυῖαν
778 455 1067 514 ὑπελθόντα
1116 458 1310 535 σαρκὸς
1342 455 1629 530 ἀσθένειαν,
1665 457 1748 513 καὶ
1779 458 1870 514 τὸν

1994 475 2128 549 u_am
2161 456 2339 549 Virgo
2372 466 2602 544 peperit
2625 472 2927 545 potentem
2957 467 3194 543 virtute,
3235 455 3364 549 qui
3396 455 3598 535 carnis

223 547 438 605 δυνατὸν
482 546 536 604 ἐν
581 547 738 621 κακίᾳ
767 545 1126 623 νεκρώσαντα.

1951 544 2354 695 intﬁrmitatem
2383 551 2592 630 subiit,
2627 544 2686 616 et
2711 562 3010 634 potentem
3059 544 3280 621 malitia
3329 570 3596 641 prostra-

1953 652 2004 695 vi
2041 686 2053 695 .

1953 652 2053 698 νιι.

1138 790 1367 855 Exhinc
1399 791 1782 856 continuatur
1810 793 2109 855 secundus
2137 797 2211 860 de
2243 801 2462 863 sanctis
2489 820 2703 868 canon.

305 965 546 1031 ”Αλλος.
580 965 740 1024 Ἰνατί
771 987 837 1042 με
869 965 1092 1023 ἀπώσω.

305 1058 440 1122 Τοὺς
501 1063 609 1112 τῶν
661 1055 812 1112 θείων
862 1053 1192 1134 πραγμάτων
1235 1055 1323 1109 καὶ
1376 1056 1482 1110 τῶν
1535 1053 1872 1132 ἀνθρωπίνων

226 1152 402 1225 σοφῶς
453 1146 844 1220 ἐπιστήμονας,
902 1145 994 1208 τὰς
1060 1149 1166 1200 τῶν
1195 1142 1361 1199 ὄντων
1406 1143 1587 1222 φύσεις
1638 1141 1873 1223 φιλαλή-

226 1240 324 1300 θως
379 1238 518 1311 ἡμῖν
581 1236 996 1316 σαφηνίσαντας,
1029 1235 1117 1290 καὶ
1147 1234 1240 1290 τὸν
1267 1233 1467 1290 τούτων
1511 1234 1731 1298 κτίστην
1761 1238 1871 1288 πᾶ-

224 1348 274 1381 σι
304 1325 691 1406 γνωρίσαντας,
748 1327 821 1387 ὡς
871 1324 1040 1400 θέμις,
1096 1324 1429 1403 εὐχαρίστως
1463 1334 1670 1404 φωναῖς
1714 1321 1871 1396 ἂμειο

225 1415 450 1491 ψώμεθα
460 1459 476 1474 .

304 1507 377 1562 Τὸ
459 1516 742 1583 πικρατνον
827 1503 914 1559 καὶ
979 1503 1171 1583 στύφον
1247 1507 1353 1558 τῶν
1423 1503 1553 1572 πρὸς
1612 1501 1876 1579 σωτηρίαν

224 1595 520 1675 φαρμάκων
571 1592 865 1673 ἒγλύκαναν
920 1605 1044 1655 ταῖς
1119 1592 1316 1667 σοφαῖς
1368 1592 1476 1648 τῶν
1546 1590 1724 1670 λόγων
1783 1591 1874 1647 ἐπ’

225 1682 390 1756 ῳδαῖς
435 1704 493 1739 τε
549 1684 639 1739 καὶ
679 1682 896 1762 τέχναις
927 1683 1016 1738 καὶ
1059 1681 1243 1761 χάρισι
1286 1685 1392 1737 τῶν
1436 1685 1627 1760 ψνχῶν
1658 1683 1707 1738 οἱ
1735 1681 1876 1737 θεῖοι

224 1774 539 1852 θεραπευταί
561 1788 576 1803 ⁸
609 1771 879 1850 θέλγεσθε,
914 1772 1108 1834 πάντες
1136 1766 1395 1845 εὐσεϐεῖς,
1445 1771 1532 1826 καὶ
1561 1771 1876 1847 τερπόμενοι

229 1864 477 1934 σώζεσθε.

310 1957 504 2023 Σιωπᾷ
533 1950 691 2029 λόγος
723 1950 893 2030 ἅπας,
924 1956 1030 2007 τῶν
1071 1950 1410 2026 θεοκηρύκων
1451 1947 1754 2006 λαλούντων
1812 1950 1876 2005 τὰ

233 2039 404 2121 ἔνθεα,
453 2042 541 2097 καὶ
597 2052 787 2118 κρατεῖ
828 2044 925 2107 τῆς
979 2039 1142 2097 πάλαι
1210 2039 1479 2108 Διαθήκης
1529 2040 1566 2107 ἡ
1601 2038 1708 2095 Νέα
1738 2059 1873 2116 προ-

225 2127 494 2189 ϐάλλουσα
545 2130 610 2185 τὰ
654 2130 821 2186 σεπτόι
865 2127 1018 2195 πυξία
1047 2133 1154 2185 τῶν
1183 2128 1238 2184 ἒν
1268 2129 1401 2205 αὐτῇ
1431 2126 1872 2208 νομοθετούντων,

225 2219 308 2282 οἷς
343 2219 643 2298 ῥυθμίζεται
675 2225 778 2284 πᾶς
803 2219 1008 2275 πιστῶν
1034 2217 1319 2297 σύλλογος.
1568 2218 1870 2279 Θεοτόκιον,

307 2399 420 2465 Τὴν
452 2397 708 2454 ἀθάνατον
740 2398 891 2476 φύσιν
954 2399 983 2466 ἦ
1022 2397 1192 2465 θνητὴ
1238 2394 1567 2476 παρέδραμεν
1594 2398 1668 2462 εἷς
1720 2397 1872 2474 ἆγιὸ·

229 2508 392 2562 τητα,
453 2486 543 2542 καὶ
597 2485 856 2564 Παρθένος
916 2486 1051 2565 κόρη
1100 2485 1221 2549 τοὺς
1293 2484 1554 2562 ἀσάρκους
1617 2483 1874 2563 ἀγγέλους

232 2575 563 2656 παρήλασεν,
612 2577 682 2636 ὡς
733 2577 864 2632 Θεὸν
921 2581 1146 2633 τεκοῦσα
1189 2576 1283 2631 τὸν
1324 2573 1544 2650 βασιλέα
1575 2581 1680 2631 τῶν
1707 2573 1875 2652 ἇγγέο

230 2665 363 2746 λων,
392 2672 440 2741 ᾧ
469 2664 820 2744 προσϐλέπειν
852 2664 1070 2730 ἐκείνοις
1097 2665 1376 2728 ὰσύνατον,
1545 2661 1871 2722 Καταϐασία.

308 2755 407 2820 Ὠς
466 2753 608 2811 εἶδεν
660 2754 889 2819 Ἠσαίας
935 2751 1272 2830 συμϐολικῶς
1333 2753 1386 2810 ὲν
1433 2753 1602 2832 θρόνῳ
1629 2753 1873 2831 ἐπηρμέ-

233 2869 306 2919 νῳ
335 2846 466 2901 Θεὸν
493 2844 593 2901 ὐπὸ
626 2843 871 2922 ἀγγέλων
930 2842 1084 2911 δόξης
1135 2841 1602 2924 δορυφορούμενον,
1638 2840 1722 2897 ’Ὤ
1774 2843 1876 2898 τὰς

229 2932 352 3008 λας,
386 2930 535 3007 ἐϐόα,
569 2933 706 3011 ἒγώὶ
766 2935 868 3011 πρὸ
911 2933 1011 3010 γὰρ
1062 2929 1205 2989 εἶδον
1251 2933 1666 3008 σωματούμενον
1721 2933 1875 3010 Θεὸν,

229 3023 409 3104 ama;
439 3021 730 3102 ἆνεσπέρου
759 3024 846 3080 καὶ
875 3023 1087 3102 εἰρήνης
1112 3019 1455 3094 δεσπόζοντα.

738 3208 878 3282 ῼΔΗ
925 3200 1026 3277 ς’.
1075 3198 1135 3258 Ὀ
1179 3200 1380 3281 εἶρμός,

2047 957 2182 1020 183.
2214 959 2403 1043 Alius,
2436 965 2590 1025 sicut
2613 962 2770 1022 ’[νατί
2798 989 2864 1042 με
2893 968 3093 1026 άπῶσω

2038 1045 2377 1111 Divinarum
2408 1052 2924 1136 humanarumque
2948 1075 3149 1120 rerum
3181 1062 3431 1123 scientia
3480 1062 3599 1124 im-

1958 1132 2158 1217 butos,
2183 1140 2280 1218 qui
2337 1141 2535 1203 studio
2568 1132 2844 1206 veritatis
2886 1156 3129 1209 naturas
3177 1167 3380 1210 rerum
3430 1151 3603 1214 nobis

1959 1225 2308 1304 enodarunt,
2347 1231 2691 1312 cunctisque
2723 1234 3116 1297 ostenderunt
3148 1237 3381 1301 illarum
3432 1241 3604 1320 opifi-

1960 1331 2126 1407 cem,
2147 1334 2609 1382 remuneremur
2639 1321 2723 1402 (ut
2753 1341 2986 1405 aequum
3018 1327 3129 1407 est)
3161 1328 3485 1406 gratiarum
3510 1349 3604 1396 ac-

1962 1403 2244 1468 tionibus.

2039 1493 2374 1558 Salubrium
2448 1500 2902 1580 pharmacorum
2970 1503 3302 1568 amaritiem
3367 1507 3600 1570 dulcem

1959 1582 2351 1646 reddiderunt
2379 1586 2569 1651 doctis
2599 1608 2941 1654 sermonum
2981 1592 3300 1674 illecebris,
3335 1597 3602 1660 artibus-

1960 1691 2075 1752 que
2106 1682 2168 1736 et
2197 1674 2497 1755 leporibus
2529 1680 2713 1742 divini
2749 1682 2968 1743 medici
3008 1684 3370 1748 animarum.
3409 1689 3605 1750 Laeta-

1961 1763 2129 1839 mini,
2166 1763 2242 1843 pii
2268 1784 2501 1843 omnes,
2552 1778 2770 1831 etcum
2819 1771 3196 1852 jucunditate
3227 1775 3299 1837 ad
3352 1778 3604 1839 salutem

1962 1852 2318 1916 incumbite.

2041 1944 2418 2007 Praeconibus
2443 1945 2661 2010 divinis
2701 1947 2899 2010 divina
2929 1952 3340 2029 tractantibus,
3406 1955 3604 2018 omnis

1957 2049 2155 2094 sermo
2191 2041 2345 2096 tacet
2379 2056 2394 2111 ;
2428 2043 2486 2097 et
2512 2033 2650 2099 Test
2666 2047 2900 2101 amento
2933 2038 3166 2102 'Vetere
3197 2050 3433 2122 praestat
3481 2046 3610 2107 No-

1959 2139 2117 2215 vum,
2146 2141 2486 2215 proponens
2504 2129 2800 2215 pretiosas
2829 2127 3057 2191 tabulas
3080 2149 3328 2194 suarum
3371 2133 3600 2215 legum,

1959 2209 2174 2291 quibus
2206 2219 2325 2273 tota
2354 2212 2621 2278 ﬁdelium
2668 2216 3004 2297 respublica
3051 2219 3280 2299 regitur
3328 2239 3395 2283 ac
3436 2209 3604 2285 tem-1

1961 2311 2222 2378 peratur.
3333 2310 3596 2376 Mariale.

2038 2388 2316 2452 Naturam
2345 2390 2744 2456 immortalem
2767 2395 3033 2458 mortalis
3061 2400 3447 2476 prmeucurrit
3471 2419 3604 2462 san-

1959 2478 2184 2560 ctitate,
2219 2487 2279 2542 et
2314 2480 2510 2560 puella
2539 2481 2716 2562 Virgo
2771 2485 3076 2564 superavit
3117 2487 3318 2548 carnis
3376 2507 3602 2570 exper-

1960 2576 2049 2630 tes
2106 2570 2371 2650 angelos,
2433 2573 2670 2650 quando
2723 2574 2930 2651 genuit
2989 2592 3193 2653 regem
3251 2579 3602 2654 angelorum

1959 2657 2168 2739 Deum,
2209 2677 2386 2738 quem
2410 2659 2496 2721 illi
2523 2661 2755 2724 obtueri
2785 2662 2943 2724 haud
2969 2669 3241 2744 possunt.
3275 2666 3610 2732 Catabasia.

2043 2747 2120 2810 Ut
2147 2749 2288 2810 vidit
2310 2747 2493 2810 Isaias
2516 2750 2844 2831 symbolice
2860 2752 2923 2814 in
2953 2753 3190 2815 excelso
3213 2754 3364 2816 solio
3386 2755 3604 2832 Deum,

1961 2836 2148 2916 gloria
2177 2838 2523 2916 angelorum
2585 2852 2865 2921 tanquam
2932 2841 3210 2904 satellitio
3271 2843 3600 2925 stipatum:

1962 2927 2142 2989 Miser
2195 2927 2342 3008 ego!
2407 2929 2816 2996 exclamabat:
2861 2949 3059 2993 coram
3113 2932 3270 2994 enim
3298 2933 3414 2996 vidi
3470 2952 3608 2996 cor-

1963 3034 2108 3097 pore
2138 3016 2409 3079 indutum
2443 3019 2657 3094 Deum,
2691 3019 2807 3083 luci
2838 3038 3154 3102 vesperum
3188 3039 3308 3084 non
3371 3021 3610 3086 habenti

1964 3107 2216 3188 pacique
2253 3105 2658 3170 dominantem
2698 3109 2811 3190 (α).

2423 3197 2563 3258 184.
2599 3195 2748 3261 ODE
2778 3199 2839 3264 6.
2870 3198 3134 3262 Hirmus.

317 3289 410 3348 Ἐν
467 3287 678 3364 ἂϐόσσῳ
728 3275 1080 3368 ⁴ιέταισμᾶτων
1147 3275 1503 3367 κυκλούμενος
1547 3289 1644 3357 τὴν
1704 3286 1903 3355 ἀνεξι-¹

2047 3286 2170 3363 Ego
2201 3288 2299 3368 qui
2325 3287 2385 3348 in
2406 3285 2639 3368 'abysso
2671 3297 3050 3369 peccatorum
3084 3289 3338 3366 volutor,
3402 3293 3609 3353 inves-

233 3380 497 3462 χνίαστον
526 3383 623 3450 τῆς
655 3379 1053 3462 εὐσπλαγχνίας
1096 3403 1189 3438 σου
1231 3379 1581 3456 ἐπικαλοῦμαι
1613 3377 1836 3437 ἄϐυσσον
1863 3398 1875 3412 ⁶

237 3469 302 3526 ιι
332 3473 549 3550 φθορᾶς,
581 3470 610 3526 ό
641 3471 794 3544 Θεὸς,
830 3473 898 3546 μὲ
929 3471 1187 3550 ἀνάγαγε,

325 3560 600 3638 Σωτηρίας
648 3558 838 3636 λιμένα
897 3559 1174 3638 γινώσκων
1233 3581 1318 3636 σε,
1363 3557 1542 3617 πλέων
1580 3558 1882 3638 πολυφρόν-

237 3647 378 3711 τιδος
422 3649 537 3724 βίου
568 3651 629 3704 τὸ
659 3649 893 3729 πέλαγος
940 3647 1320 3729 ἐπικαλοῦμαι,
1370 3646 1882 3727 Δέσποινα,ξκυϐερ-

236 3740 407 3808 νήτην
439 3741 629 3818 ψυχῆς
658 3761 760 3813 μου
786 3739 1028 3817 γενέσθαι
1060 3759 1139 3798 σε.

322 3827 488 3906 ἰερᾶς
547 3827 816 3894 πολιτείας
859 3827 1183 3886 ἑκπέπτωκα
1233 3828 1476 3905 ῥᾳθυμῶν
1532 3831 1560 3886 ὁ
1601 3826 1828 3892 δείλαιος
1862 3842 1877 3857 ⁸

238 3915 362 3973 ἀλλ’
391 3917 721 3996 ἰπανάγαγε,
752 3916 1092 3996 εὐλογημένη
1122 3918 1382 3998 πάναγνε,
1428 3921 1761 3998 προπαγαῖς
1791 3924 1883 3974 τοῦ

238 4007 362 4062 Ποῦ
389 4028 482 4065 σου
511 4004 847 4085 ρυθμίζουσα.

320 4181 567 4249 "Aliae.
615 4185 653 4215 ”
662 4184 898 4252 Αϐοσσος
930 4186 1356 4266 ἁμαρτημάτων.

338 4351 485 4411 -ιδια
553 4354 610 4412 έν
664 4361 734 4432 τῇ
788 4354 970 4434 Τριάδι
1029 4356 1212 4433 τριττὰ
1277 4352 1674 4434 συνθεολογεττε
1707 4370 1722 4387 ⁸
1784 4355 1885 4423 τιὶν

241 4445 558 4522 ἀγεννησίαν
603 4450 698 4503 τοῦ
729 4446 949 4525 πατρὸς,
983 4445 1074 4503 τοῦ
1116 4446 1290 4524 Λόγου
1337 4445 1438 4514 τὴν
1478 4444 1749 4524 γέννησιν,
1798 4447 1885 4501 καὶ

244 4535 542 4610 Πνεόματος
575 4535 675 4604 τὴν
704 4533 1010 4614 ὶκπόρευσιν
1036 4535 1220 4611 μόνου.

344 4714 605 4791 Μήμερον
639 4712 718 4788 τῷ
766 4711 905 4787 ὁῖκῳ
949 4713 1122 4788 τούτῳ
1151 4713 1440 4794 περιφανὴς
1472 4713 1709 4792 σωτηρία
1733 4728 1747 4744 ⁸
1796 4711 1887 4771 δύο

246 4802 345 4884 γὰρ
387 4805 480 4860 καὶ
512 4815 659 4882 τρεῖς
689 4802 1046 4882 συνηγμένους
1090 4804 1312 4882 Χριστὸς
1343 4804 1417 4868 εἰς
1446 4803 1507 4859 τὸ
1531 4802 1700 4878 ὄνομα
1732 4802 1892 4860 αὐτοῦ

246 4893 445 4968 τιμῶν,
493 4891 666 4966 μέσος
686 4892 905 4970 πάρεστι
933 4893 1156 4953 τούτων.

349 5093 586 5153 >πειρον
615 5078 716 5142 τῆς
750 5080 851 5154 γῆς
880 5076 942 5132 τὸ
1000 5073 1161 5153 βάθος
1204 5075 1336 5155 πρὸς
1366 5074 1428 5130 τὸ
1460 5073 1700 5154 οὐράνιον
1730 5074 1887 5151 ὕψος,

249 5159 370 5218 ἀλλ’
401 5163 503 5220 ἀπὸ
523 5168 627 5231 τῆς
677 5163 778 5241 γῆς
808 5166 929 5228 τούς
973 5163 1150 5243 ἁγίους
1180 5162 1360 5244 έξῆρεν
1390 5162 1632 5220 ἐπέκεινα
1661 5169 1767 5220 τῶν
1801 5164 1890 5221 οὐ.

250 5254 418 5329 ρανὼν
447 5255 475 5310 ὸ
505 5253 745 5334 οὐράνιος
779 5253 933 5331 ἔρως.
1589 5253 1888 5316 Θεοτόκιον,

353 5343 496 5401 Ζέὰν
556 5363 616 5400 σε
669 5343 880 5423 πηγὴν,
941 5342 1190 5424 Παρθένε,
1236 5343 1325 5399 καὶ
1380 5341 1622 5422 ἀφορμὴν
1683 5364 1892 5418 μυστη-

352 5554 435 5636 (e)
462 5558 576 5622 ιω.
611 5556 698 5639 vi,
739 5557 789 5618 i.

1966 3374 2271 3454 tigabilem
2302 3375 2734 3439 misericordia
2765 3385 2881 3441 tuae
2907 3378 3160 3460 imploro
3195 3378 3494 3460 abyssum.
3527 3379 3609 3443 Ex

1968 3463 2213 3527 interitu
2244 3463 2396 3528 educ
2426 3483 2522 3527 me
2553 3467 2733 3529 Deus.

2047 3553 2266 3616 Salutis
2299 3561 2530 3635 portum
2561 3572 2841 3634 agnosco,
2878 3563 2960 3639 te,
3013 3555 3288 3632 Domina,
3325 3566 3385 3620 et
3443 3557 3610 3618 navi-

1968 3661 2112 3723 gans
2143 3643 2412 3705 sollicita;
2441 3643 2577 3705 vita;
2610 3644 2878 3724 pelagus,
2925 3645 3197 3728 obsecro,
3227 3655 3292 3709 ut
3319 3647 3614 3727 guberna-

1969 3732 2079 3794 trix
2114 3733 2330 3794 animae
2359 3732 2440 3794 sis
2472 3751 2648 3794 meze.

2047 3822 2354 3885 Sanctiore
2381 3830 2533 3884 statu
2576 3823 2791 3904 excidi,
2854 3824 2996 3902 quia
3056 3826 3238 3888 miser
3294 3827 3608 3908 torpebam

1967 3913 2110 3974 otio.
2159 3910 2276 3975 Sed
2311 3931 2407 3974 me
2435 3911 2642 3986 reduc,
2676 3911 2994 3977 benedicta
3027 3915 3290 3993 etiomni
3323 3934 3397 3977 ex
3442 3926 3610 3996 parte

1969 4001 2302 4153 castiissima
2359 4019 2574 4083 meque
2635 4001 2722 4065 tui
2780 4003 2911 4066 Filii
2991 4004 3285 4067 mandatis
3340 4023 3546 4067 accom
3584 4033 3615 4054 -

1970 4109 2066 4153 mo
2112 4110 2167 4153 a.

1970 4109 2187 4246 “1:082.
2226 4180 2418 4257 Alius,
2452 4180 2604 4244 sicut
2635 4181 2910 4247 ’Ἂϐυσσες
2941 4186 3365 4264 ἃμαρτημάτων.

2064 4348 2400 4430 -Ξεὶριίοοῐη
2433 4357 2851 4431 proprietatem
2883 4351 2943 4412 in
2973 4350 3191 4414 Triade
3238 4353 3548 4434 explicatis
3589 4376 3603 4412 :

1970 4440 2188 4522 quippe
2220 4440 2547 4519 theologica
2579 4442 3081 4504 commentatione
3110 4441 3403 4506 disseritis
3458 4463 3618 4523 quo-

1969 4530 2147 4591 modo
2181 4547 2302 4609 npn
2334 4536 2399 4590 ut
2439 4530 2672 4607 genitus
2732 4529 2924 4605 Pater,
2988 4531 3284 4612 quomodo
3347 4533 3610 4612 genitum

1908 4617 2256 4698 DVerbum,
2291 4625 2348 4679 et
2379 4616 2642 4699 Spiritus
2671 4620 2968 4700 quomodo
3001 4621 3164 4682 solus
3196 4623 3498 4701 procedat.

2069 4716 2345 4788 uepente
2377 4707 2514 4768 huic
2541 4708 2746 4770 domui
2783 4709 3017 4771 refulsit
3053 4709 3230 4772 hodie
3259 4711 3421 4772 salus
3479 4729 3608 4773 ma-

1974 4799 2186 4862 nifesta
2219 4815 2233 4859 :
2268 4814 2402 4859 nam
2453 4795 2746 4873 Christus,
2787 4798 3090 4860 honoraris
3130 4798 3282 4860 duos
3340 4800 3428 4862 vel
3489 4807 3610 4863 tres

1974 4893 2360 4968 congregatos
2391 4886 2454 4948 in
2499 4888 2743 4950 nomine
2796 4905 2928 4967 suo,
2991 4897 3083 4950 est
3140 4887 3203 4948 in
3260 4888 3455 4950 medio
3514 4907 3613 4952 eo-

1975 4996 2109 5040 rum
2140 4977 2230 5054 (ὸ)

2073 5067 2211 5128 utsi
2244 5064 2610 5147 profunditas
2641 5073 2821 5128 terrae
2857 5065 3154 5129 immenso
3185 5066 3491 5130 intervallo
3508 5085 3610 5129 re-

1976 5163 2135 5218 mota
2165 5163 2255 5218 est
2283 5173 2317 5217 a
2347 5155 2481 5217 creli
2520 5155 2853 5230 altitudine,
2887 5164 3126 5218 sanctos
3187 5164 3384 5218 tamen
3447 5156 3610 5218 ultra

1975 5245 2157 5309 celos
2186 5243 2444 5307 caelestis
2474 5262 2641 5306 amor
2669 5245 2898 5308 extulit.
3347 5247 3611 5310 Mariale.

2070 5343 2311 5398 mancta
2331 5334 2534 5415 Virgo,
2570 5353 2702 5396 cum
2732 5344 2788 5396 te
2819 5333 3112 5398 haberent
3144 5353 3357 5397 novum
3390 5336 3613 5397 fontem

2071 5556 2152 5636 (ὁ)
2187 5550 2384 5615 Matth.
2413 5565 2574 5626 xvm,
2609 5547 2709 5610 20.
