4096 6210
1378 400 1816 468 ACOLUTHIA
1865 403 2127 469 TRIPLI
2136 404 2256 469 GIS
2292 405 2511 469 FESTI
2524 452 2539 467 .

3368 421 3623 478 cum

334 534 662 608 Ῥιπίζονται
697 535 931 616 χάλαζαι
964 536 1023 593 ὲκ.
1082 534 1387 616 πυροϐόλων
1432 537 1711 617 γλωσσῶν,
1762 564 1887 598 συν..

2057 540 2142 601 Ex
2177 538 2395 618 linguis
2424 537 2737 616 ignivomis
2764 540 3067 617 jactantur
3106 539 3460 618 grandines,
3494 560 3628 619 qua

244 623 530 705 τρίϐουσαι
559 627 626 681 τὰ
656 627 819 705 σαθρὰ
848 632 953 683 τῶν
984 623 1288 706 δογμάτων,
1322 626 1375 682 εἴ
1428 649 1506 690 τις
1552 626 1715 701 μέσον
1757 630 1900 710 παῤ-

242 716 578 792 ῥησιάσηται
635 722 743 770 τῶν
801 713 1128 793 κενολόγων,
1189 716 1313 794 ὀρθὰ
1356 716 1433 783 μὴ
1486 718 1846 795 φθεγγόμενος
1881 734 1896 750 ⁶

249 803 557 883 Εὐλογητὸς
591 806 618 861 6
652 805 806 880 Θεὸς,
844 806 867 861 6
901 810 1005 860 τῶν
1030 804 1271 884 πατέρων
1301 806 1479 880 ἡμῶν.
1515 808 1816 872 Θεοτόκιον,

344 981 603 1061 Παρθένον
663 982 882 1049 οἰκήσας
941 1004 1024 1059 σε,
1085 984 1172 1040 καὶ
1232 983 1368 1059 μετὰ
1434 985 1589 1042 τόκον
1648 986 1903 1064 παρθένον

250 1074 458 1148 ἔλιπεν,
490 1074 520 1129 6
562 1069 794 1147 ἀμείϐων
851 1085 1127 1152 στοιχεῖα,
1195 1072 1478 1150 θεοκυῆτορ
1528 1074 1703 1154 Μαρία
1758 1097 1901 1132 παν-

252 1164 516 1245 άχραντε,
546 1162 678 1241 πρὸς
708 1162 767 1217 ’ὃν
818 1161 1031 1238 βοῶμεν
1074 1162 1166 1218 σὺν
1210 1163 1315 1238 σοὶ,
1361 1163 1755 1239 παναμώμητε*
1792 1164 1901 1222 Εὖ-

250 1252 486 1331 λογητὸς
520 1254 546 1308 6
580 1252 731 1322 Θεὸς,
769 1253 797 1307 ὁ
826 1250 931 1307 τῶν
965 1251 1209 1330 πατέρων
1234 1253 1413 1327 ἡμῶν.
1450 1251 1778 1317 Καταϐασία,

340 1429 413 1485 Σὲ
441 1432 535 1486 τὸν
563 1429 623 1485 ἐν
676 1429 797 1507 πυρὶ
838 1426 1149 1507 δροσίσαντα
1206 1428 1404 1495 παῖδας
1446 1428 1898 1509 θεολογήσαντας,

257 1522 346 1577 καὶ
406 1519 654 1599 Παρθένῳ
720 1518 972 1596 ἁκηράτῳ
1059 1518 1436 1590 ἐνοικήσαντα.
1526 1521 1657 1577 Θεὸν
1730 1522 1900 1598 Λόγον

254 1612 550 1685 ὑμνοῦμεν,
616 1606 842 1671 εὖσεϐὦς
888 1605 1268 1681 μελῳδοῦντες*
1320 1608 1623 1687 Εὐλογητὸς
1669 1612 1697 1667 6
1746 1612 1896 1687 Θεὸς,

257 1701 286 1756 6
313 1705 425 1755 τῶν
455 1698 697 1777 πατέρων
726 1700 905 1773 ἡμῶν,

803 1794 943 1869 om
972 1788 1061 1855 η’.
1096 1790 1156 1848 ’0
1180 1790 1380 1867 είρμὸς.

1985 635 2299 690 conterunt
2354 629 2599 691 frivolas
2629 628 2942 708 Opiniones
2969 649 2983 704 ;
3010 629 3060 690 si
3103 628 3236 709 quis
3266 630 3627 707 vaniloquo-

1982 735 2115 778 rum
2148 717 2364 779 audeat
2389 718 2453 778 in
2486 716 2750 779 medium
2783 718 3286 799 prosilire,neque
3302 725 3487 797 utpar
3512 726 3623 796 est,

1982 804 2161 881 dicat,
2194 805 2558 868 Benedictus
2592 809 2754 869 Deus
2806 817 3037 887 patrum
3102 816 3465 869 nostrorum.
3502 806 3626 871 Ma-

1982 894 2151 956 riale.

2069 983 2370 1063 Virginem
2404 992 2461 1046 te
2492 984 2865 1057 inhabitavit,
2900 992 2958 1045 et
3006 991 3139 1065 post
3167 990 3398 1062 partum
3431 985 3631 1064 Virgi-

1984 1090 2121 1133 nem
2142 1071 2409 1153 reliquit,
2448 1083 2683 1135 mutans
2714 1086 2950 1135 natura
2980 1073 3319 1149 ordinem,o
3343 1071 3468 1134 Deo
3499 1091 3630 1153 gra-

1986 1160 2118 1222 vida
2152 1162 2335 1223 Maria
2366 1170 2422 1224 et
2454 1164 2651 1225 omnis
2678 1179 2889 1243 expers
2916 1161 3266 1235 macula,ad
3299 1182 3477 1243 quem
3504 1164 3628 1225 cla-

1989 1253 2645 1326 mamustecum,intem
2656 1252 3205 1330 erata,Benedictus
3220 1251 3379 1314 Deus
3397 1260 3629 1333 patrum

1986 1348 2355 1405 nostrorum.
3292 1341 3628 1407 Catabasia.

2066 1427 2150 1490 Te
2180 1431 2279 1510 qui
2312 1431 2371 1492 in
2395 1431 2820 1510 igneirroresti
2845 1449 3065 1513 pueros
3102 1431 3180 1493 de
3202 1430 3384 1493 rebus
3416 1430 3630 1494 divinis

1986 1516 2376 1593 disserentes,
2410 1529 2471 1582 et
2500 1520 2903 1601 incorruptam
2925 1521 3232 1598 Virginem
3256 1519 3629 1602 inhabitasti,

1984 1604 2172 1668 Deum
2207 1608 2467 1671 Verbum
2492 1611 2908 1690 pradicamus,
2936 1610 3031 1691 pie
3052 1610 3438 1673 concinentes
3472 1627 3486 1672 :
3521 1614 3631 1673 Be-

1984 1696 2257 1758 nedictus
2286 1697 2441 1760 Deus
2474 1708 2707 1780 patrum
2740 1706 3102 1763 nostrorum.

2452 1789 2594 1853 495.
2629 1788 2779 1853 ODE
2811 1790 2871 1849 8.
2897 1785 3164 1849 Eirmus.

339 1883 443 1936 τὸν
498 1876 553 1932 ἐν
597 1877 803 1952 καμίνῳ
858 1884 950 1935 τοῦ
980 1880 1141 1957 πυρὸς
1187 1884 1292 1935 τῶν
1339 1876 1594 1957 Ἐϐραίων
1624 1891 1741 1946 τοῖς
1768 1902 1897 1937 παι-

2064 1876 2264 1955 Opera
2291 1880 2508 1959 Deum,
2546 1880 2642 1959 qui
2702 1897 2838 1939 cum
2896 1877 3282 1940 Hebraorum
3334 1878 3540 1957 pueris
3569 1880 3631 1940 in

258 1970 309 2025 σὶ
360 1965 787 2047 συγκαταϐάντα,
851 1969 937 2023 καὶ
978 1969 1079 2036 τὴν
1123 1966 1295 2047 φλόγα
1350 1970 1424 2033 εἷς
1481 1966 1668 2047 δρόσον
1724 1990 1897 2046 μετα-

258 2055 487 2113 ϐαλόντα
520 2057 672 2135 Θεὸν,
703 2057 948 2137 ὑμνεῖτε,
1008 2074 1073 2114 τα
1103 2056 1232 2136 ἔργα
1262 2060 1336 2121 ὡς
1370 2057 1577 2136 Κύριον,
1612 2059 1701 2115 καὶ
1734 2060 1898 2140 ὑπερ-

255 2151 452 2221 υψοῦτε
474 2146 549 2209 εἰς
581 2146 784 2208 πάντας
813 2147 935 2209 τοὺς
969 2148 1186 2211 αἰῶνας.

342 2235 545 2313 Πύργον
601 2235 792 2315 ἰσχύος
845 2235 1080 2317 ἀσφαλῆ,
1143 2238 1230 2293 καὶ
1280 2234 1542 2315 κρηπῖδα,
1600 2236 1688 2293 καὶ
1729 2260 1896 2317 φρου-

249 2326 371 2405 ράν,
432 2326 519 2380 καί
549 2327 872 2403 προστασίαν
924 2325 1247 2402 κεκτημένοι
1292 2346 1374 2405 σε,
1422 2326 1593 2382 πίστει
1638 2324 1897 2399 διασωζό-

251 2416 389 2489 μεθα
448 2420 537 2471 νῦν
564 2432 581 2448 ⁸
643 2414 906 2487 ὖμνοῦμεν
965 2415 1056 2471 τὸν
1113 2416 1269 2471 τόκον
1321 2435 1435 2493 σου,
1492 2414 1754 2495 Πάναγνε,
1808 2418 1897 2473 καὶ

249 2505 627 2581 ὑπεροψοῦμεν
656 2505 730 2566 εἷς
760 2504 963 2569 πάντας
994 2504 1115 2570 τοὺς
1148 2505 1366 2567 αἰῶνας,

332 2680 653 2744 Ἀθανασίας
717 2679 902 2760 διαυγῆ
950 2681 1278 2758 ἐπιστάμεθα
1328 2684 1515 2761 πηγήν
1567 2703 1649 2757 σε,
1700 2684 1898 2740 Θεοτό-

246 2791 332 2848 κε,
368 2772 445 2829 ὡς
478 2776 741 2826 τεκοῦσαν
770 2771 862 2826 τὸν
894 2772 1065 2849 Λόγον
1094 2777 1188 2828 τοῦ
1228 2770 1490 2827 ἀθανάτου
1537 2772 1766 2849 Πατρὸς,
1811 2771 1901 2828 τὸν

245 2858 458 2918 πάντας
489 2859 717 2918 θανάτου
745 2857 1095 2941 λυτρούμενον
1124 2861 1245 2925 τοὺς
1295 2859 1687 2939 ὑπερυψοῦντας
1744 2860 1902 2921 αὐτὸν

246 2950 319 3011 εἰς
351 2949 478 3012 τοὺς
514 2949 738 3011 αἰῶνας.

327 3037 575 3113 Ῥετθρον
603 3037 799 3096 ἱάσεων
827 3040 963 3115 ἡμῖν
1008 3038 1241 3105 ἆεννάως
1299 3050 1416 3101 τοῖς
1468 3051 1708 3114 πιστοῖς,
1739 3039 1903 3121 ἁγνὴ,

241 3126 536 3205 πηγάζεις,
598 3126 658 3183 οὗ
712 3129 814 3191 τὴν
861 3126 1084 3193 ἄφθονον
1128 3127 1290 3207 χάριν
1334 3125 1742 3208 ἂποῤῥυόμενοι,
1799 3129 1905 3205 ὑμ-

241 3219 443 3289 νοῦμεν
503 3217 597 3272 τὸν
650 3217 810 3274 τόκον
863 3237 979 3296 σω,
1031 3214 1342 3297 ⁷’Ᾱχραντε,
1402 3219 1489 3273 καὶ
1536 3218 1904 3295 ὑπερυψοῦμεν

244 3310 318 3368 εἷς
355 3305 563 3370 πάντας
593 3309 717 3372 τοὺς
749 3307 966 3370 αἰῶνας,

329 3392 578 3458 ”Αλλος.
610 3394 957 3471 Ἰνδάλματος
971 3442 982 3455 .

347 3492 607 3559 Ζοοῦμεν
666 3483 917 3566 εὐσεϐῶς,
979 3489 1068 3545 καὶ
1109 3482 1398 3558 δοξάζομεν
1473 3486 1733 3563 ὁμότιμον
1784 3487 1906 3563 μίαν

250 3576 437 3655 φύσιν,
488 3573 908 3654 ἆπειροδόναμον
968 3574 1178 3634 Μονάδα
1259 3596 1317 3631 τε
1382 3578 1467 3632 καὶ
1522 3574 1735 3656 Τριάδα,
1807 3576 1905 3643 τὴν

1982 1965 2281 2027 caminum
2318 1967 2478 2045 ignis
2505 1965 2845 2041 descendit,
2871 1974 2930 2029 et
2964 1965 3261 2027 ﬂammam
3298 1966 3544 2028 mutavit
3568 1966 3632 2028 in

1981 2071 2206 2135 rorem,
2247 2053 2575 2128 laudate,ut
2597 2058 3006 2132 Dominum,et
3035 2054 3471 2136 superexaltate
3491 2074 3628 2118 eum

1981 2142 2043 2204 in
2074 2143 2275 2206 omnia
2304 2146 2541 2206 sacula.

2059 2230 2299 2295 Turrim
2328 2233 2697 2296 fortitudinis
2734 2252 3035 2309 securam,
3072 2243 3133 2297 et
3163 2232 3640 2316 crepidinem,et

1980 2321 2311 2385 custodiam
2337 2330 2396 2384 et
2414 2322 2825 2386 defensionem
2848 2323 3222 2404 possidentes
3247 2324 3635 2403 te,perﬁdem

1981 2428 2141 2472 nunc
2164 2427 2496 2474 servamur.
2541 2412 2873 2474 Laudamus
2897 2421 3095 2474 autem
3120 2420 3352 2493 partum
3378 2420 3565 2487 tuum,
3600 2430 3636 2473 o

1980 2517 2195 2579 expers
2235 2500 2506 2581 macula,
2539 2509 2600 2564 et
2634 2502 3144 2583 superexaltamus
3194 2500 3256 2562 in
3289 2503 3492 2563 omnia
3522 2519 3637 2563 sa-

1982 2588 2135 2651 cuia.

2064 2679 2530 2742 lmmortalitatis
2549 2681 2771 2743 fontem
2807 2680 3177 2761 pellucidum
3210 2678 3484 2742 novimus
3504 2697 3635 2742 esse

1984 2768 2182 2839 te,Dui
2216 2767 2578 2851 Genitrix,ut
2607 2788 2741 2851 qua
2780 2770 3039 2850 genuisti
3062 2768 3255 2832 Patris
3276 2769 3635 2832 immortalis

1985 2854 2271 2932 Verbum,
2306 2858 2464 2940 quod
2496 2867 2687 2921 morte
2705 2860 2921 2923 liberat
2944 2877 3154 2921 omnes
3176 2858 3285 2939 qui
3312 2860 3511 2941 ipsum
3536 2876 3636 2921 su-

1988 2948 2357 3028 perexaltant
2386 2948 2448 3009 in
2477 2948 2715 3011 sacula.

2066 3035 2256 3100 Nobis
2287 3036 2590 3119 ﬁdelibus,
2620 3038 2782 3100 velut
2809 3056 2886 3101 ex
2918 3045 3207 3122 perpetuo
3231 3037 3416 3114 fonte,
3441 3037 3633 3099 eﬂ‘un-

1987 3125 2079 3188 dis
2111 3125 2361 3189 medela
2393 3127 2643 3205 ﬂumen;
2667 3131 2837 3207 cujus
2865 3128 3178 3209 impolluta
3206 3135 3392 3207 gratia
3418 3124 3629 3207 abluti,

1986 3234 2021 3275 o
2051 3214 2863 3291 incontaminata,laudemus
2884 3226 3115 3298 partum
3140 3224 3401 3290 tuum,et
3418 3233 3632 3297 super-

1920 3279 1965 3335 c
1987 3304 2316 3367 exaltamus
2346 3303 2408 3365 in
2442 3305 2642 3367 omnia
2669 3279 2909 3368 sacula..

2071 3393 2205 3455 196.
2231 3393 2420 3470 Alius,
2446 3394 2620 3470 sicut,
2655 3393 3018 3472 ’[νδάλματος.

2086 3490 2171 3547 at
2200 3480 2579 3559 agnoscimus
2606 3484 2722 3563 pie,
2750 3492 2810 3546 et
2839 3484 3240 3562 gloriﬁcamus
3270 3502 3450 3547 unam
3475 3486 3633 3565 ejus-

1990 3569 2126 3633 dem
2155 3572 2399 3631 honoris
2421 3579 2720 3647 naturam,
2757 3572 3006 3636 inﬁnita
3029 3574 3308 3655 potentia
3339 3574 3633 3637 unitatem

245 3666 427 3721 πάντα
486 3670 652 3722 ταῦτα
721 3664 903 3743 λόγοις
985 3664 1316 3745 κυϐερνῶσαν
1369 3666 1663 3743 κρείττοσιν
1696 3681 1709 3695 ⁶
1771 3665 1897 3721 οὕτω

2002 3669 2050 3722 ει
2072 3658 2449 3733 Trinitatem;
2487 3679 2615 3741 qua
2645 3662 2772 3723 hac
2814 3664 3015 3724 omnia
3042 3663 3360 3743 gubernat,
3393 3683 3461 3726 ac
3488 3673 3635 3726 nutu

247 3755 349 3832 γὰρ
397 3751 633 3825 δοξάζειν
663 3757 710 3810 οἱ
742 3767 889 3833 τρεῖς
921 3756 1164 3834 θεοφόροι
1196 3761 1589 3834 παρεγγυῶσιν,
1643 3753 1731 3818 οἷς
1763 3776 1905 3831 συμσ-

246 3851 655 3921 προσκυνοῦμεν
685 3845 851 3913 αὐτὴν
880 3846 953 3910 εἰς
986 3846 1107 3910 τοὺς
1142 3846 1362 3910 αἰῶνας,

350 3932 667 3999 ςενώθησαν
727 3936 774 3990 οἱ
843 3948 992 4013 τρεῖς
1065 3934 1384 4013 θεοκήρυκες
1452 3933 1741 3998 ἑνώσαντες
1808 3933 1904 4001 τὴν

249 4020 473 4100 Τριάδα,
539 4023 627 4078 καὶ
676 4024 738 4080 τὸ
798 4024 1082 4099 αμὲριστον
1141 4022 1195 4078 ἐν
1256 4028 1385 4079 πᾶσι
1436 4023 1792 4102 τετηρηκότες
1835 4028 1904 4099 τῇ

248 4110 357 4183 θείᾳ
411 4112 587 4189 φύσει,
648 4114 772 4187 μίαν
845 4112 969 4188 παρ’
1034 4114 1199 4179 αὐτῆς
1264 4109 1551 4170 ἀντέλαϐον
1621 4112 1904 4189 ἀμέριστον

248 4196 433 4278 δόξαν,
497 4201 575 4264 εἰς
644 4200 861 4260 ἔπαινον
912 4199 1003 4257 ἕνα
1069 4200 1505 4278 στγκαλουμὲνην
1562 4202 1683 4264 τοὺς
1740 4202 1900 4278 ὑπερ-

245 4294 515 4363 υψοῦντας
548 4290 712 4358 αὑτὴν
744 4293 817 4356 εἷς
848 4292 968 4357 τοὸς
1006 4291 1227 4352 αἰῶνας.
1596 4290 1897 4350 Θεοτόκιον.

344 4464 557 4527 >α6ὼν
605 4468 667 4523 τὸ
722 4465 840 4523 καθ’
902 4470 1046 4543 ἡμᾶς
1108 4466 1345 4531 ἁντιδοός
1391 4488 1449 4523 τε
1510 4470 1572 4524 τὸ
1615 4470 1813 4525 οἰκεῖον
1874 4469 1902 4523 6

248 4557 563 4636 εᾶργὲτης,
611 4554 793 4635 ἔδρασε
856 4557 1041 4632 μόνον,
1100 4560 1195 4615 οὒκ
1262 4557 1421 4614 ἔπαθε
1479 4553 1557 4636 δὲ,
1620 4556 1847 4635 Παρθὲνε
1882 4574 1894 4587 ·

1991 3757 2225 3830 torquet
2254 3750 2491 3811 suo.Sic
2522 3750 2683 3811 enim
2717 3750 2934 3813 docent
2958 3761 3077 3814 tres
3103 3752 3192 3815 illi
3224 3753 3460 3829 deiferi,
3494 3755 3631 3835 qui-

1989 3838 2240 3901 buscum
2274 3857 2404 3900 eam
2438 3839 2760 3903 adoramus
2790 3840 2852 3902 in
2883 3841 3121 3904 sacula.

2088 3935 2259 3989 munt
2287 3928 2541 3991 maxime
2562 3930 2711 3991 uniti
2737 3930 2893 3991 inter
2919 3948 2985 3992 se
3008 3938 3127 3994 tres
3148 3929 3234 3993 illi
3265 3930 3451 3992 divini
3484 3948 3635 4010 pra-

1985 4036 2170 4081 cones
2191 4018 2293 4099 qui
2314 4017 2633 4080 univerunt
2653 4017 3093 4101 Trinitatem,et
3114 4020 3175 4081 in
3206 4019 3486 4083 omnibus
3508 4037 3632 4081 sar-

1984 4116 2268 4170 vaverunt
2298 4107 2516 4171 divina
2538 4117 2765 4171 natura
2780 4107 3189 4184 individuum;
3214 4108 3289 4171 ab
3312 4126 3502 4190 eaque
3530 4107 3627 4170 id-

1984 4198 2150 4261 circo
2180 4206 2541 4279 receperunt
2595 4216 2777 4260 unam
2822 4205 2881 4259 et
2910 4197 3228 4261 indivisam
3260 4198 3534 4280 gloriam,
3568 4199 3629 4261 in

1984 4306 2100 4369 qua
2120 4287 2193 4349 ad
2225 4305 2400 4349 unam
2435 4287 2675 4349 laudem
2694 4296 3095 4350 convocantur
3123 4287 3630 4370 superexaltantes

1982 4376 2334 4440 Trinitatem
2366 4382 2428 4437 in
2463 4377 2699 4441 sacula.
3360 4376 3625 4439 Mariale.

2082 4466 2283 4529 F:zilius
2311 4466 2416 4528 Dei
2439 4482 2583 4543 erga
2612 4483 2720 4528 nos
2746 4464 3077 4542 beneﬁcus,
3099 4474 3376 4547 operatus
3406 4474 3496 4528 est
3517 4484 3619 4528 so-

1983 4557 2128 4631 lum,
2177 4575 2294 4619 non
2325 4566 2527 4616 autem
2562 4572 2773 4634 passus
2800 4555 3145 4636 quidquam,
3195 4574 3229 4616 o
3254 4560 3448 4635 virgo,
3483 4554 3626 4616 dum

244 4661 396 4703 ποιεῖ
425 4646 558 4725 γὰρ,
613 4644 733 4701 ἀλλ’
795 4650 889 4704 οὐκ
947 4650 1022 4710 εἱς
1052 4648 1246 4727 φθορὰν
1302 4646 1631 4721 καθίσταται,
1697 4645 1897 4721 μᾶλλον

2002 4645 2301 4725 issumpsit
2345 4643 2505 4724 quod
2557 4652 2825 4706 nostrum
2877 4653 2937 4707 et
2976 4644 3235 4707 reddidit
3295 4642 3453 4725 quod
3501 4649 3631 4706 erat

248 4732 419 4791 δὲκαὶ
468 4736 701 4813 πάσγων
730 4736 869 4791 ἑκὼν
899 4735 984 4793 διὰ
1040 4737 1237 4798 πάθους
1289 4736 1345 4792 τὰ
1376 4736 1519 4803 πὰθη
1553 4735 1688 4815 λύει,
1735 4738 1808 4798 ὡς
1854 4738 1898 4793 οἱ

250 4838 401 4902 τρεῖς
436 4828 669 4899 Πατέρες
699 4828 843 4899 ἡμᾶς
873 4828 1335 4905 μυστααίωγοῦσιν,

333 5101 587 5166 ”Αλλος.
626 5103 1012 5168 Επταπλασίως
1044 5106 1292 5179 κὰμινον,

335 5196 437 5257 Οὓς
468 5196 496 5249 6
529 5195 659 5256 Θεὸς
704 5196 1005 5263 συνήνωσεν
1038 5196 1111 5258 εἷς
1159 5194 1417 5268 ὁμότιμον
1459 5193 1674 5268 ἕνωσιν,
1721 5194 1900 5270 ἐγκω-

263 5283 495 5355 μιαστής
528 5284 607 5357 μὴ
642 5283 921 5362 χωριζέτω
953 5282 1219 5360 ἅνθρωπος
1248 5303 1259 5317 ·
1318 5283 1437 5339 ἀλλ’
1480 5284 1630 5346 ’ίσους
1660 5282 1898 5360 ἡγούμε-

259 5393 342 5434 νος
393 5370 448 5426 ἐν
493 5387 613 5435 τοῖς
668 5374 851 5435 αὐτοῖς
904 5373 1253 5453 χαρίσμασιν,
1304 5372 1441 5430 ἴσων
1468 5375 1691 5430 καὶτῶν
1721 5371 1898 5446 ὕμνων

260 5460 513 5534 μελῳδῶν
535 5461 759 5527 ἀξιούτω
796 5479 807 5491 ⁸
870 5465 917 5517 οἱ
975 5460 1187 5533 παῖδες,
1232 5462 1544 5540 εὖλογεϊτε’
1593 5466 1781 5539 ἱερεῖς,
1811 5459 1893 5516 ἀν-

259 5562 474 5624 υμνεῖτε
512 5570 526 5585 ’
561 5554 704 5627 λαοὶ,
735 5553 1060 5630 ὑπεροψοῦτε
1094 5553 1165 5615 εἰς
1194 5552 1395 5616 πὰντας
1427 5554 1548 5615 τοὺς
1580 5554 1794 5614 αἰῶνας.

342 5728 403 5784 Οἱ
448 5726 647 5803 δυνατοὶ
699 5732 787 5787 καὶ
832 5729 1040 5808 ἄμαχοι
1102 5731 1201 5801 τῆς
1260 5730 1523 5799 Θεότητος
1581 5730 1887 5809 σύμμαχοι,

1982 4754 2177 4800 suum.
2199 4734 2361 4797 Facit
2377 4732 2559 4807 enim,
2589 4733 2693 4794 sed
2721 4751 2842 4795 non
2861 4733 3118 4797 incurrit
3135 4733 3582 4813 corruptionem
3614 4754 3627 4793 :

1981 4826 2124 4909 quin
2161 4823 2356 4905 potius
2379 4821 2721 4902 passionem
2752 4823 2942 4887 libere
2992 4823 3316 4898 sustinens,
3355 4823 3465 4885 hac
3502 4822 3633 4902 ipsa

1982 4914 2288 4998 passiones
2310 4919 2544 4973 nostras
2564 4910 3373 4994 dissolvit,quemadmodum
3399 4920 3523 4973 tres
3544 4911 3630 4973 illi

1983 5007 2187 5069 Patres
2220 5021 2328 5064 nos
2357 5010 2563 5062 sancte
2589 4999 2855 5063 docent,

2064 5094 2256 5162 Alius.
2291 5091 2466 5164 sicut,
2502 5088 2911 5154 Ἐπταπλασίως
2944 5093 3195 5167 κάμινον.

2072 5184 2204 5247 197.
2228 5179 2394 5253 Quod
2432 5182 2585 5239 Deus
2616 5179 2929 5260 conjunxit
2977 5178 3283 5259 aqualiter
3321 5180 3627 5242 bonaran-

1986 5276 2114 5354 dos,
2150 5273 2326 5332 homo
2359 5268 2626 5329 laudator
2658 5288 2776 5330 non
2808 5278 3048 5349 separet
3078 5289 3095 5345 ;
3129 5269 3236 5330 sed
3287 5268 3459 5331 donis
3500 5286 3628 5331 ca-

1983 5361 2235 5428 lestibus
2286 5375 2459 5436 pares
2508 5375 2610 5419 eos
2662 5358 3039 5439 existimans,
3097 5358 3341 5439 paribus
3392 5375 3629 5439 quoque

1983 5453 2259 5529 dignetur
2290 5445 2624 5526 praconiis.
2661 5446 2862 5521 Pueri,
2905 5447 3291 5522 benedicite;
3342 5448 3628 5510 sacerdo-

1982 5552 2092 5617 tes,
2116 5536 2451 5612 celebrate;
2500 5535 3267 5616 populi,superexaltate,in
3290 5536 3494 5598 omnia
3521 5554 3630 5598 sa-

1981 5633 2333 5783 φῃίξόιεηιειξι»
2389 5721 2449 5776 et
2496 5712 2702 5777 invicti
2751 5714 3084 5779 Divinitatis
3136 5716 3511 5794 defensores,
3566 5716 3629 5775 et
