4096 6210
495 411 745 463 GOCLXIV

1928 389 2513 456 PROLEGOMENA.

500 536 761 598 veritatis
789 533 1010 595 sinceri
1045 531 1301 614 patroni,
1358 527 1653 611 profunda
1685 527 1941 608 Spiritus
1971 533 2134 587 recte

2248 525 2305 581 ,αὶ
2363 529 2463 592 τῆς
2515 526 2766 594 ἀληθείας
2818 523 3070 600 ἀψευδεῖς
3117 525 3432 602 συνήγοροι,
3487 526 3551 580 τὰ
3603 525 3740 601 βάθη
3781 529 3868 583 τοῦ

501 631 764 696 scrutati,
791 622 1118 685 sententias
1154 623 1272 684 Deo
1301 628 1736 682 consentaneas
1767 615 2051 694 astruitis,
2087 623 2145 675 et

502 715 638 776 hinc
670 711 899 773 docetis
950 711 1248 791 psallere:
1311 707 1545 790 Populi,
1599 704 2033 785 superexaltate
2084 704 2141 764 in

503 803 702 866 omnia
732 801 974 863 saecula.

579 979 704 1040 Duo
736 982 988 1038 maxima
1011 975 1352 1048 luminaria,
1379 978 1633 1057 positum
1667 973 1777 1034 sub
1809 974 1931 1033 sole
1967 991 2140 1031 mun-

499 1069 638 1129 dum
661 1066 736 1127 de
753 1066 908 1128 caelo
934 1065 1274 1127 illuminant
1295 1061 1754 1127 alternatim.De
1775 1071 1930 1121 terra
1949 1068 2141 1121 autem

499 1162 812 1219 coruscant
828 1156 940 1216 tria
959 1173 1140 1234 supra
1161 1155 1400 1218 modum
1426 1154 1720 1214 immensa
1743 1151 1986 1216 lumina.
2015 1148 2142 1210 col-

501 1244 763 1308 lucentia
785 1256 845 1304 et
866 1243 1043 1305 simul
1077 1243 1393 1324 psallentia
1427 1263 1440 1302 :
1475 1239 1948 1322 Superexaltate.
1975 1260 2008 1297 υ
2033 1258 2144 1317 po-

501 1335 646 1415 puli,
684 1331 983 1396 Christum
1016 1333 1077 1394 in
1101 1333 1345 1394 saecula.
1880 1327 2140 1390 Mariale.

579 1515 830 1591 Propter
861 1528 968 1572 nos
1007 1509 1338 1572 incarnatio
1387 1518 1500 1588 est,
1532 1516 1591 1570 et
1629 1508 1820 1587 passio
1856 1506 2134 1583 pretiosa.

499 1605 750 1683 Propter
775 1619 881 1662 nos
912 1619 1049 1663 cum
1083 1599 1336 1660 mortuis
1368 1597 1476 1658 fuit
1511 1598 1690 1668 Deus,
1718 1602 1968 1655 mortem
1999 1594 2140 1673 qui-

499 1692 635 1754 dem
654 1698 890 1770 gustare
922 1688 1346 1762 nescius,sicut
1371 1705 1481 1748 nec
1510 1685 1778 1747 dolorem
1800 1684 2003 1756 alium,
2035 1683 2140 1744 sed

501 1799 605 1860 per
619 1779 813 1842 carnis
832 1776 1101 1840 mortalis
1121 1775 1608 1837 communionem
1634 1773 1825 1834 factus
1843 1772 2142 1852 particeps

2225 617 2530 690 Πνεύματος
2605 616 2783 679 καλῶς
2869 615 3332 693 ἀνερευνῆσαντες,
3414 615 3509 678 τὰς
3559 619 3866 694 θεοπρεπεῖς

2225 706 2342 782 περί
2401 713 2533 763 Θεοῦ
2595 706 2894 780 ὑπολήψεις
2955 703 3159 760 ἐκεῖθεν
3219 710 3522 784 συνιστῶσι,
3588 706 3680 760 καὶ
3738 703 3866 760 διδά-

2227 815 2408 849 σκουσι
2468 794 2693 869 ψάλλειν
2728 809 2742 825 ⁸
2793 794 2949 873 Λαοὶ,
3009 795 3337 871 ὑπεροψοῦτε
3389 796 3460 856 εἷς
3521 794 3727 857 πάντας
3756 799 3868 856 τοὺς

2227 882 2422 945 αίῶνας
2433 929 2448 944 ,

2308 970 2396 1036 Ἐξ
2442 973 2663 1049 οὐρανοῦ
2719 969 2817 1044 μὲν
2869 969 3111 1048 μέγιστοι
3167 967 3255 1026 δύο
3325 969 3517 1050 λύχνοι
3568 972 3869 1049 φωτίζουσιν

2229 1059 2290 1115 ἐκ
2343 1057 2606 1137 διαδοχῆς
2666 1058 2918 1129 ἀλλήλων
2979 1059 3077 1126 τῆν
3108 1058 3332 1138 ὑφήλιον
3361 1079 3373 1092 ’
3410 1061 3468 1116 ἐγ
3503 1065 3605 1136 γῆς
3638 1058 3690 1115 δὲ
3724 1083 3870 1139 φανο-

2227 1168 2376 1224 τερον
2455 1149 2553 1215 τὴν
2613 1149 2896 1223 σύμπασαν
2955 1149 3236 1226 αὖγάζουσι
3296 1161 3444 1225 τρεῖς
3499 1149 3637 1204 κατὰ
3694 1151 3868 1205 ταυτὸν

2227 1237 2601 1314 ὑπερμεγέθεις
2661 1238 2960 1317 φωστῆρες,
3009 1236 3412 1313 συλλάμποντες
3458 1237 3740 1310 ἀλλήλοις,
3793 1242 3868 1295 καὶ

2227 1325 2632 1400 συμψάλλοντες
2699 1326 2811 1402 ἅμα
2845 1344 2862 1363 ο
2911 1327 3061 1401 Λαοὶ,
3132 1327 3460 1406 ὕπερυψοῦτε
3520 1329 3746 1405 Χριστὸν
3801 1329 3865 1390 εἷς

2225 1415 2349 1477 τοὺς
2394 1417 2610 1479 αἱῶνας.
3571 1416 3860 1478 Θεοτόκιον,

2308 1500 2469 1579 ’Υπὲρ
2525 1505 2681 1577 ἡμῶν
2729 1505 2764 1570 ἡ
2816 1503 3078 1581 σάρκωσις
3134 1505 3222 1559 καὶ
3280 1503 3346 1559 τὰ
3388 1503 3531 1570 πάθη
3571 1504 3638 1561 τὰ
3681 1507 3863 1579 τίμιι⁶

2224 1587 2292 1646 δι’
2335 1592 2478 1666 ἡμᾶς
2513 1594 2643 1654 Θεὸς
2674 1593 2808 1666 μετὰ
2839 1598 3035 1665 νεκρῶν
3066 1593 3299 1671 ἐγένετο,
3334 1593 3561 1650 θανάτου
3592 1595 3693 1668 μὲν
3723 1592 3862 1672 ἄγευο

2223 1701 2370 1751 στος,
2424 1681 2520 1737 οϊα
2551 1683 2732 1737 παθῶν
2762 1679 3049 1759 ἐλεύθερος,
3102 1687 3172 1758 τῇ
3200 1680 3254 1736 δὲ
3283 1684 3414 1759 πρὸς
3444 1682 3544 1748 τὴν
3577 1683 3748 1761 σάρκα
3778 1684 3863 1749 τὴν

2223 1769 2424 1836 θνητὴν
2482 1771 2731 1843 κοινωνίᾳ
2814 1770 3102 1848 λεγόμενος
3163 1771 3248 1826 καὶ
3309 1772 3504 1834 πάθους
3577 1784 3864 1850 μετασχεῖν

498 1858 556 1931 ct
587 1867 809 1929 doloris
832 1875 890 1928 et
912 1864 1358 1937 mortis.Qnare
1388 1882 1525 1926 eum
1551 1861 2064 1943 superexaliamus
2083 1861 2140 1920 in

2248 1858 2312 1914 ιαὶ
2358 1860 2583 1915 θανάτου
2618 1875 2631 1889 ⁸
2682 1858 2799 1934 μεθ’
2854 1858 2916 1926 ἧς
2978 1862 3343 1939 ὑπερυψοῦμεν
3377 1862 3449 1922 εἷς
3492 1860 3697 1923 πάντας
3754 1862 3863 1924 τοὺς

498 1957 698 2020 omnia
727 1955 966 2018 saecula.
1813 1949 2118 2013 Catabasia

577 2133 642 2196 In
663 2134 860 2214 ignem
890 2131 1337 2195 intolerabilem
1368 2130 1623 2209 conjecti
1651 2131 1728 2208 pii
1773 2148 1913 2207 erga
1955 2128 2141 2190 Deum

488 2226 764 2304 juvenes,
789 2241 824 2283 a
854 2222 1097 2284 ﬂamma
1125 2239 1264 2283 vero
1289 2239 1407 2282 non
1444 2219 1865 2294 laesi,divinum
1899 2237 2141 2280 carmen

494 2313 786 2375 canebant
812 2331 826 2372 :
851 2309 1226 2385 Benedicite,
1271 2309 1474 2371 omnia
1503 2328 1691 2388 opera
1723 2308 1984 2383 Domini,
2019 2308 2142 2369 Do-

498 2403 678 2466 mino.

1020 2485 1170 2550 ODE
1215 2487 1276 2548 9.
1325 2486 1598 2550 Hirmus.

573 2578 710 2640 198.
735 2580 820 2642 Ex
851 2580 970 2641 Deo
1006 2578 1193 2639 Deum
1227 2575 1512 2656 Verbum,
1546 2575 1710 2652 quod
1737 2574 2138 2656 inexplicabili

491 2666 784 2746 sapientia
799 2665 965 2727 venit
984 2665 1056 2726 ad
1073 2662 1928 2744 innovandumAdamum,per
1942 2663 2138 2724 cibum

493 2755 895 2834 corruptionis
926 2754 1181 2831 graviter
1210 2753 1467 2834 lapsum,
1509 2752 1789 2833 quodque
1818 2773 1889 2816 ex
1941 2761 2143 2814 sancta

491 2844 730 2923 Virgine
756 2842 1140 2904 ineﬁ'abiliter
1171 2842 1538 2909 incarnatum
1591 2850 1680 2902 est
1730 2848 1980 2922 propter
2008 2859 2135 2911 nos,

495 2934 754 2995 unanimi
780 2943 958 2994 cantu
992 2933 1440 3011 magniﬁcamus
1473 2930 1649 2992 ﬁdele
1695 2978 1710 2993 .

571 3021 636 3084 In
669 3031 745 3097 te,
781 3021 956 3101 Virgo
986 3019 1352 3093 beatissima,
1379 3039 1545 3100 spem
1574 3038 1766 3081 meam
1803 3036 2040 3079 omnem
2068 3017 2141 3077 li-

2228 1948 2425 2013 αίῶνας
2436 1995 2450 2010 .
3531 1947 3861 2010 Καταόασία.

2309 2124 2584 2198 Ἀστέκτῳ
2634 2125 2754 2202 πυρὶ
2813 2124 3090 2189 ἑνωθέντες
3143 2128 3187 2183 οἱ
3231 2124 3532 2191 θεοσεϐείας
3593 2132 3858 2204 προεστῶ-

2228 2235 2314 2277 τες
2347 2215 2572 2288 νεανίαι,
2604 2219 2672 2290 τῇ
2700 2213 2856 2293 φλογὶ
2891 2213 2946 2270 δὲ
2991 2219 3071 2290 μὴ
3130 2214 3486 2296 λωϐηθὲντες,
3530 2219 3680 2274 θεῖον
3711 2216 3860 2293 ὕμνον

2228 2301 2462 2377 ἔμελπον
2496 2321 2510 2336 ⁶
2585 2301 2892 2382 Εὖλογεϊτε,
2954 2304 3128 2361 πάντα
3183 2305 3248 2361 τὰ
3317 2304 3446 2381 ἔργα
3501 2308 3714 2384 Κυρίου,
3783 2306 3860 2360 τὸν

2231 2392 2440 2470 Κύριον.

2753 2487 2892 2538 ΩΔΗ
2934 2482 3008 2545 θ’.
3050 2480 3112 2541 Ὀ
3157 2484 3360 2557 είρμός.

2308 2570 2410 2628 Τὸν
2441 2569 2501 2626 ἐκ
2546 2577 2678 2627 Θεοῦ
2736 2573 2865 2628 Θεὸν
2899 2570 3097 2650 Λόγον,
3151 2573 3243 2628 τὸν
3285 2572 3496 2650 άρῥήτῳ
3524 2575 3684 2653 σοφίᾳ
3710 2573 3857 2642 ἠκότα

2225 2659 2610 2738 καινουργῆσαι
2670 2661 2761 2717 τὸν
2819 2655 3016 2735 Ἀδὰμ,
3072 2661 3265 2740 βρώσει
3315 2664 3507 2740 φθορᾶς
3561 2663 3855 2719 πεπτωκότα

2226 2745 2438 2827 δεινῶς,
2498 2747 2550 2814 ἐξ
2626 2749 2780 2827 ἁγίας
2853 2748 3114 2828 Παρθένου
3202 2751 3484 2830 ἀφράστως
3543 2751 3854 2829 σαρκωθὲντα

2226 2835 2295 2892 δι’
2351 2838 2522 2918 ἡμᾶς,
2583 2839 2631 2896 οἶ
2688 2839 2866 2896 πιστοὶ
2917 2838 3225 2918 ὁμοφρόνως
3283 2839 3334 2894 ἐν
3386 2839 3576 2911 ὕμνοις
3641 2840 3853 2918 μεγαλύ-

2233 2949 2418 3004 νομεν.

2313 3017 2708 3095 Θεομακάριστε
2802 3020 2968 3097 Κόρη,
3054 3021 3152 3087 τὴν
3236 3018 3420 3077 ἐλπίδα
3506 3045 3612 3094 μου
3700 3028 3851 3076 πᾶσιν

494 3112 706 3175 benter
737 3111 991 3186 colloco;
1013 3129 1183 3174 serva
1202 3114 1518 3185 me,Mater
1543 3126 1703 3170 verae
1724 3109 1881 3170 vitae:
1905 3118 1962 3168 et
1987 3115 2142 3185 pete.

2248 3107 2511 3185 προθύμως
2569 3107 2855 3183 ἀνατίθημι
2905 3108 2959 3165 ἐν
3005 3111 3088 3166 σοί
3123 3124 3137 3139 ’
3189 3114 3362 3165 σῶσον
3412 3131 3502 3185 με,
3545 3115 3722 3189 Μῆτερ
3771 3116 3854 3174 τῆς

492 3221 525 3263 o
559 3203 1008 3282 casta,perenni
1033 3201 1252 3280 gaudio
1275 3196 1514 3277 impleri
1542 3215 1645 3259 eos
1673 3199 1772 3278 qui
1795 3217 1929 3258 cum
1951 3197 2067 3256 ﬁde
2086 3208 2143 3257 et

2248 3194 2395 3261 ἷντως
2437 3201 2580 3266 ζωῆς
2616 3215 2629 3228 ⁶
2665 3199 2752 3254 καὶ
2789 3204 2988 3276 τρυφῆς
3047 3198 3268 3255 ἆεννάου
3319 3198 3617 3268 πλεσθῆναι
3661 3200 3850 3256 καθικέ-

500 3289 798 3352 desiderio
829 3295 890 3354 te
921 3289 1170 3351 canticis
1192 3287 1594 3367 magniﬁcaut.

2248 3306 2371 3364 :sue,
2405 3285 2569 3363 ἁγνὴ,
2603 3287 2724 3351 τοὺς
2756 3287 2809 3344 ἐν
2867 3288 3040 3344 πίστει
3085 3290 3171 3345 καὶ
3223 3290 3370 3360 πόθῳ
3412 3311 3470 3346 σε
3529 3289 3712 3366 ὕμνοις
3767 3310 3852 3363 μευ

998 3427 1000 3429 .
2233 3395 2303 3451 γα
2310 3375 2556 3439 λύνοντας
2568 3421 2579 3433 .

578 3466 754 3544 Virgo
780 3466 1207 3546 illustrissima,
1235 3467 1424 3546 janua
1459 3465 1643 3527 divini
1703 3465 1968 3544 luminis,
2002 3464 2146 3525 illii-

2314 3462 2672 3545 Ἐπιφανεῖσα
2737 3465 2986 3545 Παρθένε,
3047 3470 3144 3535 τῆς
3196 3472 3380 3548 ψυχῆς
3431 3489 3533 3542 μου
3579 3471 3668 3525 τὸν
3721 3470 3853 3545 ζόφον

503 3555 662 3616 mina
686 3555 902 3617 animas
925 3573 1094 3631 meae,
1129 3556 1449 3634 caliginem
1470 3553 1835 3635 spiritalibus
1869 3553 2014 3614 lucis
2039 3561 2150 3613 tua:

2248 3555 2406 3632 ρωτός
2470 3577 2564 3612 σου
2612 3568 2733 3620 ταῖς
2771 3555 2952 3620 ἄθλοις
2984 3557 3286 3636 ἆστραφαῖς
3331 3557 3591 3635 αύγασον,
3620 3557 3751 3623 πύλη
3780 3563 3855 3612 τοῦ

497 3644 709 3706 radiis.
744 3644 815 3706 Et
844 3651 1004 3727 pete,
1039 3665 1074 3707 o
1101 3645 1546 3724 casta,perenni
1581 3644 1717 3722 igne
1749 3643 1992 3704 liberari
2019 3661 2142 3720 eos,

2248 3644 2368 3700 leiou
2423 3647 2622 3719 φωτός,
2685 3648 2782 3704 Καὶ
2839 3647 3002 3726 πυρὸς
3057 3646 3264 3703 αἰωνίου
3311 3647 3562 3724 ῥυσθῆναι
3616 3647 3853 3712 καταξιω-

497 3735 606 3811 qui
633 3752 766 3795 cum
798 3734 915 3796 ﬁde
945 3744 1004 3797 et
1032 3734 1337 3797 desiderio
1372 3741 1428 3795 te
1461 3733 1710 3794 canticis
1746 3731 2143 3810 magniﬁcam.

2248 3753 2352 3802 ιον,
2401 3733 2565 3811 ἁγνὴ,
2625 3735 2747 3798 τοὺς
2791 3733 2844 3792 ἓν
2890 3735 3064 3792 πίστει
3096 3737 3180 3792 καὶ
3229 3737 3376 3810 πόθῳ
3408 3758 3466 3792 σε
3495 3736 3680 3812 ὕμνοις
3712 3758 3854 3810 μεγιο

1881 3821 2140 3883 Mariale.

2248 3822 2484 3888 lt'wovtat;
2495 3868 2506 3882 .
3576 3828 3851 3884 Θεοτόκιον.

582 3912 774 3985 Quem
798 3909 973 3973 Pater
994 3910 1208 3974 Filium
1239 3931 1308 3974 ex
1336 3921 1505 3974 utero
1528 3919 1662 3972 ante
1686 3910 1898 3972 saecula
1915 3910 2138 3989 genuit,

500 4001 552 4062 is
581 4001 642 4061 in
668 4008 768 4062 tuo
798 4000 1073 4062 habitans
1099 4011 1268 4063 utero
1293 4002 1481 4063 lactus
1502 4009 1594 4062 est
1617 4000 1914 4080 perfectus
1937 4000 2136 4070 homo;

503 4095 557 4151 et
591 4098 670 4164 te,
697 4088 975 4169 Deipara,
1030 4089 1253 4151 fontem
1283 4089 1608 4168 gratiarum
1653 4088 1915 4149 ostendit
1946 4088 2135 4158 nobis,

2248 4088 2497 4166 ίνθρωπος
2573 4095 2659 4146 καὶ
2731 4093 2915 4170 πηγὴν
2973 4093 3326 4171 χαρισμάτων
3405 4113 3486 4164 σε,

500 4177 605 4276 qui
655 4177 910 4241 ﬁdeliter
954 4178 1270 4240 adoramus
1307 4177 1665 4267 ineffabilem
1717 4187 1875 4237 tuam
1928 4195 2138 4257 proge-

501 4284 723 4419 mellgé.
759 4356 947 4422 Alius.
979 4355 1138 4418 sicut
1165 4355 1435 4438 Ἀνάρχου
1463 4358 1800 4436 γεννήτορ⁰ς’

583 4445 915 4524 Magniﬁca,
967 4445 1167 4506 anima
1219 4463 1378 4522 mea,
1410 4445 1528 4508 tria
1560 4462 1776 4523 magna
1808 4443 1960 4506 inter
1993 4446 2146 4506 anti-

503 4533 670 4596 stites
699 4532 1042 4596 luminaria.

600 4639 829 4702 pgrum
856 4630 1123 4684 vestrum
1145 4629 1204 4683 et
1225 4620 1379 4683 ovile
1408 4623 1711 4702 respicite;
1743 4631 1988 4703 propter
2016 4642 2148 4703 quas
2168 4608 2215 4661 θ

503 4711 791 4774 maximos
817 4711 1052 4773 labores
1094 4709 1485 4774 sustinuistis.
1523 4714 1589 4774 In
1623 4731 1804 4773 unum
1836 4721 2144 4786 coeuntes,

504 4819 607 4862 vos
627 4807 749 4861 tres
769 4800 1192 4881 conjungimus
1213 4812 1272 4861 et
1293 4800 1704 4862 suavissimam
1728 4811 1975 4862 vestram
1997 4820 2146 4861 con-

497 4889 874 4968 junctionem
902 4908 1008 4970 pro
1027 4891 1328 4952 communi
1353 4889 1640 4952 habemus
1665 4889 2014 4952 laudationis
2031 4909 2152 4951 ma-

508 4983 682 5039 toria.

585 5063 922 5142 Magniﬁca,
954 5063 1157 5128 anima
1199 5084 1352 5149 mea,
1388 5067 1498 5129 tria
1540 5067 1901 5130 candelabra
1936 5066 2144 5129 Eccle-

506 5153 612 5216 sim
636 5150 875 5215 Christi.

602 5240 835 5308 ohristi
894 5241 1082 5322 gratia
1135 5243 1407 5306 hostibus
1464 5246 1587 5307 suis
1636 5245 1842 5326 objicit
1884 5245 2140 5307 machae-

506 5347 636 5392 ram
681 5346 799 5390 non
848 5329 964 5408 bis,
1030 5332 1137 5394 sed
1198 5340 1286 5394 ter
1357 5342 1616 5412 acutam,
1678 5353 1857 5394 unum
1911 5336 1968 5394 in
2023 5353 2150 5396 cce-

507 5421 563 5481 lo
608 5416 956 5481 fabricatum
1011 5438 1240 5496 ensem,
1297 5421 1519 5502 triplici
1567 5422 1885 5501 fulgentem
1943 5423 2146 5502 cuspi-

507 5507 624 5581 de;
685 5525 790 5588 pro
846 5508 1074 5572 Deitate
1124 5529 1242 5572 una
1291 5519 1350 5573 et
1395 5511 1550 5574 trina
1581 5530 1822 5594 semper
1853 5513 2148 5574 dimican-

509 5603 654 5662 tam.

486 5663 536 5703 Ἆ.

2309 3908 2398 3968 Ἐν
2451 3917 2520 3988 τῇ
2573 3915 2760 3992 γαστρί
2840 3935 2933 3970 σου
2993 3913 3298 3993 σκηνώσεις,
3376 3914 3436 3970 ὲκ
3487 3917 3712 3995 γαστρὸς
3765 3914 3854 3989 πρὸ

2225 3999 2430 4056 αἰώνων
2489 4003 2670 4077 Πατὴρ
2700 4001 2862 4081 ὅνπερ
2906 4002 3185 4080 ἐγέννησεν
3238 4005 3372 4078 υἱὸν,
3426 4001 3630 4068 τέλειος
3659 4002 3856 4081 γέγονεν

3576 4093 3852 4168 Θεομῆτορ,

2225 4176 2415 4243 ἔδειξεν
2464 4178 2625 4259 ἡμῖν,
2679 4193 2796 4247 τοῖς
2847 4180 3048 4244 πιστῶς
3078 4179 3435 4260 προσκυνοῦσι
3473 4181 3570 4250 τὴν
3617 4180 3856 4262 ἄφραστον

2230 4288 2325 4323 σου
2357 4267 2605 4346 γέννησιν
2617 4313 2630 4327 .

2309 4355 2545 4423 ”Αλλος.
2579 4359 2848 4440 Ἀνάρχου
2880 4362 3221 4440 γεννήτορος,

2313 4446 2643 4525 Μεγάλυνον,
2681 4450 2836 4529 ψυχή
2866 4473 2988 4526 μου,
3022 4451 3142 4513 τοὺς
3191 4449 3247 4506 ἒν
3283 4448 3560 4528 ἱεράρχαις
3591 4455 3854 4530 φωστῆρας

2230 4551 2375 4617 τρεῖς
2421 4538 2689 4617 μεγάλους
2701 4589 2715 4604 ,

2328 4624 2478 4683 ι-δοὺ
2527 4629 2588 4684 τὸ
2642 4627 2895 4707 ὗμέτερον
2959 4631 3215 4708 γεώργιον
3273 4629 3361 4684 καὶ
3417 4628 3686 4708 ποίμνιον,
3741 4630 3854 4706 ὑπὲρ

2231 4718 2290 4772 οὗ
2329 4717 2451 4781 τοὺς
2485 4717 2763 4794 μεγίστους
2808 4717 3002 4782 πόνους
3046 4719 3308 4785 ὑπέστητε
3343 4731 3357 4747 ⁶
3408 4718 3480 4780 εἰς
3513 4717 3568 4773 ἓν
3597 4717 3854 4774 συνελθόν-

2230 4825 2317 4868 τες
2349 4808 2483 4880 ὁμοῦ
2543 4827 2622 4880 τε,
2680 4808 2800 4872 τοὺς
2851 4820 2998 4888 τρεῖς
3051 4810 3185 4884 ὑμᾶς
3216 4804 3718 4883 συμπαραλαϐόντες
3748 4829 3848 4862 not-

2233 4895 2325 4963 νὴν
2350 4893 2552 4975 ἔχομεν
2581 4894 2788 4952 αἵνεσιν
2817 4898 2916 4965 τῆν
2944 4899 3091 4974 ὑμῶν
3122 4896 3342 4965 ἡδίστην
3375 4894 3584 4955 ἕνωσιν.

2313 5070 2644 5160 Μεγαλυνον,
2678 5075 2833 5154 ψυχή
2865 5095 2991 5149 μου,
3023 5075 3146 5138 τοὺς
3195 5080 3693 5160 τρισσολάμπτηρας
3735 5083 3849 5153 Χρι-

2229 5162 2356 5218 στοῦ
2385 5165 2483 5227 τῆς
2530 5158 2876 5230 Ἐκκλησίας.

2329 5253 2419 5313 οὐ
2479 5247 2725 5325 δίστομον
2782 5253 3055 5332 μάχαιραν
3098 5257 3132 5324 ἡ
3180 5255 3359 5335 χάρις,
3405 5256 3542 5315 ἀλλὰ
3589 5258 3845 5337 τρίστομον

2230 5339 2366 5395 κατὰ
2422 5341 2528 5395 τῶν
2572 5339 2846 5417 πολεμίων
2902 5345 3068 5410 αὐτῆς
3111 5343 3521 5423 προσϐάλλεταιο
3554 5347 3610 5403 ἓν
3639 5346 3843 5424 οὐρανο-

2231 5427 2530 5507 χάλκευτον
2578 5426 2719 5507 ξίφος
2797 5431 2962 5505 τρισὶν
3039 5431 3244 5507 ἀκμαῖς
3301 5435 3716 5512 κατεπωμὲνον,
3780 5429 3849 5483 ἀεὶ

2229 5517 2653 5596 προμαχόμενον
2681 5516 3011 5595 τριλαμπους
3037 5527 3163 5596 μιᾶς
3197 5523 3486 5592 Θεότητος.
