4096 6210
473 387 725 438 CCCLXV!

1871 373 2279 437 PROLEGOM
2288 376 2465 439 ENA.

475 504 755 594 precibus
779 503 1006 583 Basilii,
1036 501 1303 581 Gregorii
1334 508 1392 562 et
1421 499 1692 594 Joannis,
1718 509 1777 565 et
1808 513 1986 567 castae
2008 505 2114 570 Dei
2134 519 2173 569 Α

2234 523 2319 574 πιῒς
2379 509 2654 566 Βασιλείου
2705 510 3041 592 πρεσϐείαις,
3101 513 3392 591 Γρηγορὶου
3443 514 3529 568 καὶ
3559 512 3848 594 Ἰωάννου,

473 592 810 673 Genitricis,
849 611 968 653 non
1001 608 1246 670 separer
1274 608 1309 650 a
1339 598 1436 651 tua
1464 590 1675 668 gloria.

1035 684 1278 748 Mariale
1329 684 1549 748 simile.

558 784 718 843 Auro
771 779 1071 858 implicata
1135 779 1333 850 turris,
1381 778 1697 840 duodecim
1757 782 1946 842 muris
2005 782 2118 844 cir-

2202 601 2289 656 καὶ
2318 605 2415 668 τῆς
2443 602 2607 678 ἀγνῆε,
2664 602 2944 664 Θεοτόκου,
3001 603 3078 676 μὴ
3110 605 3362 681 χωρισθῶ
3391 607 3489 668 τῆς
3521 601 3616 670 σῆς
3647 600 3845 670 δόξης.

2755 691 3034 748 Θεοτόκιον
3066 689 3270 766 ὅμοιον.

2283 778 2769 857 Χρυσοπλοκώτατε
2840 781 3025 859 πύργε,
3105 781 3194 837 καὶ
3250 778 3605 860 δωδεκάτειχε
3654 781 3856 863 πόλις³

476 877 783 948 cumsepta
810 868 1045 942 civitas,
1085 886 1118 931 e
1160 865 1453 928 solaribus
1504 867 1689 928 stiriis
1739 880 2118 950 coagmenta-

2234 868 2591 936 ,λιοστάλακτε
2648 870 2819 948 Θρόνε.
2879 867 3098 946 καθέδρα
3146 873 3237 925 τόῠ
3295 868 3588 950 βασιλέως³
3642 870 3859 926 ἀκατα-

478 968 598 1020 tum
657 957 903 1032 solium,
962 959 1178 1037 regalis
1242 956 1442 1029 sedes,
1495 957 1828 1036 prodigium
1889 959 2122 1039 fugiens

2235 959 2394 1026 όητον
2424 962 2620 1034 θαῦμα,
2656 965 2766 1025 πῶς
2794 958 3092 1038 γειλουχεϊς
3123 959 3214 1015 τὸν
3249 958 3523 1026 Δεσπότην
3559 980 3575 1031 ;

477 1049 664 1112 aciem
690 1046 1396 1128 intelligendi,quomodo
1420 1047 1572 1109 lacte
1596 1056 1694 1111 tuo
1714 1048 1904 1110 nutris
1925 1051 2122 1113 Domi-

473 1155 614 1199 num
633 1144 660 1200 ?

555 1231 804 1306 Oportet
833 1232 1029 1287 autem
1065 1231 1240 1300 scire,
1275 1223 1435 1307 quod
1467 1223 1540 1284 ad
1572 1224 1730 1287 oden
1769 1245 1984 1288 nonam
2020 1228 2122 1289 ﬁat

2287 1235 2324 1282 Δ
2442 1225 2462 1257 λ
2546 1224 2615 1246 ἐν
2781 1223 2792 1244 ι
2917 1229 2929 1250 ›
3045 1227 3057 1245 ι
3165 1227 3179 1248 ν
3224 1227 3237 1246 ν
3261 1225 3305 1244 ’δι
3510 1233 3530 1244 υ
3796 1228 3809 1246 ι

2332 1239 2384 1282 εἴ
2413 1224 2464 1281 δι
2519 1243 2730 1302 ειοεναι,
2765 1226 2846 1283 ὃτι
2888 1248 2958 1293 εις
3004 1249 3102 1294 την
3133 1230 3160 1282 Θ
3208 1239 3352 1300 ῳοην
3381 1249 3634 1302 ποιουμεν
3666 1249 3853 1301 μετα-

473 1315 779 1377 inclinatio
813 1317 1079 1394 corporis
1109 1333 1299 1395 usque
1330 1314 1405 1376 ad
1433 1323 1674 1392 terram,
1701 1314 1884 1396 idque
1904 1334 1938 1378 a
1963 1316 2117 1380 duo-

2234 1338 2347 1374 οιαν
2379 1314 2479 1378 ἕως
2525 1317 2595 1378 εἷς
2628 1320 2754 1394 γῆν,
2795 1319 2841 1372 οἱ
2873 1315 2960 1373 δύο
2992 1318 3148 1396 χοροὶ
3191 1317 3348 1391 ὁμοῦ.

475 1405 586 1467 bus
618 1405 818 1466 choris
848 1404 1049 1467 simul.
3274 1464 3276 1468 ,

555 1495 693 1555 202.
732 1493 923 1555 Coum.
953 1492 1091 1554 Ilaec
1118 1492 1382 1572 corporis
1405 1492 1876 1571 inclinatio,qua
1904 1496 1965 1557 ﬁt
1991 1495 2064 1555 ad
2099 1505 2313 1558 terram
2347 1493 2896 1572 usque,appellatur
2917 1492 3132 1572 passim
3159 1494 3215 1553 in
3241 1491 3577 1555 Ritualihus
3602 1493 3858 1556 Graeco-

474 1594 607 1638 rum
643 1574 816 1636 libris
847 1576 1113 1631 Μετάνοια
1142 1573 1382 1654 μεγάλη,
1422 1597 1447 1628 α
1477 1587 1813 1635 reverentia
1848 1577 2071 1654 major:
2115 1599 2138 1633 υ
2176 1576 2191 1635 i

2234 1592 2274 1634 .a
2305 1592 2437 1654 qua
2469 1590 2653 1654 usque
2675 1574 2745 1634 ad
2777 1581 3132 1654 terramuon
3160 1574 3242 1644 ﬁt,
3267 1573 3598 1654 appellatur
3619 1573 3856 1636 ibidem

480 1656 645 1733 μικρά
669 1680 692 1710 «
722 1659 943 1732 minor,
972 1679 998 1708 ι)
1028 1653 1390 1730 quandoque
1414 1655 1592 1715 etiam
1624 1655 1658 1720 ἢ
1681 1657 1914 1723 συνήθης
1939 1651 2191 1731 μετάνοια

2234 1674 2256 1714 ι
2276 1651 2609 1716 reverentia
2630 1663 2975 1715 consueta.»
3005 1651 3168 1716 Unde
3187 1651 3462 1733 qualibet
3485 1674 3512 1711 ε
3537 1653 3860 1716 inclinatio

480 1735 749 1814 corporis
773 1756 800 1794 ›
833 1734 1052 1796 dicitur
1077 1734 1432 1814 simpliciter
1454 1736 1728 1807 μετάνοια.
1759 1733 1828 1794 Et
1855 1736 1979 1796 hac
2009 1735 2190 1814 quide

2234 1752 2380 1794 ivox
2415 1735 2687 1810 μετάνοια,
2716 1752 2784 1794 ex
2813 1735 3084 1812 primava
3105 1753 3211 1794 sua
3234 1733 3622 1814 institutione;
3654 1757 3678 1789 α
3722 1753 3857 1814 ρω-

481 1755 749 1814 corporis
773 1756 800 1794 ›
833 1755 1052 1796 uicuur
1077 1755 1432 1814 SimpllClleI'
1454 1756 1728 1807 μετανοια.
1759 1755 1828 1794 nt
1857 1755 1979 1796 nac
2054 1755 2248 1797 niuem
2272 1755 2380 1794 vox
2415 1756 2687 1810 μετανοια,
2716 1755 2784 1794 ex
2813 1755 3084 1812 primava
3105 1755 3211 1794 sua
3234 1755 3622 1813 institutione;
3654 1757 3678 1789 α
3722 1755 3857 1814 pne-

481 1814 791 1877 nitentiam
820 1838 841 1871 ι)
870 1814 1182 1892 signiﬁcat:
1213 1814 1314 1874 sed
1334 1814 1462 1894 jam
1483 1814 1636 1893 apud
1667 1816 1988 1894 monachos
2009 1755 2246 1877 graecos
2275 1813 2574 1891 signiﬁcat
2596 1833 2832 1893 quoque
2851 1814 3065 1875 dictam
3091 1813 3507 1894 reverentiam;
3533 1824 3862 1894 propterea

481 1897 666 1987 quod,
689 1913 823 1956 cum
842 1894 1082 1956 humilis
1099 1894 1174 1956 sit
1193 1903 1251 1954 et
1278 1892 1597 1987 laboriOSa,
1623 1894 1685 1987 in
1711 1892 1994 1987 mulctam
2017 1912 2376 1987 panemque
2393 1892 2771 1987 peccatorum
2796 1895 3074 1987 ἀρεσθεὶς
3091 1894 3328 1987 imponi
3360 1892 3580 1987 soleat.-
3601 1894 3672 1954 Et
3696 1913 3850 1956 vero

481 1973 882 2056 quodcorpus
907 1992 1024 2035 non
1048 1992 1253 2054 parum
1279 1973 1625 2056 debilitetur
1645 1975 1997 2056 hujus-modi
2014 1973 2709 2056 incurvationibus,_patet
2725 1994 2794 2034 ex
2823 1974 2930 2056 illo
2953 1974 3544 2056 ptochoprodromiin
3567 1975 3865 2056 hegume-

481 2053 622 2118 num
655 2074 725 2117 ex
752 2053 887 2115 60d.
925 2053 1138 2116 msﬁTa
1170 2056 1367 2132 γόνατά
1403 2077 1502 2125 μου
1526 2053 1821 2122 ἠσθένησεν
1865 2057 1970 2112 ἀπὸ
2001 2057 2095 2122 τῆς
2128 2078 2191 2130 με

2234 2058 2432 2127 ανοίας,
2469 2078 2491 2110 «
2523 2053 2726 2117 Genua
2757 2054 2902 2116 mihi
2947 2053 3251 2116 debilitata
3289 2062 3428 2114 sunt
3476 2055 3860 2116 exincurva-

480 2141 665 2198 tione.
698 2162 719 2192 υ
753 2133 1009 2198 Consule
1029 2133 1316 2216 Joaunem
1341 2133 1787 2216 Morinum,tum
1813 2136 1889 2197 de
1912 2136 2224 2216 disciplina
2257 2135 2318 2196 in
2350 2134 2861 2216 administratione
2885 2134 3234 2216 sacramenti
3266 2133 3628 2216 pmnitﬁentia
3650 2135 3731 2216 fol
3794 2142 3860 2216 4,

483 2215 804 2297 tumeliam
829 2215 904 2297 de
925 2214 1110 2297 sacris
1131 2214 1413 2297 Ecclesia
1436 2214 2025 2297 ordinationibusfol.
2058 2214 2194 2289 925,
2227 2216 2408 2297 partis
2432 2215 2635 2297 2.1mo
2660 2234 2794 2297 vero
2819 2214 3111 2297 sequioris
3131 2217 3321 2275 aetatis
3342 2215 3666 2297 scriptores
3688 2214 3860 2297 Lati-

484 2297 545 2358 ni
573 2296 644 2358 ab
678 2315 747 2358 ea
780 2296 1007 2356 ratione
1039 2294 1330 2377 loquendi
1357 2313 1473 2377 non
1507 2294 1864 2377 abhorrent;
1891 2297 2163 2376 nequein
2199 2294 2540 2357 monasticis
2563 2294 2953 2377 scriptoribus
2976 2295 3296 2374 quidquam
3331 2294 3602 2356 usitatius
3626 2294 3860 2377 esLSic

486 2380 702 2441 Petrus
727 2377 1020 2438 Venerab.
1049 2374 1367 2437 in’statutis
1408 2374 1647 2456 Ordinis
1670 2374 2102 2446 Cluniacensis,
2132 2394 2262 2456 cap.
2291 2379 2346 2448 4,
2369 2377 2487 2436 ait:
2525 2400 2546 2432 ‹
2582 2384 2771 2456 Atque
2815 2375 2934 2436 illis
2979 2377 3310 2456 metanais,
3333 2393 3464 2454 qua
3499 2376 3856 2455 quotidiana

485 2475 596 2518 usu
625 2459 686 2518 in
719 2455 975 2537 capitulo
1005 2457 1174 2528 ﬁunt,
1199 2465 1257 2516 et
1283 2456 1452 2537 vulgo
1472 2455 1656 2537 venia
1680 2456 2082 2520 nominantur.
2108 2482 2134 2512 »
2159 2455 2230 2519 Et
2252 2457 2488 2536 cap.53,
2505 2482 2527 2511 α
2558 2455 2962 2536 frequentibus
2987 2455 3292 2537 metanais
3312 2456 3398 2516 vel
3421 2456 3857 2537 genuﬁexioni—

489 2539 620 2600 bus.
651 2562 678 2592 ι
700 2535 1092 2616 Hieronymus
1116 2535 1441 2597 monachus
1462 2536 1722 2600 Camald.
1748 2537 1809 2597 in
1845 2538 1974 2599 Vita
1997 2539 2062 2601 S.
2083 2535 2411 2598 Romualdi
2439 2535 2692 2610 abbatis,
2719 2556 2777 2599 n.
2799 2538 2899 2613 67,
2929 2561 2954 2592 (ι
2989 2536 3236 2598 docebat
3261 2554 3363 2596 eos
3389 2545 3552 2598 ut....
3573 2536 3856 2616 discipli-

488 2637 594 2679 nas
621 2618 988 2697 ﬂagellorum
1022 2618 1082 2677 in
1110 2616 1274 2697 cella,
1292 2616 1580 2690 facerent,
1611 2625 1935 2680 metanaas
1965 2626 2024 2678 et
2053 2618 2500 2694 genuﬁexiones
2527 2618 2992 2697 frequentantes.
3030 2643 3056 2672 ι)
3095 2616 3444 2678 Consimilia
3469 2617 3691 2697 habent
3719 2616 3852 2679 alii.

478 2700 606 2760 Jam
643 2695 780 2759 vero
813 2698 975 2772 quod
1011 2696 1193 2778 venia
1231 2695 1348 2756 sint
1403 2697 1817 2778 hujuscemodi
1875 2698 2309 2760 incurvationes
2365 2695 2655 2778 corporis,
2691 2707 2925 2760 constat
2978 2698 3132 2778 apud
3193 2714 3427 2761 omnes.
3460 2695 3610 2759 Hinc
3667 2704 3727 2757 et
3789 2697 3854 2757 in

477 2779 788 2842 Chronico
821 2777 1211 2840 Laurisbam.
1242 2784 1430 2838 exstat
1463 2777 1555 2838 hic
1586 2778 1915 2839 versiculus
1944 2800 1956 2840 :

1399 2860 1511 2918 Per
1538 2857 1742 2918 venias
1774 2865 2012 2939 centum
2030 2866 2294 2939 ferrum
2325 2856 2526 2939 barbis
2579 2862 3005 2939 pavimentum.

1829 2937 2074 3001 CAPUT
2119 2936 2506 3010 QUARTUM.

1921 3019 2010 3081 De
2055 3018 2384 3080 Laudibus.

563 3101 700 3164 203.
734 3099 908 3180 Apud
941 3097 1177 3180 Gracos
1206 3097 1437 3180 Laudes
1465 3115 1766 3180 nunquam
1801 3096 2218 3180 disjunguntur
2248 3120 2278 3158 a
2312 3099 2625 3174 Matutino,
2660 3099 2763 3161 sed
2797 3109 2938 3160 sunt
2967 3099 3099 3180 ejus
3129 3116 3308 3180 pars:
3347 3098 3466 3160 imo
3499 3099 3676 3161 etiam
3710 3119 3853 3180 pas-

481 3184 592 3243 sim
660 3177 963 3242 cam—muni
1023 3179 1264 3239 nomine
1301 3179 1502 3260 39090;
1563 3177 1982 3260 nominantur;
2041 3197 2111 3238 ex
2172 3177 2363 3258 iisque
2422 3199 2536 3241 una
2591 3199 2724 3240 cum
2792 3177 3457 3260 majoribus’Vesperis
3510 3189 3627 3240 tota
3679 3177 3852 3257 ἦρο-

485 3265 640 3324 πνίκς
673 3263 796 3323 sive
823 3260 1169 3339 Vigiliarum
1204 3257 1358 3340 ratio
1410 3257 1823 3340 constituitur,
1865 3258 2142 3340 Attamen
2176 3257 2444 3340 propter
2474 3278 2709 3321 causam
2761 3257 2949 3334 illam,
2984 3278 3158 3340 quam
3211 3257 3380 3320 initio
3438 3261 3853 3340 antecedentis

483 3341 691 3419 capitis
723 3336 1167 3421 proposuimus,
1188 3338 1584 3421 judicavimus
1612 3336 1921 3421 expedire,
1947 3346 2010 3421 ut
2041 3339 2133 3421 hic
2156 3336 2230 3399 de
2263 3336 2380 3421 illis
2403 3342 2657 3421 seorsim
2677 3336 3021 3418 ageremus,
3035 3340 3315 3421 adductis
3342 3339 3542 3421 verbis
3562 3339 3771 3420 Typici
3797 3351 3857 3403 et

482 3417 1068 3499 Menaorum'Atque
1089 3427 1224 3500 ante
1244 3417 1444 3500 omnia
1463 3437 1581 3500 non
1602 3417 1781 3500 fuerit
1811 3417 2217 3494 ἀπροσδιόνυσον
2247 3419 2372 3480 sive
2402 3419 2613 3482 inutile
2636 3417 3145 3491 observare,illam
3177 3419 3361 3481 divini
3386 3421 3564 3482 oﬁicii
3596 3417 3824 3500 partem

482 3519 660 3578 quam
691 3519 797 3562 nos
825 3471 1112 3562 hactenus
1145 3499 1325 3577 ὄρθρον
1356 3498 1479 3581 sive
1529 3471 2183 3581 Matutinamrvocavim

2236 3518 2283 3572 s,
2316 3500 2388 3560 ab
2447 3501 2745 3581 aliquibus
2798 3471 2994 3562 vocari
3045 3507 3223 3562 etiam
3281 3471 3651 3577 μεσονύκτιοῖ,
3687 3471 3853 3580 quod

486 3581 680 3663 media
713 3589 885 3642 nocte
917 3580 1315 3663 persolvatur,
1337 3586 1396 3638 et
1427 3577 1631 3663 laudes
1657 3579 1980 3663 _contrario
2009 3579 2085 3663 ab
2117 3578 2327 3663 iisdem
2363 3577 2562 3642 vocari
2610 3583 2811 3662 ὄρθρον,
2849 3601 2920 3644 eo
2954 3581 3113 3663 quod
3146 3581 3305 3663 circa
3360 3577 3854 3663 auroramdcon-

484 3662 799 3752 cinautur:
831 3657 1026 3752 usque
1057 3659 1236 3733 male,
1270 3657 1316 3719 si
1357 3657 1710 3739 etymologia
1737 3658 2064 3752 spectanda
2111 3659 2207 3752 sit_.
2242 3658 2337 3752 Ut_
2365 3669 2426 3722 ut
2455 3657 2990 3752 est,_com_muniu_s_
3013 3661 3256 3752 nomine
3286 3663 3464 3752 ὄρθρος
3495 3661 3859 3752 intelligitur

487 3760 556 3803 ea
590 3741 776 3802 diViDi
808 3739 987 3803 οῙΠόίί
1018 3758 1172 3821 βᾶτε,
1210 3756 1336 3819 (tuaa
1369 3757 1434 3800 ex
1467 3740 1792 3815 μεσοθυάτίω
1819 3747 1875 3798 el
1907 3740 2104 3814 αἶ’νοις,
2143 3739 2201 3800 id
2255 3747 2346 3800 est
2381 3767 2407 3797 «
2444 3761 2512 3804 ex
2547 3742 2830 3804 Matutino
2861 3751 2917 3804 et
2944 3741 3242 3805 Laudibus
3281 3739 3638 3803 n'coalescit.
3687 3740 3858 3803 Nunc

483 3821 557 3882 ad
588 3822 768 3884 verba
797 3821 1000 3902 'l'ypici
1036 3821 1370 3882 veniamus.

558 3910 698 3974 204.
735 3912 818 3973 Ad
848 3910 1094 3985 Laudes,
1118 3908 1329 3974 Omnis
1351 3907 1899 3987 spiritus.Recitam
1911 3925 1976 3968 us
1999 3925 2131 3968 ver-
2155 3919 2190 3967 Β

2298 3912 2534 3990 ΕἷςΞτοὺς
2563 3913 2770 3990 αἶ’νους,
2809 3921 2957 3970 Πᾶσα
2990 3915 3152 3983 πνοή,
3212 3910 3464 3992 Ἰστῶμεν
3495 3912 3730 3992 στιχηρὰ
3763 3910 3813 3967 δ’
3839 3929 3853 3943 ·

484 4019 586 4064 sus
614 4010 907 4082 quatuor;
940 4009 996 4062 et
1050 4000 1357 4080 psallimus
1407 4014 1613 4059 versus
1663 3997 1964 4058 similares
1994 4005 2130 4058 tono

2234 4002 2300 4055 ιαὶ
2359 4001 2636 4079 ψάλλομεν
2685 4006 2920 4084 στιχηρὰ
2973 4003 3290 4081 προσόμοια.
3375 3991 3550 4082 Ἠχος
3587 3991 3666 4079 β’,
3725 4004 3857 4079 πρὸς

479 4091 767 4161 secundo,
803 4090 956 4152 sicut
987 4093 1162 4153 Ποίοις
1194 4091 1491 4167 εὔφημιῶν.

2234 4092 2396 4154 Ῑοίοις
2429 4097 2725 4172 εὖφημιῶν.

563 4181 754 4260 Comm.
790 4187 936 4260 Hie;
969 4181 1106 4260 moi,
1138 4179 1441 4257 quomodo
1474 4174 1875 4249 continuetur,
1904 4183 2040 4237 ante
2072 4176 2215 4260 satis
2245 4196 2546 4258 superque
2578 4182 2940 4244 declaratum
2993 4181 3208 4260 legisti.
3249 4183 3462 4243 Postea
3517 4177 3853 4260 recitantur

484 4259 695 4340 psalmi
728 4259 994 4323 Davidici
1021 4255 1264 4340 chvltr,
1301 4273 1480 4340 CXLIX
1514 4264 1571 4340 et
1602 4272 1692 4328 CL,
1731 4264 1794 4314 ut
1820 4264 1974 4340 patet
2002 4274 2071 4340 ex
2102 4255 2468 4340 Hirmologio
2506 4284 2518 4320 :
2574 4270 2632 4324 et
2683 4269 2731 4322 si
2779 4255 3215 4340 Hirmologium
3248 4262 3304 4322 id
3359 4276 3476 4322 non
3527 4258 3853 4330 indicaret,

492 4336 717 4424 pateret
738 4359 804 4402 ex
831 4341 948 4424 illis
969 4339 1191 4424 verbis,
1222 4339 1448 4424 εἷςςῑοὺς
1479 4337 1680 4424 αἴνοος,
1727 4357 1748 4392 ιι
1787 4336 1858 4396 ad
1874 4337 2119 4424 Laudes
2145 4354 2159 4411 ;

2261 4336 2398 4419 quia
2421 4345 2626 4421 psalmi
2650 4343 2736 4404 illi
2758 4344 2832 4404 ob
2858 4361 3015 4424 sape
3036 4336 3372 4424 r'eiteratam
3397 4357 3602 4424 vocem
3628 4339 3859 4414 αἰνεῖτε,

491 4414 800 4504 ὲιδυίίδιο,
827 4442 856 4480 »
887 4422 1057 4504 atvot,
1087 4444 1114 4474 α
1164 4417 1402 4480 Laudes
1438 4443 1459 4474 ο
1493 4415 1840 4477 vocitantur.
1874 4414 2096 4478 Versus
2142 4414 2339 4483 autem
2391 4414 2708 4499 similares,
2735 4425 2874 4485 huic
2932 4414 3050 4486 diei
3084 4423 3330 4504 proprii,
3357 4421 3418 4484 hi
3472 4427 3631 4499 sunt,
3670 4427 3856 4499 prout

485 4509 716 4564 exstant
746 4502 806 4562 in
843 4500 1103 4562 Menais.

931 4587 1218 4652 VERSUS
1264 4584 1692 4650 SIMILARES.

565 4683 768 4746 Tonus
803 4683 861 4746 2.
893 4683 1064 4744 Sicut
1095 4684 1272 4745 Ποίοις
1319 4686 1619 4759 εὖφημιῶν.

569 4775 706 4835 205.
741 4771 1238 4846 Quibuslaudum
1292 4769 1530 4833 coronis
1575 4771 1998 4833 coronabimus
2029 4771 2134 4832 do-

2656 4601 2945 4651 ΣΤΙΧΠΡΑ
2994 4599 3372 4650 ΠΡΟΣΟΜΟΙΑ
3387 4640 3400 4652 .

2297 4671 2464 4764 Ἠχοῖ,
2502 4683 2574 4761 β’.
2613 4685 2788 4746 Ποίοις
2820 4685 3119 4763 εὐφημιῶν,

2301 4773 2476 4838 Ποίοις
2563 4776 2837 4850 εὐφημιῶν
2923 4772 3184 4848 στέμμασι
3241 4790 3662 4850 στεφανωσωμεν
3733 4769 3859 4829 τοὺς

488 4863 932 4942 ctores,divisos
952 4861 1192 4942 quidem
1217 4859 1627 4935 atatibus,sed
1650 4860 1864 4939 spiritu
1887 4863 2134 4941 conjun-

490 4959 638 5027 ctos,
663 4952 1119 5030 divinorumque
1140 4950 1451 5011 hominum
1474 4948 2136 5030 antesignanos,nume-

494 5055 559 5099 ro
595 5057 768 5116 pares
792 5041 1090 5114 Trinitati,
1126 5040 1374 5120 ejusque
1404 5037 1701 5099 cultores:
1737 5037 2027 5117 fulgentia
2056 5048 2136 5102 to-

493 5126 607 5188 tius
632 5126 796 5188 orbis
839 5130 1181 5202 luminaria,
1216 5130 1520 5190 columnas
1552 5125 1856 5207 Ecclesia,
1883 5127 2136 5190 victores

488 5234 636 5296 quos
657 5217 898 5278 coronis
921 5217 1124 5295 gloria
1149 5227 1398 5280 coronat
1431 5215 1702 5278 Christus
1726 5215 1885 5278 Deus
1910 5225 2134 5300 noster,

490 5323 761 5382 magnam
795 5306 1021 5366 habens
1055 5306 1528 5368 misericordiam
1558 5313 1586 5366 ‘2

567 5396 695 5467 Qua
724 5396 1053 5456 carminum
1106 5395 1452 5456 celebritate
1505 5412 1792 5456 canemus
1849 5393 2131 5467 deiieros,

487 5484 942 5564 calestiumque
965 5503 1317 5546 arcanorum
1342 5501 1581 5562 gnaros,
1607 5492 1664 5544 et
1695 5501 1999 5563 praecones
2031 5506 2133 5549 re-

485 5582 594 5634 cta
616 5572 778 5652 ﬁdei,
806 5591 876 5634 ac
903 5573 1343 5634 sincerissimos
1367 5572 1678 5648 theologos
1705 5591 1718 5634 :
1749 5591 2023 5653 magnum
2049 5595 2138 5638 sa-

489 5679 728 5724 crorum
763 5662 1154 5744 interpretem
1202 5661 1512 5734 Basilium,
1547 5661 1809 5722 divinum
1857 5671 1913 5724 et
1943 5664 2140 5729 divina

487 5751 885 5831 eXplicantem
912 5751 1289 5830 Gregorium,
1315 5758 1490 5828 atque
1513 5749 1804 5812 Joannem
1831 5753 2137 5836 eximium,

491 5839 691 5918 lingua
714 5856 1147 5921 aureum;quos
1173 5857 1279 5920 pro
1310 5839 1545 5900 meritis
1569 5837 1914 5916 gloriﬁcavit
1935 5842 2137 5904 Trini-

489 5939 600 6005 tas,
625 5928 917 5996 Dominus
959 5934 1190 6006 noster,
1219 5925 1451 5991 habens
1493 5942 1764 6004 magnam
1797 5929 2138 5996 misericor-

520 6015 701 6083 Hm,

2218 4861 2584 4935 διδασκάλους,
2619 4865 2738 4924 τοὺς
2771 4862 3121 4938 διῃρημένους
3153 4875 3268 4925 τοῖς
3317 4860 3551 4938 σώμασι³
3582 4860 3669 4914 καὶ
3729 4879 3858 4914 συν-

2219 4956 2491 5028 ημμένους
2530 4960 2606 5026 τῷ
2655 4954 2935 5032 πνεύματι,
2983 4953 3100 5013 τοὺς
3147 4954 3251 5007 τῶν
3303 4950 3569 5030 θεοφόρων
3617 4949 3859 5026 προστά-

2221 5065 2335 5108 τας.
2394 5041 2615 5116 Τριάδος
2674 5043 2795 5106 τοὺς
2840 5045 3139 5122 ἰσαρίθμους
3195 5041 3281 5096 καὶ
3323 5040 3671 5118 θεράποντας,
3733 5059 3857 5115 φω-

2221 5137 2418 5207 στῆρας
2456 5137 2552 5198 τῆς
2607 5131 2923 5206 οἱκουμὲνης
2985 5128 3408 5204 διαλάμποντας,
3469 5131 3566 5194 τῆς
3617 5125 3855 5191 Ἐκκλη-

2222 5221 2336 5283 σίας
2400 5224 2514 5281 τοὺς
2577 5219 2816 5293 στύλους,
2875 5222 2961 5284 οὒς
3018 5219 3292 5298 στεφάνοις
3326 5215 3482 5282 δόξης
3530 5215 3854 5283 νικήσαντας

2222 5323 2476 5388 στεφαδοϊ
2509 5312 2730 5388 Χριστὸς
2760 5313 2788 5366 ὃ
2821 5311 2947 5373 Θεὸς
2980 5310 3155 5386 ἡμῶν,
3191 5309 3217 5362 ὁ
3245 5306 3391 5386 ἔχων
3422 5307 3482 5361 τὸ
3513 5304 3650 5380 μέγα
3684 5302 3853 5375 ἕλεος

2303 5400 2484 5463 Halat;
2542 5397 2816 5472 ὑμνῳδιῶν
2870 5396 3115 5453 κάλλεσιν
3177 5394 3521 5468 ἁναδήσωμεν
3573 5393 3689 5454 τοὺς
3745 5396 3854 5447 θεο-

2219 5491 2430 5568 φόρους,
2465 5488 2584 5549 τοὺς
2636 5488 3028 5566 οὖρανομύστας
3083 5487 3174 5542 καὶ
3215 5483 3446 5562 κήρυκας
3490 5487 3587 5547 τῆς
3640 5479 3856 5558 690080—

2221 5578 2327 5643 Et'at:
2384 5578 2749 5655 ὒπᾶρχοντπις,
2816 5577 2937 5641 τοὺς
3015 5575 3492 5655 ἀκραιφνεστάτους
3548 5568 3852 5647 θεολόγους,

2220 5671 2309 5724 τὸν
2341 5665 2509 5744 μέγαν
2552 5667 2895 5745 ἱεροφὰντορα
2946 5663 3245 5743 Βασίλειον,
3290 5666 3379 5719 τὸν
3408 5667 3554 5718 θεῖον
3584 5660 3671 5715 καὶ
3700 5655 3854 5734 Θεορο

2223 5755 2428 5833 ρήμονα
2459 5755 2772 5833 Γρηγόριον,
2800 5757 2886 5810 καὶ
2920 5752 3164 5821 Ἰωάννην
3199 5753 3284 5810 τὸν
3316 5751 3475 5830 πάνυ,
3508 5751 3596 5805 τὸν
3628 5753 3853 5828 χρυσοῦν

2221 5867 2320 5912 την
2351 5842 2617 5924 γλῶτταν,
2663 5844 2750 5909 οὓς
2783 5841 3024 5910 ἐδόξασεν
3064 5847 3098 5912 ἡ
3157 5845 3339 5924 Τριὰς²
3391 5839 3544 5907 ἀξίως
3576 5841 3602 5895 ὁ
3637 5839 3850 5916 Κύριος,

2222 5937 2250 5992 ὁ
2281 5933 2427 6015 ἔχων
2456 5934 2518 5992 τὸ
2555 5932 2694 6015 μέγα
2719 5933 2866 6000 ἔλεος
2902 5950 2916 5965 ’
