4096 6210
1358 406 1799 473 ACOLUTHIA
1844 406 2222 470 TRIPLIGIS
2261 406 2503 471 FESTI.

3387 430 3665 480 CCCLXV”

357 551 539 614 Ποίοις
589 548 868 626 ιγκωμίων
927 545 1156 625 ῥήμασιν
1213 543 1578 618 ἐπαινέσωμεν
1606 541 1725 605 τοὺς
1757 538 1916 618 ἱεράρ-

2093 537 2320 612 Quibus
2354 537 2783 620 praeconiorum
2815 541 3016 603 verbis
3049 542 3420 605 laudabimus
3452 564 3656 609 sacro-

272 664 408 722 χας,
466 641 584 703 τοὺς
642 636 1025 700 ἶσαποστόλους
1087 635 1141 690 ὲν
1196 634 1434 714 χάριτι,
1500 632 1588 688 καὶ
1641 632 1926 707 ὁμοτίμους

274 730 576 811 χαρίσμασι
657 728 777 791 τοὺς
838 731 938 794 τῆς
997 723 1239 788 ἀσεϐείας
1295 722 1592 785 καταλυτὰς
1631 771 1644 796 ,
1685 727 1927 798 σωτῆρας

275 821 365 876 καὶ
425 818 652 897 ὁδηγοὺς
707 816 855 893 λόγῳ
911 817 999 871 καὶ
1043 814 1338 892 πράγματι,
1372 812 1648 887 ποιμένας,
1702 831 1928 890 χριστο-

279 908 548 982 μιμήτους
608 904 692 960 διὰ
773 907 999 966 πίστεως
1041 952 1057 980 ,
1106 904 1227 964 τοὺς
1302 901 1562 978 ἐπιγείους
1621 898 1879 976 ἀγγέλους
1911 947 1926 978 ,

277 997 494 1076 βροτοὺς
544 996 839 1074 οὐρανίους,
886 997 974 1056 οὒς
1035 993 1285 1068 ἐτίμησεν
1342 994 1369 1048 6
1416 991 1658 1070 Χριστὸς,
1705 995 1801 1055 τῆς
1835 989 1927 1045 δό-

277 1085 371 1152 ξης
405 1089 434 1142 ὁ
471 1087 680 1164 Κύριος,
715 1087 741 1140 6
773 1084 918 1163 ἔχων
947 1085 1008 1139 τὸ
1046 1083 1184 1161 μέγα
1216 1080 1360 1147 ἕλεος
1397 1099 1413 1160 ς

357 1176 540 1239 Ποίοις
612 1173 887 1253 εὔφημιῶν
971 1171 1234 1248 στέμματι
1313 1169 1736 1243 καταστέψωμεν
1837 1168 1928 1223 τὸν

276 1263 635 1345 χρυσολόγον,
697 1263 808 1336 ἅμα
869 1261 1128 1334 Βασιλείῳ
1180 1262 1494 1340 Γρηγόριον,
1527 1261 1592 1314 τὰ
1636 1258 1804 1314 σεπτᾶ
1834 1255 1925 1312 δο-

273 1368 411 1434 χετα
459 1361 550 1412 τοῦ
609 1353 912 1428 Πνεύματος
945 1398 962 1428 ,
1022 1352 1141 1415 τοὺς
1222 1349 1461 1429 στεῤῥοὺς
1533 1353 1628 1414 τῆς
1700 1348 1925 1410 πίστεως

273 1443 616 1522 προμάχους,
664 1443 788 1503 τοὺς
863 1438 1082 1505 στύλους
1158 1440 1256 1506 τῆς
1319 1437 1662 1510 Ἐιικλησίας,
1724 1440 1926 1492 πιστῶν

271 1534 548 1609 στήριγμα
606 1531 872 1609 ἁπάντων,
934 1530 1344 1605 ἁμαρτανόντων
1395 1527 1747 1606 παραμύθιον,
1809 1549 1918 1591 πη-

271 1623 370 1698 γὲις
423 1621 711 1697 βλυζοόσας
766 1621 827 1676 τὺ
892 1625 1054 1698 νᾶμα,
1090 1619 1141 1684 ἐξ
1194 1621 1253 1676 05
1297 1618 1576 1697 αρυόμενοι
1629 1613 1923 1691 ἠδυνάμεθα

275 1723 397 1774 ταῖς
443 1715 675 1789 ψυχαῖς,
738 1711 1002 1770 αἰτοῦντες
1053 1708 1398 1788 συγχώρησιν
1457 1705 1782 1785 σφαλμάτων
1835 1708 1923 1761 καὶ

279 1800 417 1876 μέγα
445 1798 616 1873 ἕλεος
1762 1792 1918 1859 Δόξα,

359 1882 529 1968 Ἠχος
560 1891 586 1944 6
618 1889 798 1968 αὒτὸς,
830 1889 961 1966 πρὸς
992 1889 1075 1962 τὸ,
1127 1885 1369 1964 Σήμερον
1402 1889 1429 1942 6
1478 1885 1720 1964 Χριστός.

360 1979 600 2055 Σήμερον
679 1978 731 2032 αἱ
790 1979 961 2056 ψυχαί
1017 1981 1123 2032 τῶν
1187 1976 1431 2053 γηγενῶν
1514 1976 1788 2050 ὒψοὺνται,
1862 1973 1921 2030 ἐκ

278 2078 484 2145 γηΐνων
552 2067 784 2143 σήμερον
843 2067 1071 2136 οὐράνιοι
1133 2067 1364 2142 γίνονται
1413 2071 1517 2121 τῶν
1575 2063 1739 2140 ἁγίων
1770 2063 1823 2119 ἐν
1851 2070 1918 2136 τῇ

274 2157 491 2231 μνήμῃ·
527 2156 576 2211 αἱ
608 2157 707 2234 γὰρ
765 2153 927 2212 πύλαι
995 2161 1101 2211 τῶν
1157 2155 1390 2232 οὐρανῶν
1447 2154 1773 2232 έπαιρονται,
1833 2155 1920 2208 καὶ

270 2247 412 2320 ἡμῖν
453 2245 518 2301 τὰ
545 2253 638 2302 τοῦ
693 2244 960 2304 Δεσπότου
987 2245 1351 2324 γνωρίζονται·
1399 2247 1446 2300 οἱ
1490 2243 1639 2320 λόγοι
1671 2244 1790 2306 τοὺς
1824 2241 1916 2298 λόο

268 2356 397 2409 γους
457 2335 792 2411 κηρύττουσι,
861 2335 948 2390 καὶ
1007 2336 1056 2390 αἰ
1107 2333 1344 2411 γλῶσσαι
1390 2334 1457 2389 τὰ
1511 2333 1750 2406 θεύματα
1783 2331 1919 2405 μέλ-

270 2446 481 2484 πουσιν.
533 2420 726 2500 Ἠμεῐς
782 2421 837 2479 δὲ
896 2424 1023 2501 πρὸς
1079 2424 1168 2479 τὸν
1227 2425 1454 2500 Σωτῆρα
1512 2423 1748 2498 βοῶμεν,
1788 2421 1922 2485 Δόξα

267 2536 352 2570 σοι
384 2520 596 2591 Χριστῷ
623 2520 700 2586 τῷ
743 2519 880 2588 Θεῷ⁹
927 2525 1046 2578 τοῖς
1078 2513 1178 2591 γὰρ
1211 2524 1426 2574 πιστοῖς
1461 2511 1643 2588 εἰρήνη
1674 2509 1762 2566 διὰ
1791 2511 1920 2567 τού-

266 2625 376 2660 των
407 2602 667 2681 ἐγεγόνει,

439 2693 538 2750 Καί
579 2698 690 2752 νῦν.
1239 2691 1518 2748 Θεοτόκιον
1545 2689 1754 2766 ὅμοιον,

352 2782 602 2859 Σήμερον
662 2783 690 2837 ὃ
761 2782 981 2859 Χριστὸς
1038 2779 1092 2835 ἐι
1159 2784 1236 2853 τῷ
1288 2787 1396 2854 ναῷ
1439 2779 1784 2859 προσφέρεται
1844 2782 1916 2842 ὡς

261 2869 486 2950 βρέφος’
548 2871 780 2945 σήμερον
809 2871 909 2926 ὑπὸ
962 2870 1125 2944 νόμον
1185 2869 1376 2946 γίνεται
1407 2871 1434 2925 6
1482 2876 1700 2926 Μωῦσετ
1744 2866 1912 2932 διδοὸς

261 2962 360 3017 τὸν
426 2961 608 3036 νόμον·
668 2966 772 3016 τῶν
831 2957 1073 3038 ἀγγέλων
1133 2959 1184 3015 αἱ
1234 2962 1470 3037 στρατιαὶ
1531 2955 1911 3034 τεθάμϐηνται,

264 3050 321 3106 ἐν
359 3048 628 3126 ἀγκάλαις
657 3061 910 3127 γηραιατς
950 3047 1313 3127 κατεχόμενον
1344 3049 1436 3103 τὸν
1454 3049 1745 3126 συνέχοντα
1775 3048 1915 3104 πάν-

2012 647 2144 690 rum
2170 628 2492 709 principes,
2528 632 2720 708 gratia
2742 640 2798 692 et
2819 632 3043 692 honore
3063 633 3328 712 aquales
3349 637 3654 714 apostolis,

2013 736 2325 780 eversores
2347 719 3026 798 impietatis,servatores
3057 733 3114 782 et
3140 723 3250 783 viae
3275 723 3456 786 duces
3480 725 3657 787 verbo

2012 827 2081 869 ac
2129 808 2308 889 facto,
2347 822 2639 888 pastores,
2676 809 2893 872 Christi
2945 829 3052 890 per
3092 811 3266 875 ﬁdem
3301 813 3651 891 imitatores,

2012 905 2330 960 terrestres
2360 898 2908 978 angelos,homines
2934 900 3382 982 cuslestes,quos
3406 904 3657 966 honora-

2013 988 2097 1048 vit
2122 987 2631 1066 Christus,gloriae
2663 989 2970 1065 Dominus,
2996 990 3221 1053 habens
3245 1011 3514 1071 magnam
3540 994 3656 1056 mi-

2013 1076 2405 1140 sericordiam
2432 1083 2460 1139 '?

2093 1165 2319 1238 Quibus
2363 1166 2766 1229 laudationum
2828 1170 3062 1230 coronis
3113 1171 3447 1252 cingemus,
3478 1173 3659 1236 verba

2013 1274 2200 1318 aurea
2240 1256 2720 1336 proloquentem,
2755 1265 2811 1318 et
2841 1277 2973 1319 cum
3029 1259 3246 1322 Basilio
3277 1260 3654 1340 Gregorium,

2007 1353 2250 1424 augusta
2272 1347 2654 1425 receptacula
2681 1345 2963 1425 Spiritus,
2989 1349 3231 1411 stabiles
3264 1351 3403 1412 fidei
3429 1371 3656 1432 propu-

2006 1435 2620 1514 gnatores,columnas
2645 1435 3216 1510 Ecclesireﬁdelium
3243 1440 3512 1501 omnium
3547 1441 3661 1501 ful-

2009 1523 2742 1603 cimentum,peccantium
2769 1526 3071 1602 solatium,
3102 1527 3293 1590 fontes
3337 1530 3655 1590 effunden-

2010 1620 2096 1674 tes
2127 1613 2395 1684 laticem,
2424 1631 2600 1692 quem
2628 1613 2728 1693 qui
2759 1614 3088 1692 haurimus,
3114 1617 3407 1680 afﬁcimur
3433 1620 3656 1692 lmtitia,

2009 1709 2277 1780 petentes
2311 1711 2641 1763 erratorum
2671 1704 2903 1765 veniam
2931 1712 2989 1765 et
3009 1725 3282 1785 magnam
3308 1708 3657 1768 misericor-

2007 1791 2162 1853 diam
2183 1797 2211 1852 ?
3424 1795 3646 1859 Gloria.

1948 1862 1983 1912 Β
2085 1880 2284 1941 Tonus
2316 1879 2472 1942 idem
2509 1881 2661 1942 sicut
2709 1882 2950 1960 Σήμερον
2983 1887 3008 1940 6
3045 1887 3289 1961 Χριστός.

2077 1970 2221 2032 206.
2253 1969 2440 2031 Hodie
2473 1973 2687 2032 anima)
2722 1973 3159 2051 terrigenarum
3192 1974 3545 2054 exaltantur,
3582 1992 3655 2036 ex

2004 2059 2396 2123 terrestribus
2416 2060 2593 2121 hodie
2617 2061 2891 2124 cmlestes
2916 2063 3430 2135 ﬁunt,sanctorum
3448 2064 3510 2124 in
3537 2081 3657 2125 me-

2005 2151 2376 2212 moria.Nam
2403 2159 2584 2228 portae
2612 2151 2897 2212 ccelorum
2921 2151 3362 2232 attolluntur,et
3382 2173 3511 2234 quae
3533 2156 3654 2215 Do-

2006 2239 2153 2300 mini
2177 2247 2335 2318 sunt,
2366 2256 2436 2299 ea
2460 2237 2630 2300 nobis
2657 2239 3062 2317 innotescunt;
3089 2261 3399 2304 sermones
3421 2261 3658 2305 sermo-

2006 2328 2183 2389 nibus
2215 2327 2638 2407 praedicantur,
2668 2337 2724 2390 et
2779 2330 3063 2392 miracula
3110 2332 3509 2394 decantantur
3539 2333 3656 2393 lin-

2005 2417 2159 2495 guis.
2197 2419 2318 2479 Nos
2343 2434 2488 2478 vero
2521 2418 2592 2480 ad
2625 2420 3001 2481 Servatorem
3036 2423 3407 2484 clamamus:
3453 2421 3657 2485 Gloria

2006 2505 2385 2586 tibi,Christo
2410 2507 2572 2570 Deo:
2599 2525 2705 2587 pax
2731 2510 2891 2569 enim
2920 2509 3200 2571 fidelibus
3231 2529 3336 2590 per
3359 2530 3463 2573 eos
3487 2521 3654 2592 parta

2005 2604 2120 2658 est.

2167 2683 2242 2746 Et
2273 2702 2455 2746 nunc.
2987 2686 3224 2750 Mariale
3265 2687 3486 2751 simile.

2085 2774 2271 2835 Hodie
2304 2771 2574 2835 Christus
2617 2773 2678 2834 in
2736 2773 2956 2854 templo
3011 2785 3276 2854 portatur
3309 2783 3374 2835 ut
3410 2776 3650 2849 infans;

2003 2863 2182 2926 hodie
2204 2863 2266 2923 ﬁt
2288 2862 2396 2924 sub
2421 2863 2551 2941 lege
2597 2863 2695 2944 qui
2730 2865 2912 2943 Moysi
2947 2863 3136 2942 legem
3170 2864 3356 2925 dedit.
3392 2866 3652 2942 Angelo-

2001 2971 2134 3015 rum
2153 2953 2449 3014 exercitus
2472 2952 3180 3033 obstupuerunt,quando
3202 2954 3366 3014 illum
3388 2954 3489 3033 qui
3513 2971 3654 3014 c0n~

2001 3042 2147 3103 tinet
2197 3041 2420 3117 omnia,
2454 3041 2734 3103 viderunt
2785 3043 2945 3103 inter
2996 3043 3210 3105 senilia
3253 3042 3517 3105 brachia.
3551 3040 3648 3104 Si-

269 3162 336 3196 τα
367 3140 660 3199 θεώμεναι.
715 3139 955 3213 Συμεὼν,
993 3134 1263 3199 εὐλαϐείας
1322 3136 1573 3203 πλησθεὶς
1606 3138 1692 3192 καὶ
1721 3141 1918 3219 χαρὰς,

2016 3150 2204 3203 meon,
2241 3131 2456 3211 pietate
2489 3132 2700 3210 plenus
2731 3140 2789 3192 et
2817 3131 3063 3212 gaudio,
3095 3132 3394 3197 clamabat
3430 3154 3442 3195 :
3479 3135 3650 3194 Nunc

269 3226 432 3285 ἐϐόα·
491 3232 595 3286 Νῦν
651 3226 901 3291 ἀπολύεις
975 3247 1066 3298 με,
1128 3229 1329 3299 Σὼτερ,
1379 3225 1440 3280 ἐκ
1496 3225 1589 3292 τῆς
1663 3225 1922 3303 ἐπικήρου

266 3319 422 3388 ζωῆς
479 3317 610 3394 πρὸς
663 3317 760 3383 τὴν
817 3314 1004 3394 ἀγήρω
1046 3313 1196 3382 λῆξιν
1250 3312 1398 3370 εἶδον
1448 3315 1548 3392 γάρ
1594 3335 1674 3389 σε,
1712 3319 1798 3372 καὶ
1830 3318 1923 3372 εύ-

267 3406 538 3486 φράνθηνι

356 3493 654 3572 Δοξολοφία
712 3492 920 3570 μεγάλη
980 3495 1067 3549 καὶ
1135 3491 1416 3572 ἀπόλυσις,
1467 3491 1675 3549 Δίδοται
1731 3493 1782 3549 δὲ
1839 3490 1926 3550 καὶ

265 3584 426 3661 ἅγιον
457 3582 637 3639 ἔλαιον
665 3596 783 3662 τρῖς
806 3581 1085 3661 ἀδελφοῖς.

2008 3221 2257 3283 dimittis
2291 3239 2406 3294 me,
2434 3219 2738 3293 Servator,
2771 3239 2840 3282 ex
2865 3221 2972 3282 hac
2997 3221 3185 3300 fragili
3209 3222 3347 3297 vita,
3381 3221 3452 3282 ad
3478 3221 3655 3302 quie-

2010 3320 2125 3373 tem
2159 3310 2261 3371 ubi
2295 3310 2458 3371 nulla
2488 3311 2741 3372 sentitur
2782 3320 3102 3386 senectus;
3136 3311 3254 3373 vidi
3286 3311 3444 3372 enim
3477 3319 3558 3383 te,
3594 3319 3656 3372 et

2009 3400 2322 3464 exsultavi.

2090 3488 2228 3552 207.
2261 3487 2542 3568 Sequitur
2586 3489 2940 3567 gloriﬁcatio
3000 3491 3188 3568 major
3245 3499 3302 3551 et
3357 3490 3651 3552 dimissio.

2009 3579 2192 3641 Datur
2221 3586 2418 3640 autem
2452 3586 2508 3639 et
2538 3586 2806 3639 sanctum
2841 3580 3037 3640 oleum
3070 3578 3375 3640 fratribus.

351 3727 544 3792 Count.
579 3729 849 3810 Diximus
877 3728 1118 3810 quidem
1156 3745 1324 3790 num.
1360 3727 1460 3791 31.
1500 3729 1812 3807 Δοξολογίαν
1859 3753 1920 3796 με

2016 3747 2121 3802 ιην,
2157 3726 2282 3810 sive
2314 3727 2600 3810 majorem
2636 3725 3330 3810 glo_riﬁcationem,_esse
3362 3728 3649 3810 hymnum

265 3810 612 3888 angelicum
640 3829 656 3888 ;
692 3809 796 3870 sed
833 3805 972 3889 quia
1001 3809 1087 3870 illi
1122 3810 1363 3889 hymno,
1399 3818 1572 3889 prout
1604 3805 1760 3872 hic‘a
1793 3805 2017 3874 Graecis
2048 3809 2354 3889 recitatur,
2376 3806 2675 3889 adduntur
2691 3805 2885 3885 aliqua
2916 3825 3047 3885 qua;
3080 3806 3140 3866 in
3175 3807 3381 3868 Latino
3405 3805 3649 3889 minime

267 3885 686 3970 reperiuntur,
719 3885 1414 3970 non-ingratum'lectori'
1433 3888 1696 3970 futurum
1730 3890 2094 3967 existimo,si
2125 3888 2290 3970 illum
2326 3895 2508 3970 totum
2539 3885 2648 3946 sub
2680 3894 2982 3966 aspectum
3020 3903 3151 3948 cum
3179 3905 3285 3948 sua
3317 3886 3650 3968 appendice

269 3966 558 4051 posuero.
591 3966 751 4032 Talis
778 3966 974 4032 autem
1011 3969 1184 4030 nobis
1215 3968 1276 4030 in
1299 3968 1665 4047 Hirmologio
1699 3966 2038 4044 exhibetur,
2075 3969 2267 4050 qualis
2300 3966 2600 4045 sequitur.

358 4115 500 4181 Δόξα
561 4114 614 4170 ἐν
670 4116 905 4189 ὑψίστοις
967 4122 1105 4195 Θεῷ,
1165 4118 1251 4171 καί
1309 4116 1391 4173 ἐπὶ
1440 4123 1541 4194 γῆς
1602 4119 1809 4195 εἰρὴνη,
1868 4117 1922 4172 ἐν

271 4205 574 4284 ἀνθρώποις
648 4201 872 4261 εὔδοκία.
939 4203 1234 4279 ’Υμνοῦμέν
1305 4227 1384 4282 σε,
1463 4204 1780 4284 εὖλογουμέν
1834 4227 1918 4284 σε,

272 4292 672 4374 προσκυνοῦμεν
727 4315 785 4348 σε
818 4342 834 4365 ,
887 4291 1266 4371 δοξολογοῦμεν
1331 4316 1413 4372 σε,
1503 4296 1920 4374 εὐχαριστοῦμέν

271 4405 381 4456 σοι,
421 4381 506 4438 διὰ
538 4384 630 4450 τὴν
687 4381 930 4459 μεγάλην
961 4404 1055 4438 σου
1086 4380 1257 4448 δόξαν.
1304 4384 1455 4460 Κύριε
1499 4384 1716 4459 βασιλεῦ
1758 4384 1917 4440 ἔπου-

269 4475 442 4547 ρᾶνιε.
479 4472 576 4528 Θεὲ
628 4471 800 4550 Πάτερ
844 4471 1228 4548 παντόκρατορ’
1296 4472 1447 4550 Κύριε
1499 4473 1580 4528 ι’ίὲ
1642 4479 1920 4551 μονογενὲς

270 4560 454 4628 Ἰησοῦ
514 4561 729 4639 Χριστὲ,
787 4561 874 4616 καὶ
919 4557 1067 4637 ἅγιον
1115 4566 1348 4634 Πνεῦμαο
1413 4562 1563 4637 Κύριε
1620 4565 1646 4617 6
1693 4563 1844 4637 Θεὸς,
1893 4565 1919 4617 6

271 4650 476 4726 Ἀμνος
529 4656 621 4705 τοῦ
679 4651 830 4727 Θεοῦ,
865 4650 893 4705 6
944 4650 1063 4712 Υίὸς
1093 4648 1184 4704 τοῦ
1224 4650 1450 4727 Πατρός,
1509 4651 1536 4705 ὀ
1586 4653 1751 4727 α’ἱρων
1823 4652 1920 4717 τὴν

2086 4113 2288 4177 Gloria
2325 4112 2386 4173 in
2431 4112 2681 4173 excelsis
2715 4111 2857 4187 Deo,
2891 4121 2952 4175 et
2981 4114 3041 4174 in
3077 4121 3235 4174 terra
3265 4131 3397 4192 pax,
3437 4111 3499 4172 in
3533 4110 3644 4170 ho-

2008 4203 2267 4264 minibus
2284 4202 2440 4263 bona
2463 4202 2753 4263 voluntas.
2785 4202 3122 4263 Laudamus
3149 4200 3649 4277 te,benedicimus

2007 4301 2087 4372 te,
2118 4292 2431 4352 adoramus
2487 4301 2562 4364 te,
2595 4291 2996 4369 gloriﬁcamus
3055 4301 3136 4371 te,
3168 4289 3384 4369 gratias
3416 4289 3645 4367 agimus

2009 4381 2115 4442 tibi
2139 4389 2382 4460 propter
2414 4399 2682 4458 magnam
2717 4381 2964 4457 gloriam
2999 4388 3156 4440 tuam
3190 4400 3205 4458 ;
3241 4379 3490 4441 Domine
3522 4379 3647 4440 Rex

2009 4470 2288 4543 caelestis,
2311 4469 2467 4531 Deus
2495 4478 2661 4550 pater
2684 4470 3084 4548 omnipotens;
3103 4468 3355 4529 Domine
3378 4467 3486 4529 Fili
3514 4465 3649 4525 uni-

2007 4560 2207 4638 genite
2260 4561 2403 4621 .lesu
2460 4559 2714 4637 Christe,
2750 4567 2807 4617 ct
2838 4565 3041 4618 sancte
3077 4556 3354 4637 Spiritus.
3393 4555 3642 4617 Domine

2012 4648 2189 4726 Deus,
2215 4647 2418 4726 Agnus
2443 4646 2571 4720 Dei,
2599 4647 2783 4709 Filius
2805 4645 3014 4721 Patris,
3041 4647 3142 4727 qui
3163 4646 3321 4706 tollis
3341 4652 3645 4725 peccatum

266 4740 538 4816 ἁμαρτίαν
588 4745 680 4794 τοῦ
736 4739 962 4816 κόσμου,
1012 4735 1287 4816 πρόσδεξαι
1347 4739 1444 4806 τὴν
1476 4737 1654 4806 δέησιν
1685 4742 1860 4814 ἡμῶν.
1892 4743 1919 4796 6

2016 4737 2237 4810 mundi,
2267 4738 2505 4816 suscipe
2533 4735 3014 4816 deprecationem
3039 4743 3326 4797 nostram:
3350 4733 3452 4814 qui
3474 4733 3646 4794 sedes

269 4829 575 4901 κατήμενος
633 4827 692 4882 ἐκ
733 4824 914 4891 δεξιῶν
954 4825 1047 4881 τοῦ
1097 4828 1326 4904 Πατρὸς,
1374 4826 1595 4893 ἐλέησον
1639 4830 1806 4902 ἡμᾶς⁶
1839 4828 1917 4883 ἰὅτι

271 4919 334 4974 σὺ
365 4916 424 4972 εἶ
469 4917 634 4992 μόνος
663 4915 839 4995 ἅγιος,
872 4916 932 4971 σὺ
977 4915 1031 4970 εἶ
1064 4914 1224 4988 μόνος
1252 4917 1435 4992 Κύριος
1466 4917 1670 4983 Ἰησοῦς
1700 4921 1918 4994 Χριστὸς

272 5008 345 5069 είς
395 5004 550 5070 δόξαν
607 5012 738 5061 Θεοῦ
773 5009 997 5077 Πατρός.
1037 5003 1232 5078 Ἀμήν.
1290 5006 1413 5062 Καθ’
1459 5007 1687 5073 ἑκάστην
1718 5008 1920 5082 ἡμέραν

274 5094 559 5170 εὐλογήσω
587 5115 671 5172 σε,
703 5097 791 5148 καὶ
821 5092 1013 5149 αἰνέσω
1041 5095 1100 5149 τὸ
1130 5094 1302 5168 ’ὄνομα
1346 5116 1437 5153 σου
1494 5099 1566 5160 εἰς
1623 5097 1713 5152 τὸν
1755 5099 1920 5152 αἰῶνα

272 5184 364 5240 καὶ
394 5185 468 5246 εἷς
530 5184 622 5237 τὸν
666 5183 840 5238 αὒῶνα
896 5189 985 5239 τοῦ
1027 5183 1240 5246 αἰῶνος.
1273 5184 1625 5258 Καταξίωσον,
1659 5185 1834 5263 Κύριε,
1866 5185 1920 5240 ὲν

274 5279 344 5348 τῇ
393 5271 561 5348 ἡμέρα
619 5272 784 5347 ταύτῃ
870 5271 1271 5345 ἀναμαρτήτους
1352 5273 1686 5353 γυλαχθῆναι
1752 5277 1914 5348 ἡμᾶς.

277 5360 583 5436 Εὐλογητὸς
631 5359 712 5436 εἴ,
749 5360 921 5437 Κύριε,
960 5362 987 5415 6
1021 5363 1146 5425 Θεὸς
1177 5361 1419 5438 πατέρων
1467 5369 1640 5442 ημῶν,
1697 5364 1781 5418 καὶ
1833 5365 1919 5418 αἷ-

276 5451 428 5504 νετδν
459 5449 542 5503 καὶ
574 5445 945 5522 δεδοξασμένον
1003 5450 1062 5504 τὸ
1105 5447 1272 5523 ὄνομά
1305 5472 1396 5505 σου
1427 5453 1500 5512 εἰς
1534 5453 1653 5514 τοὸς
1700 5453 1916 5530 αἰῶνας,

278 5537 477 5612 Ἀμήν,
541 5535 774 5614 Γένοιτο,
835 5538 1011 5615 Κύριε,
1045 5538 1104 5592 τὸ
1156 5536 1303 5602 ἔλεός
1334 5559 1427 5594 σου
1457 5539 1541 5618 ἔφ’
1569 5541 1740 5614 ἡμᾶς,
1786 5545 1920 5596 καθ-

281 5626 418 5704 άπερ
442 5625 739 5700 ἠλπίσαμεν
794 5625 880 5680 ἐπὶ
905 5630 1009 5686 σοί.
1060 5625 1360 5704 Εὐλογητὸς
1393 5628 1473 5702 εἴ,
1513 5629 1690 5706 Κύριε,
1724 5627 1922 5693 δίδαξόν

284 5735 354 5790 με
398 5715 460 5770 τὰ
503 5712 835 5779 δικαιώματά
864 5736 982 5772 σου.
1621 5724 1694 5772 Εκ
1724 5719 1919 5794 τρίτου.

2005 4826 2077 4887 ad
2113 4826 2418 4886 dexteram
2453 4827 2666 4904 Patris,
2691 4825 2981 4887 miserere
3034 4824 3206 4884 nobis
3233 4844 3246 4886 :
3271 4821 3551 4898 quoniam
3588 4829 3646 4880 tu

2005 4916 2167 4977 solus
2189 4923 2451 4990 sanctus,
2483 4922 2542 4975 tu
2585 4915 2746 4974 solus
2775 4913 3061 4974 Dominus
3083 4912 3258 4974 Jesus
3287 4912 3556 4971 Christus
3586 4910 3647 4969 in

2005 5006 2194 5083 gloria
2225 5003 2330 5067 Dei
2355 5003 2571 5066 Patris.
2605 5003 2818 5065 Amen.
2847 5001 3024 5065 Omni
3054 5002 3150 5063 die
3180 4999 3530 5061 benedicam
3564 5008 3642 5078 te,

2007 5104 2065 5156 et
2085 5094 2339 5155 laudabo
2364 5109 2582 5153 nomen
2608 5105 2769 5152 tuum
2797 5092 2854 5151 in
2898 5091 3179 5151 saeculum
3207 5096 3262 5150 et
3286 5093 3342 5148 in
3366 5087 3644 5149 saeculum

2005 5183 2228 5245 saeculi.
2264 5181 2540 5261 Dignare,
2575 5180 2848 5254 Domine,
2876 5180 2975 5240 die
2995 5179 3108 5240 isto
3130 5181 3256 5239 sine
3278 5186 3517 5258 peccato
3539 5195 3644 5237 nos

2003 5271 2327 5333 custodire.
2367 5269 2724 5332 Benedictus
2777 5287 2863 5344 es,
2901 5269 3150 5331 Domine
3201 5271 3358 5330 Deus
3413 5275 3639 5345 patrum

2007 5371 2370 5433 nostrorum,
2399 5366 2457 5419 et
2481 5358 2776 5420 laudabile
2799 5365 2857 5418 et
2886 5355 3208 5436 gloriosum
3233 5373 3450 5415 nomen
3478 5364 3640 5415 tuum

2006 5451 2066 5511 in
2105 5449 2341 5510 saecula.
2378 5449 2566 5508 Amen
2630 5447 2769 5516 Fiat,
2799 5445 3074 5524 Domine,
3102 5443 3513 5506 misericordia
3547 5454 3642 5504 tua

2006 5555 2184 5617 super
2206 5534 2844 5612 nos,quemadmodum
2864 5533 3232 5615 speravimus
3256 5533 3317 5594 in
3336 5543 3416 5592 te.
3453 5536 3644 5594 Bene-

2009 5627 2202 5688 dictus
2234 5643 2318 5698 es,
2352 5623 2626 5695 Domine,
2664 5623 2812 5684 doce
2847 5642 2941 5684 me
2987 5623 3443 5771 justiﬁcationles
3493 5631 3638 5719 tuas.

3403 5718 3638 5769 eruum.

3403 5718 3638 5769 ertium.
