4096 6210
1336 242 1772 306 ACOLUTHIA
1817 240 2199 307 TRIPLICIS
2242 244 2483 309 FESTI.

3372 260 3627 311 GCCLXXI

221 373 530 438 tremitati
576 372 760 435 medii
796 371 1189 449 accumbens,
1253 382 1313 436 et
1360 392 1495 437 cum
1550 390 1620 435 eo
1653 375 2385 439 crucemAmeminerint.
2413 378 2605 457 Atque
2632 395 2703 439 ea
2751 377 2813 438 in
2856 394 2923 438 re
2970 377 3385 441 doctissimum
3447 379 3621 443 Mori-

221 462 614 526 decussatam
645 462 917 525 referens
946 467 1007 520 τὸ
1036 471 1080 520 Χ
1118 484 1134 545 ;
1164 463 1396 525 medius
1430 463 1667 526 tandem
1700 472 1759 525 et
1787 464 1886 524 in-

217 552 345 614 dex
377 557 438 611 τὸ
471 564 512 611 Ν
550 551 753 613 mafori
784 571 853 613 ex
882 562 1054 633 parte
1107 561 1568 634 repraesentant.
1632 552 1759 625 Quo
1812 571 1885 614 ex

217 642 401 704 fonte
434 641 668 705 Gnarus
696 641 822 703 haec
858 642 1148 714 hauserit,
1182 643 1453 703 invenire
1483 642 1747 704 nondum
1779 659 1890 722 po-

219 736 343 793 tui.

311 820 462 884 219.
497 820 615 883 Sed
643 821 751 882 hoc
774 821 906 883 loco
937 819 1416 902 praetereundum
1451 838 1571 881 non
1601 827 1710 899 est,
1747 835 1894 896 pra:-

226 910 469 972 dictam
504 916 795 973 rationem
831 910 1237 990 complicandi
1293 909 1644 989 digitorum,
1701 910 1896 970 solere

236 998 479 1062 servari
505 1001 685 1061 etiam
717 1019 751 1063 a
782 999 1183 1081 pontiﬁcibus,
1217 999 1357 1060 dum
1389 1017 1524 1060 cum
1568 997 1790 1076 δικηρίῳ
1839 1004 1898 1060 et

1973 483 2114 526 num
2146 464 2340 527 habeo
2372 466 2687 529 fautorem.

2056 553 2195 616 221.
2228 554 2493 617 Tertium
2527 557 2809 638 denique,
2836 555 3078 620 bicereo
3112 559 3200 620 vel
3249 562 3505 625 tricereo
3547 559 3624 619 si-

1974 662 2156 725 gnare
2189 645 2469 725 populum
2502 664 2617 707 non
2643 665 2829 727 usque
2860 648 3009 708 adeo
3042 648 3345 727 proprium
3379 656 3467 710 est
3484 647 3627 710 solis

1975 732 2324 816 patriarchis
2349 736 2701 816 cmterisqne
2764 734 3163 818 pontiﬁcibus,
3217 746 3281 799 ut
3334 757 3464 800 eam
3514 736 3629 799 sibi

1980 825 2419 904 praerogativam
2446 844 2565 886 non
2595 825 2897 887 vindicent
2919 826 3095 888 etiam
3121 826 3627 908 imperatores,id-

1977 932 2091 992 que
2116 915 2373 976 maxime
2397 923 2643 995 propter
2656 918 3005 976 unctionem
3026 916 3628 995 chrismatis.anlex

1982 1011 2073 1063 est
2105 1002 2479 1065 Balsamonis
2512 1006 2700 1075 locus,
2733 1003 2833 1066 ubi
2857 1005 3017 1066 istud
3045 1014 3442 1069 asseveratnr.
3468 1005 3631 1067 Alter

229 1092 499 1167 τρικηρίῳ
530 1090 917 1153 benedicunt.
982 1089 1089 1151 Est
1148 1096 1344 1150 autem
1397 1086 1631 1167 δικήριον
1682 1104 1897 1149 cereus

231 1178 536 1255 bisulcns,
574 1179 745 1259 cujus
788 1197 943 1240 unus
978 1184 1069 1240 est
1098 1196 1320 1259 ramus,
1358 1178 1479 1241 sive
1510 1178 1755 1258 capulus
1799 1184 1897 1238 aut

1994 1180 2398 1260 τροϐαλλόμενοι
2431 1181 2687 1260 ὀρθόδοξοι
2742 1183 2983 1260 βασιλεῖς
3016 1182 3083 1240 δι’
3138 1184 3472 1255 ὲςικλήσεωσ
3530 1185 3629 1252 τῆς

235 1268 650 1349 manubrium,
681 1269 804 1331 duo
828 1286 967 1330 vero
993 1285 1026 1329 e
1042 1285 1208 1328 ramo
1230 1265 1292 1328 in
1315 1266 1532 1328 lineam
1555 1274 1775 1329 rectam
1793 1284 1894 1327 ra-

1994 1273 2129 1348 ῖιγίας
2163 1271 2401 1351 Τριάδος,
2435 1275 2519 1329 καὶ
2578 1275 2789 1352 Χριστοὶ
2843 1272 2990 1337 ὄντες
3051 1276 3259 1353 Κυρίου,
3320 1273 3629 1337 ἀκωλύτως.

232 1359 500 1421 musculi
520 1357 831 1440 pullulant:
851 1377 969 1439 qua
989 1376 1059 1420 ex
1080 1359 1324 1419 notione
1344 1356 1522 1419 etiam
1545 1357 1684 1438 quid
1700 1355 1900 1437 εἱιτρι-

1994 1362 2069 1417 ὅτε
2101 1364 2188 1418 καὶ
2212 1363 2513 1437 βούλονται,
2573 1366 2646 1425 εὶς
2717 1365 2779 1419 τὸ
2836 1362 2986 1442 ἅγιον
3048 1366 3416 1441 θυσιαστήριον
3466 1365 3632 1443 εἰσέρ-

231 1452 431 1528 κήριον
460 1448 643 1513 facile
672 1448 1009 1527 intelligas:
1045 1447 1322 1510 videlicet
1353 1447 1633 1509 trisulcus
1662 1464 1897 1526 cerens,

1994 1474 2201 1531 χονται,
2250 1453 2334 1508 καὶ
2378 1456 2629 1532 θομιῶσι,
2685 1454 2774 1509 καὶ
2850 1454 3187 1533 σφραγίζουσι
3248 1454 3382 1528 μετὰ
3440 1475 3633 1532 τρι›.η·-

233 1556 267 1599 e
295 1540 485 1619 cujus
528 1557 648 1600 uno
676 1537 883 1600 itidem
913 1556 1103 1618 ramo,
1141 1545 1262 1600 tres
1292 1536 1391 1598 alii
1451 1537 1773 1598 ramuscnli
1831 1535 1902 1597 ad

1994 1545 2117 1621 ρίου,
2151 1543 2325 1605 καθὼς
2357 1546 2403 1598 οἱ
2432 1543 2730 1622 ἀρχιερεῖς,
2774 1567 2801 1598 α
2834 1545 3240 1623 Imperatores
3294 1542 3632 1622 orthodoxi,

234 1628 529 1690 eumdem
561 1627 803 1689 modum
840 1628 1244 1691 effunduntur.
1275 1627 1399 1690 Nec
1432 1644 1537 1687 suo
1564 1625 1668 1687 illa
1714 1626 1904 1687 desti-
1931 1631 1967 1680 Β
1989 1631 2093 1711 qui
2127 1630 2236 1691 sub
2265 1630 2641 1693 invocatione
2673 1640 2894 1693 sanctae
2944 1633 3247 1696 Trinitatis
3297 1640 3638 1712 proponunt

245 1727 505 1779 tunntnr
537 1716 823 1797 mysterio
854 1738 867 1780 :
902 1722 1121 1800 quippe
1150 1718 1428 1795 Τρικήριον
1453 1716 1515 1776 in
1554 1734 1673 1777 una
1702 1714 1900 1777 divina
1984 1720 2375 1800 patriarchas,
2412 1730 2469 1783 et
2497 1729 2635 1782 sunt
2666 1720 2886 1783 Christi
2912 1721 3174 1803 Domini,
3202 1722 3331 1785 sine
3362 1723 3485 1785 ullo
3511 1722 3630 1786 im-

242 1817 461 1869 natnra
488 1818 614 1870 tres
644 1807 955 1870 distinctas
1003 1810 1317 1871 Personas.
1383 1809 1633 1885 Δικήριον
1700 1813 1896 1867 autem
1984 1810 2326 1890 pedimento
2356 1810 2428 1871 ad
2454 1830 2687 1873 sacrum
2712 1811 2899 1873 altare
2919 1812 3236 1893 accedunt,
3266 1812 3504 1893 quando
3536 1830 3637 1873 vo-

250 1896 401 1959 dnas
428 1899 491 1959 in
509 1898 847 1963 uuaChrisli
877 1915 1132 1979 persona
1164 1896 1477 1958 distinctas
1501 1906 1742 1957 naturas
1769 1913 1900 1957 esse
1983 1901 2223 1981 luerint,
2260 1908 2319 1963 et
2348 1902 2484 1963 thus
2513 1902 2775 1983 adolent,
2813 1916 2871 1964 et
2927 1903 3159 1982 signant
3186 1919 3319 1964 cum
3377 1903 3636 1984 tricipite

257 1998 712 2067 commonstrat,
730 1986 1240 2069 quemadmodum
1264 1994 1352 2048 est
1380 1985 1899 2066 apndSymeouem
1989 2010 2164 2053 cereo
2197 1992 2702 2072 quemadmodum
2760 1992 3093 2074 pontiﬁces.
3131 2016 3158 2048 ι
3222 1993 3387 2053 Alter
3442 2002 3531 2054 est
3573 1991 3635 2054 in

257 2075 857 2142 Thessalonicensem
890 2079 963 2141 de
993 2077 1237 2157 templo,
1264 2076 1363 2139 ubi
1409 2077 1485 2137 de
1518 2075 1747 2157 lychnis
1809 2093 1907 2136 ec-
1990 2081 2224 2154 Melete,
2263 2080 2362 2142 ubi
2412 2100 2736 2144 recensens
2793 2100 2996 2161 opera,
3059 2100 3191 2163 qua;
3247 2081 3637 2163 imperatores

253 2167 481 2230 clesize.
518 2168 591 2230 Hi
622 2169 820 2249 itaque
840 2166 1000 2229 cerei
1030 2165 1468 2241 accenduntur;
1502 2173 1561 2225 et
1590 2164 1905 2243 episcopus
1988 2190 2120 2232 cum
2149 2171 2499 2251 patriarchis
2531 2172 2750 2233 habent
2780 2171 3142 2248 communia,
3179 2172 3264 2233 sic
3318 2171 3579 2252 loquitur
3613 2192 3628 2232 :

1979 1091 2050 1153 ad
2079 1109 2205 1152 can.
2239 1092 2310 1155 67
2348 1092 2557 1172 synodi
2588 1092 2915 1155 Trulllanaa
2950 1142 2961 1155 .
3025 1099 3083 1152 Οἱ
3134 1097 3232 1172 γὰρ
3295 1095 3630 1174 πατριάρχας

248 2260 432 2320 statis
454 2258 827 2340 temporibus
861 2255 1036 2318 modo
1085 2254 1338 2336 bisulco,
1400 2253 1575 2315 modo
1633 2253 1899 2326 trisulco,

250 2366 697 2429 nonnunquam
729 2346 908 2410 etiam
941 2354 1194 2426 utroque
1222 2343 1501 2424 simul,ntl
1536 2342 1902 2404 benedicen-

247 2439 393 2500 dum
425 2443 664 2513 utitur;
696 2438 784 2499 sic
823 2445 890 2499 ut
940 2442 1083 2498 tunc
1116 2433 1294 2496 etiam
1354 2450 1599 2514 expassa
1659 2431 1903 2493 brachia

251 2529 499 2608 signum
534 2526 732 2589 crucis
758 2531 1216 2607 ropraesentent.

326 2618 482 2680 220.
521 2619 651 2679 Non
680 2635 818 2677 vero
850 2615 1099 2676 videbor
1128 2612 1271 2675 ferri
1300 2619 1463 2674 extra
1492 2611 1677 2688 oleas,
1713 2610 1761 2671 si
1794 2611 1905 2672 hac

246 2708 578 2771 occasione
602 2706 712 2768 tria
733 2712 1020 2787 praeterea
1047 2704 1118 2765 ad
1142 2700 1301 2764 hunc
1326 2700 1801 2766 benedicendum
1826 2701 1903 2762 ri-

247 2809 376 2862 tum
405 2799 738 2880 spectantia
759 2795 962 2877 paucis
980 2792 1405 2874 perstrinxero.
1440 2793 1730 2863 Primum,
1764 2790 1903 2851 dum

1988 2261 2256 2320 Ἐντεῦθεν
2315 2265 2360 2317 οἱ
2409 2264 2586 2318 πιστοὶ
2631 2260 2879 2319 δεσπόται
2940 2264 3027 2319 καὶ
3079 2262 3456 2342 αὐτοκράτορες
3526 2284 3634 2319 κασο

1985 2354 2303 2431 τηχητικὼς
2334 2352 2578 2426 ὁμιλοῦσι
2614 2359 2690 2425 τῷ
2747 2350 3103 2430 Χριστωνύμῳ
3127 2351 3263 2426 λαῷ,
3310 2353 3396 2409 καὶ
3450 2353 3634 2427 θυμῶ·

1985 2463 2067 2497 σιν
2109 2442 2181 2505 ὠς
2208 2443 2369 2518 ἱερεῖς
2414 2444 2506 2497 καὶ
2534 2442 2670 2515 μετὰ
2699 2442 2937 2517 τικηρίου
2990 2444 3353 2522 σφραγίζουσι.
3395 2463 3418 2497 ι
3484 2439 3634 2501 Hinc

1990 2530 2259 2610 (propter
2284 2530 2620 2592 unctionem
2644 2529 3013 2605 Chrismatis)
3035 2530 3244 2591 fideles
3270 2530 3506 2592 Domini
3528 2530 3639 2591 im-

1988 2624 2293 2697 peratores
2317 2616 2601 2679 erudiunt
2625 2616 3024 2680 Christianum
3052 2620 3425 2698 pOpulum,et
3450 2618 3635 2679 odore

1989 2706 2178 2768 thuris
2208 2706 2614 2786 suffumigant,
2650 2715 2707 2768 et
2740 2705 2979 2768 bicereo
3013 2705 3399 2769 benedicunt.
3445 2729 3467 2763 υ

2069 2796 2311 2858 992E}:
2339 2796 2431 2857 his
2453 2815 2629 2876 porro
2679 2796 2917 2875 planum
2943 2796 3176 2878 ﬁt,quid
3202 2796 3275 2857 sit
3295 2795 3451 2876 apud
3478 2797 3636 2860 GM}-

246 2893 505 2956 Grazcus
538 2890 870 2971 patriarcha
890 2888 980 2947 vt-l
1018 2886 1332 2967 episcopus
1367 2904 1501 2948 cum
1554 2884 1772 2962 δικηρίῳ
1816 2881 1904 2943 vel

1994 2905 2094 2949 cos
2127 2885 2349 2966 ὃιχηρίῳ
2378 2891 2473 2942 καὶ
2526 2888 2782 2965 τρικηρίω
2852 2888 3174 2966 σφραγίζειψ
3223 2903 3292 2947 ex
3351 2885 3523 2966 cujus
3545 2885 3635 2946 rei

244 2985 519 3064 τρικηρὶῳ
542 2980 1082 3060 benedicit,cruces
1098 2977 1370 3038 eﬂ'ormat
1394 2975 1966 3064 tres;convenien-n
1992 2982 2367 3056 ignoratione
2413 2994 2546 3056 quae
2587 2976 3142 3056 interpretationum
3218 2984 3484 3037 monstra
3523 2976 3636 3036 ali-

248 3040 346 3136 ter
359 3040 516 3135 sane
541 3040 918 3152 pontiﬁcibhs
940 3067 1367 3141 nostris,etiam
1382 3077 1501 3128 tres
1525 3040 1906 3139 cruces,dum
1926 3040 1967 3090 C
1992 3040 2227 3147 qvnando
2258 3065 2416 3128 edita
2430 3040 2583 3127 ‘sunt
2615 3065 2653 3141 εἰ
2682 3040 2979 3146 Ιηῖειορτθε
3008 3065 3210 3127 nescio
3264 3066 3419 3147 quis,
3478 3063 3635 3145 apud

248 3162 654 3235 benedicunt.
715 3161 971 3223 formare
1028 3158 1239 3223 solitis.
1311 3155 1555 3222 Probari
1603 3155 1662 3217 id
1719 3160 1911 3235 potest

250 3271 324 3315 ex
355 3250 673 3316 Demetrio
706 3250 970 3314 Gemisto
1002 3267 1114 3313 ms.
1140 3251 1230 3311 De
1269 3246 1754 3311 ordintiaom'bus
1808 3243 1909 3323 qui

248 3341 417 3424 apud
448 3340 733 3420 Canginm
766 3340 847 3401 ait
879 3360 894 3403 :
925 3340 988 3398 Ὀ
1034 3340 1395 3420 πατριάρχης,
1437 3334 1611 3394 λαϐὼν
1676 3338 1736 3392 τὸ
1788 3356 1907 3412 τρι-

252 3436 481 3513 κήριον,
506 3446 654 3489 ποιεῖ
685 3430 828 3497 αὖθις
871 3431 1122 3509 σταυροὺς
1156 3430 1303 3508 τρεῖς
1356 3425 1551 3484 ἄνωθεν
1582 3432 1673 3484 τοῦ
1730 3427 1909 3504 Εὐαγ-

250 3523 443 3601 γελίου
477 3541 495 3583 :
531 3544 559 3577 ι
581 3519 944 3594 Patriarcba,
978 3527 1220 3599 accepto
1246 3517 1487 3580 trisulco
1527 3534 1723 3591 cereo,
1774 3514 1913 3576 facit

254 3613 489 3675 iterum
505 3629 712 3674 cruces
726 3620 845 3673 tres
857 3604 1559 3692 superEvangelium.)Et
1576 3605 1799 3678 mox,’0
1813 3625 1914 3660 πα-

251 3701 808 3782 τριάρχης.ιβλέπων
850 3703 982 3778 πρὸς
1051 3702 1145 3763 τὰς
1206 3697 1404 3774 δυσμὰς
1460 3696 1674 3775 εὗλογεϊ
1743 3696 1908 3769 μετὰ-

249 3794 541 3871 τρικηρὲου
569 3793 660 3847 τὸν
703 3790 833 3847 λαὸν
861 3791 970 3869 τρίς
1011 3807 1026 3851 :
1063 3811 1085 3845 α
1122 3787 1465 3851 Patriarcha
1492 3785 1566 3847 ad
1626 3784 1911 3846 occiden-

255 3888 381 3942 tem
419 3894 770 3953 conversus,
795 3876 1094 3940 benedicit
1118 3875 1330 3956 populo
1349 3883 1441 3938 ter
1488 3891 1621 3935 cum
1672 3872 1913 3934 trisulco

255 3987 467 4033 cereo.
506 3991 531 4026 ι
566 3967 792 4029 Deinde
810 3966 1035 4031 bicerei
1061 3974 1121 4028 et
1149 3965 1385 4027 tricerei
1414 3982 1559 4025 usus
1579 3982 1697 4025 non
1741 3962 1913 4023 vide-

254 4068 355 4122 tur
369 4058 700 4122 admodum
722 4054 1154 4138 antiquus.Hoc
1176 4075 1296 4117 non
1326 4074 1396 4116 ex
1419 4072 1489 4115 eo
1513 4052 1753 4134 quidem
1784 4051 1914 4113 col-

256 4150 407 4230 ligo,
440 4148 606 4229 quod
638 4147 702 4210 S.
735 4145 906 4209 Sabae
961 4145 1247 4227 Typicum
1309 4144 1671 4206 mentionem
1730 4141 1916 4223 ipsius

256 4258 384 4303 non
410 4237 591 4302 faciat
614 4237 758 4317 (hoc
787 4236 949 4298 enim
971 4234 1256 4316 Typicum
1290 4253 1394 4315 pro
1445 4231 1802 4315 patriarchis
1856 4237 1915 4292 et

1992 3156 2341 3221 Gretsernm
2369 3162 2637 3216 nostrum
2662 3153 2855 3217 Horto
2886 3153 2948 3217 S.
2972 3156 3178 3218 crucis
3208 3164 3361 3235 part.
3387 3171 3453 3235 v,
3502 3172 3633 3234 cap.

1990 3247 2094 3322 21,
2148 3246 2347 3307 locum
2405 3243 2574 3306 illum
2632 3242 3023 3320 Balsamonis,
3081 3246 3169 3300 καὶ
3220 3246 3356 3320 μετὰ
3402 3242 3638 3325 δικηρίοο

1993 3336 2356 3416 σφραγίζουσι,
2401 3334 2482 3395 ita
2510 3340 2683 3395 vertit
2717 3355 2731 3397 :
2765 3359 2789 3390 ιο
2828 3334 2974 3398 Cum
3021 3352 3159 3396 cera
3192 3333 3411 3415 duplici
3467 3334 3638 3396 obsi-

1991 3432 2196 3505 gnant.
2236 3448 2258 3483 υ
2294 3422 2690 3497 Quamobrem
2723 3424 2838 3486 iste
2870 3424 3188 3505 interpres,
3206 3423 3638 3486 nonimmerito

1992 3532 2029 3576 a
2045 3515 2321 3577 Gretsero
2350 3511 2837 3592 reprehenditur.
2858 3512 2977 3576 Sed
2992 3531 3067 3574 an
3092 3530 3209 3573 non
3231 3512 3407 3574 etiam
3431 3530 3640 3593 repre-

1994 3603 2351 3665 hennendns
2373 3603 2449 3663 sit
2471 3604 2788 3666 Gretserus
2810 3602 3127 3682 ipse,quod
3153 3601 3366 3664 eodem
3385 3601 3488 3663 illo
3511 3601 3641 3664 Bal-

1994 3692 2258 3755 samonis
2290 3692 2441 3765 loco,
2480 3710 2585 3773 pro
2611 3690 2847 3769 δικηρίου
2877 3691 3197 3771 legendum
3229 3699 3485 3754 censeat
3517 3714 3635 3771 τρι-

1994 3780 2524 3861 κηρίου,]ιι‹1ἰοὶυιη
2557 3782 2633 3842 sit
2662 3780 2940 3845 aliorum.
2992 3778 3221 3843 Etenim
3280 3781 3373 3842 vir
3429 3786 3644 3843 caetera

1996 3870 2265 3934 eruditus
2298 3870 2531 3931 videtur
2565 3871 2853 3945 nescisse,
2887 3869 3122 3948 δικήριον
3153 3888 3392 3950 quoque
3418 3889 3523 3931 seu
3555 3869 3644 3931 bi-

1996 3962 2226 4022 snlcnm
2250 3958 2417 4020 illum
2442 3978 2682 4021 cervum
2708 3956 3120 4040 impartiendis
3157 3961 3216 4021 in
3247 3976 3414 4019 sacro
3446 3958 3639 4021 oﬂlcio

2000 4049 2521 4112 benedictionibus
2550 4048 2730 4110 fuisse
2780 4049 3065 4112 aGraecis
3123 4046 3474 4111 adhibitum.
3534 4045 3644 4109 Hic

1999 4148 2201 4202 nostro
2234 4139 2309 4201 de
2340 4138 2640 4200 Laudibus
2674 4143 3101 4201 commentario
3138 4138 3317 4200 finem
3380 4137 3641 4217 imponi-

1998 4248 2130 4292 mus
2164 4249 2177 4292 :
2209 4245 2345 4291 nam
2377 4229 2589 4291 fratres
2623 4246 2656 4289 e
2685 4228 2909 4309 templo
2932 4228 3222 4290 abeuntes
3260 4235 3475 4288 vocant
3508 4243 3640 4300 nos,

257 4328 571 4413 episcopis
600 4314 838 4408 proprie
868 4314 1155 4407 scriptum
1186 4342 1307 4386 non
1339 4314 1477 4402 est),
1510 4340 1714 4413 verum
1741 4338 1812 4413 es
1840 4338 1911 4383 eo
1993 4319 2068 4413 ad
2103 4336 2269 4380 suam
2299 4316 2888 4413 quisquecellnlam,
2917 4324 2996 4413 ut_
3038 4333 3185 4397 quas
3244 4314 3329 4377 ibi
3383 4314 3645 4377 minores

259 4406 425 4500 quod
454 4406 571 4480 nec
600 4406 664 4480 Β.
688 4406 1005 4493 Maximus,
1030 4433 1139 4477 nec
1169 4412 1232 4478 S.
1268 4412 1596 4478 Germanus
1645 4409 1914 4491 ejusdem
1941 4421 1982 4470 ο
2000 4408 2176 4471 horas
2204 4407 2477 4483 recitent,
2512 4406 2811 4488 dispicere
2838 4406 3161 4488 possimus.

1630 4529 1875 4621 CAPUT
1922 4527 2280 4602 QUINTUM.

521 4633 607 4695 De
634 4632 803 4694 horis
829 4630 1191 4710 minoribus,
1217 4628 1435 4692 mediis
1468 4627 1671 4706 horis;
1694 4635 1748 4688 et
1788 4626 2123 4707 apodipno,
2160 4623 2323 4705 quod
2351 4624 2682 4705 respondet
2714 4630 2926 4686 nostra
2969 4620 3404 4703 Completorz‘o.

345 4724 995 4812 223._Grasci_diurnas
1026 4724 1204 4812 horas
1233 4721 1458 4812 habent
1481 4720 1903 4812 totidemtquo

1994 4716 2221 4812 limini,’
2259 4735 2475 4799 nempe
2530 4720 2786 4812 {mdis-qm.
2827 4718 3037 4812 τρίτηνζ
3096 4717 3281 4810 ἕκτην.
3347 4718 3439 4772 καὶ
3502 4716 3652 4774 ἐννά-

257 4834 393 4888 την,
432 4803 1272 4888 Primam,Tertiam,ASextam
1299 4812 1356 4865 et
1378 4797 1775 4888 Nonam._-Se'd
1800 4797 1861 4860 in
1884 4818 1955 4862 eo
1979 4797 2353 4879 dissentiunt,
2401 4797 2558 4878 quod
2576 4797 3007 4888 post'singulas
3022 4797 3202 4888 horas
3225 4797 3367 4888 jam.
3385 4813 3647 4888 comme-

261 4877 531 4953 moratas
551 4877 809 4950 recitent
841 4877 1072 4965 singula
1098 4886 1343 4965 Μεσώρια
1366 4883 1488 4945 sive
1511 4881 1737 4965 medias
1758 4880 1904 4943 hora

1994 4895 2241 4965 quarum
2270 4877 2494 4965 eaun
2518 4877 2625 4958 pos
2648 4879 2898 4965 primam
2954 4877 3191 4965 dicitur,
3228 4877 3494 4965 μεσῶριον
3545 4883 3646 4965 τῆς

258 4974 487 5045 πρώτης
514 4974 909 5047 nuncupatur;
934 4956 1066 5047 qua)
1090 4973 1221 5045 post
1236 4956 1519 5047 Tertiam,
1542 4963 1802 5041 μεοώριον
1830 4966 1904 5029 τῆ

1994 4956 2161 5040 ρῖτης,
2195 4966 2253 5022 et
2268 4958 2351 5020 sic
2394 4956 2704 5040 deinceps.
2755 4962 2841 5023 De
2862 4959 3138 5021 mesoriis
3163 4965 3367 5020 autem
3391 4959 3516 5020 haec
3542 4956 3643 5017 in-

256 5044 527 5126 venioin
548 5044 770 5128 Typico
806 5046 915 5109 sub
945 5044 1128 5108 ﬁnem
1160 5044 1431 5125 capitis5
1464 5064 1478 5107 :

336 5159 420 5218 Τὰ
449 5156 505 5214 δὲ
536 5156 783 5235 Μεσώρια
812 5156 910 5222 τῆς
941 5152 994 5234 γ’
1024 5153 1165 5234 ὥρας
1195 5155 1283 5210 καὶ
1324 5152 1402 5227 ς’
1455 5153 1685 5210 πάντοτε
1722 5150 1775 5206 ἐν
1839 5157 1904 5227 τῇ

2073 5147 2210 5212 294.
2244 5148 2531 5211 «Mesoria
2554 5146 2770 5210 Tertia;
2792 5154 2851 5209 et
2870 5144 3061 5209 Sextae
3082 5162 3322 5225 semper
3337 5144 3416 5225 {in
3437 5144 3647 5208 Eccle-

256 5247 559 5319 Ἐκχλησίᾳ
615 5244 907 5322 ψάλλονται
952 5244 1074 5304 ἄνευ
1135 5250 1240 5301 τῶν
1294 5243 1593 5322 ἀγροπιιῶν
1666 5264 1752 5298 και
1802 5244 1904 5296 τῶν

1994 5242 2082 5304 sia
2109 5240 2536 5303 concinuntur.
2574 5247 2972 5321 praeterquam
3004 5239 3067 5299 in
3099 5236 3308 5316 vigiliis
3338 5246 3398 5300 et
3455 5237 3648 5309 festis,

260 5340 458 5417 ἑορτῶν
508 5336 563 5394 ἐν
620 5348 711 5397 ατς
757 5335 989 5414 γίνονται
1062 5332 1379 5412 ὃοξολογίαι.
1414 5334 1484 5391 Τὸ
1530 5329 1585 5387 δὲ
1644 5330 1904 5409 μεσῶριον

1998 5330 2237 5413 quando
2264 5330 2562 5391 habentur
2590 5327 3301 5409 gloriﬁcationesPrimm
3322 5334 3517 5417 autem
3547 5328 3652 5389 ho-

260 5416 360 5497 τῆς
393 5426 611 5507 πρώτης
637 5425 777 5504 ὥραις
808 5424 945 5481 ἐστὶν
974 5426 1165 5486 οὕτως.
1196 5423 1341 5480 Μετὰ
1369 5424 1431 5479 τὸ
1491 5419 1753 5478 ἀπολῦσαι
1820 5420 1904 5475 τὸν

1999 5438 2082 5482 raa
2115 5417 2437 5481 mesorinm
2472 5418 2589 5480 tale
2608 5426 2716 5478 est.
2748 5417 2896 5480 Cum
2922 5434 3131 5498 preces
3155 5418 3453 5477 matutinae
3470 5416 3647 5478 abso-

263 5505 467 5597 ὄρθρον,
502 5517 848 5597 ἀπερχόμεθα
891 5515 945 5571 ἐν
995 5528 1112 5577 τοῖς
1170 5512 1423 5586 κελλίοις,
1479 5512 1566 5567 καὶ
1614 5517 1904 5570 ποιοῦντες,

2001 5510 2145 5597 luta}
2154 5509 2283 5597 jam
2318 5516 2479 5584 sunt,
2514 5509 2573 5569 in
2604 5507 2786 5569 cellas
2807 5505 3198 5597 discedimus,
3221 5514 3278 5597 et
3298 5506 3453 5567 dicto
3480 5505 3650 5597 hym-

265 5593 560 5685 τρισᾶγιον,
610 5593 903 5686 ἀέγομεν,
1005 5611 1160 5661 Δεῦτε
1250 5598 1705 5681 προσκυνήσωμεν
1736 5645 1754 5677 ,
1857 5601 1904 5655 ἓν

2002 5618 2078 5661 no
2135 5596 2469 5679 Trisagion,
2557 5597 2815 5659 dicimus
2874 5600 3051 5659 tertio
3106 5593 3342 5671 Venite,
3430 5595 3650 5655 adore-

276 5684 486 5777 Tplzou‘
526 5697 615 5753 καὶ
690 5684 965 5776 ἆρχόμεθα
1022 5692 1238 5771 ψαλμὸν
1282 5691 1399 5769 με’,
1452 5690 1512 5750 Ὀ
1584 5692 1710 5755 Θεὸς
1770 5691 1904 5765 huc}

2006 5705 2159 5769 mus;
2192 5696 2249 5749 et
2275 5688 2654 5769 auspicamnr
2683 5685 2979 5767 psalmum
3036 5703 3173 5766 ην,
3228 5684 3388 5777 D_eus
3448 5689 3654 5744 noster

277 5772 561 5866 κᾷταφυγὴ
620 5772 1017 5860 καὶηῧύναμιβ
1102 5784 1189 5840 καὶ
1268 5780 1483 5859 ψαλμὸν
1539 5779 1640 5837 stat’
1701 5778 1904 5859 ’Λγαθὸ¹

2007 5776 2297 5866 refugium
2330 5784 2389 5839 et
2419 5776 2626 5859 virtus;
2660 5786 2720 5839 et
2772 5774 3065 5857 psalmum
3093 5790 3212 5866 xui,
3266 5772 3497 5835 Bonum
3561 5777 3650 5866 est

268 5876 336 5939 sb
384 5858 820 5958 ὶξῷολογιτσθαι
1035 5873 1251 5954 Κυρίῳ’
1342 5872 1430 5932 καὶ
1487 5871 1579 5930 τὸν
1638 5867 1739 5948 ειβ¹
1860 5867 1904 5928 ’C

2006 5864 2282 5932 conﬁteri
2341 5858 2638 5945 Domino;
2698 5873 2758 5929 et
2813 5879 2931 5944 xct,
2995 5863 3288 5930 Dominus
3364 5858 3652 5941 regnavit.
