4096 6210
3394 116 4022 399 _.._1

594 318 891 371 GCCLXXVI
1987 301 2582 367 PROLEGOMENA.

676 442 817 505 210.
853 442 964 514 Qui
988 441 1208 503 emittis
1232 440 1450 514 lucem,
1478 446 1536 499 et
1566 438 1743 500 vadit.
1774 440 1872 518 pui
1896 440 2081 500 solem
2115 444 2218 500 ori-

2405 438 2464 497 Ὀ
2494 439 2895 505 ἒξαποστέλλων
2920 444 2977 498 τὸ
3008 449 3120 521 φῶς
3153 444 3246 500 καὶ
3290 445 3589 525 πορεύεται,
3646 449 3670 502 6
3722 448 3901 505 ἀνατὲλο

593 532 644 593 ri
675 533 819 595 facis
848 550 1027 609 super
1050 532 1244 610 justos
1272 538 1329 590 et
1358 529 1633 608 injustas,
1695 546 1873 607 super
1931 528 2118 589 bonus
2184 547 2216 587 θ

2325 545 2431 583 Λων
2466 532 2555 585 τὸν
2589 531 2738 596 ἣλιον
2773 533 2856 587 ἐπὶ
2909 530 3140 598 δικαίους
3172 535 3257 589 κσὶ
3319 532 3545 609 ἀδίκους,
3604 542 3831 613 πονηρούς
3865 563 3901 595 τε

594 626 785 685 malos
818 625 932 703 (ιι),
968 622 1067 703 qui
1101 620 1407 681 fabricaris
1438 638 1735 689 auroram,
1769 629 2072 698 totumque
2132 639 2218 679 or-

2326 621 2407 674 ni
2462 620 2687 696 ἄγαθούς
2723 668 2737 693 ,
2794 624 2820 677 ὁ
2897 628 3064 678 ποιῶν
3128 621 3309 701 ὄρθρον
3358 626 3438 681 καὶ
3499 626 3720 705 σιωτίζων
3771 633 3901 684 πᾶσιν

593 713 729 774 bem
765 714 1090 784 illuminas,
1126 710 1394 770 illumina
1424 718 1481 770 et
1508 712 1690 769 corda
1724 719 1941 769 nostra.
1980 706 2230 769 Univer-

592 820 790 864 sorum
828 800 1099 873 Domine,
1136 812 1199 860 ut
1230 799 1335 859 tibi
1371 799 1481 858 hoc
1513 798 1609 859 die
1642 798 2005 877 placeamus,
2065 798 2234 857 nobis

590 892 879 969 concede,
914 888 1253 950 custodiens
1277 906 1385 947 nos
1410 887 1482 948 ab
1515 888 1676 947 omni
1700 897 1967 967 peccato,
1994 895 2052 946 et
2073 887 2233 947 omni

588 979 793 1059 iniqua
822 979 1077 1050 actione,
1113 976 1371 1037 liberans
1403 995 1510 1036 nos
1539 976 1612 1036 ab
1647 976 1809 1035 omni
1859 977 2070 1053 sagitta
2126 995 2229 1033 vo-

589 1068 747 1130 lante
779 1087 884 1150 per
915 1068 1097 1145 diem,
1124 1076 1182 1127 et
1213 1066 1373 1127 omni
1405 1066 1741 1127 adversaria
1774 1068 2232 1145 potestate.Pre-

587 1158 756 1219 cibus
787 1156 1261 1218 incontaminati}:
1298 1156 1556 1215 Dominae
1583 1154 1868 1233 Deiparae,
1899 1164 2134 1213 tuorum
2162 1174 2231 1215 ex

589 1248 751 1307 nulla
781 1245 1173 1309 constantium
1202 1243 1446 1305 materia
1521 1243 1956 1316 ministrorum,
2011 1244 2231 1306 caeles-

587 1337 855 1417 tiumque
902 1337 1201 1403 virtutum,
1266 1352 1333 1393 ac
1382 1334 1647 1393 omnium
1706 1342 2069 1406 sanctorum,
2133 1333 2232 1408 qui

587 1426 760 1487 tibia
809 1425 1025 1487 saeculo
1084 1424 1384 1503 placuere.
1443 1422 1635 1485 Tuum
1688 1432 1777 1483 est
1832 1424 2015 1484 enim.
2078 1422 2234 1483 Dens

584 1524 811 1595 noster,
851 1514 1123 1575 misereri
1165 1532 1233 1573 ac
1267 1531 1505 1575 servare
1548 1532 1655 1573 nos
1693 1533 1705 1572 :
1742 1520 1799 1572 et
1831 1511 1938 1574 tibi
1985 1512 2229 1591 gloriam

583 1605 816 1680 damus,
852 1603 1036 1683 Patri,
1063 1610 1120 1663 et
1148 1602 1323 1678 Filio,
1360 1611 1418 1664 et
1454 1601 1699 1683 Spiritui
1723 1612 1955 1676 sancto,
1990 1621 2144 1662 nunc
2174 1616 2229 1663 et

581 1713 842 1775 semper,
879 1706 936 1756 et
968 1695 1027 1755 in
1054 1693 1272 1755 saecula
1303 1692 1686 1754 saeculorum.
1721 1695 1932 1753 Amen.

664 1873 887 1938 Gloria.
910 1872 982 1933 Et
1010 1891 1189 1933 nunc.
1223 1868 1650 1932 Excelsiorem.
1691 1870 1762 1931 Et
1806 1868 1942 1930 ﬁnis
1976 1870 2200 1949 imponi

580 1974 696 2028 tur.

2318 708 2415 773 τὴν
2443 708 2778 781 οἰκουμένην,
2823 711 3053 789 φώτισον
3097 714 3183 767 καὶ
3213 714 3368 787 ἡμῶν
3417 715 3508 778 τὰς
3564 713 3774 791 καρδίας,
3828 718 3897 772 Δέ-

2319 818 2487 853 σποτα
2533 805 2635 854 τῶν
2695 799 2967 871 ἁπάντων,
3029 802 3249 880 χάρισαι
3308 805 3443 877 ἡμῖν
3497 802 3549 857 ἐν
3602 804 3664 871 τῆ
3712 806 3897 883 παρούσῃ

2316 886 2488 964 ἡμέρᾳ
2514 891 2859 965 εὖαρεστῆσαι
2896 910 2999 962 σοι,
3068 888 3430 969 διαφυλάττων
3486 895 3623 963 ἡμᾶς
3679 893 3773 949 ἀπὸ
3822 897 3898 951 πά-

2315 996 2411 1041 σης
2445 977 2703 1055 ἁμαρτίας
2781 981 2869 1034 καὶ
2929 978 3103 1045 πάσης
3166 987 3403 1054 πονηρᾶς
3445 981 3693 1059 πράξεως,
3748 983 3896 1059 ῥυόμε-

2315 1086 2398 1127 νος
2431 1067 2572 1138 ἡμᾶς
2618 1069 2722 1123 ἀπὸ
2754 1069 2949 1133 παντὸς
2994 1068 3179 1144 βέλους
3248 1071 3533 1144 πετομένω
3589 1069 3791 1147 ἡμέραν
3842 1074 3898 1126 καὶ

2318 1154 2495 1219 πάσης
2547 1154 2915 1229 ἀντικειμένης
2948 1154 3245 1232 δυνάμεως
3311 1157 3607 1237 πρεσϐείαις
3663 1164 3750 1226 τῆς
3796 1182 3896 1215 πιν-

2318 1252 2586 1322 αχραντου
2618 1248 2906 1313 Δεσποίνης
2936 1247 3091 1319 ἡμῶν
3149 1250 3429 1319 Θεοτόκου,
3485 1254 3586 1304 τῶν
3642 1246 3795 1303 ὰΰλων
3837 1272 3898 1307 σω

2318 1331 2642 1412 λεντουργῶν
2715 1337 2803 1391 καὶ
2856 1334 3178 1413 ἐπουρανίων
3254 1336 3547 1411 δυνάμεων,
3602 1340 3682 1394 καὶ
3736 1338 3897 1393 nam."

2318 1429 2422 1478 τῶν
2451 1424 2613 1501 ἁγὶων
2666 1431 2769 1480 τῶν
2800 1424 2893 1481 ἀπ’
2955 1428 3141 1488 αἰῶνός
3185 1448 3272 1484 σοι
3305 1428 3771 1505 εὐαρεστησάντων.
3822 1430 3896 1482 Σὺν

2316 1514 2413 1590 γάρ
2446 1513 2554 1569 ἐστι
2589 1516 2648 1570 τὸ
2694 1513 2891 1588 ἐλεεῖν,
2923 1516 3006 1572 καί
3062 1515 3247 1587 σώζειν
3296 1518 3462 1591 ἡμᾶς,
3517 1521 3543 1572 6
3592 1520 3711 1580 Θεὸς
3758 1519 3891 1590 ἡμῶν.

2316 1605 2403 1657 καὶ
2446 1604 2525 1657 σοὶ
2583 1604 2680 1669 τὴν
2733 1600 2882 1668 δόξαν
2949 1605 3355 1680 ἀναπέμπομεν,
3417 1610 3493 1677 τῷ
3553 1607 3800 1682 [lupini
3844 1610 3897 1676 τῷ

2320 1692 2443 1764 Υίῷ,
2475 1694 2562 1747 καὶ
2584 1700 2660 1765 τῷ
2689 1693 2823 1769 ἁγίῳ
2851 1695 3138 1773 Πνεύματι,
3172 1702 3263 1750 νῦν
3292 1697 3378 1750 καὶ
3428 1696 3529 1773 ἀεὶ,
3561 1698 3644 1751 καὶ
3697 1698 3763 1759 εἰς
3808 1696 3896 1758 τοὺς

2258 1812 2292 1858 Β
2317 1782 2510 1845 αἰῶνας
2533 1787 2634 1835 τῶν
2663 1781 2888 1855 αἰώνων,
2932 1782 3128 1858 Ἀμήν.

2400 1868 2556 1936 Δόξα.
2595 1872 2689 1927 Καὶ
2713 1878 2817 1930 νῦν.
2871 1873 2976 1938 Τὴν
3028 1871 3368 1951 τιμιωτέραν,
3408 1875 3502 1931 Καὶ
3557 1874 3739 1951 γίνεται
3792 1874 3894 1928 από·

2314 1959 2482 2022 λυσις.

661 2054 797 2113 Q41.
834 2054 1019 2114 Con.
1053 2049 1181 2113 Jam
1207 2065 1363 2111 nunc
1397 2061 1581 2109 marte
1618 2053 1857 2130 proprio
1888 2047 2287 2110 observaverit
2310 2047 2583 2110 eruditus
2617 2047 2977 2130 lector,th
3009 2069 3138 2130 quae
3170 2049 3266 2130 hic
3312 2049 3493 2111 habet
3544 2048 3894 2130 Horologium,

580 2153 697 2195 non
733 2137 874 2194 satis
896 2149 1250 2210 congruere,
1279 2130 1412 2198 illis,
1446 2147 1573 2208 quae
1594 2127 1757 2189 num.
1786 2127 1925 2201 223,
1965 2148 2069 2206 pro
2096 2135 2301 2210 Primae
2336 2131 2596 2189 mesorio
2630 2129 2829 2192 habet.
2867 2127 3125 2210 SLSa'ba:
3175 2129 3485 2210 Typicum.
3543 2127 3770 2210 Quippe
3806 2132 3893 2190 hoc

580 2212 861 2294 Typicum
900 2208 1155 2292 punierit
1181 2210 1383 2294 multa,
1421 2227 1554 2294 quae
1587 2210 1681 2294 hic
1710 2210 2011 2294 recitanda
2040 2211 2099 2269 in
2129 2209 2447 2294 Horologio
2473 2214 2908 2294 proponuntur.
2936 2208 3142 2272 Utrum
3166 2208 3296 2294 utro
3339 2211 3579 2294 melius,
3611 2208 3734 2289 quis
3760 2210 3893 2294 deci-

587 2288 690 2356 dat
721 2297 745 2354 ?
775 2288 1022 2354 Interim
1055 2310 1190 2352 cum
1219 2292 1293 2351 de
1318 2288 1493 2351 Horis
1528 2290 1854 2371 minoribus
1880 2289 2035 2367 aliis,
2065 2300 2234 2368 prout
2265 2291 2482 2371 passim
2514 2288 2862 2370 recitantur,
2889 2310 3074 2371 pauca
3097 2290 3286 2352 tradat
3307 2288 3703 2371 Typicum,’ex
3726 2291 3893 2352 eodem

579 2371 933 2452 Horologio,
969 2372 1241 2452 ordinem
1279 2388 1496 2452 earum
1513 2369 1832 2452 a_c_serie1n
1867 2371 2217 2448 pandemus.

1115 2450 1325 2513 HORA
1371 2448 1677 2511 TERTIA.

655 2542 792 2605 242.
828 2544 954 2605 Rex
986 2540 1269 2611 ccelestis,
1308 2537 1668 2617 Trisagium,
1700 2540 2047 2600 reverentiae
2076 2554 2216 2613 tris,

572 2631 958 2694 Sanctissima
978 2628 1256 2700 Trinitas,
1295 2631 1466 2689 Pater
1490 2636 1710 2708 noster,
1739 2629 1887 2702 Quia
1911 2638 2073 2689 tuum
2105 2641 2213 2688 est.

572 2722 845 2795 Domine,
884 2724 1192 2793 miserere,
1228 2718 1574 2781 duodecies.
1604 2716 1842 2797 Venite,
1872 2719 2209 2793 adoremus,

575 2811 767 2871 tertio.
796 2808 1026 2871 Deinde
1061 2808 1290 2886 psalmi.

2913 2451 3080 2509 ’ὬΡΑ
3114 2455 3334 2508 ΤΡΙΤΗ.

2388 2541 2611 2602 Βασιλεῦ
2666 2544 2893 2621 οὖράνιε,
2966 2545 3267 2623 Τρισάγιον,
3318 2548 3594 2619 μετάνοιαν.
3651 2543 3723 2622 γ’,
3780 2549 3892 2598 [va-

2305 2634 2426 2709 αγία
2450 2634 2627 2705 Talin,
2666 2634 2835 2709 Πάτερ
2865 2635 3041 2706 ἡμῶν,
3104 2633 3238 2689 ’Ὅτι
3324 2654 3423 2689 σου
3455 2636 3546 2697 Τὸ,
3600 2636 3752 2711 Κύριε,
3794 2632 3889 2696 ἰλεη

2302 2742 2417 2783 σον,
2456 2719 2557 2797 ιβ’,
2608 2729 2788 2794 Δεῦτε,
2822 2725 3293 2800 προσκυνήσωμεν,
3329 2721 3393 2778 ἐκ
3466 2726 3653 2801 τρίτου.
3689 2722 3800 2778 Εἶτα
3858 2729 3892 2780 oi

2298 2810 2523 2883 ψαλμοί

654 2894 838 2954 Coum.
867 2888 939 2949 Hi
972 2889 1179 2968 psalmi
1204 2896 1364 2967 sunt,
1394 2904 1487 2948 xvr
1523 2911 1535 2943 :
1571 2886 1816 2961 Exaudi,
1856 2890 2123 2958 Domine,
2148 2888 2440 2965 justitiam
2477 2907 2695 2951 meam.
2733 2906 2868 2952 (le
2899 2912 2911 2954 :
2948 2894 3018 2952 At
3053 2899 3131 2964 te,
3171 2892 3453 2968 Domine,
3482 2890 3889 2954 levavianimam

574 2989 791 3032 meam.
826 2971 899 3031 Et
925 2967 1008 3029 L7:
1039 2969 1321 3029 Miserere
1360 2967 1497 3035 mei,
1553 2970 1733 3046 Deus,
1783 2970 2137 3029 secundum.

657 3078 795 3138 ‘243.
830 3075 1049 3135 Gloria.
1086 3072 1155 3133 Et
1203 3092 1380 3133 nunc.
1443 3072 1714 3135 Alleluia.
1768 3075 1963 3137 tertio.
2026 3072 2117 3149 Et,
2171 3075 2278 3136 sic

573 3169 730 3231 Deus
764 3166 1046 3228 Dominus
1093 3165 1327 3236 dicitur,
1389 3163 1484 3222 dic
1546 3164 1665 3224 diei
1720 3164 2064 3242 troparium,
2129 3163 2216 3238 Et,

570 3276 755 3327 nunc,
792 3254 1034 3317 Mariale
1059 3255 1168 3313 hoc
1203 3271 1215 3312 :
1256 3252 1527 3331 Deipara,
1565 3262 1626 3313 tu
1658 3271 1721 3314 es
1771 3254 1897 3314 vitis
1926 3272 2084 3316 vera.
2115 3255 2219 3316 Sin

570 3355 763 3408 autem
791 3343 1069 3416 Alleluia,
1105 3341 1201 3402 dic
1236 3358 1510 3419 sequens
1532 3344 1851 3420 troparium
1880 3352 2026 3403 tono
2060 3342 2218 3404 obli-

570 3433 805 3517 qu02:

653 3522 906 3599 Christe,
956 3520 1053 3600 qui
1109 3519 1256 3579 hora
1326 3519 1505 3580 tertia
1560 3520 1994 3583 sanstissimum
2058 3530 2217 3584 tuum

573 3612 856 3692 Spiritum
889 3607 1173 3689 aposmlis
1208 3608 1442 3685 misisti,
1478 3608 1658 3688 hunc,
1736 3630 1768 3669 ο
1819 3608 2093 3689 benigne,
2143 3630 2220 3673 ne

571 3702 808 3762 auferas
839 3719 870 3759 a
904 3698 1075 3758 nobis
1104 3714 1116 3754 :
1156 3696 1260 3758 sed
1294 3715 1427 3757 eum
1483 3703 1541 3757 in
1566 3698 1740 3759 nobis
1776 3708 1829 3760 te
1887 3700 2214 3781 deprecan-

574 3788 730 3850 tibus
752 3789 991 3849 innova.

1122 3865 1590 3930 VERSICULUS
1636 3871 1692 3930 1.

650 3962 766 4027 Cor
799 3956 1081 4017 mundum
1127 3975 1263 4017 crea
1296 3956 1357 4015 in
1384 3975 1498 4037 me,
1549 3958 1709 4019 Deus
1738 3958 1845 4038 (1)).

1115 4042 1580 4108 VERSICULUS
1609 4047 1666 4109 2.

650 4135 736 4197 Ne
761 4136 1040 4215 projicias
1068 4152 1161 4195 me
1197 4153 1229 4194 a
1260 4133 1409 4194 facie
1446 4145 1541 4196 tua
1575 4139 1671 4214 (c).

732 4224 959 4289 Gloria.
993 4225 1069 4286 Ει
1099 4244 1275 4284 nunc.
1793 4228 2050 4289 Mariale.

654 4315 756 4376 Dei
803 4312 1090 4382 Genitrix,
1130 4322 1189 4373 tu
1230 4332 1293 4372 es
1330 4312 1463 4374 vitis
1516 4333 1671 4389 vera,
1733 4335 1861 4395 quae
1910 4317 2035 4376 vitae
2086 4317 2212 4377 fru-

571 4414 727 4467 ctum
766 4403 1069 4485 peperisti.
1118 4402 1223 4475 Te,
1276 4402 1547 4485 Domina,
1622 4406 2037 4485 ili-precamur,
2100 4426 2214 4467 una

571 4503 703 4547 cum
737 4483 1022 4563 apostolis
1057 4492 1190 4560 pete
1225 4484 1533 4545 animabus
1606 4485 1821 4546 nostris
1869 4483 2204 4548 misericor-

568 4573 751 4635 diam.

649 4661 937 4723 Dominus
965 4658 1120 4719 Deus
1153 4658 1525 4742 benedictus,
1562 4664 1908 4725 benedictus
1927 4665 2216 4727 Dominus

569 4753 644 4813 de
677 4751 851 4812 diein
884 4750 1069 4810 diem.
1117 4751 1407 4828 Prospera
1462 4772 1589 4824 nos,
1655 4753 1810 4814 Deus
1867 4757 2208 4817 salutarium

572 4853 938 4912 nostrorum,
968 4838 1127 4899 Deus
1161 4848 1388 4920 noster,
1422 4841 1577 4903 Deus
1612 4844 1838 4906 salutis.

650 4930 767 4991 *243
801 4931 911 4991 bis.
938 4926 1296 5004 Trisagium,
1331 4928 1713 4993 Sanstissima
1739 4932 2017 5010 Trinitas,
2046 4938 2215 4998 Pater

570 5028 800 5092 nastcr,
835 5018 983 5090 Quia
1015 5028 1175 5077 tuum
1209 5033 1317 5089 est,
1359 5028 1415 5080 et
1442 5023 1569 5081 haec
1602 5026 1859 5102 troparia
1894 5046 1905 5082 :

649 5106 1010 5167 Benedictus
1042 5125 1130 5186 es,
1158 5107 1392 5170 Christe
1427 5109 1585 5171 Deus
1616 5123 1838 5184 noster,
1879 5116 1974 5194 qui
2035 5114 2209 5177 insti-

570 5197 738 5258 tuisti
770 5194 1243 5284 sapientissimos
1275 5200 1622 5282 piscatores,
1656 5202 1729 5262 ad
1764 5222 1983 5284 eosque
2036 5224 2213 5268 sanc—

571 5296 694 5348 tum
730 5285 1013 5364 Spiritum
1052 5282 1282 5359 misisti,
1313 5299 1371 5349 et
1415 5308 1521 5368 per
1542 5310 1644 5351 eos
1680 5282 1936 5353 irretiisiti
1969 5294 2210 5377 orbem;

568 5396 604 5437 ο
636 5377 944 5436 hominum
968 5390 1199 5449 amans,
1240 5382 1315 5435 sit
1345 5378 1452 5439 tibi
1480 5380 1687 5458 gloria.

736 5463 935 5526 Gloria

649 5622 728 5702 (α)
759 5620 962 5691 “allii.
1000 5647 1054 5703 ν,
1104 5630 1208 5690 45.

653 5703 744 5784 (ὁ)
775 5704 927 5767 Pal.
949 5724 1012 5790 ι,
1048 5710 1149 5771 η.

2388 3077 2543 3143 Δόξα.
2583 3079 2677 3135 Καὶ
2710 3085 2816 3137 νῦν.
2864 3077 3219 3159 Ἀλληλούῖα,
3278 3078 3337 3136 ἐκ
3381 3081 3580 3159 τρίτου,
3612 3082 3699 3138 Καὶ
3725 3081 3761 3134 εἰ
3797 3079 3887 3151 μὲνν

2307 3168 2435 3227 Θεὸς
2494 3167 2700 3244 Κύριος,
2762 3166 2999 3245 λέγεται,
3059 3168 3272 3246 λέγεται
3344 3175 3449 3237 τῆς
3500 3170 3689 3249 ἡμέρας
3731 3168 3887 3245 τροπά-

2304 3276 2413 3333 ριον
2467 3256 2562 3311 Καὶ
2615 3261 2723 3329 νῦν,
2792 3256 3069 3313 Θεοτό¹κιον
3133 3257 3215 3312 τόο
3286 3259 3541 3338 Θεονόδιε,
3591 3260 3650 3315 σύ
3697 3258 3745 3313 εἴ
3807 3254 3890 3329 ἄμ-

2302 3342 2463 3408 πελος
2494 3346 2527 3412 ἡ
2560 3342 2807 3410 ἅληθινγί·
2843 3346 2901 3402 Εἰ
2965 3343 3019 3400 δὲ
3072 3342 3428 3427 Ἀλληλούϊα,
3493 3347 3611 3427 λέγε
3662 3349 3717 3404 τὸ
3766 3346 3889 3425 παρὸν

2302 3433 2590 3511 τροπάριον
2618 3434 2749 3512 πρὸς
2775 3434 2916 3514 ἦχον
2947 3434 3046 3497 πλ.
3082 3435 3156 3511 β’.

2386 3524 2561 3602 Κύριε,
2607 3526 2634 3580 6
2691 3524 2752 3579 τὸ
2821 3524 3081 3601 πανάγιόν
3134 3546 3229 3582 σου
3292 3529 3507 3603 Πνιὸμα
3568 3549 3621 3585 εν
3672 3532 3731 3603 τῇ
3777 3524 3890 3597 τρίτῃ

2301 3612 2414 3690 ὥρᾳ
2440 3626 2561 3673 τοῖς
2590 3611 2909 3679 ἀποστόλοις
2939 3636 3033 3670 σου
3090 3616 3478 3691 καταπέμψας,
3546 3625 3709 3691 τοῦτο,
3748 3616 3891 3691 ἀγαθὲ,

2301 3702 2378 3775 μὴ
2404 3701 2593 3779 ἀνέλῃς
2625 3701 2714 3783 ἀφ’
2747 3704 2928 3779 ᾑμῶν·
2967 3701 3087 3760 ἀλλ’
3149 3702 3455 3782 ἒγχαίνισον
3495 3708 3626 3783 ἡμῖν
3678 3702 3891 3779 δεομένοις

2304 3812 2398 3846 σου
2410 3840 2423 3854 ,

2959 3888 3206 3941 ΣΤΙΧΟΣ
3236 3905 3293 3940 α-

2384 3967 2605 4047 Καρδίαν
2634 3971 2864 4049 καθαρὰν
2896 3971 3071 4027 κνίσον
3103 3970 3157 4027 ἐν
3180 3971 3321 4047 ἐμοὶ,
3348 3976 3373 4030 6
3409 3974 3563 4039 Θεός.

2949 4066 3195 4118 zrlxoz
3236 4062 3312 4137 β’.

2380 4150 2465 4216 Μὴ
2496 4148 2759 4227 ἀπῤῥίψῃς
2793 4169 2859 4221 με
2896 4148 2997 4204 ἀπὸ
3042 4156 3132 4205 τοῦ
3163 4154 3458 4227 προσώπου
3487 4174 3601 4209 σου.

2466 4238 2623 4303 Δόξα.
2662 4240 2757 4295 Καὶ
2790 4248 2898 4300 νῦν.
3485 4240 3765 4298 Θεοεόκιον.

2380 4329 2627 4399 Θεοτόκε,
2664 4327 2724 4381 σὺ
2756 4326 2811 4381 εἰ
2842 4328 2877 4394 ἡ
2938 4325 3174 4399 ἄμπελος
3206 4329 3240 4395 ἡ
3300 4328 3555 4401 ἀληθινὴ,
3611 4332 3644 4396 ἡ
3696 4326 3896 4403 βλαστή-

2297 4440 2433 4473 σασα
2476 4421 2564 4471 τὸν
2597 4418 2803 4489 καρπὸν
2835 4420 2932 4482 τῆς
2965 4422 3130 4486 ζωῆς·
3169 4416 3225 4472 σὲ
3278 4418 3602 4498 ἱκετεύομεν,
3664 4414 3895 4495 πρέσϐευε,

2301 4506 2587 4584 Δέσποινα,
2621 4506 2757 4580 μετὰ
2786 4512 2892 4561 τῶν
2945 4504 3256 4561 ἀποστόλων
3307 4506 3590 4575 ἐλεηθῆναι
3621 4508 3707 4569 τὰς
3754 4503 3897 4582 tinxit:

2296 4598 2478 4671 ἡμῶν.

2386 4684 2572 4762 Κύριος
2616 4683 2643 4736 6
2676 4682 2806 4747 Θεὸς
2848 4679 3162 4759 εὐλογητὸς,
3213 4681 3507 4761 εὐλογητὸς
3562 4685 3737 4762 Κύριος
3784 4678 3896 4755 alia.

2298 4796 2391 4853 ραν
2440 4771 2557 4830 καθ’
2600 4770 2827 4849 ἡμέραν,
2868 4770 3232 4831 Κατευόδωσαι
3281 4773 3419 4847 ἡμῖν
3471 4776 3498 4830 6
3557 4776 3681 4838 Θεὸς
3749 4791 3897 4834 σωτη-
3974 4770 3977 4823 ῗ

2295 4863 2418 4941 ρίων
2437 4863 2617 4935 ἡμῶν,
2651 4862 2678 4914 ὀ
2712 4860 2840 4923 Θεὸς
2880 4862 3061 4935 ἡμῶν,
3101 4864 3128 4917 6
3160 4863 3288 4926 Θεὸς
3333 4869 3424 4918 τοῦ
3454 4862 3657 4933 σώζειν.

2378 4950 2681 5029 Τρισάγιον,
2720 4951 2957 5027 Παναγία
3013 4953 3193 5028 Τριὰς,
3230 4955 3401 5030 Πάτερ
3437 4950 3762 5033 ἡμῶν,²’οτι
3806 4969 3896 5023 σου,

2296 5043 2383 5098 καὶ
2411 5042 2476 5096 τὰ
2500 5039 2758 5115 τροπέρια
2790 5044 2979 5094 ταῦτα’

2380 5129 2681 5205 Εὒλογτ,τὸς
2726 5127 2806 5203 εἴ,
2843 5127 3033 5204 Χριστέ
3083 5132 3110 5185 ὁ
3143 5132 3273 5197 Θεὸς
3320 5133 3502 5209 ἡμῶν,
3565 5134 3591 5188 6
3641 5129 3897 5205 πανσόφους

2298 5220 2418 5282 τοὺς
2451 5217 2622 5279 ἁλιεῖς
2648 5215 2939 5291 ἀναδείξας,
3017 5219 3372 5297 καταπέμψας
3431 5225 3613 5284 αὐτοῖς
3668 5221 3723 5274 τὸ
3773 5219 3898 5271 Πνεῦ-
3978 5274 3981 5281 λ

2298 5329 2373 5383 μα
2404 5308 2463 5363 τὸ
2502 5307 2675 5384 ἅγιον,
2709 5307 2797 5362 καὶ
2839 5303 2907 5362 δι’
2940 5309 3106 5364 αὐτῶν
3147 5310 3246 5377 την
3302 5310 3617 5385 οἰκουμένην
3672 5302 3895 5383 σσγηνεό·
3974 5300 3975 5305 “

2298 5419 2417 5469 σας,
2443 5396 2797 5474 φιλάνθρωπε,
2835 5394 2957 5461 δόξα
2978 5419 3081 5457 σοι.

2462 5485 2620 5550 Δόξα.

2378 5643 2451 5724 (c)
2485 5642 2632 5707 ibid.
2659 5643 2760 5708 43.
