4096 6210
541 401 885 450 CCCLXXVIII

1940 381 2529 445 PROLEGOMENA.

528 519 924 600 persistimus;
952 526 1010 578 et
1043 524 1381 597 peccantes,
1416 524 1471 577 te
1494 516 1786 579 habemus
1808 514 2168 598 deprecatri-

2263 535 2435 589 γοντες
2480 512 2707 592 ἄτρωτοι
2744 512 3090 587 διαμένομεν
3147 513 3233 569 καὶ
3279 511 3433 569 πάλιν
3492 514 3848 592 ἁμαρτάνοντες,

531 627 687 670 cem.
738 608 876 669 [deo
921 604 1237 668 referimus
1286 605 1391 667 tibi
1441 606 1679 686 gratias,
1715 616 1773 668 et
1820 608 2167 681 clamamus;

530 700 675 768 Ave,
706 698 891 772 gratia
921 697 1117 772 plena,
1152 694 1437 757 Dominus
1461 703 1680 758 tecum.

612 788 751 849 245.
796 786 1068 864 Domine,
1130 786 1458 864 miserere,
1516 787 1899 867 quadragies.
1944 787 2165 850 Gloria.

531 877 605 938 Et
636 893 816 937 nunc.
852 874 1256 936 Excelsiorem
1290 872 1611 938 Cherubim
1665 875 1729 937 In
1772 878 2018 938 nomine
2050 875 2168 937 Do-

536 964 705 1037 mini,
734 963 1009 1040 benedic,
1044 965 1237 1026 Pater.
1272 964 1383 1026 Per
1414 983 1623 1045 preces
1672 975 2013 1028 sanctorum
2066 966 2172 1027 Pa-

536 1060 687 1114 trum
721 1052 870 1114 Tres
913 1071 1153 1132 magnas
1186 1054 1438 1116 facimus
1460 1058 1847 1127 reverentiae,
1881 1056 2176 1116 dicimus-

536 1161 651 1223 que
675 1142 1077 1221 precationem
1108 1144 1169 1205 S.
1205 1144 1489 1225 Ephrem,
1531 1162 1605 1206 ac
1637 1144 1856 1207 deinde
1889 1146 2040 1207 hanc
2072 1145 2179 1207 Ba-

534 1231 651 1292 silii
685 1233 878 1311 magni
916 1253 929 1293 :

617 1323 869 1383 Domine
904 1323 1057 1384 Deus
1090 1330 1311 1395 noster,
1348 1323 1449 1399 qui
1503 1341 1707 1403 pacem
1759 1332 1919 1384 tuam
1955 1322 2174 1387 dedisti

534 1408 902 1485 hominibus,
930 1419 991 1472 et
1019 1411 1376 1473 sanctissimi
1409 1412 1666 1492 Spiritus
1690 1412 1909 1474 donum
1941 1413 2013 1475 ad
2046 1422 2176 1475 tuos

532 1499 861 1577 discipulos
889 1518 957 1562 ac
981 1499 1278 1580 apostolos
1322 1500 1636 1583 demisisti,
1670 1521 1999 1580 eorumque
2023 1503 2177 1564 labia

534 1607 642 1669 per
670 1589 899 1668 linguas
928 1590 1131 1669 igneas
1164 1600 1261 1651 tua
1289 1591 1577 1670 aperuisti
1612 1591 1903 1672 potentia,
1935 1592 2098 1674 aperi
2124 1602 2182 1653 et

538 1688 739 1740 nostra
771 1688 1143 1758 peccatorum
1175 1678 1349 1753 labia;
1385 1696 1453 1743 ac
1490 1681 1881 1761 quomodo,et
1910 1701 2018 1762 pro
2042 1682 2175 1762 qui«

2254 602 2453 682 ἔχομέν
2503 624 2561 659 σε
2610 600 3038 681 πρεσϐεύουσαν·
3094 600 3172 659 διὸ
3220 604 3638 682 εἰχαριστοῦντες
3685 606 3852 681 βοῶμὲν

2252 712 2353 748 σοι’
2394 700 2581 770 Χαῖρε,
2618 692 3078 771 κεχαριτωμένη,
3110 695 3138 747 ὸ
3171 694 3353 770 Κύριος
3392 693 3524 767 μετὰ
3548 702 3654 756 σοῦ.

2335 783 2428 850 Τὸ,
2493 783 2666 858 Κύριε,
2731 780 2980 849 ἐλέησον,
3067 778 3156 841 μ’.
3234 780 3392 846 Δόξα.
3457 784 3549 839 Καὶ
3618 790 3718 844 νῦν,
3770 787 3851 851 Τὴι

2257 871 2555 949 τιμωτὲραν
2606 873 2712 927 τῶν
2761 869 3044 950 χεροδθίμ.
3093 870 3185 928 Ἐν
3216 873 3435 945 ὀνόματι
3488 872 3678 949 Κυρίου,
3729 873 3851 932 εὐλό-

2260 982 2450 1039 γησον,
2488 962 2691 1039 Πάρερ,
2731 960 2811 1016 Δι’
2856 962 3031 1040 εὐχῶν
3088 968 3195 1017 τῶν
3262 960 3424 1037 ἆγίων
3482 961 3725 1039 πατέρων.
3774 964 3851 1025 Τὰς

2261 1064 2406 1129 τρεῖς
2454 1050 2695 1126 μεγάλας
2746 1052 3029 1126 μετανοίας
3097 1051 3231 1126 μετὰ
3300 1051 3387 1106 καὶ
3439 1050 3531 1119 τῆς
3586 1054 3738 1132 εὖχῆς
3787 1061 3853 1110 τοῦ

2264 1140 2408 1197 ὁσίου
2457 1139 2723 1220 Ἐφραῖμ’
2765 1144 2885 1198 εἶτα
2926 1140 3025 1208 τὴν
3059 1147 3327 1212 παροῦσαν
3356 1140 3524 1220 εὒχῆν
3551 1149 3639 1198 τοῦ
3666 1142 3855 1220 μεγάλοι.»

2264 1236 2565 1294 Βασιλείου⁶

2338 1326 2499 1405 Κύριε
2563 1328 2592 1384 ὁ
2644 1328 2775 1391 Θεὸς
2837 1329 3015 1404 ἡμῶν,
3052 1329 3205 1397 ὀτὴν
3250 1330 3347 1397 σὴν
3403 1330 3611 1410 εἰρήνην
3660 1329 3854 1393 δεδωκὼς

2259 1432 2382 1481 τοῖς
2446 1417 2767 1494 ἀνθρώποις,
2831 1420 2920 1474 καὶ
2975 1417 3074 1485 τὴν
3148 1425 3240 1475 τοῦ
3295 1422 3549 1495 παναγίου
3600 1420 3853 1495 Πνεύματος
3962 1426 3963 1429 “

2264 1506 2467 1584 δωρεὰν
2493 1520 2612 1571 τοῖς
2663 1521 2781 1570 σοῖς
2837 1511 3104 1583 μαθηταῖς
3152 1510 3239 1565 καὶ
3281 1509 3592 1575 ἀποστόλοις
3632 1510 3856 1585 καταπέμ-

2265 1603 2394 1677 ψας,
2427 1599 2513 1654 καὶ
2543 1599 2611 1656 τὰ
2640 1598 2840 1655 τούτων
2888 1598 3048 1677 χείλη
3083 1599 3144 1655 ἔοι
3172 1601 3399 1677 πυρίνων
3443 1599 3688 1678 γλωσσῶν
3736 1598 3854 1656 διαν-

2266 1687 2406 1753 οίξας
2437 1685 2651 1761 δυνάμει
2685 1703 2797 1744 σου·
2847 1686 3103 1753 διάνοιξον
3161 1690 3248 1745 καὶ
3304 1691 3459 1762 ἡμῶν
3514 1697 3611 1747 τῶν
3640 1690 3852 1768 ἀμαρτωο

537 1766 649 1830 bus
672 1786 843 1830 orare
872 1777 1163 1849 oporteat,
1198 1768 1382 1831 edoce
1418 1787 1547 1833 nos.
1596 1770 1797 1850 Dirige
1854 1772 2029 1833 vitam
2067 1791 2180 1832 no-

2264 1775 2372 1833 λῶν
2414 1777 2479 1833 τὰ
2514 1775 2699 1856 χείλη.
2746 1778 2835 1835 καὶ
2877 1775 3073 1843 δίδαξον
3130 1780 3274 1853 ἡμᾶς
3322 1784 3435 1841 πῶς
3480 1777 3581 1853 δεῖ,
3628 1781 3709 1836 καὶ
3745 1766 3856 1857 una?

538 1865 745 1948 stram,
772 1866 856 1932 tu,
896 1858 999 1939 qui
1040 1858 1393 1941 tranquillus
1426 1859 1837 1923 fluctuantium
1862 1871 2063 1942 portus
2093 1878 2177 1936 es,

2264 1869 2338 1922 ὧι
2393 1852 2971 1948 χρὴηπροσεύχεσθαι.
3044 1852 3381 1946 Κυϐέρνησον
3429 1852 3574 1944 ἡμῶν
3614 1871 3703 1937 τὴν
3734 1852 3853 1941 (oin,

539 1957 597 2008 et
639 1946 816 2027 viam,
868 1952 923 2008 in
960 1966 1077 2028 qua
1107 1948 1484 2011 ambulemus
1528 1949 1701 2011 nobis
1753 1959 2173 2012 commonstra.

538 2034 823 2116 Spiritum
857 2046 1087 2100 rectum
1113 2037 1330 2100 innova
1375 2038 1435 2098 in
1465 2038 1798 2101 visceribus
1830 2039 2075 2113 nostris,
2124 2049 2181 2101 et

537 2124 759 2204 Spiritu
794 2125 1104 2205 principali
1138 2126 1422 2188 conﬁrma
1455 2129 1561 2207 (α),
1598 2127 1891 2205 quidquid
1925 2130 1981 2189 in
2004 2148 2177 2191 men-

536 2214 694 2277 tibus
713 2216 932 2278 nostris
958 2214 1250 2277 lubricum
1288 2225 1397 2279 est.
1433 2235 1501 2278 ac
1534 2217 1902 2297 inconstans;
1940 2225 2000 2277 ut
2023 2238 2177 2298 quo-

536 2305 683 2367 tidie
712 2304 934 2383 Spiritu
963 2314 1061 2367 tuo
1094 2304 1250 2367 bono
1280 2305 1352 2367 ad
1384 2306 1635 2387 id,quod
1671 2306 2033 2368 conveniens
2064 2316 2175 2386 est,

536 2395 1086 2469 deducti,mandata
1116 2403 1215 2457 tua
1236 2395 1557 2457 observare
1583 2395 2177 2477 possimus,semper-

534 2504 654 2563 que
687 2485 1031 2547 meminisse
1063 2494 1176 2548 tuze
1205 2484 1477 2564 gloriosa;
1509 2487 1863 2565 praesentiae,
1898 2496 2178 2548 scrutan-

538 2575 611 2636 tis
644 2574 865 2648 omnia,
918 2594 1048 2654 quas
1077 2593 1109 2635 a
1143 2574 1313 2635 nobis
1365 2575 1712 2637 hominibus
1763 2576 1930 2656 ﬁunt,
1965 2585 2022 2638 et
2066 2597 2178 2639 non

538 2663 731 2743 decipi
764 2664 933 2725 ﬂuxis
955 2663 1130 2743 hujus
1154 2663 1358 2725 mundi
1382 2664 1807 2743 voluptatibus;
1833 2664 1937 2726 sed
1961 2667 2175 2747 cupidi-

537 2764 711 2816 tatem
763 2752 977 2814 futuris
1026 2751 1264 2813 fruendi
1314 2752 1610 2815 thesauris
1655 2755 1998 2817 corrobora.
2032 2755 2180 2827 Quia

536 2842 891 2906 benedictus
944 2860 1008 2904 es
1037 2890 1051 2918 ,
1088 2850 1147 2903 et
1176 2840 1491 2905 laudabilis
1520 2844 1580 2904 in
1633 2844 1916 2907 omnibus
1964 2844 2182 2907 sanctis

537 2933 654 2997 tuis
675 2933 734 2996 in
766 2932 979 2995 saecula
999 2932 1380 2996 saaculorum.
1403 2932 1617 2996 Amen.

2266 1956 2293 2011 ὁ
2325 1954 2492 2019 εὔδιος
2539 1962 2644 2012 τῶν
2691 1956 3096 2036 χειμαζομένων
3129 1955 3317 2037 λιμὴν,
3357 1959 3443 2016 καὶ
3472 1958 3710 2037 γνώρισον
3747 1960 3852 2033 ἡμῖν

2265 2045 2406 2118 ὁδὸν,
2449 2045 2503 2101 ἐν
2552 2048 2589 2112 ἦ
2630 2047 3030 2124 πορευσώμεθα,
3091 2054 3299 2123 Πνεῦμα
3348 2049 3492 2113 εύθές
3542 2048 3777 2125 ὲγχαίνιον
3814 2048 3855 2101 ἓν

2264 2148 2379 2197 τοῖς
2412 2134 2655 2214 ἒγκάτοις
2698 2136 2877 2215 ἡμῶν,
2916 2138 3004 2192 καὶ
3051 2140 3310 2212 πνεύματι
3364 2140 3663 2217 ἡγεμονικῷ
3699 2139 3753 2192 τὸ
3778 2136 3856 2203 τῆς

2264 2221 2487 2288 διανοίας
2517 2222 2670 2299 ἡμῶν
2705 2223 2947 2300 στήριξον
3003 2223 3294 2302 ὁλισθερόνθ
3357 2225 3450 2282 ἵνα
3494 2225 3604 2282 καθ’
3662 2224 3855 2291 ἑκάστην

2262 2310 2489 2390 ἡμέραν,
2542 2319 2619 2387 τῷ
2676 2312 2949 2387 Πνεύματί
2978 2334 3072 2372 σου
3096 2320 3172 2387 τῷ
3202 2315 3383 2392 ἀγαθῷ
3413 2316 3542 2393 πρὸς
3590 2316 3646 2371 τὸ
3688 2312 3855 2389 συμφέ-

2262 2424 2349 2479 ρον
2404 2398 2781 2479 ὁδηγούμενοι,
2846 2401 3268 2478 καταξιηιθῶμεν
3323 2418 3503 2460 ποιεῖν
3544 2405 3632 2467 τὰς
3682 2401 3855 2466 ἐντολάς

2264 2513 2377 2569 σου,
2402 2491 2613 2559 καὶτῆς
2647 2496 2745 2558 σῆς
2786 2492 2865 2548 ἀεὶ
2898 2492 3252 2566 μνημονεύειν
3323 2491 3531 2559 ἐνδόξου
3596 2495 3675 2549 καὶ
3736 2492 3853 2570 ἐρευ-

2266 2584 2488 2646 νητικῆς
2518 2582 2626 2637 τῶν
2663 2580 3044 2659 πεπραγμένων
3074 2583 3208 2656 ἡμῖν
3254 2596 3376 2647 τοῖς
3429 2583 3699 2658 ἆνθρώποις
3741 2602 3851 2657 πιρ-

2266 2670 2467 2748 ουσίας,
2501 2670 2698 2745 καὶμὴ
2747 2682 2864 2734 τοῖς
2916 2670 3275 2748 φθειρομένοις
3321 2679 3418 2728 τοῦ
3473 2675 3661 2745 κόσμου
3707 2671 3854 2727 τούτου

2265 2762 2665 2815 ωναπατᾶσθαι
2737 2772 3008 2836 τερπνοῖς,
3074 2757 3211 2816 ἀλλὰ
3264 2762 3371 2817 τῶν
3430 2759 3711 2836 μελλόντων
3768 2757 3852 2834 Ϊρὲ-

2264 2851 2448 2924 γεσθαι
2505 2852 2604 2915 τῆς
2661 2846 3003 2913 ἀπολαύσεως
3082 2848 3365 2906 ἒνίσΧυσον
3417 2852 3701 2927 θησαυρῶν.
3754 2845 3855 2904 ’Ὅτι

2266 2934 2582 3015 εὐλογητὸς,
2630 2937 2717 2993 καὶ
2777 2938 2976 3004 αἰνετὸς
3032 2937 3293 3018 ὑπάρχεις
3325 2938 3381 2995 ἓν
3417 2946 3549 2997 πᾶσι
3579 2952 3685 3002 τοῖς
3722 2937 3853 3014 ἆγίοκ

2266 3047 2385 3102 σου,
2422 3026 2496 3090 εἷς
2540 3026 2661 3092 τούς
2693 3027 2889 3092 αἰῶνας
2919 3030 3026 3084 τῶν
3056 3028 3284 3092 άίώνων,
3313 3027 3510 3106 Ἀμὴν,

2068 3242 2348 3308 SEXTA.

618 3449 757 3512 246.
790 3448 1148 3527 Pmpositus
1178 3445 1321 3508 dicit
1370 3453 1497 3510 ter:
1546 3447 1776 3522 Venite,
1824 3449 2225 3513 adoremuszc

540 3539 691 3601 ﬁunt
720 3542 1069 3599 reverentia:
1090 3543 1303 3609 tres,et
1324 3536 1650 3618 incipimus
1678 3535 1899 3601 Horam
1925 3548 2173 3614 sextam,

542 3633 821 3690 canentes
868 3626 1192 3705 spsalmum
1224 3642 1352 3698 Lm,
1382 3630 1541 3690 Deus
1572 3629 1628 3688 in
1657 3629 1901 3690 nomine
1929 3639 2028 3692 tuo
2054 3632 2177 3693 sal-

540 3736 676 3778 vum
705 3734 799 3776 me
830 3715 918 3775 fac
953 3736 968 3776 :
1004 3724 1060 3776 et
1087 3732 1252 3792 Lxm,
1313 3714 1559 3797 Exaudi,
1616 3718 1797 3797 Deus,
1847 3719 2176 3782 orationem

542 3824 757 3873 meam,
796 3811 949 3866 etne
976 3804 1319 3885 despexeris
1354 3824 1367 3868 :
1404 3814 1463 3867 et
1486 3820 1583 3887 xc,
1603 3805 1713 3878 Qui
1738 3807 1957 3869 habitat
1987 3816 2044 3871 in
2068 3811 2176 3872 ad-

531 3895 775 3976 jutorio.

623 3985 852 4050 Gloria.
912 3982 985 4044 Et
1029 4002 1211 4046 nunc.
1244 3982 1520 4059 Alleluia,
1557 3992 1668 4046 ter.
1714 3984 1807 4061 Et,
1857 3994 1904 4048 si
1954 3990 2183 4052 canitur

540 4077 702 4138 Deus
743 4071 1051 4153 Dominus,
1084 4071 1339 4133 dicimus
1368 4074 1688 4153 troparium
1723 4074 1867 4156 diei;
1904 4078 2177 4143 siautem

540 4162 814 4238 Alleluia,
841 4179 1098 4243 sequens
1126 4161 1472 4242 troparium.
1499 4162 1700 4225 Tonus
1731 4165 1789 4228 2.

622 4344 733 4418 Qui
765 4351 928 4407 sexta
959 4344 1057 4406 die
1089 4350 1145 4406 et
1176 4344 1349 4419 hora,
1373 4343 1614 4408 affuisti
1646 4349 1808 4409 cruci
1854 4349 2179 4416 admissum

540 4437 601 4497 in
635 4433 905 4516 paradiso
937 4432 1010 4495 ab
1044 4433 1274 4495 Adamo
1306 4442 1638 4514 peccatum,
1669 4436 1844 4497 etiam
1905 4440 2177 4520 lapsuum

539 4533 876 4675 nostrlorum
900 4522 1359 4602 chirographum
1385 4521 1682 4605 discerpe,
1719 4526 1950 4591 Christe
1996 4531 2176 4609 Deus,

543 4622 601 4676 et
628 4632 694 4677 sa
721 4631 788 4673 va
820 4629 949 4673 nos.

1090 4702 1551 4769 VERSICULUS
1598 4709 1657 4768 1.

624 4799 1057 4878 Exaudi,Deus,
1082 4799 1412 4862 orationem
1442 4808 1724 4878 meam,et
1746 4820 1822 4864 ne
1833 4801 2186 4885 dexpexeris
2207 4820 2246 4872 D

539 4890 1025 4974 deprecationem
1063 4906 1256 4951 meam
1294 4888 1406 4968 (b).

1103 4980 1560 5047 VERSICULUS
1604 4985 1664 5047 2.

618 5076 740 5157 Ego
797 5076 873 5139 ad
910 5075 1100 5139 Deum
1155 5075 1457 5147 clamavi,
1510 5084 1569 5137 et
1617 5078 1909 5141 Dominus
1962 5082 2190 5147 audivit

542 5184 642 5230 me
668 5167 748 5248 (ο)
763 5216 777 5229 .

701 5254 923 5320 Gloria.
958 5253 1026 5315 Et
1061 5273 1238 5317 nunc.
1756 5256 2016 5323 Mariale.

622 5346 774 5419 Quia
795 5364 914 5407 non
935 5343 1226 5407 habemus
1258 5342 1566 5420 fiduciam,
1594 5356 1839 5427 propter
1862 5351 2048 5414 multa
2077 5351 2187 5414 de-

2329 3450 2389 3510 Ὀ
2454 3451 2733 3530 προεστώς
2778 3471 2791 3485 ’
2864 3461 3023 3512 Δεῦτε
3058 3501 3072 3525 ,
3158 3456 3654 3533 προσκυνήσωμεν,
3720 3456 3770 3509 ὲκ
3824 3448 3864 3525 γ’

2264 3543 2534 3615 μετανοίαι
2592 3556 2762 3623 τρεῖς,
2815 3546 2903 3600 καὶ
2935 3544 3213 3623 ὒρχόμεθα
3241 3544 3335 3613 τῆς
3378 3544 3541 3611 ἕκτης
3570 3545 3718 3623 ὥρας,
3745 3542 3859 3616 ψάλ-

2262 3630 2444 3695 λοντες
2496 3632 2615 3705 τὸν,
2675 3626 2785 3713 νγ“,
2818 3631 2879 3690 Ὀ
2912 3634 3069 3707 Θεὸς,
3122 3632 3176 3689 ἒν
3205 3638 3281 3705 τῷ
3329 3634 3554 3710 ὀνοματί
3594 3655 3678 3689 σου
3728 3631 3861 3688 σῶσόν

2264 3743 2352 3794 με,
2404 3722 2502 3778 Καὶ
2560 3719 2663 3798 ξγ’,
2746 3721 3055 3802 Ἐνώτισαι,
3117 3723 3145 3779 ὀ
3202 3724 3356 3795 Θεὸς,
3446 3725 3543 3791 τὴν
3606 3720 3861 3798 προσευχὴν

2263 3810 2387 3883 μοὸ,
2446 3811 2532 3866 καὶ
2602 3813 2679 3885 μὴ
2738 3808 3009 3890 ὺπερίδης·
3204 3810 3263 3869 Ὀ
3320 3814 3582 3869 κανοικῶν
3636 3812 3685 3867 ἐν
3753 3811 3860 3884 ﬂon-

2260 3900 2371 3973 Θείᾳ
2382 3949 2393 3961 .

2347 3988 2503 4054 Δόξα.
2541 3990 2637 4046 Καὶ
2668 3999 2777 4049 νῦν.
2830 3989 3160 4069 Αλληλούῖα,
3195 3990 3255 4047 ἐκ
3301 3989 3377 4068 γ’,
3422 3992 3518 4050 Καὶ
3560 3993 3602 4047 εἱ
3631 3992 3718 4065 ph
3744 3985 3862 4063 ψάλ-

2262 4078 2409 4135 λεται
2450 4080 2535 4157 τὸ,
2584 4080 2710 4143 Θεὸς
2757 4080 2963 4159 Κύριος,
3024 4079 3248 4158 λέγομεν
3299 4082 3360 4136 τὸ
3413 4085 3514 4145 τῆς
3545 4081 3728 4158 ἡμέρας
3757 4097 3861 4147 τρο·

2267 4172 2479 4244 παριον·
2516 4165 2647 4224 εἰδὲ
2694 4166 3048 4241 Ἀλληλούϊα,
3104 4171 3165 4226 τὸ
3219 4171 3387 4248 παρὸν
3458 4171 3745 4248 τροπάριον.
3788 4161 3861 4223 Ἦ·

2265 4280 2371 4336 χος
2414 4257 2488 4333 β’.

2345 4346 2405 4404 Ὀ
2461 4346 2515 4403 ἐν
2570 4345 2700 4423 ἕκτῃ
2753 4346 2925 4426 ἡμέρᾳ
2981 4349 3069 4404 καὶ
3125 4348 3235 4425 ὥρᾳ
3318 4355 3396 4420 τῷ
3465 4356 3663 4427 σταυρῷ
3723 4366 3864 4423 προσ-

2264 4436 2481 4503 ηλώσας
2531 4436 2629 4503 τὴν
2687 4437 2742 4492 ἐν
2795 4435 3094 4516 παραδείσῳ
3146 4437 3515 4512 τολμηθεῖσιν
3598 4445 3669 4509 τῷ
3722 4434 3863 4505 Ἀδὰμ

2262 4527 2540 4604 ἆμαρτίαν,
2586 4526 2678 4581 καὶ
2729 4531 2833 4581 τῶν
2891 4526 3238 4600 πταισμάτων
3295 4529 3451 4597 ἡμῶν
3503 4529 3564 4584 τὸ
3604 4525 3862 4605 χειρόγραο

2260 4638 2357 4697 φον
2387 4612 2677 4695 διᾶῤῥηξον,
2711 4615 2899 4694 Χριστὲ
2930 4617 2957 4672 ὸ
3003 4615 3131 4681 Θεὸς
3152 4617 3239 4673 καὶ
3267 4623 3443 4676 σῶσον
3473 4619 3637 4693 ἡμᾶς*

2865 4724 3111 4776 zrixoz
3148 4717 3224 4782 α’.

2348 4806 2626 4879 Ἐνώτισα,
2661 4807 2690 4862 ὁ
2717 4807 2868 4880 Θεὸς,
2903 4807 3001 4875 τὴν
3030 4806 3336 4889 προτευχήν
3376 4831 3502 4885 μου,
3549 4810 3630 4864 καὶ
3660 4806 3729 4882 μὴ
3756 4806 3866 4859 ὑπι-

2267 4894 2411 4976 ρίδης
2440 4897 2538 4965 τὴν
2567 4893 2745 4963 δέησίν
2790 4917 2915 4971 μου,

2906 5000 3153 5053 ΣτιΧοΣ
3185 4994 3261 5072 β’.

2349 5081 2495 5162 Ἐγὼ
2545 5085 2676 5161 πρὸς
2718 5084 2806 5142 τὸν
2857 5084 2987 5141 Θεὸν
3040 5083 3313 5163 ἐκέκραξα,
3374 5087 3463 5144 καὶ
3490 5088 3516 5142 ὁ
3560 5083 3738 5165 Κύριος
3768 5082 3861 5137 εισ-

2269 5173 2463 5244 ήκυυσέ
2494 5196 2617 5248 μου.

2433 5262 2585 5328 Δόξα,
2633 5259 2735 5322 Καὶ
2765 5262 2876 5322 νῦν.
3450 5266 3740 5323 Θεοτὸκιον.

2348 5350 2462 5411 Ὀτι
2521 5354 2614 5409 οὒκ
2670 5350 2870 5431 ἔχομεν
2926 5350 3221 5432 παρρησίαν
3269 5352 3351 5412 δίὰ
3391 5354 3455 5411 τὰ
3510 5352 3677 5410 πολλὰ
3734 5350 3867 5422 ἡμῶν

2864 3461 3023 3512 Δεῦτε
3058 3501 3072 3525 ,

540 5436 678 5498 licta
736 5443 984 5511 nostra;
1048 5433 1182 5496 ideo
1234 5442 1321 5514 tu,
1353 5431 1532 5514 Virgo
1592 5434 1860 5515 deipara.
1891 5437 2180 5504 obtestare

2266 5442 2645 5521 ἁμαρτήματα,
2680 5442 2741 5497 σὺ
2796 5443 2886 5498 τὸν
2934 5441 2994 5498 ἐκ
3039 5431 3138 5499 σοῦ
3196 5445 3509 5521 γεννηθέντα
3564 5441 3863 5511 δυσώπησον,

538 5524 731 5607 illum,
765 5526 863 5605 qui
895 5531 985 5586 est
1014 5543 1084 5586 ex
1124 5530 1180 5584 te
1212 5523 1447 5602 genitus
1480 5540 1495 5586 :
1534 5526 1783 5588 multum
1811 5529 1970 5590 enim
2029 5532 2183 5612 apud

646 5747 706 5827 α)
742 5745 989 5827 Ρεει.ξ.,
1013 5746 1110 5827 11.

647 5824 698 5900 bi
734 5827 885 5891 Psal.
920 5824 1071 5888 Psal.
1108 5841 1231 5906 ων,
1258 5824 1317 5884 Ξ.

2268 5532 2491 5590 Θεοτὸκε
2545 5533 2792 5609 Παρθενε’
2853 5528 3030 5588 πολλὰ
3075 5532 3175 5611 γὰρ
3228 5534 3403 5615 ἰσχύει
3459 5532 3634 5599 δέησις
3684 5528 3866 5606 Μητρὸς

2272 5753 2357 5834 (c)
2391 5750 2548 5814 Psal.
2582 5766 2698 5833 LIV,
2748 5752 2843 5814 18-
