4096 6210
1197 375 1635 439 ACOLUTHIA
1679 373 2062 436 TRIPLICIS
2106 375 2342 436 FESTI.

3246 387 3541 438 CCCLXXIX

157 519 287 594 πρὸς
342 514 617 589 εὖμένειαν
685 513 978 569 Δεσπότου.
1049 509 1133 576 Μὴ
1192 505 1415 585 παρέδῃς
1471 509 1799 582 ἁμαρτωλῶν

1911 510 2243 570 :lementem
2271 509 2584 572 Dominum
2612 517 2802 593 potest
2822 512 3025 573 Matris
3050 509 3533 591 depreprecatio.

155 609 376 683 ἱκεσίας,
423 605 450 658 6
482 604 781 678 πένσεμνος
816 618 830 632 ⁶
896 601 976 656 ὅτι
1029 598 1278 673 ἐλεήμων
1327 597 1436 652 ἐστὶ
1482 599 1567 652 καὶ
1622 601 1807 668 σώζειν

156 695 502 773 βουλόμενος,
551 695 579 747 6
637 695 723 749 καὶ
772 694 958 747 παθεῖν
1017 690 1146 767 δπὲρ
1215 689 1370 762 ἡμῶν
1443 686 1806 762 καταδέξαμε-

161 809 271 846 νος.

239 875 384 953 Ταχὺ
451 869 998 953 προκαταλαὸἐτωσαν
1048 871 1189 942 ἡμᾶς
1256 870 1300 922 οἱ
1362 867 1622 944 οἰκτιρμοί
1690 889 1806 945 σου,

166 965 310 1040 Κύριε
346 981 360 997 ⁸
408 963 493 1018 ὅτι
555 961 976 1039 ἐπτωχεύσαμεν
1028 955 1248 1037 σφόδρα.
1311 958 1584 1025 Βοήθτβον
1644 958 1804 1036 ἡμῖν,

162 1058 188 1110 ὃ
240 1055 360 1118 Θεὸς
420 1056 449 1109 6
498 1053 685 1130 Σωτὴρ
720 1056 873 1125 ημῶν
913 1071 926 1083 ·

165 1142 322 1217 ματός
375 1164 501 1216 σου,
553 1142 730 1218 Κύριε,
779 1138 929 1215 ρὕαι
994 1139 1136 1210 ἡμᾶς
1175 1156 1187 1168 ·

164 1233 437 1310 ἡμαρτίαις
473 1231 624 1305 ἡμῶν
655 1228 829 1284 ἕνεκεν
857 1236 948 1284 τοῦ
977 1227 1238 1302 ὀνόματός
1273 1248 1392 1284 σου.

241 1324 542 1402 Τρισάγιον,
596 1319 831 1396 Παναγία
889 1318 1068 1394 Τριέις,
1141 1317 1314 1392 Πάτερ
1371 1317 1551 1394 ἡμῶν,
1597 1317 1685 1370 καὶ
1735 1317 1803 1371 τὰ

166 1416 411 1494 τροπάρια
442 1419 630 1480 ταῦτα,
669 1410 741 1473 εἰς
775 1412 918 1487 ἦχον
948 1405 1184 1482 δεύτερον
1223 1425 1237 1438 ·

241 1505 491 1582 Σωτήρια
547 1501 772 1578 εἰργάσω
831 1497 884 1552 ἒν
957 1495 1105 1571 μέσῳ
1161 1499 1259 1563 τῆς
1333 1496 1458 1573 γῆς,
1527 1497 1716 1572 Χριστε
1779 1496 1806 1549 6

170 1595 286 1657 Θεὸς
320 1615 332 1627 ο
369 1593 460 1648 ἐπὶ
505 1596 726 1667 σταυροῦ
775 1588 868 1648 τὰς
914 1585 1211 1664 ἂχραὶντους
1246 1606 1338 1643 σου
1369 1598 1567 1664 χεῖρας
1602 1582 1806 1649 ἐξέτει-

167 1708 275 1764 νας,
329 1681 664 1757 ἒπισυνάγων
719 1678 890 1734 πάνυ
951 1676 1017 1730 τὰ
1076 1673 1222 1744 ἔθνη»
1288 1675 1571 1752 κράζονυν
1626 1673 1803 1751 Κύριεο

171 1773 281 1840 δόξα
314 1796 423 1830 σοι.

327 1861 483 1928 Δόξα.

251 1954 351 2020 Τὴν
424 1952 688 2030 ἄχραντον
750 1947 926 2003 εἰκόνα
979 1967 1073 2001 σου
1129 1950 1552 2024 προσκυνοῦμεν,
1619 1939 1802 2019 ἀγαθὲ,

180 2045 460 2117 αἰτούμενοι
490 2041 836 2118 συγχώρησιν
895 2041 1002 2091 τῶν
1052 2036 1402 2108 πταισμάτων
1445 2033 1622 2106 ἡμῶν,
1674 2038 1806 2110 Χρι-

175 2133 260 2188 στὲ
289 2135 316 2187 6
348 2131 473 2190 Θεό(
511 2145 522 2158 ’
559 2127 810 2205 βουλήσει
841 2127 939 2203 γὰρ
997 2121 1290 2189 εὖδόκησας
1350 2119 1594 2177 ἀνελθεῖν
1648 2119 1700 2174 ἐν
1731 2124 1808 2194 τῷ

173 2229 389 2299 σταυρῷ,
437 2219 531 2274 ἵνα
581 2219 711 2294 ῥύσῃ
766 2223 852 2276 οὖς
913 2213 1147 2272 ἔπλασας
1200 2211 1258 2267 ἐκ
1311 2215 1404 2277 τῆς
1439 2209 1672 2273 δουλείας
1719 2217 1808 2266 τοῦ

173 2311 349 2389 ἐγθροϋ
387 2331 396 2339 ·
465 2308 580 2363 ὅθεν
614 2309 937 2386 ε’)χαρξστως
993 2301 1203 2380 βοῶμὲν
1263 2323 1344 2356 σοι
1375 2316 1388 2329 ⁸
1427 2305 1599 2375 Χαρᾶς
1631 2299 1805 2368 ἐπλή-

177 2388 333 2478 pom;
367 2401 432 2455 τᾶ
465 2399 660 2470 πάντα,
694 2399 722 2451 6
754 2396 942 2470 Σωτὴρ
973 2393 1152 2471 ἡμῶν,
1185 2389 1612 2469 παραγενόμενος
1644 2391 1714 2450 εἷς
1747 2388 1807 2443 τὸ

177 2493 334 2546 enim:
368 2492 461 2544 τὸν
493 2488 714 2562 κόσμον,

980 1049 1157 1104 ἕνεκεν
1189 1053 1287 1114 τῆς
1331 1045 1485 1112 δόξης
1546 1055 1639 1103 τοῦ
1678 1047 1805 1102 ὀνό-

1237 1137 1324 1192 καὶ
1385 1135 1632 1203 ἱλάστητι
1681 1148 1805 1198 ταῖς

326 2580 420 2637 Καὶ
454 2585 565 2638 νῦν,
1339 2567 1643 2626 Θεοτόκιον.

253 2676 656 2756 Εὒσπλαγχνὲας
751 2673 1068 2751 ὑπάρχουσα
1168 2668 1363 2744 πηγὴ,

182 2767 381 2831 ἀξίωσον
423 2768 591 2840 ἡμᾶς,
641 2763 864 2819 Θεοτόκε
901 2780 916 2796 ·
963 2760 1159 2837 βλέψον
1206 2759 1276 2820 εἰς
1335 2756 1462 2812 λαὸν
1502 2759 1592 2812 τὸν
1626 2755 1803 2833 ἀμαρ-

514 2852 681 2918 δεῖξον
733 2855 804 2914 εἷς
864 2851 945 2906 ἀεὶ
1001 2852 1097 2917 τὴν
1142 2845 1444 2903 δυναστείαν
1491 2866 1603 2903 σου·
1643 2846 1716 2908 εἱς
1751 2843 1806 2900 σὲ

1483 2665 1804 2740 συμπαθείας

180 2858 398 2924 τήσανέα
439 2873 451 2884 '

177 2947 264 3023 γὰρ
315 2945 638 3016 ἐλπίζοντες,
696 2944 779 3019 τὸ,
846 2949 1035 3018 Χαῖρε,
1089 2936 1294 3015 βοῶμέν
1339 2958 1444 3011 σοι,
1494 2937 1565 2998 ὡς
1608 2935 1734 2990 ποτὲ
1780 2935 1808 2990 6

181 3034 396 3106 Γαϐριὴλ
424 3037 450 3090 ὁ
483 3042 586 3091 τῶν
614 3032 909 3106 ἀσωμάτων
941 3030 1397 3109 ἀρχιστράτηγος.

246 3128 416 3182 Ταῦτα
475 3123 720 3200 λέγονται
773 3127 842 3196 τῇ
916 3118 1152 3198 δευτέρᾳ,
1219 3124 1286 3194 τῇ
1341 3116 1518 3196 τρίτῃ,
1582 3116 1668 3171 καὶ
1737 3120 1805 3189 τῇ

175 3214 405 3290 πέμπτῃ,
439 3213 528 3269 ὅτε
559 3215 654 3268 οὒκ
681 3211 798 3291 ἔχει
831 3211 864 3272 ἡ
897 3209 1072 3287 ἡμέρα
1121 3209 1396 3265 κοντάκιον
1431 3225 1443 3238 ·

174 3305 484 3381 τεταγμένον
527 3301 746 3380 λέγεται
802 3300 870 3376 τῇ
915 3297 1145 3376 τετράδι,
1198 3297 1282 3352 καὶ
1339 3301 1408 3371 τῇ
1471 3298 1801 3371 παρασκευῇ,

172 3393 307 3472 ἦχος
335 3393 386 3470 β’
425 3392 904 3467 σταυροθεοτοκιον.

251 3567 756 3649 ἰ’περδεεοξασμένη
849 3567 1136 3644 ὑπάρχεις,
1222 3562 1448 3619 Θεοτόκε
1525 3560 1749 3637 [Ιαρθένε
1785 3576 1796 3588 ·

177 3665 424 3736 ὑμνοῦμέν
469 3683 528 3718 σε
567 3675 580 3688 ⁸
646 3656 735 3713 διὰ
789 3658 889 3735 γὰρ
956 3658 1048 3710 τοῦ
1101 3660 1325 3732 σταυροῦ
1382 3659 1474 3707 τοῦ
1539 3651 1654 3705 Υίεῦ
1712 3671 1803 3705 σου

177 3749 460 3819 κατεϐλήθη
518 3752 542 3802 ξ
607 3746 765 3820 ᾅδης,
825 3747 912 3801 καὶ
955 3748 982 3800 ὁ
1041 3745 1259 3804 θάνατος
1291 3741 1529 3808 τέθνηκε.
1581 3750 1801 3816 Nupta-

179 3842 338 3906 θέντες
395 3839 714 3914 ἀνέστημεν,
774 3838 861 3891 καὶ
919 3840 1058 3905 ζωῆς
1108 3832 1407 3907 ·ἱ,ξιώοημεν
1445 3847 1457 3859 °
1494 3833 1581 3886 τὸν
1623 3829 1801 3906 παρᾶ-

182 3929 335 3987 δεισον
365 3927 640 4002 ἐλάϐομεν,
702 3927 802 3992 τὴν
847 3923 1074 4003 ἀρχαίαν
1128 3921 1442 3981 ἀπόλαυσιν,
1510 3920 1601 3974 Διὸ
1633 3919 1796 3996 εὕχα·

185 4031 474 4095 ριστιιυντες,
537 4015 918 4092 atriolo-{0611.51
990 4015 1061 4074 ὡς
1113 4013 1364 4089 κραταιὸν
1421 4010 1644 4089 Χριστὸν
1712 4009 1801 4061 τὸν

185 4112 300 4165 Θεὸν
327 4112 491 4183 ἡμῶν,
524 4108 612 4164 καὶ
639 4105 799 4180 μόνον
830 4102 1145 4163 πολυέλεον,

255 4290 340 4365 Τὸ,
387 4289 558 4364 Κύριε,
620 4283 865 4354 ἐλέησον,
913 4278 993 4355 μ’.
1031 4287 1094 4337 Ἠ
1122 4280 1286 4358 εὒχὴ,
1319 4279 1378 4334 Ὀ
1411 4277 1464 4331 ἐν
1490 4275 1642 4330 παντὶ
1676 4294 1800 4328 και-

185 4383 252 4454 ρῷ
277 4362 352 4432 καὶ
388 4362 667 4451 πάσῃ-ὥρᾳ
702 4390 715 4403 ·
749 4369 862 4446 μεθ’
894 4371 979 4442 ἢν,
1036 4370 1212 4445 Κύριε,
1245 4368 1490 4436 ἐλέησον,
1527 4365 1602 4440 γ’.
1642 4362 1797 4426 Δόξα,

1893 601 2204 678 Supplices
2237 610 2576 679 peccatores
2637 619 2708 661 ne
2734 600 3054 677 despicias,
3088 622 3120 657 ο
3151 618 3390 679 semper
3421 619 3535 661 au-

1889 698 2082 766 gusta,
2119 689 2257 768 quia
2290 695 2390 764 qui
2442 690 2717 751 lubenter
2766 706 2873 769 pro
2927 689 3097 750 nobis
3141 708 3346 769 passus
3409 689 3534 763 fuit,

1895 787 1982 838 est
2011 788 2068 837 et
2109 779 2471 853 misericors,
2507 788 2565 841 et
2594 779 2716 839 vult
2761 796 2866 838 nos
2899 798 3157 840 servare.

1976 866 2102 928 Cito
2131 869 2458 948 anticipent
2491 889 2596 930 nos
2631 868 3055 930 misericordiae
3082 878 3224 948 ture,
3258 867 3531 939 Domine,

1891 958 2024 1036 quia
2056 976 2344 1035 pauperes
2379 957 2511 1018 facti
2544 976 2749 1018 sumus
2785 958 3218 1037 nimisAdjuva
3243 960 3538 1026 nos,Deus

1889 1046 2163 1107 salutaris
2196 1058 2431 1109 noster:
2474 1059 2532 1108 et
2562 1060 2808 1128 propter
2839 1047 3082 1126 gloriam
3136 1047 3392 1107 nominis
3426 1046 3533 1121 tui,

1890 1135 2165 1208 Domine,
2192 1136 2377 1197 libera
2400 1157 2507 1198 nos
2534 1156 2548 1200 :
2583 1147 2640 1198 et
2671 1136 2963 1217 propitius
2981 1145 3105 1199 esto
3131 1135 3388 1216 peccatis
3421 1155 3532 1195 no-

1886 1223 2045 1304 stris,
2073 1235 2310 1304 propter
2343 1245 2557 1287 nomen
2594 1238 2754 1287 tuum
2804 1226 2909 1305 ζα).

1969 1312 2319 1392 Trisagium,
2357 1315 2746 1377 Sanctissima
2777 1315 3060 1390 Trinitas,
3098 1317 3268 1376 Pater
3298 1322 3528 1390 noster,

1890 1411 1948 1464 et
1979 1404 2104 1464 haec
2135 1404 2392 1482 tr0paria
2421 1415 2558 1466 tono
2590 1404 2854 1466 secundo
2887 1427 2900 1468 :

1970 1491 2110 1556 247.
2155 1493 2445 1555 Salutaria
2505 1504 2782 1574 operatus
2833 1513 2898 1556 es
2963 1495 3020 1555 in
3081 1493 3278 1556 medio
3331 1501 3529 1568 terrae,

1891 1580 2123 1644 Christe
2171 1581 2346 1644 Deus.
2390 1583 2454 1645 In
2509 1602 2686 1646 cruce
2735 1582 3053 1647 extendisti
3085 1585 3372 1646 innocuas
3405 1591 3533 1644 tuas

1891 1687 2122 1751 manus,
2183 1692 2551 1752 congregans
2601 1692 2808 1736 omnes
2865 1673 3136 1754 populos,
3184 1673 3529 1749 clamantes,

1890 1759 2089 1822 Gloria
2119 1760 2245 1842 tibi,
2282 1761 2556 1826 Domine.

2052 1848 2280 1914 Gloria.

1973 1940 2219 2001 Veniam
2254 1947 2636 2019 peccatorum
2670 1951 3012 2004 nostrorum
3040 1951 3333 2022 petentes,
3357 1942 3534 2006 Chri-

1891 2035 1978 2088 ste
2039 2030 2219 2106 Deus,
2260 2031 2576 2093 adoramus
2633 2032 3161 2094 incontaminatam
3215 2033 3533 2111 imaginem

1891 2127 2049 2180 tuam
2090 2143 2098 2176 :
2126 2119 2566 2200 lauderis,quia
2588 2121 2742 2182 ultro
2774 2140 3014 2183 crucem
3038 2123 3536 2198 conscendisti,ut

1891 2226 2042 2287 quos
2102 2209 2396 2282 formasti,
2427 2212 2503 2271 de
2560 2210 2787 2272 inimici
2841 2210 3176 2272 redimeres
3230 2219 3531 2274 servitute.

1889 2296 2060 2360 Unde
2092 2298 2151 2358 in
2185 2299 2368 2360 animi
2397 2299 2545 2378 grati
2577 2301 2810 2378 signum
2840 2299 2947 2361 tibi
2982 2301 3306 2362 clamamus
3333 2323 3344 2364 :
3375 2303 3534 2366 Gau-

1891 2387 1987 2448 dio
2015 2387 2262 2467 replesti
2292 2390 2590 2465 universa,
2623 2389 2899 2452 Servator
2932 2400 3154 2467 noster,
3182 2392 3282 2472 qui
3306 2391 3376 2452 ad
3411 2410 3537 2452 ser-

1888 2478 2143 2540 vandum
2182 2478 2464 2540 mundum
2500 2479 2733 2542 venisti.

2053 2567 2122 2630 Et
2156 2587 2336 2628 uuuc.
3107 2571 3371 2634 Mariale.

1971 2656 2397 2720 Misericordiae
2453 2659 2608 2739 fons,
2641 2657 2911 2722 Genitrix
2964 2658 3096 2740 Dei,
3130 2659 3376 2740 dignare
3408 2680 3529 2722 .nos

1889 2746 2413 2809 commiseratione
2443 2768 2456 2808 :
2483 2747 2718 2828 respice
2749 2766 2914 2810 reum
2943 2749 3250 2830 pupulum,
3288 2751 3534 2811 ostende

1891 2847 2234 2915 perpetuam
2275 2838 2593 2916 potentiam
2632 2838 2883 2911 tuam,in
2914 2846 2970 2900 te
3002 2840 3162 2901 enim
3193 2847 3526 2920 sperantes,

1888 2923 2008 2984 Ave
2069 2924 2395 2986 clamamus
2458 2925 2588 3006 tibi,
2622 2927 2774 2990 sicut
2837 2926 2979 2988 olim
3046 2929 3531 3008 incorporearum

1890 3015 2166 3094 princeps
2197 3013 2464 3078 Gabriel.

1969 3103 2108 3166 248.
2141 3103 2276 3166 Haec
2303 3104 2585 3166 dicuntur
2605 3105 2871 3168 secunda
2893 3107 3058 3188 feria,
3085 3108 3252 3169 tertia
3277 3116 3332 3168 et
3354 3107 3529 3187 quin-

1495 3179 1554 3260 τὸ
1585 3202 1638 3259 δὲ
1667 3179 1804 3260 ὑποξ
1827 3179 1864 3228 c
1891 3199 1965 3264 ta,
2006 3194 2400 3274 quandojdies
2455 3195 2789 3257 contacium
2825 3214 2944 3256 non
2999 3179 3218 3272 habet;
3247 3197 3350 3260 sed
3375 3179 3534 3260 'feria

1889 3290 2100 3362 quarta
2131 3292 2188 3343 et
2238 3292 2403 3346 sexta
2437 3292 2575 3346 tono
2629 3285 2891 3348 secundo
2953 3285 3171 3348 dicitur
3199 3287 3534 3366 subjectum

1887 3373 2240 3451 troparium,
2279 3374 2432 3454 quod
2471 3373 2704 3436 laudem
2741 3373 2936 3437 crucis
2963 3374 3142 3436 simul
3171 3393 3241 3437 ac
3269 3374 3542 3456 Deiparaa

1888 3461 2329 3539 complectitur.

1969 3551 2356 3614 Celebramus
2391 3561 2468 3632 te,
2507 3553 2684 3632 Virgo
2721 3553 2997 3634 Deipara,
3021 3572 3156 3634 qua
3178 3554 3372 3632 gloria
3401 3572 3538 3616 om-

1889 3659 1996 3701 nes
2029 3659 2349 3718 exsuperas
2380 3662 2395 3712 ;
2439 3642 2718 3722 quoniam
2752 3661 2858 3722 per
2892 3642 3025 3704 Filii
3062 3642 3144 3703 tui
3177 3661 3415 3706 crucem
3448 3643 3537 3704 vi-

1887 3740 2012 3791 ctus
2037 3739 2126 3790 est
2175 3730 2465 3811 infernus,
2493 3739 2550 3792 et
2581 3750 2741 3792 mors
2774 3741 3009 3793 mortua
3041 3739 3153 3793 est.
3188 3733 3535 3796 Resurrcxi-

1891 3838 2022 3880 mus
2045 3820 2146 3898 qui
2191 3838 2425 3880 eramus
2486 3821 2746 3881 mortui:
2783 3821 2896 3882 vita
2954 3821 3115 3897 digni
3175 3823 3391 3885 redditi
3426 3841 3532 3882 su—

1891 3928 2061 3986 mus;
2101 3908 2462 3988 paradisum,
2499 3909 2853 3988 voluptatem
2889 3910 3138 3990 priscam
3170 3914 3532 3990 recepimus.

1888 3997 2113 4058 Idcirco
2167 3998 2381 4075 gratias
2429 4007 2694 4076 agentes,
2746 3999 3147 4078 gloriﬁcamus
3207 3998 3528 4071 Christum,

1889 4087 1988 4166 qui
2013 4086 2168 4148 Deus
2201 4095 2401 4146 noster
2434 4095 2766 4166 priapotens
2797 4098 2907 4168 est,
2939 4108 3007 4150 ac
3062 4088 3314 4150 multum
3351 4088 3526 4149 mise-

1889 4183 2096 4238 ricors.

1969 4267 2236 4338 Domine,
2318 4264 2624 4346 miserere,
2690 4267 3070 4348 quadragies.
3144 4265 3366 4346 Oratio,
3420 4265 3528 4338 Qui

1887 4355 2045 4415 omni
2074 4371 2338 4434 tempcre
2373 4363 2431 4414 et
2461 4357 2618 4416 omni
2656 4358 2797 4418 hora
2830 4377 2844 4437 ;
2881 4367 3007 4437 post
3030 4376 3228 4436 quam,
3255 4356 3528 4419 Domine.

189 4468 400 4526 Καὶνῦν,
432 4466 535 4531 Τὴν
595 4461 938 4538 τιμιωτέραν,
995 4460 1304 4528 Μετάνοιαι,
1363 4458 1435 4518 ὡς
1468 4452 1706 4528 εἴρηται,
1755 4453 1797 4506 εἰ

1911 4445 2194 4515 uisererc,
2256 4452 2366 4504 ter.
2425 4444 2646 4509 Gloria.
2701 4447 2771 4508 Et
2832 4465 3010 4509 nunc.
3096 4445 3527 4507 Excelsiorem.

1885 4533 2278 4606 Reverentia),
2315 4542 2375 4592 ut
2405 4534 2624 4596 dictum
2667 4544 2778 4616 est,
2809 4536 2856 4596 si
2907 4535 2982 4598 sit
3015 4535 3477 4614 Quadragesima
3513 4553 3526 4608 ;

187 4551 287 4609 ἔστι
315 4553 711 4632 Τεσσαρακοστή
747 4566 762 4582 ·
801 4551 882 4605 καὶ
914 4548 1195 4608 ἀπόλυσις.
1886 4548 2072 4684 neger

1881 4635 1942 4684 θι
2017 4644 2072 4684 ΠΙ

1881 4635 1942 4686 οι
1972 4635 2108 4686 linis

1434 4840 1822 4912 MESORIUM
1868 4834 2162 4900 SEXT/E.

259 5103 340 5178 re,
374 5110 546 5175 Δεῦτε,
609 5101 1084 5180 προσκυνήσωμεν,
1130 5099 1192 5152 εκ
1222 5095 1418 5172 τνέῗτου,
1450 5096 1536 5148 καὶ
1568 5094 1595 5146 6
1639 5088 1781 5180 ψαλ-

1952 5079 2089 5140 249.
2133 5076 2339 5137 Venite
2369 5077 2712 5150 adoremus,
2749 5083 2858 5153 ter,
2893 5084 2949 5134 et
2987 5075 3198 5155 psalmi
3228 5093 3324 5156 LV,
3348 5076 3520 5137 Mise-

329 5164 340 5178 .
533 5164 545 5175 .
652 5164 662 5180 .
867 5164 875 5169 .
965 5164 972 5170 .
1073 5164 1081 5170 ν
1405 5164 1416 5172 ,

190 5189 286 5265 μοὶ,
334 5193 356 5244 6
397 5190 506 5266 νζ’,
557 5190 814 5256 Ἐλέησόν
874 5210 964 5263 με,
1011 5190 1036 5242 6
1091 5187 1242 5257 Θεὸς,
1298 5183 1518 5248 ἐλέησόν
1564 5201 1652 5252 με,
1707 5178 1785 5234 ὅτι

1911 5188 2006 5229 ere
2035 5167 2167 5238 mei,
2207 5166 2383 5238 Deus,
2416 5165 2694 5245 quoniam
2730 5164 3098 5226 conculcavit
3149 5184 3242 5226 me
3298 5166 3473 5226 homo
3504 5185 3518 5241 ;

1029 5275 1130 5336 Καὶ
1175 5253 1361 5351 δ’ξοο,
1411 5273 1470 5328 ‘0
1529 5271 1657 5333 Θεὸς
1715 5271 1786 5330 εἰς
1871 5276 1987 5337 LVI,
2020 5260 2306 5319 Miserere
2341 5256 2478 5315 mei.
2509 5258 2691 5335 Deus,
2727 5254 3017 5315 miserere
3050 5255 3188 5317 mei.
3242 5253 3310 5315 Et
3353 5271 3512 5327 Lxu,

1879 5351 2058 5414 Deus,
2095 5348 2148 5406 in
2183 5345 2540 5424 adjutorium
2573 5363 2795 5405 meum.

1947 5435 2167 5498 Gloria.
2207 5434 2272 5494 Et
2302 5432 2831 5512 nunc.’l‘risagium
2865 5455 2877 5496 :
2903 5434 3294 5495 Sanctissima
3317 5434 3516 5496 Trini-

1875 5533 1984 5588 tas.
2024 5529 2199 5586 l’ater
2231 5531 2450 5595 noster,
2478 5529 2534 5583 et
2565 5523 2875 5602 sequentia
2907 5523 3190 5599 tt'oparia.

1959 5613 2188 5675 Salvum
2224 5614 2312 5673 fac
2347 5611 2622 5691 populum
2658 5624 2842 5690 tuum,
2868 5613 3138 5694 Domine,
3171 5623 3231 5674 et
3263 5612 3516 5674 benedic

190 5279 487 5346 κατεπᾶτησὲ
542 5303 606 5350 με
665 5279 960 5357 ἅνθρωπος.

191 5363 402 5436 βοήθειάν
426 5393 522 5444 μου
534 5420 544 5431 ,

265 5455 398 5520 Δόξα.
448 5461 538 5516 Καὶ
588 5466 696 5516 νῦν.
752 5457 1026 5535 Τρισάγιον
1063 5471 1074 5484 '
1135 5453 1370 5531 Παναγέα
1399 5451 1578 5529 Τρισίς,
1619 5448 1785 5526 Πάτερ

191 5544 320 5616 ἡμῶν
346 5563 356 5575 ⁸
388 5550 469 5602 καὶ
499 5549 561 5602 τὰ
587 5546 822 5624 παρόντα
852 5546 1130 5623 τροπάρια.

262 5641 442 5710 Σῶσον,
491 5639 662 5714 Κύριε,
719 5638 806 5691 τὸν
851 5634 978 5690 λαόν
1042 5656 1157 5711 σου,
1207 5634 1294 5687 καὶ
1346 5629 1634 5706 εὒλόγησον
1695 5629 1790 5692 τὴν

254 5793 326 5872 (a)
360 5796 502 5858 Psal.
537 5812 774 5867 Lxxvm,
805 5794 964 5873 8,;9.
