4096 6210
1294 326 1733 392 ACOLUTHIA
1778 327 2160 391 TRIPLICIS
2200 329 2444 392 FESTI.

342 465 402 524 Ὀ
473 465 528 523 ἐν
572 470 641 542 τῇ
710 465 901 542 ἐννάτῃ
974 465 1083 544 ὥρᾳ
1141 462 1209 520 δι’
1269 468 1413 538 ἡμᾶς
1474 464 1626 537 σαρκὶ
1682 462 1962 519 θανάτουΑ

265 555 606 633 γευσάμενος,
638 553 901 633 νέκρωσον
959 554 1057 622 τῆς
1109 555 1302 633 σαρκὸς
1351 554 1503 629 ἡμῶν
1535 554 1596 609 τὸ
1626 550 1896 631 φρόνημα,

262 643 447 723 Χριστὲ
481 646 509 701 6
541 645 669 707 Θεὸς
699 645 878 719 ἡμῶν,
911 645 999 700 καὶ
1030 650 1204 702 σῶσον
1247 645 1411 719 ἡμᾶς,

898 740 1144 792 ΣΤΙΧΟΣ
1179 733 1252 796 α’.

342 821 642 899 Ἐγγισάτω
672 825 707 891 ἡ
737 822 917 890 δέησις
969 846 1070 897 μου
1100 822 1326 880 ἐνώπιόν
1369 846 1486 896 σου,
1540 823 1721 901 Κύριε,
1761 820 1896 877 κατὰ

257 914 317 970 τὸ
346 909 530 988 λόγιόν
562 932 654 967 σου
696 912 844 991 ῥῦσαί
876 933 965 989 με.

906 1096 1150 1149 ΣτιΧοΣ
1181 1090 1255 1167 β’.

344 1178 581 1239 Εὶσέλθοι
637 1181 699 1237 τὸ
745 1178 953 1254 ἀξίωμά
1000 1182 1103 1255 μὸυ
1133 1180 1358 1238 ἐνώπιον
1396 1204 1513 1264 σου,
1550 1183 1727 1261 Κύριε,
1762 1184 1899 1239 κατὰ

257 1274 319 1329 τὸ
347 1271 528 1349 λόγιον
561 1292 658 1326 σου
696 1270 845 1346 ῥῦσαί
888 1290 980 1344 με,

421 1359 577 1425 Δόξα,
616 1362 711 1419 Καὶ
743 1370 850 1421 νῦν.
1425 1365 1725 1425 Θεοτὸκιον,

336 1451 396 1509 Ὀ
451 1447 520 1506 δι’
569 1452 712 1525 ἡμᾶς
758 1451 1025 1527 γεννηθεὶς
1077 1450 1136 1507 ἐκ
1183 1451 1463 1532 Παρθένου,
1516 1454 1603 1509 καὶ
1652 1454 1896 1531 σταύρω-

3326 316 3628 391 οσαιχΧχι

2068 458 2177 532 Qui
2209 462 2353 525 hora
2412 482 2569 526 nona
2628 483 2732 546 pro
2790 463 2960 526 nobis
3012 470 3261 524 mortem
3294 460 3620 523 secundum

1987 567 2231 613 carnem
2269 552 2618 635 degustasti,
2647 554 2939 616 mortifica
2964 553 3022 614 in
3057 551 3226 613 nobis
3259 549 3455 612 carnis
3488 566 3622 630 pru-

1983 640 2270 717 dentiam,
2308 642 2547 706 Christe
2575 646 2732 707 Dens
2763 651 2992 715 noster,
3029 651 3086 704 et
3115 641 3272 704 salva
3302 658 3434 701 nos.

2528 730 2986 799 VERSICULUS
3022 733 3072 795 1.

2064 816 2205 882 25‘2.
2236 822 2688 904 Appropinquet
2717 823 3057 902 deprecatio
3089 838 3219 882 mea
3271 819 3333 881 in
3364 833 3620 897 conspe-

1983 915 2079 969 ctu
2113 917 2233 990 tuo,
2268 908 2519 974 Domine
2548 961 2563 990 ,
2601 914 2769 991 juxta
2822 911 3125 992 eloquium
3160 920 3321 973 tuum
3358 909 3433 970 da
3477 907 3620 968 mihi

1983 998 2371 1061 intellectum.

2534 1090 2991 1155 VEBSICULUS
3020 1090 3081 1153 2.

2065 1179 2247 1241 Intret
2292 1182 2602 1260 postulatio
2639 1201 2768 1243 mea
2799 1182 2859 1244 in
2899 1188 3221 1261 conspectu
3255 1186 3376 1254 tuo,
3414 1177 3619 1241 Domi-

1980 1285 2079 1349 ne,
2115 1270 2441 1332 secundum
2476 1272 2779 1349 eloquium
2814 1281 2975 1333 tuum
3013 1270 3176 1351 eripe
3207 1288 3326 1332 me.

2142 1359 2364 1420 Gloria.
2402 1360 2470 1422 Et
2505 1380 2683 1422 nunc.
3196 1358 3459 1420 Mariale.

2064 1448 2177 1521 Qui
2205 1467 2308 1527 pro
2341 1451 2513 1514 nobis
2544 1472 2613 1513 ex
2647 1452 2888 1530 Virgine
2935 1450 3171 1530 genitus
3220 1466 3304 1528 es,
3340 1447 3618 1525 benigne,

254 1562 338 1596 σιν
366 1540 677 1615 ὑπομείνας,
711 1537 871 1617 ἀγαθέ
908 1559 924 1574 ·
971 1541 997 1595 6
1042 1541 1250 1613 θανάτῳ
1304 1542 1396 1598 τὸν
1425 1544 1647 1599 θάνατον
1678 1544 1895 1600 σκυλεύ-

2005 1547 2041 1598 ιι
2073 1538 2321 1600 tolerata
2344 1543 2538 1603 crucis
2583 1549 2772 1604 morte
2804 1550 3056 1602 mortem
3089 1538 3305 1609 vicisti,
3345 1545 3405 1599 et
3445 1535 3621 1598 veluti

255 1651 377 1703 σας,
434 1628 522 1684 καὶ
581 1627 786 1707 ἔγερσιν
837 1626 1004 1693 δείξας
1060 1631 1133 1691 ὡς
1199 1632 1349 1704 Θεὸς,
1412 1633 1490 1705 μὴ
1541 1630 1762 1710 παρίὸης
1816 1634 1895 1698 οὒς

2005 1627 2164 1702 )eus,
2197 1629 2614 1692 demonstrasti
2658 1630 3183 1699 resurrectionem,
3220 1646 3295 1689 ne
3325 1624 3623 1706 despicias

254 1716 494 1783 ἔπλασας
549 1722 616 1793 τῇ
646 1718 796 1798 χειρί
825 1740 942 1778 σου.
995 1718 1179 1785 Δεῖξον
1210 1720 1310 1787 τὴν
1340 1719 1730 1800 φιλανθρωπίαν
1780 1744 1897 1793 σου,

1984 1735 2131 1798 quos
2165 1737 2339 1780 manu
2372 1728 2470 1781 tua
2493 1722 2783 1797 formasti;
2810 1719 3079 1797 ostende,
3113 1716 3477 1789 misericors,
3515 1715 3621 1775 be-

254 1806 510 1882 ὲλεῆμον,
564 1806 711 1872 Δέξαι
744 1807 842 1875 τὴν
885 1809 1139 1865 τεκοῦσάν
1168 1831 1225 1865 σε
1257 1812 1540 1881 Θεοτόκον,
1580 1809 1895 1889 πρεσϐεύου-

2005 1806 2362 1869 teﬁcentiam
2399 1819 2576 1871 tuam.
2614 1808 2864 1889 Suscipe
2896 1818 3052 1869 tuam
3087 1807 3475 1879 Genitricem,
3516 1821 3620 1883 pro

258 1919 355 1953 σαν
382 1897 514 1975 ὑπὲρ
570 1898 726 1972 ἡμῶν
759 1911 775 1926 ⁶
809 1897 896 1952 καὶ
940 1902 1133 1972 σῶσον,
1181 1904 1358 1979 Σῶτερ
1386 1899 1565 1975 ἡμῶν,
1599 1899 1727 1957 λαὸν
1759 1901 1895 1957 ἀπε-

258 1984 586 2064 γνωσμὲνον.

342 2077 427 2142 Μὴ
480 2073 544 2142 δὴ
605 2074 891 2155 παραδώῃς
936 2076 1084 2151 ἡμᾶς
1115 2079 1188 2141 εἷς
1221 2076 1371 2136 τέλο>
1401 2078 1485 2138 διὰ
1515 2082 1574 2136 τὸ
1605 2078 1773 2154 ὄνομά
1802 2103 1895 2137 σου

255 2166 316 2221 τὸ
376 2163 525 2244 ἅγιον
561 2182 575 2195 ·
600 2168 687 2223 καὶ
738 2166 815 2240 μὴ
858 2164 1207 2244 διασκεδάσῃς
1242 2170 1339 2236 τὴν
1372 2167 1627 2238 διαθήκην
1658 2192 1773 2250 σου,
1811 2172 1894 2227 καὶ

250 2256 330 2331 μὴ
371 2254 687 2332 ἀποστήσῃς
739 2257 799 2311 τὸ
842 2254 987 2321 ἔλεός
1046 2280 1138 2313 σου
1190 2255 1278 2337 ἀφ’
1339 2260 1491 2334 ἡμῶν
1522 2257 1592 2316 δι’
1657 2259 1897 2339 Ἀϐραὰμ

250 2347 343 2399 τὸν
400 2344 756 2416 ἠγαπημένον
784 2346 887 2400 ὑπὸ
918 2352 1033 2418 σοῦ,
1065 2348 1153 2402 καὶ
1198 2345 1305 2402 διὰἶ
1333 2345 1516 2404 Ἰσαὰκ
1564 2350 1654 2405 τὸν
1712 2348 1897 2406 δοῦλον

250 2454 368 2505 σου,
403 2433 490 2488 καὶ
533 2431 749 2512 Ἰσραὴλ
780 2435 868 2490 τὸν
902 2432 1048 2512 ἂγιον
1081 2457 1195 2497 σοι).

330 2522 644 2600 Τρισάγιον,
738 2524 973 2598 Παναγία
1058 2525 1241 2605 Τριὰς,
1322 2526 1493 2607 Πάτερ
1550 2530 1729 2602 ἡμῶν,
1801 2531 1897 2587 Καὶ

249 2614 291 2668 εἰ
322 2611 428 2685 μέν
459 2608 602 2666 ’ἐστιν
650 2612 831 2690 ἑορτὴ,
889 2611 1011 2691 λέγε
1043 2615 1105 2670 τὸ
1134 2616 1413 2672 κοντάκιον
1444 2617 1629 2686 ασῦτῆςο
1660 2620 1702 2674 εἰ
1732 2616 1778 2675 δ’
1811 2621 1892 2692 οὗ,

250 2723 439 2763 ταυτα.

326 2879 558 2937 Βλέπων
628 2881 657 2936 6
713 2877 921 2957 λῃστὴς
977 2884 1070 2941 τὸν
1146 2882 1392 2962 ἀρχηγὸν
1442 2884 1537 2954 τῆς
1592 2894 1734 2957 ζωῆς
1812 2886 1895 2942 ἐπὶ

248 2976 484 3046 σταυροῦ
534 2971 868 3045 κρεμάμενον
924 2971 1104 3052 ἔλεγεν
1134 2989 1149 3006 ⁸
1228 2975 1282 3032 Εἰ
1355 2976 1431 3049 μὶ,
1493 2978 1622 3036 Θεὸς
1681 2977 1895 3054 ὑπῆρχε

250 3060 543 3136 σαρκωθεὶς
601 3061 627 3115 6
686 3060 778 3115 σὺν
833 3062 970 3137 ἡμῖν
1020 3065 1357 3141 σταυρωθεὶς,
1418 3064 1514 3121 οὒκ
1563 3062 1623 3120 ἅν
1675 3067 1703 3121 6
1747 3064 1895 3132 ἥλιος

246 3150 341 3214 τὰς
372 3148 605 3213 ἀκτῖνας
636 3146 1021 3227 ἒναπέκροψεν,
1055 3150 1171 3208 οὑδὲ
1223 3154 1257 3220 ἡ
1283 3159 1354 3231 γῆ
1386 3153 1638 3228 σειομένη
1670 3154 1893 3229 Exoptati-

247 3260 365 3295 νετο
400 3252 417 3268 ⁸
457 3236 581 3293 ἀλλ’
607 3240 633 3293 6
656 3239 867 3295 πάντων
890 3240 1242 3322 ἀνεχόμενος,
1271 3243 1532 3318 μνησθητί
1555 3265 1682 3315 μου,
1715 3254 1890 3319 Κυριε,

247 3338 299 3384 εν
330 3334 401 3404 τῇ
434 3326 682 3403 βασιλείᾳ
712 3350 826 3391 σου,

414 3416 577 3481 Δόξα.

328 3506 425 3564 Ἐν
486 3506 633 3580 μέσῳ
691 3505 779 3564 δύο
839 3507 1049 3584 λῃστῶν
1106 3513 1262 3590 ζυγὸς
1322 3511 1657 3578 δικαιοσύνης
1712 3511 1893 3591 εἰ)ρὲοη

247 3601 273 3647 ὁ
334 3596 566 3673 σταυρός
610 3619 702 3651 σου
732 3616 748 3634 ο
808 3598 899 3654 τοῦ
942 3601 1040 3674 μὲν
1083 3601 1447 3679 καταγομένου
1492 3603 1564 3664 εἷς
1631 3599 1762 3675 ᾅδην
1821 3609 1895 3675 τῷ

246 3686 395 3762 βάρει
444 3684 813 3764 βλασφημία(
873 3696 966 3746 τοῦ
1024 3687 1078 3745 δὲ
1123 3690 1501 3769 κουφιζομένο.)
1546 3691 1893 3763 πτλισμάτων

252 3778 384 3854 πρὸς
418 3781 620 3853 γνῶσιν
664 3776 959 3857 θεολογίας,
998 3779 1184 3856 Χριστὲ
1217 3782 1244 3837 6
1272 3781 1424 3854 Θεὸς,
1459 3780 1577 3846 δόξα
1611 3802 1715 3842 σοι,

330 3955 432 4012 Καὶ
464 3960 579 4016 νῦν,

324 4045 428 4101 Τὸν
478 4041 699 4118 Ἀμνὸν,
751 4047 839 4102 καὶ
899 4046 1154 4122 Ποιμένα,
1234 4049 1321 4105 καὶ
1385 4050 1609 4125 Σωτῆρα
1657 4055 1750 4105 τοῦ
1804 4049 1893 4105 κό-

248 4144 407 4212 σμοῧ,
443 4131 503 4188 ὲν
532 4139 610 4207 τῷ
652 4142 860 4213 σταυρῷ
907 4139 1172 4216 θεωροῦσα
1216 4137 1253 4204 ἧ
1301 4146 1547 4207 τεκοῦσα,
1595 4137 1743 4216 ἔλεγε
1795 4136 1891 4195 δα-

244 4222 520 4299 κρύουσι-α’
558 4220 619 4278 Ὀ
674 4223 772 4298 μὲν
831 4226 1031 4300 κόσμος
1094 4225 1409 4306 ἀγάλλεται,
1457 4224 1747 4306 δεχόμενος
1798 4229 1893 4297 τὴν

244 4310 506 4390 λύτρωσιν
540 4326 557 4343 ·
618 4312 683 4367 τὰ
740 4309 791 4368 δὲ
852 4312 1140 4395 σπ)άγχνα
1195 4338 1296 4391 μου
1326 4315 1636 4397 φλέγονται,
1685 4318 1894 4395 ὁρώσης

1986 1896 2153 1957 nobis
2170 1900 2619 1979 deprecantem;
2642 1909 2700 1959 et
2730 1900 2954 1960 salvum
2986 1895 3369 1971 fac,Salvator
3394 1902 3619 1966 noster,

1982 1987 2261 2067 papulum
2289 1989 2681 2068 proﬂigatum.

2064 2080 2149 2138 Ne
2184 2077 2380 2137 tradas
2402 2096 2511 2138 nos
2536 2078 2593 2138 in
2614 2080 3076 2159 tinem,propter
3108 2094 3323 2137 nomen
3349 2079 3619 2135 sanctum

1979 2173 2165 2241 tuum,
2196 2174 2252 2227 et
2288 2186 2362 2227 ne
2397 2168 2707 2247 diSperdas
2766 2177 3178 2229 testamentum
3215 2177 3404 2237 tuum,
3462 2169 3519 2222 et
3550 2176 3623 2220 ne

1980 2265 2213 2316 avertas
2236 2256 2705 2319 misericordiam
2734 2268 2888 2319 tuam
2914 2274 2947 2317 a
2969 2256 3412 2336 nobis,pr0pter
3425 2250 3619 2314 Abra—

1982 2346 2112 2404 ham
2148 2345 2431 2406 dilectum
2459 2354 2715 2424 tuum,et
2734 2356 2970 2428 propter
2992 2349 3152 2409 Isaac
3184 2363 3418 2406 servum
3456 2352 3619 2403 tuum

1980 2442 2041 2495 et
2072 2433 2250 2496 Israel
2282 2444 2554 2497 sanctum
2585 2445 2772 2495 tuum.

2062 2523 2201 2588 253.
2263 2523 2624 2603 Trisagium,
2679 2525 3067 2589 Sanctissima
3112 2523 3397 2593 Trinitas,
3451 2523 3625 2583 Pater

1982 2626 2205 2679 noster.
2265 2615 2359 2697 Et,
2418 2616 2467 2677 si
2544 2616 2674 2679 dies
2753 2619 2937 2679 festus
2986 2617 3082 2691 sit,
3147 2616 3242 2677 dic
3293 2614 3422 2693 ejus
3466 2632 3616 2673 con-

1982 2706 2194 2767 tacium
2221 2724 2235 2781 ;
2268 2707 2317 2767 si
2349 2716 2546 2769 autem
2582 2708 2916 2770 contacium
2979 2723 3099 2770 non
3131 2706 3227 2785 sit,
3262 2705 3390 2766 haec
3420 2702 3621 2763 dican.

1980 2801 2072 2855 tur
2106 2815 2119 2855 :

2060 2884 2282 2947 Videns
2313 2885 2459 2947 latro
2485 2895 2788 2947 auctorem
2814 2887 2945 2947 vitae
2960 2884 3319 2965 pendentem
3344 2901 3377 2943 e
3409 2896 3610 2955 cruce,

1978 2973 2162 3035 dixit:
2189 2975 2376 3036 sinon
2400 2983 2556 3036 esset
2602 2992 2841 3036 carnem
2896 2974 3137 3038 indutus
3158 2973 3339 3053 Deus,
3374 2975 3469 3052 qui
3503 2988 3615 3030 no-

1980 3062 2209 3125 biscum
2240 3064 2299 3125 in
2327 3083 2570 3126 crucem
2598 3074 2762 3125 actus
2804 3072 2917 3144 est,
2956 3083 3073 3124 non
3105 3062 3503 3123 absconderet
3532 3056 3618 3119 sol

1984 3155 2185 3215 radios
2238 3173 2402 3231 suos,
2468 3172 2660 3234 neque
2720 3172 3000 3215 succussu
3058 3163 3211 3215 terra
3267 3152 3623 3213 ﬂuctuaret:

1982 3260 2119 3321 ergo
2155 3249 2257 3322 qui
2291 3245 2414 3305 haac
2438 3253 2651 3306 cuncta
2675 3244 2955 3319 sustines,
2988 3249 3289 3304 memento
3308 3239 3421 3301 mei
3444 3244 3502 3299 in
3530 3255 3623 3299 re-

1975 3341 2234 3411 gnotuo.

2056 3422 2277 3486 Gloria.

2060 3513 2121 3574 ln
2149 3513 2345 3574 medio
2378 3513 2671 3575 latronum
2724 3514 2831 3575 fuit
2871 3531 3011 3576 crux
3069 3520 3188 3590 tua,
3250 3509 3427 3571 veluti
3464 3507 3615 3568 libra

1977 3601 2259 3680 justitize;
2294 3603 2486 3663 altero
2522 3602 2757 3682 quidem
2791 3604 3075 3682 depresso
3126 3600 3196 3661 ad
3244 3598 3468 3660 inferos
3502 3614 3619 3676 prae

1986 3692 2249 3768 pondere
2299 3690 2660 3770 impietatis;
2708 3691 2891 3753 altero
2944 3699 3144 3750 autem
3192 3688 3382 3750 levato
3434 3684 3617 3764 lapsi-

1984 3777 2113 3851 bus,
2172 3781 2241 3839 ad
2304 3778 2409 3839 Dei
2460 3779 2881 3858 cognitionem.
2936 3778 3138 3842 Gloria
3199 3776 3328 3855 tibi,
3390 3773 3621 3837 Christe

1981 3866 2163 3932 Deus.

2060 3959 2333 4019 Etnunc.

2058 4048 2312 4127 Agnum,
2349 4056 2407 4109 et
2451 4046 2781 4128 Pastorem,
2815 4056 2876 4108 et
2921 4048 3294 4109 Servatorem
3329 4040 3532 4102 mundi
3560 4041 3616 4099 in

1977 4156 2156 4198 cruce
2191 4136 2393 4198 videns
2450 4136 2904 4207 Mater,dicebat
2952 4137 3279 4216 lacrymaus
3315 4152 3328 4191 :
3370 4129 3618 4190 Mundus

1978 4226 2217 4306 quidem
2266 4227 2519 4288 exsultat
2565 4228 2866 4307 accipiens
2933 4225 3453 4304 redemptionem;
3510 4218 3616 4279 sed

1978 4325 2233 4377 uruntur
2289 4316 2517 4387 viscera
2573 4336 2725 4387 mea,
2783 4324 3093 4396 spectante
3141 4310 3612 4386 cruciﬁxionem,

242 4402 339 4469 τὴν
385 4402 711 4480 σταύρωσιν,
770 4404 835 4470 ἡν
878 4404 1008 4483 ὑπὲρ
1052 4406 1264 4461 πάντων
1323 4404 1630 4482 ὑπομένεις,
1686 4410 1713 4463 6
1774 4410 1893 4472 Υἱὸς

2005 4424 2182 4486 mam,
2213 4424 2307 4467 me
2339 4405 2448 4466 Fili
2478 4406 2555 4466 mi
2588 4415 2647 4467 et
2688 4405 2865 4479 Deus,
2925 4423 3028 4484 pro
3061 4403 3342 4465 omnibus
3373 4397 3611 4481 pateris.

244 4493 329 4548 καὶ
362 4490 499 4554 Θεὸς
534 4512 659 4565 μου.

324 4582 509 4657 Κύριε,
565 4578 812 4653 ἐλέησον,
856 4578 941 4655 μ’.
999 4580 1059 4641 Ὀ
1110 4582 1165 4639 ἐν
1203 4586 1360 4640 παντὶ
1415 4592 1584 4662 καιρῷ
1638 4588 1723 4644 καὶ
1782 4590 1891 4645 πασ-

243 4690 311 4744 σῃ
357 4669 499 4748 ὥρᾳ.
567 4668 719 4744 Κύριε
778 4669 1025 4745 ἒλὲησοι,
1086 4673 1162 4748 γ’,
1221 4673 1375 4739 Δόξα.
1445 4677 1540 4732 Καὶ
1610 4680 1719 4738 νῦν,
1781 4680 1889 4745 Τὴν

242 4759 592 4834 τιμιωτέραν.
649 4755 741 4814 Ἐν
785 4758 1003 4832 ὀνόματι
1054 4761 1257 4841 Κυρίου,
1320 4763 1636 4841 εὖλόγησον,
1692 4767 1884 4844 Πᾶτερ,

245 4847 302 4904 Ὀ
345 4849 515 4924 ἱερεύς
551 4862 563 4874 ⁸

246 4936 685 5014 Τεσσαρακοσ-τὴ,
751 4938 844 4996 τὰς
902 4951 1049 5015 τρεῖς
1098 4938 1334 5016 πεγὰλας
1394 4944 1674 5016 μετανοέας
1723 4967 1890 5012 ποιη-

246 5026 387 5088 τέον,

2058 4583 2328 4654 Domine,
2361 4582 2670 4661 miserere,
2721 4582 3104 4660 quadragies.
3138 4580 3245 4653 Qui
3279 4578 3438 4640 omni
3474 4586 3617 4637 tem~

1978 4692 2121 4755 pore
2152 4681 2207 4734 et
2238 4672 2401 4732 omni
2430 4673 2597 4733 hora.
2641 4671 2912 4750 Domine,
2978 4672 3285 4740 miserere,
3322 4679 3436 4729 ter.
3472 4664 3615 4729 Glo-

1976 4754 2168 4824 ria.l£t
2204 4780 2383 4822 nunc.
2419 4760 2844 4823 Excelsiorem.
2869 4760 2929 4821 In
2953 4762 3187 4822 nomine
3210 4758 3468 4831 Domini,
3504 4754 3614 4814 be-

626 4847 685 4903 ’0
746 4848 875 4910 Θεὸς
935 4849 1261 4927 οἱκτειργῖσαι
1320 4852 1489 4925 ἡμᾶς.
1542 4856 1637 4911 Καὶ
1689 4858 1730 4910 εἱ
1781 4843 1889 4912 ’ἐστι

2005 4851 2173 4928 ιθόὶε,
2207 4853 2398 4911 l’ater.
2442 4847 2733 4912 Sacerdos
2763 4867 2776 4910 ί
2831 4849 2988 4910 Dens
3021 4849 3375 4909 misereatur
3404 4843 3611 4907 nostri.

1974 4941 2066 5012 Et,
2094 4940 2142 5001 si
2170 4940 2239 5000 sit
2262 4938 2749 5019 Quadragesima,
2770 4938 3060 5000 facienda:
3082 4947 3216 4998 sunt
3241 4946 3361 4998 tres
3388 4954 3617 5016 magna)

1977 5028 2351 5094 reverentiae.

1599 5243 1991 5319 MESORIUM
2034 5244 2278 5310 ΝΟΝιΕ.

322 5453 419 5523 Τὸ,
473 5458 656 5522 Δεῦτε,
717 5453 1198 5529 προσκυνήσωμεν,
1242 5450 1316 5528 γ’.
1378 5453 1471 5507 Καὶ
1517 5452 1565 5506 οἱ
1616 5451 1821 5528 ψαλμοί
1865 5455 1892 5507 6

245 5536 368 5617 ριῖῗ,
404 5540 636 5613 Αἰνεῖτε,
700 5539 916 5615 παῖδες,
975 5540 1157 5617 Κύριον
1194 5556 1208 5571 ⁹
1267 5541 1352 5597 καὶ
1387 5542 1413 5595 ὃ
1464 5539 1537 5618 θ’,
1598 5539 1890 5614 Ἐξομολο-

242 5628 480 5706 γήσομαί
536 5650 639 5709 σοι,
704 5630 883 5709 Κύριε,
928 5629 983 5686 ἐν
1040 5628 1143 5696 ὅλη
1204 5627 1387 5706 καρδίᾳ
1441 5650 1544 5703 μου
1577 5648 1592 5667 ·
1626 5631 1714 5687 καὶ
1746 5628 1882 5708 ρλθ’.

243 5715 456 5784 ,Εξέλου
481 5738 567 5791 με,
608 5719 782 5798 Κύριε,
808 5717 860 5785 ἐξ
891 5718 1169 5795 ἀνθρώπου
1193 5725 1450 5795 πονηροῦ.

2058 5450 2198 5511 2254.
2263 5446 2477 5509 Venite
2522 5444 2864 5521 adoremus,
2913 5451 3039 5523 ter;
3088 5452 3145 5503 et
3177 5443 3434 5523 psalmus
3464 5463 3609 5512 cxu.

1976 5538 2260 5612 Laudate,
2299 5535 2487 5618 pueri,
2553 5532 2864 5595 Dominum
2896 5553 2907 5590 :
2942 5540 3000 5592 et
3029 5549 3109 5605 ιχ,
3146 5533 3450 5597 Conﬁteor
3481 5537 3608 5609 tibi,

1973 5627 2248 5707 Domine,
2285 5628 2341 5687 in
2376 5636 2493 5686 toto
2523 5623 2704 5684 corde
2741 5639 2868 5681 meo
2904 5639 2917 5681 :
2955 5622 3458 5705 etcxxxnx,Eripe
3487 5644 3604 5703 me,

1967 5714 2245 5792 Domine,
2269 5715 2341 5778 ab
2374 5712 2615 5780 homine
2647 5710 2821 5778 malo.
