4076 6216
1986 253 2579 319 PROLEGOMENA.

512 390 661 464 cies;
687 387 926 464 Venite,
949 388 1287 461 adoremus,
1310 396 1424 461 ter;
1441 396 1499 448 et
1520 387 1780 468 psalmus
1800 387 2130 460 L,Miserer4

2236 393 2576 474 κυνήσωμεν,
2605 393 2679 472 γη
2734 397 2822 452 καὶ
2876 396 2978 463 τὴν
3044 394 3113 471 ν’,
3165 395 3421 479 Ἐλέησόν
3479 421 3566 479 με,
3620 402 3644 457 6
3699 404 3827 477 Θεὸς,

515 480 654 553 mei,
718 478 914 551 Deus,
965 477 1291 539 secundum
1356 495 1625 555 magnam
1682 477 2130 541 misericordian

2232 482 2368 539 κατὰ
2398 483 2456 538 τὸ
2517 485 2658 562 μέγα
2706 484 2852 550 ἔλεός
2913 501 3027 543 aou'
3078 487 3165 543 καὶ
3196 476 3291 563 ἔθ’,
3353 484 3409 545 Ὀ
3468 476 3590 554 Θεὸς
3628 492 3705 556 ,εἷς

516 581 673 631 tuam
709 589 724 629 :
757 576 816 630 et
845 584 995 639 LXIX,
1040 565 1218 637 Deus,
1268 567 1326 627 in
1375 567 1736 646 adjutorium
1791 586 2039 645 meum;
2095 588 2127 631 e

2234 570 2479 647 βοήθειάν
2551 572 2664 630 λου⁸
2757 575 2841 631 καὶ
2926 574 3067 654 ρμίΥ,
3154 577 3330 656 Κύριε,
3392 578 3677 636 εἰσάκουσον
3753 589 3826 649 τῆς

513 674 691 733 CXLII,
732 656 1004 729 Domine,
1042 655 1247 717 exaudi
1284 655 1619 717 orationem
1644 674 1861 717 meam.

507 268 852 319 CGCLXXXVI

2236 666 2545 741 προσευχῆς
2578 686 2706 736 μου.

766 896 1189 991 GoMM_.Deinde
1216 896 1568 991 proponitur
1596 898 1907 991 recitanda
1944 900 2264 991 Doxologia
2292 904 2686 991 major,quam
2719 903 2855 991 dedi
2878 922 3045 991 num.
3079 903 3290 991 907.1!)
3314 905 3627 991 Apodipno
3651 920 3826 991 autem

509 981 796 1066 recitatur
821 987 1045 1066 tantum
1079 995 1265 1056 usque
1293 979 1365 1038 ad
1405 978 1540 1066 haec
1575 978 1754 1066 verba
1775 980 2088 1066 inclusive,

2219 985 2356 1066 ξτὸν
2384 978 2548 1066 Batava}
2569 994 2661 1041 τοῦ
2717 988 2943 1066 αἰῶνος,
2989 985 3047 1047 in
3106 978 3387 1046 saeculum
3440 978 3653 1051 saeculi.
3713 989 3827 1053 Post

507 1061 631 1122 haac
657 1060 899 1127 dicitur,
927 1060 1102 1133 Κύριε,
1136 1061 1443 1139 καταφυγή,
1478 1060 1751 1131 Domine,
1776 1059 2092 1137 refugium;
2128 1069 2188 1122 ut
2210 1062 2419 1124 eodem
2453 1065 2552 1126 illo
2578 1084 2827 1127 numero
2854 1059 3107 1129 habetur
3142 1085 3155 1128 :
3192 1065 3294 1127 sed
3321 1067 3381 1128 in
3427 1068 3541 1129 fine
3566 1067 3829 1131 omittitur

506 1141 758 1234 ’ἰγιος
791 1142 946 1229 Θεὸς,
972 1140 1226 1234 Sanctus
1258 1140 1525 1234 Deus;'et
1557 1140 1687 1231 ejus
1724 1140 1855 1202 loco
1879 1141 2097 1204 dicitur
2129 1165 2130 1198 :

2219 1144 2561 1214 (αταξίωσον,
2620 1148 2795 1227 Κύριε,
2832 1148 2885 1203 ἐν
2945 1147 3012 1222 τῇ
3062 1149 3201 1203 νυκτί
3249 1150 3413 1224 ταύτῃ
3462 1149 3829 1227 ἀναμαρτήτους

505 1218 843 1303 φυλαχθῆναι
874 1220 1043 1294 ἡμᾶς.
1084 1244 1107 1273 ει
1144 1218 1422 1297 Dignare,
1453 1218 1728 1299 Domine,
1765 1229 1936 1282 nocte
1969 1222 2077 1283 ista
2107 1239 2130 1283 ε

2219 1234 2502 1303 εροοοειο
2534 1243 2643 1287 nos
2671 1218 2997 1290 custodire.
3030 1248 3060 1288 s

582 1465 792 1526 Postea
822 1460 907 1524 sic
940 1460 1233 1523 dicimus:
1270 1462 1422 1524 Vere
1465 1460 1706 1541 dignum
1769 1470 1879 1543 est,
1930 1461 2143 1525 Excel-

499 1552 741 1624 siorem,
778 1550 1053 1613 Credoin
1085 1568 1268 1612 unum
1301 1553 1508 1631 Deum,
1566 1550 1903 1631 Trisagion,
1966 1551 2145 1615 Sanc-

503 1642 733 1704 tissima
752 1639 1032 1721 Trinitas,
1068 1643 1244 1703 Pater
1282 1648 1504 1721 noster,
1564 1643 1894 1722 troparium
1956 1643 2143 1705 sancti

499 1733 599 1794 illo
623 1732 722 1793 die
753 1730 1012 1803 colendi,
1046 1729 1132 1791 vel
1167 1730 1502 1810 sequentia.

574 1822 715 1885 270.
748 1822 988 1884 Patrum
1021 1828 1355 1881 nostrorum
1390 1818 1568 1894 Deus,
1602 1820 1702 1901 qui
1734 1839 1978 1899 semper
2029 1840 2141 1882 no-

496 1911 727 1975 biscum
759 1910 882 1993 agis
905 1911 1076 1990 juxta
1107 1909 1624 1971 mansuetudinem
1663 1920 1845 1984 tuam,
1875 1929 1949 1971 ne
1980 1929 2141 1971 aver-

494 2009 584 2064 tas
617 1999 1086 2064 misericordiam
1125 2007 1281 2061 tuam
1314 2017 1348 2060 a
1390 1998 1585 2077 nobis;
1622 2000 1725 2062 sed
1789 2000 2136 2063 earumdem

494 2102 704 2173 rogatu
725 2090 899 2151 vitam
931 2096 1189 2151 nostram
1222 2088 1283 2150 in
1316 2106 1459 2168 pace
1481 2087 1767 2167 guberna.

576 2178 876 2259 Sanguine
914 2189 1253 2258 martyrum,
1282 2178 1383 2258 qui
1414 2185 1552 2238 sunt
1582 2176 1644 2238 in
1676 2186 1794 2241 toto
1821 2177 1987 2253 orbe,
2020 2177 2136 2240 vel-

493 2280 557 2334 ut
589 2286 847 2351 purpura
872 2284 941 2328 ac
981 2266 1180 2348 bysso,
1231 2272 1438 2327 ornata
1469 2265 1733 2328 Ecclesia
1761 2275 1861 2330 tua
1881 2267 1989 2330 tibi
2014 2268 2139 2330 cla-

496 2369 636 2439 mat,
662 2358 896 2422 Christe
916 2355 1221 2418 Deus:Per
1237 2355 1373 2417 illos
1390 2354 1638 2417 ostende
1663 2355 2139 2419 misericordiam

490 2458 650 2513 tuam
675 2447 916 2531 populo,
952 2452 1053 2509 tuo
1087 2452 1144 2506 et
1174 2464 1378 2527 pacem
1413 2454 1510 2507 tua
1539 2445 1977 2523 gubernatione
2001 2466 2141 2509 con-

493 2541 661 2617 cede,
698 2547 755 2601 et
784 2536 1115 2600 animarum
1143 2536 1429 2599 miserere
1462 2544 1823 2598 nostrarum.

2310 1465 2445 1522 Εἶτα
2496 1465 2662 1531 οὕτως
2710 1466 2963 1546 λέγομενο
3025 1466 3218 1533 "AEth
3300 1466 3441 1525 ἐστιν
3499 1470 3569 1533 ὡς
3624 1467 3825 1543 ἀληθῶς,

2227 1555 2335 1620 Τὴν
2379 1557 2717 1635 τιμιωτέραν,
2780 1560 3013 1615 Πιστεύω
3063 1559 3136 1622 εἰς
3192 1556 3282 1615 ἕνα
3347 1560 3499 1639 Θεὸν,
3549 1560 3606 1614 τὸ
3692 1567 3829 1637 Τρισ-

2227 1643 2398 1721 άγιυν,
2457 1668 2517 1722 το
2596 1650 2832 1726 Παναγία
2863 1650 3041 1729 Τρίας,
3067 1649 3149 1728 τὸ,
3200 1649 3370 1726 Πάτερ
3430 1651 3600 1724 ἡμῶν,
3655 1650 3827 1725 τροπά-

2226 1758 2337 1815 ριον
2361 1745 2452 1795 τοῦ
2484 1741 2618 1795 κατὰ
2664 1742 2758 1808 τὴν
2784 1740 2987 1819 ἡμέραν
3015 1741 3188 1821 ἁγίου,
3224 1740 3259 1809 ἢ
3292 1741 3357 1797 τὰ
3387 1741 3665 1820 παρόντα.7

2306 1823 2366 1885 Ὀ
2396 1830 2526 1889 Θεὸς
2559 1829 2801 1909 πατέρων
2854 1832 3031 1907 ἡμῶν,
3096 1833 3123 1887 6
3195 1836 3364 1887 ποιῶν
3415 1830 3493 1887 ἀεὶ
3540 1833 3653 1904 μεθ,
3704 1830 3832 1904 ἡμῶν

2224 1917 2361 1971 κατὰ
2393 1917 2488 1985 τὴν
2521 1920 2616 1985 ςήν
2643 1917 2952 1999 ἐπιείκειαν,
2977 1920 3073 1997 ξμὴ
3103 1919 3420 1996 ἆποστήσῃς
3476 1921 3535 1975 τὸ
3584 1917 3716 1983 ἔλεός
3757 1939 3832 1977 σου

2226 2004 2316 2085 ἀφ’
2337 2007 2515 2081 ἡμῶν*
2540 2006 2677 2063 ἀλλά
2707 2022 2829 2074 ταῖς
2864 2009 3035 2065 αὐτῶν
3064 2011 3285 2073 ἱκεσίαις
3316 2008 3374 2065 ἐν
3436 2009 3612 2087 εἰρήνῃ
3666 2004 3829 2087 κυϐέρ-

2226 2117 2389 2161 νησον
2409 2096 2508 2161 τὴν
2532 2098 2676 2168 ζωὴν
2710 2098 2888 2173 ἡμῶν,

2305 2187 2418 2242 Τῶν
2478 2185 2531 2241 ἐν
2586 2186 2695 2252 ὅλῳ
2765 2195 2841 2261 τῷ
2883 2188 3069 2263 κόσμῳ
3112 2188 3391 2266 μαρτύρων
3440 2210 3551 2268 σου,
3601 2188 3666 2249 ὡς
3714 2208 3826 2264 πορ-

2226 2275 2388 2352 φύραν
2431 2275 2518 2331 καὶ
2547 2275 2766 2356 βύσσον,
2816 2277 2881 2333 τὰ
2910 2276 3178 2353 αἵματαὴ
3242 2274 3538 2344 Ἐκκλησία
3594 2298 3680 2333 σου
3729 2296 3829 2331 στο-

2225 2360 2513 2439 λισαμένη,
2560 2363 2629 2420 δι’
2688 2370 2858 2425 αὐτῶν
2914 2367 3014 2443 βοᾳ
3088 2388 3199 2446 σοι,
3256 2367 3451 2444 Χριστὲ
3505 2369 3531 2422 6
3584 2367 3721 2429 Θεὸς·
3759 2372 3826 2439 Τῷ

2225 2451 2340 2527 λαῷ
2410 2475 2503 2509 σου
2558 2459 2682 2521 τοὺς
2743 2456 3043 2534 οἷκτιρμούς
3087 2478 3180 2515 σου
3228 2456 3602 2531 κατάπεμψον,
3647 2456 3825 2531 εἰρήνην

2164 2515 2199 2563 Β
2220 2547 2288 2618 τῇ
2313 2515 2577 2617 ’πολιτέίᾳ
2626 2515 2717 2602 σου
2766 2515 3040 2623 δώρηὸαι,⁷
3069 2546 3158 2602 καὶ
3214 2558 3336 2611 ταῖς
3776 2515 3821 2598 τὸ

2221 2630 2361 2710 μέγα
2384 2631 2556 2697 ἕλεος.

652 2718 872 2785 Gloria.

2382 2720 2539 2787 Δόξα.

569 2811 712 2875 Cum
747 2805 972 2870 sanctis
1002 2804 1179 2895 dona,
1212 2804 1469 2885 Christe,
1508 2803 1781 2885 requiem
1815 2803 2130 2867 animabus

2298 2812 2443 2869 Μετὰ
2490 2818 2596 2870 τῶν
2642 2811 2805 2890 ἁγίων
2864 2813 3191 2894 ἀνάπαυσον,
3252 2815 3469 2895 Χριστὲ,
3524 2814 3612 2878 τὰς
3664 2812 3811 2892 ψδχὲς

485 2918 792 2965 servorum
824 2908 1059 2959 tuorum
1090 2894 1194 2970 ibi,
1222 2895 1324 2957 ubi
1358 2913 1476 2956 non
1504 2904 1592 2956 est
1638 2892 1825 2969 labor,
1866 2913 1979 2956 non
2016 2894 2127 2957 do-

2219 2906 2318 2955 τῶν
2373 2898 2572 2958 δούλων
2631 2922 2749 2958 σου·
2811 2901 2930 2959 ἔνθα
2981 2907 3076 2962 οὐκ
3118 2903 3229 2959 ἔστι
3295 2904 3365 2961 πό
3381 2927 3483 2979 νος,
3520 2908 3576 2963 οὗ
3594 2902 3732 2982 λύτη,
3769 2899 3816 2956 οὗ

485 2993 599 3065 lor,
627 3008 745 3052 non
780 2987 1058 3067 gemitus,
1095 2985 1199 3047 sed
1233 2984 1348 3046 vita
1370 2989 1759 3066 sempiterna.

2219 2991 2531 3069 στεναγμὸς,
2567 2987 2703 3046 ἀλλά
2745 2993 2857 3062 ζωὴ
2882 2990 3252 3066 ἆτελεύτητος,

644 3083 713 3142 Et
738 3098 917 3141 nunc.

562 3173 837 3237 Omnium
870 3177 1235 3249 sanctorum,
1274 3186 1342 3229 ac
1368 3166 1640 3247 Deiparm
1671 3164 1970 3246 precibus,
2004 3165 2125 3228 Do-

482 3263 669 3337 mine,
694 3278 902 3343 pacem
928 3268 1084 3321 tuam
1118 3257 1192 3319 da
1221 3256 1416 3334 nobis,
1461 3265 1520 3319 et
1570 3256 1859 3319 miserere
1910 3257 2121 3332 nostri,

478 3364 765 3432 tanquam
800 3348 960 3411 solus
992 3347 1358 3411 misericors.

2376 3088 2412 3136 K
2421 3080 2471 3135 αὶ
2515 3081 2601 3135 ’ὧν
2610 3128 2624 3142 ,

2289 3173 2367 3244 Τῇ
2436 3166 2706 3250 πρεσϐείᾳ,
2757 3170 2911 3248 Κύριε
2958 3170 3171 3227 πάντων
3223 3177 3328 3227 τῶν
3401 3170 3562 3250 ἁγίων
3611 3171 3689 3227 καὶ
3739 3170 3817 3237 τῆς

2207 3258 2467 3315 Θεοτόκου
2503 3259 2596 3327 τὴν
2628 3260 2725 3328 σὴν
2754 3261 2965 3339 εἰρήνην
2996 3259 3083 3325 δὺς
3114 3263 3273 3342 ἡμῖν,
3305 3267 3395 3321 καὶ
3426 3261 3640 3329 ἐλέησον
3670 3263 3808 3336 ἧμᾶ),

2206 3348 2279 3410 ὡς
2308 3348 2469 3422 μόνος
2498 3350 2785 3427 οἰκτίρμων
2797 3393 2813 3409 .

562 3442 702 3504 271.
727 3437 1004 3519 Domine,
1038 3436 1326 3499 miserere
1368 3436 1741 3518 quadragies;
1779 3434 2000 3497 deinde
2030 3435 2125 3498 dic

480 3530 835 3600 orationem,
870 3526 977 3599 Qui
1012 3532 1172 3588 omni
1214 3534 1483 3607 tempore
1544 3535 1603 3587 et
1654 3526 1823 3588 hora.
1875 3526 2123 3610 Iterum,

477 3620 751 3700 Domine,
787 3619 1095 3691 miserere,
1126 3624 1236 3679 ter.
1271 3615 1492 3680 Gloria.
1528 3621 1593 3680 Et
1619 3634 1801 3677 nunc.
1826 3616 2124 3678 Excelsio—

476 3728 628 3773 rem.
664 3711 728 3772 In
758 3707 1003 3769 nomine
1031 3705 1291 3782 Domini,
1326 3704 1602 3783 benedic,
1629 3703 1819 3767 Pater.
1847 3705 1964 3767 Per
1993 3723 2122 3786 pre-

476 3817 576 3862 ces
606 3806 944 3860 sanctorum
966 3795 1205 3858 Patrum
1240 3804 1605 3857 nostrorum.

558 3888 893 3969 lmpolluta,
918 3884 1402 3961 incontaminata,
1429 3885 1796 3965 incorrupta,
1858 3883 2116 3945 inteme-

476 3989 625 4060 rata,
650 3987 829 4051 casta,
857 3977 1042 4056 virgo,
1079 3974 1182 4036 Dei
1214 3993 1453 4055 sponsa,
1488 3973 1764 4054 Domina;
1787 3972 2118 4054 quasDeum

474 4067 736 4131 Verbum
770 4064 1106 4128 admirabili
1140 4073 1236 4125 tuo
1270 4070 1440 4145 partu
1460 4062 1808 4126 hominibus
1835 4062 2072 4125 univisti
2102 4082 2118 4140 ;

476 4178 607 4240 quae
636 4157 932 4237 abjectam
964 4153 1204 4234 generis
1234 4153 1420 4215 nostri
1453 4162 1722 4214 naturam
1757 4153 2121 4231 οοιῃιιωιίειί

474 4247 909 4320 ccelestibus,et
935 4262 1070 4322 qua;
1091 4262 1154 4305 es
1182 4242 1631 4323 desperatorum
1664 4260 1800 4321 spes
1821 4240 2116 4321 unica,at—

2287 3438 2380 3516 Τὸ,
2444 3426 2900 3517 Κύριε,ἐλέησον,
2936 3426 3019 3513 μ’*
3070 3438 3194 3494 εἶτα
3226 3439 3314 3495 καὶ
3388 3440 3485 3508 τὴν
3540 3440 3715 3518 εόχὴν,
3767 3435 3816 3493 Ὀ

2205 3525 2260 3582 ἐν
2291 3525 2445 3581 παντὶ
2496 3526 2663 3604 καιρῷ
2692 3526 2781 3582 καὶ
2837 3525 2982 3605 πάσῃ
3013 3525 3145 3605 ὥρᾳ.
3209 3528 3302 3602 Τὸ,
3365 3528 3542 3607 Κύριε,
3599 3526 3813 3592 ὶλέησον,

2206 3613 2280 3691 γ’.
2320 3612 2476 3693 Δόξα,
2526 3614 2623 3674 Καὶ
2668 3622 2777 3688 νῦν,
2812 3614 2921 3682 Τὴν
2963 3614 3283 3694 τιμωτέραν,
3346 3614 3441 3673 Ἐν
3489 3614 3695 3691 ὀνόματι
3738 3618 3813 3668 τσῦ

2208 3704 2394 3781 Κυρίου
2437 3702 2754 3782 εὐλόγησον,
2786 3704 2981 3782 Πάτερ,
3018 3701 3099 3759 Δι’
3129 3705 3305 3783 εὐχῶν
3363 3706 3472 3761 τῶν
3508 3704 3661 3783 ἁγίων
3722 3723 3813 3758 πσ-

2146 3809 2188 3860 c
2211 3791 2374 3871 τέρων
2395 3794 2573 3867 ἡμῶν.

2286 3880 2545 3956 ”Ασπιλε,
2582 3879 2868 3961 ἀμόλυντε,
2929 3881 3139 3962 ἄφθορε,
3203 3881 3459 3963 ἄχροννε,
3489 3880 3662 3961 ἁγνῆ,¹
3690 3887 3815 3955 Πιρ-

2200 3970 2337 4045 θένε,
2386 3972 2676 4051 Θεόνυμιρε,
2719 3972 3002 4044 Δέσποινα,
3029 3973 3062 4040 ἡ
3095 3973 3225 4028 Θεὸν
3260 3974 3433 4051 Λόγον
3483 3986 3594 4035 τοῖς
3631 3970 3811 4049 ἀνθρώ-

2204 4084 2324 4126 ποις
2372 4066 2440 4137 αῇ
2468 4059 2744 4140 πάραδόξῳ
2776 4082 2867 4117 σου
2911 4062 3097 4131 χυήσει
3148 4061 3417 4137 ἑνώσασα,
3481 4063 3565 4119 διαὶ
3593 4062 3682 4127 τὴν
3722 4059 3817 4114 ἀπ·

2204 4154 2467 4207 ωσθεϊσαν
2511 4150 2662 4229 φύσιν
2692 4152 2785 4206 τοῦ
2818 4150 3000 4227 γένους
3030 4151 3185 4224 ἡμῶν
3239 4164 3359 4213 τοῖς
3419 4151 3668 4231 οὗρανίοις
3711 4169 3820 4205 συν-

2204 4240 2405 4315 άψασα·
2466 4240 2499 4306 ἡ
2554 4238 2659 4294 τῶν
2718 4238 3129 4313 ἀπελπισμένων
3187 4238 3326 4312 μόνη
3379 4239 3552 4313 ἐλπὶς,
3597 4240 3679 4294 καὶ
3728 4241 3818 4291 τῶν

475 4356 592 4419 que
621 4352 1048 4419 oppressorum
1080 4333 1388 4405 auxilium,
1423 4339 1695 4413 prompta
1720 4329 1904 4392 tutela
1934 4329 2007 4391 ad
2065 4338 2119 4391 te

2219 4326 2619 4404 πολεμουμένων
2678 4330 2919 4404 βοήθειαν
2980 4330 3016 4396 ἡ
3064 4328 3250 4402 ἑτοίμη
3307 4329 3600 4405 ἀντίληψις
3627 4333 3725 4384 τῶν
3753 4325 3814 4387 είς

474 4416 940 4497 recurrentium,
970 4432 1029 4485 et
1056 4422 1319 4484 omnium
1374 4420 1846 4483 Christianorum
1912 4419 2116 4499 perfu—

2219 4420 2262 4474 ιὲ
2308 4417 2773 4498 προστρεχόντων,
2834 4418 2923 4472 καὶ
2992 4417 3204 4473 πάντων
3255 4424 3361 4474 τῶν
3409 4423 3722 4497 Χριστιανῶν
3770 4416 3821 4469 τὸ

472 4518 657 4597 gium,
694 4534 768 4577 ne
795 4512 1062 4576 fastidias
1094 4530 1189 4573 me
1219 4519 1589 4593 peccatorem
1641 4508 2067 4571 exsecrabilem
2098 4527 2114 4586 ;

2219 4508 2550 4587 ιαταφύγιονο
2602 4512 2679 4583 μὴ
2710 4504 2929 4573 ϐδελύξη
2974 4527 3041 4581 με
3070 4509 3162 4562 τὸν
3190 4506 3507 4585 ἁμαρτωλὸν
3538 4509 3623 4564 τὸν
3652 4505 3818 4581 ἐναγῆ,

475 4593 747 4686 turpibus
780 4601 1261 4683 cogitationibus,
1296 4598 1675 4661 sermonibus
1729 4606 1789 4661 et
1836 4598 2118 4678 operibus

2219 4598 2292 4653 τὸν
2350 4597 2602 4676 αἰσχροῖς
2655 4600 2965 4670 λογισμοῖς,
3027 4593 3233 4674 λόγοις,
3287 4598 3376 4652 καὶ
3421 4596 3659 4676 πράξεσιν
3712 4594 3819 4649 ὅλον

476 4683 661 4758 totum
696 4694 993 4768 inutilem;
1027 4698 1085 4753 et
1106 4708 1341 4753 servum
1376 4690 1738 4770 voluptatum
1773 4687 1951 4767 hujus
1990 4687 2121 4749 vitae

2219 4686 2427 4761 ἐμαυτὸν
2486 4683 2881 4764 ἀχρειώσαντα,
2934 4684 3022 4739 καὶ
3076 4690 3144 4760 τῇ
3200 4684 3554 4753 τῶνλήδονῶν
3588 4690 3676 4741 τοῦ
3722 4683 3819 4758 βίου

476 4804 597 4865 ιιι-ιε
624 4784 957 4845 voluntaria
988 4781 1239 4860 segnitie
1270 4769 1527 4842 factum.
1550 4776 1668 4840 Sed
1697 4786 1975 4857 tanquam
2012 4776 2117 4839 be-

2219 4776 2422 4850 ἱᾳθομίᾳ
2454 4776 2644 4851 γνώμῃ
2674 4771 2858 4830 δοῦλον
2882 4770 3189 4850 γενόμενον.
3244 4772 3393 4830 Ἀλλ’
3426 4776 3501 4838 ὡς
3570 4781 3658 4831 τοῦ
3707 4769 3819 4851 φιλ-

476 4861 810 4954 nignissimi
836 4872 942 4935 Dei
974 4881 1184 4951 mater,
1220 4868 1475 4949 benigne
1502 4868 1784 4930 miserere
1818 4865 1935 4930 mei
1974 4884 2117 4945 per-

2219 4864 2473 4954 ινθρῴποο
2527 4862 2658 4919 Θεοῦ
2720 4864 2925 4940 μήτηρ,
2985 4861 3366 4942 φιλανθρώπως
3438 4861 3817 4941 σπλαγχνίσθη·

478 4951 586 5025 diti
629 4962 977 5044 poccatoris,
1043 4968 1102 5021 et
1150 4976 1341 5053 meam
1398 4957 1503 5019 tibi
1535 4957 1891 5053 _i_n_quinatis
1946 4957 2117 5018 labiis

2219 4975 2248 5009 τι
2282 4953 2369 5010 ἐπ’
2398 4954 2516 5029 εμοὶ
2545 4960 2620 5027 τῷ
2650 4951 2953 5030 ἁμαρτωλῷ
2985 4952 3084 5027 ,καὶ
3116 4952 3329 5027 ἀσώτῳ·
3402 4954 3493 5009 καὶ
3546 4952 3676 5017 δέξαι
3731 4971 3818 5025 μου

479 5039 732 5114 oblatam
768 5068 1005 5132 precem
1038 5050 1299 5128 suscipe;
1328 5055 1506 5128 atque
1535 5045 1773 5123 Filium,
1796 5056 1959 5108 tuum
1985 5066 2118 5108 nos-

2219 5044 2298 5110 τὴν
2329 5043 2389 5099 ἐκ
2432 5043 2677 5120 ῥυπαρῶν
2733 5039 2963 5119 χειλέων
3020 5042 3454 5121 προσφερομένην
3498 5064 3579 5098 σοι
3627 5039 3812 5106 δέησιν

475 5129 822 5221 trorumque
852 5139 1169 5200 Dominum
1198 5148 1466 5201 materna
1497 5137 1826 5217 deprecare
1856 5136 2113 5211 fiducia;

2219 5139 2285 5188 ιαὶ
2312 5134 2404 5188 τὸν
2431 5134 2522 5188 σὸν
2554 5132 2672 5186 Υἱὸν
2702 5130 2789 5185 καὶ
2825 5132 2976 5203 ἡμῶν
3023 5130 3300 5198 Δεσπότην
3342 5132 3428 5187 καὶ
3492 5130 3693 5208 Κύριοι,
3757 5129 3815 5190 τῆ

473 5238 536 5291 ut
567 5239 625 5291 et
644 5214 771 5310 ipse
798 5228 940 5289 mihi
965 5229 1193 5308 aperiat
1221 5227 1450 5307 pietatis
1482 5214 1605 5288 suae
1634 5224 1892 5305 benigna
1921 5226 2113 5287 visce-

2219 5227 2437 5299 ιητρικῇ
2493 5242 2586 5277 σου
2641 5216 2907 5296 παρῤησίᾳ
2967 5220 3250 5297 χρωμένη,
3332 5218 3660 5289 δυσώπησον,
3740 5214 3817 5269 ’ἵνα

471 5338 564 5395 ra,
598 5304 684 5394 et,
707 5337 823 5380 non
856 5304 1052 5380 habita
1098 5304 1623 5378 innumerabilium
1678 5304 1948 5376 meorum
1982 5316 2115 5395 lap-

2219 5311 2379 5387 ὶνοίξῃ
2458 5309 2619 5384 κάμοὶ
2667 5308 2731 5365 τὰ
2789 5307 3133 5395 φιλανθρωπα
3189 5308 3480 5389 σπλάγχνα
3538 5309 3635 5376 τῆς
3678 5304 3817 5361 αὐτοῦ

473 5392 935 5485 suumratione,
973 5424 1067 5466 me
1099 5412 1406 5469 convertat
1430 5406 1500 5466 ad
1564 5402 1997 5484 paenitentiam,
2044 5392 2118 5465 iet

2219 5403 2553 5478 ιγαθότητος,
2610 5398 2697 5454 καὶ
2750 5394 2982 5476 παριδών
3029 5419 3129 5471 μου
3173 5399 3235 5453 τὰ
3294 5400 3621 5477 ἀναρίθμητα
3675 5392 3818 5451 πταί-

472 5501 645 5561 faciat
676 5497 949 5562 mandata
978 5513 1084 5559 sua
1116 5495 1303 5577 probe
1334 5496 1690 5576 adimplere.

2219 5513 2402 5566 ιματα,
2432 5488 2730 5567 ἐπιστρέψῃ
2763 5507 2828 5560 με
2872 5487 3004 5564 πρὸς
3037 5488 3346 5562 μετάνοιαν,
3378 5489 3465 5544 καὶ
3533 5486 3636 5543 τῶν
3682 5485 3819 5540 αὖτοῦ

2200 5581 2429 5639 ἐντολῶν
2461 5581 2688 5661 ἐργάτην
2728 5576 2947 5651 δόκιμον
2977 5574 3220 5655 ἀναδείξῃ
3242 5600 3331 5655 με,

553 5678 692 5741 ‘272.
728 5678 953 5741 Adesto
986 5673 1132 5737 mihi
1164 5691 1403 5755 semper
1428 5674 1796 5755 misericors,
1828 5672 2118 5752 facilis,ac

2284 5673 2381 5729 Καὶ
2423 5660 2624 5748 mide
2672 5690 2765 5745 μοι
2813 5665 2915 5740 ἀεὶ,
2977 5668 3050 5730 ὡς
3105 5666 3351 5744 ἱλεήμων
3418 5668 3503 5724 οιαὶ
3560 5660 3814 5741 συμπαθὴς

3956 92 4002 399 l

3970 402 3991 445 μὲ
