4076 6216
1360 295 1801 359 ACOLUTHIA
1851 294 2243 359 TBIPLICIS
2284 296 2524 358 FESTI.

3317 310 3500 362 CCCLX
3508 313 3678 363 XXVII

309 431 392 487 καὶ
422 427 712 509 φιλάγαθος
749 444 764 459 ⁹
800 428 855 483 ὲν
912 429 1009 503 μὲν
1069 436 1147 503 τῷ
1191 430 1410 497 παρόντι
1468 428 1567 504 βίῳ
1597 431 1762 507 θερμὴ
1813 450 1936 509 προ-

2037 427 2229 503 bona;
2258 432 2394 491 etin
2427 430 2538 492 hac
2559 431 2799 512 quidem
2854 430 2969 493 vita
2998 430 3235 492 fervens
3270 440 3537 512 patrona,
3573 443 3667 496 at-

308 520 485 581 στάτις
544 520 634 574 καὶ
664 518 882 597 βοηθός,
914 519 1009 582 τὰς
1041 518 1147 574 τῶν
1178 517 1424 575 ἐναντὶων
1463 516 1675 596 ἐφόδους
1720 521 1942 577 ἀποτει-

306 611 549 686 χίζουσα,
603 611 690 663 καὶ
734 609 862 685 πρὸς
909 608 1174 685 σωτηρίαν
1224 607 1585 685 καθοδηγοῦσα
1639 631 1727 688 με,
1775 612 1861 665 καὶ
1893 608 1945 664 ἐν

303 706 377 771 τῷ
408 720 576 774 καιρῳ
605 696 700 763 τῆς
733 695 907 761 ἐξόδου
957 720 1059 772 μου
1114 697 1214 763 τὴν
1258 696 1438 753 ἀθλίαν
1486 721 1583 772 μου
1615 702 1798 779 ψυχὴν
1844 722 1945 754 πε-

298 787 586 862 ριέπουσα,
636 788 721 841 διαὶ
768 788 861 850 τὰς
925 786 1199 848 σκοτεινὰς
1231 786 1380 860 ὄψεις
1412 786 1515 842 τῶν
1548 794 1794 865 πονηρῶν
1826 786 1945 843 δαι-

296 879 480 953 μόνων
539 873 717 952 πόρῤω
775 880 941 942 αὐτῆς
1001 875 1365 931 ἀπελαύνουσι
1395 892 1409 906 °
1473 874 1526 929 έν
1558 873 1611 930 δὲ
1654 883 1721 951 τῇ
1753 874 1946 955 φοϐερᾷ

293 964 469 1041 ᾑμέρᾳ
526 965 623 1032 τῆς
687 966 911 1042 κρίσεως

298 1077 457 1128 σεως,
503 1056 591 1110 καὶ
622 1053 719 1121 τῆς
744 1051 1046 1131 ἀπορρήτου
1080 1050 1235 1120 δόξης
1300 1054 1380 1110 εοῦ
1410 1062 1502 1110 σοῦ
1535 1057 1653 1109 Υἱοῦ
1696 1057 1782 1110 καὶ
1816 1062 1945 1111 Θεοῦ

296 1145 452 1218 ἡμῶν
482 1146 816 1221 κληρονόμον
864 1164 929 1217 με
970 1141 1376 1199 ἀποδεικνῦουσα
1414 1159 1427 1173 ’
1463 1146 1528 1210 ἧς
1582 1146 1667 1200 καὶ
1698 1147 1943 1225 τύχοιμι,

300 1233 567 1288 Δέσποινα
609 1255 712 1306 μου
768 1233 1024 1311 ὕπεραγία
1077 1235 1329 1308 Θεοτόκε,
1365 1231 1449 1289 διὰ
1479 1234 1573 1301 τῆς
1636 1234 1732 1301 σῆς
1777 1257 1948 1309 μεσι-

294 1323 440 1383 τείας
497 1327 584 1378 καὶ
641 1320 1003 1401 ἀντιλήψεως,
1064 1321 1246 1401 χάριτι
1314 1326 1401 1378 καὶ
1454 1322 1814 1403 φιλανθρωπίᾳ
1857 1330 1948 1381 τοῦ

296 1420 617 1487 μονογενοῦς
661 1432 753 1466 σου
814 1410 957 1489 Υἱοῦ,
1004 1419 1097 1467 τοῦ
1144 1413 1330 1489 Κυρίου
1373 1414 1458 1468 καὶ
1492 1418 1644 1485 Θεοῦ,
1687 1416 1775 1470 καὶ
1811 1414 1944 1469 Σω-

294 1505 459 1578 τῆρος
516 1503 669 1575 ἡμῶν
731 1498 906 1565 Ἰησοῦ
954 1508 1178 1579 Χριστοῦ
1212 1517 1229 1532 ⁸
1288 1502 1334 1575 ᾧ
1383 1502 1574 1579 πρέπει
1623 1509 1765 1558 πᾶσα
1798 1502 1941 1577 δόξα,

293 1591 427 1664 τιμὴ
485 1592 574 1646 καὶ
630 1590 1011 1666 προσκύνησις,
1061 1591 1147 1644 σ’λν
1209 1595 1280 1662 τῷ
1322 1590 1543 1670 ἀνάρχιρ
1594 1594 1747 1648 αὖτοῦ
1786 1596 1944 1671 Πατρὶ

295 1681 380 1736 sui
426 1685 505 1753 τῷ
555 1680 797 1755 παναγίῳ
842 1682 930 1735 καὶ
978 1680 1158 1757 ἀγαθῷ
1187 1683 1276 1736 καὶ
1305 1688 1550 1755 ζωοποιῷ
1581 1684 1738 1738 αὑτοῦ
1772 1683 1942 1738 Πνεῦ-

991 964 1085 1031 τῆς
1143 966 1351 1020 αἶωνίου
1396 986 1461 1039 με
1504 964 1731 1043 ῥυομένη
1776 965 1944 1022 κολά-

294 1794 453 1851 ματι,
482 1779 569 1827 νῦν
627 1773 714 1828 καὶ
766 1774 869 1844 ἀεὶ,
903 1774 990 1828 καὶ
1047 1774 1119 1836 εἰς
1163 1773 1283 1837 τοὺς
1336 1780 1525 1837 αἰῶνας
1554 1779 1657 1829 τῶν
1712 1774 1939 1834 αἰώνων,
1967 1803 2008 1855 Β

293 1857 497 1936 Ἀμήν,

379 1979 479 2034 Καὶ
534 1975 621 2040 δὸς
687 1975 841 2051 ἡμῖν,
908 1976 1174 2040 Δέσποτα,
1251 1979 1380 2042 πρὸς
1464 1978 1624 2034 ὕπνον
1697 1979 1937 2036 ἀπιοῦσιν

301 2063 592 2122 ἀνάπαυσιν
621 2066 870 2142 σώματος
903 2068 989 2122 καὶ
1047 2071 1231 2146 ψυχῆς
1270 2090 1281 2102 ·
1317 2070 1403 2125 καὶ
1435 2066 1747 2148 διαφύλαξον
1794 2070 1935 2144 ἡμᾶς

293 2155 397 2211 ἀπὸ
457 2166 549 2214 τοῦ
591 2163 810 2235 ζοφεροῦ
862 2155 1025 2212 ὕπνου
1078 2162 1178 2223 τῆς
1223 2158 1506 2237 ἁμαρτίας,
1553 2160 1639 2213 καὶ
1702 2159 1807 2214 ἀπὸ
1838 2160 1938 2215 πά-

298 2266 398 2310 σης
460 2250 733 2311 σκοτεινῆς
791 2247 878 2301 καὶ
943 2251 1244 2325 νυκτερινῆς
1334 2245 1669 2314 ἡδυπαθείας.
1739 2250 1942 2304 Παῦσον

294 2337 390 2397 τὰς
450 2336 618 2409 ὁρμὰς
662 2341 769 2389 τῶν
814 2337 994 2390 παθων
1032 2352 1045 2365 ⁶
1101 2332 1288 2391 σϐέσον
1331 2338 1397 2391 τὰ
1432 2337 1783 2416 πεπυρωμένα
1811 2337 1942 2413 βέλη

290 2432 385 2480 τοῦ
446 2431 706 2502 πονηροῦ,
761 2424 829 2479 τὰ
885 2422 1000 2479 καθ’
1045 2426 1201 2499 ἡμῶν
1259 2423 1446 2485 δολίως
1507 2428 1815 2501 κινούμενα’
1849 2429 1943 2490 τὰς

287 2513 385 2582 τῆς
420 2515 615 2590 σαρκὸς
660 2514 815 2587 ἡμῶν
847 2512 1231 2573 ἐπαναστάσεις
1278 2513 1649 2588 κατάστειλον,
1702 2517 1787 2571 καὶ
1840 2522 1940 2571 πᾶν

288 2601 489 2682 γεῶδες
541 2604 625 2657 καὶ
655 2602 835 2658 ὑλικόν
865 2603 1022 2676 ἡμῶν
1067 2605 1315 2683 φρόνημα
1348 2604 1609 2679 κοίμησον
1645 2622 1658 2634 ⁸
1693 2606 1779 2661 καὶ
1831 2604 1940 2660 δώ-

287 2715 455 2765 ρησαι
506 2694 664 2771 ἡμῖν,
716 2693 746 2746 ὁ
803 2694 955 2765 Θεὸς,
992 2695 1258 2771 γριζγορον
1290 2700 1433 2773 νοῦν,
1486 2695 1730 2773 σώφρονα
1783 2693 1938 2771 λογι-

289 2786 451 2857 σμὸν,
502 2779 713 2857 καρδίαν
771 2783 1066 2862 νήφουσαν,
1113 2782 1273 2839 ὕπνον
1304 2782 1553 2862 ἐλαφρὸν,
1620 2786 1703 2840 καί
1760 2786 1937 2851 πάσης

289 2876 583 2937 σατανικῆς
635 2871 921 2950 φαντασίας
978 2871 1420 2949 ἀπηλλαγμένον,
1472 2875 1836 2941 Διανσέστησον
1885 2873 1939 2929 δὲ

287 2962 435 3033 ἡμᾶς
482 2959 535 3015 ἐν
566 2963 641 3034 τῷ
689 2967 859 3038 καιρῷ
902 2962 1000 3026 της
1044 2964 1380 3041 προσευχῆς,
1428 2962 1835 3042 ἐστηριγμένους
1886 2962 1940 3019 ἐν

282 3063 408 3112 ταῖς
442 3047 688 3113 ἐντολαῖς
720 3071 837 3121 σου,
872 3051 959 3105 καὶ
985 3050 1083 3115 τὴν
1116 3052 1337 3125 μνήμην
1368 3058 1471 3107 τῶν
1499 3058 1605 3107 σῶν
1635 3054 1935 3131 χριμάτων,

2029 538 2143 600 que
2180 520 2536 600 auxiliatrix,
2590 539 2874 583 coercens
2907 520 3347 582 adversantium
3384 521 3666 603 impetus,

2031 618 2086 671 et
2118 612 2266 671 viam
2298 609 2369 670 ad
2402 611 2652 673 salutem
2676 620 3153 673 commonstrans
3182 634 3195 685 ;
3232 610 3456 672 deinde
3487 613 3675 675 exitus

2033 700 2148 760 mei
2197 708 2465 781 tempore
2518 709 2755 781 protege
2803 700 3079 761 miseram
3142 717 3334 762 meam
3388 701 3671 777 animam,

2032 788 2499 871 tenebrosasque
2556 790 2844 850 malorum
2901 788 3238 850 daemonum
3268 789 3493 851 formas
3534 809 3674 871 pro-

2031 877 2124 940 cul
2158 879 2417 960 repelle;
2453 880 2511 939 in
2546 878 2857 939 tremendo
2891 886 3089 939 autem
3122 878 3509 957 diejudiciia
3540 898 3672 959 p03-

2032 986 2105 1029 na
2127 968 2490 1048 sempiterna
2541 988 2682 1029 erue
2716 987 2832 1041 me,
2891 977 2948 1028 et
2972 968 3061 1030 fac
3095 967 3395 1029 haeredem
3422 968 3552 1030 Filii
3586 970 3672 1031 tui

2030 1066 2087 1120 et
2118 1057 2223 1120 Dei
2278 1060 2464 1120 nostri
2516 1058 2837 1120 ineffabilis
2896 1058 3140 1137 gloriae;
3206 1076 3379 1138 quam
3432 1058 3671 1121 tandem

2030 1147 2348 1228 adipiscar,
2386 1147 2636 1211 Domina
2670 1165 2799 1209 mea
2855 1146 3231 1209 sanctissima
3262 1148 3538 1229 Deipara,
3575 1156 3674 1211 tua

2030 1235 2465 1300 intercessione
2496 1256 2562 1299 ac
2596 1238 2800 1317 tutela,
2835 1237 3145 1315 gratiaque
3190 1245 3249 1299 et
3307 1236 3673 1318 benignitate

2031 1327 2316 1404 unigeniti
2354 1333 2433 1388 tui
2471 1328 2624 1407 Filii,
2662 1326 2919 1400 Domini,
2960 1330 3064 1390 Dei
3098 1336 3156 1389 et
3179 1326 3506 1390 Servatoris
3537 1347 3673 1391 nos-

2031 1415 2265 1478 triJesu
2296 1416 2514 1478 Christi
2545 1437 2558 1491 ;
2595 1417 2980 1479 cuiconvenit
3008 1417 3205 1477 omnis
3230 1417 3439 1495 gloria,
3478 1419 3665 1479 honor

2028 1514 2086 1565 et
2110 1505 2396 1587 adoratio,
2435 1526 2568 1569 cum
2599 1526 2705 1568 suo
2733 1506 2997 1583 ingenito
3032 1508 3226 1587 Patre,
3262 1516 3319 1567 et
3356 1507 3671 1568 sanctissi-

2030 1612 2148 1669 mo,
2207 1594 2504 1677 bonoque,
2558 1614 2624 1657 ac
2680 1595 2912 1655 vivifico
2965 1614 3071 1656 suo
3116 1596 3367 1676 Spiritu,
3423 1615 3585 1658 nunc
3614 1604 3672 1658 et

2028 1700 2285 1764 semper,
2322 1696 2379 1747 et
2409 1689 2469 1747 in
2500 1686 2712 1749 saecula
2739 1684 3114 1748 saeculorum.
3152 1691 3365 1749 Amen.

2100 1971 2238 2034 273.
2277 1974 2354 2035 Da
2388 1972 2863 2053 nobis,Domine,
2899 1972 3161 2035 cubitum
3188 1972 3662 2037 concedentibus

2021 2062 2281 2142 quietem
2314 2063 2668 2143 corporis,et
2691 2062 3045 2136 animae,eta
3069 2063 3399 2142 caliginoso
3434 2064 3668 2145 peccati

2026 2170 2238 2213 somno
2269 2170 2376 2212 nos
2406 2150 2907 2233 libera,omnique
2935 2151 3253 2214 tenebrosa
3280 2171 3348 2214 ac
3378 2162 3668 2216 nocturna

2029 2240 2301 2303 mollitie.
2337 2240 2617 2319 Reprime
2651 2241 2977 2303 motionum
3026 2242 3326 2321 impetus;
3360 2243 3669 2322 exstingue

2027 2328 2213 2408 ignita
2229 2329 2471 2409 maligni
2495 2330 2693 2409 jacula
2710 2333 3029 2392 adversum
3050 2350 3158 2393 nos
3175 2331 3383 2393 dolose
3403 2333 3621 2394 emisso
3646 2356 3661 2404 ;

2028 2420 2226 2481 carnis
2256 2427 2467 2481 nostrae
2522 2420 2917 2482 rebellionem
2970 2440 3286 2503 compone,
3337 2431 3395 2482 et
3426 2441 3663 2484 omnem

2029 2513 2535 2588 terrenam,atque
2560 2509 2927 2570 materialem
2958 2510 3016 2570 in
3051 2509 3226 2570 nobis
3248 2512 3664 2588 cogitationem

2024 2598 2190 2674 scpi;
2226 2597 2443 2676 largire
2475 2606 2669 2658 autem
2698 2597 2891 2673 nobis,
2927 2598 3377 2673 Deus,mentem
3414 2600 3665 2679 vigilan-

2026 2688 2528 2766 tem,prudentem
2554 2686 2953 2763 intellectum,
2984 2706 3088 2749 cor
3112 2695 3364 2767 castum,
3389 2707 3663 2751 somnum

2026 2776 2306 2854 levem,et
2327 2774 2400 2837 ab
2434 2775 2595 2837 omni
2628 2774 2904 2838 Satanica
2934 2775 3351 2854 imaginatione
3383 2777 3662 2840 liberum.

2024 2867 2319 2946 Tempore
2339 2866 2621 2926 orationis
2640 2865 2715 2925 de
2737 2884 2948 2926 somno
2982 2864 3173 2927 excita
3192 2874 3390 2945 nos,in
3427 2867 3665 2929 manda-

2025 2955 2100 3015 tis
2134 2954 2250 3016 tuis
2282 2954 2589 3027 ﬁrmatos;
2622 2968 2681 3014 et
2713 2954 2898 3028 fac,ut
2930 2955 3276 3017 memoriam
3307 2964 3542 3019 tuorum
3567 2958 3668 3036 ju-

2026 3045 2319 3107 diciorum
2353 3042 2742 3105 indelebilem
2808 3063 3137 3108 servemus.
3191 3044 3275 3105 Da
3309 3044 3480 3108 nobis
3509 3065 3666 3126 quo-

282 3138 334 3194 ἐν
380 3140 598 3202 ἑαυτοῖς
659 3138 1092 3216 ἀπαράθραυστον
1133 3139 1383 3219 ἔχοντας,
1434 3143 1729 3221 Παννύχιον
1798 3144 1935 3210 ἡμῖν

2025 3153 2157 3215 que,
2188 3143 2252 3195 ut
2280 3152 2386 3214 per
2438 3142 2672 3194 noctem
2709 3142 2883 3195 totam
2918 3134 3291 3196 celebremus
3323 3143 3381 3197 et
3410 3133 3663 3199 benedi-

282 3236 380 3296 την
444 3227 748 3305 δοξολογίαν
804 3229 1051 3307 χάρισαι,
1113 3230 1185 3292 εἷς
1241 3232 1303 3285 τὸ
1360 3231 1547 3306 ὑμνεῖν
1583 3232 1668 3287 καὶ
1700 3231 1941 3310 εὐλογεῖν

279 3320 366 3375 καὶ
429 3316 665 3387 δοξαζειν
718 3318 776 3372 τὸ
835 3318 1095 3392 πάντιμον
1162 3321 1248 3375 καὶ
1309 3320 1713 3399 μεγαλοπρεπὲς
1773 3320 1940 3394 ὄνομά

282 3429 398 3482 σου,
434 3413 530 3463 τοῦ
558 3406 786 3483 Πατρὸς,
821 3409 911 3463 καὶ
940 3416 1033 3465 τοῦ
1082 3410 1222 3481 rio-3,
1276 3410 1365 3463 καὶ
1407 3418 1499 3468 τοῦ
1557 3410 1704 3488 ἁγίου
1768 3412 1938 3465 Πνεῦ-

281 3519 481 3571 ματος,
512 3504 600 3553 νῦν
632 3496 719 3550 καὶ
753 3494 858 3572 ἀεὶ,
892 3496 979 3552 καὶ
1034 3497 1107 3560 εἰς
1159 3498 1279 3562 τοὺς
1340 3499 1533 3562 αἰῶνας
1569 3505 1673 3554 τῶν
1709 3499 1935 3561 αἰώνων,

281 3584 487 3662 Ἀμήν.
1282 3648 1309 3668 ι

363 3676 468 3733 Καὶ
524 3675 726 3753 γίνεται
800 3671 1081 3752 ἀπόλυσις,
1159 3678 1247 3733 καὶ
1298 3678 1333 3745 ἡ
1402 3676 1743 3759 συγχώρησις
1797 3678 1936 3753 παρὰ

282 3772 373 3822 ¹ιοῦ
408 3762 618 3843 ἱερέως.

2024 3243 2228 3287 camus
2254 3233 2429 3304 atque
2488 3224 2891 3303 glorificemus
2942 3233 3256 3304 augustum
3298 3233 3357 3286 et
3390 3227 3661 3304 magniﬁ-

2023 3332 2157 3375 cum
2186 3331 2405 3375 nomen
2439 3323 2630 3384 tuum,
2664 3313 2858 3376 Patris
2888 3322 2948 3376 et
2975 3313 3106 3377 Filii
3142 3324 3200 3376 et
3242 3314 3430 3376 sancti
3463 3315 3659 3395 Spiri-

2022 3410 2136 3478 tus,
2172 3422 2329 3464 nunc
2371 3409 2432 3465 et
2487 3420 2747 3483 semper,
2802 3412 2862 3465 et
2903 3404 2965 3465 in
3009 3404 3225 3467 saecula
3282 3406 3659 3467 saeculorum.

2022 3494 2237 3558 Amen.

2100 3669 2256 3824 [ﬁtﬁt
2285 3670 2573 3747 dimissio,
2612 3683 2670 3735 et
2709 3673 3065 3737 delictorum
3121 3675 3354 3737 veniam
3389 3676 3533 3757 petit
3558 3694 3658 3739 sa-

2100 3781 2119 3824 r
2165 3780 2253 3824 os.

2018 3780 2253 3824 ceruos.

365 3942 514 4025 274.
566 3941 755 4006 Coum.
801 3942 908 4005 Hic
943 3952 1147 4025 monet
1192 3943 1602 4024 Horologium,
1646 3944 1812 4005 illum
1862 3942 2050 4004 veniae
2099 3942 2373 4025 petendae
2401 3941 2582 4002 ritum
2616 3940 3003 4022 quarendum
3029 3961 3166 4007 esse
3191 3962 3265 4005 ex
3301 3944 3659 4025 Appodipno

288 4024 545 4105 majore,
585 4026 748 4086 unde
780 4042 898 4085 non
924 4023 1216 4105 gravabor
1238 4022 1806 4088 illum'describere.
1840 4025 1938 4088 Sic
1970 4042 2112 4102 ergo
2145 4022 2344 4087 habet.

362 4207 608 4274 Ποιήσας
657 4206 683 4260 ὁ
739 4204 1007 4280 προεστὼς
1074 4203 1357 4279 μετάνοιαν
1443 4204 1529 4260 ἐπὶ
1599 4206 1725 4282 γῆς,
1790 4204 1932 4282 λέγει

2096 4200 2451 4283 Praepositus
2480 4200 2775 4264 inclinans
2806 4202 2973 4279 sejad
3030 4209 3246 4264 terram
3287 4221 3475 4283 usque
3515 4203 3654 4266 dicit

280 4308 398 4358 τοῖς
460 4292 709 4373 ἀδελφοῖς
744 4311 758 4324 ⁸
810 4293 1119 4371 Εὗλογεϊτε,
1152 4292 1377 4371 πατέρες
1422 4293 1596 4372 ἅγιοι,
1648 4297 1934 4373 συγχωρή-

281 4384 404 4440 σατέ
457 4405 548 4457 μοι
602 4384 679 4457 τῷ
735 4381 1041 4460 ἁμαρτολῴ.
1114 4383 1209 4439 Καὶ
1266 4383 1311 4438 οἱ
1356 4380 1569 4460 ἀδελφοί
1602 4400 1621 4421 ⁸
1684 4381 1743 4440 Ὀ
1800 4385 1931 4447 Θεὸς

276 4474 620 4553 συγχωρήσει
651 4494 757 4552 σοι,
794 4475 964 4549 Πάτερ
995 4470 1134 4548 ἅγιε.
1200 4474 1298 4528 Καὶ
1345 4471 1603 4551 ἄρχονται
1666 4475 1711 4528 οἱ
1769 4470 1930 4528 ἀδελ-

275 4564 357 4640 φοὶ
387 4563 500 4617 ἀπὸ
528 4569 620 4617 τοῦ
667 4560 833 4626 δεξιοῦ
891 4563 979 4617 καὶ
1036 4561 1312 4639 ἀριστεροῦ
1370 4568 1537 4641 χοροῦ
1593 4563 1727 4618 κατά
1784 4562 1928 4627 τάξιν

276 4663 353 4715 εἷς
397 4652 489 4707 καὶ
520 4650 606 4712 εἷς
640 4663 819 4707 ποιεῖν
865 4651 1087 4730 ὁμοίως,
1135 4651 1226 4707 καὶ
1271 4652 1528 4706 αἰτεῖσθαι
1562 4655 1650 4707 καὶ
1708 4650 1925 4725 λαμϐά-

277 4762 379 4796 νειν
438 4740 810 4821 συγχώρησιν,
870 4742 1064 4820 μέχρις
1132 4740 1195 4795 ἂν
1253 4740 1608 4820 πληρωθῶσιν
1669 4743 1921 4807 ἅπαντες.

277 4828 336 4887 ’0
366 4828 423 4884 δὲ
477 4832 643 4905 ἱερεὺς
688 4831 882 4911 λέγει’
951 4829 1234 4906 Εῦξώμεθα
1292 4831 1419 4908 ὑπὲρ
1482 4834 1588 4887 tti
1644 4830 1928 4911 ὀρθοδόξων

280 4923 630 4996 Χριστιανῶν,
700 4923 796 4980 Καὶ
854 4918 1068 4987 ἀδελφοὶ
1123 4926 1364 5001 συνεχῶς
1420 4922 1504 5001 τὸ,
1557 4921 1732 5000 Κύριε,
1767 4921 1929 4990 ἐλέη-

282 5028 392 5066 σον.
429 5007 597 5089 ’Υπὲρ
628 5008 927 5072 εὖοδώσεως
960 5012 1046 5065 καὶ
1090 5010 1419 5090 ἐνισχῦσεως
1463 5018 1554 5067 τοῦ
1587 5010 1931 5091 φιλοχρίστου

282 5107 524 5175 στρατοῦ.
557 5096 719 5179 ’Υπὲρ
741 5106 837 5156 τοῦ
860 5101 1285 5179 ἀρχιεπισκόπου
1305 5102 1461 5175 ἡμῶν
1471 5149 1488 5174 ,
1514 5102 1600 5156 καὶ
1629 5100 1805 5167 πάσης
1829 5106 1929 5169 τῆς

283 5185 334 5241 ἒν
368 5193 575 5267 Χριστῴ
604 5190 757 5265 ἡμῶν
791 5188 1173 5269 ἄδελρότητος.
1221 5187 1384 5268 ’Υπὲρ
1427 5198 1532 5246 τῶν
1575 5189 1926 5270 ἀπολειφθέν-

283 5297 383 5331 των
432 5278 673 5357 πατέρων
723 5282 813 5334 καὶ
868 5278 1108 5358 ἀδελφῶν
1164 5284 1341 5354 ἡμῶν,
1395 5277 1557 5357 ’Υπὲρ
1606 5285 1710 5335 τῶν
1739 5279 1927 5338 διακο-

282 5368 506 5424 νούντων
536 5371 623 5424 καὶ
655 5367 1081 5435 διακονησάντων
1139 5370 1300 5437 ἡμῖν,
1354 5366 1516 5447 ’Υπὲρ
1546 5378 1650 5426 τῶν
1705 5372 1926 5440 μισοῦν·-

264 5456 383 5511 ’των
440 5460 527 5513 καὶ
565 5458 896 5536 ἀγαπώντων
950 5460 1115 5533 ἡμᾶς,
1182 5457 1345 5537 ’Υπὲρ
1386 5462 1491 5515 τῶν
1542 5458 1926 5534 έντειλαμένων

282 5544 413 5618 ἡμῖν
474 5561 590 5609 τοῖς
651 5546 881 5613 ἀναξίοις
960 5546 1206 5627 εὔχεσθαι
1293 5550 1421 5627 ὑπὲρ
1482 5554 1674 5610 αὖτῶθ,
1764 5548 1925 5630 ’Υπὲρ

283 5632 603 5712 ἀναρρύσεως
661 5643 769 5693 τῶν
814 5638 1207 5717 αἰχμαλώτων.
1270 5638 1431 5717 ’Υπὲρ
1463 5645 1568 5695 τῶν
1619 5644 1672 5695 ἐν
1722 5637 1925 5697 θαλάσ-

2015 4290 2334 4351 fratribus:
2361 4290 2943 4361 Benedicite,Patres
2960 4291 3473 4368 sancti,ignoscite
3506 4292 3653 4354 mihi

2017 4380 2338 4461 peccatori.
2376 4382 2446 4440 Et
2478 4381 2686 4441 fratres
2723 4399 2737 4439 :
2795 4382 2954 4442 Deus
2995 4382 3263 4458 ignoscet
3313 4381 3443 4456 tibi,
3486 4385 3662 4446 Pater

2014 4482 2240 4533 sancte.
2277 4468 2346 4530 Et
2377 4469 2668 4550 incipiunt
2724 4469 2941 4530 fratres
2988 4488 3022 4530 a
3053 4471 3297 4533 dextero
3327 4481 3386 4533 et
3416 4471 3656 4534 sinistro

2013 4559 2195 4621 choro
2218 4559 2550 4622 secundum
2572 4558 2849 4620 ordinem
2881 4558 3099 4636 singuli
3114 4558 3309 4622 facere
3323 4562 3656 4623 consimili-

2011 4656 2103 4709 ter
2114 4648 2413 4710 etalterab
2428 4647 2612 4711 altero
2628 4649 3197 4729 petere,etaccipere
3212 4650 3656 4719 veniam,donec

2012 4755 2222 4799 omnes
2252 4737 2631 4799 absolverint.
2686 4736 2835 4800 Tum
2866 4739 3144 4800 sacerdos
3172 4739 3318 4800 dicit
3348 4761 3361 4803 :
3403 4738 3658 4804 Oremus

2014 4846 2118 4909 pro
2142 4826 2500 4889 Christianis
2528 4835 2692 4887 recte
2716 4826 3133 4890 sentientibus.
3161 4828 3235 4889 Et
3265 4828 3475 4889 fratres
3505 4829 3653 4890 assi-

2014 4915 2877 4997 due,Domine,miserere.Pro
2900 4916 3061 4978 felici
3085 4916 3324 4992 itinere,
3358 4928 3419 4980 et
3440 4917 3658 4982 robore

2016 5006 2336 5069 Christiani
2361 5007 2682 5068 exercitus.
2720 5006 2832 5067 Pro
2865 5006 3315 5088 archiepiscopo
3338 5017 3565 5090 nostro,
3597 5018 3659 5071 et

2014 5105 2131 5159 tota
2152 5106 2355 5158 nostra
2377 5096 2435 5158 in
2456 5096 2688 5160 Christo
2711 5095 3098 5158 fraternitate.
3127 5096 3236 5157 Pro
3272 5098 3564 5179 patribus,
3597 5108 3657 5163 et

2013 5187 2297 5249 fratribus
2322 5189 2542 5247 nostris
2565 5184 2890 5248 derelictis.
2914 5188 3023 5247 Pro
3048 5186 3463 5265 omnibus.qui
3485 5188 3656 5250 nobis

2012 5276 2298 5351 serviunt,
2340 5285 2397 5337 et
2428 5276 2780 5337 servierunt.
2820 5278 2930 5337 Pro
2964 5276 3322 5337 habentibus
3354 5296 3459 5338 nos
3491 5279 3652 5359 odio,

2010 5377 2068 5429 et
2097 5367 2458 5429 amantibus.
2492 5364 2603 5426 Pro
2654 5363 2957 5439 omnibus,
2987 5366 3090 5442 qui
3129 5386 3161 5428 a
3200 5365 3653 5446 nobisindignis

2011 5455 2308 5537 petierunt
2339 5474 2444 5534 pro
2470 5472 2531 5514 se
2567 5459 2747 5515 orari.
2797 5457 2905 5515 Pro
2938 5455 3353 5536 redemptione
3386 5458 3649 5534 captivo-

2008 5564 2165 5608 rum.
2192 5548 2306 5608 Pro
2331 5542 2740 5624 navigantibus
2786 5543 2846 5603 in
2891 5545 3057 5604 mari.
3094 5544 3205 5606 Pro
3222 5545 3557 5622 jacentibus
3591 5544 3649 5604 in

2010 5634 2494 5699 infirmitate.Pro
2528 5633 2804 5696 ubertate
2827 5633 3123 5697 fructuum
3150 5644 3343 5697 terrae.
3380 5636 3494 5696 Pro
3526 5651 3650 5693 om-
