4076 6216
546 373 780 423 CCCXC“

1943 336 2537 419 PROLEGOMENA.

549 489 700 553 simo
720 493 973 567 alboque
1011 492 1198 565 vultu,
1233 489 1423 551 oculis
1444 488 1601 550 cavis
1621 494 1679 549 et
1711 487 1996 550 bulbosis.
2037 487 2176 549 Hinc

2274 494 2567 570 μυκτῆρας,
2613 492 2921 571 ὠχρότατος
2953 493 3089 562 μετὰ
3142 499 3236 547 τοὺ
3282 491 3492 571 λευκοῦ,
3540 492 3747 557 κοίλους
3780 495 3895 557 τοὺς

550 583 817 652 ﬁebat,ut
839 582 969 660 ejus
986 588 1261 659 aspectus
1281 581 1568 639 reniteret
1588 577 1918 657 gratiosior.
1954 576 2186 639 etiamsi

550 673 719 732 triste
734 671 955 750 aliquid
976 670 1203 749 reliqua
1219 668 1407 728 forma
1422 686 1542 748 prae
1553 685 1618 730 se
1637 668 1817 729 ferret
1878 667 2013 728 Erat
2030 668 2187 728 nuda

550 779 877 839 magnaque
936 760 1125 819 fronte
1183 766 1241 818 et
1270 758 1470 820 multis
1503 766 1767 838 perarata
1802 759 2004 835 rugis:
2056 778 2182 818 am-

548 849 657 927 plis
690 849 826 907 item
860 846 1239 926 auribus,sed
1274 845 1458 906 barba
1484 845 1647 908 tenui
1669 854 1727 906 et
1760 845 2063 906 rarissima
2092 864 2186 908 ca-

549 938 760 1013 nisque
779 935 911 1016 pilis
932 935 1567 998 veneranda.Maxillas
1582 935 1833 997 habebat
1860 934 2181 995 introrsum

544 1025 884 1104 depressas,
948 1043 1068 1104 pra;
1127 1024 1509 1100 rigidissima,
1563 1042 1677 1103 qua
1720 1042 1784 1085 se
1820 1023 2179 1097 macerabat,

543 1113 762 1175 inedia.
818 1114 940 1175 Hoc
968 1132 1109 1175 vero
1142 1131 1390 1174 necesse
1436 1120 1523 1174 est
1549 1113 1624 1174 de
1656 1131 1726 1174 eo
1770 1111 1995 1192 dicere,
2026 1114 2183 1194 quod

546 1204 828 1264 omnibus
861 1204 1035 1265 etiam
1065 1204 1306 1264 ercim
1350 1200 1720 1279 sapientibus
1750 1202 2182 1274 antecelluerit,

544 1303 664 1354 tum
682 1293 1080 1373 scientia,tum
1100 1292 1351 1353 maxime
1365 1291 1663 1370 cogitandi
1680 1292 1980 1368 acumine,
2020 1292 2144 1352 ﬂori
2163 1328 2183 1337 -

543 1383 740 1457 doque
762 1402 979 1461 genere
997 1382 1256 1443 dicendi:
1282 1381 1615 1442 laudandus
1643 1381 1817 1442 etiam
1840 1381 1996 1457 quod
2016 1381 2181 1442 codi-

543 1494 641 1536 ces
672 1494 869 1536 sacros
902 1484 1059 1535 tanta
1083 1475 1481 1553 explanaverit
1504 1474 1769 1535 claritate
1796 1482 2016 1549 quanta
2041 1473 2185 1533 alio-

539 1578 671 1625 rum
726 1583 936 1637 nemo;
1001 1565 1281 1646 quodque
1340 1565 1422 1626 ita
1473 1562 1764 1625 studuerit
1808 1564 2183 1643 promulgare

544 1655 948 1733 Evangelium,
977 1665 1040 1715 ut
1075 1654 1189 1714 nisi
1221 1653 1431 1715 fuisset
1461 1653 1555 1714 hic
1610 1662 1851 1713 sanctus
1882 1652 2037 1713 (licet
2072 1654 2182 1712 hnc

541 1744 760 1803 dictum
794 1745 1067 1805 videatur
1114 1743 1547 1821 confidentius),
1578 1762 1725 1821 opus
1760 1742 1968 1802 fuisset
1996 1742 2182 1802 altero

540 1833 754 1895 Christi
790 1835 848 1894 in
876 1843 1061 1893 terras
1086 1833 1338 1893 adventu
1386 1853 1397 1893 :

541 1930 599 1982 et
622 1924 846 1983 virtutis
879 1922 1327 1990 exercitatione,
1351 1928 1411 1981 et
1429 1921 1933 1982 commentatione
1957 1921 2178 1982 divina-

536 2030 665 2072 rum
699 2030 897 2072 rerum
932 2011 1243 2091 prastabat
1266 2009 1681 2072 czeteris.Fons
1713 2009 1894 2069 etiam
1934 2011 2133 2071 miseri
2168 2048 2172 2053 λ

539 2101 758 2161 cordiaa
780 2111 835 2160 et
852 2100 1155 2163 charitatis
1176 2108 1549 2177 nuncupatus
1570 2099 1701 2159 fuit.
1732 2100 1804 2161 Et
1827 2100 2175 2165 certc.sicut

537 2190 799 2267 fulgebat
820 2190 1199 2263 doctrina,ite
1224 2190 1399 2250 etiam
1424 2189 1672 2250 ardebat
1689 2189 1815 2250 zelo
1836 2197 1892 2248 et
1914 2187 2175 2249 incredi-

542 2279 638 2339 bil:
662 2298 798 2357 erga
825 2280 1155 2359 proximum
1197 2280 1506 2340 charitate.
1543 2276 1698 2340 Vixit
1722 2296 1910 2339 annos
1935 2286 2053 2339 tres
2082 2297 2175 2337 su-

539 2387 638 2448 pra
672 2370 1058 2447 sexaginta,et
1080 2387 1179 2430 sex
1210 2367 1789 2447 gubernavitChristi
1822 2366 2169 2430 Ecclesiam.

620 2460 864 2535 Magnus
895 2458 1171 2527 Basilius,
1233 2456 1434 2518 habitu
1481 2456 1771 2537 corporis,
1827 2457 1885 2517 in
1931 2456 2170 2516 multam

539 2549 950 2628 proceritatem
984 2555 1198 2609 erectae
1232 2547 1435 2621 ﬁgura;
1472 2546 1844 2608 excurrebat.
1885 2547 2027 2607 Erat
2058 2547 2167 2606 sic-

536 2657 641 2699 cus
666 2647 722 2697 et
756 2637 1127 2708 macilentus,
1154 2636 1326 2715 niger
1356 2635 1579 2710 colore,
1617 2635 1838 2715 pallore
1874 2644 2172 2714 tempera-

540 2736 632 2788 tus
661 2728 891 2805 faciem,
928 2727 1211 2806 [traditus
1242 2726 1461 2786 decoro
1495 2743 1640 2786 naso
1686 2734 1744 2786 et
1774 2725 2173 2787 circumﬂexis

537 2818 606 2878 ad
643 2814 1313 2896 hirquum,superciliis;
1353 2816 1408 2874 in
1442 2814 1663 2875 vertice
1693 2814 2075 2889 contractior;
2100 2814 2174 2873 si-

540 2905 695 2968 milis
727 2903 1422 2983 cogitabundo,pauculis
1446 2902 1505 2963 in
1526 2903 1720 2963 fronte
1750 2902 1910 2976 rugis
1936 2921 2172 2981 capera-

538 3007 668 3068 tus;
704 2995 887 3055 malas
917 2994 1414 3070 oblungus,cavus
1447 3001 1913 3070 tempora,rasus
1946 2992 2068 3051 fere
2099 2993 2167 3052 al

536 3092 758 3161 cutem,
788 3082 1027 3143 barbam
1053 3080 1345 3154 nutriens,
1369 3098 1619 3160 eamque
1644 3080 1785 3140 satis
1819 3081 2169 3160 promissam

534 3194 602 3236 ac
634 3173 1018 3235 semicanam.
1058 3170 1311 3233 Anteivit
1362 3170 1619 3249 ingenio,
1686 3188 1802 3230 non
1837 3178 2063 3230 tantum
2103 3171 2236 3253 iisc

536 3270 635 3341 qui
666 3282 793 3330 suo,
820 3279 1019 3321 verum
1055 3260 1231 3321 etiam
1264 3259 1361 3339 qui
1396 3259 1597 3318 multis
1624 3267 1762 3319 ante
1806 3258 2043 3319 saeculis
2067 3260 2176 3319 llo-

533 3369 730 3411 ruere:
759 3350 976 3429 quippe
1000 3367 1131 3409 cum
1157 3365 1489 3426 peromnes
1532 3346 1808 3427 pulchras
1867 3348 2177 3408 ivissetar-

533 3440 715 3512 tes,in
735 3455 1086 3518 unaquaque
1111 3436 1505 3516 principatum
1531 3436 1741 3509 tenuit;
1768 3437 1961 3496 minus
1980 3445 2175 3498 autem

532 3548 665 3591 sese
696 3527 1013 3589 exercebat
1042 3526 1102 3586 in
1137 3525 1533 3606 philosophia,
1569 3528 1712 3586 satis
1755 3524 1982 3586 habens
2012 3544 2079 3587 se
2108 3545 2175 3587 ea

533 3619 685 3680 duce
715 3617 786 3679 ad
836 3636 1039 3678 rerum
1074 3617 1403 3676 divinarum
1437 3615 2003 3693 contemplationem
2040 3635 2175 3678 esse

536 3706 1089 3785 transgressumAd
1111 3704 1327 3767 summi
1354 3704 1670 3766 sacerdotii
1692 3704 1904 3765 solium
1934 3720 2176 3767 evectus

535 3808 625 3862 est
653 3796 1039 3878 quadraginta
1063 3810 1251 3857 annos
1278 3802 1537 3867 natus,et
1560 3793 1825 3874 quinque
1850 3795 2022 3855 annis
2057 3795 2174 3856 Ec-

536 3890 734 3951 clesia:
765 3885 1063 3966 pi'msedit.

619 3978 797 4041 Divus
845 3974 1161 4054 Gregorius
1218 3971 1557 4049 Theologus
1615 3972 1837 4034 slatura
1896 3971 2001 4032 fuit
2059 3992 2177 4035 me-

540 4066 784 4134 diocris,
818 4063 1209 4142 subpallidus,
1256 4062 1684 4141 aliquantulum
1742 4062 2053 4140 gratiosus.
2088 4063 2175 4122 si-

542 4175 698 4233 mus,
733 4154 911 4216 rectis
941 4159 1185 4213 ornatus
1235 4150 1594 4230 superciliis,
1640 4158 1886 4227 aspectu
1920 4150 2078 4210 mitis
2122 4160 2179 4211 et

543 4245 830 4327 placidus,
866 4240 1200 4302 subtristris
1229 4240 1416 4300 altero
1465 4238 1640 4298 oculo
1685 4236 1757 4315 (is
1790 4247 1915 4298 erat
1942 4238 2173 4318 dexter,

540 4353 716 4416 quem
742 4331 1088 4394 tuberculus
1109 4330 1270 4391 circa
1301 4329 1575 4407 hirquum
1610 4328 2032 4407 contraxerat),
2064 4348 2178 4389 non

542 4415 792 4506 prolixe,
828 4421 931 4482 sed
965 4419 1152 4480 dense
1178 4416 1677 4506 barbatus;rvalde
1700 4415 1929 4487 calvus,
1951 4416 2181 4495 capillis

539 4505 850 4580 candidus,
885 4507 1170 4570 extremis
1194 4505 1393 4567 barba)
1424 4505 1559 4584 pilis
1591 4505 1899 4583 subniger,
1928 4514 1984 4564 et
2010 4506 2177 4583 quasi

2271 578 2506 657 κόγχους
2551 587 2655 636 τῶν
2686 578 2970 659 ὀφθαλμῶν
2994 579 3163 660 ἔχων,
3198 582 3285 637 καί
3316 579 3536 656 βολϐοῖς
3587 583 3783 639 τούτων
3810 603 3900 638 κε-

2270 671 2543 747 χρημένος
2576 671 2859 749 μεγάλοις·
2897 671 2979 747 ἐφ’
3012 673 3101 737 οἷς
3124 676 3209 729 καὶ
3267 670 3561 752 συνέϐαινε,
3621 673 3899 753 χαριέστε-

2269 778 2355 834 ρον
2387 772 2508 822 ταῖς
2540 757 2726 835 ὅψεσιν
2756 757 3116 834 ἀποστίλϐειν,
3150 763 3193 815 εἳ
3218 762 3304 816 καὶ
3361 766 3436 833 τῷ
3495 760 3667 834 λοιπῷ
3721 784 3895 841 χαρα-

2269 852 2423 926 κτῆρι
2454 849 2544 904 τὸν
2576 848 2876 928 ἀχθόμενον
2908 847 3227 925 παρεδήλου·
3282 848 3438 923 ψιλὸς
3476 851 3562 906 καὶ
3621 850 3783 928 μέγας
3841 852 3901 906 τὸ

2268 934 2539 1015 μέτωπον,
2564 939 2652 993 καὶ
2692 936 2925 1001 πολλαῖς
2948 935 3118 1013 βολίσι
3176 938 3604 1017 κεχαραγμένος·
3639 941 3750 995 ὦτα
3805 961 3906 995 περ

2268 1045 2563 1103 ρικειμενος
2599 1027 2829 1102 μεγαλα,
2873 1028 3053 1083 καὶτὸ
3093 1026 3292 1102 γένευον
3351 1029 3538 1105 μικρὸν
3590 1029 3677 1083 καὶ
3733 1028 3907 1105 ἆραιόο

2268 1139 2426 1173 τατον
2470 1119 2572 1173 ὑπὸ
2598 1117 2816 1183 πολιαῖς
2845 1131 2968 1182 ταῖς
2999 1117 3155 1195 θριξὶν
3198 1117 3447 1184 ἑξανθῶν·
3500 1120 3592 1184 τὰς
3664 1123 3907 1199 σιαγόνας

2272 1206 2636 1279 ποπιεσμένας
2682 1205 2816 1264 εἴσίο
2847 1207 3015 1287 ἔχων,
3049 1215 3116 1283 τῇ
3149 1209 3365 1280 νηστείᾳ
3408 1209 3480 1273 είς
3506 1211 3566 1264 τὸ
3595 1208 3898 1287 ἆκρότατοι.

2270 1303 2531 1352 Τοσοῦτον
2573 1294 2627 1352 δὲ
2670 1298 2786 1375 περὶ
2832 1297 2989 1355 αὑτοῦ
3041 1299 3333 1374 ἀναγκαῖον
3382 1299 3576 1370 εἰπεῖν,
3643 1296 3721 1354 ὅτι
3764 1297 3906 1376 λόγῳ

2269 1385 2467 1445 πάντας
2502 1387 2587 1441 καὶ
2619 1387 2736 1449 τοὺς
2789 1386 2914 1463 παρ’
2950 1385 3192 1453 ’Ἕλλησι
3244 1387 3434 1464 σοφοὺς
3482 1388 3761 1467 ὑπερῆρεν,
3820 1388 3903 1453 ἐξ-

2271 1473 2489 1550 αιρέτως
2552 1472 2603 1529 δὲ
2663 1473 2924 1540 δεινότητι
2986 1481 3053 1550 τῇ
3097 1474 3215 1531 κατ’
3266 1475 3493 1548 ἔννοιαν,
3551 1478 3638 1532 καὶ
3684 1483 3759 1549 τῷ
3790 1475 3908 1551 λεέᾦ

2267 1566 2351 1617 καὶ
2385 1562 2594 1640 ἀνθηρῷ
2653 1569 2751 1630 τῆς
2797 1566 3036 1642 φράσεως
3073 1583 3085 1596 ⁸
3143 1566 3214 1625 είς
3266 1570 3513 1621 τοσοῦτον
3542 1563 3739 1635 δὲτὴν
3768 1568 3906 1623 θείαν

2270 1652 2476 1729 Γραιρὴν
2510 1651 2849 1731 ἐσαφήνισεν,
2898 1655 2969 1716 ὡς
3015 1656 3120 1709 τῶν
3183 1652 3361 1709 ἄλλων
3411 1652 3574 1717 οὐδείς
3609 1672 3623 1688 ⁸
3671 1656 3756 1710 καὶ
3813 1657 3910 1711 ὑπὸ

2266 1746 2341 1812 τῷ
2401 1742 2732 1817 εὐαγγελιιῷ
2767 1742 3065 1819 κηρύγματί
3122 1739 3488 1817 συνετέλεσεν,
3550 1745 3624 1804 ὡς
3655 1743 3698 1797 εἶ
3725 1744 3803 1816 μὴ
3848 1749 3908 1808 ἧν

1456 1849 1648 1911 usque
1670 1831 1818 1892 adeo
1846 1841 1905 1893 et
1935 1832 2173 1911 virtute,

2266 1828 2418 1893 οὗτος
2450 1829 2482 1885 ὅ
2507 1828 2715 1907 ”Αγιις
2742 1834 2817 1905 (εί
2849 1832 2935 1887 καὶ
2968 1830 3236 1908 τολμηρὸν
3269 1831 3471 1910 φάναι),
3504 1829 3609 1887 ἔδει
3640 1832 3801 1889 πάλιν
3833 1833 3913 1887 ἐπὶ

2259 1919 2360 1992 γῆς
2393 1916 2635 1995 δευτέραν
2668 1927 2761 1975 τοῦ
2808 1927 3032 1997 Χριστοῦ
3085 1920 3373 1995 παρουσίαν
3416 1920 3654 1996 γενέσθαι
3694 1941 3706 1950 ·
3740 1923 3819 1985 εἷς
3862 1921 3912 1976 δὲ

2259 2006 2451 2083 ἀρετὴν
2504 2009 2592 2062 καὶ
2653 2009 2837 2077 πρᾶξιν
2900 2010 2985 2064 καὶ
3019 2009 3239 2086 Θεωρίαν
3269 2016 3520 2073 τοσοῦτος
3550 2010 3780 2087 ἐγένετο,
3840 2014 3909 2071 ὡς

2258 2098 2344 2151 καὶ
2403 2098 2604 2159 πάντας
2670 2096 2831 2176 ἄρδην
2892 2096 3280 2176 ὑπερϐαλέσθαι
3321 2118 3335 2132 ·
3402 2098 3765 2171 ἐλεημοσύνης
3827 2100 3911 2155 καὶ

2258 2184 2469 2260 ἀγάπης
2514 2188 2857 2264 χρηματίσας
2904 2188 3081 2265 πηγή,
3142 2188 3227 2243 καὶ
3278 2186 3438 2258 ζῆλος
3474 2188 3736 2267 ἄντικρυς,
3774 2189 3908 2269 Ῡιλ-

2261 2273 2478 2353 αίῗελφίᾳ
2513 2296 2569 2330 τε
2593 2276 2680 2331 καὶ
2710 2274 3043 2350 διδασκαλίᾳ,

2337 2448 2397 2507 Ὀ
2457 2448 2510 2506 δὲ
2570 2452 2738 2529 μέγας
2816 2454 3084 2518 Βασίλειος
3143 2455 3209 2523 ἦν
3281 2456 3380 2521 τὴν
3441 2453 3582 2511 θέσιν
3650 2461 3741 2511 τοῦ
3795 2457 3906 2512 σώ-

2258 2560 2426 2612 ματος
2459 2540 2529 2604 εἷς
2560 2543 2698 2597 πολὺ
2729 2547 2928 2616 μῆκος,
2964 2543 3049 2599 ἐπὶ
3078 2542 3170 2599 τού
3202 2543 3370 2621 ὀρθίου
3416 2544 3705 2621 σχήματος
3768 2542 3900 2599 ἂνα-

2258 2629 2477 2709 δραμὸν,
2524 2628 2677 2708 ξηρὸς
2736 2636 2824 2689 καὶ
2882 2633 3255 2712 λειηόσαρκος,
3322 2633 3488 2708 μέλας
3556 2636 3618 2689 τὸ
3679 2640 3900 2714 χρῶμα,

2257 2720 2533 2798 ὠχρότητι
2608 2723 2670 2778 τὸ
2730 2721 3014 2799 πρόσωπον
3086 2724 3403 2801 σύγκρατος,
3486 2722 3771 2800 ὲπίρῥινος,
3831 2726 3903 2787 εἷς

2259 2809 2453 2865 κύκλον
2500 2812 2591 2875 τὰς
2641 2813 2799 2891 ὸφρῦς
2850 2812 3234 2891 περιηγμένος,
3299 2816 3361 2868 τὸ
3418 2814 3729 2883 ἐπισκήνων
3780 2837 3902 2869 σον.

2258 2900 2529 2977 εσπακὼς,
2586 2906 2939 2979 φροντιστικῷ
2998 2902 3212 2976 ἐοικὼς,
3276 2901 3482 2979 ὀλίγαις
3530 2904 3587 2957 τὸ
3620 2904 3903 2980 πρόσωπον

2257 2989 2557 3065 ἁμαρυγαϊς
2588 2987 2976 3069 ῥυτιδούμενος,
3010 2990 3281 3064 ἐπιμήκης
3348 2992 3440 3052 τὰς
3486 2994 3729 3069 παρείας,
3778 3006 3903 3046 κοῖο

2257 3075 2347 3141 λος
2400 3078 2522 3141 τοὺς
2582 3075 2899 3157 κροτάφους,
2960 3080 3135 3158 ἡρέμα
3179 3078 3324 3159 ἔχων
3380 3082 3438 3134 ὲν
3496 3084 3615 3159 χρῷ
3671 3087 3900 3158 κουρίας,

2261 3166 2360 3232 τὴν
2404 3167 2614 3236 ὑπήνην
2655 3168 2950 3245 ἀρκούντως
3010 3168 3346 3243 καθειμένος,
3378 3169 3465 3225 καὶ
3524 3169 3898 3241 μεσαιπόλιος,

2263 3252 2425 3318 Οὗτος
2480 3254 2532 3310 ἐν
2578 3252 2757 3333 λόγοις
2801 3260 2861 3315 οὑ
2895 3257 3059 3331 μόνον
3087 3259 3210 3322 τοὺς
3234 3257 3353 3313 κατ’
3394 3259 3570 3336 αὑτὸν,
3633 3256 3771 3313 ἀλλᾶ
3823 3260 3901 3312 καὶ

2262 3344 2382 3406 τοὺς
2416 3342 2670 3410 παλαιοὺς
2699 3343 2987 3423 ὑπερέϐαλε
3026 3367 3037 3378 '
3093 3345 3176 3406 διὰ
3225 3348 3323 3423 γάρ
3354 3346 3531 3412 πάσης
3562 3345 3729 3403 ἐλθὼν
3774 3369 3899 3401 παι-

2261 3430 2512 3512 δεύσεως,
2575 3432 2629 3488 ὲν
2681 3434 2881 3511 ἑκάστῃ
2932 3436 2994 3491 το
3024 3436 3214 3513 κράτος
3247 3434 3509 3502 ἐκτήσατο
3544 3452 3559 3465 ⁸
3594 3439 3697 3514 οὑχ
3741 3437 3899 3501 ἧττον

2262 3519 2315 3576 δὲ
2366 3522 2463 3589 τὴν
2537 3522 2621 3579 διὰ
2676 3523 2914 3600 πράξεως
2966 3526 3208 3594 ἀσκήσας
3280 3523 3618 3603 φιλοσοφίαν,
3673 3527 3764 3581 καὶ
3820 3524 3901 3579 διὰ

2260 3611 2455 3677 ταύτης
2484 3616 2552 3686 τῇ
2594 3613 2784 3690 θεωρίᾳ
2832 3618 2940 3668 τῶν
2996 3612 3160 3669 ὄντων
3210 3611 3427 3685 προϐάς.
3476 3612 3594 3669 Ἐπὶ
3626 3635 3718 3668 τον
3774 3613 3896 3689 θρό-

2257 3722 2343 3757 νον
2394 3702 2492 3768 τῆς
2548 3701 2947 3781 ἀρχιερωσύνης
2995 3702 3208 3782 ἀνήχθη
3268 3704 3658 3781 τεσσαράκοντά
3689 3704 3899 3781 χρόνων

2256 3790 2566 3869 γενόμενος,
2633 3791 2717 3847 ἐπὶ
2775 3792 2930 3848 πέντε
3008 3790 3147 3849 ’έτεσι
3209 3795 3306 3861 τῆς
3370 3790 3689 3857 Ἐκκλησίις
3764 3814 3898 3871 προ-

2259 3880 2410 3944 στάς.

2341 3966 2399 4026 Ὀ
2475 3967 2530 4024 δὲ
2600 3970 2736 4047 ἱερὸς
2796 3971 3083 4049 ι’ρηγόριος
3169 3972 3197 4026 ὁ
3256 3968 3544 4049 Θεολόγος,
3601 3971 3742 4027 κατὰ
3813 3972 3902 4026 τὸν

2258 4057 2419 4113 τύπον
2462 4059 2561 4124 τῆς
2623 4058 2830 4125 ἡλικίας
2879 4069 2972 4118 τοὸ
3030 4061 3297 4135 σώματος,
3346 4059 3609 4139 ἐτύγχανε
3653 4060 3901 4139 μέτριος,

2258 4145 2533 4226 ὕπωχρος,
2591 4148 2766 4226 βραχὺ
2824 4150 2961 4223 μετὰ
3004 4156 3095 4205 τοῦ
3121 4148 3425 4228 χαρίεντος,
3458 4150 3637 4227 σιμὸς,
3686 4148 3782 4205 ἐπ’
3811 4150 3904 4204 t3-

2260 4238 2399 4301 θείας
2428 4241 2523 4300 τὰς
2557 4240 2713 4317 ὀφρῦς
2746 4238 2916 4319 ἔχων,
2949 4239 3147 4316 ἥμερον
3192 4239 3405 4316 βλέπων
3448 4242 3537 4296 καὶ
3587 4242 3857 4319 προσηνές
3890 4259 3904 4273 ·

2260 4328 2475 4405 θάτερον
2533 4335 2637 4383 τῶν
2698 4328 3008 4409 ὀφθαλμῶν,
3075 4330 3133 4391 ὃς
3186 4330 3252 4397 ἦν
3309 4327 3496 4402 δεξιὸς,
3561 4330 3910 4408 στυγνότερον

2260 4417 2613 4490 κεκτημένος,
2671 4416 2727 4473 ὃν
2785 4417 2918 4485 οὔλη
2982 4419 3118 4474 κατὰ
3161 4420 3251 4474 τὸν
3308 4420 3496 4474 κανθὸν
3555 4423 3778 4495 συνῆγε·
3820 4421 3908 4475 τὸν

2260 4505 2493 4582 πώγωνα
2523 4508 2582 4562 οὔ
2612 4507 2791 4581 βαθὺς,
2846 4505 3001 4569 δασὺς
3048 4506 3101 4562 δὲ
3154 4507 3238 4563 ἐπ’
3285 4508 3505 4575 εὐθείας,
3543 4507 3743 4571 ἱκανῶς
3805 4529 3908 4587 φι-

540 4600 1024 4665 infumatus.Hoc
1049 4615 1186 4658 vero
1217 4595 1461 4672 dignum
1486 4603 1574 4655 est
1604 4594 1759 4675 quod
1795 4594 1869 4654 de
1893 4593 1994 4657 illo
2026 4595 2154 4654 dira

2266 4592 2481 4671 λακρὸς,
2529 4592 2717 4659 λευκὸς
2764 4609 2886 4657 ταῖς
2940 4594 3090 4673 θριξὶ,
3142 4596 3208 4653 τὰ
3237 4596 3371 4674 ἄκρα
3399 4602 3497 4662 τῆς
3529 4594 3805 4674 γενειάδος
3834 4600 3906 4656 ὡς

539 4701 633 4753 tur
668 4713 680 4754 :
714 4689 895 4770 quod,
942 4694 989 4748 si
1037 4686 1168 4767 quis
1226 4704 1294 4746 ex
1336 4686 1568 4763 integro
1622 4684 1925 4744 hominum
1959 4702 2178 4761 genere

539 4779 1447 4863 proponendusesset,tanquam
1470 4774 1866 4855 imagoaliqua
1882 4774 2177 4863 etieﬂigies

535 4862 1037 4948 Simulacrumque
1056 4865 1328 4926 virtutum
1356 4864 1644 4934 omnium,
1674 4865 1720 4923 is
1755 4872 1906 4923 esset
1936 4862 2178 4936 Magnus

537 4958 892 5036 Gregorius:
952 4963 1153 5036 utpote
1187 4953 1285 5034 qui
1317 4952 1637 5032 splendore
1665 4954 1792 5012 vita:
1827 4950 2173 5031 probatissi-

536 5066 697 5109 mum
733 5063 1033 5125 quemque
1082 5043 1428 5122 longissime
1476 5040 1741 5114 anteivit,
1796 5042 1853 5100 in
1885 5039 2177 5118 theologia

537 5146 762 5199 tantum
799 5134 1079 5214 profecit,
1116 5142 1180 5193 ut
1210 5150 1419 5195 omnes
1449 5130 1729 5192 habuerit
1763 5130 2092 5199 inferiores,
2120 5138 2178 5189 et

534 5224 832 5302 elegantia
849 5223 1235 5294 sermonis,et
1250 5219 1679 5282 sententiarum
1702 5218 2176 5298 gravitate,unde

537 5324 596 5376 et
626 5313 910 5391 Theologi
938 5330 1269 5389 cognomen
1301 5308 2007 5372 invenit.Administi-avit
2027 5306 2174 5369 Con-

534 5402 1112 5483 stantinopolitanam
1146 5399 1475 5462 Ecclesiam
1514 5396 1832 5459 duodecim
1859 5399 2051 5468 annis,
2087 5397 2174 5455 vi~

535 5492 618 5553 xit
647 5499 843 5553 autem
866 5490 1121 5571 amplius
1152 5488 1470 5569 octoginta.

612 5670 835 5735 Horum
889 5673 1064 5733 trium
1117 5665 1505 5747 omniumque
1550 5674 1891 5730 sanctorum
1952 5664 2173 5747 depre-

2259 4684 2779 4761 περικεκαπνισμένα
2836 4686 3161 4765 ὑποφαίνων.
3230 4688 3394 4743 Τοῦτο
3451 4684 3503 4741 δὲ
3564 4688 3739 4741 εἰπεῖν
3795 4688 3907 4764 περὶ

2258 4775 2415 4829 αὑτοῦ
2448 4771 2613 4846 ἄξιον,
2648 4773 2729 4830 ὅτι
2775 4775 2819 4829 εί
2864 4771 2966 4830 ἔδει
3011 4774 3252 4851 γενέσθαι
3305 4774 3359 4829 ἒν
3403 4776 3693 4852 ἀνθρώποις
3728 4776 3906 4831 εἰκόνα

2257 4861 2375 4916 τινὰ
2426 4863 2513 4916 καὶ
2576 4860 2778 4930 στήλην
2832 4863 2966 4918 κατὰ
3020 4863 3205 4938 μέρος,
3260 4862 3319 4919 ἐκ
3381 4870 3565 4919 πασῶν
3626 4865 3909 4940 συγκειμέ-

2258 4971 2355 5015 νην
2417 4949 2639 5027 ἆρετῶν,
2676 4959 2829 5009 τοῦτο
2862 4952 2926 5019 ἦν
2959 4954 2986 5007 ὁ
3045 4951 3214 5029 μέγας
3262 4953 3573 5031 Γρηγόριος,
3609 4954 3724 5027 βίου
3758 4966 3905 5027 Ααμ·

2259 5040 2482 5118 πρότητι
2534 5041 2653 5105 τοὺς
2737 5042 2872 5096 κατὰ
2933 5040 3116 5114 πρᾶξιν
3195 5040 3498 5115 εὑδοκίμους
3565 5039 3899 5118 ὑπερϐαλών.

2260 5126 2381 5184 Ἐπὶ
2440 5136 2687 5186 τοσοῦτον
2740 5128 3010 5207 θεολογίας
3061 5131 3342 5208 προήχθη,
3391 5132 3463 5193 ὡς
3496 5132 3695 5190 πέντας
3732 5132 3905 5197 ἡττᾶ-

2258 5219 2373 5273 σθαι
2427 5222 2525 5283 τῆς
2572 5219 2756 5297 σοφίας
2810 5218 2992 5298 αὑτοῦ,
3053 5222 3149 5284 τῆς
3179 5240 3236 5274 τε
3280 5219 3335 5274 ἐν
3378 5217 3588 5297 λόγοις,
3625 5223 3722 5284 τῆς
3756 5240 3815 5274 τε
3852 5222 3906 5273 ἓν

2257 5302 2537 5383 δόγμασιν,
2600 5307 2716 5362 ὅθεν
2760 5310 2988 5374 καὶητην
3044 5305 3302 5385 Θεολόγος
3350 5310 3706 5385 προσηγορίαν
3735 5309 3905 5377 ἕκτη·

2261 5410 2409 5449 σατο’
2444 5395 2675 5471 προέστη
2726 5396 2782 5452 δὲ
2822 5397 2909 5451 καὶ
2958 5401 3054 5463 τῆς
3113 5397 3719 5461 Κωνσταντινουπόλεως
3768 5397 3903 5455 Ἐκ-

2258 5482 2485 5549 κλησίας
2514 5486 2737 5564 χρόνους
2768 5482 2988 5558 δώδεκα,
3025 5486 3155 5562 ὑπὲρ
3198 5486 3263 5541 τὰ
3306 5483 3631 5563 ὁγδοήκοντα
3676 5485 3774 5553 ἔτη
3808 5507 3904 5560 γε-

2261 5569 2392 5646 νόμε
2399 5593 2485 5635 νος
2495 5618 2511 5635 ,

2341 5661 2457 5719 Τῶν
2523 5666 2683 5737 τριῶν
2758 5660 2958 5718 τούτων
3041 5658 3360 5742 πρεσϐείαις,
3422 5661 3611 5743 Χριστὶ
3668 5664 3696 5719 ὁ
3767 5664 3901 5726 Θεὸς
