4076 6216
1573 354 1830 418 GANON
1875 355 1974 418 DE
2016 356 2078 418 S.
2125 356 2441 418 BASILIO.

3423 373 3673 424 CCCXC!!!

298 498 473 575 ἡμῶν,
549 495 635 551 καὶ
694 494 905 549 πάντων
948 496 1053 547 τῶν
1115 490 1302 568 ἁγίων,
1358 490 1450 552 τὰς
1526 495 1627 546 τῶν
1686 490 1920 567 αἱρέσιωι

2019 490 2533 571 catione,Christe
2562 494 2721 554 Deus
2754 500 2980 561 noster,
3040 491 3333 554 baeresum
3396 491 3663 554 insolen-

294 585 675 646 ἐπαναστάσεις
742 579 1032 654 κατάϐαλε,
1092 582 1180 636 καὶ
1236 579 1377 655 ἡμᾶς
1437 579 1491 635 ἓν
1576 580 1794 654 ὁμονοίᾳ
1847 583 1920 637 κα

2019 579 2152 640 tiam
2183 597 2525 659 compesce,
2559 587 2616 641 et
2637 598 2743 641 nos
2776 580 2837 641 in
2861 582 3183 643 concordia
3212 590 3390 660 atque
3424 582 3479 644 in
3512 584 3669 663 paci-

291 677 534 752 εἰρηνικῇ
589 671 906 729 καταστάσει
986 666 1319 748 διαφύλαξον,
1377 670 1463 723 και
1532 673 1631 735 τῆς
1696 668 1920 747 οὖρα-δίου.

2019 668 2125 730 fica
2156 669 2579 749 tranquillitate
2610 670 2865 735 custodi.
2912 690 2980 731 ac
3030 670 3255 733 caelesti
3317 680 3415 732 tuo
3481 691 3665 752 regno

290 784 383 820 σου
411 760 682 837 βασιλείας
713 759 956 828 ἀξίωσον,
990 758 1070 814 ὅτι
1096 756 1385 836 εὐλογητὸς
1436 761 1485 813 εἰ
1511 759 1583 819 εἷς
1617 759 1737 823 τοὺς
1794 761 1927 815 αἰῶ-

290 874 379 915 uc
427 858 532 907 τῶν
564 851 790 911 αἰώνων,
837 848 1036 922 Ἀμήν.

2013 756 2283 835 dignare,
2321 778 2452 819 cum
2483 758 2566 820 sis
2610 758 2960 821 benedictus
3016 759 3077 821 in
3133 760 3351 822 saecula
3408 763 3663 825 saeculo-

2012 865 2169 911 rum.
2219 850 2438 910 Amen.

1658 1088 2083 1151 ΑΝΝΟΤΑΤΑ
2129 1092 2197 1153 D.
2249 1091 2311 1151 P.

365 1337 610 1417 Triplici
638 1337 813 1399 istam
831 1337 951 1415 jam
979 1335 1291 1416 proposita)
1312 1333 1700 1416 descriptioni
1723 1335 1931 1397 forma

291 1428 731 1508 cujuscunque,
757 1444 828 1487 eo
859 1425 1008 1487 forte
1037 1443 1154 1506 quo
1186 1442 1250 1485 se
1277 1424 1735 1502 conspiciendos
1762 1444 1929 1488 sanc-

285 1516 641 1578 tidederunt
673 1516 859 1595 vultu,
888 1515 1209 1595 respondet
1238 1514 1298 1575 in
1330 1512 1570 1575 Menaeis
1596 1516 1929 1577 communis

285 1608 409 1669 haec
439 1607 709 1666 omnium
741 1613 801 1668 et
825 1605 1045 1669 Graecis
1074 1604 1409 1667 notissima.

833 1664 1104 1772 B'regorii
1136 1664 1448 1772 Theologi,
1481 1700 1659 1772 atque
1681 1690 1929 1773 Chryso-
1955 1664 1989 1712 Β

279 1788 523 1847 sostomi
550 1790 704 1858 lcon,
734 1802 846 1864 sup
866 1785 1158 1862 cujusque
1175 1782 1273 1845 die
1296 1784 1356 1844 in
1381 1782 1659 1845 Januario
1683 1800 1929 1844 eorum-

282 1876 414 1936 dem
450 1879 811 1939 Menasorum
843 1873 1164 1954 reperitur,
1198 1872 1302 1935 sed
1335 1892 1470 1935 cum
1502 1872 1923 1953 descriptioni-

286 1964 394 2026 bus
451 1965 659 2028 forma:
715 1962 1236 2037 contractioribus,
1287 1982 1436 2043 quas
1495 1962 1927 2042 descriptiones

286 2054 433 2117 nihil
464 2054 669 2117 attinet
712 2053 807 2115 hic
851 2052 1101 2116 referre.
1140 2054 1250 2115 Pro
1283 2070 1352 2113 ea
1376 2061 1573 2113 tamen
1616 2070 1746 2132 qua
1805 2051 1917 2114 Ba-

278 2144 479 2206 silium
512 2143 788 2224 proponit
819 2146 839 2204 l
878 2140 1167 2221 Januarii,
1201 2142 1407 2220 accipe
1456 2140 1919 2220 descriptionem

275 2233 552 2312 alteram,
583 2233 689 2294 sed
716 2231 912 2294 verbis
944 2232 1130 2310 magis
1160 2248 1336 2311 quam
1370 2230 1665 2292 sententia
1717 2230 1917 2291 diver-

275 2342 429 2397 sam,
462 2323 693 2402 qualem
726 2341 794 2383 ex
829 2340 937 2383 ms.
973 2320 1255 2383 Vaticano
1283 2320 1511 2399 accepit
1544 2320 1753 2382 Petrus
1782 2318 1917 2380 Fri-

273 2431 387 2473 son
410 2410 843 2473 Basilianorum
876 2426 1124 2488 operum
1157 2409 1509 2486 illustratur,
1545 2408 1605 2468 in
1659 2408 1917 2470 editione

275 2498 605 2563 Parisiensi
629 2505 768 2562 anni
805 2499 977 2562 1618.
1012 2497 1111 2561 Sic
1141 2506 1336 2560 autem
1361 2495 1444 2557 ibi
1476 2495 1694 2574 legitur

356 2592 417 2648 ’0
478 2590 533 2644 ἐν
581 2586 778 2667 ’Λγίοις
830 2588 1101 2652 Βασίλειος
1179 2586 1454 2657 ἐπώνυμος
1511 2584 1712 2665 Μέγας,
1786 2608 1919 2664 προ-

268 2681 459 2753 μήκης
520 2700 579 2734 τε
640 2680 696 2734 τὸ
739 2684 895 2753 σῶμα
970 2678 1057 2734 καὶ
1114 2675 1283 2748 εὐθὺς,
1333 2675 1431 2741 τὴν
1496 2675 1594 2747 μὲν
1647 2672 1914 2749 ξηρότητα

268 2768 441 2848 ἔχων,
488 2770 550 2825 τὸ
606 2765 659 2822 δὲ
704 2772 903 2844 χρῶμα
947 2765 1136 2843 μέλαν,
1162 2767 1249 2821 καὶ
1298 2762 1615 2843 ὠχρότητα,
1649 2763 1910 2839 οιαὶβαδί-

264 2880 471 2932 σματος
501 2858 650 2928 ἦθος,
700 2857 871 2934 ὄρθιος
931 2854 1140 2932 ἐγένιτο
1183 2855 1281 2921 τὴν
1339 2854 1487 2930 ῥῖνα,
1548 2854 1641 2914 τὰς
1702 2852 1911 2913 κύκλιος

2012 1337 2062 1396 vi
2097 1338 2437 1414 superciliis
2466 1338 2749 1413 incurvis,
2784 1338 2968 1400 barba
3002 1342 3318 1419 promissa,
3375 1340 3662 1403 mediocri

2011 1428 2247 1499 ianitie,
2285 1428 2537 1490 maxillis
2579 1428 2872 1507 oblongis,
2911 1430 3077 1508 genis
3100 1448 3306 1509 parum
3340 1430 3660 1508 [turgenti-

2014 1517 2145 1598 bus;
2180 1527 2511 1598 temporum
2564 1518 2905 1579 concavitas
2954 1518 3334 1596 cogitabundi
3392 1529 3542 1595 erat,
3600 1527 3663 1579 ut

2012 1626 2144 1669 esse
2178 1608 2493 1687 plurimum
2528 1608 2677 1668 solet
2704 1626 2937 1681 eorum,
2980 1607 3080 1687 qui
3113 1609 3265 1669 intra
3295 1626 3361 1668 se
3422 1607 3661 1669 collecti

2014 1704 2177 1759 snnt.

2092 1785 2253 1846 Hanc
2276 1783 2759 1864 descriptionem,
2796 1805 2865 1845 ex
2903 1804 3011 1846 ms.
3046 1785 3319 1847 Vaticano
3344 1794 3650 1865 acceptam

2012 1874 2219 1937 Petrus
2263 1874 2473 1935 Frison
2538 1874 2935 1953 praelautlatus
2993 1875 3305 1954 supposuit
3356 1874 3655 1936 vetustiori

2010 1964 2194 2026 solius
2215 1963 2418 2025 Basilii
2448 1963 2633 2040 iconi,
2668 1972 2918 2042 sumptae
2965 1982 3032 2024 ex
3082 1972 3422 2041 pervetusto
3483 1962 3660 2039 Regis

2003 2051 2498 2116 Christianissimi
2532 2051 2763 2129 codice,
2800 2058 2900 2127 qui
2938 2052 3129 2123 (sicuti
3160 2052 3483 2131 ascriptum
3518 2052 3656 2130 legi-

2001 2151 2111 2202 tur:
2134 2141 2366 2202 oblatus
2388 2141 2496 2202 luit
2521 2141 2733 2204 Basilio
2766 2139 3424 2219 Macedoni,imperium
3444 2137 3656 2203 Orien-

2006 2232 2079 2291 tis
2102 2230 2315 2311 adepto
2340 2231 2447 2291 sub
2476 2248 2697 2291 annum
2732 2244 3093 2308 occucxxvu,
3128 2229 3408 2306 illudque
3438 2228 3656 2291 mode-

2003 2328 2130 2380 rato
2154 2338 2339 2399 usque
2368 2318 2441 2379 ad
2490 2337 2709 2379 annum
2761 2335 2994 2379 uxxvx.
3031 2317 3129 2378 Est
3160 2335 3309 2397 ergo
3340 2318 3641 2396 ejusmodi

2000 2411 2159 2484 icon;
2194 2426 2263 2468 ea
2310 2426 2485 2488 quam
2540 2406 2855 2469 retulimus
2904 2405 3275 2487 apparitione
3329 2406 3654 2485 antiquior,

2004 2496 2236 2559 duobus
2258 2505 2320 2557 ut
2354 2495 2667 2557 minimum
2700 2495 2948 2574 integris
2969 2495 3222 2568 saaculis;
3269 2494 3373 2555 sed
3407 2513 3481 2555 an
3514 2495 3652 2556 ideo

2006 2586 2187 2649 etiam
2225 2585 2410 2664 magis
2440 2599 2644 2648 exacta
2673 2584 2746 2645 ad
2772 2584 3081 2646 veritatem
3115 2590 3142 2646 ?
3171 2582 3297 2645 Non
3357 2585 3653 2647 existimo.

2010 2676 2115 2737 Vix
2147 2676 2307 2735 enim
2341 2675 2627 2736 credibile
2649 2680 2765 2745 est,
2815 2680 3113 2753 sumptam
3169 2689 3301 2734 esse
3359 2691 3428 2734 ex
3463 2672 3659 2751 aliqua

2006 2784 2137 2845 quas
2164 2763 2339 2825 fuerit
2363 2764 2438 2824 ad
2476 2762 2716 2824 viventis
2752 2762 2975 2823 vultum
3008 2779 3310 2840 expressa.
3346 2761 3407 2823 Si
3456 2770 3652 2823 autem

2008 2855 2186 2914 trium
2220 2853 2469 2914 istorum
2500 2852 2750 2913 formam
2821 2851 2907 2912 sic
2956 2851 3251 2929 expressit
3282 2850 3404 2911 suis
3460 2851 3657 2911 verbis

263 2949 449 3026 ἄφρῦς,
482 2949 791 3020 καθήμενος
820 2947 910 3000 τὸν
943 2945 1200 3022 πώγωνα,
1262 2942 1490 3020 μετρίως
1539 2940 1729 3004 πολιὰς
1791 2942 1915 2996 ἀνι-

2019 2942 2263 3004 Ioannes
2286 2941 2584 3012 Euchaita,
2611 2943 2848 3022 qualem
2882 2947 3283 3016 conspexerat
3305 2945 3365 3000 in
3392 2939 3648 3013 visione,

262 3038 465 3117 φέρων,
503 3036 828 3111 παραμήκην
880 3034 945 3089 τὰ
1002 3031 1236 3111 βλέφαρα
1280 3030 1620 3110 ὀλιγόχοθεν,
1668 3032 1729 3086 τὸ
1802 3034 1921 3109 περὶ

262 3126 534 3203 κροτάφου
564 3122 826 3196 κοίλωμα.
857 3123 1071 3184 σύννους
1106 3143 1161 3176 τε
1189 3123 1261 3184 ὡς
1296 3122 1360 3176 τὰ
1392 3119 1588 3180 πολλὰ.
1646 3121 1730 3175 καὶ
1788 3118 1921 3175 εἴσω

263 3214 676 3280 συνεστηκώς(
710 3212 774 3273 S.
810 3210 1487 3288 Bastlius,cognomento
1519 3208 1920 3286 Magnus,sta-

264 3314 400 3364 tura
429 3317 718 3382 procerus
749 3310 877 3361 erat
898 3310 958 3362 et
984 3310 1205 3374 rectus,
1240 3315 1495 3376 corpore
1522 3296 1922 3375 arido,colorc

262 3392 603 3469 nigricante
624 3396 682 3450 et
704 3388 1231 3470 pallido,ingressu
1257 3387 1564 3448 moderato
1587 3403 1728 3447 naso
1742 3384 1924 3446 decli-

2006 3032 2373 3113 lirmiterque
2394 3051 2478 3093 eae
2499 3050 2631 3112 qu'e
2661 3032 2831 3109 vulgo
2860 3028 3368 3091 circumferuntur
3425 3028 3650 3103 icones,

2006 3130 2065 3183 et
2090 3121 2149 3182 in
2182 3125 2423 3185 Menaeis
2454 3120 2920 3199 conspiciuntur,
2957 3116 3202 3198 propius
3221 3124 3510 3197 attingere
3544 3137 3643 3177 ve-

2003 3215 2263 3272 ritatem.
2313 3209 2536 3271 Placuit
2594 3210 2858 3283 interim,
2915 3216 2975 3269 et
3038 3207 3209 3269 trium
3274 3205 3520 3269 istorum
3584 3228 3651 3268 ex

2004 3299 2260 3371 Menzeis,
2286 3308 2345 3359 ot
2376 3300 2547 3359 unius
2570 3298 2769 3361 Basilii
2804 3296 3101 3378 propriam
3134 3313 3203 3357 ex
3237 3296 3450 3357 codiee
3473 3296 3653 3373 Regio

2004 3388 2395 3468 spectandam
2423 3388 2589 3449 dare.

874 3915 1147 3981 CANON
1190 3916 1303 3978 DE
1358 3916 1428 3980 S.
1487 3915 1815 3980 BASILIO
1863 3916 1969 3979 ΑΙ)
2020 3915 2247 3983 DIEM
2295 3916 2628 3981 PRIMUM
2671 3916 3057 3981 JANUARII

1732 4177 1830 4238 EX
1864 4176 2224 4254 ,MENIEIS.

961 4597 1099 4647 om
1148 4589 1239 4651 A'.

349 4704 458 4754 Σοῦ
514 4696 614 4761 τὴν
644 4697 821 4774 φωνὴν
880 4693 981 4751 ἔδει
1022 4698 1286 4772 παρεῖναι,
1339 4693 1602 4770 Βασίλειε,
1639 4693 1756 4757 τοῖς
1806 4696 1904 4771 ἔγ-

269 4790 492 4859 κωμίοις
568 4803 682 4839 σου·
718 4783 875 4857 ἀλλά,
933 4784 1126 4860 Πάτερ,
1196 4782 1518 4859 συγγνώμην
1602 4780 1902 4855 διδόμενος,

268 4878 362 4941 τήδ
392 4875 553 4953 χάριν
585 4874 763 4945 νέμοις
794 4872 1031 4952 ἀφοό-ιὼς
1060 4876 1218 4944 ἡμῖν.

344 4966 419 5023 τὸ
463 4963 691 5037 ἐμπαθὲς
762 4964 1035 5040 σκίρτωςνια
1101 4960 1195 5027 τῆς
1256 4960 1635 5029 τυυραννούσης
1686 4961 1900 5036 σαρκὸς,

2714 4586 2866 4650 ODE
2910 4586 2949 4648 Ι.

2069 4685 2504 4748 Tuislaudibus
2536 4707 2639 4765 par
2670 4689 2816 4750 foret
2877 4689 3137 4769 linguam
3188 4698 3346 4750 tuam
3386 4690 3629 4763 adesse,

1990 4774 2228 4849 Basilii;
2267 4794 2467 4837 verum
2500 4776 2691 4852 Pater,
2718 4780 2950 4841 veniam
3000 4778 3335 4859 indulgens,
3384 4779 3632 4858 gratiam

1989 4863 2212 4943 absque
2247 4865 2467 4926 invidia
2500 4867 2671 4927 nobis
2702 4868 2933 4932 confer.

2075 4953 2454 5015 Passionibus
2504 4955 2824 5017 obnoxium
2858 4958 3058 5018 carnis
3100 4957 3385 5036 impetum
3434 4975 3640 5017 amore

269 5052 579 5130 edoce-piat:
644 5050 791 5129 ἴρωτι
850 5048 1318 5127 ἆπαιδαγώγησις·
1366 5046 1444 5103 διὸ
1497 5048 1551 5103 ἐν
1606 5048 1906 5122 ἀκηράτοις

2019 5041 2381 5122 ιῒιίιοεοριιὶω
2407 5044 2766 5123 castigavisti
2793 5064 2804 5107 :
2845 5057 3159 5127 propterea
3189 5047 3629 5108 incontamina-

272 5141 459 5206 ιπὶλίΞει
504 5138 810 5221 ϐασιλείοις,
840 5140 1009 5216 [li-cap
1039 5138 1300 5213 βασίλειε,

346 5236 463 5288 Τῶν
505 5230 705 5305 ἀρετῶν
738 5231 798 5285 σὺ
841 5230 940 5295 τὴν
971 5230 1223 5307 τραχείαν
1253 5224 1467 5303 βαδίσας
1498 5225 1641 5306 ὁδὸν,
1696 5226 1782 5283 ἐπὶ
1812 5226 1911 5294 τὴν

1996 5137 2111 5191 tam
2146 5131 2376 5193 habitas
2407 5136 2659 5211 regiam,
2698 5138 2867 5196 Pater
2897 5135 3104 5197 Basili.

2076 5219 2335 5282 Arduam
2370 5231 2646 5282 virtutum
2676 5223 2979 5300 ingressus
3024 5225 3204 5299 viam,
3233 5223 3304 5285 ad
3356 5222 3549 5286 levem
3580 5233 3638 5285 et

270 5317 408 5374 λεὶαν
441 5318 667 5397 ἔφθασας
724 5321 811 5374 καὶ
861 5318 1211 5373 inuia:th
1272 5317 1365 5381 τὴν
1427 5314 1669 5392 οὒρένιον
1724 5316 1907 5392 βασιν,

2019 5311 2479 5389 mperturbatam
2516 5312 2573 5372 in
2609 5312 2781 5374 caelis
2818 5313 3135 5375 ascendisti
3165 5330 3180 5387 ;
3244 5312 3644 5395 omnibusque

270 5410 353 5462 καὶ
382 5415 542 5463 πᾶσιν
568 5406 885 5487 ἀναδείχθης
932 5408 1117 5476 τύπος,
1156 5404 1422 5465 Βασίλειε.

343 5498 420 5555 Τὰ
466 5498 562 5563 τῆς
631 5498 816 5579 ψυχῆς
875 5497 1017 5563 πάθη
1089 5494 1393 5577 χρησίμως,
1458 5492 1722 5568 Βασίλαι,
1792 5494 1906 5568 ἅμα

1990 5396 2174 5458 factus
2206 5416 2270 5458 es
2301 5418 2532 5475 norma,
2566 5403 2763 5464 Basili.

2070 5486 2385 5554 Passiones
2442 5494 2647 5570 animi,
2672 5493 2848 5558 simul
2869 5502 2928 5558 et
2949 5494 3218 5579 corporis
3232 5493 3428 5574 gladio
3455 5492 3633 5575 Spiri-
