4076 6216
464 314 763 364 ΟΟΟΧΟῙΝ

1879 299 2449 367 PROLEGOMENA
2460 352 2473 367 .

474 443 567 498 tus
586 441 807 519 optime
828 438 1284 514 circumcidisti,
1320 438 1497 499 Basili
1529 458 1543 515 ;
1579 445 1755 518 teque
1786 438 1978 518 ipsum
2006 438 2103 499 Do

2232 438 2288 493 αὶ
2331 439 2395 496 τὰ
2426 447 2515 499 τοῦ
2546 442 2793 516 σώματος
2853 441 2906 497 ἐν
2954 448 3031 517 τῷ
3086 452 3177 502 τοῦ
3237 443 3543 517 Πνεύματος
3599 446 3824 524 mpliu-

480 528 639 588 mino
672 527 935 591 obtulisti
973 527 1351 591 sacriﬁcium.

550 706 762 769 Factus
791 706 1173 767 ineffabilium
1205 724 1557 769 arcanorum
1618 712 1862 786 mystes,
1899 722 1931 763 ο
1998 706 2113 763 Ba-

470 795 586 857 sili.
619 799 1127 858 consecrationem
1152 796 1410 875 adeptus
1442 814 1528 873 es,
1573 794 1743 857 Pater
1777 817 1792 872 ;
1829 801 1886 855 et
1943 792 2115 854 nobis

471 886 671 947 lumen
698 882 1004 948 Trinitatis
1029 884 1407 949 manifestati.

1089 1062 1237 1127 ODE
1284 1064 1359 1127 [il
1398 1063 1501 1143 (α).

542 1240 717 1304 Omni
743 1241 1009 1320 repletus
1041 1240 1376 1321 disciplina,
1415 1260 1529 1302 non
1563 1246 1756 1302 solum
1793 1239 1955 1300 humi
2005 1254 2106 1299 re-

467 1338 644 1413 pente
665 1338 839 1411 atque
870 1331 1172 1411 calcanda,
1205 1334 1312 1393 sed
1357 1332 1536 1392 etiam
1607 1328 1788 1391 multo
1851 1327 2103 1407 meliori,

471 1421 690 1482 mundo
721 1421 921 1482 lumen
959 1420 1280 1501 praebuisti,
1318 1440 1350 1482 ο
1381 1420 1584 1484 Basili.

549 1508 789 1572 Timore
817 1510 1053 1571 Domini
1081 1512 1465 1573 conﬁrmatus
1496 1509 1753 1591 (initium
1790 1508 1948 1569 enim
2008 1506 2110 1568 ille

470 1606 559 1661 est
591 1600 915 1680 sapientiae)
947 1600 1067 1660 alas
1103 1601 1342 1681 potioris
1374 1600 1673 1680 sapientia:
1702 1596 2105 1677 assumpsisti,

471 1709 503 1750 ο
531 1688 731 1751 Basili.

2199 548 2294 600 μες
2354 528 2506 609 ξίφει⁶
2560 534 2743 593 ςαυτὸν
2790 529 2844 588 δὲ
2891 538 2965 605 τῷ
3026 533 3276 608 Δεσπνὶτῃ
3352 536 3490 608 θῦμα
3552 538 3824 615 προσήνεγ-

2198 638 2322 679 καις.

2280 708 2351 761 Σὺ
2410 711 2643 786 γεγονὼς
2704 711 2908 786 μύστης
2961 711 3227 791 ἀρρήτων,
3293 710 3559 787 Basilus,
3619 713 3821 787 ἐμυστο-

2197 795 2448 873 γώγησας
2502 798 2807 876 ἱεράτευμα,
2868 800 3059 880 Πάτερ,
3130 806 3315 879 σαφῶς
3359 802 3422 856 τὸ
3476 805 3572 867 τῆς
3630 801 3822 880 Τριάδος

2198 890 2305 965 φῶς
2342 886 2689 966 ἀπαστράψας
2731 894 2867 968 ἡμῖν
2879 939 2894 955 ,

2885 1076 3023 1125 sua
3072 1066 3155 1130 I".

2273 1243 2510 1311 Παιδείας
2544 1247 2782 1323 γεγονὼς
2831 1245 3042 1313 ἀπάσης
3107 1246 3363 1322 ἔμπλεος,
3431 1246 3492 1303 οὗ
3547 1248 3699 1322 μόνον
3739 1251 3821 1315 τῆς

2189 1334 2336 1393 κάτω
2382 1336 2469 1391 καὶ
2522 1334 2882 1411 πατουμένης,
2942 1335 3128 1410 πολλῷ
3177 1334 3231 1391 δὲ
3280 1334 3486 1398 μᾶλλον
3547 1341 3642 1404 τῆς
3672 1340 3823 1416 κρείτ·

2192 1444 2363 1487 τονος.
2397 1422 2713 1504 ἀναδεὶχϐης
2742 1428 2817 1498 τῷ
2850 1426 3036 1501 κόσμῳ
3067 1433 3201 1506 φῶς,
3251 1425 3521 1499 Basilus,

2277 1519 2362 1586 Τῷ
2413 1512 2559 1593 φόϐῳ
2614 1516 2705 1570 τοῦ
2765 1516 2948 1593 Κυρίου
3006 1516 3468 1595 στοιχειούμενος,
3530 1518 3673 1596 ἀρχὴ
3736 1518 3821 1595 γὰρ

2196 1606 2378 1682 σοφίας
2409 1603 2555 1664 οὗτος
2587 1604 2841 1683 ὑπάρχει,
2900 1609 2967 1680 τῇ
3010 1604 3157 1684 φιλίᾳ
3194 1608 3292 1670 τῆς
3346 1604 3620 1678 ἀμείνονος
3669 1604 3821 1662 ἐπτε-

2195 1695 2367 1767 ρώθης
2404 1696 2587 1773 σοφίας

2597 1744 2609 1770 ,
2644 1695 2688 1751 ὦ
2722 1696 2991 1776 Basilus,

550 1778 744 1840 Palam
780 1795 1025 1841 exorsus
1054 1780 1126 1839 ab
1158 1779 1413 1852 actione,
1452 1778 1524 1839 ab
1570 1778 1678 1838 hac
1736 1775 1985 1865 gradum
2036 1772 2103 1834 ad

2276 1784 2536 1857 Βασίλειε,
2589 1791 2763 1865 σοφῶς
2814 1785 3010 1853 ἐπέϐης
3058 1783 3293 1863 πράξεως
3343 1788 3433 1841 καὶ
3497 1787 3675 1863 πρᾶξιν
3718 1789 3824 1843 ἐπί-

466 1868 1025 1947 contemplationem
1062 1867 1414 1929 diviniorem
1459 1868 1654 1929 facere
1687 1884 1793 1925 nos
1847 1863 2016 1934 doce,
2053 1871 2111 1923 et

469 1976 698 2037 eorum,
723 1976 857 2035 quae
884 1975 1019 2021 vere
1052 1958 1204 2020 bona
1226 1966 1364 2020 sunt
1411 1957 1746 2037 cognitione
1805 1953 2111 2016 manifesta

471 2066 579 2108 nos
612 2045 835 2109 imbue.

550 2134 693 2199 Cum
724 2136 941 2198 Christi
976 2135 1153 2198 natali
1185 2136 1364 2215 fulget
1395 2143 1454 2197 et
1484 2132 1785 2197 concurrit
1840 2148 2108 2195 comme-

470 2224 718 2286 moratio
752 2234 873 2305 tua,
907 2225 1097 2304 Pater,
1126 2228 1228 2302 qui
1274 2224 1615 2306 mysterium
1676 2221 1978 2285 ineffabile
2013 2229 2110 2283 tua

469 2314 637 2375 nobis
669 2315 939 2377 doctrina
973 2315 1318 2377 manifestas

1135 2492 1281 2557 ODE
1324 2491 1424 2555 1V.

538 2674 697 2736 Sicut
727 2673 1018 2749 Ecclesia,
1083 2671 1301 2735 Christi
1361 2689 1601 2750 sponsa,
1664 2676 1922 2730 ornatur
1980 2669 2112 2747 ejus

460 2761 781 2844 nativitate,
826 2763 932 2841 ita,
993 2773 1089 2825 tua
1134 2759 1731 2833 commemoratione,
1795 2778 1828 2818 ο
1887 2757 2111 2820 beatis-

461 2870 631 2913 Sime.

540 2942 806 3005 Graviter
837 2944 1254 3008 demonstrans
1286 2960 1420 3004 esse
1479 2938 1829 3016 [Christum]
1889 2935 2103 3000 Filium

458 3030 588 3104 Dei,
638 3033 913 3113 religiose
938 3033 1256 3095 distinxisti
1283 3030 1653 3094 divinitatem
1684 3046 1717 3089 a
1749 3038 2045 3101 creatura,
2072 3045 2106 3088 ο

461 3120 662 3183 Basili.

538 3211 641 3273 Dei
675 3233 791 3275 non
817 3214 1113 3296 abjectum
1148 3209 1621 3273 commilitonem
1659 3220 1715 3270 te
1762 3206 2099 3285 ostendisti,

458 3302 660 3378 Basili,
706 3313 923 3385 quanto
955 3311 1016 3369 te
1047 3301 1323 3365 omnibus
1351 3302 1523 3380 juxta
1585 3296 1923 3359 mandatum
1975 3297 2107 3375 ejus

459 3390 801 3455 inferiorem
848 3392 1173 3457 credidisti.

539 3479 865 3547 Ecclesiam
899 3483 1007 3545 Dei
1043 3483 1178 3545 forti
1208 3475 1663 3543 circumvallasti
1691 3493 1882 3553 muro,
1930 3473 2108 3537 Basili

460 3568 823 3633 beatissime.

539 3658 643 3720 Dei
673 3660 943 3724 hostibus
972 3662 1127 3722 fuisti
1163 3664 1331 3721 acuta
1366 3653 1668 3735 bipennis,
1702 3659 1759 3713 et
1788 3651 1941 3732 ignis
1971 3650 2098 3713 dis-

457 3747 695 3812 solvens
725 3769 928 3812 eorum
961 3750 1254 3823 fraudem,
1282 3749 1456 3811 Pater
1476 3742 1683 3807 Basili.

1138 3923 1295 3990 ODE
1340 3922 1408 3986 V.

536 4096 724 4159 Hodie
754 4095 1399 4175 agitEcclesiafestum
1457 4110 1597 4153 vere
1654 4090 1903 4171 duplex,
1962 4089 2097 4153 Cir-

455 4186 888 4248 cumcisionem
918 4185 1146 4247 scilicet
1196 4182 1455 4263 Domini,
1513 4180 1747 4262 quando
1802 4181 1860 4241 in
1935 4189 2098 4240 terra

454 4276 728 4357 apparuit
770 4276 984 4353 infans,
1020 4284 1076 4338 et
1101 4275 1446 4337 memoriam
1482 4271 1633 4334 servi
1682 4269 1972 4352 sapientis
2030 4286 2099 4333 ac

458 4375 547 4428 ter
581 4366 761 4428 beati.

538 4456 757 4517 Lumen
792 4452 1401 4537 incomprehensibile
1457 4453 1517 4515 in
1575 4458 1655 4530 te,
1707 4455 1933 4523 sancte,
1988 4465 2089 4510 re-

2193 1870 2345 1928 ϐασιν
2411 1874 2625 1951 θεωρίας
2696 1873 2959 1953 θειοτέρας
3017 1873 3296 1946 ὲπὲδειξες,
3354 1877 3441 1930 καὶ
3494 1881 3598 1931 τῶν
3678 1880 3823 1933 ὄντων

2192 1965 2291 2029 τὴν
2314 1968 2507 2041 γνῶσιν
2540 1962 2777 2037 ἐμυήθης
2811 1971 2998 2044 σαφῶς

2273 2140 2569 2218 Συνέδραμε
2600 2150 2821 2219 Χριστοῦ
2851 2145 2937 2200 καὶ
2969 2141 3359 2217 συνεξέλαμψεν
3392 2142 3427 2209 ἡ
3475 2144 3659 2219 μνήμη
3709 2166 3813 2205 σου.

2194 2232 2386 2310 Πάτερ,
2446 2245 2564 2296 τοῖς
2628 2234 2935 2311 γενεθλίοις,
2990 2235 3063 2288 ὧν
3107 2233 3166 2288 τὸ
3218 2231 3485 2311 ἄφραστον
3548 2234 3817 2313 μυστήριον

2192 2335 2309 2385 ταῖς
2340 2333 2462 2384 σαῖς
2494 2320 2849 2388 διδασκαλὶαις
2882 2322 3228 2401 φανέρωσας.

2879 2507 3020 2558 ΩΔΗ
3069 2497 3153 2559 Δ’.

2277 2676 2697 2764 Καλλωπῖζεται,
2747 2678 2928 2757 ὥσπτρ
2970 2686 3046 2753 τῷ
3085 2680 3227 2755 τόκῳ
3286 2692 3541 2764 Χριστοῦ,
3601 2686 3634 2753 ἦ
3699 2683 3813 2753 νύμ-

2193 2788 2267 2846 φη
2340 2763 2652 2844 Ἐκκλησία,
2714 2767 2850 2825 οὕτω
2921 2770 3008 2825 καὶ
3067 2776 3135 2845 τῇ
3189 2763 3382 2851 μνήμῃ
3443 2798 3562 2849 σου,
3618 2793 3815 2849 παμμι-

2188 2856 2425 2934 κάριστε,

2269 2946 2663 3022 Σεμωνόμενος
2695 2950 2879 3005 τεκνον
2937 2949 3195 3029 ὑπάρχων
3253 2960 3410 3028 Θεοῦ,
3482 2954 3709 3019 θεότητα
3761 2950 3820 3011 εἷς

2189 3036 2360 3092 κτίσιν
2392 3036 2642 3113 εὐσεϐῶς,
2679 3038 2949 3112 Βασίλειε,
2988 3041 3044 3094 οὗ
3089 3043 3427 3121 κατήγαγες.

2270 3214 2664 3281 Ἀταπείνωτος
2708 3217 2887 3297 ὤφθης
2950 3223 3280 3298 συμμαχῶν,
3340 3220 3609 3296 Basilus,
3676 3220 3819 3275 ἅπασι

2188 3312 2263 3380 τῷ
2292 3310 2449 3365 αὐτοῦ
2476 3308 2842 3385 φροστάγματι
2874 3308 3311 3381 ταπεινούμενος.

2272 3490 2350 3559 Τῇ
2382 3483 2672 3556 Ἐκκλησία
2701 3482 2921 3540 δέδωσαι
2952 3486 3093 3559 παρὰ
3164 3492 3297 3545 Θεοῦ
3363 3486 3686 3567 χαράκωμα,
3736 3506 3807 3540 και

2183 3586 2373 3653 τεῖχος
2406 3575 2629 3653 ὀχυρὸι,
2657 3572 2893 3630 Basilus
2924 3575 3367 3653 παμμακάριστε,

2265 3671 2389 3723 Τοῖς
2439 3661 2694 3724 ἀντιθέοις
2745 3661 2966 3725 πέλεκυς
3041 3662 3353 3729 ἐκκοπτικὸς
3404 3667 3494 3721 καὶ
3539 3666 3633 3741 πῦρ
3680 3683 3801 3717 κατ-

2184 3749 2463 3808 αναλίσκον
2496 3751 2592 3818 τὴν
2624 3750 2837 3817 ἀπάτην
2864 3751 3068 3830 ὤφθης,
3118 3752 3287 3831 Πάτερ
3332 3753 3577 3811 Basilus

2875 3934 3016 3985 QAH
3069 3929 3148 3992 E’.

2265 4096 2645 4175 ”Αγειδιπλῆν
2678 4096 2890 4165 ἀληθῶς
2949 4102 2984 4169 ἡ
3030 4098 3324 4167 Ἐκκλησία
3389 4100 3577 4178 ἑορτὴν
3644 4101 3799 4173 σήμε-

2183 4210 2286 4265 ρον,
2374 4191 2666 4265 περιτομῆς
2749 4188 2821 4251 ὡς
2918 4187 3107 4268 βρέφος
3197 4190 3472 4245 Δεσωότου
3579 4186 3799 4268 ὀφθέντος

2180 4276 2264 4333 ἐπὶ
2320 4280 2445 4354 γῆς,
2506 4277 2589 4331 καὶ
2650 4276 2872 4350 μνήμην
2930 4276 3136 4337 οἰκέτου
3188 4284 3351 4357 σοφοῦ
3436 4280 3525 4335 καὶ
3597 4274 3801 4354 τρισμά-

2178 4387 2358 4443 καρος.

2258 4454 2330 4513 Τὸ
2401 4452 2781 4521 ἀκατάληπνον
2893 4460 3003 4521 φῶς
3086 4455 3528 4521 ἀναπαυσάμενος
3611 4455 3662 4510 ἐν
3745 4452 3814 4507 συὶ

2893 4460 3003 4533 φῶς
3086 4455 3528 4531 ἀναπαυσάμενος

454 4544 788 4625 quiescere,
826 4544 944 4605 imo
969 4562 1099 4606 esse
1130 4550 1187 4604 te
1218 4542 1576 4623 lampadem,
1622 4558 1757 4619 quae
1789 4537 2084 4600 illuminat

2236 4564 2326 4623 is,
2412 4546 2739 4623 φωτιστικην
2819 4542 3071 4618 λαμπάδα
3150 4552 3227 4620 τῷ
3285 4546 3472 4621 κόσμῳ
3538 4567 3595 4601 σε
3661 4540 3801 4605 ἔδειξε

456 4632 688 4706 orbem,
724 4632 980 4696 ostendit
1012 4631 1303 4695 Christus.
1340 4632 1479 4694 Ideo
1515 4641 1697 4703 tuam,
1751 4626 1949 4702 Basili,
1985 4643 2089 4687 co-

2232 4634 2418 4698 )ιστὸς·
2492 4630 2571 4688 διὸ
2644 4655 2738 4690 σου
2822 4634 2919 4699 τὴν
3003 4636 3225 4709 μνήμην
3277 4637 3563 4710 ὑμνοῦμεν,
3640 4631 3790 4689 Βασί-

457 4722 758 4784 lebramus
788 4723 1158 4785 memoriam.

535 4810 659 4873 Non
694 4812 992 4891 legislator
1021 4813 1269 4893 Moyses,
1305 4830 1422 4873 non
1453 4816 1589 4872 ante
1621 4809 1813 4890 legem
1868 4809 2089 4889 Joseph

455 4900 560 4962 fuit
588 4900 935 4963 distributor
967 4901 1097 4979 ejus
1127 4918 1256 4981 quae
1288 4920 1357 4963 ex
1389 4910 1443 4962 te
1476 4901 1650 4963 datur
1701 4917 1852 4962 escae
1886 4916 1898 4958 :
1968 4897 2096 4977 ipse

455 4989 612 5049 enim
649 4989 805 5051 fuisti
838 4990 1034 5052 carnis
1065 4990 1278 5052 divinae
1306 4998 1626 5051 comestor.

536 5076 803 5140 Universi
839 5097 1044 5141 novam
1080 5079 1439 5143 nativitatem
1475 5080 1532 5140 in
1566 5080 1763 5141 Monte
1796 5076 1931 5141 Sina
1960 5075 2098 5138 sub-

456 5165 708 5229 obscure
737 5168 1036 5245 figuratam
1071 5172 1276 5251 Moysi,
1303 5177 1366 5231 ut
1394 5169 1816 5249 interpretatus
1841 5184 1926 5247 es,
1958 5165 2096 5228 bea-

540 5370 623 5451 (a')
649 5368 745 5433 Sic
779 5372 930 5451 apud
964 5370 1231 5434 Bolland.
1271 5376 1447 5437 Deest
1478 5391 1641 5435 num.
1678 5373 1737 5436 2.

2174 4721 2309 4780 λειε.

2259 4811 2330 4880 οὗ
2370 4809 2661 4885 νομοθέτης
2722 4810 2941 4884 Μωσῆς,
2992 4812 3051 4868 οὒ
3108 4815 3202 4889 πρὸ
3272 4815 3366 4870 τοῦ
3418 4834 3578 4887 νομου
3638 4808 3797 4885 [warns

2180 4898 2363 4978 γέγονε
2422 4900 2520 4968 τῆς
2572 4901 2705 4959 κανά
2763 4902 2820 4956 σὲ
2888 4906 3086 4980 τροφῆς
3144 4902 3486 4979 σιτομέτρης⁹
3533 4900 3628 4967 τῆς
3676 4897 3797 4959 θείας

2178 4991 2276 5067 γὰρ
2322 4990 2511 5066 σαρκὸς
2547 4989 2704 5053 αὒτὸς
2732 4992 2987 5065 ἑστιατωρ
3015 4988 3283 5071 ἐδείχθης,
3322 4990 3586 5049 Βασίλειε.

2259 5078 2368 5145 Τὴν
2423 5086 2514 5136 τοῦ
2586 5080 2783 5143 πάντὸς
2865 5080 3099 5159 ἀμυδρὰν
3155 5084 3523 5160 ἱστορηθεῖσαν
3579 5080 3631 5133 ἐν
3680 5079 3794 5130 Σινᾶ

2179 5165 2424 5246 γέννησιν
2494 5174 2569 5243 τῷ
2622 5168 2808 5225 Minui
2868 5170 3021 5233 αὒτός
3102 5170 3429 5246 ἑρμηνεύων,
3532 5168 3590 5223 ἐκ
3660 5163 3794 5219 θείων
