4076 6216
1550 313 1805 378 CANON
1851 314 1949 377 DE
1993 314 2053 377 S.
2115 315 2434 378 BASILIO.

1776 453 1938 509 Βασί-
1959 457 1994 506 Α
2024 449 2251 511 tissime
2278 451 2486 533 Basili,
2532 470 2601 514 ex
2633 452 2848 515 divinis
2879 453 3173 517 thesauris
3200 474 3329 518 eam
3380 458 3657 520 omnibus

286 454 563 519 θησαυρῶν
667 450 965 516 ἀνάπτυξας

282 539 422 599 λειε.

1094 457 1246 532 πᾶσι,
1368 455 1665 532 παμμάκαρ

961 718 1101 767 ΩΔΗ
1146 711 1249 786 ς’.

364 880 643 958 ’Ἒθρεψας
707 880 849 953 λιμῷ
907 882 1153 943 τακείσας
1207 880 1388 958 ψυχὰς
1423 882 1635 939 πάντων
1666 883 1925 961 ἀπιθάνως,

278 971 370 1025 καὶ
429 972 525 1032 τὰς
577 976 682 1025 τῶν
731 970 1035 1025 πεινώντων
1096 966 1308 1046 καρδίας
1366 972 1543 1036 πάσης
1603 970 1925 1040 ἐνέπλησας,

282 1058 526 1116 Βασίλειε
539 1109 550 1127 ,
585 1063 776 1125 θεϊκῆς
808 1058 1153 1137 εὐφροσύνης.

361 1146 644 1223 ’Ἢθρεψας
701 1149 882 1226 ψυχὰς
942 1147 1210 1211 πεινώσας
1269 1152 1437 1226 τροφῇ
1490 1153 1557 1223 τῇ
1610 1150 1923 1225 ἐπουρανίῳ·

283 1236 439 1313 ἄρτος
492 1240 591 1314 γὰρ
638 1243 743 1292 τῶν
793 1236 1036 1313 ἀγγέλων
1088 1236 1319 1314 ὑπάρχει
1365 1238 1392 1291 ὃ
1427 1236 1609 1315 )όγος,
1666 1235 1925 1307 Βασίλειε,

282 1326 346 1381 οὗ
376 1326 587 1401 ἄριστος
622 1324 895 1391 σιτοδύτης
923 1325 1121 1402 ἐγένου.

370 1412 672 1491 ’Ἤθροισας
704 1422 778 1489 τῷ
837 1417 933 1480 τῆς
983 1415 1262 1489 μελίσσης,
1306 1413 1569 1487 Βασίλειε,
1632 1414 1931 1493 φιλοπόνως

284 1505 488 1581 ἀρετῆς
521 1505 735 1570 ἁπάσης
788 1506 846 1560 τὸ
908 1503 1058 1565 ἄνθος

282 1593 480 1655 αὐταῖς
506 1592 793 1668 μακαρίζει,

371 1678 685 1743 "liensum:
728 1682 931 1755 κόσμου
990 1681 1241 1759 ῥαγῆναι,
1298 1685 1381 1739 καὶ
1445 1691 1559 1757 Θεῷ
1618 1681 1933 1759 συμϐιοτεύ-

285 1792 377 1825 σαι
412 1787 425 1798 ·
460 1769 540 1825 διὸ
570 1783 686 1835 τοῖς
718 1771 961 1834 ἂιστάτοις
1020 1773 1108 1826 καὶ
1157 1773 1425 1848 ῥευστοϊς,
1464 1776 1632 1852 Πάτερ
1666 1773 1929 1846 Βασίλειε,

287 1860 353 1914 τὰ
388 1858 609 1932 μένοντα
639 1862 711 1922 ὡς
744 1860 904 1938 σοφὸς
936 1863 1277 1930 κατεκτήσω.

1069 1552 1084 1584 ,
1119 1506 1205 1561 καὶ
1237 1503 1521 1582 περιδέξιος
1555 1505 1836 1580 γενόμενος
1880 1505 1934 1560 ἒν

973 2036 1110 2084 υΔΗ
1155 2029 1231 2087 Ζ’.

372 2198 537 2253 Εἷκὼν
586 2205 678 2254 τοῦ
733 2199 1034 2271 [Ῑνεύίιατος
1094 2202 1121 2254 ὁ
1182 2201 1324 2273 ι’ίὸς,
1381 2201 1466 2255 καὶ
1542 2209 1633 2257 τοῦ
1698 2202 1815 2256 Υἱοῦ
1871 2202 1932 2255 τὸ

279 2293 523 2365 Πνεῦμα,
572 2288 632 2342 σὺ
676 2285 726 2343 δὲ
791 2287 880 2344 τοῦ
932 2288 1258 2362 Πνεύματος,
1299 2291 1557 2359 Βασίλειε,
1599 2288 1931 2373 ὰκηλίίξωτον

281 2375 583 2453 ἕσωπτροκι,
643 2377 797 2441 οἶκος
856 2374 908 2431 δὲ
979 2379 1075 2442 τῆς
1152 2375 1283 2443 ὅλης
1363 2376 1625 2455 Τριάδος·
1700 2378 1932 2455 μακαρία

279 2467 316 2532 ἡ
382 2466 570 2539 μνήμη
626 2487 740 2539 σου,
802 2466 889 2521 καὶ
952 2466 997 2520 οἱ
1056 2464 1355 2535 δοξάζοντες
1430 2466 1591 2533 αὗῖῆν
1654 2464 1925 2531 ἀντιδοξά-

281 2564 487 2627 ζονται.

374 2646 587 2707 Βυθίσας
623 2648 712 2702 τὸν
760 2653 873 2702 νοῦν
930 2646 1002 2709 εἷς
1058 2646 1124 2702 τὰ
1167 2646 1301 2721 βάθη
1332 2654 1425 2702 τοῦ
1456 2653 1586 2701 Θεοῦ
1616 2647 1678 2701 τὰ
1730 2646 1933 2704 ἀκατά-

284 2733 494 2813 ληπτα,
544 2732 928 2810 συλλεξάμενος
987 2733 1039 2791 δὲ
1094 2736 1183 2790 τὸν
1240 2734 1529 2810 πολύτιμον
1562 2736 1621 2790 σὺ
1668 2738 1929 2815 μαργαρί-

285 2848 387 2891 την
436 2827 533 2891 τῆς
566 2825 836 2902 γνώσεως,
871 2824 1185 2888 ἐπλούτισας
1239 2825 1332 2880 τὸν
1361 2825 1561 2900 κόσμον
1607 2826 1813 2905 σοφίας,
1846 2827 1933 2883 καὶ

287 2914 613 2993 κραυγάζειν
654 2912 884 2980 ἐδίδαξας
921 2930 933 2944 ⁶
963 2912 1263 2991 Εὐλογητὸς
1314 2916 1341 2970 ὁ
1373 2917 1499 2980 Θεὸς
1542 2922 1647 2971 τῶν
1693 2914 1931 2994 πατέρων

287 3006 469 3077 ἡμῶν.

369 3080 431 3147 Ὠ
493 3092 756 3169 σύμπνοια
803 3094 893 3150 νοῦ
934 3094 1048 3172 ἱερά
1106 3113 1164 3150 τε
1223 3093 1461 3173 ξυνωρὶς,
1520 3096 1553 3161 ἡ
1614 3092 1793 3173 ὥσπερ
1837 3095 1929 3170 μία

3440 335 3666 387 OCCXCV

2016 540 2350 601 recludens.

2685 712 2837 775 ODE
2883 712 2982 774 Vl.

2092 877 2337 941 Animas
2366 899 2713 961 pauperum,
2753 882 3126 944 tabescentes
3157 883 3475 961 fame,sine
3502 886 3656 947 invi-

2012 965 2110 1026 dia
2144 970 2454 1040 nLtrivisti,
2492 979 2548 1031 et
2581 972 2974 1033 esurientium
3009 972 3212 1054 corda,
3247 973 3443 1049 Basili,
3494 975 3657 1036 omni

2013 1053 2213 1117 divina
2246 1058 2559 1137 prudentia
2594 1059 2939 1139 implevisti.

2093 1147 2341 1207 Animas
2371 1149 2706 1211 esurientes
2734 1149 3025 1210 nutrivisti
3058 1150 3281 1213 caelesti
3314 1151 3601 1215 alimento
3638 1174 3651 1216 :

2015 1250 2148 1294 nam
2183 1236 2349 1315 panis
2378 1240 2748 1317 angelorum,
2786 1258 2820 1299 o
2850 1238 3054 1316 Basili,
3090 1248 3180 1301 est
3232 1258 3453 1323 sermo,
3486 1244 3657 1323 cujus

2015 1340 2149 1385 eras
2181 1324 2424 1404 largitor
2456 1328 2735 1407 optimus.

2098 1413 2262 1474 Sicut
2312 1415 2463 1495 apis,
2500 1418 2724 1489 Basili,
2792 1435 3041 1497 operose
3099 1418 3386 1495 collegisti
3445 1422 3654 1482 ﬂorem

2017 1501 2211 1562 omnis
2238 1504 2485 1579 virtutis,
2524 1515 2582 1566 et
2641 1517 2701 1568 ut
2759 1507 2995 1586 sapiens
3054 1524 3160 1586 per
3188 1524 3318 1569 eam
3351 1508 3656 1573 beatiﬁca~

2017 1607 2121 1651 l‘lS.

2098 1680 2456 1742 Accelerasti
2482 1682 2751 1743 absciudi
2774 1701 2808 1742 a
2830 1684 3049 1745 mundo
3083 1692 3139 1745 et
3163 1682 3284 1746 Deo
3309 1686 3523 1747 vivere.
3552 1686 3650 1746 ld-

1983 1766 2177 1855 tcirco
2204 1787 2307 1848 pro
2331 1771 2508 1831 rebus
2530 1770 2903 1833 instabilibus
2933 1791 3001 1833 ac
3031 1773 3231 1853 ﬂuxis,
3249 1772 3423 1836 Pater
3450 1776 3653 1855 Basili,

1959 1844 1993 1870 ί)
2018 1844 2241 1918 aeterna
2270 1859 2571 1939 sapienter
2602 1871 2959 1923 consecutus
2989 1881 3072 1923 es.

2687 2027 2835 2090 ODE
2877 2027 2999 2092 VII.

2095 2195 2280 2258 Filius
2308 2197 2498 2276 imago
2533 2203 2622 2259 est
2655 2195 2936 2278 Spiritus,
2992 2208 3050 2261 et
3082 2202 3340 2283 Spiritus
3387 2202 3558 2281 Filii;
3598 2210 3657 2265 tu

2019 2304 2174 2365 vero,
2204 2285 2405 2366 Basili,
2440 2286 2695 2366 Spiritus
2733 2288 3178 2353 immaculatum
3233 2296 3564 2372 speculum,
3600 2303 3657 2355 et

2013 2375 2416 2436 habitaculum
2442 2376 2619 2436 totius
2644 2374 2972 2439 Trinitatis.
3004 2382 3179 2441 Beata
3210 2390 3299 2442 est
3329 2383 3409 2442 tni
3434 2400 3659 2444 memo-

2012 2470 2122 2543 ria,
2155 2474 2212 2525 et
2262 2463 2365 2544 qui
2398 2482 2528 2525 eam
2560 2465 2854 2531 recolunt.
2888 2468 3189 2549 recipiunt
3217 2473 3655 2535 remuneratio-

2014 2571 2175 2614 nem.

2095 2644 2350 2703 Mentem
2385 2640 2972 2724 incomprehensibili
3006 2647 3386 2726 profunditati
3411 2648 3648 2711 immer-

2015 2748 2179 2809 gens,
2208 2740 2263 2793 et
2285 2730 2572 2808 colligens
2594 2732 3090 2813 pretiosissimam
3117 2737 3470 2817 cognitionis
3502 2756 3652 2802 mar-

2016 2821 2288 2899 garitam,
2341 2819 2710 2899 locupletasti
2761 2822 2968 2885 orbem
3001 2825 3311 2905 sapientia,
3348 2836 3407 2889 et
3437 2828 3648 2891 docui-

2015 2909 2093 2972 sti
2125 2910 2385 2971 clamare
2423 2930 2435 2971 :
2476 2909 2830 2973 Benedictus
2859 2915 3110 2987 es,Deus
3140 2922 3375 2996 patrum
3407 2926 3650 2980 nostro-

2013 3015 2171 3061 rum.

2093 3085 2142 3179 _O
2167 3088 2480 3151 consensio
2503 3086 2839 3179 animorum
2872 3096 2929 3152 et
2957 3099 3165 3154 sancta
3207 3094 3460 3159 societas
3488 3115 3501 3157 :
3536 3113 3651 3179 qua

288 3183 445 3263 ῲυχὴ
495 3181 549 3238 ἄν
601 3180 709 3239 δυσὶ
767 3182 1009 3258 σώμασιν
1064 3181 1377 3262 ἀδιαίρετος,
1412 3183 1467 3238 ἐν
1498 3184 1768 3262 Γρηγορίῳ
1821 3192 1928 3240 Βα-

2042 3174 2173 3238 'elut
2202 3195 2358 3239 unus
2389 3185 2445 3237 et
2476 3176 2817 3266 individuus
2847 3178 2907 3239 in
2931 3180 3167 3259 gemino
3190 3201 3439 3264 corpore
3458 3174 3654 3266 Spiri-

284 3271 505 3347 σίλειος,
573 3271 719 3345 πόθῳ
773 3276 961 3346 θειῒκῴ
1009 3271 1360 3351 συνημμένοι,
1410 3280 1464 3328 ἐν
1499 3274 1761 3346 Κασιλείῳ
1792 3280 1931 3352 Γρη-

284 3363 465 3439 γόριος
501 3378 515 3392 ⁸
606 3368 693 3417 νῦν
768 3362 1067 3418 ἱκετεύσατε
1157 3363 1381 3441 Χριστὸν
1460 3362 1591 3441 ὑπὲρ
1645 3362 1741 3431 τῆς
1801 3364 1927 3419 ποί-

282 3474 446 3526 tunc.

365 3542 548 3620 Πατὴρ
579 3542 841 3620 ὀρφανῶν,
874 3542 961 3596 καὶ
994 3539 1183 3621 χηρῶν
1212 3541 1603 3619 προασπιστὴς,
1644 3541 1731 3596 καὶ
1763 3538 1927 3597 πλοῦ-

280 3652 370 3693 τος
402 3632 618 3709 πένησι,
651 3631 757 3688 τῶν
790 3631 1149 3687 ἀσθενούντων
1183 3632 1218 3698 ἡ
1275 3629 1618 3702 παράκλησις
1676 3631 1761 3687 καὶ
1822 3630 1925 3687 τῶν

280 3719 606 3777 πλοιούντων
655 3716 991 3801 κυϐέρνησις,
1053 3721 1248 3799 γήρους
1332 3721 1595 3799 βακτηρία
1652 3718 1919 3799 ἐδείχθης,

280 3808 616 3887 παιδαγωγία
678 3809 954 3887 νεότητος,
1017 3811 1104 3869 καί
1140 3807 1474 3884 μοναζόντων
1506 3808 1697 3889 ἀρετῆς
1725 3810 1921 3881 κανὼν,

284 3895 551 3955 Βασίλειε.

974 4082 1113 4135 ΩΔΗ
1158 4073 1244 4135 B’.

374 4257 477 4313 Τὸν
524 4253 775 4333 ἀφράστῳ
821 4258 1038 4335 προνοίᾳ
1095 4255 1470 4335 δωρησάμενον
1526 4254 1799 4313 Βασίλειον
1857 4254 1933 4330 τῷ

279 4348 496 4423 κόσμῳ,
550 4351 661 4424 φῶς
736 4343 999 4410 εόσεϐείας
1057 4345 1333 4423 σάλπιγγα
1402 4366 1457 4401 τε
1508 4344 1606 4412 τῆς
1660 4346 1931 4422 θεολογίας

284 4432 599 4513 [ὕμνοῦντες
630 4432 890 4513 λέγομεν]
922 4453 935 4469 ·
992 4434 1303 4511 Εὗλογεῖτε,
1336 4435 1401 4490 τὰ
1427 4433 1551 4513 ἔργα
1580 4444 1671 4491 του
1719 4435 1925 4511 Κυρίου,

280 4526 376 4579 τὸν
412 4524 619 4601 Κύριον.

365 4613 466 4670 Τὸν
521 4610 739 4687 δαψιλεῖ
796 4612 1031 4691 ἐνεργείᾳ
1085 4612 1433 4682 ἐνοικήσαντα
1466 4618 1541 4686 τῷ
1583 4620 1729 4692 σοφῷ
1759 4619 1925 4670 Βασι-

278 4701 429 4780 λείῳ,
488 4702 575 4757 καὶ
624 4699 691 4755 δι’
750 4700 907 4757 αὐτοῦ
939 4698 1165 4764 εὐσεϐῶς
1197 4699 1583 4779 θεολογηθέντα
1619 4720 1636 4738 ⁸
1674 4703 1929 4781 Εὗλογεϊ-

279 4812 363 4863 τες
397 4792 464 4846 τὰ
494 4790 622 4869 ἔργα
651 4792 743 4847 τοῦ
781 4791 1000 4869 Κυρίου,
1035 4794 1127 4847 τὸν
1158 4791 1376 4869 Κύριον,

370 4883 431 4939 Οἱ
461 4886 568 4935 τῶν
619 4880 770 4937 θείων
819 4903 913 4937 σου
986 4880 1161 4958 λόγων
1217 4877 1604 4955 ἀπολαϐόντες,
1657 4878 1924 4956 Βασίλειε,

284 4970 570 5035 ἀπαύστως
595 4969 647 5025 ἐν
680 4974 747 5045 τῇ
779 4991 872 5025 σου
927 4972 1115 5045 μνήμη
1165 4968 1605 5048 πανηγυρίζοντες
1667 4970 1875 5045 βοῶμεν
1911 4987 1925 5002 ·

288 5057 602 5137 Εὖλογεϊτε,
648 5059 712 5114 τὰ
738 5058 867 5137 ἔργα
895 5065 986 5117 τοῦ
1020 5058 1233 5139 Κυρίου,
1266 5060 1356 5114 τὸν
1387 5055 1601 5137 Κύριον.

373 5149 475 5213 Τὰς
532 5148 753 5209 ἀκτῖνας
804 5153 910 5203 τῶν
968 5148 1140 5227 λόγων
1202 5146 1606 5227 ἓξαπέστειλας,
1670 5146 1928 5225 Βασίλειε,

289 5242 369 5311 τῷ
442 5239 651 5316 ιιόσμῳ,
727 5239 1141 5317 φυταγωγούσας
1247 5236 1372 5311 μίαν
1448 5233 1621 5292 σέϐειν
1718 5234 1934 5315 Τριάδος

290 5329 441 5406 φύσιν
469 5343 485 5358 ⁸
568 5325 881 5405 Εὔλογιϊτε,
945 5328 1009 5383 τὰ
1086 5326 1213 5405 ἔργα
1272 5331 1361 5382 τοῦ
1419 5322 1611 5404 Κυρίου
1669 5326 1762 5382 τὸν
1816 5323 1932 5388 Κύ-

287 5438 399 5495 ριον
410 5466 422 5478 ,

1952 4546 1997 4599 ο
2018 4517 2269 4580 minum.

2012 3272 2140 3356 tius,
2164 3266 2222 3327 in
2257 3265 2542 3356 Gregorio
2574 3264 2834 3356 Basilius
2864 3268 3074 3331 divino
3095 3288 3297 3335 amore
3328 3264 3553 3356 unitus,
3587 3280 3647 3337 in

2010 3355 2229 3417 Basilio
2259 3353 2584 3434 Gregorius
2608 3354 2739 3417 fuit.
2775 3354 2952 3419 Orate
2978 3377 3136 3422 nunc
3167 3378 3273 3441 pro
3304 3380 3485 3443 grege
3505 3353 3651 3426 nos-

2009 3451 2100 3507 tro
2134 3444 2458 3507 Christum.

2094 3532 2469 3615 Pupillorum
2500 3542 3000 3615 pater,protector
3014 3538 3655 3623 viduarum,opulentia

2010 3640 2366 3705 pauperum,
2394 3625 2801 3701 aegrotantium
2834 3624 3127 3708 solamen,
3161 3637 3219 3690 et
3258 3629 3318 3692 in
3362 3632 3475 3695 hoc
3506 3636 3655 3697 mari

2007 3711 2419 3772 ﬂuctuantium
2443 3710 3187 3803 gubernaculum,baculus
3208 3721 3654 3803 senectutis,ju—

2009 3800 2275 3861 ventutis
2303 3800 3043 3880 instructio,solitariorum
3076 3805 3282 3885 regula
3304 3807 3376 3870 ad
3410 3800 3649 3873 omnem

2016 3890 2294 3952 virtutem
2327 3908 2415 3966 es,
2450 3909 2483 3952 ο
2515 3889 2713 3953 Basili.

2650 4068 2800 4135 ODE
2843 4070 2995 4139 VIII.

2096 4246 2386 4311 Ineﬁ‘abili
2438 4249 2805 4329 providentia
2849 4271 3200 4316 concessum
3234 4255 3452 4320 mundo
3483 4256 3653 4320 Basi-

2015 4335 2186 4415 lium,
2224 4339 2456 4418 pietatis
2517 4340 2843 4415 lucernam,
2904 4343 3104 4404 tubam
3152 4344 3462 4425 theologiaa
3494 4347 3650 4427 [lau-

2015 4428 2224 4518 dantes
2254 4427 2536 4509 dicimus]
2574 4448 2586 4488 :
2622 4429 2991 4508 Benedicite,
3025 4451 3207 4513 opera
3232 4435 3493 4518 Domini,
3525 4440 3648 4501 Do-

2094 4607 2346 4697 Cppiosa
2371 4608 2716 4687 operatione
2740 4609 3166 4672 inhabitantem
3192 4610 3501 4690 Basilio,et
3522 4616 3650 4697 ipso

2013 4696 2309 4786 mediante
2341 4697 2437 4776 pie
2495 4698 2825 4778 expositum
2863 4716 2876 4758 :
2916 4700 3277 4783 Benedicite,
3320 4722 3499 4786 opera
3530 4696 3649 4770 Do-

2014 4785 2181 4864 mini,
2216 4785 2555 4850 Dominum.

2096 4874 2208 4949 Qui
2231 4873 2442 4936 divinis
2471 4875 2586 4937 tuis
2609 4875 2986 4939 sermonibus
3016 4877 3333 4956 fruimur,o
3368 4884 3561 4962 Basili,
3586 4886 3646 4948 in

2016 4965 2101 5028 tui
2132 4964 2480 5029 memoriam
2511 4965 2715 5029 festive
2746 4968 3106 5047 congregati,
3132 4971 3453 5037 clamamus
3488 4993 3502 5035 :
3538 4979 3650 5039 Be-

2016 5054 2297 5130 nedicite,
2331 5072 2512 5136 Opera
2541 5054 2802 5135 Domini,
2837 5055 3181 5122 Dominum.

2096 5144 2316 5207 Radius
2342 5162 2685 5207 sermonum
2711 5153 2944 5207 tuorum
2961 5148 3182 5210 mundo
3205 5151 3521 5230 emisisti,o
3544 5159 3652 5221 Ba-

2017 5233 2487 5308 sili,illuminans
2516 5242 2749 5315 eum,ut
2770 5252 2948 5297 unam
2982 5237 3042 5297 in
3074 5235 3367 5305 Trinitate
3383 5256 3647 5309 naturam

2015 5322 2493 5398 venerans,dicat
2521 5340 2534 5385 :
2566 5322 2937 5402 Benedicite,
2973 5344 3155 5407 opera
3183 5327 3647 5416 Domini,Domi-

2018 5429 2183 5476 num.
