4076 6216
596 657 1168 757 MONITUM
1250 654 1414 750 AD
1507 655 2099 758 HUMILIAS
2177 662 2300 756 IN
2381 658 3236 760 HEXAEMERON

1872 926 1965 951 -φ-

307 1139 455 1203 Sunt
486 1142 586 1223 qui
617 1140 959 1202 existiment
983 1140 1264 1202 Basilium
1301 1142 1576 1216 Magnum
1608 1136 2069 1199 commentarios
2101 1138 2159 1200 in
2186 1148 2365 1202 totam
2398 1142 2763 1227 Scripturam
2798 1150 3180 1214 contexuisse
3212 1149 3440 1230 (i):sed
3463 1169 3600 1213 cum

231 1236 353 1297 haec
383 1236 588 1317 Opinio
618 1234 744 1295 sola
772 1234 1091 1297 Cassidiori
1123 1233 1471 1296 auctoritate
1502 1231 1822 1304 nitatur,ea
1852 1231 1927 1291 de
1955 1249 2021 1292 re
2052 1231 2314 1295 dubitari
2348 1256 2519 1317 posse
2572 1240 2952 1318 arbitramur,
2989 1242 3314 1324 praesertim
3360 1263 3494 1306 cum
3526 1245 3601 1308 de

232 1328 337 1390 bac
368 1330 935 1390 commentariorum
971 1327 1126 1389 mole
1142 1326 1325 1387 altum
1356 1326 1432 1387 sit
1461 1323 1776 1386 selentium
1806 1326 1959 1403 apud
1992 1329 2379 1407 antiquiores.
2400 1331 2701 1399 Habemus
2733 1323 3055 1400 etiamnum
3085 1338 3364 1401 homilias
3392 1358 3601 1402 novem

230 1423 289 1483 in
320 1441 473 1504 opus
505 1442 604 1484 sex
637 1421 896 1498 dierum,
930 1421 1039 1483 boc
1070 1431 1182 1501 est,
1236 1422 1301 1482 in
1338 1420 1778 1497 Hexaemeron,
1814 1418 2113 1482 orationes
2165 1422 2370 1485 decem
2405 1435 2461 1487 et
2490 1437 2716 1508 septem
2750 1431 2809 1492 in
2842 1430 3124 1511 quosdam
3157 1430 3444 1508 Psalmos,
3470 1451 3602 1494 am-

228 1516 571 1596 plissimum
606 1515 665 1575 in
702 1516 898 1595 priora
947 1515 1248 1578 sexdecim
1276 1512 1447 1575 Isaia)
1482 1511 1673 1606 capita
1705 1514 2223 1606 mmmentarium.
2268 1515 2456 1585 Pauca
2488 1521 2727 1602 quidem
2762 1525 2887 1586 hac
2903 1534 3070 1600 sum,
3105 1525 3157 1585 si
3187 1535 3608 1606 comparentur

227 1631 363 1673 cum
400 1611 477 1670 iis
508 1609 956 1671 commentariis
991 1610 1089 1690 qui
1128 1605 1760 1702 olim’Basilie‘trilauti
1794 1605 2002 1702 fuere_:
2028 1607 2131 1702 sed
2168 1617 2361 1672 tamen
2402 1606 2799 1694 quarumdam
2841 1621 3158 1697 γνησιότης,
3196 1628 3260 1681 ut
3292 1605 3435 1682 mihi
3467 1621 3604 1702 qui-

226 1705 362 1765 dem
396 1704 654 1777 videtur,
693 1702 825 1782 jure
856 1722 924 1764 ac
956 1702 1170 1765 merito
1204 1710 1477 1780 suspecta
1505 1698 1690 1759 videri
1718 1708 1929 1779 potest.
1967 1700 2049 1761 De
2073 1701 2167 1761 his
2195 1704 2252 1764 in
2280 1702 2762 1785 Praefationembi
2786 1710 2859 1771 de
2885 1710 3228 1791 qualibetre
3258 1730 3366 1775 suo
3402 1698 3609 1776 ordine

227 1818 295 1860 ac
328 1800 460 1860 loco
492 1798 844 1876 disputatur.
880 1795 1129 1860 Veteres
1160 1807 1358 1858 autem
1411 1793 1613 1875 quanti
1645 1792 2066 1858 Hexaemeron
2095 1795 2369 1874 fecerint,
2422 1819 2555 1863 esse
2604 1804 2903 1865 hominem
2937 1805 3039 1885 qui
3088 1806 3318 1883 ignoret
3347 1808 3607 1871 arbitror

232 1893 560 1956 neminem.
596 1892 744 1971 Ejus
766 1890 1096 1953 meminere
1118 1889 1441 1969 Gregorius
1471 1885 1901 1961 Nazianzenus,
1938 1890 2257 1968 Gregorius
2288 1892 2612 1973 Nyssenus,
2670 1896 3085 1978 Hieronymus,
3124 1898 3400 1963 Socrates
3433 1902 3520 1983 (9)
3553 1911 3611 1963 et

230 1988 353 2050 alii.
380 1987 717 2067 Optandum
750 1994 911 2047 certe
935 1996 1119 2066 esset,
1153 1994 1217 2045 ut
1250 1984 1503 2046 lectores
1532 1982 1626 2044 bis
1657 1982 2019 2044 orationibus
2050 1983 2319 2059 legendis
2349 1986 2428 2048 ita
2463 1987 2642 2050 hodie
2695 1990 3098 2065 afﬁcerentur,
3151 1999 3212 2052 ut
3240 1992 3611 2057 afﬁciebatur

229 2081 370 2142 olim
397 2079 718 2159 Gregorius
755 2078 1180 2155 Nazianzenus,
1218 2078 1391 2157 cujus
1419 2076 1544 2137 haec
1575 2081 1714 2136 sunt
1744 2093 1839 2136 ver

2006 2074 2185 2134 ’Ὅταν
2216 2081 2312 2147 τὴν
2344 2081 2668 2159 Ἐξαήμερον
2702 2084 2860 2141 αὒτοῦ
2891 2088 3372 2166 μεταχειρίζωμπιι,
3405 2090 3492 2146 καὶ
3521 2087 3604 2146 διὰ

233 2176 492 2255 γλώσσης
541 2176 708 2256 φέρω,
741 2176 877 2250 μετὰ
907 2182 999 2231 τοῦ
1033 2179 1252 2253 Κρίστου
1280 2175 1517 2251 γῖνομπιι,
1550 2172 1636 2227 καὶ
1666 2170 1912 2248 γινώσκω
1954 2170 2173 2233 κτίσεως
2206 2171 2417 2250 ὶόγυυς,
2450 2177 2536 2232 καὶ
2557 2178 2806 2253 Θαυμάζω
2837 2179 2926 2235 τὸν
2958 2180 3187 2247 κτίστην
3215 2179 3376 2240 πλέον
3407 2182 3442 2251 ἢ
3471 2186 3601 2261 πρό,

219 2291 397 2349 τερον,
432 2271 559 2345 ὄψει
606 2270 746 2344 μόνῃ
776 2266 1076 2340 διδασκάλῳ
1104 2267 1407 2346 χρώμενος,
1438 2288 1465 2319 α
1492 2264 1638 2327 Cum
1671 2261 1829 2323 Hexc

1994 2278 2092 2323 ron
2140 2264 2298 2327 illius
2350 2267 2410 2327 in
2470 2288 2683 2331 manus
2726 2288 2920 2346 sumo,
2953 2280 3127 2354 atque
3160 2274 3218 2335 in
3250 2293 3355 2336 ore
3386 2274 3604 2356 habeo,

218 2383 355 2429 cum
388 2365 675 2427 Creatore
706 2362 1058 2441 conjungor,
1089 2378 1158 2421 ac
1189 2357 1513 2420 creationis
1542 2356 1803 2452 rationes
1827 2373 2108 2434 agnosco,
2159 2361 2621 2452 Creatoremque
2677 2364 2860 2443 magis
2909 2365 3175 2428 admiror
3222 2386 3290 2429 ac
3316 2370 3605 2452 suspicio,

218 2478 402 2539 quam
443 2455 608 2537 prius
638 2454 930 2529 solebam,
960 2472 1094 2516 cum
1128 2452 1257 2514 solo
1291 2460 1539 2532 aspectu
1572 2450 1848 2526 magistro
1882 2457 2102 2513 uterer.
2131 2474 2158 2506 ι
2193 2451 2443 2513 Ascriba
2474 2464 2533 2515 et
2561 2454 2745 2517 verba
2768 2455 3042 2536 Gregorii
3091 2459 3377 2539 Nysseni,
3410 2460 3511 2541 qui
3533 2450 3607 2523 de

219 2551 442 2612 eodem
478 2550 580 2610 illo
614 2565 797 2628 opere
829 2555 944 2609 tam
976 2546 1290 2625 magniﬁce
1316 2545 1552 2607 locutus
1583 2544 1697 2621 est,
1731 2550 1796 2603 ut
1821 2541 2061 2603 modum
2087 2544 2379 2606 excedere
2403 2545 2693 2611 videatur.
2726 2547 2813 2610 Ita
2831 2557 3027 2611 autem
3052 2552 3287 2632 scripsit
3320 2573 3334 2610 :
3370 2561 3486 2611 Τῶν
3506 2556 3606 2635 γὰρ

214 2650 355 2703 κατὰ
380 2646 525 2701 θείαν
557 2644 829 2701 ἐπίπνοιαν
873 2645 928 2698 'sv
958 2648 1026 2718 τῇ
1052 2642 1378 2719 κοσμογονίᾳ
1406 2638 1871 2719 φιλοσοφηθέντων
1900 2644 1977 2710 τῷ
2007 2635 2226 2713 μεγάλῳ
2258 2644 2563 2717 Μωῦσῇ....
2599 2640 2853 2707 ἐπέταξας
2898 2642 3034 2719 ἡμῖν
3065 2642 3149 2701 διά
3177 2665 3318 2709 τινος
3362 2644 3596 2703 ἀκολού-

213 2744 305 2796 θου
333 2738 571 2802 διανοίας
601 2739 670 2802 εἷς
702 2738 879 2815 εἱρμὸν
910 2734 1158 2814 ἀγαγεῖν,
1190 2737 1277 2791 καὶ
1306 2741 1687 2813 συμφωνοῦσαν
1716 2731 1849 2809 πρὸς
1894 2730 2089 2797 ἑαυτὴν
2124 2730 2393 2798 ἀποδείξαι
2423 2735 2524 2802 τὴν
2552 2735 2705 2814 ἁγίαν
2749 2741 2986 2814 Γραφτν*
3022 2738 3109 2793 καὶ
3134 2745 3299 2794 ταῦτα
3342 2739 3480 2814 μετᾶ
3507 2741 3604 2807 τὴν

212 2836 574 2891 θεόπνευστον
600 2830 805 2898 ἐκείνην
836 2837 927 2887 τοῦ
955 2830 1156 2907 [lat-:pr
1193 2830 1341 2903 ἦμῶν
1390 2828 1463 2889 είς
1508 2827 1569 2883 τὸ
1612 2825 1958 2903 προκείμενον
1987 2826 2228 2893 θεωρίαν,
2263 2825 2328 2893 ἢν
2380 2827 2427 2882 οἱ
2471 2826 2767 2905 ἱγνωκότες
2811 2828 3030 2904 πάντες,
3065 2828 3212 2886 οὐδὲν
3243 2828 3460 2887 ἔλαττον
3500 2838 3606 2889 τῶν

214 2929 365 3002 αὒτῳ
399 2926 600 3002 Μωῦσῇ
630 2922 1143 3003 πεφιλοσοφημένων
1174 2922 1549 2996 θαυμάσωσιν,
1586 2920 1643 2975 εὖ
1674 2920 1761 2975 καὶ
1806 2916 2047 2997 εἰκότως,
2082 2918 2267 2994 οἶμαι,
2303 2926 2457 2976 τοῦτο
2487 2924 2783 2984 ποιοῦντα,
2824 2945 2850 2976 (ι
2879 2919 2987 2983 Vis
3017 2921 3178 2984 enim
3227 2930 3294 2984 ut
3328 2942 3458 3004 quae
3478 2940 3605 2988 οω-

214 3021 353 3082 lesti
387 3021 634 3081 numine
662 3018 891 3080 afﬂatus
936 3016 1011 3077 de
1052 3015 1253 3077 mundi
1312 3012 1721 3095 procreatione
1754 3028 1999 3089 magnus
2030 3013 2259 3090 Moyses
2286 3011 2558 3090 prodidit
2588 3012 2976 3079 monimentis
3002 3013 3359 3092 litterarum,
3391 3015 3603 3079 ordine

211 3112 481 3195 quodam
517 3113 848 3192 disponam,
875 3118 1383 3189 sanctamqueque
1415 3103 1782 3185 Scripturam
1817 3104 1934 3166 sibi
1978 3104 2092 3184 ipsi
2122 3105 2599 3167 consentientem
2633 3124 2705 3168 ac
2737 3115 3105 3169 constantem
3150 3102 3289 3172 esse
3318 3108 3600 3171 demons-

210 3218 406 3283 trem;
443 3205 623 3286 idque
657 3213 786 3283 post
820 3201 1074 3264 divinam
1098 3200 1258 3262 illam
1289 3198 1481 3261 Patris
1509 3198 1699 3259 nostri
1732 3199 1790 3259 in
1824 3198 1983 3259 idem
2012 3210 2429 3278 argumentum
2486 3201 3079 3275 commentationem,
3113 3218 3288 3283 quam
3317 3203 3417 3281 qui
3440 3203 3605 3283 lege-

208 3308 381 3380 runt,
409 3317 530 3360 non
559 3297 753 3358 minus
772 3313 947 3377 quam
983 3313 1076 3375 ea,
1109 3311 1240 3375 qua:
1269 3292 1341 3354 ab
1367 3293 1496 3373 ipso
1522 3293 1712 3372 Moyse
1737 3290 2063 3372 prescripta
2087 3296 2249 3371 sunt,
2286 3309 2496 3353 omnes
2532 3291 2942 3355 admirantur:
2978 3303 3036 3357 et
3067 3300 3298 3371 merito,
3326 3313 3457 3357 mea
3479 3295 3607 3377 qni-

215 3396 366 3456 dem
408 3392 731 3455 sententia.
773 3416 801 3447 ι

298 3486 441 3550 Alia
472 3486 709 3566 quidem
745 3483 997 3558 ratione,
1027 3481 1130 3543 sed
1164 3479 1500 3544 elﬁcaciore
1529 3480 1712 3542 multo
1745 3488 1803 3541 et
1825 3481 1897 3542 ad
1929 3478 2406 3560 persuadendum
2445 3481 2677 3561 aptiore
2708 3482 2819 3542 hoc
2849 3482 3008 3544 idem
3044 3500 3193 3563 opus
3217 3483 3606 3548 commenda-

214 3585 298 3646 vit
330 3580 713 3660 Ambrosius,
740 3579 908 3654 dum,
941 3577 1099 3659 quod
1121 3575 1384 3640 Basilius
1413 3574 1732 3655 scripserat
1763 3574 1996 3649 Grmce,
2034 3573 2092 3635 id
2146 3574 2273 3654 ipse
2324 3574 2537 3636 Latine
2569 3574 2848 3639 reddidit.
2882 3574 2954 3638 Et
2986 3595 3121 3639 vero
3162 3595 3337 3639 nemo
3368 3580 3603 3659 opinor,

215 3679 406 3741 homo
441 3675 544 3755 qui
575 3682 893 3753 utrumque
920 3690 1071 3752 opus
1099 3669 1331 3750 legerit,
1365 3667 1728 3732 inﬁciabitur
1749 3666 2134 3731 Ambrosium
2160 3670 2220 3729 in
2256 3668 2372 3730 illis
2389 3668 2509 3730 suis
2539 3670 2906 3733 orationibus
2934 3671 3425 3753 interpretis,non
3457 3692 3603 3735 auc-

216 3770 380 3833 toris
410 3784 659 3829 munere
682 3766 1055 3846 perfunctum
1090 3763 1267 3824 fusse.
1303 3761 1519 3825 Fateor
1551 3762 1794 3840 quidem
1819 3760 2203 3824 Ambrosium
2241 3782 2355 3823 non
2389 3763 2534 3824 nihil
2568 3764 2642 3833 de
2668 3783 2775 3826 suo
2809 3765 3058 3842 addere,
3104 3766 3371 3847 demere,
3406 3777 3604 3828 trans-

214 3881 473 3948 ponere,
527 3862 671 3922 imm
698 3869 915 3923 utare:
952 3859 1055 3921 sed
1115 3859 1193 3918 ita
1244 3867 1464 3939 tamen,
1529 3867 1590 3918 ut
1642 3858 2029 3937 interpretem
2080 3866 2237 3937 agat,
2275 3859 2689 3938 interpretem,
2716 3861 2977 3941 inquam,
3014 3879 3133 3922 non
3159 3860 3599 3941 scrupulosam,

216 3960 325 4021 sed
355 3956 727 4019 liberiorem.
762 3953 957 4025 Quare
974 3954 1027 4014 si
1058 3950 1299 4029 quando
1332 3952 1391 4012 in
1421 3950 1736 4021 Ambrosio
1768 3962 2090 4016 occurrunt
2114 3953 2241 4016 loca
2273 3955 2543 4031 quaedam
2578 3955 2865 4030 difﬁcilia,
2907 3956 3209 4039 perplexa,
3266 3956 3601 4020 subobscu~

216 4070 311 4125 ra,
341 4061 648 4129 corrupta,
681 4066 811 4128 qua:
842 4047 1133 4108 facessunt
1161 4044 1461 4122 negotium
1496 4043 1725 4119 lectori,
1762 4046 1818 4108 ei
1850 4054 2056 4109 auctor
2082 4065 2210 4113 sum
2247 4057 2312 4108 ut
2339 4046 2413 4110 ad
2443 4046 2726 4112 Basiliam
2760 4050 3087 4129 confugiat,
3112 4067 3299 4130 eoque
3323 4049 3601 4128 magistro

217 4165 289 4206 ac
323 4144 486 4205 duce
516 4149 737 4203 utatur.

302 4239 562 4301 Constat
593 4234 874 4297 Basiliam
909 4232 1002 4295 bis
1027 4233 1125 4294 die
1154 4232 1572 4295 concionatum
1604 4233 1809 4308 fuisse,
1846 4235 2149 4297 matutinis
2172 4235 2335 4297 horis
2355 4244 2531 4317 atque
2552 4237 2930 4317 vespertinis;
2958 4237 3135 4318 idque
3161 4246 3431 4313 tempore
3448 4235 3598 4309 Qua-

220 4332 589 4410 dragesimaa
623 4351 637 4393 :
673 4330 777 4391 sed
810 4348 926 4409 quo
951 4346 1131 4408 anno,
1166 4326 1334 4388 valde
1366 4328 1681 4389 incertum.
1708 4330 1835 4389 Non
1868 4327 2116 4390 defuere
2141 4328 2240 4408 qui
2261 4330 2641 4407 ex,orationis
2671 4339 2887 4391 octavm
2915 4330 3111 4391 verbis
3136 4329 3594 4408 judicarintBa-

220 4426 458 4499 silium,
492 4442 624 4505 quae
644 4432 770 4485 erat
796 4422 909 4483 viri
932 4421 1231 4496 facundia,
1266 4422 1589 4486 conciones
1638 4422 1744 4484 bas
1799 4421 1872 4484 ad
1924 4422 2207 4502 populum
2243 4441 2314 4484 ex
2345 4432 2613 4506 tempore
2646 4425 2945 4487 habuisse.
2973 4425 3047 4486 Et
3074 4422 3338 4503 quidem,
3374 4424 3429 4485 si
3455 4424 3604 4485 ﬁdes

220 4520 448 4584 Ruﬁno
481 4518 819 4607 adhibenda
850 4516 920 4577 sit
959 4516 1066 4599 (3),
1102 4516 1189 4579 sic
1215 4512 1559 4578 Concionari
1582 4516 1810 4578 solebat
1838 4514 2116 4579 Basilius.

303 4604 759 4677 Hexaemeron.
795 4604 999 4674 Basilii
1028 4610 1171 4673 olim
1203 4610 1264 4675 in
1300 4611 1554 4691 linguam
1572 4611 1845 4673 Latinam
1873 4611 2169 4671 transtulit
2196 4611 2575 4675 Eustathius:
2611 4612 2716 4674 sed
2749 4611 2897 4674 nihil
2930 4611 3196 4692 estquod
3229 4610 3327 4672 hic
3362 4611 3437 4672 de
3469 4611 3606 4689 ejus

222 4707 721 4788 intenpretatione
750 4698 1208 4786 proloquamur,
1233 4723 1369 4767 cum
1388 4694 1449 4765 id
1474 4723 1622 4785 opus
1657 4705 1717 4766 in
1741 4703 2087 4786 Appendice
2112 4702 2572 4784 editum,videre
2593 4707 2807 4787 cuique
2838 4706 3029 4768 liceat.
3065 4703 3317 4766 Easdem
3353 4704 3456 4765 bas
3487 4702 3606 4765 Ba-

216 4804 341 4866 silii
378 4797 1019 4865 orationeetnnstulit
1044 4800 1303 4880 quoque,
1340 4800 1735 4879 quorumdam
1760 4799 1989 4878 judicio
2023 4799 2136 4879 {4),
2187 4798 2503 4877 Dionysius
2535 4800 2795 4879 Exiguus
2824 4817 2837 4862 :
2871 4798 2975 4861 sed
3008 4816 3123 4878 qua
3170 4796 3523 4860 auctoritate
3546 4803 3611 4858 et

223 4895 454 4979 quibus
482 4893 844 4957 testimoniis
872 4892 1193 4955 dictumid
1216 4894 1321 4973 an,
1346 4891 1693 4971 ignoramus

308 4992 580 5055 Necesse
613 5005 730 5049 non
756 4994 846 5050 est
866 4986 1055 5048 multa
1086 4987 1198 5048 hoc
1230 4986 1360 5049 loco
1389 4986 1592 5048 dicere
1617 4985 1692 5048 de
1724 4986 1916 5048 tribus
1960 4987 2354 5062 orationibus,
2392 5005 2641 5069 quarum
2696 4987 2827 5047 dum
2858 4985 3088 5066 priores
3117 4987 3355 5067 scriptae
3382 4994 3519 5048 sunt
3534 4985 3610 5047 de

226 5084 503 5150 hominis
536 5083 912 5159 formatione,
946 5076 1118 5142 tertia
1151 5079 1225 5143 de
1250 5080 1548 5163 paradiso.
1584 5080 1727 5143 Nam
1780 5098 1851 5144 ea
1882 5080 1955 5142 de
2000 5101 2068 5144 re
2098 5082 2241 5146 satis
2273 5082 2403 5145 fuse
2435 5084 2493 5144 in
2524 5081 2872 5144 Prmfatione
2902 5080 3273 5161 disputatur:
3300 5098 3476 5163 quam
3509 5095 3613 5161 qui

227 5182 463 5253 volent,
490 5178 691 5257 legere
723 5183 1001 5257 poterunt
1020 5174 1054 5257 §
1078 5172 1129 5256 1,
1163 5193 1224 5238 n.
1267 5174 1358 5238 t3.

316 5339 414 5498 ξιξ
438 5316 661 5409 Baron.
690 5332 830 5435 278;
866 5334 1133 5421 Cassiod.
1282 5336 1431 5436 inst.
1466 5354 1523 5417 p.
1557 5334 1699 5400 538.

345 5414 385 5481 2
435 5416 613 5498 Greg.
641 5416 972 5498 Nas.,orat.
1000 5410 1187 5497 204).
1222 5415 1570 5493 363;Grea-
1616 5414 1699 5498 Ny

345 5410 410 5496 2')
435 5416 613 5498 Greg.
641 5416 783 5483 Nar.
806 5410 972 5499 pm.
1000 5410 1102 5497 20,
1128 5412 1187 5495 p.
1222 5415 1365 5493 363;
1388 5410 1570 5487 Grex.
1616 5414 1785 5498 Nysa.
1838 5415 2134 5487 Hexaem.
2182 5436 2240 5499 p.
2294 5419 2346 5491 l,
2374 5417 2410 5481 2
2452 5425 2510 5479 et
2540 5436 2599 5498 p.
2634 5417 2735 5498 45;
2769 5416 3113 5499 Hieronym.
3159 5416 3221 5481 γ.
3250 5415 3349 5481 ιιι.
3389 5434 3446 5480 c.
3471 5416 3615 5488 “6;

233 5496 407 5569 Socr.
444 5496 665 5579 iibJIV,
704 5516 760 5561 c.
790 5496 896 5579 36.

311 5579 398 5655 ιβ)
428 5578 561 5657 ω».
594 5576 843 5657 ιιίεᾼ,

316 5626 406 5741 ῐῖὂ
428 5626 863 5741 Elissam,
901 5664 1016 5720 ac.

558 5797 825 5859 Ριτιιοι..
869 5796 985 5860 Gn.
1038 5790 1259 5859 XXIX.
1658 5828 1659 5831 η
3143 5797 3165 5858 1
