4076 6216
281 394 363 456 49

1399 393 1723 456 HUMILIA
1774 392 1830 454 Π
1873 389 1950 453 ῐΝ
2000 388 2557 455 HEXAEMERON.

3503 387 3660 454 ~50

271 525 442 603 λέγει.
499 527 595 584 Καὶ
668 525 841 581 οὐκέτι
914 524 1367 603 προσηγόρευσεν,
1429 523 1601 602 ἡμέρα
1659 525 1744 581 καὶ
1807 522 1911 603 νὺξ,

2001 528 2058 582 et
2086 521 2278 583 noctis
2309 522 2454 584 dicit
2503 522 2922 602 spatium.Nec
2978 521 3238 604 amplius
3267 542 3411 585 usus
3443 533 3536 586 est
3563 524 3656 586 his

268 615 412 671 ἀλλὰ
443 621 522 688 τῷ
576 613 945 693 ἒπικρατοῦντι
998 615 1098 682 τὴν
1170 621 1348 669 πᾶσαν
1396 615 1756 692 προσηγορίαν
1813 613 1921 670 ἀπ·

272 705 476 781 ἐνειμε.
543 707 750 771 Ταύτην
799 703 862 760 ἂν
899 705 983 760 καὶ
1042 703 1096 760 ἐν
1151 703 1299 779 πάσῃ
1329 703 1396 779 τῇ
1428 710 1609 783 Γραφῇ
1651 706 1750 772 τὴν
1805 727 1924 760 συν-

269 794 460 864 ήθειαν
504 793 697 872 εὕροις,
752 796 806 850 'sv
859 795 927 870 τῇ
999 795 1093 850 τοῦ
1149 794 1346 874 χρόνου
1411 796 1662 870 μετρήσει
1718 793 1923 873 ἡμέρας

271 884 689 962 ἀριθμουμένας,
737 885 859 964 οὐχὶ
915 882 970 940 δὲ
1023 884 1113 939 καὶ
1143 883 1334 946 νύκτας
1363 884 1498 958 μετὰ
1533 883 1640 939 τῶν
1681 885 1920 958 ἡμερῶν.

271 977 334 1030 Αἱ
378 974 575 1048 ἡμέραι
620 980 725 1029 τῶν
785 973 919 1030 ἐτῶν
951 974 1126 1053 ἡμῶν,
1177 975 1204 1028 6
1251 970 1558 1048 Ψαλμῳδός
1607 995 1738 1052 φησι
1769 972 1917 1051 (59).

274 1064 375 1121 Καὶ
418 1065 578 1121 πάλιν
622 1065 650 1119 ὑ
697 1061 888 1120 Ἰακώϐ
925 1082 939 1097 ⁶
973 1065 1036 1119 Αἱ
1068 1061 1264 1140 ἡμέραι
1295 1065 1392 1129 τῆς
1435 1064 1577 1134 ζωὴς
1611 1085 1713 1137 μου
1741 1065 1921 1142 μικραὶ

270 1154 360 1208 καὶ
430 1155 680 1232 πονηραί.
741 1154 837 1212 Καὶ
897 1151 1059 1212 πάλιν
1095 1167 1109 1181 ⁸
1173 1151 1355 1216 Πάσας
1407 1153 1499 1218 τὰς
1562 1152 1765 1229 ἡμέρας
1820 1157 1920 1219 τῆς

2008 612 2506 686 nominibus,(ties
2528 620 2728 674 ein-0.1:
2755 633 2768 668 :
2799 612 2904 673 sed
2939 613 3326 693 praestantiori
3354 621 3532 675 totam
3558 613 3656 674 tri-

2007 699 2134 762 buit
2149 700 2812 782 appellationemﬂanc
2833 702 3040 782 utique
3060 703 3552 764 consuetudinum
3571 703 3658 764 in-

2007 791 2207 852 venies
2226 790 2286 851 in
2302 798 2420 852 tota
2439 788 2748 868 Scriptura
2761 789 3443 854 observatamznimirum
3462 791 3520 853 in
3539 810 3656 855 me-

2008 879 2208 940 tiendo
2237 889 2502 961 tempore
2517 880 2646 942 dies
2665 880 3158 961 enumerari,non
3175 889 3378 942 noctes
3393 900 3506 944 una
3521 901 3652 944 cum

2005 967 2238 1030 diebus.
2254 972 2392 1032 Dies
2407 987 2712 1032 annorum
2736 971 3117 1044 meorum,ait
3137 971 3503 1034 Psalmorum
3521 990 3658 1032 can-

2007 1063 2100 1118 tor
2119 1057 2276 1120 99.Et
2298 1059 2511 1121 iterum
2528 1059 2735 1121 Jacob:
2765 1059 2913 1121 Dies
2929 1063 3069 1122 vita
3084 1063 3423 1140 meaeparvi
3441 1068 3498 1123 et
3520 1079 3652 1122 ma-

2005 1147 2056 1207 li
2073 1149 2154 1208 50.
2169 1151 2311 1210 Item
2331 1167 2558 1211 rursus:
2573 1148 2865 1212 Omnibus
2879 1150 3091 1212 diebus
3112 1152 3254 1212 vita:
3272 1152 3464 1213 mew3’
3481 1149 3654 1224 .Qua-

266 1248 412 1311 ζωῆς
446 1267 571 1318 μου.
631 1241 808 1300 ’Ὥστε
853 1242 918 1298 τὰ
963 1249 1048 1298 νύν
1106 1240 1160 1296 ἐν
1202 1242 1432 1320 ἱστορίας
1487 1240 1619 1298 εἴδει
1677 1238 1911 1321 παραδο-

2000 1253 2067 1297 re
2087 1256 2218 1318 quae
2242 1258 2398 1300 nunc
2421 1239 2482 1300 in
2510 1238 2775 1301 historiae
2793 1239 3060 1318 speciem
3084 1241 3290 1302 tradita
3312 1242 3548 1321 sunt,ad
3581 1260 3652 1304 0a

265 1331 422 1388 θέντα
467 1333 746 1408 νομοθεσία
803 1332 915 1388 ἐστι
986 1332 1117 1410 πρὸς
1188 1331 1253 1386 τὰ
1323 1329 1472 1398 ἑξῆς.
1552 1332 1649 1390 Καὶ
1707 1331 1911 1409 ἐγένετο

1999 1343 2130 1404 quae
2147 1335 2475 1407 sequuntur
2492 1327 2713 1407 regulae
2749 1335 2891 1387 sunt
2910 1334 3086 1408 atque
3114 1328 3534 1406 legislationes.
3573 1329 3649 1391 Et

265 1420 488 1501 ἑσπέρα,
538 1423 624 1478 καὶ
683 1421 895 1500 ἐγένετο
949 1421 1105 1500 πρωὶ,
1165 1419 1341 1500 ἡμέρα
1410 1420 1527 1494 μία.
1589 1419 1734 1482 Τίνος
1793 1418 1911 1476 ἔνεσ-

1995 1413 2159 1490 facta
2183 1425 2555 1496 estvespera,
2586 1425 2643 1478 et
2676 1418 2912 1491 factum
2961 1429 3045 1478 est
3073 1435 3273 1486 mane,
3310 1419 3437 1479 dies
3467 1437 3646 1480 unus.

263 1529 356 1564 κεν
409 1515 504 1570 οὐκ
535 1513 659 1568 εἷπε
702 1511 950 1591 πρώτην,
981 1509 1118 1567 ἀλλὰ
1148 1511 1272 1586 μίαν
1298 1529 1314 1581 ;
1348 1511 1583 1587 καίτοιγε
1632 1507 1911 1565 ἆκολουθό·

1996 1502 2187 1576 Quam
2221 1505 2296 1566 ob
2330 1525 2565 1568 causam
2626 1525 2742 1567 non
2797 1505 2945 1567 dixit
2995 1507 3277 1588 primum,
3314 1507 3416 1569 sed
3467 1527 3648 1569 unum

261 1621 417 1678 τερον
449 1602 515 1668 ἧν
559 1604 650 1658 τὸν
680 1599 944 1675 μέλλοντα
996 1600 1212 1679 ἐπάγειν
1240 1598 1506 1679 δευτέραν,
1557 1600 1642 1654 καὶ
1702 1601 1905 1676 τρίτην,

1996 1594 2186 1667 diem,
2213 1614 2549 1676 quanquam
2583 1602 2707 1657 erat
2738 1596 3214 1670 convenientius,
3248 1604 3312 1657 ut
3337 1597 3383 1658 is
3414 1597 3513 1678 qui
3545 1616 3646 1658 se-

260 1691 351 1745 καὶ
405 1691 662 1768 τετάρτην
702 1691 929 1768 ἡμέραν,
985 1691 1084 1758 τὴν
1138 1691 1515 1770 κατάρχουσαν
1565 1694 1672 1744 τῶν
1721 1687 1908 1768 ἐφεξῆς

1995 1683 2612 1765 cundam,tertiam,et
2627 1692 2897 1761 quartam
2914 1684 3070 1747 diem
3089 1686 3343 1747 subinde
3357 1704 3648 1748 memora-

261 1779 485 1858 πρώτην
539 1781 986 1860 προσαγορεῦσαι,
1054 1778 1221 1838 Ἀλλὰ
1264 1781 1390 1856 μίαν
1433 1783 1610 1858 εἶπεν,
1670 1777 1788 1845 ἤτοι
1847 1780 1907 1834 τὸ

1995 1779 2156 1834 turus
2176 1783 2462 1856 erat,eam
2483 1774 3314 1856 diem,quzesubsequentium
3332 1777 3641 1839 exordium

261 1867 457 1947 μέτρον
499 1869 704 1948 ἡμέρας
748 1891 836 1926 και
885 1871 1071 1933 νυκτὸς
1135 1870 1474 1949 περιορίζων,
1508 1869 1593 1923 καὶ
1627 1868 1904 1924 συνάπτων

1995 1861 2391 1943 tuit,primam
2417 1865 2819 1944 nuncuparet?
2843 1865 2948 1925 sed
2970 1883 3143 1925 unam
3170 1865 3448 1947 dixit,qui
3480 1868 3644 1929 scili-

259 1964 355 2014 τοῦ
382 1959 762 2036 ἡμερονυκτίου
820 1961 910 2015 τὸν
967 1962 1185 2039 χρόνον,
1221 1961 1294 2022 ὡς
1330 1959 1437 2015 τῶν
1469 1957 1908 2035 εἰκοσιτεσσάρων

261 2049 415 2126 ὡρῶν
468 2055 594 2124 μιᾶς
639 2049 841 2128 ἡμέρας
909 2049 1290 2128 ἐκπληρουσῶν
1355 2045 1644 2122 διάστημα,
1707 2067 1908 2105 συνυπ-

262 2139 591 2213 ακουομένης
646 2137 893 2207 δηλονότι
953 2145 1022 2216 τῇ
1077 2139 1250 2218 ἡμέρα
1295 2139 1382 2194 καί
1411 2135 1532 2216 (60)
1563 2137 1662 2204 τῆς
1694 2143 1904 2215 νυκτὸς,

255 2228 398 2283 ὥστε
458 2230 554 2284 κᾶν
643 2229 695 2285 ἐν
776 2229 904 2292 ταῖς
961 2241 1189 2308 τροπαῖς
1263 2229 1353 2283 τοῦ
1417 2225 1570 2293 ἡλίου
1646 2223 1906 2304 συμϐαίνῃ

255 2316 359 2383 τὴν
412 2316 591 2396 ἑτέραν
667 2319 837 2376 αὖτῶν
914 2315 1285 2394 ὑπερϐάλλειν,
1350 2314 1487 2371 ἀλλὰ
1560 2321 1636 2388 τῷ
1696 2336 1757 2392 γε
1813 2313 1910 2394 ἆφο

252 2407 538 2484 ωρισμένῳ
622 2409 806 2490 χρόνῳ
881 2407 1361 2487 ἐμπεριγράφεσθαι
1435 2405 1649 2468 πάντως
1726 2406 1906 2484 ἀμφο-

251 2494 422 2574 τέρων
470 2501 533 2556 τὰ
593 2496 932 2574 διαστήματα
966 2515 982 2533 ⁶
1044 2498 1238 2553 ὡσανεὶ
1291 2495 1464 2574 ἔλεγε,
1496 2495 1559 2551 τὸ
1588 2496 1692 2551 τῶν
1723 2494 1908 2551 τεσσά·

251 2608 360 2663 ρων
419 2589 508 2642 καὶ
587 2586 789 2644 εἴκοσιν
841 2590 994 2666 ὡρῶν
1073 2586 1262 2665 μέτρον
1326 2591 1452 2661 μιᾶς
1507 2583 1647 2640 ἐστιν
1701 2582 1905 2661 ἡμέρας

252 2673 526 2750 διάστημα
562 2693 575 2706 ⁶
640 2677 702 2758 ἢ,
761 2678 797 2746 ἠ
853 2682 945 2733 τοῦ
998 2678 1218 2755 οὐρανοῦ
1270 2674 1391 2752 (61)
1455 2675 1561 2730 ἀπὸ
1598 2683 1690 2732 τοῦ
1747 2675 1908 2731 αὐτοῦ

249 2767 482 2840 σημείου
525 2764 611 2822 ἐπί
679 2768 740 2823 τὸ
809 2765 934 2822 αὒτὸ
991 2764 1150 2822 πάλιν
1204 2765 1638 2827 ἀποκατάστασις
1702 2761 1756 2818 ἐν
1809 2769 1904 2836 μιᾷ

473 2859 672 2933 γίνεται
710 2873 724 2887 ⁶
784 2855 921 2913 ὥστε
978 2855 1163 2921 ὁσάκις
1216 2854 1276 2911 ἂν
1338 2854 1532 2934 ἑσπέρα
1591 2853 1679 2910 καὶ
1730 2852 1902 2928 πρωία

248 2945 388 3000 κατὰ
437 2946 538 3012 τὴν
580 2953 673 3002 του
717 2944 864 3014 ἡλίου
923 2947 1213 3026 περιξορᾶν
1264 2940 1606 3020 ἐπιλαμϐάνῃ
1663 2944 1751 2998 τὸν
1805 2941 1904 2998 κό-

245 3056 411 3110 σμον,
475 3037 554 3110 μὴ
611 3035 665 3091 ἐν
724 3035 929 3092 πλείονι
988 3035 1192 3115 χρόνῳ,
1241 3033 1360 3090 ἀλλ’
1407 3035 1461 3090 ὲν
1521 3035 1645 3108 μιᾶς
1702 3030 1904 3107 ἡμέρας

1990 1960 2086 2015 cet
2107 1953 2228 2016 diei
2248 1962 2303 2015 et
2323 1955 2514 2016 noctis
2533 1954 2835 2015 deﬁnierit
2863 1964 3288 2030 mensuram,el
3315 1957 3433 2017 diei
3458 1975 3526 2018 ac
3545 1975 3648 2018 no-

1991 2042 2352 2124 ctistempus
2370 2044 2545 2105 simul
2567 2044 3454 2126 conjunxeritzquandoquidem
3473 2047 3646 2107 unius

1992 2129 2109 2192 diei
2123 2133 2375 2210 spatium
2393 2133 2695 2212 complent
2708 2133 2909 2212 viginti
2925 2145 3183 2210 quatuor
3198 2136 3646 2203 horaa.sivideli-

1993 2221 2226 2282 cetdies
2244 2229 2301 2283 et
2317 2241 2433 2284 nox
2451 2221 2628 2283 simul
2644 2224 3071 2304 intelligantur.
3103 2226 3500 2299 Quamobrem
3523 2227 3641 2288 eti-

1991 2311 2143 2372 amsi
2165 2311 2223 2371 in
2251 2313 2336 2372 2|
2367 2312 2640 2374 solstitiis
2656 2313 2902 2375 alteram
2922 2315 2993 2375 ab
3013 2315 3201 2376 altera
3220 2316 3449 2378 accidat
3470 2335 3640 2395 supe-

1991 2400 2339 2475 rari,tamen
2365 2402 2608 2462 deﬁnito
2631 2410 2901 2483 tempore
2922 2405 3175 2483 spatium
3197 2406 3504 2485 utriusque
3520 2424 3642 2466 om-

1991 2490 2133 2551 nino
2157 2491 2674 2553 circumscribitur
2703 2505 3018 2574 ;tanquam
3039 2495 3088 2555 si
3111 2494 3354 2556 dixisset
3389 2516 3401 2554 :
3437 2496 3639 2573 viginti

1989 2589 2241 2662 quatuor
2260 2583 2538 2644 horarum
2568 2585 3052 2659 mensure,unius
3083 2585 3202 2646 diei
3228 2594 3314 2646 est
3337 2586 3586 2670 spatium
3619 2608 3633 2647 :

1987 2671 2244 2751 vel,ca:|i
2268 2671 2340 2733 ab
2367 2671 2577 2732 eodem
2607 2672 2778 2752 signo
2811 2675 2884 2734 ad
2918 2673 3072 2735 idem
3108 2675 3359 2755 reditus,
3395 2694 3511 2735 uno
3543 2675 3640 2737 die

1990 2763 2308 2842 peragitur.
2345 2764 2547 2842 Itaque
2597 2762 2832 2844 quoties
2863 2781 3113 2843 vespera
3143 2773 3200 2826 et
3249 2783 3422 2828 mane
3457 2784 3632 2828 mun-

1989 2850 2129 2912 dum
2155 2859 2446 2932 occupant
2488 2869 2595 2932 per
2645 2851 2790 2912 solis
2812 2853 3287 2935 conversionem,
3324 2873 3441 2916 non
3493 2873 3633 2934 pro-

1988 2940 2198 3003 lixiore
2233 2951 2528 3021 tempore,
2566 2942 2668 3003 sed
2714 2943 2775 3002 in
2799 2943 2973 3004 unius
3001 2943 3327 3025 dieispatio
3359 2945 3634 3025 expletur

1989 3031 2285 3095 circuitio.
2315 3034 2406 3093 An
2433 3051 2502 3094 ea
2532 3031 2681 3093 ratio
2707 3031 2766 3093 in
2791 3033 3027 3094 arcanis
3051 3033 3289 3116 tradita,
3326 3035 3515 3115 potior
3545 3042 3636 3095 est

239 3122 576 3201 διαστήματι
624 3128 718 3194 τὴν
775 3124 1014 3204 περίοδον
1047 3124 1466 3204 ἐκπληροῦσθαι,
1501 3121 1586 3179 ’Ἢ
1645 3122 1903 3201 κυριώτε-

1995 3141 2054 3184 ac
2074 3121 2346 3197 validior,
2385 3122 2540 3203 quod
2563 3121 2722 3183 Deus
2747 3122 2847 3204 qui
2871 3124 3154 3204 temporis
3187 3125 3492 3187 constituit
3522 3143 3632 3186 na-

239 3237 339 3292 psc
400 3217 429 3271 6
475 3215 530 3272 έν
574 3215 894 3294 ἆποῤῥήτοις
939 3213 1354 3290 παοαδιδόμενος
1411 3212 1570 3291 λόγος
1628 3211 1772 3290 (62),
1827 3213 1903 3316 ἆῗς

1995 3220 2204 3281 turam,
2236 3231 2547 3274 mensuras
2610 3212 2666 3274 ei
2715 3230 2783 3273 ac
2828 3213 3014 3291 signa,
3074 3213 3355 3274 nimirum
3403 3214 3630 3276 dierum

237 3300 347 3380 ἄρα
379 3306 408 3359 6
442 3305 541 3372 τὴν
568 3307 661 3362 τιτῦ
688 3303 886 3385 χρόνου
935 3305 1087 3383 φύσιν
1143 3303 1542 3366 κατασκευάσας
1596 3303 1748 3376 Θεὸς,
1797 3301 1902 3377 μέσ-

1995 3302 2179 3381 spatia
2204 3303 2634 3382 impertivit,ac
2660 3301 3034 3364 hebdomade
3066 3304 3256 3384 ipsum
3292 3304 3630 3384 dimetiens,

239 3415 346 3473 τρα
403 3395 548 3468 αὐτῴ
604 3396 692 3450 καὶ
749 3407 955 3470 σημεῖα
1003 3394 1068 3452 τὰ
1121 3399 1228 3450 τῶν
1277 3393 1491 3470 ἡμερῶν
1537 3390 1758 3448 ἐπέϐαλε
1790 3389 1900 3451 δια-

1995 3390 2420 3453 hebdomadem
2436 3409 2551 3471 qua
2566 3397 2849 3471 temporis
2864 3400 3058 3453 motus
3073 3403 3637 3469 enumeratur,sem-

238 3485 526 3559 στήματα,
585 3484 672 3540 καὶ
731 3481 976 3558 ἑϐδομάδι
1049 3485 1206 3540 αὐτὸν
1265 3486 1566 3560 ὶκμετρών,
1647 3483 1727 3538 ἀεὶ
1797 3487 1898 3549 την

1995 3500 2090 3563 per
2111 3482 2170 3543 in
2187 3501 2249 3542 se
2275 3481 2465 3560 ipsam
2481 3481 2652 3561 jubet
2673 3481 3252 3563 revolvi,rursusqnc
3269 3502 3446 3544 unum
3473 3483 3629 3546 diem

240 3571 514 3647 ἑϐδομάδα
575 3574 645 3637 εἰς
698 3573 891 3640 ἑαυτὴν
934 3571 1354 3632 ἀνακυκλοῦσθαι
1425 3571 1652 3647 κελεύει,
1717 3569 1894 3648 ἐξαρι-

1995 3570 2083 3632 ubi
2113 3573 2174 3633 in
2206 3589 2270 3632 se
2288 3571 2480 3650 ipsum
2503 3577 2727 3652 septies
2749 3571 3466 3642 redierit,hebdomadem
3487 3593 3632 3635 con-

239 3667 481 3738 θμοῦσαν
539 3670 634 3719 τοῦ
691 3664 891 3742 χρόνου
933 3663 1031 3730 τὴν
1089 3663 1298 3729 κίνησιν
1332 3683 1344 3696 ο
1405 3663 1506 3729 τὴν
1547 3658 1808 3735 ἑϐδομάδα
1840 3659 1893 3715 δὲ

1995 3660 2208 3722 icere?
2231 3660 2366 3722 Haec
2397 3669 2486 3723 est
2517 3669 2711 3723 autem
2736 3661 3064 3722 orbiculata
3099 3663 3307 3741 ﬁgura,
3335 3683 3468 3740 quas
3498 3685 3528 3724 a
3565 3684 3629 3726 se

239 3752 407 3808 πάλιν
464 3751 764 3832 ἐκπληροῦν
822 3752 918 3820 τὴν
975 3753 1178 3830 ὗμέραν
1243 3754 1392 3828 μίαν,
1451 3749 1671 3814 ἑπτάκις
1730 3750 1895 3816 αὐτὴν

2005 3767 2108 3829 psa
2139 3749 2438 3830 incipit,et
2461 3749 2520 3809 in
2556 3768 2622 3810 se
2654 3749 2840 3827 ipsam
2879 3750 3114 3811 desinit.
3156 3751 3322 3824 Quod
3348 3772 3492 3815 sane
3515 3755 3628 3816 hu-

239 3843 316 3906 εἰς
350 3842 548 3910 ἑαυτὴν
576 3841 1022 3923 ἀναστρέφουσαν,
1071 3849 1234 3900 Τοῦτο
1282 3839 1336 3898 δὲ
1385 3840 1633 3898 κυκλικόν
1665 3839 1773 3896 ἐστι
1833 3841 1892 3894 τὸ

1995 3843 2072 3904 ius
2095 3839 2271 3902 etiam
2291 3839 2494 3901 saeculi
2517 3839 2824 3920 proprium
2847 3843 3183 3920 est,reverti
3220 3844 3278 3904 in
3308 3863 3371 3904 sc
3405 3846 3624 3924 ipsum,

239 3937 464 4012 σχῆμα,
530 3931 616 4012 ἀφ’
679 3934 868 3990 ἑαυτοῦ
925 3931 1207 4012 ἄρχεσθαι,
1261 3933 1350 3988 καὶ
1402 3933 1474 3993 εἰς
1531 3932 1686 3987 ἑαυτὸ
1728 3950 1893 3985 κατα-

1995 3945 2088 3989 ιεο
2115 3945 2365 4008 usquam
2400 3929 2737 3991 terminari.
2769 3927 2932 3990 lianc
2966 3930 3040 3991 ob
3073 3950 3309 3994 causam
3343 3935 3629 4012 temporis

238 4020 457 4099 λήγειν.
486 4020 569 4080 ’Ὅ
613 4020 678 4089 δὴ
709 4023 798 4077 καὶ
839 4028 932 4079 τοῦ
981 4023 1168 4085 αἰῶνος
1200 4019 1358 4100 ἴδιον,
1396 4023 1467 4083 εἰς
1526 4022 1710 4077 ἑαυτὸν
1753 4019 1888 4074 ἆνατ

1995 4024 2301 4096 :aput,non
2331 4017 2580 4096 primam
2607 4018 2794 4091 diem,
2821 4018 2926 4078 sei
2962 4039 3140 4080 unam
3177 4023 3434 4100 vocavit;
3467 4032 3526 4083 ut
3554 4040 3625 4082 ex

237 4110 512 4191 στρέφειν,
573 4113 661 4167 καὶ
704 4109 956 4187 μηδαμοῦ
1009 4113 1384 4190 περατοῦσθαι,
1436 4112 1532 4168 Διὰ
1588 4117 1740 4167 τοῦτο
1787 4110 1885 4174 τὴν

1999 4125 2100 4188 psa
2125 4105 2302 4167 etiam
2335 4107 2734 4186 appellatione
2760 4111 3177 4187 cognationem
3211 4130 3343 4172 cum
3378 4130 3498 4172 aevo
3520 4113 3624 4172 ha-

239 4200 483 4281 κείραλὴν
537 4204 630 4257 τοῦ
687 4201 886 4280 χρόνου
937 4202 1061 4280 οὖχὶ
1091 4201 1308 4280 πρώτην
1335 4201 1562 4279 ἡμέραν,
1597 4199 1732 4255 ἀλλὰ
1763 4197 1885 4269 μίαν

1995 4204 2130 4259 ieat.
2175 4197 2314 4260 Dies
2344 4197 2534 4277 enim,
2563 4198 2663 4276 qui
2698 4198 2980 4276 principii
3008 4199 3162 4261 unici
3189 4211 3246 4261 et
3275 4202 3443 4264 alteri
3471 4201 3627 4263 inso-

237 4291 519 4363 ὠνόμασεν
554 4307 568 4320 ’
607 4289 702 4346 ἵνα
731 4291 816 4346 καὶ
863 4289 923 4346 ἐκ
971 4289 1066 4357 τῆς
1124 4291 1479 4368 προσηγορίας
1537 4291 1597 4345 τὸ
1639 4286 1888 4366 συγγενὲς

1995 4287 2210 4349 :iabilis
2241 4285 2486 4348 exhibet
2536 4287 2968 4359 characterem,
2999 4292 3240 4368 proprie
3265 4301 3326 4353 et
3353 4292 3624 4371 apposite

238 4380 351 4459 ἔχῃ
408 4381 538 4458 πρὸς
595 4380 683 4435 τὸν
725 4380 912 4440 αἰῶνα.
959 4389 1060 4438 Τοῦ
1120 4381 1220 4458 γὰρ
1251 4386 1493 4460 μοναχοῦ
1534 4381 1621 4435 καὶ
1650 4379 1886 4434 ἀκοινω-

1995 4395 2126 4436 Inus
2158 4383 2535 4455 nuncupatus
2583 4384 2692 4436 est.
2733 4375 2958 4447 Quodsi
3014 4379 3183 4456 plura
3209 4381 3423 4440 szccula
3455 4380 3625 4441 nobis

238 4472 405 4538 νήτου
459 4470 593 4547 πρὸς
644 4467 820 4547 ἕτερον
860 4469 894 4536 ἡ
926 4471 1015 4525 τὸν
1065 4475 1385 4548 χαρακτῆρα
1427 4467 1729 4527 δεικνύουσα
1759 4466 1882 4547 (63)

1995 4466 2046 4526 ιι)
2078 4465 2284 4526 oculos
2318 4465 2482 4542 ponit
2514 4463 2854 4545 Scriptura,
2881 4465 3020 4525 dum
3053 4467 3251 4529 multis
3277 4471 3330 4529 in
3357 4469 3501 4530 locis
3525 4470 3619 4531 di-

237 4559 446 4622 οἰκείως
479 4559 567 4614 καὶ
627 4562 908 4636 προσφυῶς
954 4558 1357 4636 προσηγορεύθη
1415 4560 1533 4623 μία.
1580 4559 1636 4617 Εἰ
1665 4556 1718 4612 δὲ
1749 4555 1887 4612 πολ-

1995 4554 2051 4615 :it
2076 4573 2089 4614 :
2118 4553 2418 4618 Smculum
2441 4556 2674 4630 saeculi,
2708 4563 2759 4618 et
2799 4554 3020 4617 saculn
3068 4558 3418 4620 saeculorum
3448 4583 3471 4632 ;
3503 4560 3621 4621 illic

236 4649 362 4711 λοὺς
445 4648 580 4722 ἡμίν
669 4648 866 4710 αἰῶνας
951 4647 1270 4726 παρίστησιν
1350 4648 1386 4715 ἠ
1457 4648 1662 4726 Γραφὴ,
1728 4649 1891 4703 αἱώνα

1995 4662 2177 4704 amen
2204 4661 2398 4722 neque
2417 4650 2907 4726 primum,neque
2930 4646 3487 4728 secundum,neque
3509 4659 3621 4711 ter-

237 4739 455 4817 αἱῶνος,
513 4737 603 4792 καὶ
659 4738 853 4800 αἰῶνας
919 4736 1123 4792 αἰώνων
1159 4735 1445 4816 πολλαχοῦ
1475 4735 1727 4814 λέγουσα,
1775 4734 1895 4790 ἀλλ’

1995 4733 2127 4793 Lium
2161 4731 2442 4792 saeculum
2478 4733 2647 4793 nobis
2672 4742 3081 4794 cnumeratum
3109 4745 3218 4798 est.
3253 4737 3621 4817 Quapropter

237 4829 327 4883 οὖν
383 4827 546 4883 κάκεῖ
603 4826 726 4905 ουχὶ
784 4832 1020 4905 πρῶτος,
1081 4823 1198 4882 ουδὲ
1255 4824 1516 4905 δεύτερος,
1571 4824 1688 4881 οὐδὲ
1723 4825 1896 4900 τρίτος

1995 4822 2154 4884 nobis
2179 4820 2370 4901 potius
2390 4825 2906 4898 statuum,variaru
2921 4842 3094 4902 mque
3119 4843 3314 4886 rerum
3337 4828 3614 4888 diﬂeren-

313 5003 380 5055 ³9
413 5005 572 5071 Psal.
605 5022 860 5084 LXXXIX,
903 5007 999 5069 10.
1083 5005 1148 5056 30
1175 5004 1323 5070 Gen.
1357 5022 1538 5082 XLVII,
1568 5005 1627 5066 9.
1714 5005 1768 5054 51
1809 5002 1968 5066 Psal.
2001 5016 2144 5073 xxu,
2178 5000 2236 5061 6.

319 5185 450 5266 (59)
488 5184 665 5250 Deest
693 5189 850 5267 φησίν
881 5187 941 5248 in
977 5185 1242 5267 editione
1262 5184 1516 5267 Basilet
1546 5187 1607 5247 in
1631 5193 1896 5267 quatuor
1978 5181 2348 5267 Tilmannus.
2381 5179 2570 5267 Editio
2597 5183 2784 5245 Paris.
2821 5185 2854 5251 ἡ
2878 5194 2967 5242 τυῠ
2999 5185 3168 5252 ἡλίου,
3207 5182 3434 5247 Ibidem
3466 5186 3610 5264 Reg.

242 5262 668 5349 mss.,'lcgitur
701 5262 840 5330 vero
889 5269 948 5329 in
1001 5265 1264 5349 editione
1310 5263 1498 5329 Paris.
1537 5277 1596 5329 et
1623 5262 1683 5328 in
1741 5265 1888 5346 Reg.

1995 5271 2174 5326 textus
2218 5264 2344 5317 αὐτὸ
2378 5262 2532 5317 πάλιν
2566 5280 2816 5338 σημεῗον.

240 5355 480 5429 quarto.
509 5339 834 5429 Aliquanto
860 5355 991 5429 post
1019 5346 1203 5428 aliqui
1225 5364 1368 5409 mss.
1403 5349 1534 5429 πρὶς
1559 5350 1642 5410 τὸ.
1833 5339 1859 5346 ⁷

2056 5343 2175 5420 (62)
2199 5339 2411 5429 llicest
2441 5343 2585 5429 ordo
2608 5344 2926 5429 multarum
2955 5364 3092 5429 mss.
3125 5344 3612 5429 Editixugubzspo;

321 5426 451 5512 (69)
471 5427 574 5492 Sic
594 5420 776 5491 editio
802 5420 986 5512 Basil.
1029 5420 1164 5489 cum
1199 5420 1467 5512 utroque
1491 5426 1640 5490 Duc.
1675 5437 1729 5512 e_t
1754 5447 1886 5512 cum

2002 5447 2047 5483 v.
2090 5473 2100 5484 .
2133 5473 2141 5482 .
2187 5466 2199 5512 τ
2236 5425 2261 5477 ὁ
2292 5420 2472 5512 λόγος.
2504 5423 2728 5484 Ibidem
2766 5424 2943 5488 Coisl.
3002 5428 3227 5506 primus
3250 5427 3344 5494 τὴν
3371 5420 3468 5484 τοῦ
3513 5420 3607 5482 κό-

240 5503 603 5591 Anglicum
638 5518 696 5572 et
725 5529 858 5572 cum
880 5509 1015 5573 aliis
1035 5503 1510 5591 sexinss.Eilitio
1534 5528 1670 5572 vero
1690 5508 1881 5570 Paris.
1970 5527 2103 5580 apo:
2139 5504 2307 5591 -ᾳᾶειχ-
2343 5503 2664 5591 Aliquanto
2717 5515 2842 5584 pust
2881 5503 3022 5585 lteg'.
3061 5517 3264 5591 sextus
3298 5509 3454 5564 αὐτὸν
3481 5512 3609 5591 ἁνα-

240 5594 306 5668 τῇ
336 5580 511 5668 ἧμέρᾳ
564 5598 690 5667 μιᾶς
746 5593 854 5664 καί,
910 5591 1084 5652 male.
1121 5590 1269 5668 Reg.
1306 5597 1508 5651 sextus
1539 5591 1886 5655 συνεξακουοσ-

1995 5580 2198 5662 ιετρὼέι.
2263 5580 2469 5668 Statim
2540 5580 2794 5662 quatuor
2854 5580 2995 5649 mss:
3052 5589 3488 5650 imm/lohozi.
3540 5589 3610 5650 At

241 5663 458 5742 μένηξζ
566 5663 576 5667 ⁷
841 5663 846 5664 ί
1219 5663 1238 5668 ⁷

1995 5665 2115 5725 editi
2148 5663 2557 5718 ἀνακυκλιϊσυαι

316 5749 448 5827 (61)
470 5752 560 5814 Ita
578 5749 766 5814 editio
789 5750 971 5815 Basil.
1013 5768 1148 5813 cum
1191 5767 1295 5813 sex
1328 5767 1498 5824 mss.,
1533 5757 1593 5813 et
1625 5750 1704 5812 ita
1745 5749 1887 5829 legit
2055 5743 2185 5826 (63)
2215 5742 2456 5824 Aliquot
2481 5762 2621 5806 mss.
2654 5744 2914 5809 Semen.
