4076 6216
470 321 548 385 55

1810 332 1868 393 S.
1916 330 2195 394 BASILII
2240 330 2487 397 MAGNI

3752 334 3836 398 56

468 465 528 519 et
548 459 871 549 unicuique
901 464 1176 545 subjecto
1197 465 1613 527 accommodas
1642 466 2101 545 significationes

2193 468 2389 541 νοήσει,
2437 469 2621 526 ἔπειτα
2694 470 2830 544 μετὰ
2887 470 2949 527 τὸ
2981 473 3368 549 φαντασθῆναι,
3415 470 3524 528 ἆπὸ
3565 474 3671 527 τῶν
3697 473 3828 529 ὓπο-

471 548 1057 624 Ieligens,enuntiat?
1084 574 1222 615 num
1260 554 1519 634 denique
1547 556 1835 617 vocalium
1860 574 2109 635 organo-

470 656 602 699 rum
634 641 962 704 ministerio
1006 645 1258 723 cogitata
1308 645 1712 726 committens,
1745 646 1825 707 ita
1865 647 2105 708 demum

472 748 579 810 per
594 732 753 793 aeris
780 733 1346 813 impressionem,ad
1370 735 1528 796 vocis
1560 742 1783 799 motum
1802 736 2109 799 articulate

469 819 816 884 distinctum
833 823 1785 904 accommodatam,cogitationem
1812 826 2106 888 internum

471 910 800 971 manifestat
824 918 851 974 ?
875 912 947 974 Et
966 914 1264 993 quomodo
1296 934 1412 975 non
1435 915 1765 977 fabulosum
1787 916 2111 990 est,dicere

469 996 656 1059 Deum
692 1000 764 1060 ad
787 1020 924 1064 suas
947 1002 1333 1079 cogitationes
1355 1004 1742 1068 declarandas
1764 1006 2112 1068 circuitione

472 1088 569 1148 tali
626 1088 943 1170 indigere?
997 1092 1207 1156 Nonne
1250 1097 1436 1175 magis
1499 1097 1660 1178 pium
1739 1106 1829 1159 est
1881 1098 2110 1175 dicere,

467 1178 828 1242 voluntatem
891 1182 1179 1254 divinam,
1236 1186 1619 1263 primumque
1681 1186 1961 1248 motionis
2016 1186 2111 1245 in-

467 1266 786 1347 telligentis
845 1272 1165 1356 impetum,
1210 1273 1478 1335 Verbum
1542 1294 1674 1338 esse
1721 1277 1880 1340 Dei?
1932 1279 2114 1339 Porro

461 1356 787 1421 verborum
820 1362 1044 1424 ambitu
1105 1363 1294 1443 ipsum
1359 1363 1676 1427 adumbrat
1730 1367 2116 1445 delineatque

466 1448 791 1528 Scriptura,
848 1461 912 1513 ut
992 1453 1364 1515 demonstret
1432 1455 1588 1534 quod
1674 1475 1789 1517 non
1864 1454 2115 1518 volueril

465 1536 655 1596 solum
715 1541 844 1603 ﬁeri
899 1550 1255 1622 creaturam,
1319 1544 1422 1605 sed
1477 1562 1609 1606 eam
1673 1546 1850 1608 etiam
1906 1552 1963 1607 in
2017 1548 2111 1607 lu-

466 1644 594 1687 cem
627 1629 725 1690 edi
760 1650 866 1709 per
895 1632 1234 1713 quempiam
1262 1634 1461 1713 operis
1494 1635 1589 1696 sui
1620 1637 1846 1697 socium
1879 1656 1946 1698 ac
1973 1657 2113 1698 con-

2190 557 2446 633 κειμένων
2504 560 2596 622 τὰς
2656 561 2850 625 οὶκεὶας
2922 561 3007 616 καὶ
3079 574 3364 640 προσφυεῖς
3394 562 3617 618 ἑκάστω
3646 583 3829 635 σημα-

2192 648 2304 710 σίας
2348 646 2700 727 ἐκλεγόμενος
2740 647 3094 729 ἐξαγγέλλεις
3131 651 3252 706 εἶτα
3283 651 3352 717 τῆ
3397 650 3658 729 ὑπηρεσίᾳ
3729 653 3829 706 τῶν

2190 744 2506 815 φωνητικών
2563 739 2801 817 ὀργάνων
2877 736 3139 816 παραδοὺς
3205 739 3270 794 τὰ
3342 739 3619 812 νοηθέντα,
3695 740 3835 796 οὕτω

2191 823 2275 883 διὰ
2308 828 2401 893 τῆς
2458 836 2549 885 τοῦ
2606 827 2759 906 ἀέρος
2824 829 3136 903 τυπώσεως,
3170 829 3305 883 κατὰ
3335 829 3430 896 τῆν
3466 828 3711 908 ἔναρθρον
3741 834 3836 895 τῆς

2192 921 2372 990 φωνῆς
2403 918 2630 991 κίνησιν,
2692 918 2746 973 ἐν
2776 926 2853 992 τῷ
2885 921 3095 995 κρυπτῷ
3125 918 3302 993 νόημα
3346 920 3621 998 σαφηνίζει
3667 917 3786 995 (81)
3817 934 3836 991 ἶ

2193 1002 2296 1064 Καὶ
2353 1008 2465 1070 πῶς
2515 1008 2573 1062 οὒ
2626 1005 2856 1081 μυθῶδες
2916 1014 3013 1074 τῆς
3070 1009 3320 1075 τοιαύτης
3364 1006 3610 1081 περιόδου
3655 1005 3833 1084 λέγειν

2195 1094 2284 1148 τὸν
2308 1102 2436 1151 Θεον
2464 1098 2684 1174 χρῄζειν
2741 1099 2870 1175 πρὸς
2927 1098 3024 1164 τὴν
3056 1099 3162 1155 τῶν
3224 1097 3515 1165 νοηθέντων
3547 1096 3785 1166 δήλωσιν
3816 1114 3834 1175 ς

2197 1179 2286 1239 ’¹Η
2319 1183 2684 1264 εὐσεϐέστερον
2716 1185 2914 1263 λέγειν,
2949 1186 3112 1243 ὅτιτὸ
3141 1191 3285 1244 θετον
3319 1184 3438 1265 (82)
3463 1185 3717 1263 βούλημα
3749 1187 3839 1241 καὶ

2199 1273 2231 1339 ἡ
2281 1273 2466 1351 πρώτη
2501 1276 2639 1353 ὁρμὴ
2670 1284 2763 1331 τοῦ
2805 1283 2981 1354 νοεροῦ
2999 1278 3315 1357 κινήματος,
3346 1286 3500 1336 τοῦτο
3530 1278 3702 1352 Λόγος
3726 1274 3839 1330 ἐστὶ

2196 1368 2287 1417 τοῦ
2328 1370 2458 1420 Θεοῦ
2492 1382 2508 1438 ;
2547 1366 2880 1444 Σχηματίζει
2912 1363 2964 1420 δὲ
3019 1367 3172 1422 αὐτὸν
3220 1364 3523 1431 διεξοδικῶς
3552 1366 3587 1433 η
3621 1364 3831 1444 Γραφῆ,

2196 1450 2287 1507 ’ίνα
2318 1450 2480 1533 δείξῃ,
2512 1453 2592 1511 ὅτι
2623 1456 2746 1534 οὐχὶ
2776 1456 3012 1532 γενέσθαι
3048 1456 3208 1529 μόνον
3252 1453 3515 1525 ἐϐουλήθη
3564 1455 3667 1521 τὴν
3715 1454 3839 1510 κτί-

2198 1564 2301 1616 σιν,
2329 1542 2464 1601 ἀλλὰ
2493 1546 2578 1602 καὶ
2620 1543 2704 1625 διά
2768 1567 2907 1608 τινος
2952 1554 3202 1624 συνεργοῦ
3243 1549 3587 1624 παραχθῆναι
3635 1545 3837 1608 ταύτην

2196 1634 2268 1696 είς
2338 1632 2606 1711 γέννησιν,
2642 1632 2890 1693 Ἐδύνατο
2946 1636 3070 1713 γὰρ,
3103 1637 3176 1698 ὡς
3209 1634 3261 1701 ὶξ
3293 1636 3469 1714 ἀρχῆς
3501 1636 3649 1707 εἷπε,
3714 1634 3837 1709 περὶ

465 1728 711 1779 sortem.
736 1723 973 1783 Poterat
1000 1724 1182 1803 enim,
1213 1724 1293 1783 uti
1328 1724 1496 1785 initio
1529 1726 1759 1787 locutus
1790 1727 1972 1788 fuerat
2032 1729 2101 1787 de

2196 1722 2406 1778 πάντων
2429 1722 2750 1788 ἐπεξελθεῖν.
2788 1723 2878 1782 Ἐν
2909 1723 3054 1804 ἀρχῆ
3094 1724 3343 1791 ἰποίησεν
3378 1727 3406 1780 ὸ
3437 1725 3566 1786 Θεὸς
3612 1725 3703 1778 τὸν
3736 1724 3836 1779 οὗ·

463 1807 709 1886 singulis
735 1810 937 1873 dicere
963 1833 977 1873 :
1017 1813 1085 1873 In
1115 1815 1422 1893 principio
1451 1816 1592 1891 fecit
1623 1815 1777 1877 Deus
1804 1816 2014 1878 caelum
2047 1825 2104 1878 et

464 1904 685 1957 terram
714 1920 729 1971 ;
753 1900 1005 1963 deinde:
1041 1901 1208 1965 Fecit
1231 1903 1424 1965 lucem
1452 1927 1465 1971 ;
1498 1911 1620 1965 tum
1649 1924 1664 1964 :
1691 1904 1853 1966 Fecit
1879 1907 2101 1984 ﬁrma-

462 1995 757 2051 mentum.
788 1988 955 2052 Nunc
986 2001 1185 2053 autem
1215 1991 1399 2053 Deum
1428 1992 1817 2072 imperantem
1843 2003 1900 2056 et
1921 1996 2102 2056 collo-

462 2086 745 2155 quentem
771 2081 1063 2142 inducens
1085 2080 1417 2162 Scriptura,
1452 2083 1614 2143 illum
1635 2086 1732 2145 cui
1759 2083 2101 2163 imperat.et

463 2182 717 2254 quocum
773 2169 1054 2249 loquitur,
1093 2172 1269 2232 tacite
1313 2171 1669 2247 subindical,
1704 2173 1925 2253 quippe
1966 2191 2099 2254 quae

463 2253 635 2317 nobis
659 2276 777 2318 non
802 2258 1061 2321 invideat
1082 2261 1615 2338 cognitionem,sed
1639 2262 1708 2323 ad
1732 2253 2095 2324 desiderium

465 2363 573 2405 nos
626 2349 952 2421 accendat;
988 2352 1125 2411 dum
1189 2352 1390 2412 arcani
1443 2351 1684 2429 vestigia
1732 2352 1998 2430 quaedam
2030 2372 2098 2413 ac

462 2434 681 2496 indicia
713 2448 1162 2502 commonstrat.
1198 2440 1364 2513 Quod
1400 2442 1552 2501 enim
1617 2441 1820 2502 labore
1867 2452 2095 2522 partum

461 2531 572 2599 est,
593 2543 727 2586 cum
748 2530 960 2606 gaudio
985 2530 1331 2611 suscipitur,
1360 2539 1416 2591 et
1438 2531 1756 2607 diligenter
1778 2552 2097 2593 conserva-

461 2619 588 2677 tur:
619 2628 846 2693 contra,
871 2638 1005 2693 quae
1026 2621 1196 2681 facile
1219 2630 1659 2701 comparantur,
1693 2639 1761 2681 ea
1787 2640 1919 2681 cum
1947 2640 2093 2682 con-

462 2713 685 2787 tempta
710 2710 1115 2788 possidentur.
1139 2710 1510 2791 Quapropter
1528 2712 1615 2771 via
1637 2712 1887 2790 quadam
1912 2721 1971 2771 et
1993 2730 2094 2773 or-

458 2794 600 2857 dine
633 2817 741 2859 nos
772 2799 843 2859 ad
877 2798 1177 2879 Unigeniti
1211 2801 1477 2861 notitiam
1515 2800 1802 2880 perducit.
1835 2803 1902 2862 Et
1936 2811 2097 2863 certe

461 2888 647 2947 vocali
671 2908 947 2952 sermone
973 2910 1091 2952 non
1116 2900 1245 2952 erat
1268 2909 1416 2969 opus
1448 2891 1819 2970 incorporea“,
1841 2900 2088 2954 naturae:

2186 1813 2340 1887 ρανὸν
2384 1814 2471 1869 καὶ
2498 1813 2596 1881 τὴν
2627 1819 2749 1891 γῆν·
2814 1814 2956 1870 εἶτα*
3005 1815 3256 1881 Ἐποίησε
3322 1819 3433 1891 φῶς
3466 1811 3615 1892 (83)·
3678 1812 3833 1867 stu“

2182 1898 2438 1968 Ἐποίησε
2488 1904 2547 1958 τὸ
2612 1902 2911 1981 στερέωμα.
2973 1911 3073 1961 Νῦν
3135 1902 3189 1958 δὲ
3230 1905 3323 1959 τὸν
3376 1906 3505 1959 Θεὸν
3557 1904 3837 1981 προστάτ-

2181 2012 2339 2047 τοντα
2394 1992 2481 2047 καὶ
2534 1990 2910 2072 διαλεγόμενον
2942 1994 3245 2072 εἰσάγουσα,
3290 1994 3380 2049 τὸν
3412 1997 3456 2066 ᾧ
3502 1993 3837 2071 προστάσσει

2182 2081 2267 2135 καὶ
2300 2085 2343 2154 ᾧ
2374 2079 2673 2159 διαλέγεται
2706 2085 2839 2140 κατὰ
2883 2085 2944 2139 τὸ
3000 2084 3348 2159 σιωπώμενον
3406 2084 3700 2161 ὑποφαίνει,
3773 2088 3838 2141 οὗ

2181 2171 2537 2245 βασκαίνουσα
2637 2175 2775 2246 ἡμῖν
2849 2173 2946 2240 τῆς
3020 2175 3292 2250 γνώσεως,
3365 2172 3480 2228 ἀλλ’
3544 2172 3838 2229 ἐκκαίουσα

2183 2261 2322 2333 ἡμᾶς
2382 2264 2509 2339 πρὸς
2545 2264 2635 2319 τὸν
2680 2266 2863 2334 πόθον,
2910 2261 2983 2318 δι’
3014 2264 3087 2318 ὧν
3118 2263 3254 2343 ἕχνη
3290 2265 3407 2320 τινὰ
3451 2264 3539 2319 καὶ
3567 2262 3835 2343 ἐμφάσεις

2182 2347 2467 2406 ὑποϐάλλει
2517 2360 2608 2409 τοῦ
2665 2352 2983 2431 ἀποῤῥήτου.
3061 2356 3130 2410 Τὸ
3189 2354 3288 2431 γὰρ
3324 2352 3470 2424 πόνῳ
3499 2354 3687 2418 κτηθὲν
3719 2374 3833 2407 πε·

2183 2445 2419 2518 ριχαοῶς
2500 2441 2769 2521 ὑπεδέχθη
2817 2444 2902 2498 οιαὶ
2976 2442 3275 2521 φιλοπόνως
3334 2440 3689 2522 διεφυλαχθτμ
3744 2442 3833 2498 ὧν

2181 2529 2362 2603 μέντοι
2420 2531 2706 2610 πρόχειρος
2761 2534 2787 2587 ὁ
2859 2534 3139 2609 πορισμὸς,
3203 2533 3676 2601 τοῦτωνῆκτῆσις
3724 2531 3832 2586 εὖ-

2182 2620 2601 2698 καταφρόνητος.
2653 2622 2751 2678 Διὰ
2781 2630 2935 2679 τοῦτο
2969 2621 3072 2695 ὁδῷ
3102 2646 3203 2678 τινι
3234 2624 3318 2678 καὶ
3348 2621 3490 2688 τάξει
3552 2624 3686 2695 ἡμᾶς
3745 2623 3833 2686 εἰς

2182 2709 2277 2774 τὴν
2336 2710 2450 2787 περὶ
2498 2718 2588 2765 τοῦ
2645 2718 2968 2788 Μονογενοῦς
3029 2712 3229 2768 ἔννοιαν
3288 2708 3620 2789 προσϐιϐάζει

2185 2798 2427 2876 Καίτοιγε
2500 2808 2593 2856 τοῦ
2622 2799 2675 2854 ἐν
2732 2808 2882 2880 φωνῇ
2914 2801 3075 2878 λόγου
3105 2799 3219 2861 οὐδὲ
3250 2802 3416 2863 οὕτως
3438 2806 3501 2869 ῆν
3552 2802 3703 2880 χρεία
3751 2808 3830 2877 τῇ

2180 2886 2448 2963 ἀσωμάτῳ
2520 2890 2691 2967 φύσει,
2748 2892 2918 2946 αὐτῶν
2950 2897 3053 2946 τῶν
3104 2890 3396 2957 νοηθέντων
3456 2889 3828 2966 μεταδίδοσθαι

461 2978 945 3061 quandoquidem
997 3000 1126 3061 quae
1159 2980 1391 3042 fuerant
1420 2981 1690 3059 cogitata,
1729 2981 1931 3042 isthaac
1961 3000 2096 3043 cum

2193 2974 2481 3051 δυναμένων
2540 2985 2615 3052 τῷ
2682 2986 3033 3057 συνεργοῦντι,
3098 2979 3276 3035 ’Ὥστε
3332 2980 3411 3043 τίς
3455 2980 3608 3058 χρεία
3652 2978 3831 3057 λόγου

462 3084 529 3128 eo
546 3068 647 3148 qui
673 3071 877 3149 operis
892 3072 1089 3134 socius
1112 3088 1181 3131 ac
1205 3088 1449 3131 consors
1473 3079 1901 3148 erat,poteraut
1930 3090 2098 3132 com-

464 3157 779 3223 municari.
807 3158 1203 3232 Quamobrem
1228 3176 1496 3238 quaenam
1522 3169 1647 3219 erat
1673 3160 1967 3220 sermonis
1988 3179 2097 3222 ne-

458 3248 701 3308 cessitas
733 3248 828 3327 iis,
863 3252 960 3330 qui
980 3250 1105 3329 ipsa
1128 3247 1827 3327 cngitationeseinvicem
1852 3268 2094 3310 suorum

458 3336 845 3398 consiliorum
880 3348 1155 3419 poterant
1185 3338 1381 3399 facere
1414 3337 1733 3417 participes
1756 3344 1782 3398 ?
1808 3340 1951 3400 Nam
1987 3357 2092 3400 vox

460 3433 707 3504 propter
735 3428 1029 3502 auditum,
1066 3435 1125 3489 et
1149 3427 1382 3488 auditus
1415 3435 1650 3506 propter
1674 3426 2093 3491 vocem.Porro

459 3512 561 3573 ubi
582 3531 699 3575 non
726 3525 811 3578 est
835 3535 958 3593 aer,
990 3536 1101 3579 nec
1131 3516 1352 3595 lingua,
1380 3534 1491 3578 nec
1516 3516 1702 3592 auris,
1730 3534 1841 3578 nec
1870 3526 2095 3579 meatus

461 3603 713 3665 intortus
740 3624 917 3668 sonos
943 3607 1016 3668 ad
1042 3625 1281 3669 sensum
1309 3606 1368 3667 in
1388 3606 1577 3687 capite
1599 3607 1922 3685 repositum
1946 3608 2098 3668 refe-

456 3710 634 3755 rens:
676 3695 755 3756 ibi
792 3715 985 3776 neque
1037 3696 1352 3757 verborum
1388 3716 1527 3756 usus
1561 3704 1647 3755 est
1679 3716 1691 3757 :
1720 3696 1821 3755 sed
1852 3716 1917 3757 ex
1944 3697 2092 3776 ipsii,

460 3792 523 3842 ul
547 3784 626 3845 ita
657 3784 876 3864 dicam,
901 3786 1082 3847 animi
1110 3787 1463 3864 cogitatione
1490 3789 1549 3846 fit
1582 3786 1902 3847 voluntatis
1926 3806 2093 3847 com-

462 3874 805 3936 municatio.
838 3878 1054 3949 Quare,
1090 3876 1249 3956 quod
1281 3876 1535 3947 aiebam,
1566 3885 1627 3935 ut
1657 3876 1727 3934 ad
1766 3875 2096 3955 inquisitio-

457 3980 592 4022 nem
624 3982 893 4043 personae
922 3967 992 4027 ad
1019 3984 1192 4045 quam
1220 3965 1315 4026 hic
1341 3984 1538 4026 sermo
1562 3964 2095 4042 dirigitur,excita-

460 4060 625 4112 retur
661 4072 830 4116 mens
859 4062 1080 4127 nostra,
1116 4055 1425 4135 sapienter
1456 4062 1631 4134 atque
1675 4055 1823 4115 scite
1875 4055 1973 4116 illa
2005 4055 2097 4117 lo-

464 4142 685 4216 quendi
719 4143 905 4205 forma
941 4154 1213 4225 usurpata
1260 4152 1370 4205 est.

545 4233 603 4291 3.
640 4231 1100 4311 Disquirendum
1136 4242 1222 4295 est
1254 4232 1520 4295 secundo
1553 4232 1706 4305 loco,
1740 4252 1811 4293 an
1847 4234 1957 4296 hoc
1992 4236 2097 4296 fir-

468 4333 827 4384 mamentum
855 4324 926 4383 sit
949 4323 1103 4385 aliud
1130 4324 1271 4400 quid
1296 4323 1367 4385 ab
1395 4342 1463 4383 eo
1488 4323 1823 4403 ctBloquod
1852 4325 1907 4384 in
1931 4325 2098 4403 prino

2183 3080 2300 3129 τοῖς
2349 3065 2655 3143 δυναμένοις
2727 3068 2779 3135 ἐξ
2810 3068 2969 3126 αὐτοῦ
2996 3077 3087 3126 τοῦ
3122 3071 3388 3144 νοήματος
3418 3082 3693 3126 κοινωνεῖν
3722 3068 3837 3125 ἆλ-

2182 3155 2365 3226 λήλοις
2424 3160 2527 3213 τῶν
2581 3157 2954 3234 βουλευμάτων
2987 3179 3003 3238 ;
3033 3160 3193 3225 Φωνή
3226 3160 3322 3233 μὲν
3365 3160 3464 3236 γὰρ
3524 3156 3590 3214 δι’
3619 3159 3824 3225 ἀκοὴν,

2182 3249 2269 3303 καὶ
2320 3248 2459 3315 ἀκοὴ
2528 3253 2712 3327 φωνῆς
2768 3248 2969 3304 ἕνεκενσ
3021 3248 3153 3306 ὅπου
3220 3247 3274 3305 δὲ
3355 3251 3452 3306 οὒκ
3504 3248 3629 3323 ἀὴρ,
3693 3253 3831 3329 οὐχὶ

2180 3334 2423 3415 γλῶσσα,
2483 3338 2606 3416 οὒχὶ
2655 3337 2767 3417 οὖς,
2817 3341 2876 3395 οὔ
2926 3338 3087 3415 πόρος
3141 3336 3354 3400 σκολιὸς
3398 3336 3482 3393 ἐπὶ
3525 3339 3620 3405 τὴν
3653 3338 3707 3393 ἐν
3747 3346 3828 3414 τῇ

2184 3424 2391 3503 κεφαλῇ
2420 3428 2755 3492 συναίσθησιν
2815 3425 3083 3505 ἀναφέρων
3128 3428 3245 3491 τοὺς
3287 3427 3513 3506 ψόφους,
3546 3427 3659 3482 ἐκεῖ
3702 3425 3827 3483 σῖιδὲ

2179 3514 2433 3591 ῥημάτων
2484 3518 2663 3596 χρεία,
2714 3514 2832 3571 ἀλλ’
2866 3516 2917 3581 ἐξ
2946 3517 3143 3591 αὐτῶν,
3171 3518 3243 3580 ὡς
3276 3516 3336 3571 ἄν
3368 3516 3512 3573 εἴποι
3548 3515 3670 3595 (85)
3708 3538 3822 3590 τις,

2179 3610 2285 3685 τῶν
2343 3605 2396 3661 ἐν
2453 3605 2636 3685 καρδίᾳ
2692 3607 2975 3681 νοημάτων
3004 3616 3094 3665 τοῦ
3121 3605 3421 3683 θελήματος
3446 3608 3481 3675 ἡ
3513 3604 3795 3681 μετάδοσις

2184 3684 2367 3773 ’Ὅπερ
2428 3697 2519 3751 οὖν
2581 3695 2735 3775 ἔφην,
2798 3696 2933 3751 ὥστε
3006 3694 3343 3764 διαναστῆναι
3376 3698 3468 3752 τὸν
3510 3704 3627 3753 νοῦν
3658 3698 3824 3771 ἡμῶν

2179 3786 2306 3862 πρὸς
2358 3786 2456 3852 τὴν
2488 3786 2694 3864 ἔρευναν
2726 3794 2817 3843 τοῦ
2848 3786 3131 3861 προσώπου
3161 3788 3289 3863 πρὸς
3321 3786 3379 3841 ὅν
3410 3790 3455 3842 οἱ
3502 3784 3674 3863 λόγοι,
3718 3808 3825 3841 σο-

2182 3881 2292 3952 φῶς
2338 3876 2424 3930 καὶ
2454 3874 2719 3954 ἐντέχνως
2747 3877 2807 3930 τὸ
2838 3879 3032 3953 σχῆμα
3076 3878 3231 3932 τοῦτο
3260 3877 3356 3941 τῆς
3384 3873 3659 3930 διαλέκτου
3691 3897 3829 3951 παρ-

2183 3964 2453 4031 είληπται.

2265 4232 2299 4296 3
2363 4234 2633 4309 Δεύτερόν
2671 4232 2813 4288 ἐστιν
2878 4232 3138 4312 ἐξετάσαι,
3191 4233 3233 4287 εἰ
3292 4232 3467 4311 ἕτερον
3540 4234 3685 4310 παρᾶ
3735 4236 3834 4288 τὸν

2182 4326 2236 4378 ἴεν
2280 4323 2423 4402 ὰρχῇ
2451 4322 2814 4388 πεποιημένον
2843 4325 3058 4401 οὖρανὸν
3127 4324 3185 4377 τὸ
3232 4324 3505 4399 στερέωμα
3565 4332 3748 4402 τοῦτο,
3796 4326 3830 4379 ὅ

462 4412 619 4491 cipio
644 4414 853 4475 factum
886 4415 1263 4495 fueratzquod
1286 4414 1479 4494 ipsum
1506 4415 1712 4477 itidem
1739 4414 2094 4494 appellatum

2193 4413 2269 4466 mi
2328 4413 2452 4470 αὒτὸ
2510 4410 2780 4481 ἐπεκλήθη
2836 4413 3072 4489 οὗρανὸς,
3108 4412 3195 4467 καὶ
3225 4413 3266 4467 εἰ
3297 4410 3436 4473 ὅλως
3468 4415 3678 4487 οὐρανοὶ
3709 4411 3826 4468 δύο·

466 4502 542 4564 sit
568 4503 1142 4585 ccelum,vel,utrum
1170 4504 1286 4564 duo
1302 4504 1546 4564 omnino
1565 4504 1681 4564 sint
1706 4502 1983 4563 cmliSed
2001 4504 2101 4583 qui

463 4593 537 4653 de
552 4594 701 4654 coelo
718 4595 1055 4656 disseruere
1073 4594 1406 4675 philosophi
1421 4601 1711 4665 ,nuiittere
1726 4593 1953 4668 linguas
1967 4612 2101 4654 suas

468 4683 877 4764 malint,quam
904 4685 960 4745 id
988 4704 1095 4745 ceu
1120 4702 1326 4745 verum
1352 4683 2099 4745 admittere.Pouuntenim

463 4772 664 4829 coelum
694 4787 870 4830 unum
891 4788 1148 4837 essequac
1165 4774 1425 4845 ejusessc
1445 4785 1636 4829 natura
1664 4782 1741 4838 ,ιιι
1760 4775 2098 4839 secundum,

462 4873 559 4920 aut
580 4865 830 4931 tertium,
856 4872 951 4922 aut
971 4864 1336 4934 multipleXei
1359 4865 1611 4933 accedat,
1635 4874 1857 4933 cum,ut
1881 4869 2102 4934 putant.

468 4960 584 5013 tota
608 4954 866 5017 caelestis
889 4954 1159 5035 corporis
1182 4953 1510 5017 substantia
1531 4955 1603 5016 ad
1624 4954 1860 5015 unicum
1890 4955 2105 5016 consti-

556 5148 678 5230 (8l)
702 5148 866 5230 Colb.
905 5151 1131 5229 primus
1156 5152 1517 5230 σαφηνίζεταο.

560 5229 690 5307 (8:2)
721 5228 802 5288 lta
826 5232 1091 5309 quinque
1124 5228 1260 5291 trss]
1294 5232 1445 5292 Editi
1477 5249 1611 5291 cum
1647 5249 1762 5292 uno
1794 5238 1893 5293 aut
1923 5231 2111 5294 altero

472 5326 581 5368 ms.
612 5311 671 5363 τὸ
703 5310 871 5371 ὅσιον,

555 5390 677 5471 (S3)
710 5388 794 5450 Ita
821 5392 1055 5451 codices
1078 5401 1328 5471 septem.
1358 5390 1529 5463 Illud,
1558 5396 1678 5447 εἶτα
1722 5391 1851 5447 ἐποί
1884 5415 1941 5448 σε
1973 5401 2108 5471 φῶς,

479 5468 855 5529 desideratur
886 5471 943 5530 iu
976 5468 1171 5533 editis.
1206 5471 1327 5534 Μιιλ
1368 5472 1546 5533 editio
1570 5472 1747 5533 Basil.
1774 5491 1905 5533 cum
1940 5468 2109 5533 Bodl.

481 5559 536 5610 et
573 5568 706 5609 cum
756 5551 1021 5627 pluribus
1060 5553 1189 5611 aliis
1248 5572 1389 5613 mss.
1450 5554 1794 5629 προστάσσει.
1861 5556 1985 5615 Nec
2035 5551 2114 5614 ita

471 5630 655 5712 multo
690 5641 815 5710 post
841 5652 983 5692 voce
1008 5632 1330 5712 ἀπορρήτου,
1354 5653 1414 5694 m
1436 5636 1596 5712 cuni,
1631 5633 1902 5711 intelligit
1930 5632 2098 5693 Basi-

469 5710 585 5772 lius
623 5712 905 5793 Yerbum,
938 5712 1105 5793 quasi
1138 5710 1289 5771 Deus
1318 5729 1449 5775 cum
1477 5710 1672 5773 Verbo
1707 5713 1766 5774 in
1789 5710 2099 5774 cendendo

463 5791 685 5857 mundo
715 5791 921 5856 fuisset
951 5791 1299 5855 collocutus.

2187 4501 2311 4579 ὅπερ
2369 4502 2416 4555 οἱ
2472 4501 2537 4555 τὰ
2580 4502 2695 4573 περὶ
2746 4500 2962 4578 οὗρανοῦ
2987 4499 3443 4580 φιλοσοφήσαντες
3474 4499 3600 4579 (86)
3634 4500 3837 4557 ἓλοιντ⁹

2184 4592 2245 4648 ἂν
2294 4590 2494 4667 μᾶλλον
2558 4592 2649 4655 τὰς
2682 4591 2928 4669 γλώσσας
2959 4591 3228 4669 προέσθαι,
3264 4590 3298 4657 ἢ
3330 4593 3403 4653 ὼς
3437 4589 3633 4656 ἀληθὲς
3661 4614 3835 4669 παραυ

2185 4681 2446 4745 δέξασθαι.
2490 4678 2635 4738 ’Ἕνα
2718 4682 2817 4759 γὰρ
2901 4683 3227 4737 ὑποτίθενται
3290 4682 3528 4759 οὖρανὸν,
3594 4683 3685 4737 καὶ
3738 4686 3838 4739 οὒκ

2186 4774 2333 4854 ἔχειν
2364 4775 2504 4848 αὐτῷ
2554 4774 2724 4853 φύσιν,
2787 4774 3046 4853 δεύτερον,
3109 4774 3142 4840 ἢ
3191 4774 3382 4847 τρίτον,
3528 4772 3834 4831 πολλοστὸν

2188 4862 2589 4942 προσγενέσθαι,
2650 4863 2827 4930 πάσης
2884 4869 2981 4930 τῆς
3013 4863 3189 4927 οὗσίας
3233 4871 3325 4921 τοῦ
3354 4864 3589 4938 οὐρανίου
3634 4864 3831 4938 σώμα-

2188 4976 2275 5020 τος
2326 4956 2395 5019 εἰς
2438 4954 2536 5020 τὴν
2592 4963 2682 5011 τοῦ
2736 4954 2851 5016 ἐνὸς
2912 4954 3164 5010 σύστασιν
3228 4953 3695 5027 ἀπαναλωθείσης,
3759 4956 3835 5019 ὡς

2279 5149 2401 5228 (84)
2432 5146 2574 5227 Reg.
2607 5146 2834 5228 primus
2879 5166 3012 5209 cum
3042 5146 3214 5228 Colb.
3248 5146 3441 5228 primo
3495 5146 3831 5228 προδιεάξει,

2277 5229 2405 5309 (85)
2436 5229 2535 5309 Sic
2560 5227 2786 5308 septem
2820 5247 2961 5292 mss.
3014 5227 3171 5290 Editi
3198 5227 3268 5293 ὼε
3300 5228 3544 5309 ἇνεῖπῃ.
3598 5228 3832 5290 Ibidem

2197 5310 2363 5387 Regii
2388 5308 2637 5388 primus,
2667 5318 2755 5369 ter
2780 5310 2891 5375 ius.
2918 5318 3164 5389 quartus
3196 5318 3255 5370 et
3283 5308 3526 5389 quintus
3546 5309 3599 5364 ἐν
3620 5310 3832 5387 καρδίᾳ,

2196 5390 2349 5453 Editi
2376 5387 2509 5450 cum
2544 5389 2838 5468 aliquibus
2873 5387 3013 5451 mss.
3049 5391 3152 5446 tam
3185 5387 3488 5467 ἓ-μαίρδὶων.
3526 5390 3833 5467 Reg.sex-

2198 5480 2289 5531 tus
2318 5479 2422 5527 τῶν
2458 5469 2743 5547 ἐγκαρδίων
2767 5471 3103 5547 θεληματων,

2276 5552 2404 5629 (86)
2429 5551 2595 5615 Colb.
2632 5551 2858 5630 primus
2908 5553 3340 5631 φιλοσοφοῦντες.
3401 5548 3604 5631 Statim
3658 5550 3838 5631 ﬁndi,

2184 5649 2317 5693 cum
2369 5628 2500 5692 aliis
2530 5628 2761 5693 duobus
2803 5628 2945 5693 mss.
2998 5634 3069 5696 ὡς
3125 5631 3366 5698 ἀληθῶς.
3401 5628 3625 5692 Ibidem
3659 5628 3842 5697 Colb.

2186 5712 2410 5792 primus
2431 5711 2796 5777 ὐποδέξασθαι,
