4076 6216
191 306 287 372 '73

1294 312 1615 379 HOMILIA
1667 317 1757 379 III
1799 319 1884 382 IN
1928 319 2490 387 HEXAEMERON.

3499 334 3577 398 74

188 448 345 503 νάων
373 443 736 524 τας²εὖλογίας
789 444 1021 527 δίδωσιν,
1080 451 1155 512 ὡς
1209 456 1302 507 τοῦ
1358 452 1473 529 περὶ
1522 456 1626 532 γῆν
1673 454 1829 512 τόπου

1923 452 2132 513 horum
2158 456 2508 534 temperiem
2526 456 3075 534 fecundatur.Quin
3088 464 3224 527 etin
3250 466 3589 532 maledictis

187 532 285 591 διὰ
311 535 406 602 τῆς
454 533 507 590 ἐν
546 536 751 599 τούτοις
799 536 1033 602 εὐταξίας
1093 538 1505 607 εὐθηνουμένου.
1567 539 1735 600 Ἀλλά
1764 566 1829 600 κα

1934 541 2161 621 lsraeli,
2188 532 2431 625 Eterit,
2460 544 2675 636 inquit,
2705 549 2820 611 tibi
2844 532 3052 614 catum
3079 556 3241 633 quod
3261 574 3444 636 super
3471 576 3579 621 ca-

188 624 253 678 ἐν
285 638 412 687 ταῖς
467 625 718 702 κατάραις
762 634 839 701 τῷ
871 626 1087 706 Ἰσραὴλ
1136 626 1284 705 (39),
1317 627 1521 687 ’Ἔσται
1580 653 1684 706 σοι,
1737 657 1850 712 φη·-

189 716 301 789 σὶν,
340 716 367 770 ὁ
398 715 528 793 ὑπὲρ
555 714 794 792 κεφαλῆς
846 720 1061 796 οὐρανος
1121 717 1382 798 χαλκοῦς.
1437 721 1497 777 Τί
1554 729 1707 779 τοῦτο
1750 721 1846 779 λέ-

188 823 355 878 γωνς
407 805 515 870 Τὴν
561 804 798 874 παντελῆ
852 807 1101 883 ξηρασίαν
1152 809 1240 864 καὶ
1298 806 1567 885 ἐπιλειψιν
1618 817 1721 867 τῶν
1747 812 1844 868 ἀε-

188 894 323 963 ρίων
352 891 575 967 ὑδάτων,
631 892 696 949 δι’
751 898 826 950 ῶν
876 904 943 972 τῇ
993 904 1064 974 γῇ
1116 899 1176 953 τὸ
1223 898 1441 976 γόνιμον
1472 905 1577 955 τῶν
1629 908 1847 980 καρπῶν

186 983 511 1062 ἒνυπάρχει.
573 980 749 1041 ’Ὅταν
782 985 870 1042 οῦν
910 986 971 1041 ἐκ
1020 997 1111 1045 τοῦ
1154 987 1372 1067 οὐρανοῦ
1420 988 1660 1069 φέρεσθαι
1710 990 1844 1071 λέγῃ

187 1070 385 1149 δρόσον
443 1072 477 1139 ἢ
523 1074 673 1129 ὑετὸν
702 1120 717 1147 ,
780 1077 895 1153 περὶ
946 1074 1147 1132 ὑδάτων
1198 1085 1418 1153 νοοῦμεν
1472 1078 1569 1134 ὅσα
1607 1079 1705 1147 τήν
1736 1080 1845 1138 ἅνω

194 1163 457 1241 κατέχειν
514 1161 849 1221 διατέτακται
899 1166 1104 1246 χώραν.
1138 1168 1523 1246 Συναγομένων
1582 1170 1680 1248 γὰρ
1737 1177 1841 1226 τῶν

189 1250 594 1327 ἀναθυμιάσεων
641 1258 756 1330 περὶ
827 1256 887 1311 τὸ
936 1254 1090 1331 ὕψος,
1169 1259 1255 1313 καὶ
1326 1259 1686 1333 πυκνουμένοο
1753 1283 1845 1317 του

188 1339 352 1417 ἀέρος
409 1356 530 1408 ταῖς
581 1343 640 1399 ἐκ
695 1348 802 1401 τῶν
864 1347 1177 1420 πνευμάτων
1236 1346 1539 1422 πιλήσεσιν,
1574 1347 1700 1405 ὅταν
1744 1351 1843 1425 μὲν

188 1432 243 1484 αἱ
294 1430 431 1495 τέως
483 1431 775 1506 ἀτμοειδῶς
825 1436 914 1490 καὶ
946 1434 1154 1499 λεπτῶς
1212 1437 1596 1514 Ῑενεσπαρμέναι
1643 1446 1716 1513 τῷ
1748 1440 1837 1496 νέ-

188 1541 276 1597 ⁸ρει
326 1518 523 1580 νοτίδες
577 1521 837 1591 ἀλλήλαις
888 1526 1316 1605 προσχωρήσωσι
1350 1572 1365 1599 ,
1430 1529 1681 1603 σταγόνες
1749 1531 1835 1606 γί-

187 1631 436 1684 γνονται,
483 1616 559 1683 τῷ
587 1612 733 1687 βάρει
756 1619 859 1668 τῶν
891 1612 1271 1690 συγκριθέντων
1302 1614 1586 1693 φερόμεναι
1618 1618 1748 1696 πρὸς
1779 1621 1839 1674 τὸ

186 1700 364 1754 κάτον
425 1702 513 1756 καὶ
590 1701 719 1769 αὕτη
778 1705 928 1762 ὑετοῦ
998 1705 1224 1780 γένεσις’
1286 1702 1404 1760 ὅτον
1464 1702 1517 1759 δὲ
1575 1707 1633 1761 τὸ
1686 1708 1841 1785 ὑγρόν

1932 639 2435 711 putest;aeneum
2456 636 2519 685 52
2568 634 2720 708 Quid
2770 639 2865 700 his
2902 634 3381 707 verbisindicare
3413 650 3579 712 vult?

1930 718 2345 785 Omnimodam
2380 723 2736 801 siccitatem,
2762 735 2820 789 et
2849 746 3131 808 aquarum
3162 734 3457 798 aeriarum
3479 738 3577 800 de-

1933 810 2173 884 fectum,
2235 812 2452 893 quibus
2504 816 2705 876 telluri
2761 818 3029 881 fertilitas
3088 821 3382 887 fructuum
3428 846 3577 890 con-

1933 900 2143 963 fertur.
2170 900 2314 994 C_um
2343 902 2521 981 igitur
2551 904 2771 966 deferri
2802 907 2876 968 de
2904 910 3052 971 co:lo
3076 930 3275 974 rorem
3315 926 3414 975 aut
3444 918 3577 994 plu-

1931 992 2079 1050 viam
2105 990 2403 1071 dicit,tum
2436 1011 2621 1073 aquas
2644 1014 2743 1056 eas
2766 1017 2899 1076 quae
2930 1017 3251 1079 supernam
3270 990 3577 1082 regionem

1929 1098 2221 1159 occupare
2247 1082 2430 1159 jussaa
2461 1093 2618 1158 sunt,
2657 1085 3064 1163 intelligimus.
3100 1091 3382 1156 Collectis
3415 1094 3575 1157 enim

1932 1170 1987 1229 in
2021 1169 2260 1229 sublimi
2296 1172 2632 1250 vaporibus,
2668 1183 2727 1235 et
2757 1192 2893 1237 aere
2923 1195 3028 1254 per
3057 1189 3364 1243 ventorum
3400 1204 3569 1245 com-

1932 1259 2299 1337 pressionem
2363 1260 2752 1344 condensata,
2814 1266 2913 1327 ubi
2969 1268 3373 1347 humiditates,
3411 1276 3573 1353 prius

1928 1349 1986 1409 in
2022 1348 2262 1410 modum
2318 1351 2556 1431 vaporis
2616 1355 2995 1435 tenuiterque
3054 1360 3196 1419 nubi
3256 1348 3568 1447 inspersa),

1928 1439 2083 1499 inter
2105 1458 2168 1500 se
2195 1450 2398 1502 mutuo
2430 1442 2828 1517 cohaaserunt,
2857 1458 2997 1507 tunc
3017 1439 3570 1539 gignuntur'guttae;

1922 1527 1990 1588 ad
2015 1528 2128 1588 ima
2142 1541 2554 1593 concretorum
2574 1532 2889 1594 humorum
2914 1527 3572 1625 ponderedecidentes;

1924 1626 2101 1697 atque
2124 1619 2218 1680 hic
2243 1630 2333 1680 est
2354 1621 2564 1700 pluvia:
2584 1623 2921 1687 ortus.Cum
2948 1645 3084 1689 vero
3108 1629 3324 1692 humor
3345 1633 3402 1693 vi
3424 1619 3570 1698 ven;

1928 1716 2119 1767 torum
2148 1708 2460 1785 dissectus,
2487 1710 2548 1771 in
2582 1731 2851 1791 spumam
2874 1716 3150 1779 redactus
3176 1729 3284 1794 est,
3310 1742 3569 1806 cumque

184 1785 521 1868 ἐξαφριστῇ,
583 1806 704 1855 ταῖς
748 1794 885 1868 βὶαις
938 1796 1043 1849 τῶν
1084 1793 1293 1869 ἀνέμων
1337 1794 1601 1851 ἀνακοπὲν
1635 1843 1651 1868 ,
1718 1798 1829 1852 εἶτα

1926 1795 2209 1875 deinceps
2231 1817 2462 1861 summe
2480 1785 3069 1879 refrigescens,totus
3090 1809 3333 1872 omnino
3354 1785 3568 1894 conge-

185 1878 261 1931 εἶν
310 1878 472 1956 ἄκρον
517 1884 881 1961 καταψυχθὲν,
943 1882 1066 1939 ὅλον
1130 1882 1301 1941 διόλοῦ
1345 1891 1517 1961 παγῇ,
1574 1886 1832 1961 θραυομέ-

184 1988 284 2021 νου
328 1976 420 2024 τοῦ
464 1969 668 2046 νέφους,
700 1973 733 2038 ἡ
777 1973 916 2052 χιὼν
972 1972 1344 2053 καταφέρεται,
1380 1979 1476 2032 Καὶ
1505 1975 1669 2049 ὅλως,
1702 1978 1836 2033 κατὰ

184 2056 281 2109 τὸν
340 2057 487 2113 αὐτὸν
546 2058 721 2135 λόγον,
774 2059 938 2125 ἔξεστί
985 2084 1068 2119 σοι
1131 2062 1255 2140 ὁρᾷν
1304 2070 1477 2121 πᾶσαν
1522 2066 1615 2121 τοῦ
1674 2066 1835 2143 ὑγροῦ

179 2144 287 2211 τὴν
336 2147 484 2225 φύσιν
553 2150 670 2225 περὶ
713 2151 800 2205 τὸν
853 2150 984 2228 ὑπὲρ
1043 2151 1283 2231 κεφαλῆς
1342 2156 1497 2227 ἡμῶν
1540 2153 1668 2232 ἀέρα
1703 2177 1831 2212 συν-

178 2236 503 2309 ισταμένην,
556 2241 649 2295 Καὶ
695 2237 881 2313 μηδεὶς
924 2246 992 2316 τῇ
1024 2242 1290 2319 περιεργίᾳ
1344 2248 1449 2298 τῶν
1506 2245 1625 2321 περὶ
1668 2249 1832 2323 obpa-

180 2331 277 2379 νοῦ
308 2325 787 2405 φιλοσοφησάντων
836 2331 925 2385 τὸν
956 2330 1155 2386 ἀπλιῦν
1200 2332 1285 2387 καὶ
1326 2332 1684 2389 ἀκατάσκευον
1726 2341 1833 2390 τῶν

181 2423 561 2490 πνευματικῶν
612 2416 786 2495 λόγων
845 2417 1253 2496 παραϐαλλὲτω,
1317 2418 1477 2495 ’Ὄσῳ
1520 2423 1619 2499 γὰρ
1660 2425 1720 2479 τὸ
1778 2423 1831 2479 ἐν

177 2520 306 2569 τατς
342 2505 576 2584 σώιρροσι
620 2506 744 2586 (40)
797 2508 991 2572 γάλλος
1036 2516 1129 2566 τοῦ
1180 2511 1446 2587 ἑταιρικοῦ
1503 2514 1827 2590 προτιμότε·

176 2616 291 2670 ρον,
356 2603 608 2653 τοσοῦτον
650 2601 736 2653 καὶ
786 2600 892 2654 τῶν
946 2598 1219 2673 ἡμετέρων
1277 2599 1452 2679 λόγων
1516 2603 1650 2678 πρὸς
1703 2604 1828 2667 τοὺς

178 2682 371 2748 ἔξωθεν
420 2687 482 2741 τὸ
542 2684 809 2764 διάφορον,
857 2690 915 2744 0i
964 2688 1061 2762 μὲν
1091 2689 1190 2766 γάρ
1220 2690 1725 2768 κατηναγκασμένον
1769 2692 1831 2747 τὸ

177 2775 399 2829 πιθανὸν
439 2787 550 2838 τοῖς
581 2773 757 2854 λόγοις
789 2776 1090 2854 ἐπάγουσιν’
1141 2777 1357 2837 ἐνταῦθα
1410 2777 1463 2834 δὲ
1515 2781 1690 2857 γυμνὴ
1735 2801 1828 2835 τε-

178 2864 577 2940 χνασμάτωνή
628 2865 849 2936 ἀλήθεια
906 2868 1203 2939 πρόκειται.
1273 2873 1367 2927 Καὶ
1426 2870 1475 2925 τί
1510 2867 1593 2925 δεῖ
1651 2869 1829 2948 πράγ-

1923 1884 2079 1947 latus
2104 1896 2214 1963 est,
2242 1895 2361 1948 tum
2386 1889 2569 1951 fracta
2590 1891 2747 1954 nube
2769 1893 2864 1953 nix
2890 1895 3288 1961 delabitur.Et
3310 1901 3371 1962 in
3395 1884 3562 1966 suin-

1924 1975 2121 2053 ma,oh
2134 1978 2408 2038 eamdem
2426 1979 2723 2042 rationem
2750 1982 3009 2045 licettibi
3033 2005 3271 2049 omnem
3295 1993 3563 2056 humoris

1923 2074 2188 2127 naturam
2215 2069 2439 2129 circum
2469 2088 2669 2131 aerem
2695 2073 2875 2152 capiti
2897 2085 3097 2136 nostro
3124 2089 3560 2156 superstantem

1918 2173 2187 2217 cernere.
2215 2155 2399 2219 Nemo
2418 2170 2613 2221 autem
2630 2162 3021 2241 spiritualium
3061 2155 3405 2232 sermonum
3427 2173 3566 2234 sim-

1920 2245 2239 2324 plicitatem
2260 2266 2327 2309 ac
2343 2249 2632 2312 incultum
2647 2271 2781 2312 cum
2799 2254 3139 2318 curiositate
3160 2277 3362 2322 eorum
3375 2261 3562 2341 quide

1917 2336 2065 2396 ccelo
2092 2337 2484 2417 philosophati
2510 2346 3008 2423 sunt,comparet.
3025 2346 3253 2417 Quanto
3276 2336 3438 2413 enim
3458 2372 3563 2419 ca-

1917 2434 2136 2485 starum
2191 2426 2567 2506 pulchritudo
2598 2433 2950 2524 meretricia
2999 2437 3388 2514 prasstabilior
3445 2450 3559 2524 est,

1919 2524 2077 2575 tanto
2093 2533 2402 2577 sermones
2427 2518 2611 2578 nostri
2636 2523 2893 2583 externis
2912 2527 3289 2604 przestantJIi
3307 2518 3561 2612 namque

1917 2604 2388 2683 probabilitatem
2420 2606 2473 2667 vi
2506 2617 2793 2670 extortam
2834 2614 2957 2672 suis
3001 2616 3320 2678 sententiis
3342 2604 3551 2683 consi-

1917 2693 2058 2753 liant
2084 2714 2095 2725 ·
2126 2694 2220 2755 hic
2244 2713 2381 2756 vero
2407 2697 2562 2757 nuda
2584 2699 2666 2757 3|
2707 2707 2766 2760 et
2791 2700 2869 2761 ab
2899 2702 3173 2765 artiﬁciis
3202 2724 3383 2769 vacua
3414 2728 3558 2788 pro-

1918 2783 2154 2861 ponitur
2178 2785 2407 2846 veritas.
2430 2786 2549 2847 Sed
2568 2786 2710 2867 quid
2731 2808 2880 2868 opus
2905 2801 2996 2854 est
3018 2812 3122 2854 nos
3146 2795 3205 2855 in
3231 2783 3561 2862 mendaciis

1917 2871 2178 2951 ipsorum
2213 2873 2589 2938 confutandis
2638 2877 2891 2956 fatigari.
2927 2881 3144 2959 quibus
3183 2884 3327 2944 satis
3358 2886 3554 2964 fuerit,

175 2973 323 3024 ματα
370 2952 525 3032 ἔχειν
574 2955 718 3029 ἡμᾶς
768 2962 827 3010 τὸ
877 2954 1062 3029 ψευδὲς
1095 2958 1263 3013 αῦτῶν
1308 2955 1707 3038 διελέγχοντας,
1742 2963 1826 3023 οἷς

1921 2960 1963 3020 si
1998 2962 2164 3021 libris
2194 2963 2460 3043 ipsorum
2493 2966 2649 3026 inter
2679 2952 2771 3028 se-
2801 2952 3052 3051 colla-tis,
3086 2972 3233 3035 belli
3285 2952 3553 3055 ipsorum

175 3040 392 3116 ἐξαρκεῖ
438 3044 531 3107 τὰς
584 3045 752 3100 αὐτῶν
803 3045 1017 3101 ἐκείνῶν
1069 3045 1278 3121 βίϐλους
1309 3046 1570 3114 ἀλληλαις
1597 3048 1826 3104 ἀντιπα-

1921 3040 2278 3129 spectatores
2308 3052 2369 3113 in
2391 3071 2624 3115 summo
2643 3057 2765 3120 otio
2795 3040 3114 3123 sedeamus
3141 3040 3333 3127 Z’Nam
3360 3085 3557 3148 neque

176 3132 436 3205 ραθέντας
470 3132 525 3189 ἐν
556 3135 756 3213 ἡσυχίᾳ
784 3136 961 3211 πολλῇ
1005 3138 1193 3199 θεατὰς
1251 3141 1413 3195 οὔτῶν
1460 3137 1551 3193 τοῦ
1589 3137 1827 3212 πολέμου

1921 3160 2161 3202 numero
2197 3142 2508 3221 pauciores
2531 3163 2725 3226 neque
2747 3147 3035 3225 dignitate
3076 3152 3415 3230 inferiores,
3450 3132 3557 3220 sed

174 3225 443 3287 καθῆσθαι
504 3223 663 3301 (11);
732 3225 861 3282 Οὔτε
919 3228 1017 3304 γὰρ
1090 3229 1294 3316 ἀριθμῷ
1345 3226 1639 3307 ἐλάττους,
1713 3228 1829 3316 οὔτε

1921 3230 2271 3306 loquacitate
2302 3232 2477 3294 etiam
2506 3223 2680 3314 longe
2715 3223 3064 3316 préstantes
3095 3223 3410 3306 contrariae
3439 3247 3554 3310 sibi

178 3309 449 3384 ἀξιώματι
505 3313 773 3391 ῦιρειμένοι
808 3361 825 3389 ,
885 3314 1190 3395 πολυφωνίᾳ
1260 3314 1313 3372 δὲ
1364 3318 1450 3373 καὶ
1500 3318 1641 3395 παρά
1698 3314 1832 3372 πολὺ

175 3398 517 3480 διαφέροντες
571 3405 698 3480 πρὸς
756 3406 844 3460 τὸν
897 3405 1126 3461 ἐναντιον
1184 3406 1366 3470 αὒτοϊς
1425 3405 1831 3463 ἀντικαθισταν-

171 3513 258 3548 ται
292 3490 481 3569 λόγον,
516 3494 563 3548 οἱ
593 3495 653 3547 τὸ
684 3499 787 3548 πᾶν
847 3494 1191 3573 ἐκπυροῦσθαι
1236 3494 1504 3572 λέγοντες,
1557 3496 1643 3550 καὶ
1700 3494 1829 3550 ἀνα-

167 3578 496 3637 ϐιώσκεσθαι
559 3582 716 3638 πάλιν
770 3584 828 3638 ἐκ
887 3590 991 3639 τῶν
1051 3583 1425 3662 σπερματικῶν
1493 3582 1667 3661 λόγων
1726 3587 1832 3640 τῶν

168 3670 612 3745 ἐναπομενόντων
656 3686 772 3736 τοϊς
827 3672 1229 3751 ἐκπυρωθεϊσιν·
1275 3674 1389 3730 ὅθεν
1444 3674 1530 3729 καὶ
1584 3672 1829 3752 ἀπείρους

169 3762 372 3840 φθορὰς
442 3763 645 3837 κόσμου
700 3765 786 3819 καὶ
829 3762 1235 3841 παλιγγενεσίας
1296 3763 1622 3842 εἰσάγουσιν.
1678 3760 1830 3820 Ἀλλ’

173 3850 379 3907 ἐκεῖνοι
412 3851 534 3925 μὲν,
567 3848 647 3930 ἐφ’
679 3852 904 3931 ἑκάτερα
944 3853 1041 3921 τῆς
1080 3851 1330 3920 ἀληθείας
1378 3853 1825 3932 ἀποσχιζόμενοι,

175 3940 318 3997 ἔνθεν
377 3942 468 3997 καὶ
510 3941 649 3997 ἔνθεν
694 3944 787 4003 τὰς
848 3942 934 3999 ἐπὶ
974 3944 1071 4011 τὴν
1122 3941 1329 4010 πλάνην
1386 3944 1595 4006 ἑαυτοῖς
1642 3944 1827 4020 ἐκτρο-

179 4031 285 4092 πὰς
331 4030 737 4108 ἐξευρίσκουσιν.
924 4092 931 4095 .

257 4119 319 4181 9.
358 4119 523 4193 ’Πμῒν
561 4119 683 4200 (42)
737 4119 789 4176 δὲ
843 4124 929 4178 καὶ
980 4124 1107 4201 πρὸς
1154 4124 1272 4186 τοὺς
1318 4122 1423 4178 ἀπὸ
1457 4122 1555 4191 τῇς
1589 4120 1820 4189 Ἐκκλη-

168 4209 287 4273 σίας
336 4210 449 4265 ἐστί
492 4232 569 4271 τις
622 4210 779 4289 λόγος
831 4214 947 4290 περὶ
1002 4218 1105 4269 τῶν
1164 4211 1529 4289 διακριθέντων
1590 4212 1821 4283 ῦσάτων,

167 4300 224 4356 οἳ
260 4321 523 4378 προερασει
577 4300 862 4378 ἀναγωγῆς
899 4349 912 4379 ,
956 4303 1041 4357 καὶ
1078 4302 1362 4374 νοημάτων
1420 4299 1766 4379 ὑψηλοτέρων
1804 4348 1819 4371 ,

166 4392 239 4452 εἷς
292 4388 619 4467 ἀλληγορίας
682 4390 997 4469 κατέφυγον,
1061 4389 1306 4464 δυνάμεις
1357 4389 1600 4467 λέγοντες
1654 4412 1823 4445 πνευ-

1919 3319 2187 3398 opinioni
2218 3321 2606 3399 refragantur,
2634 3325 2674 3384 ii
2694 3326 2794 3404 qui
2821 3328 3167 3392 universum
3194 3332 3362 3394 aiunt
3397 3354 3560 3397 com-

1916 3406 2073 3484 buri,
2100 3429 2167 3471 ac
2186 3411 2400 3473 iterum
2421 3432 2490 3474 ex
2514 3414 2903 3478 seminalibus
2926 3418 3278 3495 quibusdam
3309 3426 3554 3487 rationi-

1918 3498 2025 3558 bus
2060 3520 2188 3579 quae
2220 3499 2280 3561 in
2330 3502 2511 3563 rebus
2544 3504 2766 3566 exustis
2795 3519 3129 3589 remanent,
3170 3512 3546 3576 reviviscere.

1920 3588 2087 3649 Unde
2119 3590 2295 3649 etiam
2329 3590 2591 3653 inﬁnitas
2623 3593 2825 3654 mundi
2858 3588 3273 3677 corruptiones
3302 3612 3361 3664 et
3390 3622 3555 3684 rege-

1916 3679 2254 3740 nerationes
2288 3679 2597 3743 inducunt.
2636 3686 2860 3748 Verum
2882 3685 2968 3748 illi
3001 3689 3245 3767 quidem
3278 3679 3555 3771 utrinque

1914 3786 1945 3827 ο
1978 3768 2222 3829 veritate
2248 3768 2469 3844 dissiti,
2505 3771 2642 3832 hinc
2700 3781 2756 3834 et
2807 3774 2949 3837 inde
3003 3777 3077 3839 ad
3133 3798 3402 3844 errorem
3435 3768 3549 3846 sibi

1912 3856 2057 3937 ipsis
2088 3858 2436 3922 diverticula
2463 3860 2797 3927 inveniunt.

1975 4118 2369 4191 9.Qninetiam
2384 4118 2595 4199 aliquis
2612 4120 2788 4183 nobis
2803 4123 3543 4194 adversusecclesiasticos

1909 4209 2193 4289 quosdam
2220 4208 2532 4288 scriptores
2551 4209 2625 4269 de
2649 4209 2926 4275 discretis
2946 4218 3114 4296 aquis
3140 4219 3551 4284 habendusest

1910 4316 2108 4360 sermo
2139 4320 2151 4354 :
2188 4296 2290 4374 qui
2322 4315 2613 4378 anagoges
2653 4309 2714 4362 et
2741 4302 3108 4366 sublimioris
3138 4309 3551 4389 intelligentia:

1913 4391 2151 4447 nomine
2175 4387 2567 4464 confugerunt
2581 4390 2650 4450 ad
2669 4390 3161 4470 allegorias.adeo
3179 4387 3549 4478 utspiritales

167 4479 407 4550 ματικάς
440 4480 526 4534 καὶ
556 4479 869 4553 ἀσωμάτους
912 4486 1175 4557 τροπικῶς
1208 4479 1266 4535 ἐκ
1296 4486 1400 4536 τῶν
1458 4476 1660 4536 ὑδάτων
1714 4501 1820 4546 ση-

1921 4486 1964 4537 at
1998 4477 2381 4556 incorporeas
2400 4479 2645 4539 virtutes
2674 4493 2939 4544 asserant
2973 4504 3077 4564 per
3104 4476 3296 4566 aquas
3319 4492 3547 4570 tropice

169 4570 472 4642 μαίνεσθαι·
522 4569 605 4623 καὶ
649 4568 758 4624 ἄνω
808 4569 904 4643 μὲν
949 4568 1032 4625 ἐπὶ
1066 4577 1159 4626 τοῦ
1189 4568 1555 4645 στερεώματός
1587 4590 1816 4643 μεμενηυ

172 4660 321 4714 κέναι
377 4658 473 4720 τας
537 4658 863 4738 κρείττονας,
926 4659 1071 4716 κάτω
1129 4656 1182 4714 δὲ
1226 4672 1344 4721 τοῖς
1400 4659 1679 4737 περιγείοις
1736 4660 1824 4715 καὶ

171 4749 390 4811 bit-40!;
450 4748 633 4810 τόποις
692 4762 1121 4825 προσαπομεϊναι
1152 4748 1269 4823 (45)
1300 4749 1388 4812 τάς
1425 4748 1689 4825 πονηράς.
1726 4750 1821 4803 Διὰ

167 4849 326 4896 τοῦτο
386 4834 471 4903 δὴ.
523 4840 669 4916 φασὶ,
725 4840 813 4893 καὶ
866 4839 930 4894 τὰ
984 4838 1161 4893 ἐπάνω
1217 4839 1315 4894 τῶν
1374 4839 1606 4914 οὐρανῶν
1648 4834 1811 4893 ὕδατα

168 4930 337 4983 αἰνεῖν
409 4926 497 4981 τὸν
558 4927 708 4983 Θεόι·
780 4926 1067 4999 τουτέστι,
1140 4927 1231 4989 τὰς
1294 4927 1489 5004 ἀγαθὰς
1562 4925 1807 4999 δυνάμεις

168 5017 310 5083 ἀξίας
358 5016 518 5079 οὔσας
572 5014 655 5071 διὰ
696 5016 1032 5094 καθάρότητα
1075 5024 1165 5072 τοῦ
1185 5018 1509 5094 ἡγεμονικοῦ
1538 5018 1630 5073 τὸν
1674 5015 1807 5094 πρέ-

244 5180 298 5232 5¹
336 5179 511 5243 Deut.
540 5198 722 5258 xxvu,
757 5180 834 5245 23

252 5343 383 5421 (39)
416 5345 507 5405 Ita
537 5343 682 5404 editi
712 5361 849 5405 cum
885 5345 1033 5420 Reg.
1070 5344 1243 5407 tertio
1267 5352 1327 5406 et
1355 5362 1490 5405 cum
1526 5344 1809 5409 Coisl.ve-

173 5424 442 5486 tustiore.
469 5424 619 5501 Reg.
646 5433 853 5485 sextus
874 5432 952 5499 τῷ
989 5424 1198 5500 Ἰσραὴλ
1230 5429 1257 5481 ὁ
1288 5426 1480 5501 ἰερεμ,
1514 5426 1809 5489 ἔσται.ΑΙὶἰ

167 5513 594 5596 quatuornmss.
632 5504 857 5596 habent
878 5507 1120 5596 Ἱερεμίᾳ.
1132 5523 1236 5596 pro
1262 5504 1500 5596 Ἰσραὴλ,

250 5584 384 5669 (40)
414 5583 569 5669 Editi
602 5597 661 5645 et
699 5585 883 5669 Coisl.
938 5583 1222 5669 vetustior
1270 5583 1529 5669 ἐιιῖ⁷μτοιιις⁸
1554 5589 1808 5669 σώφροσι,

162 5666 278 5729 Alii
312 5663 544 5746 septem
592 5684 733 5727 mss.
781 5668 837 5722 ὲν
866 5679 986 5731 τοῖς
1016 5668 1271 5746 σώφροσι.
1325 5667 1457 5730 Mox
1497 5665 1614 5730 duo
1649 5663 1809 5730 "mss.

162 5747 401 5815 τοσούτῳ
428 5747 540 5808 καί,

1909 4566 2230 4642 signiﬁcari
2262 4587 2274 4627 :
2302 4572 2359 4627 et
2376 4586 2613 4628 sursum
2640 4570 2878 4649 quidem
2900 4591 3077 4653 supra
3101 4566 3542 4642 ﬁrmamen-tum

1911 4661 2196 4715 mansisse
2220 4656 2999 4733 praestabiliores,deorsum
3019 4666 3547 4729 verointerrestri-

1908 4744 2017 4805 illis
2037 4744 2525 4825 crassisquelocis
2543 4748 2832 4825 malignas
2847 4752 3541 4835 subsedissePropterea

1896 4836 2097 4895 dicunt
2131 4840 2188 4893 et
2219 4850 2318 4893 eas
2347 4852 2530 4913 aquas
2561 4855 2691 4914 quas
2722 4856 2897 4918 supra
2929 4842 3110 4903 caelos
3142 4843 3345 4907 locatte
3375 4858 3536 4923 sunt,

1898 4927 2083 4985 Deum
2111 4921 2499 5002 laudare,hoc
2522 4923 2830 4997 est,bonas
2855 4934 3278 5012 potestates,ob
3305 4921 3532 4998 mentis

1897 5011 2241 5073 munditiam
2260 5012 2617 5093 dignas.quae
2628 5018 3080 5085 convenientem
3097 5021 3541 5089 Conditorilau-

1972 5347 2097 5421 (41)
2138 5346 2282 5419 Reg.
2316 5349 2517 5401 sextus
2550 5342 2784 5417 πολέμου
2815 5348 3176 5409 καθίστασθαι.

1974 5427 2097 5501 (42)
2130 5428 2194 5485 In
2227 5424 2500 5514 confesso
2544 5431 2633 5483 est
2660 5424 2816 5514 apud
2831 5445 3057 5514 Aomnes
3090 5439 3212 5514 tum
3260 5433 3536 5514 antiquos

1894 5516 2014 5567 tum
2045 5504 2407 5591 recentiores
2439 5501 2532 5564 hic
2558 5501 2796 5582 coargui
2820 5507 3163 5587 Origenem.
3191 5512 3343 5591 Lege
3358 5501 3531 5576 Pi‘aaf.

1901 5584 2285 5743 [lu/'23)?lf3{.eg.
2320 5670 2520 5725 sextus
2539 5683 2988 5744 προσαναμεϊναι,
