4076 6216
268 335 338 401 8|
1362 328 1686 392 HOMILIA
1734 328 1814 390 IV
1864 330 1943 390 IN
1990 329 2541 394 HEXAEMERON.

3540 376 3541 379 η
3556 327 3637 393 82

268 477 502 550 φυσικῶς
544 472 833 547 χρώματος
897 465 1290 542 συμπαρόντος,
1335 464 1529 525 παντὸς
1583 461 1633 518 δὲ
1672 464 1895 543 χρώμα-

1989 460 2150 523 visus
2177 477 2360 524 sensu
2405 460 2876 542 apprehenditur
2897 459 2927 521 ?
2960 459 3029 522 Et
3058 460 3212 525 forte
3230 480 3379 543 ηοω
3408 460 3630 543 prolata

259 583 349 622 τος
403 561 654 624 αἰσθητοῦ
691 564 760 633 τῇ
792 556 969 633 ὁράσει
1036 553 1422 619 καθεστηκότος
1452 571 1468 632 ς
1506 554 1602 609 Καὶ
1630 554 1775 633 τάχα
1820 576 1903 609 σοι

250 654 350 711 οὐκ
418 646 589 704 ὶδόκει
662 646 937 723 αὖτάριως
1010 642 1159 723 ἔχειν
1218 643 1280 698 τα
1338 641 1615 718 εἰρημένα,
1649 640 1730 697 ὅτι
1771 643 1901 721 πρὸς

247 742 395 815 ἡμᾶς
467 739 529 794 τὸ
589 736 839 814 ἀόρατον,
872 735 933 791 οὒ
990 735 1122 811 πρὸς
1179 734 1279 800 τὴν
1328 732 1481 812 φύσιν
1538 731 1728 810 εἴρητο
1779 731 1897 803 (68)

249 827 335 886 διὰ
376 828 485 895 τὴν
537 826 635 893 τὴν
691 834 785 883 τοῦ
807 821 993 886 ὕδατος
1027 821 1433 900 ἐπιπρόσθησιν,
1468 818 1495 875 '0'
1528 820 1646 877 τότε
1670 822 1769 888 τὴν
1798 826 1902 898 γῆν

249 925 424 976 πᾶσαν
491 913 932 993 περιεκάλυπτεν.
982 909 1115 969 ἰδοὺ
1170 918 1257 966 νῦν
1322 909 1479 967 ἄκουε
1510 912 1673 977 αὒτῆς
1707 911 1901 978 ἑαυτὴν

251 1011 353 1072 τῆς
402 1007 615 1084 Γραφῆς
648 1002 1000 1082 φανερούσης.
1067 999 1397 1078 Συναχθήτω
1440 1000 1505 1055 τὰ
1571 997 1757 1067 ὕδατα,
1814 1001 1902 1057 καὶ

254 1096 471 1175 ὅφθήτω
542 1095 576 1160 ἡ
635 1089 788 1169 ξηρά,
838 1087 1153 1146 Συνέλκεται
1183 1090 1248 1144 τα
1278 1088 1759 1166 παραπετάσματα,
1808 1090 1901 1145 ’ἵνα

254 1183 499 1263 ἄμφανὴς
558 1180 777 1258 γένηται
809 1182 841 1247 ir,
894 1181 1026 1243 τέως
1076 1180 1152 1253 μὴ
1182 1177 1456 1255 ὁρωμένη,
1515 1175 1686 1243 ⁹⁹ισως
1734 1176 1778 1234 δ’
1838 1175 1898 1233 ἅν

249 1295 332 1335 τις
392 1272 614 1327 κάκεῖνο
678 1290 811 1347 προς
876 1269 1079 1331 τούτοις
1112 1266 1476 1337 ἐπιζητήσειε.
1528 1271 1744 1345 Πρῶτον
1775 1269 1896 1341 μὲν,

250 1361 336 1418 διὰ
383 1363 432 1417 τί
488 1363 515 1417 ὃ
547 1360 683 1417 κατὰ
724 1359 878 1439 φὺσιν
932 1358 1165 1436 ὑπάρχει
1219 1359 1296 1429 τῷ
1324 1354 1469 1413 ὕδατι
1501 1356 1744 1436 φέρεσθαι
1769 1360 1900 1437 πρὸς

249 1452 311 1507 τὸ
342 1451 624 1522 κάταντες,
676 1457 829 1506 τοῦτο
872 1446 957 1502 ἐπὶ
1012 1447 1073 1502 τὸ
1118 1445 1436 1523 πρόσταγμα
1482 1455 1575 1504 τοῦ
1624 1454 1901 1525 Δημιουρ-

247 1547 345 1616 γοῦ
377 1541 404 1595 ὁ
450 1537 608 1616 λὸγος
666 1535 847 1614 ἄνάγει
881 1552 897 1610 ;
931 1535 1090 1598 ’Ἕως
1144 1535 1246 1609 μὲν
1305 1536 1406 1613 γὰρ
1437 1533 1499 1590 ἔν
1532 1534 1616 1592 ἐπὶ
1647 1543 1741 1592 τοῦ
1781 1538 1899 1592 ἰσο-

246 1631 408 1688 πέδου
439 1632 682 1706 κείμενον
732 1631 874 1709 vix“
939 1628 1063 1709 (69)
1102 1630 1164 1685 τὸ
1235 1625 1394 1707 ὕδωρ,
1442 1628 1699 1703 στάσιμόν
1731 1628 1896 1709 ἐστιν,

1988 558 2130 611 sunt
2144 552 2286 613 satis
2308 569 2440 613 esse
2463 551 2571 612 tibi
2596 569 2717 613 non
2732 550 3113 627 videbantur,
3139 571 3273 614 cum
3294 552 3635 617 diceremus

1986 639 2967 720 videlicetvocem,tnvisibilemon
2983 641 3635 723 respectunatum,sed

1985 739 2260 810 respectu
2284 731 2495 805 nostri,
2542 729 2619 792 ob
2636 748 2805 811 aquai
2822 739 3039 794 terram
3068 750 3309 797 omnem
3324 741 3466 795 tunc
3482 751 3636 811 ope-

1983 819 2193 881 rientis
2210 820 2715 898 interpositum.ad
2725 819 2972 882 bibitam
2986 820 3168 883 fuisse
3179 840 3249 884 ac
3261 829 3629 902 usurpatam.

1986 910 2141 972 Ecce
2160 928 2320 972 nunc
2342 909 2483 971 audi
2515 909 2704 990 ipsam
2730 909 3124 989 Scripturam,
3152 911 3412 993 seipsam
3433 913 3635 990 expla-

1984 1006 2249 1061 nantem.
2284 998 2747 1079 (longi-agentur
2774 1016 2973 1079 aqua.
3021 1009 3076 1063 et
3101 1006 3395 1080 appareat
3425 1001 3627 1063 arida.

1983 1085 2432 1152 Contrahuntur
2444 1091 2592 1168 vela,
2616 1093 2684 1152 ut
2700 1090 2967 1168 aspectui
2987 1109 3121 1152 sese
3135 1090 3378 1171 objiciat
3391 1110 3482 1173 ea,
3499 1110 3632 1172 ηοω

1982 1196 2056 1238 an
2068 1184 2158 1240 tea
2173 1197 2292 1240 non
2311 1178 3111 1257 conspiciebatur.Fortassis
3125 1188 3321 1243 autem
3336 1181 3630 1262 quispiam

1981 1266 2130 1329 illud
2148 1267 2327 1330 etiam
2344 1275 2558 1348 praeter
2576 1268 2701 1329 haec
2717 1266 3341 1347 inquisierit.Priimim
3356 1272 3601 1349 quidem
3617 1318 3632 1343 ,

1985 1374 2096 1417 cur
2112 1357 2268 1437 quod
2309 1377 2379 1419 ex
2406 1365 2620 1419 natura
2670 1359 2951 1436 competit
2996 1378 3186 1439 aquai,
3214 1369 3280 1421 ut
3307 1360 3539 1422 scilicet
3559 1360 3631 1421 ad

1984 1443 2213 1508 declive
2234 1446 2480 1526 feratur,
2514 1446 2769 1526 idipsum
2822 1444 3042 1509 referat
3072 1449 3378 1529 Scriptura
3393 1449 3464 1511 ad
3493 1448 3634 1528 Opi-

1984 1533 2110 1596 ﬁcis
2141 1535 2482 1616 imperium.
2516 1534 2792 1608 Quandiu
2828 1537 2982 1597 enim
3013 1536 3075 1598 in
3121 1557 3288 1619 aequo
3336 1537 3633 1619 planoque

1985 1622 2111 1685 solo
2128 1624 2241 1685 sita
2259 1634 2347 1686 est
2371 1643 2545 1706 aqua,
2572 1623 2801 1686 stabilis
2819 1634 2926 1704 est,
2965 1625 3185 1706 quippe
3209 1626 3347 1707 quia
3380 1645 3497 1687 non
3520 1626 3631 1688 ha-

245 1723 346 1779 οὒκ
416 1721 561 1802 ’έχων
602 1720 734 1779 ὅπου
804 1717 1088 1797 μεταῤῥυῇ⁶
1137 1715 1349 1775 ἐπειδὰν
1395 1716 1451 1774 δέ
1482 1740 1623 1783 τινος
1672 1740 1895 1796 πρανους

1988 1709 2090 1802 bet
2112 1732 2229 1793 quo
2251 1713 2513 1775 difﬂuat:
2541 1714 2641 1776 sed
2660 1723 3039 1795 posteaquam
3059 1715 3350 1777 declivem
3368 1715 3627 1796 aliquem

250 1808 515 1886 λάϐηται,
599 1810 745 1873 εὐθὺς
825 1810 1158 1888 ὁρμήσαντος
1241 1818 1334 1867 τοῦ
1432 1806 1781 1885 προάγοντος,
1838 1810 1900 1865 τὸ

253 1901 479 1980 συνεχὲς
536 1903 679 1974 αὐτῷ
734 1900 833 1966 τὴν
888 1900 1043 1975 βάσιν
1089 1905 1182 1955 τοῦ
1232 1898 1534 1965 κινηθέντος
1591 1897 1898 1973 ἐπιλαμϐά-

252 2011 360 2065 νει,
409 1991 496 2046 καὶ
554 1993 653 2055 τὴν
738 1988 938 2046 ἐκείνου
1036 1990 1097 2045 τὸ
1168 1988 1516 2068 ἔφεπόμενον·
1593 1988 1680 2043 καὶ
1737 1986 1900 2053 οὕτως

253 2079 573 2157 ὑπεκφεόγει
636 2078 732 2152 μὲν
772 2077 852 2134 ἀεὶ
903 2080 963 2134 τὸ
1019 2078 1277 2156 προάγον,
1337 2076 1535 2133 ἑπωθεϊ
1563 2076 1617 2131 δὲ
1638 2078 1699 2132 τὸ
1738 2076 1898 2154 ἐπερ-

248 2170 507 2248 χόμενον·
568 2170 655 2225 καὶ
713 2168 955 2240 τοσούτῳ
1001 2168 1215 2246 ὀξυτέρα
1274 2170 1307 2235 ἡ
1343 2169 1476 2247 φορὰ
1504 2168 1731 2247 γίνεται,
1764 2166 1900 2242 ὅσῳ-

239 2279 344 2334 περ
401 2257 465 2313 ἄν
520 2260 607 2315 καὶ
678 2260 735 2315 τὲ
786 2258 944 2336 βάρος
994 2262 1030 2335 ᾖ
1083 2258 1274 2314 πλεῖον
1318 2265 1410 2314 τοῦ
1437 2257 1893 2335 καταφερομένου,

246 2348 337 2403 καὶ
394 2348 458 2403 τὸ
488 2347 689 2426 χωρίον
756 2345 1084 2425 κοιλότερον,
1119 2347 1248 2424 πρὸς
1278 2344 1305 2401 ὅ
1337 2346 1370 2413 ἦ
1399 2344 1684 2424 ὶπίρῤυσις,
1720 2348 1775 2406 Εἰ
1809 2346 1897 2403 οὖν

245 2435 387 2492 οὕτω
452 2437 651 2516 πέφυκε
707 2437 769 2492 τὸ
820 2433 983 2514 ὕδωρ,
1044 2435 1298 2513 παρέλκοι
1364 2434 1425 2491 ἂν
1476 2438 1537 2491 τὸ
1579 2436 1897 2514 πρόσταγμα

244 2526 308 2581 τὸ
361 2524 579 2581 κελεῦο)
637 2530 971 2604 συναχθῆναι
1005 2526 1075 2586 εἰς
1110 2524 1423 2602 συναγωγὴν
1463 2526 1612 2599 μίαν,
1646 2524 1897 2600 ’Ἔμελλε

246 2612 350 2690 γὰρ
407 2612 618 2676 πάντως
669 2609 753 2667 διὰ
796 2613 857 2669 τὸ
902 2610 1228 2691 κατάῤῥοπον
1260 2617 1353 2677 τῆς
1397 2611 1626 2691 φύσεως²
1684 2612 1768 2669 ἐπὶ
1800 2614 1898 2681 τὴν

249 2702 466 2757 πάντων
513 2699 824 2779 κοιλοτέραν
884 2702 1068 2780 χώραν
1164 2700 1472 2774 αὐτομάτως
1550 2698 1894 2775 συνδίδοσθαι,

250 2791 341 2847 καὶ
401 2791 479 2865 μὴ
534 2790 791 2869 πρότερον
864 2792 1151 2861 στήσεσθαι
1223 2791 1340 2859 πρὶν
1413 2788 1762 2858 ὁμαλισθῆναι
1834 2793 1899 2847 τὰ

1986 1798 2184 1864 locum
2206 1812 2376 1865 nacta
2396 1803 2709 1879 est,statim
2738 1812 2798 1863 ut
2834 1804 3182 1884 praacedens
3203 1814 3290 1867 est
3311 1805 3630 1877 concitata,

1984 1908 2053 1955 ea
2069 1911 2200 1973 ηοω
2223 1893 2333 1970 ipsi
2363 1893 2869 1967 cohaeret,sedem
2894 1894 3025 1973 ejus
3048 1913 3181 1974 ηοω
3203 1902 3359 1955 mota
3377 1902 3490 1966 est,
3525 1913 3629 1956 oc-

1983 1990 2178 2060 cupat:
2207 1981 2368 2044 illius
2404 1982 2607 2045 itidem
2633 1982 2830 2045 locum
2856 2001 2926 2044 ea
2953 2002 3086 2064 ηοω
3113 1983 3502 2061 consequitur
3531 2005 3546 2045 :
3573 1989 3632 2044 et

1983 2069 2069 2131 sic
2099 2088 2344 2148 semper
2374 2072 2600 2151 aufugit
2621 2071 2863 2153 quidem
2889 2090 3020 2152 quae
3051 2071 3361 2152 praecedit,
3382 2071 3633 2150 adurget

1983 2176 2123 2220 vero
2144 2178 2280 2237 ηοω
2306 2160 2665 2242 insequitur;
2694 2172 2755 2223 et
2777 2160 3037 2242 impetus
3071 2169 3229 2221 tanto
3252 2161 3314 2221 ﬁt
3339 2159 3625 2234 velocior,

1982 2256 2201 2329 quanto
2248 2250 2503 2331 amplior
2524 2250 2704 2313 fuerit
2739 2250 2997 2329 gravitas
3025 2253 3154 2331 ejus
3177 2269 3307 2331 ηοω
3339 2249 3630 2325 defertur,

1983 2337 2268 2420 lacusque
2281 2338 2354 2401 ad
2373 2358 2549 2422 quem
2567 2340 2631 2401 lit
2646 2339 3038 2419 ﬂuxio,fuerit
3055 2338 3418 2421 depressior.
3432 2338 3632 2421 itaque

1982 2426 2171 2489 sibaec
2206 2435 2298 2490 est
2326 2447 2495 2511 aqua:
2523 2438 3125 2511 natura,praeceptum
3149 2428 3310 2507 quod
3336 2428 3523 2509 ipsam
3538 2430 3635 2508 ju-

1981 2517 2080 2579 bet
2104 2517 2161 2577 in
2187 2536 2365 2580 unam
2396 2520 2529 2597 cogi
2556 2518 2831 2581 collectio
2846 2518 3202 2594 nem,inane
3222 2525 3314 2579 est
3332 2518 3539 2595 utique
3564 2536 3631 2579 ac

1980 2624 2510 2687 supervacaneum.
2566 2610 2712 2671 Nam
2767 2608 3032 2689 profecto
3086 2608 3345 2670 futurum
3382 2614 3511 2669 erat
3539 2615 3626 2687 ut,

1984 2704 2225 2778 propter
2248 2699 2579 2760 naturalem
2613 2716 2779 2760 suam
2810 2698 2883 2759 ad
2920 2697 3039 2761 ima
3073 2697 3624 2779 proclivitatem,atl

1982 2785 2177 2847 locum
2212 2787 2465 2848 maxime
2490 2788 2755 2850 omnium
2790 2787 3080 2850 declivem
3111 2795 3323 2867 sponte
3354 2805 3460 2848 sua
3489 2806 3628 2849 con-

248 2884 416 2941 νῶτα.
453 2877 612 2937 Οὖδὲν
660 2880 760 2956 γὰρ
812 2878 949 2937 οὕτω
1011 2879 1212 2958 χωρίον
1260 2877 1525 2947 ἰσόπεδον,
1578 2880 1650 2943 ὼς
1715 2882 1750 2947 ἡ
1808 2880 1895 2937 τοῦ

1983 2875 2246 2951 cederet,
2276 2893 2336 2939 et
2367 2895 2484 2938 non
2518 2876 2685 2958 prius
2734 2876 2974 2939 stabilis
3023 2885 3424 2957 permaneret,
3451 2894 3627 2957 quam

249 2968 440 3032 ὕδατος
475 2968 780 3047 ἐπιφάνεια.
830 2966 1070 3027 ’Ἔπειτα
1129 2974 1268 3046 πῶς,
1332 2969 1512 3048 φησὶ-ι,
1549 2969 1620 3031 εἰς
1651 2990 1895 3046 συναγω-

1983 2965 2111 3044 ejus
2132 2975 2539 3046 exaequaretur
2558 2967 2932 3048 superﬁcies.
2951 2967 3122 3029 Nulla
3139 2966 3298 3028 enim
3314 2973 3504 3028 exstat
3524 2983 3623 3028 re-

248 3060 353 3135 γὴν
425 3059 551 3127 μίαν
609 3056 894 3125 ἐκελεύσθη
943 3058 1010 3113 τὰ
1080 3054 1242 3114 ὕδατα
1301 3054 1641 3138 συνδραμεῖν,
1700 3057 1895 3136 ὅπουγε

1983 3053 2083 3158 giq
2111 3072 2388 3158 peraeque
2423 3055 2618 3134 plana,
2655 3075 2723 3118 ac
2749 3058 2874 3138 ipsa
2905 3066 2996 3158 est
3039 3075 3208 3137 aquae
3244 3055 3620 3156 superﬁcies.

242 3148 519 3225 φαίνονται
572 3145 767 3204 πολλαὶ
825 3150 971 3204 οὖσαι
1001 3145 1285 3218 θάλασσαι,
1315 3146 1403 3202 καὶ
1434 3145 1687 3203 πλεῖστον
1717 3145 1895 3215 ἀλλή-

1983 3142 2233 3219 Deinde,
2261 3144 2494 3221 inquiet
2516 3146 2672 3226 quis,
2700 3146 2999 3227 quomodo
3014 3147 3194 3223 jussae
3216 3154 3352 3206 sunt
3373 3163 3541 3226 aquae
3561 3145 3622 3206 in

154 3238 163 3244 ’
238 3235 356 3291 λων
410 3237 478 3304 τῆ
534 3235 673 3292 θέσει
724 3233 1117 3313 διωρισμέναις
1170 3237 1301 3313 Πρὸς
1336 3236 1434 3309 μὲν
1480 3238 1566 3290 οὖν
1607 3236 1666 3290 τὸ
1698 3237 1893 3313 πρότε-

1983 3251 2156 3296 unam
2193 3253 2556 3297 concurrere
2578 3235 3167 3309 collectionem,cum
3188 3235 3370 3297 multa
3394 3234 3629 3315 conspi-

235 3347 331 3404 ρον
382 3331 491 3381 τῶν
548 3324 975 3396 ἔπιζητηθέντων
1033 3324 1210 3380 ἒκετνό
1270 3340 1466 3403 φαμεν
1531 3323 1611 3380 ὅτι
1667 3323 1897 3400 μαλιστα

247 3414 349 3486 μὲν
403 3412 467 3469 σὺ
499 3413 635 3487 μετὰ
690 3413 751 3469 τὸ
810 3412 1129 3491 πρόσταγμα
1182 3414 1243 3469 τὸ
1293 3410 1603 3469 δεσποτικὸν
1662 3412 1895 3491 ἐπέγνως

239 3524 272 3558 τ
311 3504 336 3516 “’
396 3500 453 3519 Μ’
676 3503 686 3515 ⁸
871 3503 881 3515 ’
974 3523 995 3542 ρ
1054 3502 1080 3524 "
1294 3523 1313 3533 ι·
1517 3502 1553 3539 ’μ

276 3526 340 3559 ου
394 3519 581 3567 υοατος
637 3525 731 3567 τας
762 3520 1021 3581 κινησειη
1055 3524 1134 3557 οτι
1163 3524 1219 3557 τε
1251 3500 1557 3581 περιῤῥεπες
1621 3502 1742 3578 (70)
1784 3502 1896 3559 ἐστι

247 3606 341 3647 και
400 3590 741 3671 ἀστήρικτον,
792 3592 880 3647 καὶ
935 3594 1064 3669 πρὸς
1108 3591 1174 3646 τὰ
1202 3594 1376 3669 πρανῆ
1408 3594 1494 3646 καὶ
1536 3591 1695 3648 κοῖλα
1737 3591 1895 3671 φέρε-

243 3703 331 3737 ται
390 3682 526 3737 κατὰ
577 3681 750 3759 φύσιν
803 3682 904 3757 πρὸ
946 3681 1133 3738 τούτου
1183 3677 1260 3758 δὲ,
1300 3686 1408 3745 πῶς
1439 3680 1570 3760 εἶχε
1624 3679 1894 3754 δυνάμεως

248 3775 373 3849 πρὶν
428 3770 570 3843 αὖτῷ
640 3771 732 3826 τὸν
793 3769 852 3825 ἐκ
901 3778 993 3827 τοῦ
1045 3770 1454 3850 προστάγματος
1510 3771 1693 3828 τούτου
1737 3770 1893 3849 ἐγγε-

248 3860 425 3916 νέσθαι
484 3856 700 3935 δρόμον,
759 3860 874 3915 οὔτε
929 3857 1071 3923 εἶδες
1129 3861 1309 3929 αὒτὸς,
1346 3859 1464 3915 οὔτε
1490 3856 1689 3922 ἰδόντος
1720 3860 1890 3928 ἧκον-

239 3969 365 4011 σας.
442 3949 649 4014 Νόησον
704 3949 827 4025 γὰρ,
890 3949 969 4004 ὃτι
1004 3955 1135 4005 Θεοῦ
1166 3949 1317 4028 φωνὴ
1350 3948 1553 4027 φύσεώς
1586 3948 1696 4005 ἐστι
1723 3972 1889 4017 ποιη-

243 4038 401 4112 τικὴ,
465 4039 551 4092 καὶ
608 4039 669 4093 τὸ
719 4038 1003 4113 γενόμενον
1066 4038 1185 4093 τότε
1234 4044 1301 4112 τῇ
1360 4038 1524 4093 κτίσει
1584 4039 1893 4115 πρόσταγμα

238 4128 341 4194 τὴν
402 4126 533 4201 πρὸς
629 4126 689 4181 τὸ
760 4126 947 4207 ἐφεξῆς
1029 4126 1339 4184 ἀκολουθίαν
1392 4139 1507 4190 τοῖς
1568 4128 1892 4202 κτιζομένοις

245 4214 580 4294 παρέσχετο.
657 4213 860 4294 Ἦμέρα
961 4218 1044 4272 καὶ
1108 4215 1192 4281 νὺξ
1268 4214 1406 4280 ἅπαξ
1467 4214 1889 4293 ἓδημιουργήθη,

242 4307 333 4362 καὶ
387 4302 441 4368 ἒξ
492 4303 690 4360 ἐκείνου
758 4307 846 4361 καὶ
906 4316 991 4364 νῦν
1051 4304 1289 4375 ἀλλήλας
1347 4301 1746 4384 διαδεχόμεναι,
1807 4308 1894 4362 καὶ

1977 3323 2210 3384 ciantur
2233 3322 2437 3383 maria.
2477 3326 2859 3401 plurimoque
2890 3325 3049 3387 inter
3103 3343 3168 3385 se
3219 3322 3529 3385 intervallo
3558 3341 3628 3384 ac

1980 3412 2094 3473 situ
2126 3411 2466 3490 disparata9
2496 3415 2588 3477 Ad
2626 3414 2681 3474 id
2718 3415 2897 3491 igitur
2919 3414 3074 3495 quod
3096 3413 3290 3493 primo
3312 3411 3621 3493 quaesitum

1979 3499 2528 3582 est,dicimus.quod
2549 3510 2607 3563 tu
2623 3504 2845 3584 optime
2859 3503 3099 3585 quidem
3117 3500 3623 3582 postDominicum

1981 3588 2302 3670 imperium
2332 3601 2555 3651 motum
2587 3610 2656 3672 aq
2669 3611 2756 3654 οω
2779 3592 3151 3673 cognoveris,
3177 3610 3389 3673 aquam
3412 3590 3625 3653 videli-

1981 3687 2076 3740 cet
2106 3697 2342 3759 quoquo
2367 3698 2599 3742 versum
2633 3683 2842 3755 ﬂuere,
2875 3682 3332 3763 instabilemque
3380 3699 3534 3755 esse,
3570 3689 3629 3742 et

1977 3778 2187 3849 suapte
2207 3777 2416 3829 natura
2438 3769 2510 3830 ad
2537 3770 2759 3832 devexa
2783 3780 2842 3833 et
2861 3790 3120 3833 concava
3143 3771 3271 3833 loca
3288 3770 3624 3834 dilabi.Sed

1977 3856 2118 3937 quid
2151 3857 2317 3937 prius
2348 3856 2675 3921 obtinuerit
2707 3859 2942 3941 virium,
2974 3869 3116 3922 ante
3140 3860 3419 3922 nimirum
3448 3878 3625 3941 quam

1976 3965 2185 4008 cursus
2207 3946 2305 4009 hic
2329 3947 2381 4006 ei
2404 3946 2517 4010 isto
2558 3959 2855 4028 praecepto
2881 3950 3312 4029 ingigneretur,
3340 3969 3451 4010 nec
3473 3949 3625 4010 nosti

1978 4035 2128 4116 ipse,
2166 4055 2275 4099 nec
2299 4056 2664 4118 quemquam
2722 4040 2827 4116 qui
2862 4041 3115 4114 noverit,
3150 4039 3390 4102 audisti.
3425 4038 3626 4117 Cogita

1980 4127 2139 4189 enim
2173 4127 2281 4188 Dei
2313 4145 2516 4188 vocem
2551 4137 2776 4191 natura:
2808 4148 2941 4192 esse
2998 4130 3387 4203 effectricem,
3420 4147 3488 4190 ac
3521 4146 3627 4207 per

1979 4225 2337 4297 praeceptum
2362 4216 2535 4290 illud,
2564 4218 2718 4298 quod
2756 4226 3044 4280 creatura).
3090 4220 3291 4281 datum
3329 4226 3469 4279 tunc
3501 4226 3615 4292 est,

1980 4307 2220 4367 modum
2242 4324 2309 4367 ac
2331 4306 2605 4368 ordinem
2626 4310 2841 4371 creatis
2869 4309 3047 4370 rebus
3073 4309 3132 4371 in
3158 4310 3416 4370 futurum
3440 4307 3518 4367 im
3529 4325 3626 4386 po-

247 4391 370 4450 κατ’
428 4394 723 4471 ἰσομοιρίαν
781 4392 1142 4474 διαιρούμεναι
1201 4417 1291 4472 τον
1321 4395 1514 4476 χρόνον
1550 4396 1645 4451 οὐκ
1675 4394 1890 4466 ἀπολή-

1983 4393 2060 4453 ni.
2100 4392 2308 4455 Creata
2331 4404 2472 4456 sunt
2501 4395 2660 4457 enim
2686 4398 2874 4458 semel
2908 4397 3040 4459 dies
3060 4407 3120 4460 et
3142 4416 3256 4459 nox
3281 4420 3303 4469 ;
3331 4406 3387 4458 et
3418 4413 3490 4457 ex
3522 4396 3621 4457 illo

248 4504 454 4561 γουσιν,

327 4662 392 4721 3.
432 4661 766 4740 Συναχθήτω
835 4662 901 4716 τὰ
956 4659 1135 4719 ὕδατα,
1195 4660 1511 4729 Ἐκελεόσθη
1546 4664 1756 4743 τρέχειν
1788 4664 1893 4718 τῶν

243 4749 452 4807 ὑδάτων
480 4749 516 4816 ἡ
574 4750 725 4828 φύσις
776 4748 927 4831 (71),
960 4752 1045 4805 καὶ
1072 4748 1319 4808 οὐδέποτε
1370 4752 1558 4826 κάμνει
1597 4760 1673 4810 τῶ
1718 4775 1889 4831 προσ-

239 4837 481 4917 τάγματι
579 4839 762 4913 ἑκείνῷ
845 4838 1316 4915 κατασπευδομένη
1389 4840 1669 4906 διηνεκῶς.
1728 4852 1892 4900 Τοῦτο

238 4926 294 4983 δὲ
357 4926 523 5004 λέγω,
579 4929 709 5004 πρὸς
781 4929 881 4995 τὴν
946 4930 1105 5006 ῥυτὴν
1134 4929 1346 5007 ἀφορῶν
1374 4935 1481 4985 τῶν
1523 4928 1723 4986 ὑδάτων
1755 4944 1887 5005 μοῖ-

239 5038 365 5095 ραν,
425 5016 502 5074 τὰ
535 5017 633 5090 μὲν
662 5019 762 5097 γὰρ
790 5018 1060 5092 αὐτόματα
1089 5018 1197 5098 ῥεῖ,
1245 5023 1361 5075 οἷον
1408 5021 1473 5075 τὰ
1542 5034 1773 5098 κρηναῖα
1804 5022 1890 5076 καὶ

241 5109 311 5162 τὰ
370 5107 632 5180 ποτάμια·
695 5108 762 5163 τὰ
803 5105 858 5163 δὲ
915 5105 1275 5185 συ).λογιμαῐά
1305 5106 1417 5165 ἐστι
1467 5109 1554 5165 καὶ
1597 5109 1885 5187 ἀπόρευτα.

244 5192 401 5254 Ἀλλ’
460 5194 579 5269 ἐμοὶ
637 5204 723 5255 νῦν
765 5198 882 5277 περὶ
911 5199 1017 5255 τῶν
1047 5199 1354 5277 ὁρμητικῶν
1383 5196 1586 5257 ὑδάτων
1618 5201 1644 5255 δ
1699 5198 1884 5278 λόγος.

330 5446 463 5528 (68)
494 5447 641 5526 Reg.
674 5455 876 5510 sextus
907 5447 1147 5528 εἴρηται,

1980 4492 2281 4544 momento
2314 4484 2489 4544 etiam
2518 4504 2676 4545 nunc
2707 4485 2821 4546 sibi
2852 4488 3102 4549 invicem
3156 4486 3504 4565 succedere,
3556 4504 3625 4547 ac

1978 4571 2035 4631 in
2071 4580 2266 4648 partes
2294 4574 2557 4648 ωηοοιεε
2579 4584 2810 4655 tempus
2842 4576 3106 4639 dividere
3147 4596 3264 4639 non
3317 4576 3621 4638 desinunt.

2058 4661 2116 4723 3.
2155 4662 2623 4741 Congregentur
2644 4682 2840 4744 aqua.
2877 4668 3151 4729 Jussaest
3175 4684 3419 4728 currere
3436 4683 3621 4745 aqua-

1976 4767 2108 4810 rum
2131 4757 2481 4827 natura,nec
2514 4771 2771 4832 unquam
2804 4763 3097 4834 praecepto
3115 4756 3216 4816 illo
3235 4774 3361 4816 eam
3386 4771 3626 4833 semper

1976 4849 2224 4918 urgente
2248 4838 2539 4918 fatigatur.
2568 4840 2688 4901 Hoc
2710 4853 2906 4904 autem
2927 4845 3164 4918 dico,ad
3192 4844 3432 4905 ﬂuidam
3452 4860 3624 4923 aqua-

1974 4947 2106 4989 rum
2141 4936 2362 4989 sortem
2394 4928 2755 5008 respiciens.
2790 4933 2939 4994 Alia:
2964 4933 3204 5014 quidem
3254 4951 3358 4993 sua
3409 4938 3623 5013 sponte

1974 5018 2182 5089 ﬂuunt,
2221 5017 2557 5097 cujusmodi
2602 5027 2742 5081 sunt
2761 5021 3018 5082 fontanae
3039 5032 3093 5084 et
3120 5021 3457 5084 ﬂuviatiles:
3492 5021 3623 5083 alia;

1972 5125 2110 5167 vero
2135 5114 2273 5168 sunt
2303 5106 2638 5171 collectitire
2662 5119 2719 5171 et
2741 5110 3003 5172 stabiles.
3060 5113 3238 5192 Atqui
3296 5129 3453 5173 nunc
3477 5111 3623 5172 mihi

1970 5217 2169 5261 sermo
2184 5208 2271 5261 est
2289 5199 2363 5261 de
2384 5202 2555 5281 aquis
2576 5201 2801 5282 impetu
2824 5204 3080 5285 quodam
3097 5205 3435 5267 commotis.
3462 5205 3623 5266 Con-

1977 5454 2096 5544 πές.
2321 5451 2527 5545 tertius
2556 5450 2959 5545 ὅτιξιεῤῥεπές.
2998 5452 3249 5545 Ibidem“
3280 5452 3451 5516 deest
3510 5454 3621 5511 ἐστι

286 5594 295 5601 ,
332 5527 459 5608 (69)
486 5529 878 5611 δὶοᾷηοξοηοο
908 5527 1053 5611 mss.
1088 5527 1248 5611 Editi
1270 5529 1620 5611 τύχοιηΜοχ
1642 5539 1896 5611 quatuor
1978 5532 2037 5593 in
2067 5527 2246 5611 editis
2282 5549 2295 5593 :
2330 5531 2440 5593 sed
2471 5527 2861 5611 reperitur'in
2896 5553 3040 5595 mss.
3067 5532 3366 5596 omnibus.

249 5624 395 5689 mss.
432 5628 568 5671 cum
590 5608 1077 5689 Βοόιίμεταῤῥδῇ,
1112 5610 1291 5672 bene.
1328 5608 1483 5673 Edili
1513 5608 1770 5689 μεταρῤῇ.

333 5688 463 5770 (70)
483 5691 637 5771 Reg.
672 5690 901 5770 primus
929 5688 1071 5753 cum
1100 5688 1371 5754 Combet‘.
1422 5689 1605 5771 ὅτιπερ
1647 5688 1892 5770 περιῤῥι-

2027 5691 2039 5711 Ι
2061 5612 2180 5692 (71)
2204 5609 2357 5674 Είίἰῑί
2381 5609 2582 5670 ὓδάτων
2613 5616 2784 5692 φύσις,
2820 5617 2897 5677 At
2920 5634 3063 5678 mss.
3115 5615 3281 5678 mum
3313 5614 3514 5672 δδάτων

1976 5714 2153 5770 φυσις.
