4076 6216
272 343 356 407 ss
1384 346 1711 409 HOMILIA
1758 346 1839 409 Iv
1882 343 1961 409 IN
2006 346 2560 410 HEXAEMERON.
2638 310 2639 315 Ν
3564 342 3645 407 se

274 481 494 558 αγωγήν
525 481 673 555 μίαν,
723 475 881 543 ἔδειξὲ
904 476 905 479 “
932 501 1015 537 σοι
1060 478 1138 536 ὅτι
1190 478 1363 536 πολλὰ
1407 484 1473 558 ἦν
1520 481 1655 537 κατὰ
1685 480 1910 548 πολλοὺς

2002 480 2550 561 congregationem.
2588 481 2874 563 plurimas
2902 480 3088 544 fuisse
3116 498 3299 563 aquas
3332 498 3435 561 per
3459 479 3645 543 multa

272 570 467 631 τόπους
517 564 813 645 διῃρημὲνα
857 568 923 623 τὰ
966 566 1149 626 ὕδατα.
1190 570 1256 626 Αἵ
1288 590 1344 626 τε
1374 571 1474 649 γὰρ
1502 577 1606 645 τῷν
1637 573 1773 650 ὁρῶν
1801 595 1910 629 κοι-

2004 570 2135 631 loca
2164 570 2383 633 divisas
2411 570 2521 633 tibi
2543 569 3004 633 indicavit.Nam
3036 572 3324 634 montium
3358 589 3640 648 concava,

265 659 516 739 λότητες,
579 656 801 738 φάραγξι
868 659 1080 734 βαθείας
1135 659 1550 740 ὑπεῤῥηγμέναι,
1605 660 1769 740 εἶχον
1812 668 1910 718 τῶν

2003 659 2311 741 profundis
2342 659 2710 723 convallibus
2740 670 3045 742 perrupta,
3071 660 3428 723 collectitias
3458 679 3646 738 aquas

264 748 471 805 ὑδάτων
530 747 629 815 τὴν
683 744 979 825 συλλογήν,
1017 750 1116 807 Καὶ
1172 750 1390 826 προσέτι
1450 747 1603 806 πεδία
1652 749 1827 808 πολλά
1858 772 1915 807 τε

267 840 355 895 καὶ
406 838 569 895 ῧπτια
625 833 770 892 ωδέν
834 834 953 918 (81)
1009 845 1115 895 τῶν
1174 841 1441 920 μεφίστων
1502 838 1753 918 πελαγῶν
1809 862 1910 897 κα-

266 928 331 985 τα
384 929 447 983 τὸ
490 928 712 1004 μέγεθος
768 922 1083 995 ἀποδέοντα,
1154 930 1240 985 καὶ
1314 927 1546 992 αὐλῶνες
1599 930 1796 1009 μυρίοι,
1829 931 1915 988 καὶ

269 1020 321 1073 αἱ
376 1014 623 1079 κοιλάδες
672 1012 792 1069 κατ’
857 1014 993 1073 ἄλλα
1047 1019 1134 1074 καὶ
1198 1016 1333 1074 ἄλλα
1402 1017 1661 1099 σχήματα
1704 1016 1915 1075 κοιλαι-

268 1108 516 1187 νόμεναι,
571 1107 747 1167 πάντα
802 1108 1005 1165 ὑδάτων
1059 1108 1181 1164 τότε
1239 1106 1663 1188 πεπληρωμένα,
1713 1109 1915 1165 ἀπεκε-

269 1197 412 1262 νώθη
468 1205 545 1271 τῷ
596 1200 718 1273 θείῳ
775 1199 1143 1277 προστέγματι
1172 1246 1187 1276 ,
1240 1199 1369 1274 πρὸς
1419 1201 1541 1272 μίαν
1603 1197 1915 1276 συναγωγὴν

267 1292 362 1342 τοῦ
420 1289 758 1369 πανταχόθεν
811 1286 997 1348 ὕδατος
1071 1286 1495 1352 συνελασθὲντος.
1564 1289 1661 1346 Καὶ
1730 1285 1915 1362 μηδεὶς

265 1372 491 1452 λεγέτω,
550 1376 655 1452 ὅτι,
709 1376 877 1455 Εἴπερ
905 1375 971 1444 ἦν
1000 1375 1135 1455 ὕδωρ
1190 1375 1369 1432 ἐπάνω
1398 1384 1496 1444 της
1531 1381 1655 1457 γῆς,
1703 1377 1913 1440 πάντως

266 1470 441 1521 πᾶσαι
504 1470 555 1522 αἱ
611 1468 948 1547 κοιλότητες,
998 1467 1051 1522 αἱ
1081 1473 1173 1523 νᾶν
1213 1466 1313 1533 τὴν
1369 1466 1638 1525 θάλασσαν
1667 1463 1915 1531 ὑποδεξὶ-

266 1574 446 1633 μενοι,
499 1554 917 1632 πεπληρωμέναι
974 1557 1245 1637 ὑπῆρχον.
1312 1563 1415 1613 Ποῦ
1475 1559 1642 1613 τοίνυν
1688 1554 1914 1631 ἔμελλον

262 1643 496 1720 γίνεσθαί
544 1651 651 1701 τῶν
704 1643 907 1703 ὑδάτων
953 1647 1004 1702 αἱ
1034 1645 1290 1723 συλλογαὶ
1327 1644 1477 1719 (82),
1513 1645 1913 1725 προκατειλημ-

262 1734 443 1809 μένων
489 1736 594 1793 τῶν
656 1734 876 1818 κοίλων,
925 1737 1061 1812 Πρὸς
1118 1733 1181 1801 δὴ
1228 1743 1383 1792 τοῦτο
1415 1735 1657 1812 ἐροῦμεν,
1692 1732 1915 1789 δ’τιτὸτε

2000 749 2403 813 continebant.
2456 751 2607 824 Quin
2639 758 2698 813 et
2743 750 2937 831 campi
2969 749 3160 825 multi,
3206 749 3369 830 iique
3419 748 3642 829 supini,

1999 840 2147 902 nihil
2181 840 2457 901 maximis
2482 839 2703 921 pelagis
2724 840 3129 920 magnitudine
3161 838 3647 919 impares,etval-

1999 930 2086 991 les
2116 929 2896 1013 innumeraa,convallesque
2924 929 3055 991 aliis
3084 937 3142 991 et
3172 928 3309 990 aliis
3331 928 3525 990 modis
3546 946 3649 989 ex-

1999 1028 2375 1101 cavatae,quae
2400 1020 2599 1081 omnia
2620 1027 2759 1081 tunc
2782 1020 2953 1099 aquis
2972 1017 3650 1100 replebantur,przecep-

2004 1117 2058 1169 to
2091 1108 2296 1172 divino
2326 1117 2604 1172 evacuata
2637 1118 2795 1183 sunt,
2850 1128 3003 1190 aqua
3033 1107 3340 1170 undelibet
3370 1106 3429 1168 in
3463 1125 3640 1168 unam

2000 1200 2518 1279 congregationem
2548 1199 3045 1261 conveniente.Et
3068 1218 3241 1259 nemo
3272 1196 3431 1258 dicat
3458 1195 3646 1258 omni-

2002 1307 2077 1349 no
2100 1306 2348 1351 necesse
2371 1290 2581 1369 esse,si
2605 1307 2757 1368 aqua
2782 1297 2955 1350 teme
2980 1294 3646 1368 superstaret,cavaom-

2002 1377 2097 1439 nia
2118 1396 2253 1459 quae
2273 1387 2411 1439 tunc
2436 1378 2677 1459 pelagus
2700 1377 3234 1458 suscepere.fuisse
3264 1375 3644 1447 referta.Quo

2000 1464 2482 1547 igitur,concavis
2508 1469 2631 1547 jam
2653 1468 2979 1548 occupatis,
3021 1466 3360 1528 collectum
3391 1483 3455 1526 se
3476 1473 3646 1525 erant

2000 1564 2198 1637 aqua)?
2214 1557 2302 1619 Ad
2323 1557 2435 1619 hoc
2464 1576 2607 1619 sane
2630 1556 3487 1638 respondebimus,praaparata
3509 1567 3646 1616 tunc

2000 1646 2181 1709 fuisse
2240 1647 2640 1728 receptacula,
2692 1666 2827 1708 cum
2858 1648 2950 1707 56
2977 1663 3186 1727 aquam
3249 1652 3552 1725 oporteret
3585 1643 3644 1705 in

2001 1754 2181 1796 unam
2216 1737 2452 1799 secerni
2487 1736 3232 1817 coacervationem.Neque
3255 1734 3413 1795 enim
3440 1733 3649 1795 eratil-

260 1827 351 1882 καὶ
383 1828 448 1883 τὰ
480 1827 676 1907 ἀγγεῖα
722 1824 1241 1904 συγκατεσκευάσθη,
1276 1823 1356 1880 ὅτι
1405 1822 1510 1880 ἕλει
1558 1825 1681 1898 μίαν
1725 1824 1910 1879 σύστα-

2003 1824 2101 1887 lud
2136 1826 2293 1901 quod
2325 1836 2417 1887 est
2448 1832 2617 1889 extra
2638 1825 2829 1889 Gades
2860 1810 3248 1906 mare,neque
3269 1842 3539 1902 magnum
3566 1822 3643 1883 il-

265 1935 361 1971 συν
421 1916 773 1997 ἀποκριθῆναι
801 1916 864 1971 τὸ
919 1912 1079 1993 ὕδωρ.
1116 1916 1187 1971 Οὔ
1230 1914 1329 1992 γὰρ
1360 1913 1425 1981 ἦν
1456 1916 1489 1981 ἡ
1524 1912 1624 1979 ἔξω
1656 1910 1915 1989 Γαδείρων

268 2003 527 2062 θάλασσα·
590 2004 709 2064 οὑδὲ
756 2006 820 2063 τὸ
880 2004 1020 2081 μέγα
1076 2003 1252 2060 ἐκεῖνο
1297 2005 1383 2060 καὶ
1417 2002 1720 2078 ἀτόλμητον
1762 2000 1915 2057 πλω⁸

272 2099 427 2172 τῆρσι
452 2095 706 2174 πέλαγος,
767 2096 827 2151 τὸ
883 2093 982 2161 τὴν
1041 2093 1391 2172 Βρεττανικην
1450 2093 1609 2161 νῆσον
1664 2090 1912 2153 καὶτοὺς

269 2186 537 2264 ὶσπερίους
591 2184 825 2265 ’Ἴϐηρας
882 2183 1388 2261 περιπτυσσόμενον’
1456 2180 1593 2239 ἀλλὰ
1642 2181 1763 2237 τότε
1812 2184 1911 2247 τῆς

268 2275 596 2354 εὒρυχωρίας
672 2282 750 2351 τῷ
806 2273 1178 2351 προστάγματι
1254 2271 1346 2329 τοῦ
1398 2280 1528 2330 Θεοῦ
1575 2269 1912 2349 δημιουργη-

264 2362 471 2437 θείσης,
532 2362 616 2420 ἔπ’
672 2364 834 2432 eam
895 2361 1140 2428 συνεδόθη
1204 2363 1307 2418 τῶν
1365 2360 1563 2417 ὑδάτων
1606 2361 1671 2416 τὰ
1703 2362 1907 2429 πλήθη,

268 2454 406 2531 Πρὸς
463 2452 516 2509 δὲ
574 2455 659 2532 τὸ,
705 2454 784 2510 ὅτι
822 2453 1144 2515 ὑπεναντίως
1178 2452 1294 2532 ’ἔχει
1326 2454 1394 2527 τῇ
1422 2454 1576 2530 πείρα
1606 2453 1633 2508 ὁ
1662 2456 1759 2517 τῆς
1788 2446 1916 2528 παρ’

263 2544 405 2617 ἡμῖν
443 2544 792 2609 κοσμοποιίας
836 2541 999 2621 λόγοι
1063 2540 1147 2621 (οὗ
1203 2544 1300 2620 γὰρ
1352 2543 1424 2604 εἷς
1493 2542 1616 2617 μίαν
1669 2560 1914 2615 συναγω-

263 2632 366 2708 γὴν
437 2628 639 2689 ὑδάτων
708 2632 768 2689 τὰ
841 2630 977 2710 ὕδωρ
1046 2629 1186 2688 ἄπα»
1245 2631 1481 2711 φαίιεται
1564 2627 1904 2708 συνδραμὸν),

267 2718 439 2779 πολλᾶ
490 2722 590 2796 μὲν
633 2720 775 2779 ἔστιν
832 2723 1025 2794 εἰπεῖν,
1069 2722 1157 2778 καὶ
1189 2727 1348 2776 πᾶσιν
1381 2719 1592 2777 αὗτόθεν
1638 2719 1902 2798 γνώριμα’

264 2812 477 2880 μήποτε
519 2808 573 2866 δὲ
602 2813 691 2869 καὶ
724 2814 785 2869 τὸ
829 2810 1185 2891 διαμάχεσθαι
1215 2824 1333 2871 τοῖς
1375 2810 1632 2875 τοιούτοις
1661 2807 1900 2886 γελοῖον.

263 2900 335 2957 Οὐ
391 2897 561 2969 δήπου
610 2902 710 2980 γὰρ
758 2903 845 2958 καὶ
897 2902 963 2958 τὰ
1015 2900 1361 2978 τελματιαϊα,
1397 2901 1484 2957 καὶ
1515 2901 1578 2955 τὰ
1608 2898 1659 2964 ἐξ
1690 2896 1902 2977 ὄμϐρων

1998 1914 2098 1975 lud
2124 1923 2182 1976 et
2211 1915 2573 1976 horrendum
2610 1916 2937 1993 navigantis
2968 1920 3206 1993 pelagus
3237 1963 3252 1992 ,
3306 1912 3463 1992 quod
3502 1913 3641 1975 Bri-

1998 2004 2293 2067 tannicam
2326 2004 2578 2066 insulam
2606 2014 2663 2066 et
2686 2004 3088 2067 occidentales
3112 2004 3402 2083 Hispanos
3432 2001 3637 2063 ambit:

1997 2094 2101 2154 sed
2132 2101 2512 2176 posteaquam
2542 2095 2648 2158 Dei
2680 2094 2954 2156 mandato
2988 2094 3319 2156 instructus
3347 2100 3436 2153 cst
3478 2091 3644 2151 locus

1996 2183 2423 2265 amplissimus,
2454 2193 2594 2247 tunc
2626 2185 2683 2245 in
2717 2185 2908 2265 ipsum
2938 2203 3002 2247 se
3033 2201 3317 2263 recepere
3357 2196 3642 2262 aquarum

1995 2272 2304 2353 c0piaa.Ad
2332 2274 2443 2337 hoc
2474 2283 2697 2350 autem,
2731 2275 2890 2353 quod
2923 2281 3121 2336 nostra
3148 2274 3223 2334 de
3258 2270 3465 2333 mundi
3499 2269 3637 2351 opi-

1996 2364 2129 2425 ficio
2152 2365 2447 2427 sententia
2459 2365 2838 2443 experientiae
2857 2363 3463 2443 adversetur(constat
3480 2360 3638 2422 enim

1999 2472 2118 2515 non
2152 2453 2209 2514 in
2249 2472 2424 2516 unam
2456 2462 2976 2534 congregationem
3005 2472 3215 2535 aquam
3240 2469 3477 2514 omnem
3502 2469 3643 2512 con-

1998 2543 2498 2617 currisse),multa
2528 2544 2728 2608 dicere
2779 2545 2942 2619 licet,
2978 2562 3168 2624 eaque
3228 2540 3507 2602 omnibus
3539 2557 3646 2620 per

1997 2652 2063 2695 se
2094 2642 2252 2694 nota.
2288 2631 2405 2695 Sed
2440 2632 2691 2695 fortasse
2745 2635 2925 2696 etiam
2970 2652 3105 2696 cum
3159 2630 3374 2693 talibus
3414 2637 3642 2691 certare

1991 2721 2311 2783 ridiculum
2344 2730 2453 2784 est.
2482 2720 2763 2804 Nunquid
2796 2722 3017 2786 debent
3050 2721 3345 2803 palustres
3370 2724 3645 2801 aquas,et

1992 2814 2091 2873 ea‘s
2124 2829 2256 2892 quae
2284 2829 2353 2873 ex
2385 2809 2679 2874 imbribus
2705 2821 3118 2892 aggregantur,
3158 2809 3332 2871 nobis
3365 2825 3640 2889 oppone-

1988 2908 2262 2981 re,atque
2291 2899 2665 2975 arbitrari,se
2700 2912 2961 2964 nostram
2987 2900 3345 2963 sententiam
3378 2915 3491 2979 Ope
3517 2897 3645 2960 illa-

262 2990 701 3067 συναθροιζόμεναι
757 2991 1035 3071 προφέρειν
1109 2994 1246 3063 ἡμῖν
1306 2989 1594 3069 ὀφείλουσι,
1662 2989 1749 3045 καὶ
1819 2985 1902 3044 διὰ

2000 3010 2117 3053 rum
2140 2989 2445 3051 refellere?
2470 2989 2787 3053 Enimvero
2816 2992 3137 3053 maximum
3162 2987 3636 3069 amplissimum-

258 3079 459 3135 τούτων
490 3082 581 3135 τὸν
610 3078 785 3157 λόγων
837 3082 990 3156 ἡμῶν
1038 3079 1281 3159 ἐλέγχειν
1336 3082 1564 3152 οἱεσθαις
1591 3076 1767 3139 Ἀλλᾶ
1794 3077 1893 3166 την

2000 3097 2382 3166 [ueaquarum
2399 3099 2758 3144 concursum
2775 3081 3290 3160 congregationem
3305 3097 3484 3140 unam
3496 3096 3645 3138 nun-

259 3169 522 3245 μεγίστην
574 3170 661 3226 καὶ
716 3167 1049 3237 τελεωτάτην
1112 3168 1238 3250 (83)
1273 3166 1559 3247 ςυνδρομὴν
1625 3166 1728 3223 τῶν
1769 3163 1896 3222 ὓδέ-

2000 3163 2388 3251 Ξιιρεινίῑ.Νειηι
2417 3171 2997 3250 putei,collectiones
3017 3188 3301 3253 aquarum
3338 3176 3476 3231 sunt
3510 3185 3641 3229 ma—

260 3263 369 3314 τῶν
423 3258 670 3335 ὠνόμασε
727 3259 1041 3339 συναγωγὴν
1098 3263 1243 3334 μίαν.
1308 3261 1405 3316 Καὶ
1447 3258 1545 3335 γὰρ
1575 3257 1640 3312 τὰ
1671 3256 1899 3337 φρέατα-

260 3349 561 3426 συναγωγαὶ
604 3346 800 3404 δδάτων
849 3350 947 3404 εἶσὶ
1002 3348 1400 3429 χειροποίητσι,
1432 3347 1519 3403 ἐπὶ
1575 3348 1634 3402 τὸ
1678 3351 1902 3402 κοιλαν-

261 3438 347 3493 θέν
378 3442 475 3504 τῆς
507 3442 609 3515 γῆς
672 3437 768 3505 τῆς
827 3436 1222 3516 ἐνεσπαρμένης
1280 3435 1480 3501 νοτίδος
1542 3434 1903 3515 ἐπιρρεούσης,

263 3528 338 3584 Οὔ
386 3527 557 3583 τοίνυν
610 3528 675 3583 τὰ
729 3526 963 3607 τυχόντα
1013 3532 1119 3583 τῶν
1173 3524 1372 3583 ὕδάτων
1401 3526 1725 3604 ἀθροίσματα
1754 3526 1787 3593 ἡ
1819 3524 1914 3591 τῆς

264 3620 579 3693 συθαγωγῆς
617 3615 745 3695 (84)
775 3616 1015 3696 ἐμφαίνει
1070 3617 1428 3695 προσηγορία,
1473 3613 1611 3672 ἀλλὰ
1666 3617 1767 3681 τὴν
1825 3612 1913 3679 ἐξ·

262 3704 495 3785 ἔχουσαν
545 3707 629 3763 ριαὶ
665 3706 945 3785 μεγίστην,
978 3705 1030 3763 ἒν
1066 3705 1102 3783 ᾗ
1131 3713 1232 3763 πᾶν
1276 3707 1336 3761 τὺ
1379 3719 1659 3786 στοιχεῖον
1692 3705 1913 3781 ἀθρόον-

262 3793 638 3858 διαδείκνυται.
670 3794 895 3876 ’Ὥσπερ
942 3797 1042 3876 γὰρ
1097 3798 1157 3853 τὸ
1199 3805 1299 3875 πῦρ
1352 3798 1438 3852 καὶ
1496 3798 1568 3859 εἰς
1622 3796 1783 3875 μικρὰ
1812 3817 1915 3851 κα-

262 3886 812 3964 τακεκερματισμὲνον
873 3885 1012 3942 ἰστὶν
1066 3885 1156 3942 ἐπὶ
1222 3887 1322 3952 τῆς
1370 3883 1473 3941 ὦδε
1531 3886 1772 3965 χρείας,
1831 3881 1917 3940 καὶ

261 3975 446 4052 ἀθρόον
480 3973 565 4031 ἕπὶ
596 3982 684 4032 τοῦ
714 3975 914 4053 αἰθέρος
978 3974 1225 4054 κέχυται·
1290 3975 1377 4030 καὶ
1437 3975 1465 4030 ὀ
1513 3975 1617 4052 ἆηρ
1673 3972 1916 4049 διῄρηται

260 4064 360 4139 μὲν
408 4065 496 4119 καὶ
546 4065 680 4120 κατὰ
727 4066 930 4144 μικρὰ,
990 4066 1074 4120 καὶ
1128 4065 1329 4142 ἁθρόως
1390 4063 1445 4119 δὲ
1502 4066 1592 4120 τὸν
1653 4065 1916 4143 περίγειον

259 4152 633 4233 ἱκπεριείληφε
665 4155 848 4210 τόπον·
896 4153 1034 4211 οὕτω
1090 4155 1177 4210 καὶ
1216 4153 1301 4209 ἐπὶ
1357 4160 1449 4210 τοῦ
1492 4151 1706 4232 ὕδατος,
1755 4153 1916 4209 εἶκαὶ

259 4244 445 4316 μικραί
495 4264 633 4306 τινες
692 4244 790 4298 εἶσι
850 4240 1165 4322 διῃρημέναι
1219 4243 1524 4317 συστάσεισ,
1560 4241 1698 4298 ἀλλὰ
1731 4248 1824 4318 μία
1856 4242 1916 4318 γε

1987 3262 2401 3334 nufactaa,cum
2418 3259 2477 3321 in
2495 3270 2754 3322 cavatam
2785 3270 2960 3324 terrae
2984 3271 3208 3342 partem
3226 3262 3444 3322 humor
3470 3259 3522 3320 ei
3550 3257 3639 3318 in-

1988 3369 2231 3433 spersus
2263 3347 2612 3413 inﬂuit.Non
2648 3369 2787 3431 ergo
2815 3370 2963 3432 quos
2999 3352 3145 3413 libet
3174 3367 3458 3431 aquarum
3490 3366 3637 3409 coa-

1993 3441 2362 3504 cervationes
2395 3443 2868 3521 congregationis
2893 3441 3209 3523 appellatio
3246 3439 3489 3511 indicat,
3538 3437 3640 3499 sed

2001 3530 2357 3613 praecipuam
2392 3538 2450 3593 et
2477 3532 2819 3612 maximam,
2847 3533 2904 3594 in
2925 3551 3039 3613 qua
3064 3538 3247 3594 totum
3277 3530 3639 3591 elementum

1998 3630 2405 3683 coacervatum
2427 3621 3295 3694 ostenditur.Quemadmodum
3314 3618 3472 3680 enim
3488 3617 3641 3697 ignis

2000 3720 2058 3772 et
2086 3709 2147 3771 in
2180 3708 2437 3770 minutas
2471 3717 2665 3790 partes
2698 3731 2805 3791 pao
2839 3720 3040 3773 nostro
3066 3731 3175 3773 usu
3203 3709 3496 3771 dissectus
3521 3716 3639 3783 est,

2002 3808 2060 3862 et
2085 3799 2403 3861 acervatim
2430 3798 2489 3860 in
2521 3800 2747 3862 aethere
2778 3800 3048 3883 diffusus;
3074 3805 3212 3863 item
3243 3798 3636 3881 quemadmo-

2001 3890 2140 3952 dum
2165 3907 2270 3951 aer
2285 3888 2509 3950 divisus
2532 3890 2769 3970 quidem
2796 3900 2885 3951 est
2907 3891 2967 3952 in
2992 3890 3233 3970 exiguas
3257 3895 3643 3970 partes,etta-

2002 3997 2137 4041 men
2160 3979 2494 4058 adjacentia
2517 3978 2711 4041 telluri
2744 3980 2871 4042 loca
2891 3982 3201 4044 acervatim
3228 3976 3645 4057 occupavitzita

2002 4067 2132 4129 etin
2159 4086 2311 4148 aqua
2333 4071 2566 4129 tametsi
2585 4086 2781 4149 parva;
2803 4070 3070 4151 quadam
3095 4067 3482 4131 collectiones
3505 4066 3640 4126 fue-

1999 4168 2137 4217 runt
2163 4164 2681 4239 separataa,tamen
2714 4178 2832 4222 una
2849 4169 2939 4222 est
2968 4158 3370 4236 congregatio,
3402 4174 3531 4237 quae
3546 4164 3640 4217 to-

2003 4255 2124 4308 tum
2144 4266 2175 4309 a
2191 4247 2423 4310 caeteris
2449 4257 2719 4328 segregat
2741 4248 3279 4312 elementum.Nam
3303 4257 3507 4325 stagna
3523 4254 3641 4305 tum

258 4330 369 4388 ἐστι
402 4332 682 4410 συναγωγὴ
714 4331 840 4413 (85)
907 4335 937 4400 ἦ
986 4334 1045 4389 τὸ
1077 4330 1202 4389 ὅλον
1237 4347 1513 4412 στειχεϊον
1564 4337 1670 4388 τῶν
1714 4331 1910 4389 λοιπῶν

2001 4354 2069 4397 ea
2091 4356 2222 4417 quae
2242 4337 2311 4397 ad
2338 4344 2533 4416 partes
2553 4339 3056 4417 septentrionales
3090 4339 3201 4400 sita
3234 4346 3396 4408 sunt,
3425 4344 3547 4398 tum
3574 4352 3645 4394 ea

257 4420 617 4498 ἀποκρίνουσα
672 4421 823 4501 (86).
871 4424 932 4479 Αἱ
963 4422 1059 4496 μὲν
1089 4422 1188 4499 γαρ
1232 4419 1411 4497 λίμναι
1443 4443 1497 4477 τε
1550 4422 1685 4478 κατὰ
1713 4422 1776 4477 τὰ
1808 4420 1904 4495 μὲ-

262 4531 329 4584 ρη
382 4514 481 4575 τῆς
529 4508 742 4588 ἄρκτου,
791 4511 878 4567 καὶ
935 4510 1053 4567 ὅσαι
1099 4512 1215 4587 περὶ
1290 4511 1383 4566 τὸν
1436 4509 1752 4577 Ἐλληνικόν
1810 4511 1908 4567 εἱσι

260 4598 449 4672 τόπον,
501 4598 598 4666 τὴν
646 4621 703 4655 τε
765 4598 1112 4673 Μακεδονίαν,
1144 4601 1232 4655 καὶ
1282 4601 1381 4666 τὴν
1424 4602 1651 4660 Βιθυνῶν
1695 4607 1902 4681 χῷραν,

260 4690 345 4743 καῖ
391 4689 490 4755 τὴν
557 4688 924 4746 Παλαιστίνων
969 4689 1321 4769 κατέχουσαι,
1356 4692 1661 4769 συναγωγαί
1694 4691 1791 4747 εἶσι
1822 4688 1913 4757 δη-

260 4775 462 4834 λονότι⁶
520 4775 658 4833 ἀλλὰ
706 4785 792 4834 νῦν
840 4780 956 4857 περὶ
1007 4786 1103 4850 τῆς
1165 4779 1421 4856 μεγίστης
1457 4780 1681 4836 ἀπασῶν
1712 4781 1796 4835 καὶ
1836 4785 1912 4851 τῷ

262 4865 474 4944 μεγέθει
532 4871 630 4934 τῆς
695 4866 794 4945 γῆς
852 4866 1247 4946 παρισουμένης
1307 4871 1334 4923 ὁ
1389 4868 1570 4946 λόγος,
1603 4867 1717 4931 "Ac
1765 4868 1908 4935 πλῆ-

260 4954 488 5035 θος(87)
515 4955 613 5031 μὲν
644 4956 799 5037 ἔχειν
824 4955 1009 5023 ὕδατος
1036 4955 1201 5021 οὐδεὶς
1235 4958 1469 5036 ἀντερεῖ,
1493 4958 1553 5016 οὗ
1583 4982 1689 5034 μην
1718 4958 1909 5016 θαλασο

338 5123 466 5201 (81)
500 5122 589 5186 Ita
606 5141 709 5187 sex
743 5142 888 5187 mss.
925 5124 1083 5187 Editi
1111 5125 1247 5186 οὔδε.

338 5123 431 5201 (81
500 5123 589 5186 Ita
606 5141 709 5187 sex
743 5142 888 5187 mss.
925 5124 1083 5187 Editi
1111 5125 1247 5186 οὔδε.

335 5123 467 5298 (82Ξ
496 5204 677 5298 Regii
701 5205 965 5298 quintus,
989 5214 1194 5298 sextus
1223 5214 1284 5298 et
1311 5216 1553 5270 octavus
1573 5207 1909 5298 baiﬂ'tmv‘c‘uv-

254 5285 488 5366 “W111.
525 5285 836 5349 Editicum
860 5285 996 5349 aliis
1023 5285 1382 5366 quibusdam
1428 5305 1570 5350 mss.
1604 5290 1655 5344 αἱ
1708 5286 1903 5345 συλλο-

253 5366 463 5525 γειἳ83)
499 5446 728 5510 Omnes
781 5448 905 5511 fere
964 5465 1108 5510 mss.
1144 5468 1279 5511 cum
1311 5448 1571 5511 editione
1605 5447 1785 5510 Basil.
1819 5450 1906 5505 καὶ

254 5525 621 5626 τελεωτάτην.
656 5527 849 5591 Editio
889 5529 1079 5590 Paris.
1129 5548 1263 5592 cum
1294 5532 1446 5610 Reg.
1484 5526 1658 5591 tertio
1702 5527 1906 5586 τελειο-

258 5627 459 5770 uigil
488 5691 641 5769 Res.
673 5690 919 5769 Primus
939 5693 968 5747 ὁ
1000 5696 1100 5758 τῆς
1130 5700 1254 5767 μιᾶς
1285 5713 1474 5770 σθναγ·
1503 5687 1717 5752 statim
1746 5686 1907 5751 idem

248 5770 437 5831 codex
471 5770 762 5852 ὶξέχουσαν
797 5774 884 5830 καὶ
910 5772 1137 5850 ἆριστην
1170 5773 1224 5830 ἐν

1999 4426 2339 4506 qnaejacent
2355 4427 2514 4488 circa
2537 4428 2877 4489 Graecorum
2902 4436 3294 4502 tractum,tum
3310 4428 3649 4504 quaeMace-

1992 4514 2231 4576 doniam
2251 4535 2320 4576 ac
2334 4514 2721 4597 Bithynorum
2747 4517 3300 4597 Palestinorumque
3334 4514 3643 4594 regionem

1991 4602 2260 4667 obtinent
2314 4614 2473 4679 sunt,
2529 4605 2767 4687 quidem
2822 4606 3333 4686 congregationes:
3361 4605 3464 4667 sed
3491 4623 3646 4665 nunc

1997 4694 2073 4755 de
2092 4711 2160 4754 ea
2175 4712 2307 4775 qua:
2326 4695 2592 4757 omnium
2621 4697 2877 4757 maxima
2896 4704 3269 4777 ust,quazque
3297 4692 3648 4774 magnitudi-

1998 4800 2073 4843 ne
2089 4782 2284 4844 telluri
2300 4784 2544 4863 aequalis
2564 4786 2935 4865 est,habetur
2958 4784 3426 4865 sermo.Copiam
3445 4792 3640 4845 autem

1996 4869 2055 4931 in
2078 4871 2195 4933 illis
2217 4874 2511 4933 contineri
2534 4892 2820 4955 aquarum
2837 4875 3072 4952 negabit
3096 4892 3419 4947 nemo,nec
3443 4880 3640 4933 tamen

1994 4960 2307 5041 quisquam
2327 4980 2426 5023 eas
2438 4981 2697 5041 congrua
2709 4964 3104 5045 appellatione
3128 4962 3313 5024 maria
3327 4961 3640 5043 vocaverit,

2071 5130 2205 5207 (85)
2235 5130 2404 5210 Regii
2434 5132 2679 5207 quintus
2709 5140 2765 5195 et
2785 5140 2985 5195 sextus
3012 5133 3151 5190 ἐστὶν
3180 5133 3393 5210 ἀγωγή.

2071 5211 2195 5294 (86)
2226 5212 2307 5273 Ita
2337 5229 2478 5294 mss.
2515 5212 2779 5294 quinque
2824 5233 2955 5274 com
3005 5212 3276 5277 Combef.
3312 5210 3468 5275 Editi
3501 5230 3635 5294 cum

1992 5291 2157 5353 Colb.
2204 5292 2462 5373 secundo
2512 5291 2856 5372 ἀῐποκρῖνκσκ.
2914 5298 3047 5357 Mox
3075 5294 3220 5373 Reg.
3255 5299 3460 5355 sextus
3489 5292 3546 5348 αἵ
3580 5314 3637 5349 τε

1985 5373 2119 5427 κατὰ
2154 5371 2311 5449 μέρος
2342 5373 2461 5440 τῆς.

2068 5451 2191 5535 (8_7)
2228 5449 2629 5535 Edit_io_Basil.
2666 5461 2724 5535 et
2763 5454 2962 5535 Bodl.,
2993 5462 3051 5515 et
3082 5454 3179 5516 alii
3213 5453 3451 5535 plurimi
3487 5471 3634 5515 mss.

1989 5531 2047 5596 ἃς
2078 5529 2302 5599 πλῆθος.
2336 5529 2527 5615 Ediliq
2555 5532 2738 5595 Paris.
2770 5534 2972 5597 ἐκείνας
2994 5536 3049 5592 δὲ
3080 5529 3634 5615 πλῆθοςΑίὶῳωιιιο

1995 5620 2329 5754 pgstaiziss.
2378 5611 2650 5694 plerique
2683 5633 2891 5676 omnes
2941 5616 3206 5680 θαλάσσας
3239 5638 3323 5696 γε.
3358 5611 3542 5676 Abest
3570 5636 3631 5692 γε

1995 5708 2026 5752 a
2095 5708 2129 5753 ο
2174 5709 2295 5754 Its.

1990 5708 2064 5752 80
2095 5708 2295 5755 cuius.
