4076 6216
597 302 675 367 99

1928 299 1986 364 S.
2037 294 2311 365 BASILII
2359 293 2598 362 MAGNI

3809 295 3899 362 100

595 432 862 514 rum,qui
887 432 1098 513 partim
1123 429 1374 512 parandi
1399 429 1518 493 cibi
1535 429 1963 511 gratia,partim
1985 432 2059 493 ob
2091 432 2220 494 alia:

2320 433 2404 489 ἐπὶ
2462 434 2641 489 σιτίων
2699 435 2785 488 καὶ
2844 440 2947 488 τῶν
3002 435 3137 490 κατὰ
3193 435 3285 492 τὰς
3337 433 3520 512 χρείας
3565 432 3696 504 αύτῷ
3721 432 3897 509 1:903:8-

595 523 982 586 necessitates
1018 522 1128 600 ipsi
1155 527 1394 582 astant:
1450 537 1600 600 quos
1649 519 1788 580 dum
1827 529 1886 582 et
1906 521 2139 600 abiens,
2175 531 2231 580 et

593 613 807 675 iterum
841 611 930 671 42
961 610 1203 671 rediens
1236 626 1440 670 secum
1476 609 1678 684 trahit,
1713 610 1772 669 in
1804 629 1870 671 se
1899 629 2228 671 occurren-

594 701 742 763 tium
767 702 1026 761 concitat
1054 698 1327 758 invidiam
1345 696 1534 758 .Adde
1559 698 1776 758 divitiis
1798 700 1972 760 etiam
1998 699 2228 760 civilem

591 790 847 870 aliquam
885 795 1264 866 potestatem,
1299 796 1404 848 aut
1435 787 1607 848 etiam
1662 787 1891 849 delatos
1930 807 1962 848 ει
1995 786 2234 865 regibus

590 878 872 956 honores,
897 883 1001 936 aut
1019 875 1287 955 gentium
1312 874 1831 952 gubernationem,
1867 887 1967 937 aut
1996 879 2232 938 exerci-

592 975 753 1026 tuum
787 964 1106 1045 imperium
1143 985 1157 1025 :
1197 981 1531 1044 praeconem
1561 983 1770 1044 magna
1801 983 1947 1028 voce
1978 974 2114 1026 ante
2146 967 2234 1043 ip-

590 1073 717 1116 sum
747 1055 1102 1116 clamantem
1132 1074 1146 1113 :
1184 1054 1430 1114 lictores
1462 1053 1602 1114 hinc
1627 1062 1686 1115 et
1715 1054 1856 1116 inde
1878 1054 2136 1116 subditis
2166 1056 2233 1114 ti-

591 1163 817 1206 morem
851 1144 1261 1222 gravissimum
1298 1143 1630 1204 inferentes
1664 1164 1677 1202 :
1707 1144 1928 1224 plagas,
1959 1143 2228 1223 publica-

591 1234 782 1294 tioncs
805 1231 1628 1311 honorum,exsi|ia,vincula:
1659 1251 1690 1293 e
1709 1233 1922 1312 quibus
1943 1233 2225 1294 intulera-

590 1323 722 1385 bilis
752 1323 850 1382 ille
880 1321 1288 1401 subjectorum
1323 1328 1517 1382 metus
1547 1321 2064 1394 concrescit.Quid
2090 1341 2226 1382 vero

590 1427 724 1494 post
754 1413 894 1473 hoc?
918 1411 1045 1474 Una
1067 1419 1311 1484 nox,aut
1333 1429 1448 1470 una
1483 1409 1798 1484 febris,aut
1831 1411 2224 1489 pleuritis,aut

592 1502 890 1583 pulmonis
913 1499 1491 1579 inﬂammatio,hunc
1524 1499 1826 1561 hominem
1862 1519 1930 1561 ex
1964 1499 2225 1560 homini—

589 1591 699 1652 bus
729 1591 1042 1669 abreptum
1077 1587 1514 1668 abducit,illico
1546 1607 1784 1648 omnem
1811 1590 1964 1651 illius
1989 1609 2225 1650 scenam

588 1681 979 1758 nudut,atque
1009 1678 1195 1756 gloria
1219 1677 1318 1738 illa
1349 1696 1458 1738 ceu
1492 1677 1790 1737 somnium
1819 1696 1952 1740 esse
1983 1679 2224 1738 convin-

588 1770 756 1831 citur.
795 1769 990 1840 Quare
1011 1768 1300 1846 propheta
1331 1767 1652 1827 humanam
1685 1765 1931 1844 gloriam
1965 1787 2099 1828 cum
2125 1770 2225 1828 de-
2255 1805 2266 1846 ξ

591 1859 881 1920 bilissimo
913 1857 1058 1917 ﬂore
1091 1861 1473 1936 comparavit.

669 2039 728 2102 3.
764 2039 1068 2102 Germinet
1088 2044 1250 2100 terra
1277 2037 1524 2098 herbam
1542 2036 2010 2113 fent'.seminans
2026 2053 2229 2097 semen

587 2131 913 2191 secundum
927 2146 1114 2206 genus
1127 2136 1185 2188 et
1195 2127 1518 2188 secundum
1531 2124 2229 2186 similitudiucmEtiam-

587 2237 726 2279 num
748 2218 1115 2280 nascentium
1135 2217 1280 2278 ordo
1305 2215 1740 2276 ordinationem
1767 2213 2016 2294 primam
2044 2222 2224 2274 testa-

590 2318 704 2368 tur:
732 2309 951 2387 quippe
971 2306 1216 2367 herbam
1233 2322 1499 2374 omnem,
1528 2322 1827 2383 omneque
1848 2321 2089 2379 gramen
2114 2322 2224 2364 an-

588 2397 803 2458 tecedit
825 2395 1201 2474 germinatio.
1263 2393 1397 2457 Sive
1439 2393 1598 2454 enim
1631 2392 1932 2472 quidpiam
1959 2412 1990 2452 a
2023 2391 2224 2452 radice

582 2508 650 2549 ex
679 2486 949 2549 interiori
986 2486 1253 2566 projectu
1289 2483 1646 2565 prorumpit,
1681 2491 1972 2544 utcrocus
2009 2491 2067 2543 et
2086 2502 2223 2561 gra-

589 2596 747 2657 meu,
784 2578 839 2637 id
890 2584 1125 2654 oportet
1148 2582 1516 2653 germinare,
1565 2583 1623 2634 et
1652 2574 1807 2634 foras
1831 2575 2172 2654 prominere
2207 2590 2219 2631 :

582 2668 708 2729 sive
728 2686 761 2728 a
783 2669 1013 2727 semine
1029 2663 1498 2743 gignitur,etiam
1525 2662 1612 2724 sic
1637 2662 1976 2724 necessario
2001 2663 2059 2723 ﬁt
2095 2661 2222 2741 pri-

584 2775 744 2817 mum
762 2753 1372 2834 germinatio;deinde
1390 2753 1728 2823 herba,tum
1745 2750 2220 2821 virescitienum,

584 2855 884 2926 postremo
907 2844 1135 2904 fructus
1154 2844 1210 2903 in
1233 2842 1399 2904 arido
1418 2842 1541 2920 jam
1583 2849 1640 2901 et
1657 2857 1857 2901 crasso
1873 2840 2068 2901 culmo
2102 2848 2220 2899 tur-

580 2932 1116 3012 gescit.Germinet
1135 2937 1298 2992 terra
1316 2930 1558 2990 herbam
1577 2929 1727 3007 feni.
1756 2927 1900 2990 Cum
1921 2946 2128 2988 semen
2162 2926 2221 2986 in

583 3030 806 3086 terram
845 3023 1096 3082 humore
1124 3027 1181 3080 et
1210 3018 1406 3078 calore
1435 3016 1742 3077 moderato
1787 3015 2092 3092 praeditam
2127 3015 2217 3074 in-

579 3110 948 3190 cidit,laxum
977 3108 1334 3177 evadens,ac
1353 3105 1630 3185 plurimis
1659 3107 1898 3184 plenum
1927 3104 2222 3165 meatibus

580 3211 798 3264 terram
830 3200 1200 3276 adjacentem
1225 3195 1876 3274 complexum,propria
1897 3193 2009 3253 sibi
2037 3201 2094 3252 et
2115 3211 2220 3254 co-

577 3297 754 3368 gnata
784 3288 855 3346 ad
877 3305 940 3346 se
967 3283 1456 3345 attrahit.Verum
1491 3282 1857 3342 tenuissimas
1886 3291 2058 3342 terra:
2082 3300 2216 3362 par-

582 3387 668 3439 tes
706 3374 996 3436 meatibus
1042 3374 1161 3434 illis
1213 3374 1546 3452 allapsaa,et
1577 3371 1665 3432 eis
1705 3389 1840 3432 sese
1863 3371 2218 3446 inserentes,

578 3464 832 3542 amplius
866 3462 1080 3524 molem
1117 3461 1304 3541 ipsius
1335 3461 1582 3521 dilatant
1619 3482 1630 3519 :
1670 3459 1821 3520 adeo
1853 3468 1917 3520 ut
1945 3457 2220 3521 deorsum

579 3555 820 3636 quidem
847 3560 978 3630 agat
1001 3550 1258 3625 radices,
1292 3568 1529 3611 sursum
1575 3567 1714 3610 vero
1751 3550 2103 3628 promineat.
2138 3556 2220 3610 tot

577 3644 790 3707 culmis
821 3641 1268 3720 videlicet,quot
1296 3640 1534 3700 radices
1557 3648 1718 3717 sunt,
1745 3637 2212 3712 emergentibus.

580 3737 950 3813 Tcpescente
981 3737 1176 3790 autem
1214 3745 1450 3809 semper
1482 3728 1772 3806 germine,
1807 3735 2088 3788 attractus
2113 3744 2218 3806 per

575 3823 810 3884 radices
837 3820 1073 3892 humor,
1113 3836 1212 3896 per
1246 3817 1467 3879 caloris
1491 3817 1898 3877 attractionem
1935 3815 2211 3877 modera-

577 3919 698 3972 tum
723 3909 797 3970 de
815 3917 968 3968 terra
984 3907 1332 3967 alimentum
1353 3905 1615 3985 adducit;
1643 3905 1818 3984 idque
1837 3905 1895 3965 in
1922 3904 2208 3980 culmum,

576 4009 635 4062 et
664 4003 722 4060 in
753 3997 1066 4075 corticem,
1090 4005 1148 4058 et
1178 3996 1236 4056 in
1269 3996 1554 4057 lrumenti
1579 3996 1805 4074 thecas,
1841 4003 1898 4055 et
1928 3995 1987 4055 in
2018 3995 2210 4074 ipsum

576 4090 860 4166 triticum,
893 4092 954 4147 et
986 4085 1047 4145 in
1078 4085 1292 4145 aristas
1323 4085 1906 4164 dispertitur.Atque
1938 4085 2214 4164 quaelibet

573 4198 671 4241 res
699 4194 978 4248 nascens,
1005 4176 1378 4236 incremento
1402 4174 1487 4234 sic
1515 4173 1793 4254 paulatiir
1826 4182 2095 4253 accepto,
2139 4175 2212 4235 ad

572 4269 846 4330 idoneam
874 4263 1300 4345 propriamque
1336 4263 1601 4343 pervenit
1625 4262 2117 4333 mensuram,sive
2139 4263 2212 4322 ad

570 4357 979 4434 frumenti,aut
1003 4353 1453 4431 leguminis,nut
1486 4351 1690 4431 oleris,
1715 4358 1815 4412 aut
1841 4351 2073 4412 lruiicis
2102 4370 2209 4430 ge-

2241 3167 2281 3215 C

2315 522 2592 597 ρευόντων,
2627 524 2713 586 οὒς
2745 525 2833 580 καὶ
2863 523 3066 600 προϊὼν
3098 523 3187 578 καὶ
3219 520 3384 578 πάλιν
3416 521 3642 577 ὲναπιὼν
3689 525 3894 598 ἱπισυρό-

2316 633 2474 684 μενος
2507 611 2778 690 ἐπίφθονός
2825 615 2935 669 ἔστι
2980 624 3095 676 τοῖς
3153 609 3554 690 ἐντυγχάνουσι.
3593 615 3796 686 Προσθες
3843 616 3897 684 τῷ

2318 701 2529 769 πλούτῳ
2557 703 2643 757 καὶ
2687 701 2974 768 πολιτικήν
3039 723 3156 757 τινα
3215 700 3540 779 δυναστείαν,
3573 700 3608 767 ἢ
3637 702 3821 765 καὶτὰς
3857 702 3899 756 ἐκ

2317 789 2576 862 βασιλέων
2608 792 2767 865 τιμάς
2803 810 2818 826 ⁸
2853 791 2890 858 ἢ
2918 791 3076 847 ἐθνῶν
3124 788 3251 868 (96)
3275 789 3582 863 ἐπιμέλειαν
3617 805 3628 818 ⁸
3658 791 3691 856 ἦ
3719 811 3897 865 στρατο-

2322 877 2488 934 πέδων
2519 881 2810 957 ἡγεμονίαν
2841 897 2857 914 ⁸
2909 883 2997 936 τὸν
3043 881 3244 956 κήρυκα
3297 880 3435 955 μέγα
3466 880 3669 955 βοῶντα
3704 883 3795 957 πρὸ
3828 881 3899 934 αὖ·

2316 976 2409 1025 τοῦ
2441 985 2453 997 ·
2514 969 2634 1032 τοὺς
2653 967 2990 1049 ,ῥαϐδούχους
3044 967 3185 1026 ἔνθεν
3237 971 3324 1025 καὶ
3353 967 3498 1025 ἔνθεν
3527 969 3796 1046 βαρυτάτην
3822 991 3899 1024 κι-

2317 1057 2575 1124 τάπληξιν
2629 1070 2748 1119 τοῖς
2781 1058 3104 1138 ἀρχομένοις
3135 1055 3504 1132 ἐμϐάλλοντας
3541 1075 3554 1090 ·
3591 1057 3680 1122 τὰς
3706 1056 3894 1135 πληγάς·

2313 1149 2406 1211 τὰς
2437 1148 2722 1223 δημεύσεις
2756 1163 2770 1178 ·
2806 1150 2900 1209 τὰς
2934 1147 3227 1226 ἀπαγωγάς
3259 1147 3390 1224 (‘27)
3421 1164 3434 1177 '
3471 1150 3535 1204 τὰ
3591 1145 3894 1225 δεσμωτήρια,

2310 1235 2362 1302 ἐξ
2418 1244 2492 1293 ὦν
2568 1237 2832 1317 ἀφόρητος
2912 1240 2940 1294 ὁ
3023 1238 3164 1315 παρὰ
3257 1240 3363 1294 τῶν
3441 1237 3751 1316 ὑποχειρίων
3799 1258 3894 1293 συν-

2309 1329 2600 1405 αθροίζεται
2645 1323 2830 1406 φόϐος.
2892 1329 2984 1383 Καὶ
3047 1328 3096 1382 τί
3148 1327 3282 1401 μετὰ
3357 1334 3566 1405 τούτος
3613 1329 3699 1400 μία
3743 1325 3831 1392 νὺξ,
3871 1331 3894 1392 ἦ

2315 1417 2536 1494 πυρετὸς
2586 1415 2696 1496 εἷς,
2769 1416 2804 1482 ἢ
2888 1413 3187 1492 πλευρῖτις,
3249 1415 3285 1482 ἢ
3345 1415 3764 1492 περιπνευμονία,
3822 1418 3893 1470 ἁδι-

2312 1504 2575 1578 άρπαστον
2655 1502 2708 1569 ἒξ
2785 1504 3071 1582 ἀνθρώπων
3141 1505 3420 1581 ἀπάγουσα
3508 1507 3598 1560 τὸν
3677 1505 3894 1581 ἄνθρωπον

2310 1593 2548 1672 οἴχεται,
2610 1600 2785 1650 πᾶσαν
2841 1594 2937 1661 τὴν
3015 1594 3134 1649 κατ’
3207 1596 3363 1651 αύτὸν
3443 1594 3644 1660 σκηνὴν
3695 1593 3892 1659 ἐξαπίνης

2310 1682 2764 1759 ἀπογυμνώσασα,
2815 1685 2901 1738 καὶ
2960 1686 2993 1750 ἡ
3053 1681 3173 1747 δόξα
3236 1683 3412 1748 ἐκείνη
3481 1681 3654 1759 ὥσπερ
3703 1684 3891 1738 ὶνύπνιον

2311 1771 2658 1849 ἀπηλέγχθη.
2693 1771 2875 1828 ’Ὥστε
2934 1771 3296 1828 ἐπιτέτευκται
3333 1769 3459 1852 (28)
3494 1779 3568 1844 τῷ
3621 1770 3833 1849 προφήτῃ
3869 1770 3893 1835 ἠ

2309 1862 2440 1939 πρὸς
2470 1863 2531 1916 τὸ
2563 1858 2946 1936 ἀδρανέστατον
3009 1860 3158 1923 άνθος
3203 1863 3459 1934 ἐμοίωσις
3494 1863 3586 1928 τῆς
3619 1859 3890 1937 ἀνθρωπίνης

2310 1947 2488 2016 δόξης.

2389 2040 2446 2099 3ι
2493 2037 2858 2105 Βλαστησάτω
2899 2038 2935 2105 ἠ
2992 2040 3064 2116 γῆ
3135 2039 3364 2115 βοτάνην
3429 2041 3645 2118 χόρτου,
3716 2049 3892 2114 σπεῖρον

2312 2128 2522 2203 σπέρμα
2583 2129 2721 2184 κατὰ
2776 2127 2925 2204 γένος
2983 2130 3071 2184 καὶ
3127 2128 3244 2184 καθ’
3295 2132 3614 2203 ὁμοιότητα,
3667 2127 3785 2185 ’Ἔτι
3833 2127 3894 2182 καὶ

2310 2225 2396 2274 νῦν
2443 2220 2478 2284 ἡ
2524 2217 2666 2282 τάξ.ς
2709 2223 2814 2272 τὼν
2869 2216 3004 2295 (29)
3061 2217 3339 2296 φυομένων
3383 2231 3636 2296 μαρτυρεῖ
3662 2219 3722 2291 τῇ
3747 2221 3890 2296 πρώτη

2309 2304 2680 2381 διακοσμήσει,
2738 2305 2804 2362 ’Β
2859 2307 2959 2384 γὰρ
3038 2305 3331 2382 βλάστησις
3395 2312 3703 2386 καθηγεῖται
3751 2308 3889 2370 πάσης

2309 2395 2537 2469 βοτάνης
2572 2395 2656 2449 καὶ
2690 2394 2864 2460 πάσης
2908 2394 3064 2458 πόας,
3113 2393 3237 2450 Εἴτε
3289 2397 3390 2471 γὰρ
3437 2397 3542 2451 ἀπὸ
3569 2394 3704 2474 ῥίξης
3731 2391 3887 2450 ἐκδίδο-

2307 2486 2391 2540 ταέ
2443 2505 2492 2540 τι
2564 2483 2623 2538 ἐκ
2685 2487 2782 2549 τῆς
2841 2484 3076 2540 κάτωθεν
3134 2481 3429 2562 προϐολῆς,
3492 2488 3561 2549 ὡς
3614 2487 3778 2563 κρόκος
3825 2489 3888 2536 καὶ

2307 2573 2596 2652 ἄγρωστις,
2647 2567 3045 2637 ἀναϐλαστῆσαι
3095 2569 3176 2627 δεῖ
3210 2574 3297 2629 καί
3345 2573 3431 2630 ἐπὶ
3475 2576 3535 2629 τὸ
3590 2573 3681 2638 ἔξω
3728 2571 3884 2639 πρσκύ-

2308 2666 2403 2737 ψαι
2439 2677 2454 2692 ⁸
2491 2663 2604 2718 εἴτε
2650 2661 2755 2717 ἀπὸ
2812 2660 3139 2736 σπέρματος,
3185 2663 3272 2718 καὶ
3301 2661 3470 2724 οὕτως
3502 2664 3695 2740 ἀνάγκη
3723 2667 3886 2740 πρῶτον

2305 2750 2620 2830 βλάστησιν,
2655 2753 2776 2806 εἶτα
2804 2751 3034 2826 βοτάνην
3068 2750 3337 2830 γενέσθαι,
3369 2757 3492 2809 εἶτα
3523 2754 3708 2832 χόρτον
3745 2749 3885 2830 χλοά-

2303 2849 2481 2914 ζοντα,
2513 2840 2639 2896 εἶτα
2682 2841 2774 2895 τὸν
2812 2840 3014 2917 καρπὸν
3044 2839 3130 2895 ἔπι
3187 2837 3348 2918 ξηρᾶς
3409 2839 3511 2908 ἤδη
3569 2844 3650 2897 καὶ
3703 2840 3884 2919 παχείας

2304 2929 2397 2996 τῆς
2447 2929 2696 3002 καλάμης
2758 2926 3106 3002 ἀδρυνόμινον
3165 2926 3307 3009 (30).
3371 2929 3720 2997 Βλαστησάτω
3759 2928 3788 2994 ἦ

2304 3016 2532 3095 βοτάνην
2564 3019 2784 3099 χόρτου.
2822 3016 2999 3076 ’Ὅταν
3059 3019 3132 3080 εἰς
3189 3020 3292 3096 γῆν
3342 3021 3617 3096 καταπέσῃ
3655 3021 3709 3076 τὸ
3754 3016 3882 3094 σπέρο

2306 3131 2380 3184 μα
2411 3106 2725 3187 συμμέτρως
2788 3105 2988 3170 νοτίδος
3039 3109 3127 3164 καὶ
3177 3109 3380 3186 θέρμης
3432 3109 3678 3189 ἔχουσαν,
3729 3113 3883 3185 χαῦνον

2307 3197 2594 3276 γενόμενον
2641 3197 2728 3253 καὶ
2775 3194 3098 3272 πολύπορον,
3151 3203 3250 3264 τῆς
3283 3197 3674 3276 παρακειμένης
3695 3216 3782 3274 γης
3805 3215 3882 3250 πε·

2305 3284 2701 3364 ριδραξάμενον,
2763 3286 2828 3343 τὰ
2884 3287 3059 3342 οἰκεῖα
3142 3289 3229 3342 καὶ
3305 3287 3554 3362 σύμφυλα
3604 3289 3719 3364 πρὸς
3766 3284 3883 3338 ἑαυτὸ

2303 3378 2615 3435 ὶπισπᾶται.
2675 3373 3041 3448 Ἐμπίπτοντα
3092 3371 3149 3430 δὲ
3199 3389 3320 3440 τοῖς
3375 3375 3557 3454 πόροις
3587 3378 3669 3433 καὶ
3694 3370 3880 3451 περιολι-

2305 3465 2577 3521 σθαίνοντα
2635 3463 2730 3531 τῆς
2787 3464 2888 3539 γῆς
2938 3464 3003 3519 τὰ
3047 3461 3348 3520 λεπτότατα
3408 3469 3584 3544 μόρια,
3642 3464 3715 3519 ἐπὶ
3760 3461 3880 3518 πλέον

2305 3554 2572 3632 ἀνευρύνει
2625 3555 2744 3620 τοὺς
2804 3552 2992 3630 ὄγκους
3050 3557 3209 3611 αὑτοῦ
3283 3553 3407 3626 (31)
3440 3571 3454 3584 ·
3510 3555 3638 3611 ὥστε
3674 3553 3878 3631 ῥιζοῦσθαι

2304 3643 2402 3718 μὲν
2426 3644 2500 3706 εἰς
2529 3643 2591 3698 τὸ
2620 3640 2790 3712 κάτω,
2839 3640 2925 3698 ἐπὶ
2953 3643 3015 3697 τὸ
3054 3640 3164 3698 ἂνω
3193 3641 3248 3698 δὲ
3280 3646 3621 3722 προκύπτειν,
3653 3643 3879 3719 ἰσαρίθμων

2300 3745 2421 3796 ταῖς
2464 3732 2625 3809 ῥίζαις
2669 3738 2775 3788 τῶν
2823 3729 3082 3807 καλάμων
3131 3730 3580 3812 προϐαλλομένων
3613 3748 3626 3763 ⁸
3655 3727 3879 3800 θαλπομμ

2297 3845 2388 3880 νου
2415 3819 2470 3877 δὲ
2500 3820 2583 3878 ἀεὶ
2611 3829 2704 3878 τοῦ
2731 3819 3137 3901 βλᾶστήματος,
3197 3824 3498 3900 συρομένην
3551 3821 3628 3879 διὰ
3683 3825 3769 3876 τῶν
3813 3817 3877 3892 ῥι-

2297 3912 2400 3982 ζῶν
2455 3911 2555 3978 τὴν
2595 3908 2792 3983 νοτίδα,
2846 3915 2913 3986 τῇ
2974 3909 3110 3988 ὁλκῇ
3165 3913 3258 3967 τοῦ
3317 3915 3513 3990 θερμοῦ
3559 3907 3875 3984 συνεπάγεσθαι

2297 4007 2388 4056 τοῦ
2416 4001 2674 4079 τροφίμου
2730 4000 2830 4068 τῆς
2881 3999 2982 4077 γῆς
3033 3999 3158 4056 ὅσον
3189 4000 3434 4081 μέτριον,
3467 4003 3551 4058 καὶ
3579 4007 3716 4057 τοῦτο
3743 4014 3872 4053 κατα-

2297 4091 2525 4169 μερίζειν
2555 4090 2629 4155 εἷς
2658 4087 2910 4165 καλάμην
2955 4090 3042 4145 καὶ
3092 4086 3301 4167 φλοιὸν,
3365 4093 3455 4148 καὶ
3504 4091 3594 4153 τὰς
3621 4089 3765 4157 θήκας
3809 4083 3876 4137 τώ

2297 4180 2464 4252 σίτου,
2509 4180 2598 4236 καὶ
2629 4181 2787 4238 αὐτὸν
2815 4179 2907 4235 τὸν
2952 4190 3104 4235 σῖτον
3145 4180 3235 4235 καὶ
3293 4180 3414 4244 τοὺς
3473 4179 3726 4258 άνθέρικας
3751 4190 3764 4206 ⁶
3811 4171 3876 4227 καί

2297 4268 2436 4328 οὕτω
2481 4269 2618 4326 κατὰ
2649 4269 2839 4345 μικρὸν
2894 4267 2989 4336 τῆς
3022 4265 3291 4338 αὐξήσεως
3319 4269 3626 4348 γινομένης,
3657 4265 3731 4322 ἐπὶ
3750 4265 3800 4318 τὸ
3822 4259 3877 4315 ob

2296 4371 2446 4414 κεῖον
2491 4357 2684 4435 μέτρον
2727 4354 2955 4414 ἕκαστον
3002 4361 3108 4413 τῶν
3158 4356 3438 4437 ιρυομένων
3466 4352 3875 4424 ἀποκαθίστασθαι,

572 4465 684 4506 nus
707 4445 1020 4526 pertineat.
1066 4445 1258 4504 Unum
1289 4442 1518 4522 fenum,
1543 4442 1846 4521 herbaque
1885 4461 1999 4501 una
2033 4451 2209 4503 totam

2306 4446 2408 4503 εἴτε
2465 4469 2515 4503 τι
2573 4452 2678 4503 τῶν
2722 4447 2979 4524 σιτηρῶν,
3037 4443 3149 4502 εἴτε
3205 4450 3310 4502 τῶν
3356 4445 3647 4527 χεδρόπων,
3676 4442 3770 4498 ι’ίττ
3797 4443 3878 4493 τῶν

573 4525 731 4597 tuam
767 4542 1024 4594 mentem
1059 4532 1118 4592 in
1155 4549 1323 4614 ea,ex
1353 4551 1468 4613 qua
1497 4529 1736 4612 prodiit,
1764 4540 1892 4592 arte
1927 4531 2210 4594 conside-

2306 4532 2627 4616 laxzvach
2673 4535 2707 4604 ἢ
2768 4539 3101 4614 φρυγανικῶν
3153 4525 3568 4615 τυγχάνοιξΕἷς
3601 4533 3775 4614 χόρτος
3814 4525 3877 4580 κλῖ

571 4625 778 4686 randa.
809 4639 1100 4701 occupare
1134 4631 1326 4701 potest
1359 4621 1699 4705 :quomodo
1730 4621 2022 4698 geniculis
2055 4638 2208 4704 prm-

2306 4627 2388 4698 αία
2448 4626 2648 4700 βοτάνη
2695 4625 2904 4702 ἐξαρκεῖ
2957 4625 3051 4680 τὶν
3081 4623 3314 4681 διάνοιάν
3375 4648 3470 4686 σου
3512 4632 3674 4681 πᾶσαν
3704 4621 3766 4682 είς
3802 4618 3878 4679 τὴν

569 4715 839 4791 cingatur
854 4710 1140 4772 frumenti
1168 4713 1548 4793 culmus,quo
1570 4711 1752 4774 veluti
1776 4711 2011 4774 vincula
2040 4730 2208 4793 quaa-

2306 4717 2512 4792 )εωρίπν
2553 4715 2650 4780 τῆς
2693 4714 3116 4792 ἐξεργασαμὲνης
3168 4715 3300 4792 (3'2)
3369 4716 3500 4774 αὐτὰ
3560 4712 3742 4791 τέχνης
3793 4705 3876 4760 ἀπ-

647 4882 767 4962 ι26)
794 4884 876 4944 Ita
909 4901 1053 4945 mss.
1079 4881 1271 4945 multi.
1307 4883 1538 4952 Deestii
1570 4883 1630 4944 in
1662 4881 1841 4946 editis
1860 4890 1998 4944 ante
2030 4882 2212 4947 ἐθνῶν.

569 4963 754 5022 Paulo
786 4971 915 5044 post
965 4962 1106 5022 editi
1166 4979 1297 5026 cum
1331 4974 1581 5044 quatuor
1610 4981 1754 5026 mss.
1811 4965 1932 5027 τοὺς
1989 4963 2212 5041 ῥαὸδού-

569 5063 745 5124 χουξ.Δ
763 5042 870 5124 Alli
906 5050 1158 5122 quatuor
1181 5045 1298 5108 τοὺς
1327 5042 1699 5124 ῥαϐδοφόρους.

656 5121 783 5205 (27)
803 5121 1160 5205 Reglsextus
1192 5132 1248 5184 et
1276 5121 1526 5205 uterque
1549 5121 1725 5188 Coisl.
1753 5143 1887 5186 cum
1917 5122 2086 5189 Colb.
2111 5141 2210 5185 se-

567 5201 768 5261 cundo
800 5204 890 5286 τὰς
921 5206 1234 5284 ἐπαγωγοῖς,
1273 5203 1330 5265 id
1367 5201 1476 5276 est,
1504 5223 1742 5286 poenas,
1773 5207 2209 5286 captivitatem,

565 5287 622 5342 et
652 5282 860 5342 omnia
892 5299 1022 5361 qua:
1055 5282 1279 5364 infgrrz'
1303 5282 1549 5364 possunt
1579 5282 1766 5347 male.
1802 5282 2012 5348 Statim
2066 5282 2208 5346 mss.

565 5378 676 5443 sex_
688 5365 1102 5443 συναθροίζεται.
1137 5363 1292 5426 Edili
1307 5363 1630 5443 ἀθροίζεται.

646 5440 676 5581 ς
679 5440 777 5520 28)
806 5439 890 5500 Ita
922 5441 1160 5505 codices
1192 5439 1478 5508 sex.Editi
1503 5448 1867 5520 ἐπιτέτακται,
1895 5445 2209 5508 male.Mox

671 5520 731 5580 δ.
768 5523 1071 5581 secundus
1100 5532 1230 5581 πρὸς
1262 5529 1321 5581 τὸ
1351 5524 1746 5581 ἆδοανέστεοον-

563 5520 1071 5607 Colb;_seciindus
1100 5532 1230 5607 πρὸς
1262 5529 1321 5582 τὸ
1351 5524 1747 5607 ἀδρανεστερον.

802 5600 900 5692 S‘i'g
936 5621 1076 5692 mss.
1114 5600 1296 5692 Deest
1321 5600 1426 5692 τῶν
1461 5611 1516 5670 in
1563 5600 1758 5692 editis.
1801 5605 2018 5692 _St_atim
2064 5623 2205 5668 mss.

562 5680 732 5744 multi
750 5680 1017 5739 V’cht'Bout
1047 5707 1125 5747 τι.
1161 5685 1548 5750 Desideratur
1577 5711 1625 5744 τι
1659 5688 1717 5748 in
1744 5687 1940 5751 editis.

2531 4881 2681 4962 B83.
2718 4890 2918 4944 sextus
2951 4881 3195 4957 καλάμης
3224 4882 3594 4961 βαρυνόμενον.

2388 4953 2500 5030 ῐ3ιὶ
2530 4953 2687 5022 Ειίῆἰ
2737 4966 2857 5026 τοὺς
2906 4953 3102 5040 ὄγκους⁷
3147 4953 3323 5020 αὖτου.
3373 4953 3638 5040 videlicet
3673 4953 3870 5040 σπερμαο

2296 5066 2408 5104 τος·
2443 5061 2616 5122 quam
2640 5034 2961 5104 lectionem
2981 5042 3220 5104 exhibet
3241 5061 3474 5124 quoque
3498 5034 3871 5179 Οοίείὲξήωυῇ

2296 5122 2560 5179 secunda
2590 5141 2766 5179 manu
2791 5121 3164 5179 emendatus.
3191 5122 3305 5179 Alii
3322 5133 3545 5179 sentem
3576 5139 3639 5179 co
3681 5131 3785 5177 tces
3809 5135 3871 5165 αι·

2296 5121 2560 5204 secunda
2590 5141 2766 5204 manu
2791 5121 3164 5204 emendatus.
3191 5121 3305 5204 Alii
3322 5121 3545 5204 septem
3576 5121 3785 5204 codices
3809 5121 3871 5204 τίς

2294 5210 2418 5283 τῆς,
2453 5202 2732 5283 videlicet
2786 5205 3015 5281 βοτάνης
3069 5200 3310 5283 ,διθιίηι
3370 5188 3486 5263 δυο
3519 5217 3650 5261 ωδε,
3701 5195 3791 5252 ἄνω
3833 5188 3869 5242 δὲ

2295 5281 2639 5363 προκόπτειν.
2673 5281 2827 5343 Edlll
2861 5302 2994 5344 cum
3028 5281 3162 5344 aliis
3221 5301 3369 5345 mss.
3417 5283 3733 5361 προκύπτειν,
3765 5287 3868 5333 ηδ’

2298 5365 2434 5426 tius.

2375 5443 2496 5521 (32η
2529 5443 2625 5507 Sic
2659 5464 2800 5506 mss.
2834 5465 2959 5518 sex,
2993 5441 3442 5524 optime.Editio
3474 5440 3646 5524 Paris,
3676 5437 3869 5524 ἐξειργξο

2292 5518 2511 5602 σμὲνης.
2559 5526 2744 5588 Editio
2778 5525 2958 5587 Basil.
2985 5518 3118 5587 cum
3146 5523 3376 5584 duobus
3430 5539 3564 5582 mss.
3600 5518 3869 5592 EEEP'F‘P"

2296 5629 2414 5673 νης.
