4076 6216
248 388 361 453 “7

1301 381 1621 450 HOMlLlA
1666 384 1745 449 Vl
1788 382 1868 451 IN
1913 380 2472 451 HEXAEMERON.

3500 388 3610 453 118

241 526 418 589 θέντες
459 524 517 580 ἰν
565 529 643 597 τῷ
685 521 825 594 οἴκῳ
868 520 1077 601 Κυρίου,
1124 520 1178 576 ἐν
1229 533 1349 587 ταῖς
1387 519 1579 586 αὐλαῖς
1626 528 1717 579 τοῦ
1761 528 1877 579 θεοῖ

1974 525 2198 600 nostro,
2232 526 2326 582 cui
2351 518 2537 600 gloria
2567 527 2626 585 et
2654 522 2972 602 imperium
3026 527 3084 583 in
3117 520 3333 583 saecula
3354 521 3606 585 saeculo-

236 617 393 691 ἡμῶν
451 610 819 686 ἐξανθήσωμεν
911 613 967 666 kv
1046 618 1256 691 Χριστῷ
1330 610 1506 679 ἰησοῦ
1565 618 1642 687 τῷ
1716 610 1885 691 Κυρίῳ

1966 626 2125 670 rum.
2160 609 2374 674 Amen.

234 709 417 782 ἡμῶν,
442 708 488 775 ᾦ
521 702 555 769 ἦ
585 699 707 767 δόξα
730 699 819 757 καὶ
849 701 910 756 τὸ
940 699 1131 780 κράτος
1162 702 1235 767 εἰς
1266 702 1387 766 τοὺς
1412 702 1607 765 αἰῶνας
1638 708 1745 759 τῶν
1776 700 2004 764 αἰώνων,
2033 697 2238 776 Ἀμήν,

236 834 3556 859 w

853 921 1088 973 OMIAIA
1134 912 1245 989 ς’.

586 1006 706 1084 Περὶ
736 1004 994 1084 γενέσεως
1026 1005 1323 1084 φωστήρων
1361 1002 1509 1083 (81).

314 1095 371 1159 1.
434 1096 536 1154 Τὸν
590 1093 834 1161 ἀθλητῶν
895 1095 1091 1161 θεατὴν
1141 1093 1393 1173 μετέχειν
1435 1094 1578 1156 τινος
1636 1092 1875 1170 προσῆκε

2561 908 2870 973 ΗΟΜΙιΙΑ
2899 912 3001 974 VI.

2306 1001 2390 1064 De
2419 1006 2807 1081 generatione
2836 1002 3258 1066 luminarium.

2048 1092 2099 1152 1.
2127 1092 2535 1170 Spectatorem
2549 1092 2907 1155 athletarum
2925 1101 3231 1172 oportetet
3252 1092 3446 1174 ipsum
3466 1109 3608 1153 con-

229 1186 316 1239 καὶ
348 1186 507 1242 αὺτὸν
557 1184 812 1247 εὐτονίας.
870 1184 966 1241 Καὶ
1021 1190 1177 1241 τοῦτο
1237 1182 1296 1238 ἐκ
1345 1188 1452 1239 τῶν
1499 1186 1874 1260 πανηγυρικῶν

1971 1178 2244 1240 tentionis
2270 1180 2617 1261 participem
2648 1182 3000 1264 essequue
3023 1201 3089 1244 ex
3114 1180 3482 1264 panegyricis
3514 1180 3603 1240 le-

225 1277 439 1348 θεσμῶν
496 1273 558 1328 ἄν
598 1295 679 1337 τις
735 1270 968 1343 κατίδοι,
1022 1275 1078 1328 ο’ἰ
1136 1274 1257 1333 τοὺς
1291 1270 1765 1349 συγκαθεζομένους
1797 1271 1871 1331 εἰς

1971 1266 2133 1345 gibus
2177 1268 2371 1349 quivis
2397 1271 2765 1348 cognoverit,
2792 1290 2943 1352 quae,
2979 1274 3035 1333 in
3060 1272 3248 1333 stadio
3279 1270 3604 1333 considen-

223 1365 286 1419 τὸ
331 1360 545 1419 στάδιον
592 1361 715 1442 (82)
752 1368 928 1440 γυμνῇ
987 1364 1247 1428 καθῆσθαι
1304 1364 1373 1437 τῇ
1415 1358 1622 1440 κεφαλῇ
1678 1357 1868 1437 διαγο-

1971 1356 2238 1431 ιοε,ηυάο
2259 1358 2451 1438 capite
2469 1360 2681 1420 sedere
2697 1360 3006 1440 jubentzut
3024 1362 3295 1441 quisque,
3313 1378 3443 1420 mea
3468 1358 3605 1439 qui-

220 1452 458 1518 ρεόουσιν
491 1466 508 1481 ⁸
556 1451 673 1526 ἐμοὶ
732 1449 911 1507 δοκεῖν
955 1447 1103 1529 (83),
1165 1449 1259 1507 ἵνα
1318 1451 1394 1524 μὴ
1455 1450 1647 1516 θεατὴς
1707 1451 1868 1522 μόνον

1971 1444 2086 1506 lem
2112 1453 2427 1521 sententia,
2452 1466 2570 1509 non
2589 1450 2664 1509 sit
2693 1450 2883 1510 solum
2914 1449 3348 1512 decertantium
3367 1456 3607 1530 specta-

216 1540 557 1619 ἀγωνιστῶν,
613 1538 750 1598 ἀλλὰ
805 1540 891 1595 καί
946 1538 1247 1616 ἀγωνιστὴς
1310 1538 1531 1601 ἕκαστος
1596 1538 1752 1599 αὒτὶς
1813 1538 1867 1593 ἐν

1971 1552 2067 1616 .or,
2108 1537 2213 1597 sed
2249 1542 2427 1599 etiam
2462 1538 2663 1618 aliqua
2689 1557 2759 1600 ex
2798 1548 2961 1620 parte
2981 1540 3206 1602 athleta
3230 1540 3599 1601 exsistat.Sic

213 1637 292 1703 τῷ
335 1629 485 1708 μέρει
516 1630 783 1708 τυγχάνῃ.
822 1626 973 1686 Οὕτω
1003 1626 1177 1684 τοίνυν
1232 1628 1320 1684 καὶ
1379 1630 1469 1683 τὸν
1524 1634 1630 1683 τῶν
1694 1627 1869 1705 μεγά-

1971 1642 2095 1685 iane
2126 1630 2303 1687 etiam
2335 1644 2680 1704 magnorum
2714 1638 2892 1708 atque
2915 1628 3354 1690 admirabilium
3379 1634 3600 1706 specta-

212 1718 326 1775 λων
354 1721 443 1775 καὶ
500 1719 777 1798 ὑπερφυῶν
834 1717 1117 1790 θεαμάτων
1149 1716 1459 1797 ἐξεταστὴν,
1492 1718 1576 1774 καί
1627 1718 1718 1773 τὸν
1769 1722 1867 1783 τῆς

1971 1716 2216 1775 :ulorum
2250 1714 2697 1795 inquisitorem,
2732 1718 3015 1798 illiusque
3068 1737 3203 1778 vere
3245 1735 3494 1778 summae
3533 1732 3602 1776 ac

213 1808 382 1884 ἄρκας
430 1807 594 1870 ὅντως
649 1808 735 1863 καὶ
786 1805 1086 1885 ἀποῤῥήτου
1143 1808 1329 1882 σοφίας
1380 1807 1647 1885 ἀκροατὴν
1696 1828 1867 1884 προσ-

1975 1802 2272 1863 neﬂ‘abilis
2299 1806 2605 1885 sapientiai
2631 1807 2992 1882 auditorem,
3041 1808 3181 1867 dum
3214 1807 3467 1886 accedit,
3499 1822 3605 1884 par

214 1903 348 1965 ἧκεν
380 1898 591 1955 οἴκοθεν
624 1895 773 1975 ἔχειν
833 1895 1029 1963 ἥκοντά
1083 1917 1230 1959 τινας
1282 1895 1524 1974 ἀφορμὰς
1586 1898 1714 1975 πρὸς
1769 1897 1868 1962 τὴν

1971 1874 2418 1973 'ueritquaedam
2434 1894 2505 1955 ad
2530 1913 2625 1955 res
2652 1874 2989 1976 propositas
3008 1904 3240 1957 contem
3251 1874 3605 1976 plaudas'in-

216 1989 438 2066 Θεωρίαν
492 1993 601 2042 τῶν
656 1985 1046 2064 προκειμένων,
1104 1986 1191 2041 καί
1240 1986 1523 2043 κοινωνεῖν
1592 1985 1711 2061 ἐμοὶ
1768 1990 1866 2052 τῆς

1971 1979 2275 2042 :itamenta
2309 1999 2376 2043 ex
2395 2000 2459 2045 se
2480 1982 2804 2058 habere,ac
2830 2004 3064 2046 mecum
3089 2004 3193 2065 pro
3219 1985 3447 2046 viribus
3472 2002 3602 2044 esse

221 2076 453 2154 ἀγωνίας
499 2076 574 2140 εἰς
632 2073 875 2152 δύναμιν,
910 2073 1033 2153 οῦχὶ
1077 2074 1265 2152 κριτὴν
1310 2073 1514 2149 μᾶλλον
1560 2076 1596 2144 ἢ
1628 2098 1872 2153 συναγω-

1971 2069 2300 2131 :ertaminis
2332 2081 2698 2153 consortem,
2731 2093 2842 2136 nec
2891 2079 3074 2154 magis
3090 2074 3356 2153 judicem
3385 2082 3599 2145 astare,

220 2164 410 2231 νιστήν
461 2165 776 2242 παρεστῶτα
809 2182 825 2198 ⁸
886 2165 1098 2234 μήποτε
1158 2164 1258 2242 ἄρα
1313 2162 1536 2242 διαλάθῃ
1578 2166 1721 2240 ἡμᾶς
1770 2170 1870 2232 τῆς

1971 2169 2695 2240 ιυειηοοηεοτιεηιοιηςοο
2712 2164 2866 2225 forte
2892 2173 3202 2244 praetereat
3221 2183 3325 2224 nos
3339 2161 3604 2224 veritatis

229 2253 484 2321 ἀληθείας
516 2256 551 2321 ἡ
581 2256 806 2332 εὕρεσις,
851 2256 937 2310 καὶ
992 2256 1054 2310 τὸ
1111 2253 1239 2327 ἐμὸν
1292 2252 1510 2333 σφάλμα
1569 2255 1723 2322 κοινὴ
1780 2262 1869 2325 ζη-

1971 2249 2315 2325 .uventio,ac
2339 2268 2507 2311 meus
2521 2268 2687 2312 error
2710 2271 3027 2316 commune
3047 2252 3418 2315 audientium
3443 2250 3607 2313 dam-

233 2344 330 2419 μία
361 2350 471 2399 τῶν
525 2343 825 2399 ἀκουόντων
874 2342 1117 2419 γένηται.
1151 2345 1288 2417 Πρὸς
1321 2343 1409 2399 οὖν
1461 2344 1511 2399 τί
1556 2351 1721 2401 ταῦτα
1778 2342 1873 2399 λέ-

1971 2355 2099 2397 num
2126 2337 2249 2398 ﬁat.
2273 2336 2565 2409 Quorsum
2591 2340 2685 2401 50
2709 2342 2834 2404 hac
2854 2343 3093 2405 tandem
3118 2349 3145 2405 ’ἱ
3166 2342 3314 2416 Quia
3345 2360 3477 2402 cum
3508 2344 3603 2400 in-

231 2452 352 2512 γω;
405 2442 527 2511 Οτι,
561 2432 744 2499 ἔπειδή
802 2433 1078 2510 πρόκειται
1132 2435 1271 2507 ἡμῖν
1318 2435 1392 2493 εἰς
1421 2432 1521 2500 τὴν
1549 2443 1641 2493 τοῦ
1672 2435 1876 2507 κόσμου

1971 2427 2252 2506 quireuda
2282 2428 2454 2489 nobis
2476 2440 2841 2510 proponatur
2874 2433 3075 2493 mundi
3100 2430 3608 2509 constitutio,uni-

540 1587 557 1619 θ

228 2523 487 2578 σύστασιν
544 2520 779 2587 ἐξέτασις
829 2522 916 2578 καὶ
969 2522 1158 2600 θεωρία
1235 2530 1327 2580 τοῦ
1384 2524 1607 2601 παντὸς,
1667 2527 1763 2581 οὐκ
1818 2521 1879 2578 ἐκ

229 2613 334 2677 τῆς
364 2618 459 2667 τοῦ
491 2609 694 2685 κόσμου
728 2610 911 2691 σοφίας
955 2611 1047 2673 τὰς
1098 2611 1269 2691 ἀρχὰς
1301 2611 1522 2691 ἔχουσα,
1557 2610 1679 2668 ἀλλ’
1724 2611 1775 2677 ἐξ
1804 2611 1876 2667 ὦν

230 2704 327 2757 τὸν
372 2702 563 2757 ἑαυτοῦ
605 2700 898 2777 θεράποντα
928 2702 955 2756 6
1014 2702 1142 2764 Θεὸς
1200 2700 1581 2773 ἐξεπαίδευσεν,
1635 2701 1689 2757 ἐν
1747 2699 1877 2756 εἴδει

225 2790 475 2859 λαλήσας
506 2791 635 2868 πρὸς
668 2789 849 2857 αὐτὸν,
910 2791 997 2846 καὶ
1054 2787 1212 2848 0681'
1266 2792 1618 2868 αἰνιγμάτων,
1667 2790 1876 2869 ἀνάγκη

227 2903 330 2939 που
387 2879 602 2941 πάντως
657 2878 779 2941 τοὺς
853 2886 959 2934 τῶν
1032 2878 1283 2957 μεγάλων
1342 2879 1730 2957 φιλοθεάμονας
1795 2884 1873 2954 μή

222 2970 565 3048 ἀγύμναστον
612 2966 761 3048 ἔχειν
817 2968 910 3023 τὸν
968 2976 1087 3026 νοῦν
1130 2971 1261 3047 πρὸς
1302 2971 1404 3036 τὴν
1432 2975 1539 3025 τῶν
1584 2970 1873 3047 προκειμέ-

222 3080 331 3115 νων
365 3061 499 3133 ἡμῖν
528 3059 877 3124 κατανόησιν.
912 3056 981 3115 Εἴ
1038 3079 1170 3115 ποτε
1216 3057 1327 3137 οὖν,
1383 3058 1437 3114 ἐν
1468 3060 1633 3137 αἰθρίᾳ
1682 3080 1874 3115 νυκτεο

221 3154 368 3227 ρινῇ,
402 3149 535 3225 πρὸς
559 3148 626 3203 τὰ
652 3143 852 3224 ἅῤῥητα
907 3146 1084 3214 κάλλη
1143 3156 1248 3203 τῶν
1293 3148 1498 3225 ἄστρων
1528 3147 1648 3227 (84)
1685 3148 1871 3205 ἐνατε-

1961 2520 2233 2596 versique
2255 2520 2844 2600 contemplatio,quai
2867 2539 2935 2583 ex
2957 2523 3159 2582 mundi
3185 2519 3482 2600 sapientia
3508 2535 3600 2578 ne-

1961 2622 2258 2684 quaquam
2294 2606 2653 2687 principium
2686 2610 2869 2679 ducit.
2915 2614 3021 2672 sed
3053 2628 3122 2670 ex
3157 2609 3249 2670 his
3278 2626 3410 2688 quae
3433 2624 3603 2666 suum

1962 2697 2367 2758 servumDeus
2390 2696 2619 2771 docuit,
2651 2697 2736 2760 illi
2752 2699 2809 2760 in
2829 2699 3176 2778 specie,non
3204 2715 3309 2778 per
3326 2693 3606 2773 aenigma-

1962 2789 2018 2843 ta
2052 2785 2307 2845 locutus:
2344 2804 2590 2848 necesse
2622 2798 2709 2847 est
2732 2790 3005 2861 omnino,
3029 2788 3355 2868 ingentium
3383 2792 3607 2866 specta-

1960 2873 2230 2933 culorum
2255 2884 2552 2937 amatores
2577 2893 2695 2938 uon
2716 2878 2983 2938 animum
3007 2878 3227 2940 habere
3244 2877 3314 2937 ad
3341 2874 3599 2957 propositi

1959 2972 2147 3025 tarum
2186 2970 2356 3027 nobis
2388 2986 2590 3030 rerum
2623 2971 3071 3051 perceptionem
3124 2967 3602 3031 inexercitatum.

1957 3052 2157 3135 Itaque
2183 3057 2504 3138 siun1uam
2532 3059 2588 3119 in
2621 3070 2913 3122 nocturna
2939 3058 3602 3131 serenitate,ineuarra-

1958 3144 2139 3205 bilem
2170 3154 2462 3207 astrorum
2500 3149 3003 3229 pulchritudinem
3038 3150 3283 3212 intentis
3304 3147 3603 3211 oculissu-

221 3238 403 3307 νίσας,
468 3236 674 3292 ’ἔννοιαν
721 3233 906 3300 ἔλαϐες
957 3243 1048 3293 τοῦ
1097 3237 1341 3316 τεχνίτου
1398 3243 1502 3292 τῶν
1553 3236 1716 3317 ὅλων,
1745 3239 1869 3299 τίςὸ

1971 3238 2238 3313 ιρίοὶθηε,
2266 3235 2342 3298 de
2358 3239 2766 3299 universorum
2800 3240 3012 3319 opiﬁce
3030 3238 3599 3319 cogitasti,quisnam

223 3338 347 3389 τοῖς
379 3324 555 3381 ἄνθεσι
583 3325 788 3387 τούτοις
822 3322 1154 3386 διαποικίλας
1207 3327 1299 3381 τὸν
1331 3325 1571 3404 napum,
1607 3328 1693 3383 καὶ
1724 3325 1870 3389 ὅπως

223 3416 281 3471 ἑν
341 3427 461 3478 τοῖς
519 3412 810 3491 ὁρωμένοις
850 3412 1013 3469 πλέον
1072 3422 1165 3471 τοῦ
1206 3414 1433 3493 τερπνοῦ
1488 3417 1549 3471 τὸ
1579 3415 1873 3493 ἀναγκαῖόν

224 3504 343 3560 ὶστι
380 3520 395 3533 ⁸
455 3501 616 3559 πάλιν
685 3502 739 3557 έν
809 3502 984 3580 ἡμέρᾳ
1060 3505 1104 3559 εἰ
1187 3505 1404 3583 νήφοντι
1471 3511 1548 3578 τῷ
1630 3503 1874 3581 λογισμῷ

223 3592 533 3667 κατέμαθες
589 3592 655 3647 τὰ
723 3597 821 3658 τῆς
904 3592 1104 3670 ἡμέρας
1168 3594 1433 3667 θαύματα,
1489 3595 1575 3650 καὶ
1631 3592 1713 3649 διὰ
1770 3598 1874 3649 των

223 3681 514 3760 ὁρωμένων
572 3679 868 3758 ἀνελογίσω
936 3683 1026 3737 τὸν
1085 3686 1190 3763 οὐχ
1259 3683 1568 3762 ὡρώμενον,
1629 3684 1871 3760 εμπαράο

222 3792 416 3833 σκεῦος
476 3770 625 3837 ἥκεις
676 3769 945 3847 ἀκροατὴς
997 3772 1083 3826 καί
1143 3772 1358 3849 πρέπων
1418 3780 1496 3847 τῷ
1552 3771 1873 3850 πληρώματι

220 3868 321 3917 τοῦ
358 3866 555 3930 σεμνοῦ
612 3860 799 3916 τούτου
846 3862 942 3915 καὶ
983 3863 1243 3939 μακαρίου
1302 3863 1540 3938 θεάτρου,
1588 3870 1748 3940 Δεῦρο
1812 3861 1877 3929 δὴ

221 3953 339 4019 οὖν,
399 3948 580 4024 ὥσπερ
640 3952 687 4006 οἰ
746 3950 867 4013 τοὺς
900 3949 1084 4017 ἀήθεις
1128 3958 1234 4007 τῶν
1289 3951 1495 4008 πόλεων
1537 3952 1635 4019 τῆς
1693 3954 1878 4031 χειρὸς

221 4036 517 4111 λαϐόμενοι
561 4047 963 4118 περιηγοῦνται,
1015 4039 1157 4096 οὕτω
1208 4039 1273 4107 δὴ
1333 4043 1419 4098 καὶ
1463 4043 1621 4106 αὐτὸς
1671 4040 1756 4097 ἐπὶ
1813 4042 1878 4097 τὰ

221 4126 568 4204 κεκρυμμένα
638 4128 882 4201 θαύματα
968 4130 1105 4203 ὑμᾶς
1189 4135 1288 4197 τῆς
1360 4129 1603 4209 μεγάλης
1676 4132 1877 4197 ταύτης

221 4215 435 4279 πόλεως
472 4216 769 4294 ξεναγήσω.
815 4214 907 4273 Ἐν
937 4224 1004 4293 τῇ
1055 4218 1210 4274 πόλει
1241 4220 1433 4295 ταύτῃ,
1466 4219 1578 4297 ἐνῇ
1610 4218 1645 4287 ἡ
1677 4221 1877 4300 ἀρχαία

220 4308 415 4383 πατρὶς
446 4308 605 4380 ἡμῶδ
638 4304 791 4385 (85),
826 4310 892 4375 ἧς
956 4310 1352 4381 μετανέστησεν
1408 4311 1552 4383 ἡμᾶς
1581 4313 1609 4366 ὁ
1667 4311 1875 4387 ἀνθρω-

221 4395 486 4460 ποκτόνος
518 4394 743 4470 δαίμων,
777 4409 895 4458 τοῖς
955 4397 1144 4454 ἑαυτοῦ
1202 4396 1553 4474 δελεάσμασιν
1606 4398 1876 4477 ἀνδραπο-

224 4482 374 4546 δίσας
431 4487 525 4540 τὸν
570 4483 844 4564 ἄνθρωπον
875 4502 888 4517 ·
953 4489 1175 4546 ενταῦθα
1237 4491 1460 4563 κατόψει
1512 4489 1610 4555 τὴν
1662 4489 1878 4566 πρώτην

222 4582 323 4631 τοῦ
380 4572 653 4650 ἀνθρώπου
702 4575 931 4654 γένεσιν,
993 4578 1201 4634 καὶτὸν
1248 4580 1392 4639 εὖθίις
1425 4580 1569 4653 ἡμᾶς
1612 4578 1877 4635 ἐπικατα-

225 4661 464 4719 λαϐόντα
513 4664 645 4741 (86)
691 4664 914 4722 θάνατον
948 4681 963 4697 ⁸
999 4666 1055 4722 ὃν
1108 4665 1392 4743 ἐγέννησεν
1434 4670 1469 4735 ἡ
1517 4669 1768 4744 ἁμαρτία,
1820 4670 1879 4724 τὸ

225 4752 571 4830 πρωτότοκον
616 4752 836 4831 ἔκγονον
920 4762 1012 4812 τοῦ
1090 4755 1399 4835 ἀρχεκάκου
1454 4756 1729 4831 δαίμονος.
1787 4759 1879 4816 Καὶ

228 4839 507 4919 γνωρίσεις
586 4844 778 4901 σαυτὸν
840 4843 1026 4919 γήινον
1108 4844 1205 4919 μὲν
1255 4850 1323 4919 τῇ
1383 4844 1556 4922 φύσει,
1618 4843 1767 4921 ἔργον
1827 4842 1879 4899 δὲ

226 4932 384 4986 θείων
415 4936 623 5009 χειρῶν
659 4950 673 4965 ο
725 4929 940 5005 δυνάμει
973 4933 1073 5006 μὲν
1103 4934 1190 4988 καὶ
1221 4931 1503 5010 παραπολὺ
1534 4939 1639 4987 τῶν
1670 4932 1880 5011 ἀλόγων

226 5019 573 5095 λειπόμενον,
631 5017 873 5100 ἄρχοντα
933 5019 987 5076 δὲ
1049 5024 1434 5101 χειροτονητὸν
1506 5022 1612 5078 τῶν
1669 5021 1882 5100 ἀλόγων

226 5112 318 5166 καὶ
366 5115 473 5165 τῶν
530 5110 798 5191 ἀψύχων·
848 5123 971 5177 ταῖς
1029 5112 1126 5187 μὲν
1183 5110 1242 5167 ἐκ
1289 5112 1389 5179 τῆς
1439 5112 1644 5191 φύσεως
1703 5133 1879 5190 παρα-

480 5276 606 5351 Illa,
643 5281 741 5360 Καὶ
772 5279 929 5335 εἶπεν
960 5282 988 5337 6
1022 5280 1150 5345 Θεός
1192 5299 1208 5316 ⁸
1269 5283 1642 5350 Γενεθκίτωσαν
1668 5287 1882 5360 (prona-

223 5378 315 5434 ρες
346 5359 402 5414 ἓν
431 5367 509 5443 τῷ
540 5359 871 5443 στερεώματι
903 5368 995 5443 τοῦ
1025 5364 1268 5443 οὐρανοῦ,
1304 5358 1691 5443 reperiuntur
1718 5358 1886 5443 initio

226 5438 516 5499 orationis
551 5442 608 5499 in
644 5458 764 5500 uno
793 5447 893 5499 aut
921 5438 1109 5501 altero
1139 5441 1347 5505 codice
1376 5438 1399 5503 Ξ
1438 5442 1544 5501 sed
1580 5440 1794 5501 desunt
1828 5441 1884 5500 in

225 5516 691 5598 antiquioribus,
725 5528 865 5600 puta
892 5520 951 5581 in
988 5525 1241 5603 utroque
1274 5522 1454 5586 Coisl.
1502 5522 1624 5583 Nos
1674 5521 1886 5581 omisi-

226 5616 381 5659 mus.

306 5678 439 5761 (82)
462 5681 563 5761 Εἰς
592 5682 654 5736 τὸ
679 5678 912 5761 στάδιον,
948 5688 1042 5743 etc
1092 5681 1249 5760 Lege
1272 5684 1573 5746 Ducaeum.

305 5758 437 5839 (83)
458 5758 606 5841 Reg.
638 5768 838 5822 sextus
869 5758 987 5838 ἐμοὶ
1016 5758 1201 5821 δοκετξ
1216 5764 1349 5825 Mox
1384 5780 1536 5824 unus
1561 5780 1674 5823 ms.
1739 5784 1888 5840 αγω-

1956 3322 2006 3381 is
2036 3323 2132 3394 sit,
2167 3324 2268 3403 qui
2295 3325 2387 3385 his
2408 3325 2655 3388 ﬂoribus
2674 3328 2889 3389 coelum
2919 3329 3277 3402 disliuxit,et
3295 3324 3598 3405 quomodo

1956 3410 2015 3470 in
2047 3410 2231 3473 rebus
2259 3412 2593 3475 visibilibus
2626 3418 2815 3497 major
2836 3417 2915 3479 sit
2947 3418 3191 3498 utilitas,
3227 3435 3403 3498 quam
3433 3415 3600 3475 volu-

1960 3505 2118 3580 ptas;
2147 3517 2354 3562 rursus
2383 3503 2433 3563 si
2458 3503 2716 3566 interdiu
2749 3506 2867 3567 diei
2897 3507 3182 3568 miracula
3207 3504 3606 3583 didicisti,per

1958 3588 2303 3667 diligentem
2322 3592 3267 3676 meditationem.invisibilemque
3284 3610 3390 3673 per
3402 3591 3611 3653 visibl-

1960 3678 2039 3738 lia
2069 3680 2650 3760 aestimasti,paratus
2666 3686 2901 3746 accedis
2915 3686 3171 3759 auditur,
3200 3704 3266 3745 ac
3281 3685 3494 3762 dignus
3509 3679 3612 3761 qui

1962 3769 2368 3829 venerandum
2403 3770 2551 3831 illud
2584 3790 2651 3832 ac
2697 3771 2929 3835 beatum
2959 3776 3254 3835 theatrum
3279 3772 3605 3849 compleas.

1962 3858 2087 3935 Age
2120 3856 2317 3935 igitur,
2345 3861 2848 3938 quemadmodum
2885 3864 2984 3944 qui
3020 3864 3255 3924 urbium
3314 3867 3605 3932 insuetos,

1964 3962 2142 4004 manu
2170 3949 2570 4024 apprehensa,
2605 3951 3066 4013 circumducunt
3099 3972 3113 4013 :
3151 3953 3231 4011 ita
3265 3958 3321 4011 et
3378 3948 3506 4028 ipse
3538 3945 3607 4007 ad

1961 4034 2193 4097 occulta
2241 4053 2469 4115 magna:
2518 4039 2693 4101 istius
2729 4041 2980 4101 civitatis
3026 4040 3315 4102 miracula
3343 4055 3445 4097 vos
3477 4046 3610 4096 tan—

1962 4141 2138 4203 quam
2171 4127 2529 4207 peregrinos
2549 4131 2903 4193 conducam.
2935 4134 2998 4193 ln
3021 4132 3252 4192 civitate
3273 4126 3459 4207 illa,iu
3483 4142 3597 4203 qua

1962 4222 2050 4273 est
2081 4222 2249 4275 vetus
2283 4217 2466 4295 patria
2501 4228 2803 4293 nostra,ex
2837 4239 2954 4301 qua
2988 4220 3210 4301 expulit
3244 4236 3352 4278 nos
3374 4214 3607 4276 daemon

1964 4302 2263 4364 homicida
2284 4305 2524 4387 ille,qui
2557 4310 2681 4370 suis
2714 4310 3014 4371 illecebris
3053 4308 3357 4370 hominem
3380 4304 3612 4381 redegit

1962 4395 2023 4455 in
2054 4396 2420 4459 servitutem:
2450 4399 2763 4464 intuebere
2792 4402 2885 4464 hic
2929 4402 3177 4482 primam
3215 4398 3473 4460 hominis
3502 4414 3608 4475 ge-

1903 4481 1944 4531 D
1968 4485 2368 4560 nerationem,
2397 4497 2455 4549 et
2483 4490 2642 4551 illam
2678 4511 2807 4571 quae
2854 4510 2963 4553 nos
2990 4490 3187 4551 statim
3220 4486 3615 4569 apprehendit

1966 4582 2426 4655 mortemzquam
2461 4581 2687 4659 peperit
2708 4577 3492 4661 peccatum,prim0genitus
3511 4574 3614 4636 ille

1963 4663 2252 4725 daemonis
2271 4667 2557 4728 malorum
2578 4670 2839 4730 aucﬁoris
2855 4680 3061 4748 partus
3077 4720 3080 4725 .
3094 4669 3251 4743 Quin
3266 4677 3323 4729 et
3339 4675 3396 4727 te
3416 4666 3607 4744 ipsum

1966 4771 2179 4814 nosces
2208 4762 2270 4815 ut
2289 4765 2498 4818 natura
2535 4768 2819 4840 terreum,
2848 4761 2925 4821 ita
2964 4778 3242 4820 manuum
3274 4756 3605 4817 divinarum

1965 4861 2137 4922 opus:
2168 4844 2392 4906 viribus
2416 4847 2657 4926 quidem
2685 4849 2860 4927 longe
2894 4848 3083 4910 brutis
3115 4844 3472 4909 animalibus
3494 4844 3607 4901 im-

1966 4950 2191 5011 parem,
2212 4934 2644 4998 irrationalium
2662 4956 2798 4999 vero
2822 4949 2878 4999 et
2898 4938 3362 4999 inanimatorum
3393 4930 3609 5012 princi-

1967 5040 2100 5101 pem
2121 5024 2504 5086 constitutum
2519 5027 2885 5089 :inferiorem
2903 5027 3143 5108 quidem
3171 5024 3420 5088 naturali
3441 5039 3617 5102 appa-

1964 5119 2117 5183 ratu,
2155 5130 2291 5174 eum
2326 5132 2485 5195 vero,
2518 5118 2620 5195 qui
2653 5118 2901 5181 rationis
2953 5117 3286 5197 praestantia
3319 5111 3508 5196 possis
3536 5110 3608 5170 ad

1970 5289 2159 5337 νιστῶν
2189 5282 2430 5349 ἕκαστος,

2082 5364 2176 5445 84)
2208 5361 2488 5425 Nonnulli
2524 5386 2643 5427 mss
2707 5377 2808 5424 τῶν
2842 5371 3093 5445 ἀστέρων,

2081 5444 2411 5530 85)-(ζυόεχ
2441 5446 2608 5530 Bodl.
2663 5452 2694 5515 ἡ
2729 5450 2928 5529 ἀρχαία
2974 5453 3185 5529 πατρὶς,
3215 5454 3400 5528 πατρὶς
3436 5453 3614 5530 ἡμῶν,

1972 5528 2140 5605 vetus
2171 5523 2283 5584 illa
2309 5529 2543 5605 patria,
2574 5532 2775 5604 patria
2798 5523 3038 5591 nostra.

2058 5603 2191 5690 (86)
2224 5603 2589 5690 lta'Gombef
2630 5627 2762 5669 cum
2796 5609 2923 5671 aliis
2957 5618 3207 5690 quatuor
3237 5629 3378 5673 mss.
3419 5609 3618 5672 Editio

1981 5682 2167 5745 Paris.
2202 5686 2591 5748 καταλαϐόντα.
