4076 6216
181 346 292 412 Hi

1281 349 1608 415 HOMILIA
1650 349 1729 414 VI
1770 344 1851 411 IN
1893 346 2448 411 HEXAEMERON.

3431 344 3548 411 H2

175 483 362 560 Μέγας
416 484 504 539 οὖν
562 485 590 539 ὁ
640 481 884 563 φωστὴρ,
945 484 1082 541 κατὰ
1113 484 1210 552 τὴν
1238 490 1337 552 τῆς
1378 490 1590 563 Γραφῇ
1623 504 1821 563 μαρτυ-

1914 477 2060 540 libet
2079 481 2398 553 constat,in
2421 477 2698 542 maximis
2719 478 3044 540 intervallis
3060 497 3176 539 non
3199 475 3542 558 perfectam,

171 572 314 653 ρίαν,
350 571 435 628 καὶ
467 569 898 649 ἆπειροπλασίων
927 582 1021 632 τοῦ
1050 573 1396 654 φαινομένου,

257 837 359 901 10.
423 838 656 898 Κᾶκεϊνο
706 840 762 898 δέ
813 863 897 898 σοι
966 840 1181 920 ἐναργὲς
1231 841 1368 900 ἔστω
1425 849 1517 898 τοῦ
1567 839 1817 918 μεγέθους

176 942 442 1002 σημεῖον.
490 930 751 1007 Ἀπείρων
779 930 948 988 ὂντων
979 933 1056 1006 τῷ
1085 930 1276 1002 πλήθει
1310 932 1416 989 τῶν
1440 928 1559 988 κατ’
1603 931 1819 1008 obpava

175 1017 439 1099 ἀστέρων,
489 1021 549 1075 τὸ
608 1020 731 1098 παρ’
811 1021 985 1079 αὐτῶν
1056 1022 1520 1100 συνερανιζόμενον
1562 1027 1674 1100 φῶς
1727 1023 1822 1078 οὒκ

176 1108 228 1165 ἒε
477 1116 504 1126 ’
874 1115 885 1130 “
1335 1111 1358 1130 "
1453 1122 1474 1132 '
1800 1133 1818 1144 -

209 1124 385 1187 ,ορκεϊ
443 1133 540 1178 της
601 1115 784 1176 νυκτὸς
834 1135 930 1180 την
987 1116 1280 1193 κατήφειαν
1329 1112 1591 1173 οιαλυσαι.
1647 1112 1816 1170 Μόνο,

179 1195 232 1252 δὲ
286 1199 464 1278 οὗτος,
525 1202 834 1282 ὑπερφανεὶς
895 1209 990 1259 τοῦ
1039 1204 1324 1281 ὁρίζοντος,
1390 1201 1593 1276 μᾶλλον
1640 1200 1694 1257 δὲ
1742 1200 1817 1256 ἔτι

180 1290 265 1342 καὶ
329 1289 783 1367 προσδοκώμενος,
837 1293 956 1370 πρὶν
1013 1295 1093 1349 κοὶ
1138 1294 1430 1371 ὃπερσχεϊν
1493 1291 1609 1369 (69)
1679 1290 1817 1351 ὅλως

179 1376 278 1443 τῆς
334 1383 458 1455 γῆς,
505 1380 726 1459 ἠφάνισε
757 1382 856 1456 μὲν
885 1390 944 1437 τό
988 1381 1200 1460 σκότος,
1249 1382 1582 1459 ὑπερηύγασε
1613 1378 1668 1436 δὲ
1695 1381 1817 1443 τοὺς

180 1464 427 1546 ἀστέρας,
513 1471 599 1526 καὶ
656 1474 944 1550 πεπηγότα
1005 1471 1138 1535 τέως
1208 1473 1294 1528 καὶ
1347 1469 1818 1547 συμπεπιλημένον

181 1557 272 1611 τὸν
328 1559 450 1634 περὶ
518 1561 622 1637 γῆν
652 1559 780 1639 ἆέρα
836 1559 1089 1627 κατέτηξε
1145 1562 1232 1617 καὶ
1262 1558 1490 1640 διέχεεν.
1522 1559 1690 1617 ’Ὀθεν
1733 1561 1820 1617 καὶ

184 1643 374 1720 ἄνεμοι
434 1648 635 1706 ἑωθινοὶ
691 1651 776 1705 καὶ
802 1649 975 1728 δρόσοι
1034 1649 1087 1705 ἐν
1131 1652 1297 1729 αἰθρίᾳ
1328 1651 1424 1717 τὴν
1481 1655 1584 1727 γῆν
1641 1649 1821 1728 περιρη

181 1733 380 1808 ῥέουσι.
445 1739 716 1806 Τοσαύτην
775 1738 829 1795 δὲ
886 1739 1043 1796 οὖσαν
1091 1740 1188 1808 τὴν
1218 1745 1319 1818 γῆν
1351 1746 1462 1804 πῶς
1496 1739 1556 1795 ἅν
1585 1738 1818 1810 ἠδυνήθη

1904 569 2008 629 sed
2043 569 2345 630 confusam
2378 587 2694 650 corporum
2727 569 2984 646 efﬁgiem
3007 568 3404 649 apprehendi.
3427 568 3547 630 Ma-

1901 676 2080 736 gnum
2111 657 2290 736 igitur
2321 671 2407 719 est
2433 659 2921 738 luminare,juxta
2943 657 3547 736 Scripturaetestimo-

1903 747 2092 827 nium,
2125 766 2192 808 ac
2213 746 2442 808 inﬁnito
2471 749 2662 826 majus
2683 767 2862 824 quam
2895 757 3160 827 apparet.

1980 838 2074 898 60
2101 836 2190 900 10.
2216 836 2329 899 Sed
2358 846 2415 898 et
2447 837 2589 898 illud
2617 837 2716 898 tibi
2746 837 2989 898 evidens
3011 837 3086 898 sit
3116 835 3545 915 magnitudinis

1901 927 2155 1004 signum.
2182 927 2462 1000 Quamvis
2502 927 2816 988 innumera
2861 934 2934 988 sit
2959 929 3017 987 in
3054 927 3202 989 calo
3236 926 3541 987 stellarum

1903 1016 2244 1084 multitudo;
2272 1016 2582 1078 collectum
2604 1017 2865 1095 ipsarum
2888 1018 3086 1078 lumen
3114 1018 3186 1077 ad
3224 1016 3414 1077 noetis
3435 1016 3545 1076 tri-

1904 1109 2123 1172 stitiam
2157 1109 2604 1170 dissolvendam
2646 1127 2763 1170 non
2788 1110 3020 1171 suﬁicit.
3055 1111 3132 1169 At
3158 1110 3350 1170 solum
3393 1110 3542 1172 illud

1901 1200 2220 1272 luminare,
2247 1199 2421 1258 simul
2455 1207 2519 1259 ut
2551 1217 2734 1278 super
2758 1199 3121 1260 horizontem
3149 1200 3541 1280 apparet,imo

1900 1289 2039 1349 dum
2067 1289 2258 1348 adhuc
2282 1294 2678 1367 exspectatur,
2718 1288 3058 1368 priusquam
3092 1289 3268 1349 etiam
3300 1293 3542 1354 omnino

1900 1396 2080 1457 supra
2111 1387 2324 1438 terram
2351 1380 2632 1451 emineat,
2659 1387 2718 1439 et
2751 1378 3026 1440 tenebras
3051 1379 3542 1459 dissipat,et5tel-

1903 1467 1987 1527 las
2017 1466 2336 1547 Splendore
2391 1477 2655 1544 superat,
2701 1476 2757 1528 et
2788 1469 3311 1548 circuinjacentem
3347 1471 3543 1532 telluri

1903 1573 2101 1618 aerem
2129 1565 2300 1617 antea
2349 1567 2688 1617 concretum
2718 1563 2777 1619 et
2800 1558 3110 1620 densatum
3147 1560 3442 1640 liquefacit
3470 1580 3540 1624 ac

1904 1645 2169 1706 effundit.
2194 1643 2364 1708 Unde
2397 1653 2454 1705 et
2501 1647 2657 1706 venti
2711 1649 2980 1709 matutini
3029 1658 3086 1709 et
3127 1669 3225 1712 ros
3275 1651 3336 1712 in
3389 1650 3539 1712 sudo

1905 1745 2120 1796 terram
2145 1734 2585 1797 circumﬂuunt.
2617 1735 2926 1808 Quomodo
2956 1747 3149 1799 autem
3193 1749 3409 1802 terram
3444 1751 3540 1804 to-

186 1821 239 1877 ἐν
282 1832 381 1897 μ.ιᾷ
438 1836 633 1902 καιροῦ
687 1828 826 1906 ῥοπῇ
879 1830 977 1896 τὴν
1031 1836 1206 1887 πᾶσαν
1236 1831 1710 1909 καταφωτίζειν,εἰ
1740 1831 1818 1904 μὴ

1914 1832 2042 1896 tam,
2076 1842 2209 1884 cum
2243 1830 2400 1883 tanta
2422 1824 2518 1892 sit.
2561 1844 2676 1884 uno
2733 1829 3017 1904 temporis
3059 1841 3359 1891 momento
3405 1833 3542 1893 illu-

181 1909 285 1968 ἀπὸ
346 1916 585 1992 μεγάλου
643 1927 734 1974 τοῦ
789 1917 982 1978 κύκλου
1038 1917 1166 1990 (63)
1217 1919 1316 1986 τὴν
1346 1921 1511 1996 αὒγὴν
1567 1920 1823 1997 ἐπηφίει;

1905 1920 2094 1973 strare
2123 1912 2464 1992 posset,nisi
2487 1932 2519 1973 a
2549 1932 2756 1989 magno
2789 1914 2932 1976 orbe
2959 1917 3157 1978 lumen
3197 1921 3542 1984 emitteret?

180 1999 438 2062 Ἐνταῦθα
507 2030 595 2080 μοι
646 2008 745 2074 τὴν
768 2009 958 2088 σοφίαν
988 2016 1078 2065 τοῦ
1106 2011 1353 2089 τεχνίτου
1384 2009 1675 2084 κατάμαθε,
1710 2011 1821 2072 πῶς

1914 2002 2016 2062 Hic
2037 2002 2223 2073 disce,
2260 2018 2482 2080 quaeso,
2534 2002 2764 2080 opiﬁcis
2821 2006 3193 2082 sapientiam,
3243 2013 3541 2089 quomodo

179 2096 252 2164 τῷ
307 2090 631 2168 διαστήματι
698 2098 869 2170 τούτῳ
917 2099 1220 2177 σύμμετρον
1273 2095 1467 2154 ἔδωκεν
1525 2098 1668 2172 αὒτῷ
1730 2100 1821 2165 τὴν

1914 2092 2165 2153 calorem
2218 2090 2331 2169 ipsi
2373 2091 2620 2151 contulit
2651 2099 2809 2153 tanto
2844 2093 2939 2154 hic
2978 2095 3288 2159 intervallo
3319 2120 3540 2163 conve-

175 2184 501 2258 θερμότητα,
566 2194 824 2245 Τοσοῦτον
868 2188 968 2265 γάρ
1019 2187 1160 2244 ἐστιν
1217 2190 1376 2245 αὖτοῦ
1438 2191 1500 2244 τὸ
1559 2187 1820 2264 πυρῶδες,

1914 2182 2210 2271 nienlem._
2233 2181 2285 2239 is
2315 2188 2402 2238 est
2432 2179 2591 2271 enim
2623 2180 2832 2261 ipsius,
2865 2183 3048 2255 calor,
3087 2195 3148 2247 ut
3179 2207 3368 2267 neque
3401 2207 3543 2271 pro-

179 2272 250 2334 ὤς
295 2274 439 2347 μήτε
475 2272 543 2330 δι’
577 2274 874 2354 ὑπερϐολὴν
907 2275 1226 2357 καταφλέξαι
1258 2278 1354 2345 τὴν
1398 2278 1523 2354 γῆν,
1571 2279 1709 2352 μήτε
1740 2276 1821 2334 διὰ

1914 2280 2039 2352 pter
2073 2269 2432 2330 nimietatem
2467 2268 2674 2330 adurat
2707 2271 3002 2348 tellurem,
3040 2295 3234 2354 neque
3281 2268 3542 2357 per—de-

179 2364 275 2429 τὴν
327 2364 572 2441 ἔλλειψιν
622 2367 1034 2445 κατεψυγμένην
1085 2369 1249 2434 catt,»
1280 2369 1367 2425 καὶ
1398 2367 1588 2446 ἄγονον
1626 2368 1821 2426 ἀπολι-

181 2466 328 2513 πεῖν.
397 2452 628 2536 Ἀδελφα
674 2454 728 2512 δὲ
760 2471 879 2521 τοῖς
923 2456 1221 2534 εἰρημένοις
1251 2459 1334 2514 καὶ
1361 2460 1426 2514 τὰ
1455 2460 1574 2536 περὶ
1605 2460 1703 2526 τῆς
1728 2480 1824 2515 σε-

181 2540 349 2609 λὴνης
401 2546 636 2604 νοείσθω.
681 2546 830 2623 Μέγα
889 2547 990 2624 γὰρ
1033 2549 1121 2603 καὶ
1167 2548 1228 2603 τὸ
1283 2548 1480 2614 ταύτης
1523 2554 1702 2622 σῶμα,
1737 2549 1824 2604 καὶ

176 2632 475 2710 φανότατόν
529 2656 588 2712 γε
675 2637 809 2712 μετὰ
838 2637 929 2692 τὸν
949 2634 1128 2702 ἥλιον,
1163 2637 1270 2695 Οὔκ
1298 2635 1375 2693 ἀεὶ
1407 2637 1587 2710 μέντοι
1635 2639 1822 2716 ὁρατὸν

180 2721 346 2787 αὐτῆς
407 2722 641 2797 διαμένει
702 2725 763 2781 τὸ
793 2725 1037 2801 μέγεθος⁶
1072 2725 1207 2783 ἀλλὰ
1238 2732 1323 2782 νῦν
1356 2727 1453 2800 μὲν
1483 2726 1815 2804 ἀπηρτισμέ-

1905 2360 2121 2420 fectum
2150 2357 2592 2435 perfrigeratam
2633 2358 2790 2418 illam
2825 2361 3326 2446 iufecundamque
3346 2368 3540 2429 relin-

1908 2456 2067 2524 quat.
2092 2450 2218 2506 Jam
2244 2464 2590 2522 germanum
2635 2447 2916 2525 quiddam
2947 2469 3014 2511 ac
3045 2452 3240 2515 simile
3272 2456 3365 2516 his
3413 2476 3544 2535 qum

1907 2538 2064 2598 dicta
2084 2537 2323 2616 suut,de
2348 2537 2484 2597 luna
2514 2536 2692 2596 etiam
2740 2537 3128 2617 intelligatur.
3164 2547 3265 2606 Est
3296 2547 3450 2606 enim
3485 2557 3542 2609 et

1907 2645 2122 2702 corpus
2144 2625 2331 2704 ipsius
2354 2635 2728 2702 magnum,et
2753 2635 2880 2704 post
2900 2630 3086 2691 solem
3107 2651 3250 2694 sane
3280 2635 3541 2713 splendi-

1904 2716 2237 2777 dissimum.
2264 2716 2396 2777 Non
2432 2723 2628 2773 tamen
2659 2733 2902 2794 semper
2935 2717 3186 2782 visibilis
3219 2735 3544 2802 permamet

175 2834 241 2876 νη
284 2819 364 2885 τῷ
423 2812 621 2887 κύκλῳ,
657 2823 744 2872 νῦν
793 2812 848 2869 δὲ
880 2813 1190 2872 ἐλλεὶπουσα
1385 2817 1471 2872 καὶ
1525 2803 1816 2892 μειουμένη

1914 2806 2088 2884 ipsius
2112 2803 2446 2882 magnitudo
2475 2823 2487 2864 :
2515 2804 2617 2863 sed
2653 2823 2809 2864 nunc
2833 2805 3071 2884 quidem
3096 2808 3154 2868 in
3188 2829 3296 2872 suo
3318 2813 3542 2876 circulo

175 2902 441 2978 φαίνεται,
495 2901 615 2959 καθ’
667 2901 843 2980 ἕτερον
905 2904 1094 2971 ἑαυτῆς
1146 2893 1707 2983 μέροςγπροδεικνῡσα
1759 2908 1818 2962 τὸ

1914 2894 2191 2972 absoluta,
2223 2911 2380 2954 nunc
2403 2910 2538 2953 vero
2558 2893 2844 2954 deficiens
2867 2905 3045 2974 atque
3067 2897 3382 2962 imminuta
3404 2922 3544 2966 con-

175 2989 393 3050 λεϊπον.
458 2989 664 3064 ”Αλλῳ
718 2991 816 3065 μὲν
873 2993 973 3070 γὰρ
1045 2991 1190 3071 μέρει
1235 2993 1500 3064 σκιάζεται
1533 2992 1817 3069 αὐξομένη,

1914 2986 2242 3066 spicitur,et
2263 2985 2447 3046 altera
2478 2985 2568 3044 sui
2605 2993 2766 3062 parte
2791 2986 3086 3050 defectum
3120 2995 3400 3054 ostendit.
3437 2997 3544 3057 Et-

177 3076 311 3133 ἄλλο
353 3076 409 3134 δὲ
467 3081 620 3158 μέρος
665 3083 830 3150 αὐτῆς
886 3084 941 3137 ἒν
999 3089 1073 3153 τῷ
1123 3088 1292 3160 καιρῴ
1320 3087 1418 3148 τῆς
1449 3081 1653 3152 λήξεως
1677 3084 1818 3140 ἀπο-

1914 3078 2064 3138 enim
2098 3077 2238 3136 dum
2272 3075 2706 3154 crescit,altera
2729 3084 2892 3154 parte
2916 3077 3334 3144 obumbratur:
3358 3087 3544 3148 altera

178 3169 489 3246 κρύπτεται.
556 3170 727 3246 Λόγος
760 3169 813 3226 δέ
846 3192 924 3234 τις
985 3170 1210 3250 ἅῤῥητος
1242 3180 1333 3230 τοῦ
1364 3179 1526 3250 σοιροῦ
1562 3171 1816 3252 δημιουρ-

1914 3185 2044 3228 vero
2073 3166 2230 3226 illius
2283 3183 2418 3244 pars
2449 3175 2718 3242 tempore
2768 3167 3134 3230 decrementi
3186 3173 3540 3240 occultatur.

174 3265 269 3333 γοῦ
311 3257 411 3324 τῆς
460 3259 704 3325 ποικὶλης
759 3259 955 3325 ταύτης
1015 3258 1314 3338 ἐναλλαγῆς
1347 3262 1452 3316 τών
1484 3263 1816 3340 σχημάτων,

1914 3260 2090 3319 Porro
2112 3255 2362 3336 sapienti
2387 3253 2582 3334 opiﬁci
2607 3255 2666 3314 in
2698 3256 2804 3316 hac
2835 3257 2998 3317 varia
3029 3260 3352 3337 ﬁgurarum
3400 3283 3540 3344 per-

177 3346 260 3402 ’Ἢ
290 3349 393 3424 γὰρ
476 3345 612 3403 ὥστε
653 3349 790 3423 ἡμῖν
822 3347 1116 3426 ὑπόδειγμα
1148 3349 1368 3427 ἐναργὲς
1401 3351 1659 3430 παρέχειν
1695 3351 1822 3431 (65)
1908 3344 3068 3424 ιηυιειιίοιιθηοη(ιεΐιιίιειτεεηιιᾳυεθόδιη
3087 3350 3541 3417 ratio.Autenim

175 3438 275 3504 τῆς
329 3437 598 3516 ἡμετέρας
666 3440 893 3518 φύσεωςο
929 3437 1008 3495 ὅτι
1041 3437 1188 3498 οὖδὲν
1220 3442 1448 3515 μονιμον
1488 3446 1590 3497 τῶν
1615 3441 1821 3519 ἀνθρω-

174 3526 359 3599 πίνων,
414 3526 556 3584 ἀλλὰ
602 3528 664 3584 τά
701 3529 799 3603 μὲν
848 3528 907 3584 ἐκ
937 3529 1028 3585 τοῦ
1058 3530 1136 3603 μὴ
1171 3529 1321 3592 ὂντος
1368 3532 1608 3608 πρόεισιν
1660 3531 1732 3594 εὶς
1764 3532 1826 3585 τὸ

173 3615 397 3679 τέλειον,
473 3618 538 3672 τὰ
568 3614 620 3672 δὲ
680 3617 813 3694 πρὸς
845 3619 942 3684 τὴν
975 3620 1169 3674 οἰκεὶαν
1201 3618 1383 3692 ἀκμὴν
1435 3620 1706 3698 φθάσαντα
1735 3621 1825 3676 καὶ

173 3707 231 3760 τὸ
293 3704 587 3781 ἀκρότατον
645 3705 837 3782 μέτρον
888 3707 1087 3762 ἑαυτῶν
1147 3707 1453 3786 αὖξηθέντα,
1506 3707 1664 3765 πάλιν
1697 3722 1820 3771 ταῖς

177 3795 308 3850 κατὰ
360 3795 546 3872 μικρὸν
616 3794 914 3873 ὑφαιρέσεσι
941 3797 1103 3874 φθίνει
1155 3818 1213 3852 τε
1270 3798 1359 3853 καὶ
1389 3795 1681 3871 διόλλυται,
1731 3801 1825 3854 καὶ

182 3885 471 3957 μειούμενα
519 3888 872 3964 καθαιρεϊται.
927 3885 1107 3940 ’Ὡστε
1131 3885 1191 3942 ἐκ
1221 3896 1312 3944 τοῦ
1361 3888 1498 3943 κατὰ
1526 3888 1621 3956 τὴν
1652 3887 1822 3958 σελή-

186 3996 279 4039 νην
334 3977 602 4048 θεάματος
665 3973 990 4030 παιδεύεσθαι
1041 3974 1184 4050 ἡμᾶς
1216 3976 1278 4031 τὰ
1310 3976 1566 4051 ἡμέτερα,
1596 3977 1682 4034 καὶ
1729 3979 1823 4045 τῆς

183 4067 406 4143 ταχείας
490 4064 597 4120 τῶν
661 4064 997 4140 ἀνθρωπίνων
1074 4067 1395 4143 περιτροπῆς
1458 4064 1825 4141 λαμϐλνοντας

183 4154 412 4226 ἔννοιαν,
497 4154 574 4228 μὴ
635 4153 774 4230 μέγα
867 4167 1078 4233 φρονεῖν
1163 4169 1282 4220 ταῖς
1366 4157 1670 4231 εὐημερίαις
1733 4164 1827 4214 τοῦ

177 4243 312 4319 βίου,
402 4245 475 4317 μὲι
567 4242 955 4321 ἐπαγάλλεσθαι
1062 4242 1410 4326 δυναστείαις,
1497 4247 1574 4320 μη
1661 4245 1822 4303 ἐπαί-

1909 3437 1967 3496 id
1988 3434 2330 3509 ﬁt,utnobis
2349 3443 2567 3494 nostra:
2584 3443 2803 3494 naturae
2817 3437 3198 3516 perspicuum
3215 3443 3550 3522 exemplum

1913 3523 2432 3606 przebeat,scilicet
2454 3524 2600 3584 nihil
2627 3525 2864 3584 humani
2889 3525 3102 3587 stabile
3135 3533 3409 3592 esse:sed
3435 3533 3550 3596 alia

1909 3615 2149 3695 quidem
2173 3633 2302 3694 qua:
2325 3633 2441 3674 non
2468 3613 2930 3686 exsistebant,ad
2968 3617 3396 3696 perfectionem
3417 3642 3549 3702 per-

1909 3705 2079 3766 duci:
2108 3703 2226 3766 alia
2267 3722 2406 3764 vero
2437 3703 2507 3764 ad
2546 3704 2849 3783 preprium
2903 3705 3158 3781 vigorem
3210 3729 3542 3795 progressa,

1907 3811 2328 3873 summumque
2352 3811 2645 3853 mensum
2669 3795 2929 3871 ipsorum
2955 3795 3389 3860 incrementum
3412 3803 3549 3864 ade-

1912 3885 2252 3964 pta,iterum
2279 3883 2557 3963 paulatim
2581 3883 2985 3943 decrescendo
3000 3889 3545 3966 corrumpi,dissol-

1911 3975 2109 4053 vique,
2134 3982 2190 4034 et
2215 3972 2529 4033 imminuta
2547 3972 2796 4033 destrui.
2823 3973 3018 4046 Quare
3034 3993 3104 4034 ex
3131 3976 3284 4037 lunae
3299 3988 3545 4056 aspectu

1910 4081 2017 4123 nos
2046 4071 2241 4123 nostra
2260 4063 2664 4134 erudimur,ut
2685 4061 2986 4122 celebrem
3018 4081 3215 4124 rerum
3251 4066 3544 4130 humana-

1908 4171 2038 4213 rum
2066 4157 2450 4212 mutationem
2481 4150 2902 4230 percipientes,
2940 4151 3014 4212 ob
3051 4152 3174 4214 vitae
3201 4154 3543 4219 felicitatem

1911 4260 2027 4302 non
2055 4241 2302 4302 nimium
2329 4241 2502 4301 nobis
2547 4258 2916 4318 arrogemus,
2971 4259 3163 4321 neque
3195 4243 3251 4302 in
3283 4248 3546 4323 potentia

179 4337 357 4398 ρεσθαι
423 4332 649 4389 πλούτου
701 4330 1014 4414 ἀδηλότητι,
1067 4348 1401 4412 περιφρονετν
1447 4338 1544 4402 τῆς
1629 4338 1821 4412 σαρκὸς

1914 4331 2251 4409 gloriemur,
2291 4348 2482 4409 neque
2512 4328 2845 4388 divitiarum
2904 4331 3131 4391 incerto
3180 4333 3544 4411 attollamur,

181 4425 298 4498 περὶ
367 4422 435 4487 ἣν
494 4423 530 4488 ἡ
576 4420 882 4490 ἀλλοίωσις,
931 4421 1301 4498 ἐπιμελεῖσθαι
1357 4421 1412 4478 δὲ
1469 4425 1566 4492 τῆς
1638 4424 1821 4504 ψυχης

1914 4422 2009 4481 sed
2043 4437 2281 4480 carnem
2315 4437 2445 4498 qua:
2497 4427 2774 4489 mutatur,
2825 4436 3236 4500 aspernemur,
3284 4423 3543 4486 animam

176 4512 241 4578 ἧς
279 4514 341 4567 τὸ
393 4511 594 4588 ἠγαθόν
663 4511 804 4567 ἐστιν
878 4511 1148 4578 ἀκίνητον.
1207 4514 1262 4569 Εἰ
1320 4511 1375 4568 δὲ
1447 4512 1607 4570 λυπεῖ
1658 4535 1716 4570 σε
1789 4517 1821 4581 ἡ

1914 4528 2044 4570 vero
2076 4511 2242 4588 cujus
2288 4510 2596 4570 immotum
2628 4517 2720 4570 est
2759 4509 3003 4580 bonum,
3047 4529 3347 4576 curemus.
3374 4514 3544 4586 Quod

181 4601 386 4669 σελήνη
455 4613 579 4664 ταῖς

179 4688 606 4753 ὶξαναλίσκουτα·
660 4687 889 4746 λυπεῖτω
987 4712 1044 4746 σε
1128 4689 1289 4746 πλέον
1379 4691 1533 4770 ψυχὴ
1621 4691 1822 4770 ἀρετὴν

182 4777 499 4853 κτησαμένη
535 4777 680 4850 (66l,
734 4781 822 4835 καὶ
883 4779 967 4836 διὰ
989 4779 1301 4856 ἄπροσεξίας
1329 4781 1390 4834 τὸ
1434 4778 1597 4835 καλὸν
1628 4780 1821 4860 ἀφανί-

181 4877 368 4948 ζουσα,
420 4869 509 4923 καὶ
565 4865 835 4943 μηδέποτε
893 4869 978 4925 ἐπὶ
1027 4869 1125 4936 τῆς
1158 4870 1319 4935 αὐτῆς
1379 4867 1658 4934 διαθέσεως
1719 4871 1824 4944 μὲ-

181 4979 362 5032 νοδσα,
418 4956 553 5013 ἀλλὰ
608 4959 779 5014 πυκνὰ
853 4958 1153 5038 τρεπομένη
1217 4959 1304 5014 καὶ
1373 4956 1822 5035 μεταϐαλλομένη

265 5125 386 5202 (62)
413 5127 562 5206 Reg.
590 5126 837 5207 quintus
859 5129 976 5205 πρὶν
1005 5129 1093 5185 καὶ
1127 5129 1439 5207 ὑπεροχεξζν.
1491 5125 1659 5190 Colb.
1700 5127 1822 5207 pri-

187 5224 317 5268 mus
347 5208 434 5263 καὶ
467 5205 751 5287 δὴοσχετν.
788 5207 951 5269 Editi
1007 5226 1138 5269 cum
1192 5205 1487 5287 aliquibus
1532 5205 1824 5271 mssfmt

182 5291 502 5367 ὑπερσχεῖν..
536 5286 607 5349 Ει
635 5286 812 5368 paulo
832 5297 966 5369 post
987 5287 1154 5351 Colb.
1179 5286 1480 5349 secundus
1528 5311 1820 5364 συμπεπη-

184 5371 340 5447 γότα.

274 5446 400 5539 (63ξ
427 5445 677 5539 Codices
722 5467 840 5539 non
862 5448 1048 5539 pauci
1076 5455 1166 5504 τοῦ
1196 5446 1824 5539 κύκᾏῳηῡθεξάοιξιιυιῂ

189 5526 478 5589 articulus
512 5528 571 5588 in
596 5526 1017 5592 excusisqura
1045 5528 1481 5596 mssmultin‘nv
1512 5527 1826 5606 y?.v.Abest

187 5609 476 5672 articulus
497 5610 570 5670 ab
589 5608 1064 5675 editis.Subinde
1085 5608 1324 5670 codices
1343 5610 1458 5669 duo
1477 5607 1820 5672 καταλιπεῖν,

182 5687 395 5780 Statim
432 5691 710 5780 permulti
737 5708 858 5753 mss
915 5693 1013 5757 τῆς
1045 5688 1299 5759 σελήνης.
1337 5691 1517 5752 Deest
1539 5688 1822 5751 articulus

178 5788 240 5831 ιιι
267 5786 528 5832 83011518.

681 4601 815 4656 κατὰ
881 4601 1067 4679 μικρὸν
1123 4601 1429 4681 ὑφαιρέσεσι
1517 4604 1573 4659 τὸ
1627 4603 1820 4681 φέγγος

1914 4599 1959 4660 si
2010 4599 2148 4660 luna
2188 4598 2326 4658 dum
2371 4598 2752 4679 splendorem
2816 4600 3088 4679 paulatim
3139 4601 3543 4666 decrescendo

1910 4687 2302 4758 absumit,tibi
2336 4687 2626 4748 tristitiam
2660 4699 2858 4748 creat:
2894 4689 3099 4750 dolore
3121 4699 3176 4751 te
3202 4692 3428 4769 majore
3449 4695 3543 4755 af-

1911 4777 2068 4838 ﬁciat
2095 4777 2474 4856 anima,quaa,
2500 4777 3094 4856 postquamvirtntem
3126 4788 3392 4840 assecuta
3429 4792 3538 4866 est,

1913 4867 2132 4927 bonum
2163 4866 2376 4927 amittit
2405 4867 2478 4927 ob
2506 4866 3010 4945 negligentiam,et
3032 4887 3332 4949 nunquam
3358 4869 3417 4931 in
3449 4892 3546 4936 ea-

1913 4956 2048 5018 dem
2075 4957 2334 5036 persistit
2362 4957 2693 5030 ati’ectioue,
2727 4957 2831 5018 sed
2875 4957 3219 5038 frequenter
3249 4958 3323 5020 ob
3353 4963 3540 5026 animi

1988 5128 2110 5206 (64)
2144 5126 2904 5206 C0”).pl‘imusié)ii\t1t0631.
2955 5127 3165 5187 Statim
3221 5126 3338 5191 duo
3393 5148 3532 5193 mss.

1907 5205 2069 5275 α’ὂτὴς
2103 5210 2285 5288 μέρος.
2304 5207 2530 5269 Ibidem
2565 5205 2713 5288 Beg.
2733 5207 2976 5284 quintus
2998 5225 3132 5268 cum
3158 5206 3290 5267 aliis
3307 5208 3540 5273 duobus

1907 5307 2048 5351 mss.
2088 5286 2493 5363 προδεικνύουσα
2565 5286 2718 5347 Editi
2745 5307 2876 5348 cum
2926 5288 3072 5365 Reg.
3104 5289 3278 5347 tertio
3322 5290 3540 5366 προδει-

1908 5377 2094 5432 κνὺσα.
2127 5371 2255 5430 Mox
2292 5371 2436 5446 Reg.
2477 5375 2676 5428 sextus
2710 5370 2974 5446 σκιάζεται
3021 5366 3372 5442 αὒξανομένη,

1989 5451 2117 5525 (6:3)
2145 5449 2309 5511 Colb.
2346 5445 2570 5528 primus
2594 5463 2916 5528 παρασχεῖν.
2954 5445 3109 5508 Infra
3140 5449 3280 5526 Reg.
3319 5451 3540 5528 primus

1909 5530 2211 5608 ἀφαιρέσεσι
2243 5531 2426 5608 φθίνει.

1992 5593 2114 5689 (66)
2148 5593 2316 5674 Colb.
2365 5609 2665 5670 secundus
2697 5611 2774 5683 μὴ
2824 5608 3161 5689 κτησαμένη.
3209 5607 3330 5670 Αιιι
3361 5609 3534 5686 nihil,

1905 5687 2007 5749 aut
2036 5708 2238 5772 parum
2283 5690 2486 5769 refert,
2520 5689 2702 5752 addas
2721 5707 2795 5751 an
2828 5687 3108 5753 detrahas
3135 5689 3532 5766 negationem.
