4076 6216
262 294 377 364 15⁸7

1335 287 1656 358 ΗΟΜΙΙᾸᾹ
1701 287 1813 357 VII
1857 291 1939 356 IN
1986 281 2540 353 HEXAEMERON.

3510 284 3626 349 158

261 459 378 500 νους
432 437 540 516 (7),
600 437 687 492 καὶ
717 435 800 491 διὰ
842 436 941 501 τῆς
993 431 1341 511 Προποντίδος
1372 432 1456 488 ἐπὶ
1512 433 1602 487 τὸν
1665 431 1900 496 Εὔξεινον

2006 426 2198 509 Ecquis
2230 429 2450 487 movet?
2467 424 2764 506 quodnam
2781 431 2870 487 est
2893 421 3051 503 regis
3073 426 3150 486 im
3161 424 3625 506 perium?qualia

260 527 498 604 ῥέοντας.
568 526 654 587 Τίς
699 527 726 581 6
797 523 956 580 κινῶν
993 542 1009 603 ;
1055 537 1216 578 ποΐον
1249 521 1562 598 πρόσταγμα
1591 520 1898 598 βασι).έως;

262 628 400 672 ποῖα
474 613 850 692 διαγράμματα
907 609 1026 667 κατ’
1085 611 1280 688 ἀγορὰν
1310 607 1608 684 ηπλωμένα
1637 611 1734 678 τὴν
1764 632 1902 687 προ-

262 705 484 778 θεσμίαν
538 701 751 775 δηλοῖ;
812 704 858 758 οἱ
941 700 1277 778 ξεναγοῦντες
1328 702 1520 768 τίνες;
1589 697 1743 778 Ὀρᾷς
1806 699 1902 765 τὴν

261 796 406 850 θεὶαν
455 790 691 856 διάταξιν
758 791 919 846 πάντα
979 789 1303 868 πληροῦσαν,
1373 791 1458 844 καὶ
1513 786 1604 844 διὰ
1661 795 1769 844 τῶν
1819 811 1906 846 ιιι-

262 883 538 961 κροτᾶτων
636 879 939 950 διήκουσαν.
1025 878 1201 958 ’ἰχθυς
1274 880 1369 935 οὒκ
1431 877 1693 956 ἀντιλέγει
1757 883 1904 952 νόμῳ

267 980 424 1045 Θεοῦ,
487 973 572 1026 οιαὶ
604 969 863 1048 ἄνθρωποι
922 969 1193 1045 σωτηρίων
1255 965 1589 1045 διδαγμάτων
1657 967 1750 1022 οὒκ
1807 968 1903 1020 ἀν-

266 1063 530 1142 εχόμεθα,
565 1061 650 1126 Μὴ
706 1059 1019 1138 κατασρόνει
1079 1064 1185 1112 τῶν
1213 1057 1433 1136 ἰχθύων,
1494 1054 1676 1124 ἐπειδὴ
1723 1054 1905 1134 ἃφωνα

266 1154 358 1208 καὶ
415 1150 582 1228 ἄλογα
641 1147 937 1210 παντελῶς·
997 1146 1132 1203 ἀλλὰ
1190 1143 1352 1226 φοϐοῦ
1408 1147 1484 1219 μὲλ
1564 1148 1650 1201 καὶ
1708 1146 1908 1203 τούτων

266 1239 605 1318 ἀλογώτερος
660 1239 750 1317 ᾖς,
795 1243 863 1312 τῇ
922 1234 1147 1314 διαταγῇ
1207 1243 1298 1291 τοῦ
1346 1236 1620 1300 κτίσαντος
1655 1233 1908 1290 ἂνθιστάσι

266 1351 454 1405 μενος.
511 1327 719 1384 ’Ἄκουε
788 1325 892 1382 τῶν
921 1324 1118 1404 ἰχθύων
1191 1325 1479 1403 μονονουχὶ
1509 1325 1688 1404 φωνὴν
1723 1324 1910 1402 ἀφιένο

265 1441 375 1475 των
420 1417 486 1473 δι’
557 1418 631 1473 ὧν
676 1423 936 1493 ποιοῦσιν,
998 1414 1098 1469 ὅτι·
1150 1415 1231 1479 Εἷς
1291 1413 1549 1488 διαμονὴν
1581 1421 1671 1470 τοῦ
1725 1413 1910 1490 γένους

269 1510 368 1575 τὴν
426 1509 631 1584 μακρὰν
704 1506 902 1570 ταύτην
979 1501 1278 1575 ἀποδημίαν
1367 1501 1716 1578 στελλόμεοα.
1803 1503 1910 1559 Οὔκ

271 1597 489 1677 ἔχουσιν
545 1594 683 1652 ἴδιον
732 1593 920 1670 λόγον·
963 1593 1146 1672 ἔχουσι
1205 1591 1257 1648 δὲ
1307 1594 1396 1648 τὸν
1428 1593 1526 1660 τῆς
1580 1594 1781 1672 φύσεως
1815 1593 1910 1646 νόσ

275 1709 377 1761 μον
433 1686 666 1763 ἰσχυρῶς
725 1679 1074 1759 ἐνιδρυμένον,
1125 1681 1212 1736 καί
1268 1681 1325 1734 τὸ
1378 1679 1635 1759 πρακτέον
1693 1677 1912 1735 ὑποδει-

1987 517 2178 578 edicta
2208 517 2267 576 in
2300 516 2425 576 foro
2458 514 2745 595 exposita,
2794 514 3152 593 praftnitum
3205 525 3436 594 tempus
3461 514 3625 576 indi-

1987 613 2152 668 cant?
2177 608 2272 685 qui
2302 614 2438 666 sunt
2469 605 2769 683 hospitum
2801 604 3285 682 advenarumque
3312 605 3628 667 ductores?

1986 694 2168 757 Vides
2190 696 2445 756 divinam
2473 695 2904 756 ordinationem
2951 705 3161 756 cuncta
3197 697 3621 775 complentem,

1986 792 2160 866 atque
2189 801 2293 862 per
2317 783 2712 844 minutissima
2734 783 3176 863 pervadentem.
3204 782 3388 844 Piscis
3419 783 3628 844 divinae

1987 873 2100 953 legi
2130 893 2245 934 non
2278 873 2761 945 adversatur,nos
2779 891 2914 933 vero
2935 872 3289 933 salutaribus
3317 872 3627 952 praceptis

1988 982 2106 1024 non
2136 962 2704 1043 obscquimurﬂave
2721 963 2910 1039 pisces
2927 962 3457 1044 asperneris,quod
3483 964 3633 1023 muti

1989 1062 2150 1126 sunt,
2182 1061 2241 1112 et
2269 1052 2511 1112 omnino
2543 1051 2794 1112 rationis
2813 1052 2901 1111 67
2934 1054 3340 1130 expertes:sed
3370 1051 3624 1122 time.ne

1995 1142 2170 1202 etiam
2184 1140 2537 1202 hisiuferior
2565 1140 2645 1201 sis
2660 1141 3278 1220 ratione,ordinationi
3302 1142 3638 1207 conditoris

1995 1230 2480 1294 obsistens.Audi
2505 1231 2830 1310 pisces,qui
2865 1250 2975 1311 per
3003 1249 3070 1293 ea
3103 1250 3235 1312 quae
3259 1232 3634 1306 faciunl,tan-

1996 1328 2116 1380 tum
2155 1337 2272 1380 non
2298 1320 2573 1380 emittunt
2601 1321 2750 1380 hanc
2781 1338 3010 1384 vocem:
3042 1320 3160 1382 Nos
3183 1322 3256 1382 ad
3287 1334 3634 1402 perpetuam

1991 1408 2230 1488 generis
2261 1411 2769 1472 conservationem
2799 1410 2856 1470 in
2891 1411 3267 1491 longinquam
3289 1413 3443 1474 hanc
3468 1430 3636 1492 pere-

1994 1498 2392 1575 grinationem
2411 1498 2858 1560 mittimur.Non
2879 1500 3023 1579 ipsis
3040 1502 3446 1583 inestpropria
3458 1511 3632 1582 ratio;

1993 1587 2097 1648 sed
2127 1598 2351 1649 natura:
2376 1588 2568 1664 legem
2594 1589 2814 1650 habent
2836 1590 2948 1649 sibi
2982 1591 3211 1652 fortiter
3242 1591 3632 1665 insidentem,

1997 1687 2055 1738 et
2085 1678 2240 1759 quod
2273 1679 2562 1758 agendum
2590 1687 2679 1740 est
2707 1689 3145 1758 suggerentem.
3173 1681 3408 1756 Eamus,
3435 1683 3635 1763 inqui-

269 1776 488 1830 κνύντα’
568 1769 892 1844 Βαδίσυρμεν,
956 1772 1133 1849 φασὶν,
1222 1768 1306 1826 ἐπὶ
1361 1772 1422 1825 τὸ
1462 1771 1668 1849 βορειον
1739 1769 1911 1826 πέλα-

2006 1776 2130 1841 unt,
2165 1767 2234 1828 ad
2270 1767 2613 1847 aquilonare
2648 1769 2908 1846 pelagus.
2937 1768 3178 1830 Dulcior
3208 1781 3296 1832 est
3325 1772 3483 1832 enim
3542 1771 3642 1832 illa

271 1889 368 1945 γος
585 1863 900 1939 Γλυκότερον
930 1825 1028 1942 γάρ
1071 1825 1166 1931 τίς
1214 1863 1406 1932 λοιπῆς
1436 1825 1706 1930 θαλιᾶσσης
1736 1863 1913 1919 ἐκεῖνο

2006 1875 2147 1938 aqua
2168 1825 2348 1933 quam
2377 1825 2668 1938 reliquum
2688 1825 2873 1933 Πλεῖ-θ,
2893 1868 3202 1938 propterea
3219 1863 3376 1940 quod
3399 1860 3487 1922 sol
3512 1861 3645 1922 bre-

271 1959 338 2012 τὸ
386 1953 544 2034 ὕδωρ,
599 1952 729 2009 διότι
807 1953 891 2008 ἐπ’
951 1951 1129 2032 (ἀλίγον
1207 1952 1339 2027 αὖτῇ
1401 1950 1812 2032 προσδιατρίὸων
1890 1956 1917 2004 ὁ

2006 1947 2053 2008 vi
2080 1957 2348 2027 tempore
2382 1947 2440 2007 in
2475 1965 2546 2008 eo
2579 1966 2978 2021 commorans,
3013 1966 3130 2009 non
3164 1969 3232 2010 ex
3264 1969 3333 2011 eo
3369 1969 3473 2030 per
3503 1970 3642 2012 suos

276 2046 455 2115 ἥλιος,
508 2047 600 2100 οὒκ
658 2043 828 2119 ἐξάγει
889 2044 1050 2107 αὖτῆς
1109 2041 1230 2098 ὅλον
1284 2040 1366 2098 διὰ
1439 2044 1536 2109 τῆς
1589 2043 1806 2106 ἀκτῖνος
1858 2045 1919 2098 τὸ

2006 2036 2198 2097 radios
2229 2036 2428 2097 educit
2451 2035 2734 2116 quidquid
2764 2037 2924 2115 potui
2946 2048 3150 2117 aptum
3177 2041 3646 2103 est.Gaudentet

277 2137 530 2208 πότιμον.
585 2133 759 2211 Χαίρει
821 2131 874 2187 δὲ
923 2147 1039 2196 τοῖς
1094 2131 1310 2210 γλυκέσι
1359 2134 1443 2188 καὶ
1502 2132 1565 2187 τά
1631 2132 1914 2190 θαλάσσιαο

279 2223 402 2280 ὅθεν
475 2225 560 2277 καὶ
622 2222 705 2277 ἐπὶ
751 2226 872 2284 τοὺς
925 2223 1193 2296 ποταμοὺς
1247 2221 1575 2301 ἀνανήχεται
1629 2221 1918 2298 πολλάκις,

279 2315 371 2370 καὶ
431 2311 608 2390 πόῤῥω
665 2311 936 2378 θαλάσσης
989 2309 1224 2390 φέρεται.
1279 2309 1374 2368 Ἐκ
1416 2313 1598 2367 τούτου
1658 2313 1924 2389 προτιμό-

280 2424 431 2480 τερος
493 2404 671 2466 αὖτοῖς
704 2403 731 2457 ὁ
785 2401 982 2464 Πόντος
1032 2405 1138 2455 τῶν
1181 2399 1380 2456 λοιπῶν
1412 2400 1520 2456 ἐστι
1572 2400 1812 2478 κόλπων,
1851 2404 1923 2464 ὡς

281 2489 582 2561 ἰπιτήδειος
666 2490 1022 2557 ἐναποκυῆσαι
1099 2491 1186 2545 καὶ
1277 2490 1524 2568 ἐκθρέψαι
1578 2491 1644 2547 τά
1706 2493 1919 2568 ἔκγονα.

284 2579 535 2639 Ἐπειδάν
593 2578 645 2635 δὲ
734 2579 796 2635 τὰ
867 2577 1289 2656 σπουδαζόμενον
1353 2580 1654 2658 ἀρκούντως
1712 2579 1924 2647 ἐκπλη-

285 2674 456 2751 ρωθῇ,
519 2669 677 2726 πάλιν
728 2666 991 2743 πανδημεὶ
1079 2669 1268 2732 τάντες
1340 2669 1750 2748 ὑποστρέφουσιν
1832 2669 1925 2725 ο’ί-

283 2759 439 2823 καδε,
500 2760 598 2817 Καὶ
649 2758 727 2821 τίς
769 2760 795 2812 6
867 2756 1049 2836 λόγος,
1112 2756 1419 2832 ἀκούσωμεν
1477 2759 1619 2835 παρα
1664 2757 1756 2834 (9)
1823 2765 1930 2814 τῶν

285 2847 635 2906 σιωπώντων.
699 2844 1068 2925 Ἐπιπόλαιος,
1131 2847 1308 2924 φασὶν,
1341 2847 1376 2914 ἡ
1419 2847 1634 2924 βορεινὴ
1663 2846 1926 2916 θάλασσα,

2004 2125 2233 2186 marina
2262 2126 2430 2205 aquis
2463 2127 2737 2188 dulcibus
2771 2147 2784 2187 :
2832 2126 2989 2188 unde
3039 2137 3094 2188 et
3117 2127 3190 2189 ad
3215 2129 3460 2191 ﬂumina
3490 2149 3647 2211 saepe

2008 2224 2265 2288 enatant,
2295 2215 2621 2296 proculque
2642 2235 2676 2276 a
2698 2215 2845 2277 mari
2873 2218 3210 2279 discedunt.
3237 2218 3358 2282 Hac
3382 2220 3456 2281 de
3479 2240 3655 2282 causa

2008 2304 2241 2367 ueteris
2274 2304 2502 2365 sinibus
2529 2304 2600 2366 ab
2632 2305 2777 2384 ipsis
2801 2305 3109 2384 praefertur
3131 2305 3547 2382 Pontus,velut
3576 2310 3648 2371 ad

2011 2393 2161 2454 fetus
2175 2394 2438 2454 edendos
2455 2403 2631 2470 atque
2643 2394 3030 2455 enntriendos
3049 2395 3320 2457 idoneus.
3333 2399 3649 2478 Postquam

2008 2499 2146 2542 vero
2176 2481 2234 2543 id
2265 2482 2420 2563 quod
2455 2483 2514 2543 in
2545 2483 2691 2543 votis
2710 2492 2860 2560 erat,
2900 2484 3200 2564 expletum
3233 2485 3471 2548 abunde
3500 2488 3606 2548 fuit
3633 2508 3649 2563 ;

2008 2589 2214 2632 rursus
2245 2589 2453 2633 omnes
2485 2571 2826 2635 catervatim
2861 2574 2930 2632 ad
2977 2578 3218 2654 propria
3249 2587 3648 2642 revertuntur.

2011 2659 2084 2722 Et
2111 2679 2242 2740 quae
2259 2661 2640 2722 sitredeundi
2666 2661 2844 2743 ratio,
2870 2683 2899 2723 a
2924 2664 3102 2725 mutis
3115 2665 3444 2727 audiamus.
3476 2667 3653 2748 Aqui-

2013 2751 2216 2812 lonare
2231 2750 2762 2832 aequor,inquiunt,
2777 2753 3130 2831 profundum
3151 2773 3268 2816 non
3283 2765 3653 2839 est,cumque

2015 2841 2293 2919 supinum
2325 2840 2421 2920 sit,
2457 2840 2732 2901 violentis
2763 2844 2954 2904 ventis
2983 2845 3320 2923 exponitur,
3354 2865 3423 2908 ac
3455 2847 3656 2909 littora

285 2942 378 2998 καὶ
441 2939 598 2994 ὑπτία
663 2935 983 3016 προκειμένη
1017 2941 1122 2990 τῶν
1178 2935 1389 3010 ἀνέμων
1422 2949 1544 3001 ταῖς
1594 2937 1751 3010 βίαις,
1814 2936 1919 2992 ὀλί-

2016 2948 2200 3010 pauca
2221 2938 2278 2990 et
2309 2948 2526 3011 paucos
2557 2948 2828 2992 recessus
2851 2932 3049 2994 habet.
3078 2935 3455 3015 Quapropter
3475 2937 3650 2999 etiam

287 3052 390 3108 γας
448 3027 611 3091 ἀκτὰς
668 3029 756 3082 καὶ
799 3022 1101 3101 ὓποδρομὰς
1174 3023 1291 3104 (10)
1340 3024 1565 3105 ἕχουσο,
1606 3027 1699 3081 Διὸ
1755 3027 1842 3082 καὶ
1873 3025 1919 3081 ἐν

2014 3018 2086 3080 ab
2119 3019 2237 3079 imo
2271 3018 2396 3079 solo
2430 3019 2621 3099 ipsum
2654 3018 2824 3082 facile
2840 3025 3394 3104 concutiuntventi,
3421 3026 3571 3089 adeo
3590 3035 3655 3089 ut

289 3106 553 3191 πυθμένος
653 3119 700 3171 οἱ
772 3113 956 3189 ἄνεμοι
1014 3111 1203 3191 ῥᾳδίως
1273 3115 1437 3180 αυτὴν
1495 3114 1919 3196 ἀναστρέιγςὸυσιν1

2014 3126 2196 3172 arena
2224 3127 2354 3189 quae
2384 3109 2444 3169 in
2477 3108 2658 3169 fundo
2689 3108 3054 3192 subsidebat,
3104 3113 3384 3178 ﬂuctibus
3427 3118 3652 3197 permi-

289 3213 365 3275 ὠς
424 3209 512 3263 καὶ
570 3206 664 3273 τὴν
722 3205 897 3281 βυθίαν
956 3204 1179 3278 ψάμμον
1215 3216 1331 3267 τοῖς
1379 3204 1604 3278 κύμασιν
1637 3205 1919 3282 ἀναμίγνυ-

2015 3197 2432 3270 sceatur.Quin
2461 3207 2517 3260 et
2543 3199 2820 3277 frigidum
2845 3208 2933 3260 est
2951 3202 3165 3264 hiemis
3188 3208 3653 3288 tempore,quip-

293 3303 435 3359 σθαι.
499 3293 665 3351 Ἀλλὰ
718 3296 806 3350 καὶ
858 3293 1041 3371 ψυχρὰ
1093 3297 1365 3372 χειμῶνος
1397 3291 1529 3369 ὥρᾳ,
1563 3293 1664 3349 ὑπὸ
1717 3292 1919 3349 πολλῶ*

2019 3309 2090 3370 pe
2114 3288 2268 3370 quod
2291 3307 2324 3349 a
2344 3289 2545 3349 multis
2570 3289 2914 3369 magnisque
2929 3291 3120 3352 ﬂuviis
3140 3294 3656 3378 repleatur.Prop-

293 3389 381 3444 καὶ
431 3383 680 3461 μεγάλων
742 3387 997 3456 ποταμῶν
1028 3380 1396 3460 πληρουμένη.
1462 3383 1558 3437 Διὰ
1641 3389 1796 3439 τοῦτο
1851 3383 1919 3461 ἐφ⁷

2021 3387 2186 3440 terea
2217 3378 2345 3458 ipso
2365 3379 2422 3438 in
2445 3387 2647 3441 testate
2675 3379 2978 3442 moderate
3001 3381 3192 3461 potiti,
3230 3402 3435 3446 rursus
3455 3385 3653 3448 hieme

293 3478 420 3534 ὅσον
474 3472 686 3551 μέτριον
748 3469 1142 3534 ἀπολαύσαντες
1181 3470 1343 3537 αὐτῆς
1387 3471 1440 3527 ἐν
1485 3479 1560 3546 τῷ
1615 3472 1773 3552 θέρει,
1822 3472 1919 3528 πά-

2017 3476 2083 3528 ut
2103 3468 2175 3528 ad
2207 3477 2472 3547 teporem
2498 3469 2557 3528 in
2588 3468 2881 3549 profundo
2909 3481 3346 3555 conservatum,
3379 3475 3460 3536 ita
3492 3486 3550 3537 et
3577 3476 3651 3537 ad

295 3566 381 3622 λιν
441 3568 712 3643 χειμῶνος
771 3561 854 3617 ἐπὶ
883 3561 980 3629 τὴν
1012 3559 1066 3615 ἒν
1095 3566 1171 3634 τῷ
1199 3560 1340 3634 βυθῷ
1382 3560 1544 3616 ἀλέαν
1579 3561 1704 3641 (11)
1737 3564 1824 3618 καὶ
1869 3563 1919 3617 τε

2020 3558 2220 3636 aprica
2251 3557 2379 3618 loca
2410 3567 2749 3637 properant,
2784 3569 2960 3634 atque
2983 3563 3481 3641 septentrionales
3511 3584 3650 3626 ven-

293 3653 567 3734 προσήλια
621 3659 725 3709 τῶν
783 3649 998 3730 χωρίων
1049 3647 1372 3728 ἐπείγονται,
1425 3651 1512 3706 καί
1583 3651 1837 3730 φυγόντες
1877 3654 1919 3707 τὶ

2022 3653 2109 3707 tos
2138 3663 2346 3725 graves
2368 3655 2427 3707 et
2473 3646 2717 3708 infestos
2761 3646 3079 3731 fugientes,
3133 3651 3192 3712 in
3243 3652 3410 3715 sinus
3459 3655 3657 3717 minus

296 3743 595 3818 δυσήνεμον
621 3744 725 3797 τῶν
755 3739 1031 3819 ἀρκτῴων,
1065 3751 1181 3801 τοῖς
1216 3737 1302 3794 ἐπ’
1345 3737 1565 3796 ἔλαττον
1612 3738 1919 3814 τινασσομὲ·

2021 3735 2342 3814 exagitatos
2373 3735 2530 3796 velut
2568 3735 2629 3796 in
2663 3744 2864 3816 portus
2895 3756 3026 3799 sese
3056 3742 3370 3822 recipiunt.

295 3857 411 3898 νοις
443 3830 665 3894 κόλποις
709 3829 1195 3908 ἐγκαθορμίζονται.

382 3925 444 3986 5.
496 3919 657 3980 Εἶδον
685 3929 850 3978 ταῦτα
893 3919 1026 3997 ἑγὼ,
1088 3919 1173 3974 mi
1215 3919 1312 3985 τὴν
1370 3916 1423 3973 ἐν
1484 3925 1613 3975 πᾶσι
1661 3927 1754 3976 τοῦ
1811 3927 1919 3976 Θεοί

2103 3914 2165 3977 5.
2199 3911 2334 3976 Vidi
2365 3913 2572 3976 isthaec
2602 3931 2708 3993 ego
2736 3914 2892 3996 ipse,
2929 3925 2986 3978 et
3015 3915 3122 3979 Dei
3155 3919 3212 3980 in
3248 3922 3528 3986 omnibus
3557 3943 3659 3988 sa-

297 4016 490 4094 σοφίαν
563 4011 859 4086 ἐθαύμασα.
899 4009 954 4065 Ei
1008 4008 1074 4064 τὰ
1111 4004 1278 4084 ἄλογα
1323 4005 1635 4074 ἐπινοητικὰ
1693 4010 1781 4065 καὶ
1837 4032 1919 4090 qm.

2030 4002 2318 4094 pientiam
2345 4002 2674 4064 admiratus
2697 4005 3038 4068 sum.Bruta
3060 4008 3110 4069 si
3133 4009 3500 4091 prospiciunt
3517 4015 3658 4094 sibi,

298 4092 530 4161 λακιτικὰ
600 4105 696 4166 τῆς
742 4097 870 4163 ἰδίας
919 4100 1088 4156 αὐτῶν
1153 4097 1443 4176 σωτηρίας,
1476 4099 1563 4153 καὶ
1594 4096 1710 4154 οἶδε
1759 4101 1820 4154 τὸ
1850 4100 1919 4155 αἱ·

2025 4112 2094 4156 ac
2127 4092 2420 4184 propriam
2451 4111 2615 4184 suam
2648 4094 2897 4156 salutem
2929 4098 3255 4173 servant,si
3287 4101 3445 4162 novit
3473 4092 3656 4184 piscis

299 4196 455 4277 ρετὸν
524 4193 665 4264 αὒτῷ
707 4191 791 4246 καὶ
880 4189 938 4244 τὸ
1006 4188 1228 4266 φευκτὸν
1287 4189 1314 4242 6
1368 4187 1540 4267 ἰχθύς·
1625 4195 1673 4244 τι
1721 4188 1919 4268 ἐροῦμε·

2025 4184 2165 4265 quid
2201 4183 2316 4277 sibi
2339 4183 2682 4277 eligendum
2705 4184 2786 4277 sit
2806 4185 3350 4277 auteﬂ‘ugiendum:
3377 4183 3516 4272 quid
3551 4213 3658 4256 nos

297 4271 470 4362 ἦμεῐς
524 4283 571 4338 οἱ
621 4279 765 4356 λόγῳ
821 4277 1192 4356 τετιμημένοι,
1265 4277 1350 4332 καὶ
1384 4279 1532 4352 νόμῳ
1591 4276 1917 4354 πεπαιδευμέ

2025 4291 2231 4334 sumus
2247 4273 2457 4335 dicturi
2473 4271 2594 4353 ,qui
2612 4272 2840 4334 ratione
2861 4271 3406 4361 cohonestati,legeﬁ
3417 4283 3654 4357 eruditi,

305 4399 412 4450 νοι,
465 4369 807 4449 ἐπαγγελίαις
857 4365 1270 4447 προτραπέντες,
1336 4368 1602 4443 Πνεύματι
1657 4368 1919 4448 σοφισθέν·

2006 4407 2009 4431 ,
2030 4362 2553 4444 pollicitationibus
2587 4362 2833 4436 invitati,
2869 4373 2928 4424 et
2959 4364 3181 4444 Spiritu
3218 4368 3438 4452 edocti,
3464 4372 3661 4435 adhuc

301 4487 418 4544 τις,
482 4461 606 4518 εἶτα
653 4465 758 4515 τῶν
801 4458 1002 4539 ἰχθύων
1038 4455 1370 4536 ἀλογώτερον
1412 4458 1477 4513 τὰ
1539 4457 1655 4515 καθ’
1722 4459 1919 4514 ἑαυτοὺη

2029 4462 2345 4544 tamenres
2365 4461 2600 4544 nostras
2629 4452 2889 4534 ineptius
2902 4473 3084 4544 quam
3113 4456 3304 4536 pisces
3325 4458 3441 4540 ipsi
3463 4461 3662 4543 dispo-

301 4541 653 4629 διατιθέμενοι
683 4571 700 4631 ;
735 4549 888 4629 εἴπερ
946 4551 993 4606 οἱ
1023 4548 1121 4624 μὲν
1187 4546 1336 4604 ἴσασι
1380 4555 1472 4604 τοῦ
1501 4547 1794 4623 μέλλοντός
1823 4571 1919 4605 τινε

2026 4543 2344 4605 uimusﬂlli
2365 4541 2523 4604 enim
2548 4543 2742 4604 futura
2762 4542 3198 4624 quodammodo
3210 4549 3522 4626 providere
3544 4541 3657 4614 no-

305 4647 576 4704 ποιεῖσθαι
619 4645 892 4722 πρόνοιαν,
924 4640 1086 4714 ἡμεῖς
1128 4635 1182 4693 δὲ
1227 4637 1286 4693 ἐκ
1317 4637 1412 4705 τῆς
1467 4639 1594 4718 πρὸς
1630 4640 1688 4695 τὸ
1747 4638 1919 4715 μέλλοι

2027 4639 2308 4722 runt:nos
2328 4639 2524 4722 autem
2555 4649 2660 4712 spe
2682 4631 2862 4694 tuturi
2892 4632 3122 4711 abjecta
3152 4634 3214 4696 in
3245 4635 3526 4703 belluinis
3554 4661 3659 4706 vo-

305 4720 671 4796 6vtlma’1iac'
693 4729 760 4788 δι’
784 4729 978 4799 ἡδονῆς
1009 4728 1458 4805 βοσκηματώδους
1489 4728 1588 4796 τὴν
1633 4730 1778 4801 ζωὴν
1811 4729 1919 4810 (12

2031 4720 2351 4802 luptatibus
2379 4721 2555 4782 vitam
2600 4731 2858 4784 nostram
2889 4722 3279 4790 absumimus.
3342 4730 3532 4795 Piscis
3583 4743 3666 4796 tot

306 4825 686 4900 ἀναλίσκομεν,
737 4821 910 4901 ’ἰχθὺς
962 4827 1190 4876 τοσαῦτα
1248 4817 1502 4893 διαμιίϐει
1546 4817 1759 4898 πελάγη
1818 4820 1914 4875 δπὲ

2033 4820 2218 4874 mutat
2249 4813 2451 4884 maria,
2477 4825 2541 4872 ut
2568 4811 2791 4904 aliquid
2809 4812 3087 4904 inveniat
3109 4815 3666 4904 emolumenti;quid

306 4924 403 4973 τοῦ
459 4911 701 4993 εὕρασθαί
728 4933 845 4967 τινα
913 4908 1199 4992 ὠφέλειανο
1245 4909 1296 4967 τί
1325 4909 1466 4988 ἐρεῖς
1516 4909 1578 4965 σὺ
1622 4911 1650 4966 6
1693 4916 1761 4978 τῆ
1792 4908 1919 4988 ἀργία

2029 4911 2090 4966 tu
2121 4904 2388 4965 dicturus
2408 4920 2495 4983 es,
2529 4902 2632 4983 qui
2657 4903 2718 4993 in
2742 4903 2860 4964 otio
2885 4921 2953 4993 ac
2979 4902 3207 4966 desidia
3244 4908 3422 4970 vitam
3453 4902 3618 4992 degis
3641 4922 3669 4978 ?

312 4992 529 5086 συζῶν,
551 5002 734 5082 Ἀργία
799 4999 855 5057 δὲ
911 5000 1226 5080 κακουργίας
1285 4999 1454 5080 ἀρχὴ.
1492 4996 1686 5065 Μηδεὶς
1730 4998 1916 5077 ἄγνοια

2027 4993 2226 5058 Otium
2259 5000 2482 5069 autem,
2515 4993 2651 5056 mali
2673 4992 2928 5055 faciendi
2959 4993 3145 5074 origo.
3173 4996 3361 5060 Nemo
3383 5000 3668 5081 ignoran-

309 5093 734 5177 προφασιζέσθύ.
814 5094 1042 5156 sumo;
1125 5090 1283 5168 λόγος
1360 5091 1620 5147 οἷκείωσιν
1668 5090 1804 5165 ἡμῖν
1856 5095 1946 5146 τοῦ

392 5275 477 5354 (‘7)
537 5270 789 5334 Codices
840 5277 1094 5354 quatuor
1167 5270 1286 5333 τοὶις
1328 5272 1535 5353 ἰχθύας.
1615 5266 1768 5332 Editi
1827 5268 1948 5332 τοὺς

309 5359 489 5512 ἶχῗὲί
511 5433 678 5498 Colb.
715 5433 942 5514 primus
971 5433 1056 5490 ἐπὶ
1080 5435 1142 5514 το
1171 5433 1374 5511 βόρειον
1405 5435 1587 5512 μέρος,
1636 5431 1718 5494 ad
1768 5428 1950 5514 aqui-

310 5510 590 5579 loriurem
636 5510 897 5595 partem.
930 5513 1085 5595 Infra
1106 5510 1247 5576 duo
1269 5531 1411 5574 mss.
1445 5510 1620 5593 χαίρει
1657 5514 1756 5592 γὰρ
1805 5510 1952 5573 τοῖς.

390 5597 501 5760 ἕ9ἓ)
517 5593 718 5690 Οοάίρξ
748 5596 1026 5661 Combef.
1055 5593 1278 5685 ἂκουσον
1306 5595 1470 5672 παρά,

425 5682 448 5738 1
501 5679 522 5745 )
554 5679 716 5742 Editi
748 5697 882 5740 cum
911 5678 1062 5755 Reg.
1097 5682 1271 5736 tertio
1328 5673 1470 5757 ὑποδε

425 5671 522 5745 10)
554 5679 716 5742 Editi
748 5697 882 5740 cum
911 5678 1062 5755 Reg.
1097 5673 1271 5736 tertio
1328 5671 1679 5757 ιποδράμους.
1712 5671 1836 5736 Alii
1854 5688 1958 5733 sex

2028 5085 2168 5146 tiam
2200 5091 2508 5165 pratexat.
2541 5083 2721 5146 Insita
2743 5092 2835 5146 est
2864 5083 3034 5146 nobis
3053 5089 3336 5151 naturalis
3357 5093 3666 5176 ratio,quae

2033 5265 2536 5356 mss._6_n_0890pa’:5.
2567 5265 2713 5356 Puto
2739 5274 2935 5356 autem
2971 5284 3109 5333 voce
3155 5272 3426 5352 ὑποδρομή
3480 5277 3668 5356 signi-

2036 5347 2199 5409 ficari
2231 5347 2326 5408 hic
2356 5347 2736 5427 profundum
2764 5347 3026 5427 aliquem
3045 5347 3368 5417 recessum.

2115 5429 2240 5508 (11)
2275 5429 2358 5488 Ita
2381 5427 2545 5505 Regii
2580 5428 2830 5513 primus,
2855 5429 3088 5513 tertius,
3119 5432 3592 5513 quintus,sextus
3615 5447 3677 5500 et

2039 5506 2303 5579 octavus,
2339 5527 2506 5588 aeque
2527 5506 2597 5588 ac
2629 5506 2794 5570 Colb.
2823 5511 3121 5574 secundus
3139 5506 3276 5577 cum
3302 5506 3570 5580 Cdmbef.
3595 5522 3675 5582 At

2039 5587 2492 5674 editio_ut_ra_q’ue
2521 5587 2574 5674 ἐν
2607 5593 2681 5664 τῷ
2709 5591 2848 5674 βυθῷ
2890 5589 3098 5674 «natm,
3136 5595 3438 5662 mendose.

2119 5669 2242 5752 (12)
2281 5667 2449 5732 Coll).
2487 5668 2712 5752 primus
2739 5672 2882 5743 ζωὴν
2910 5667 3086 5748 ἡμῶν,
