4076 6216
506 287 616 352 159

1849 289 1909 352 3.
1958 290 2234 355 BASILII
2279 287 2521 356 MAGNI

3757 298 3868 366 160

499 422 657 484 bona
684 421 859 483 nobis
889 420 1247 512 vindicanda
1266 439 1419 497 esse,
1457 422 1634 483 noxia
1690 441 1827 486 vero
1860 425 2131 503 fugienda

2223 426 2413 501 καλοῦ,
2457 429 2543 485 καὶ
2612 428 2957 509 ἀλλοτρίωσιν
3018 432 3125 489 ἀπὸ
3204 438 3309 489 τῶν
3393 433 3664 512 βλαϐερῶν
3725 437 3855 493 ὑπο-

499 512 891 575 submonet.A
910 511 1150 572 marinis
1165 512 1451 592 exemplis
1467 530 1839 593 nequaquam
1866 515 2133 579 discedo:

497 599 983 684 quandoquidem
1000 600 1202 662 istliaec
1216 601 1786 681 nobisexpendenda
1802 621 2140 685 proponun-

497 690 833 754 ειη-,ΑωΙίνί
853 690 1153 770 aquodam
1175 690 1494 766 maritimo,
1516 692 1797 753 echinum
1820 700 2133 776 marinum,

497 799 735 862 parvum
753 798 992 859 prorsus
1012 789 1069 841 et
1084 780 2136 864 aspernabileanimal,sa3penumero

493 869 935 950 tranquillitatis
959 880 1018 929 et
1039 871 1399 949 tempestatis
1424 870 1865 950 navigatoribus
1890 875 2137 935 monito-

491 977 618 1020 rem
647 959 798 1020 ﬁeri.
833 957 943 1030 Qui
966 976 1099 1018 cum
1130 968 1440 1019 ventorum
1472 960 1983 1038 praesenseritcoa'
2004 983 2134 1023 mo-

496 1049 739 1121 tionem,
767 1046 1022 1107 validum
1055 1046 1311 1127 aliquem
1334 1049 1622 1111 calculum
1646 1049 1897 1123 subit,et
1916 1051 1974 1112 in
2008 1050 2135 1131 ipso

494 1147 770 1219 tanquam
803 1136 864 1198 in
888 1138 1144 1198 anchora
1168 1139 1419 1199 ﬁrmiter
1448 1140 1970 1222 ﬂuctuat,ejusque
1992 1161 2136 1221 pon—

492 1229 638 1291 dere
655 1228 1057 1300 detinetur,ne
1078 1226 1250 1288 facile
1270 1226 1590 1289 alluctibus
1603 1228 1997 1291 abstrahatur.
2014 1231 2135 1293 Hoc

494 1318 730 1397 signum
770 1315 871 1377 ubi
907 1316 1169 1379 viderint
1202 1318 1442 1389 nautici,
1482 1318 1796 1379 violentam
1822 1330 2133 1384 ventorum

486 1408 863 1488 agitationem
891 1408 1204 1468 imminere
1222 1407 1889 1488 sciunt.68Astrologus
1907 1410 2131 1490 nullus,

488 1499 687 1560 nullus
708 1496 1039 1567 Chaldaeus,
1077 1516 1144 1557 ex
1179 1505 1473 1558 astrorum
1503 1504 1633 1557 ortu
1665 1498 1819 1559 aeris
1852 1498 2134 1560 turbatio-

487 1608 594 1650 nes
621 1587 989 1667 conjectans,
1014 1586 1222 1647 islhaec
1246 1586 1525 1647 echinum
1556 1585 1751 1647 docuit
1778 1605 1790 1648 :
1827 1589 1929 1648 sed
1959 1589 2136 1649 maris

485 1687 544 1738 et
575 1685 883 1738 ventorum
904 1675 1192 1737 Dominus
1216 1675 1303 1736 vel
1340 1693 1515 1755 parvo
1542 1675 1786 1737 animali
1810 1677 2051 1738 evidens
2076 1688 2135 1739 et
2160 1716 2196 1763 Β

484 1773 752 1848 apertum
773 1784 999 1841 magna;
1017 1784 1141 1825 suae
1160 1764 1469 1843 sapientia)
1481 1765 1788 1843 vestigium
1807 1766 2131 1845 impressit.

484 1855 880 1937 [inprovidum
907 1854 1232 1934 nihil,nihil
1257 1873 1289 1914 a
1314 1852 1434 1914 Deo
1459 1854 1568 1915 fuit
1592 1858 1951 1933 neglectum.
1978 1859 2133 1935 Spe-

486 1946 719 2007 culatur
736 1943 935 2004 omnia
957 1943 1166 2003 oculus
1189 1942 1289 2003 ille
1314 1942 1927 2022 insopitus.0mnibus
1944 1947 2130 2020 adest,

486 2035 807 2112 unicuique
820 2031 1027 2092 salutis
1041 2031 1829 2111 consequendzefacullatem
1851 2033 2131 2112 largiens.

483 2123 643 2186 Deus
691 2125 738 2181 si
776 2120 1053 2182 ecliinum
1102 2138 1136 2180 a
1166 2138 1275 2180 sua
1307 2120 1673 2199 providentia
1698 2141 1812 2182 non
1848 2123 2129 2193 excludit.

484 2212 664 2275 rebus
688 2211 803 2271 tuis
824 2228 942 2270 non
976 2210 1292 2289 prospicit?
1343 2208 1492 2288 Viri,
1525 2211 1767 2289 diligite
1786 2230 2019 2274 umores
2043 2213 2128 2273 96.

491 2299 766 2374 Quamvis
816 2301 1044 2360 externi
1091 2298 1243 2359 inter
1264 2299 1528 2367 vossitis,
1568 2309 1762 2360 tamen
1796 2301 1851 2361 in
1876 2301 2137 2381 conjugii

489 2391 835 2453 societatem
860 2385 1369 2450 convenistis.Hoc
1399 2398 1622 2449 naturze
1653 2389 1984 2471 vinculum,
2020 2392 2136 2454 hoc

482 2482 693 2561 jugum
717 2497 823 2561 per
867 2475 1348 2539 benedictionem
1383 2476 1752 2557 impositum,
1789 2478 2133 2542 distantium

487 2570 564 2632 sit
592 2568 956 2649 conjunctio.
984 2567 1203 2647 Vipera
1252 2564 1549 2646 reptilium
1592 2567 2009 2630 exitiosissima
2059 2569 2133 2632 ad

489 2658 733 2720 marinae
766 2675 1044 2718 muraena;
1068 2654 1303 2735 nuptias
1352 2655 1613 2717 accurrit
1648 2676 1662 2719 :
1699 2667 1756 2717 et
1808 2657 1907 2718 ubi
1959 2658 2132 2721 sibilo

487 2767 653 2810 suam
688 2746 1061 2828 praesentiam
1088 2745 1477 2819 denuntiavit,
1514 2745 1701 2825 ipsam
1751 2765 1785 2807 a
1841 2747 2028 2809 fundo
2060 2749 2131 2811 ad

487 2838 811 2918 nuptialem
830 2834 1209 2915 complexum
1237 2845 1461 2897 evocat.
1509 2833 1613 2895 Illa
1644 2842 1838 2898 autem
1891 2837 2131 2899 obtem-

2221 515 2420 584 δεικνύς
2478 518 2924 599 ἐγκατεσπαρται,
2994 524 3101 580 Οὔκ
3174 523 3471 603 ἆςρίσταμαι
3500 530 3603 580 τῶν
3661 526 3861 583 θαλασ-

2222 607 2346 661 σίων
2404 606 2831 689 ὑποδειγμάτων,
2906 608 3097 680 ἐπειδή
3154 620 3320 669 ταῦτα
3392 616 3527 689 ἡμῖν
3585 616 3858 690 πρόκειται

2221 697 2290 756 εἰς
2352 696 2584 761 ἐξέτασιν
2645 696 2793 771 (13).
2863 698 3116 757 ’Ἤκουσα
3158 701 3269 778 ἐγὼ
3297 704 3403 758 τῶν
3458 703 3727 779 παραλίων
3777 728 3860 760 τις

2220 786 2331 857 νὸς,
2390 784 2468 841 ὅτι
2504 789 2530 842 ὁ
2563 785 2849 851 θαλάσσιος
2880 787 3093 868 ἐχῖνος,
3138 791 3198 846 τὸ
3230 792 3418 865 μικρὸν
3452 793 3725 855 παντελῶς
3771 796 3861 850 καὶ

2222 874 2675 952 εὐκαταφρόνητον
2725 882 2881 950 ζῶον,
2944 876 3256 945 διδάσκαλος
3306 879 3564 943 πολλάκις
3617 881 3861 958 γα)ἤνης

2220 964 2306 1018 καὶ
2336 962 2596 1027 κλύδωνος
2628 978 2744 1027 τοῖς
2776 964 2993 1023 πλέουσι
3025 968 3246 1044 γίνεται.
3298 966 3435 1048 ”Ος,
3470 970 3595 1026 ὃταν
3656 970 3858 1047 προίδῃ

2220 1053 2466 1132 ταραχὴν
2524 1051 2575 1117 ἐξ
2633 1052 2862 1133 ἀνέμων,
2926 1054 3138 1134 ψηφῖδά
3186 1080 3301 1113 τινα
3322 1058 3561 1115 ὑπελθὼν
3590 1060 3861 1138 γενναίαν,

2220 1140 2304 1195 ἐπ’
2363 1141 2517 1196 αι’τῖς
2604 1141 2628 1163 "
2834 1144 2919 1199 ἐ’
2984 1144 2997 1164 ’
3093 1147 3104 1165 ’
3355 1145 3384 1167 ’³
3429 1149 3439 1166 ’

2254 1178 2264 1194 ι
2404 1180 2424 1197 υ
2482 1176 2541 1212 ιη
2595 1164 2773 1221 ωσπερ
2865 1167 2901 1200 π
2974 1166 3228 1224 αγκυρας,
3288 1147 3513 1223 βεοαιως
3567 1148 3695 1225 (14)
3757 1170 3863 1203 σα-

2218 1228 2379 1303 λεύει,
2439 1233 2805 1311 κατεχόμενος
2837 1237 2912 1307 τῷ
2941 1234 3089 1311 βάρει
3125 1238 3255 1311 πρὸς
3302 1238 3362 1292 τὸ
3406 1236 3484 1310 μὴ
3524 1235 3711 1312 ῥαδίως
3743 1253 3863 1300 τοῖς

2217 1320 2443 1393 κύμασιν
2493 1321 2862 1396 ὑποσύρεσθαι.
2926 1326 3089 1379 Τοῦτο
3160 1324 3285 1380 ὅταν
3315 1323 3501 1380 ῗδωσιν
3532 1329 3577 1380 οἱ
3624 1330 3868 1383 ναυτικοὶ

2219 1410 2277 1463 τὸ
2335 1425 2589 1483 σημεῖον,
2638 1409 2786 1466 ἴσασι
2817 1414 2916 1477 τὴν
2940 1411 3390 1491 προσδοκωμένην
3448 1416 3621 1490 βιαίαν
3651 1418 3866 1483 κίνησιν

2219 1503 2323 1553 τῶν
2399 1499 2629 1573 ἀνέμων.
2694 1497 2873 1563 Οὐδεὶς
2932 1501 3276 1581 ἀστρολόγος,
3340 1501 3503 1568 οὐδεὶς
3563 1503 3864 1576 Χαλδαῖος⁹

2219 1601 2341 1651 ταῖς
2398 1587 2673 1651 ἐπιτολλῖς
2708 1591 2813 1646 τῶν
2836 1589 3040 1668 ἄστρων
3092 1594 3185 1655 τὰς
3244 1598 3352 1649 τῶν
3396 1593 3559 1671 ἀέρων
3616 1597 3865 1673 ταραχὰς

2221 1677 2661 1755 τεκμαιρόμενος,
2720 1689 2881 1737 ταῦτα
2938 1682 3029 1736 τὸν
3088 1683 3276 1761 ἐχῖνον
3349 1680 3594 1755 ἐδίδαξεν,
3658 1682 3782 1737 ἀλλ’
3839 1687 3865 1737 ὁ

2217 1764 2485 1832 Θαλάσσης
2529 1769 2612 1823 καὶ
2692 1768 2899 1841 ἀνέμων
2957 1770 3138 1845 Κύριος
3198 1773 3283 1826 καὶ
3365 1778 3440 1845 τῷ
3509 1778 3685 1848 μικρῷ
3739 1772 3867 1843 ζώνμ

2218 1860 2315 1919 τῆς
2374 1854 2615 1933 μεγάλης
2648 1857 2834 1913 ἑαυτοῦ
2888 1860 3070 1937 σοφίας
3126 1859 3340 1937 ἐναργὲς
3402 1858 3555 1939 ἴχνος
3588 1861 3865 1926 ἐνέθηκεν.

2268 1943 2280 1961 ,
2304 1942 2339 1961 κς
2415 1943 2427 1961 .
2593 1948 2601 1961 .
2832 1947 2845 1967 ν
2864 1945 2905 1977 η
2993 1949 3004 1963 .
3224 1950 3233 1962 ι
3472 1951 3485 1968 κ
3636 1958 3659 1969 -

2219 1953 2378 1999 Ουοεν
2406 1966 2759 2022 απρονοητον,
2795 1966 2940 2002 ουοιν
2985 1946 3327 2021 ημελημενον
3356 1971 3497 2027 παρα
3528 1957 3667 2008 Θεου
3701 1951 3866 2024 (15].

2221 2034 2397 2087 Πάντα
2455 2035 2701 2090 σκοπεύει
2751 2038 2777 2090 ὁ
2842 2036 3131 2110 ἀκοίμητος
3186 2038 3477 2118 ὀφθαλμός.
3514 2044 3650 2094 nam
3709 2061 3868 2117 παρ-

2218 2143 2383 2202 εστιν,
2444 2123 2731 2201 ἐκπορίζων
2790 2123 2997 2197 ἑκάστῳ
3062 2128 3160 2193 τὴν
3219 2132 3507 2206 σωτηρίαν.
3557 2130 3611 2184 Εἰ
3666 2128 3865 2207 ἐχῖνον

2220 2210 2320 2275 ἔξω
2365 2212 2459 2279 τῆς
2506 2213 2689 2271 ἑαυτοῦ
2742 2212 3041 2281 ἐπισκοπῆς
3099 2218 3125 2271 ὃ
3171 2219 3299 2278 Θεὸς
3374 2218 3469 2273 οὒκ
3535 2218 3732 2297 ἀφῆκε,
3795 2220 3869 2273 τὰ

2220 2304 2285 2357 σα
2356 2306 2449 2359 οὒκ
2504 2300 2842 2378 ἐπισκοπεῖς
2903 2306 2961 2361 Οἱ
3022 2303 3227 2386 ἄνδρες,
3261 2310 3500 2384 ἀγαπᾶτε
3537 2309 3629 2367 τὰς
3662 2320 3871 2381 γυναῖ-

2220 2412 2338 2469 κας,
2409 2390 2507 2447 κέίν
2562 2393 2828 2471 ὒπερόριοι
2899 2392 3157 2463 ἀλλήλοις
3216 2398 3343 2471 πρὸς
3372 2397 3649 2454 κοινωνίαν
3682 2396 3869 2472 γάμου

2218 2479 2522 2545 συνέλθητε.
2579 2479 2635 2537 Ὀ
2710 2485 2809 2547 τῆς
2855 2484 3058 2560 φύσεως
3128 2482 3345 2559 δεσμὸς,
3393 2487 3420 2539 ὁ
3454 2483 3537 2539 διὰ
3567 2487 3663 2550 τῆς
3697 2485 3869 2540 εὔλο-

2218 2582 2334 2645 γιας
2394 2571 2575 2647 ζυγὸς,
2637 2569 2824 2632 ἓνωσις
2868 2570 3007 2627 ἔστω
3063 2578 3169 2627 τῶν
3219 2570 3539 2630 διεστώτων.
3587 2571 3868 2652 "Elian,

2215 2660 2275 2712 τὸ
2335 2656 2722 2738 χαλεπώτατον
2771 2661 2876 2715 τῶν
2938 2661 3193 2738 ἑρπετῶν,
3267 2664 3396 2733 πρὸς
3427 2664 3597 2739 γάμον
3648 2662 3870 2733 ἅπαντᾷ

2220 2746 2308 2813 τῆς
2364 2744 2644 2811 Θαλασσίας
2733 2748 2987 2827 μυραίνης
3035 2748 3188 2830 (16),
3278 2753 3362 2806 καὶ
3435 2756 3675 2828 συριγμῷ
3758 2750 3871 2816 τὴν

2217 2836 2502 2913 παρουσίαν
2571 2836 2858 2912 σημήνασα
2907 2837 3214 2895 ἐγκαλεῖται
3274 2842 3435 2906 at?)th
3478 2840 3537 2896 ἐκ
3593 2843 3699 2896 τῶν
3754 2839 3866 2914 βυ-

490 2934 681 3008 perat,
709 2934 770 2988 et
798 2943 932 2988 cum
955 2931 1243 2985 venenata
1265 2923 1453 2985 bestia
1474 2925 1806 3004 copulatur.
1836 2924 1986 2998 Quid
2018 2926 2129 2987 sibi

2222 2928 2319 2980 θῶν
2376 2926 2505 3000 πρὸς
2556 2927 2789 3002 γαμικὴν
2842 2925 3182 3001 συμπλοκὴν.
3245 2928 3307 2984 Ἢ
3358 2927 3411 2984 δὲ
3444 2930 3724 3007 ὑπακούει²
3771 2930 3869 2984 καὶ

487 3019 605 3080 vult
634 3017 731 3079 hic
758 3018 985 3078 sermo?
1014 3012 1307 3075 Nimirum
1349 3032 1597 3075 necesse
1628 3031 1781 3091 esse,
1817 3024 1879 3075 ut
1920 3016 2133 3095 conjux

487 3108 764 3169 maritum
796 3105 1080 3188 perferat,
1131 3103 1274 3165 licet
1305 3120 1610 3183 asperum,
1667 3103 1806 3165 licet
1866 3104 2133 3166 moribus

483 3196 701 3277 ferum,
738 3213 848 3256 nec
880 3192 954 3255 ob
986 3193 1163 3254 ullam
1199 3210 1435 3253 causam
1468 3193 1951 3270 conjunctionem
1985 3192 2132 3256 diri-

489 3304 653 3348 mere
681 3285 844 3346 vellt.
879 3282 1207 3344 Percussor
1237 3286 1371 3343 est?
1424 3281 1540 3345 Sed
1576 3281 1661 3343 vir
1694 3291 1825 3343 tuus
1856 3293 1968 3345 est.
2004 3282 2128 3346 Te-

486 3376 968 3437 mulentusne?At
990 3371 1201 3433 tibiest
1223 3381 1435 3435 natura
1449 3372 1825 3451 conjunctus.
1857 3373 2127 3435 Durusne

490 3460 1087 3545 etimplacidusiAt
1138 3461 1469 3522 membrum
1521 3462 1644 3541 jam
1689 3470 1851 3523 tuum
1898 3472 2010 3543 est,
2069 3472 2125 3525 et

492 3553 898 3616 membrorum
933 3550 1513 3632 praestantissimum.

569 3641 1061 3706 6.Audiataulem
1082 3640 1237 3703 etvir
1254 3640 1707 3701 convenientem
1730 3643 1839 3702 sibi
1864 3640 2133 3703 admoni-

482 3733 733 3795 tionem.
758 3731 976 3810 Vipera
998 3729 1236 3811 nuptias
1252 3728 1532 3810 reverita,
1568 3730 1728 3791 virus
1750 3731 1967 3791 evomit
1999 3748 2013 3793 :
2072 3740 2130 3792 tu

483 3822 665 3884 animi
689 3820 965 3881 duritiam
991 3828 1048 3881 et
1069 3819 1567 3880 inbumanitatem
1589 3818 1664 3880 ob
1688 3819 2130 3899 conjunctionis

479 3911 878 3975 reverentiam
914 3928 1033 3971 non
1057 3909 1322 3988 depones
1346 3914 1373 3970 ?
1401 3910 1515 3969 Aut
1556 3908 1822 3970 fortassis
1864 3908 2040 3971 nobis
2072 3928 2132 3982 et

479 4002 593 4064 alio
621 4000 795 4062 modo
829 3998 1333 4080 proderitviperm
1354 3998 1883 4079 exemplumzquod
1911 4006 2133 4061 natura;

478 4090 838 4153 adulterium
868 4087 1161 4166 quoddam
1189 4099 1275 4150 est
1297 4088 1393 4149 hic
1417 4086 1518 4149 ille
1535 4088 1755 4167 viperae
1774 4096 1828 4149 et
1855 4107 2133 4149 muraenae

483 4180 851 4260 complexus.
888 4176 1125 4240 Discant
1168 4176 1351 4255 igitur
1400 4179 1500 4257 qui
1532 4177 1743 4237 alienis
1776 4177 2134 4239 insidiantur

2219 2975 2440 3070 ἑνοῦταιΓ
2484 2975 2815 3087 ἶτῴιῖςὲόλίρ.
2851 2975 3182 3091 ΤίΓβούλεταί
3216 3038 3307 3092 μοι
3342 3020 3369 3072 ὁ
3398 3016 3556 3094 λόγος
3592 3036 3609 3092 ;
3648 2975 3729 3071 3t:
3762 3015 3868 3071 κᾶν

2214 3103 2414 3181 τραχύς
2457 3108 2494 3179 ᾖ
2529 3125 2545 3176 ;
2576 3102 2671 3159 κάν
2696 3104 2877 3182 ἄγριος
2936 3107 2996 3161 τὸ
3050 3104 3176 3173 ἦθος
3232 3110 3259 3163 ὁ
3322 3107 3581 3179 σύνοικος,
3646 3105 3867 3181 ἀνάγκη

2214 3193 2388 3272 φέρειν
2432 3194 2530 3259 τὴν
2576 3194 2833 3274 ὁμόζυγα,
2868 3196 2952 3251 καὶ
2983 3195 3044 3253 ἐκ
3091 3197 3356 3273 μηδεμιᾶς
3389 3200 3701 3276 προφάσεως
3735 3197 3872 3275 (17)

2213 3280 2594 3362 καταδέχεσθαι
2654 3285 2752 3350 τὴν
2806 3283 2992 3340 ἕνωσιν
3048 3283 3294 3358 διασπᾷν.
3364 3286 3617 3355 Πλήκτης
3653 3308 3669 3361 ;
3705 3284 3868 3341 Ἀλλ’

2211 3373 2365 3449 ἀνήρ.
2431 3374 2685 3451 Πάροινος
2721 3420 2737 3446 ,
2798 3364 2949 3429 Ἀλλ’
3010 3376 3282 3450 ἡνωμένος
3342 3378 3478 3432 κατὰ
3524 3377 3623 3442 τὴν
3680 3376 3864 3455 φύσιν.

2212 3462 2421 3541 Τραχὺς
2470 3465 2557 3517 καὶ
2614 3460 2925 3541 δυσάρεστος
2960 3481 2975 3539 ς
3009 3462 3176 3520 Ἀλλὰ
3236 3464 3398 3540 μέλος
3456 3464 3557 3531 ἤδη
3610 3467 3727 3538 σὸν,
3774 3467 3869 3520 καὶ

2216 3550 2393 3626 μελῶν
2418 3552 2476 3607 τὸ
2508 3552 2852 3627 τιμιώτατον,

2297 3640 2360 3703 6.
2402 3639 2669 3698 Ἀκουέτω
2739 3640 2790 3697 δὲ
2847 3643 2933 3699 καὶ
2965 3645 2992 3700 ὁ
3024 3643 3154 3723 ἀνήρ
3188 3647 3283 3711 τῆς
3319 3644 3689 3721 προσηκούσης
3722 3644 3872 3718 αὒτῷ

2216 3730 2596 3810 παραινέσεως.
2670 3729 2738 3788 Ἠ
2777 3729 2965 3811 ἔχιδνα
3013 3734 3103 3788 τὸν
3165 3736 3244 3790 ίὸν
3306 3732 3510 3811 ἐξεμεῖ,
3572 3729 3868 3809 αἰδουμένη

2211 3820 2300 3874 τὸν
2352 3819 2545 3897 γάμον⁶
2609 3820 2669 3875 σὺ
2721 3822 2783 3876 τὸ
2852 3825 2951 3887 τῆς
2982 3821 3163 3901 ψυχῆς
3197 3821 3397 3889 ἀπηνὲς
3448 3821 3533 3877 καί
3588 3819 3871 3899 ἀπάνθρω-

2214 3930 2312 3963 πον
2367 3909 2461 3964 ούκ
2528 3905 2835 3965 ἂποτίθεσαι
2869 3907 3009 3966 αἰδοῖ
3038 3911 3136 3978 τῆς
3175 3911 3414 3973 ἑνώσεως
3450 3927 3466 3985 ;
3499 3907 3584 3965 ’Ἦ
3619 3924 3767 3990 ταχα
3803 3913 3868 3967 τὸ

2213 4002 2310 4062 τῆς
2388 3994 2605 4076 ἐχίδνης
2705 3996 3004 4076 ὑπόδειγμα
3076 4002 3161 4055 καὶ
3228 3999 3420 4077 ἑτέρως
3464 4002 3596 4074 ἡμῖν
3654 4021 3867 4078 χρησι-

2214 4087 2396 4161 μεύσει
2460 4084 2609 4165 (18).
2672 4086 2753 4143 ὅτι
2808 4089 3021 4167 μοιχεῖο
3062 4089 3137 4152 τίς
3178 4092 3288 4146 ἐστι
3320 4094 3419 4155 τῆς
3450 4089 3711 4163 φύσεωςή
3758 4093 3868 4155 τῆς

2215 4174 2429 4255 ἐχίδνης
2488 4179 2575 4232 καὶ
2605 4176 2700 4244 τῆς
2759 4178 3016 4255 μυραίνης
3076 4177 3365 4247 ἐπιπλοκή,
3435 4175 3864 4256 Διδαχθήτωσαν

483 4268 895 4351 nuptiis,quali
920 4265 1121 4347 reptili
1144 4265 1262 4327 sint
1286 4266 1991 4328 consimiles.Ecclesiam
2022 4287 2131 4329 un-

2223 4264 2310 4321 οὖν
2374 4277 2488 4330 τοῖς
2558 4264 2851 4344 ἀλλοτρίοις
2902 4264 3325 4333 ἐπιϐουλεύοντες
3378 4268 3594 4343 γάμοις,
3626 4272 3860 4341 ποταπῷ

480 4359 705 4421 delibet
725 4356 1020 4419 aediﬁcare
1047 4373 1196 4415 unus
1230 4355 1377 4417 mibi
1416 4372 1632 4435 scopus
1674 4364 1784 4418 est.
1839 4353 2133 4418 Sedentur

479 4445 982 4510 incontinentium
1007 4444 1438 4524 libidines,tum
1461 4444 1715 4505 terrenis
1739 4452 1862 4505 tum
1888 4444 2131 4507 marinis

478 4538 726 4600 frenatae
737 4534 1050 4617 exemplis.
1086 4532 1195 4594 Hic
1216 4544 1275 4595 et
1288 4534 1555 4613 corporis
1576 4533 1889 4596 inlirmitas
1903 4542 1960 4595 et
1982 4542 2126 4595 tem-

479 4646 591 4710 pus
613 4627 1126 4706 advesperascens
1156 4624 1333 4685 linem
1355 4622 1643 4703 loquendi
1675 4623 1873 4684 facere
1900 4642 1992 4684 me
2023 4642 2123 4685 co-

478 4726 646 4798 gunt,
667 4714 778 4778 etsi
793 4714 886 4777 bis
902 4715 1005 4794 qui
1021 4711 1278 4775 libenter
1298 4711 1709 4789 audiunt,com
1717 4710 1886 4794 plura
1902 4712 2124 4795 adhuc,

557 4852 623 4904 96
646 4852 869 4934 Ephes.
900 4866 959 4932 v,
994 4848 1094 4913 25.

569 4990 693 5071 (l3)
727 4990 826 5052 Sic
860 5005 1002 5049 mss.
1029 4987 1103 5050 At
1131 4985 1277 5071 editi
1301 4988 1372 5051 εἰς
1408 4987 1506 5055 τὴν
1535 4985 1609 5052 ἐξ.
1657 4986 1781 5049 Nec
1834 4986 1911 5048 ita
1941 4986 2127 5048 multo

481 5069 611 5153 posit
639 5069 758 5153 si"?
962 5072 1023 5153 sb

568 5150 692 5230 (l4)
727 5146 811 5210 [ta
834 5147 1016 5211 editio
1064 5142 1241 5209 Basil.
1277 5165 1421 5230 cum,
1445 5146 1710 5230 quinque
1742 5163 1883 5230 ms_s.
1934 5142 2126 5207 Fditio

482 5224 670 5294 Paris.
702 5248 837 5291 cum
872 5230 1020 5307 Reg.
1056 5235 1258 5290 octavo
1293 5224 1522 5306 ἀγκύρας
1553 5224 1787 5304 βεϐαίας.
1814 5224 2129 5307 Tanquam

485 5314 553 5373 in
581 5311 856 5372 anchora
884 5305 1414 5389 ﬁr-ina.Aliquanto
1428 5305 1765 5389 posteditio
1792 5305 2124 5370 Paris.cum

488 5392 715 5469 εΙίΊιιυι
747 5386 891 5451 mss.
924 5386 1293 5468 ὑποσύρεοθαι.
1325 5386 1445 5450 Alii
1481 5386 1721 5469 quidam
1783 5404 1925 5449 mss.
1988 5406 2121 5448 cum

485 5471 659 5535 Bodl.
695 5471 1045 5548 ἂποσύρεσθαι
1058 5518 1071 5531 ,

573 5551 691 5630 (15)
726 5545 879 5629 Reg.
917 5545 1219 5611 secundus
1267 5566 1400 5611 cum
1448 5545 1617 5612 Colb.
1677 5546 1941 5609 secundo
1988 5550 2131 5627 παρὰ

488 5639 628 5690 Θεῶ.

562 5656 695 5792 ιίδίϐ)
726 5707 921 5792 codex
950 5704 1220 5792 Combef.
1268 5715 1336 5787 τῇ
1388 5707 1640 5792 θαλαττίᾳ
1684 5710 1931 5792 μυραίνη.
1997 5705 2124 5770 Mox

484 5788 657 5857 Colb.
713 5791 942 5875 primus
1000 5789 1306 5864 σημαινασα
1354 5789 1720 5869 ὶγκαλιτσοαι.
1765 5788 1969 5852 Monet
2038 5794 2128 5851 vir

2215 4356 2343 4409 εἰσιν
2384 4356 2589 4434 ἑρπετῷ
2660 4355 3047 4434 παραπλήσιοι.
3112 4361 3208 4423 Εἷς
3268 4379 3359 4433 μοι
3387 4358 3613 4437 σκοπός,
3649 4379 3859 4413 παντα-

2215 4444 2373 4523 χόθὲν
2449 4443 2837 4520 οἰκοδομεῖσθαι
2929 4446 3027 4513 τὴν
3132 4445 3476 4514 Ἐκκλησίαν,
3542 4446 3859 4505 Κατιστελ-

2212 4534 2381 4589 λὲσΘω
2432 4533 2551 4613 (19)
2615 4536 2679 4590 τὰ
2735 4539 2873 4602 πάθη
2923 4542 3029 4591 τῶν
3085 4535 3427 4616 ἀκολάστων,
3483 4538 3569 4592 καὶ
3626 4538 3861 4615 ἐγγείοις

2209 4625 2294 4679 καὶ
2374 4622 2673 4687 θαλαττίοις
2744 4622 3090 4703 ὑποδείγμασι
3166 4623 3541 4700 παιδευόμενα.
3596 4626 3861 4685 ’ἐνταῦθά

2210 4733 2275 4787 με
2334 4713 2522 4779 στῆναι
2596 4720 2689 4770 τοῦ
2737 4713 2897 4792 λόγου
2970 4712 3003 4780 ἤ
3053 4735 3109 4771 τε
3156 4724 3249 4773 τοῦ
3292 4717 3543 4790 σώματος
3586 4737 3857 4794 καταναγ-

2209 4983 2586 5068 doctissimus
2603 4984 2877 5068 Ducaaus,
2898 4986 3056 5068 quod
3083 4987 3181 5051 hic
3206 4987 3281 5051 de
3305 4988 3589 5051 muraenis
3609 4987 3856 5065 dicitur,

2208 5064 2283 5151 id
2295 5065 2547 5151 quidem
2580 5085 2613 5126 a
2642 5064 3000 5151 quibusdam
3027 5069 3417 5151 scriptoribus
3443 5069 3755 5150 aﬂirmari,
3781 5064 3858 5132 ab

2209 5146 2343 5207 aliis
2371 5163 2507 5207 vero
2542 5148 2769 5225 negari.

2291 5227 2415 5301 (l7)
2444 5225 2611 5309 Colb.
2643 5227 2945 5309 secundus
2976 5230 3076 5309 τὴν
3147 5230 3431 5309 ὁμόζυγον,
3476 5231 3567 5289 καὶ
3613 5227 3750 5306 mea
3795 5231 3856 5289 ἐκ

2213 5311 2336 5391 μιᾷς
2370 5308 2707 5391 προφάσεως.
2742 5307 2887 5388 Reg.
2944 5308 3185 5391 primus
3220 5307 3398 5373 habet
3454 5327 3696 5391 quoque
3752 5312 3857 5379 τὴν

2208 5387 2488 5470 ὁμόζυγον.
2522 5387 2642 5470 Alii
2676 5407 2818 5451 mss.
2840 5387 2990 5451 cum
3050 5389 3224 5451 editis
3275 5392 3373 5458 τὴν
3425 5387 3685 5470 ὁμόζυγα,
3703 5398 3853 5470 _etc.

2284 5467 2405 5551 [18)
2439 5468 2692 5530 Codices
2722 5487 2825 5530 sex
2875 5473 3255 5551 χρησιμεύσει.
3289 5470 3451 5534 Editi
3509 5467 3646 5532 cum
3700 5467 3854 5551 Reg.

2213 5548 2423 5626 quinto
2446 5552 2785 5626 χρησιμεύει.

2293 5627 2413 5707 (19)
2450 5627 2617 5692 Colb.
2668 5629 2968 5693 secundus
3012 5631 3569 5696 καταστελλέσθωσαν.
3634 5630 3853 5695 Statim

2211 5705 2372 5770 idem
2394 5705 2522 5771 'ms.
2544 5707 2921 5788 παιδευόμενα.
