4076 6216
231 312 348 379 169

1301 310 1629 376 HOMILIA
1670 304 1813 374 VIII
1852 304 1934 372 IN
1977 301 2539 374 HEXAEMERON.

3490 302 3602 373 170

231 449 332 505 Διὰ
388 447 441 505 τί
497 447 550 512 ἕξ
601 445 802 504 ὑδάτων
859 447 949 504 καὶ
974 459 1092 513 τοις
1135 457 1364 514 πτηνοῖς
1388 446 1486 512 τὴν
1515 443 1722 523 γένεσιν
1741 443 1862 502 ἴδω·

1952 450 2072 502 tum
2107 439 2273 502 dedit
2299 446 2329 502 ἲ
2359 440 2511 515 Quia
2539 437 2801 504 votalitia
2827 437 2984 503 inter
3029 447 3089 503 et
3119 440 3380 504 natatilla
3434 449 3602 520 qu.-

225 559 319 593 ιιεν
355 557 371 607 ;
427 533 562 594 ’Ὅτι
635 535 816 613 ὥσπερ
847 535 1129 613 συγγένειά
1156 535 1234 598 τίς
1267 532 1378 590 εστι
1407 545 1526 596 τοῖς
1558 531 1872 607 πετομίνοις

223 627 357 701 πρὸς
428 626 491 682 τὰ
549 626 742 691 νηκτά.
810 626 907 683 Καὶ
955 625 1054 701 γὰρ
1082 624 1265 702 ὥσπερ
1320 624 1366 680 οἱ
1424 624 1576 702 ἰχθυς
1617 623 1678 680 τὸ
1734 619 1872 702 ὕδωρ

220 715 500 789 τέμνουσι,
547 720 616 790 τῇ
660 715 761 787 μὲν
817 715 1026 785 κινήσει
1083 719 1190 771 τῶν
1234 713 1508 792 πτερύγων
1542 709 1670 792 (ιι)
1706 713 1778 776 είς
1810 712 1872 769 τὸ

223 804 412 881 πρόσω
468 804 793 881 χωροῦντες,
841 807 908 877 τῇ
967 799 1020 857 δὲ
1083 808 1176 858 τοῦ
1233 800 1442 879 οὑραίου
1473 797 1746 875 μεταδολῇ
1774 799 1874 862 τάς

221 914 279 948 τε
355 891 707 970 περιστροφᾶς
765 891 855 947 καὶ
889 890 985 955 τὰς
1043 891 1238 956 εὑθείας
1271 890 1437 965 ὁρμὰς
1467 890 1678 954 ἑαυτοῖς
1709 888 1873 946 οἰακί-

221 990 426 1052 ζοντες⁶
457 981 596 1037 οὕτω
653 980 741 1036 καὶ
799 979 884 1036 ἐπὶ
913 986 1018 1035 τῶν
1047 985 1266 1046 πτηνῶν
1300 978 1438 1035 ἔστιν
1491 977 1645 1048 ἰδεῖν,
1677 975 1870 1046 διανη-

223 1071 477 1150 χομὲνων
535 1071 626 1126 τὸν
680 1069 807 1148 ἀέρα
835 1082 953 1133 τοῖς
985 1082 1202 1137 πτεροῖς
1235 1070 1368 1126 κατὰ
1397 1069 1487 1125 τὸν
1519 1067 1710 1143 ὅμοιον
1740 1067 1872 1144 τρό-

222 1183 350 1221 πον.
387 1157 594 1232 ’¹Ωστε,
657 1157 840 1225 ἐπειδὴ
885 1157 940 1214 ἓν
971 1156 1161 1232 ἰδίωμα
1192 1158 1247 1214 ἂν
1278 1157 1545 1236 ἑκατέροις
1590 1158 1650 1213 τὸ
1693 1158 1870 1236 νήχε-

222 1252 366 1323 σθαι,
411 1251 505 1323 μία
559 1269 640 1310 τις
691 1246 874 1311 αὑτοῖς
929 1250 962 1314 ἡ
993 1247 1270 1325 συγγένεια
1295 1250 1356 1303 εκ
1385 1250 1483 1315 τῆς
1539 1253 1645 1303 τῶν
1673 1243 1872 1303 ὑδάτων

219 1338 482 1415 γενέσεως
555 1337 891 1417 παρεσχέθη.
944 1336 1092 1408 Πλήν
1156 1360 1217 1416 γε
1271 1336 1354 1394 ὅτι
1401 1335 1547 1393 οὐδὲν
1576 1341 1680 1393 τῶν
1728 1359 1871 1403 πτη-

220 1433 326 1483 νῶν
384 1426 572 1501 ἂπουν,
629 1423 713 1482 διὰ
760 1428 821 1483 τὸ
852 1433 981 1483 πᾶσι
1038 1427 1137 1493 τὴν
1207 1425 1408 1483 δίαιταν
1455 1426 1562 1482 ἀπὸ
1618 1426 1717 1494 τῆς
1770 1429 1870 1502 γῆς

217 1518 507 1595 ὑπάρχειν,
571 1517 656 1572 καὶ
736 1516 907 1572 πάντα
979 1515 1276 1593 ἀναγκαίως
1347 1521 1444 1583 τῆς
1519 1532 1621 1572 των
1696 1513 1871 1572 ποδῶν

213 1609 504 1684 ὑπουργίας
571 1603 942 1683 προσδεῖσθαι.
999 1609 1128 1669 Τοῖς
1199 1613 1298 1680 μὲν
1360 1606 1461 1684 γὰρ
1517 1605 1870 1684 ἁρπακτικοτς

217 1696 355 1772 πρὸς
382 1697 478 1762 τὴν
551 1694 716 1772 ἃγραν
769 1697 817 1749 α’
877 1699 983 1751 τῶν
1039 1695 1248 1774 ὀνύχων
1304 1693 1488 1770 ἀκμαί·
1525 1706 1644 1756 τοῖς
1675 1692 1730 1749 δὲ
1760 1692 1872 1749 λοι-

1895 1743 1929 1791 Β

1954 529 2088 590 dam
2121 540 2214 591 est
2236 529 2416 591 veluti
2439 527 3256 606 cognatio.Quemadmodum
3289 529 3448 592 enim
3469 528 3598 611 pis-

1953 638 2055 681 ces
2082 636 2298 695 aquam
2329 626 2553 698 secant,
2613 617 2688 680 ad
2731 617 3018 682 ulteriora
3063 627 3228 680 motu
3278 618 3601 699 pinnarum

1957 707 2431 787 progredientes,
2484 715 2544 767 et
2571 705 2775 768 cauda
2836 707 3162 770 mutatione
3200 716 3325 770 tum
3372 708 3601 772 circui-

1957 799 2146 858 tiones
2179 807 2301 859 tum
2323 805 2518 858 rectos
2541 805 2736 857 motus
2755 796 2869 858 sibi
2884 796 3032 876 ipsis
3056 796 3405 875 dirigentes:
3432 797 3520 860 sic
3541 806 3602 861 et

1956 888 2013 946 in
2039 885 2372 947 volatilibus
2399 885 2604 946 videre
2625 892 2737 960 est,
2769 883 3252 966 quandoquidem
3272 885 3384 947 alis
3413 886 3598 950 simili

1958 977 2132 1036 modo
2163 993 2362 1036 aerem
2386 973 2714 1052 trajiciunt.
2761 975 2958 1047 Quare
2989 993 3123 1036 cum
3172 974 3415 1036 natandi
3451 995 3596 1052 pro-

1958 1065 2180 1143 prietas
2201 1065 2261 1124 in
2283 1064 2548 1144 utrisque
2572 1063 2650 1125 sit
2680 1081 2817 1142 una,
2855 1081 2972 1124 una
2995 1062 3265 1143 quaedam
3294 1063 3444 1143 ipsis
3472 1065 3604 1128 afﬁ-

1960 1154 2112 1213 nitas
2138 1172 2242 1232 per
2273 1169 2560 1229 aquarum
2591 1152 3036 1231 generationem
3070 1152 3282 1215 collata
3333 1161 3443 1217 est.
3479 1154 3601 1219 Sed

1958 1252 2154 1304 tamen
2180 1243 2412 1304 volatile
2445 1241 2672 1302 nullum
2699 1240 2952 1321 pedibus
2973 1250 3156 1316 caret,
3189 1243 3348 1324 quod
3375 1243 3597 1307 victum

1956 1331 2293 1411 suppeditat
2320 1339 2479 1394 terra
2511 1329 2809 1406 omnibus,
2837 1339 2896 1391 et
2918 1331 3119 1392 omnia
3143 1331 3361 1411 pedum
3396 1332 3600 1394 minis-

1960 1421 2108 1482 terio
2134 1419 2472 1483 necessarie
2494 1419 2783 1498 indigent.
2810 1418 3148 1500 Rapacibus
3173 1420 3417 1502 quidem
3439 1421 3602 1484 acies

1954 1512 2241 1588 unguium
2274 1511 2347 1572 ad
2372 1509 2723 1590 capiendam
2753 1509 3035 1590 przedam,
3061 1509 3308 1591 reliquis
3351 1529 3490 1573 vero
3519 1511 3599 1575 ob

1953 1601 2301 1661 alimentum
2334 1597 2799 1678 comparandum
2831 1608 2891 1661 et
2935 1599 3010 1660 ad
3067 1598 3361 1679 reliquam
3421 1600 3598 1664 vitam

1953 1691 2399 1768 transigendam
2435 1687 2652 1768 pedum
2706 1707 2849 1749 usus
2901 1689 3240 1750 necessario
3272 1708 3601 1754 concessus

219 1798 354 1842 ποτε
378 1782 458 1840 διά
483 1805 540 1840 τε
570 1785 662 1839 τὸν
706 1785 968 1861 πορισμὸν
1010 1785 1109 1850 τῆς
1143 1788 1341 1862 τροφῆς
1386 1785 1479 1839 καὶ
1509 1780 1592 1839 διὰ
1620 1784 1719 1850 τὴν
1747 1781 1862 1840 λοι-

1953 1789 2064 1842 est.
2093 1782 2277 1842 Porro
2308 1796 2509 1860 paucae
2538 1786 2674 1838 sunt
2701 1777 2994 1853 volucres,
3020 1797 3152 1858 qua;
3184 1779 3370 1841 malos
3400 1779 3593 1843 babe-

218 1876 332 1940 τεὴν
401 1875 492 1930 to;
562 1875 676 1950 βίου
746 1871 1073 1950 διεξαγωγὴν
1129 1874 1390 1951 ἀναγκαῖα
1440 1877 1544 1928 τῶν
1602 1871 1775 1930 ποδῶν
1831 1873 1866 1940 ἡ

211 1963 481 2041 ὑπηρεσία
548 1960 871 2039 δεδώρηται.
909 1961 1110 2040 Ὀλίγοι
1168 1961 1222 2016 δὲ
1266 1967 1372 2017 τῶν
1424 1962 1638 2038 ὀρνίθων
1697 1961 1867 2018 καιό-

214 2051 378 2116 ποδές
443 2054 592 2126 εἰσιν,
659 2052 775 2108 οὔτε
832 2050 1058 2127 βαδίζειν
1113 2049 1228 2108 οὔτε
1287 2051 1527 2129 ἀγρεύειν
1561 2063 1676 2116 τοῖς
1715 2053 1868 2109 ποσὶν

213 2141 536 2210 ἐπιτήδειοι·
571 2145 644 2198 cbo
709 2141 769 2197 αἵ
840 2163 897 2198 τε
966 2139 1240 2222 χελιδόνες
1268 2140 1532 2217 εἶσὶμό),
1566 2141 1684 2198 οὔτε
1715 2140 1865 2218 βαδίν

214 2241 326 2304 ζειν
361 2230 476 2287 οὔτε
538 2232 777 2308 ἀγρεύειν
825 2230 1139 2309 δυνάμεναι,
1186 2233 1273 2288 καὶ
1331 2233 1383 2290 αἱ
1427 2229 1725 2310 δρεπανίδες
1771 2231 1869 2288 λε-

221 2323 474 2399 γόμεναι,
539 2321 629 2384 οῖς
676 2323 710 2389 ἡ
763 2322 931 2399 τροφὴ
999 2321 1106 2376 ἀπὸ
1157 2321 1262 2378 τῶν
1293 2320 1594 2399 ἑντῴἆέρι
1643 2323 1871 2400 εμφερο-

218 2412 401 2484 μενων
428 2411 788 2478 ἐπινενόηται.
824 2408 1066 2468 Χελιδόνι
1098 2409 1152 2466 δὲ
1183 2411 1244 2466 τὸ
1288 2415 1388 2478 τῆς
1419 2411 1668 2481 πτήσεως
1693 2413 1868 2489 πρόσ-

215 2521 365 2576 γειον
397 2499 508 2557 ἀντὶ
538 2505 639 2567 τῆς
681 2506 790 2557 τῶν
815 2497 992 2556 ποδῶν
1022 2500 1308 2579 ὑπηρεσίας
1339 2498 1503 2561 ὶστὶν.

296 2589 362 2651 3,
392 2590 502 2646 Εἱσὶ
546 2589 728 2664 μέντοι
783 2587 950 2668 γενῶν
1003 2586 1246 2668 διαφοραὶ
1304 2589 1482 2668 μυρίαι
1515 2589 1603 2646 καὶ
1662 2586 1716 2644 ἓν
1745 2601 1867 2653 τοῖς

213 2681 439 2755 ὄρνισιν,
490 2679 554 2742 ἅς
601 2679 690 2744 ξάν
747 2702 829 2742 τις
884 2678 1019 2735 κατὰ
1048 2679 1139 2734 τὸν
1171 2678 1327 2735 αὑτὸν
1368 2680 1564 2756 τρόπον
1593 2677 1716 2754 ἐπίῃ
1749 2678 1864 2736 καθ’

213 2769 274 2826 ὅν
322 2769 380 2824 ἐν
439 2770 585 2847 μέρει
640 2770 725 2825 καὶ
775 2768 871 2836 τῆς
917 2774 1022 2825 τῶν
1071 2769 1272 2848 ἰχθύων
1325 2767 1609 2834 ἒξετάσιως
1646 2769 1865 2848 ἐφηψά-

214 2864 377 2933 μεθα,
440 2861 650 2937 εὑρήσει
696 2857 749 2916 ἕν
803 2859 902 2934 μὲν
955 2857 1122 2933 ὅνομα
1175 2865 1282 2914 τῶν
1339 2859 1620 2931 πετεινῶν,
1679 2858 1865 2937 μυρίας

213 2949 268 3004 δὲ
302 2949 360 3004 ἓν
403 2949 610 3012 τούτοις
642 2946 890 3027 διαφορὰς
919 2947 973 3003 ἕν
1000 2969 1058 3003 τε
1083 2947 1203 3012 τοῖς
1255 2947 1496 3026 μεγέθεσι
1527 2949 1615 3004 καὶ
1667 2946 1721 3003 ἰν
1750 2961 1865 3014 τοῖς

212 3043 471 3120 σχήμασι
524 3040 611 3096 καὶ
643 3039 697 3095 ἐν
743 3052 865 3103 ταῖς
939 3039 1153 3118 χρόαις⁶
1191 3039 1279 3096 καὶ
1329 3039 1465 3094 κατὰ
1512 3039 1632 3102 τοὺς
1695 3038 1862 3118 βίους,

212 3130 303 3186 καὶ
363 3132 457 3187 τὰς
514 3128 752 3208 πράξεις,
800 3130 973 3186 καὶτὰ
1021 3132 1154 3204 ἥθη,
1187 3127 1456 3204 ἀμύθητον
1489 3127 1645 3184 οὖσαν
1680 3129 1864 3194 αὐτοῖς

213 3220 314 3286 τὴν
389 3220 519 3294 πρὸς
573 3217 785 3284 ἄλληλα
843 3216 1218 3296 παραλλαγήν.
1273 3214 1432 3283 "Han
1465 3217 1562 3291 μὲν
1592 3217 1678 3275 οὖν
1724 3239 1864 3282 τινες

211 3306 568 3384 ἐπειράθησαν
653 3308 738 3362 καὶ
823 3307 1256 3381 ὀνοματοποιὶαις
1358 3307 1685 3386 χρήσασθαι,
1761 3306 1862 3379 ἵν’,

211 3398 394 3472 ὥσπερ
439 3395 522 3451 διὰ
594 3397 873 3473 καυτήρων
927 3396 1087 3452 τινῶν
1135 3399 1234 3463 τῆς
1307 3393 1595 3463 ἀσυνήθους
1647 3397 1740 3451 καῖ
1774 3394 1864 3461 ξέ-

212 3508 310 3552 νης
369 3485 681 3560 ὀνομασίας,
748 3486 808 3541 τὸ
838 3483 1030 3560 ἷᾶωμα
1075 3485 1298 3541 ἑκάστου
1368 3483 1552 3561 γένους
1604 3483 1866 3560 ἐπιγινώ-

211 3597 440 3642 σκηται.
505 3575 603 3631 Καὶ
651 3575 715 3629 τὰ
773 3574 870 3649 μὲν
917 3574 1202 3648 ὠνόμασαν
1257 3574 1584 3653 σχιζόπτερα
1612 3573 1866 3654 (46),ὼς

210 3667 339 3728 τοὺς
401 3664 605 3728 ἀετούς·
655 3664 719 3718 τὰ
748 3661 802 3718 δὲ
853 3661 1203 3740 δερμόπτερα,
1265 3665 1337 3727 ὡς
1387 3663 1479 3726 τὰς
1543 3662 1863 3740 νυκτερίδας’

210 3795 359 3839 usus
391 3783 500 3854 est,
527 3775 865 3854 secundum
907 3776 1385 3853 ﬁrmamentum,
1420 3775 1604 3836 etsub

213 3853 934 3932 mento.LegeNobilium.
953 3854 1352 3916 Tertullianus
1371 3855 1798 3934 Adv.Hermog
1815 3903 1850 3932 .,

1950 1879 2052 1930 ant
2073 1870 2280 1950 pedes,
2315 1885 2570 1946 quaeque
2600 1869 2723 1928 sive
2755 1867 2828 1927 ad
2887 1866 3341 1942 ambulandum,
3367 1869 3494 1932 sive
3519 1870 3596 1934 ad

1949 1959 2287 2020 venandum
2320 1957 2555 2018 idoneae
2587 1975 2707 2016 non
2741 1955 2860 2016 sint
2906 1955 3186 2035 pedibus,
3239 1975 3350 2019 ceu
3381 1959 3598 2022 hirun-

1952 2049 2147 2121 dines,
2183 2044 2860 2128 quaenequeambulare,
2886 2063 3079 2126 neque
3103 2047 3306 2108 venari
3323 2055 3597 2127 possunt,

1955 2147 2011 2198 et
2039 2157 2174 2198 aves
2206 2137 2448 2199 nomine
2477 2136 2801 2215 drepanes,
2838 2133 3057 2213 quibus
3099 2135 3384 2197 alimonia
3417 2155 3488 2199 ex
3521 2137 3597 2201 iis

1953 2247 2083 2308 quze
2111 2228 2382 2289 feruntur
2402 2226 2462 2287 in
2480 2242 2647 2304 aere,
2674 2223 2908 2304 provisa
2926 2231 3038 2286 est.
3053 2226 3346 2288 Cancrum
3372 2228 3600 2291 volatus

1953 2327 2127 2379 terrae
2158 2317 2384 2378 vicinus
2414 2315 2476 2376 in
2496 2314 2817 2376 hirundine
2836 2313 3054 2394 pedum
3075 2314 3278 2396 explet
3297 2315 3588 2383 ollicium.

2029 2587 2088 2645 3.
2116 2587 2266 2648 Sunt
2292 2593 2491 2648 autem
2524 2585 2855 2647 innumera
2901 2600 3193 2662 generum
3238 2583 3595 2651 diluenti.

1951 2676 2130 2738 etiam
2155 2676 2214 2736 in
2231 2674 2749 2756 volucribuszquas
2764 2675 2815 2736 si
2832 2672 2967 2756 quis
2985 2687 3377 2753 percurrateo
3390 2676 3591 2760 modo,

1950 2786 2068 2842 quo
2095 2764 2304 2845 partim
2329 2764 2578 2846 piscium
2597 2782 2847 2827 examen
2870 2764 3170 2842 attigimus
3203 2784 3221 2845 ;
3249 2784 3430 2827 unum
3455 2767 3557 2848 qui
3577 2801 3595 2816 -

1950 2856 2083 2916 dem
2110 2855 2417 2916 volucrum
2450 2872 2691 2928 nomen,
2719 2853 2825 2915 sed
2861 2853 3125 2915 inﬁnitas
3165 2854 3594 2934 magnitudinis

1951 2945 2392 3024 ﬁgurarumque
2425 2951 2484 3004 et
2504 2943 2772 3004 colorum
2807 2941 3174 3005 differentias
3195 2942 3258 3004 in
3275 2943 3368 3006 bis
3387 2962 3594 3027 reper-

1884 3026 1923 3074 C
1952 3046 2116 3096 turus
2141 3033 2351 3095 est.Ad
2373 3033 2549 3094 vitam
2575 3033 2780 3108 etiam,
2806 3041 2866 3094 et
2886 3032 2962 3094 ad
2988 3031 3256 3094 actiones
3274 3026 3594 3117 moresque

1949 3126 2105 3207 quod
2138 3131 2386 3202 spectat,
2418 3122 2880 3184 inenarrabilem
2912 3121 3232 3199 quamdam
3264 3121 3596 3204 interipsas

1949 3211 2357 3293 deprehendet
2383 3212 2886 3284 varietatem,.lam
2908 3228 3048 3274 vero
3067 3210 3265 3272 conati
3282 3221 3422 3273 sunt
3444 3231 3595 3276 non-

1951 3303 2092 3364 nulli
2127 3301 2398 3364 conﬁctis
2428 3301 2770 3364 nominibus
2798 3304 3000 3376 uti,ut,
3032 3300 3207 3362 veluti
3235 3319 3342 3381 per
3360 3301 3592 3367 inustas

1952 3392 2233 3474 quasdam
2255 3391 2504 3453 insolitae
2525 3393 2926 3472 etperegrinaa
2947 3389 3362 3471 appellationis
3393 3402 3585 3472 notas,

1951 3481 2268 3562 cujuslibet
2285 3481 2526 3561 generis
2543 3483 2872 3562 proprietas
2904 3489 3316 3560 cognoscatur.
3350 3480 3426 3543 Et
3443 3483 3590 3547 alias

1951 3573 2189 3653 quidem
2209 3589 2346 3632 aves
2368 3571 2751 3634 nominarunt
2770 3571 3291 3651 schizopteras,uti
3322 3573 3585 3652 aquilas:

1951 3662 2096 3723 alias
2143 3678 2284 3722 vero
2335 3662 2766 3741 dermopteras,
2816 3670 2877 3722 ut
2905 3659 3360 3741 vespertilioues
3393 3680 3408 3721 :
3443 3664 3590 3727 alias

1640 3776 1854 3853 ﬁrma-
1942 3773 2034 3835 hic
2060 3774 2345 3851 scriptum
2373 3773 2711 3836 invenimus
2730 3773 2804 3854 de
2832 3771 3280 3854 coelopteris,id
3315 3792 3396 3835 nn
3454 3793 3590 3854 pro-

1941 3856 2108 3915 batur
2127 3857 2301 3916 Petro
2320 3854 2533 3916 Petito.
2547 3853 2919 3931 lgiturlib.tv
2942 3853 3471 3916 Miscellanearum
3489 3857 3586 3919 ob-

207 3954 326 4016 per
357 3937 983 4016 ﬁrmamentum:un
1007 3935 1420 4016 interpretatio
1441 3935 1696 3996 maxime
1718 3933 1856 3997 con-
1935 3937 2371 4016 servationum,
2398 3950 2528 4013 cap.
2558 3935 2656 4004 16,
2693 3934 3090 4016 loquiturhoc
3129 3933 3353 4016 modo:
3390 3935 3588 4015 Hujus

208 4013 374 4079 venit
397 4034 534 4077 cum
565 4025 764 4076 mente
793 4013 1019 4078 Basilii.
1055 4013 1201 4080 Cum
1235 4017 1601 4095 enimrPater
1621 4017 1854 4094 gravis-
1937 4017 2138 4095 itaque
2161 4013 2500 4076 volatitium
2539 4015 2868 4095 secundum
2915 4014 3161 4076 alarum
3205 4013 3585 4092 diﬂ‘erent'ias

207 4099 402 4160 simus
430 4114 536 4175 per
564 4113 766 4176 vocem
807 4097 1092 4176 ,στερέωμα
1143 4095 1288 4157 nihil
1349 4094 1511 4157 aliud
1562 4096 1854 4176 intelligat
1933 4094 2280 4169 divisionis,
2316 4101 2539 4176 caetera
2577 4095 2823 4175 quidem
2851 4094 3018 4174 bene,
3042 4101 3100 4157 et
3119 4111 3194 4156 ea:
3224 4095 3581 4160 Aristotelis

209 4178 332 4240 nisi
347 4194 571 4250 aerem,
601 4181 680 4235 uti
704 4175 921 4254 legitur
938 4175 1048 4238 sub
1070 4176 1247 4237 tinem
1273 4176 1522 4254 hujusce
1541 4175 1846 4253 orationis,

1933 4175 2421 4253 sententia,unde
2442 4177 2766 4254 acrepitzin
2783 4193 2928 4238 voce
2945 4176 3299 4253 κουλεόπτερα
3322 4193 3446 4237 non
3458 4193 3583 4240 me-

207 4258 486 4348 sequitur
595 4256 861 4318 volatilia
893 4255 1087 4348 volent
1118 4273 1224 4336 per
1277 4273 1507 4336 aerem,
1560 4255 1692 4337 ipsa
1743 4275 1851 4339 per
1932 4255 3584 4348 diqcriterhallucinatusvidetu'r,eumputatsigniﬁca—

211 4336 662 4417 ﬁrmamentum
694 4355 932 4417 quoque
961 4336 1183 4399 volare.

293 4418 417 4490 (44)
446 4415 687 4496 Aliquot
714 4414 873 4480 'mss'.
907 4419 1011 4472 τῶν
1045 4417 1350 4497 πτερυγίων.
1410 4415 1619 4479 Statim
1678 4414 1845 4480 Colb.

211 4497 662 4579 primus_tdc_ta
687 4497 1030 4579 περιτροπάς.

293 4577 422 4654 (45)
455 4575 540 4657 Ita
565 4574 1001 4657 Regiiprimus,
1024 4576 1515 4657 quintus,sextus
1534 4583 1594 4637 et
1616 4582 1854 4638 octavus

211 4677 350 4719 cum
387 4655 618 4737 duobus
650 4655 817 4719 Colb.
842 4655 998 4737 Editi
1028 4655 1167 4717 vero
1219 4655 1495 4734 χελιδόνες
1527 4659 1622 4712 εἶσὶ
1655 4658 1742 4712 καὶ
1774 4659 1850 4737 at,

213 4737 447 4799 mutile.
479 4735 704 4799 Ibidem
735 4739 823 4793 καὶ
852 4739 904 4793 αἱ
934 4735 1255 4814 δρεπανίδες,
1290 4744 1346 4798 et
1399 4737 1715 4816 depranes.
1754 4735 1852 4799 Sic

211 4819 403 4879 visum
439 4825 532 4879 est
554 4825 784 4879 vertere
807 4835 940 4877 cum
974 4816 1190 4889 Plinio,
1253 4816 1356 4896 qui
1403 4818 1512 4877 hac
1548 4816 1676 4896 ipsa
1707 4834 1850 4878 voce

219 4899 443 4992 libum,
466 4915 597 4976 cap.
630 4897 730 4992 47,
750 4896 836 4992 uti
861 4915 976 4957 non
999 4896 1397 4992 dubitatEjus
1420 4897 1853 4992 haesuntver-

217 4976 440 5052 διεριιί
471 4984 696 5056 negant
717 4976 1024 5039 volucrem
1048 4977 1241 5038 ullam
1259 4981 1395 5038 sine
1423 4976 1676 5056 pedibus
1697 4993 1849 5056 esse,

215 5059 586 5138 conﬁrmant
608 5063 662 5119 et
691 5058 917 5136 apodas
945 5057 1188 5136 habere,
1235 5065 1290 5118 et
1330 5074 1512 5138 ocem_.
1539 5066 1592 5118 et
1621 5057 1850 5136 depra-

213 5133 366 5213 nini,
402 5141 470 5198 in
494 5139 584 5199 eis
621 5133 750 5216 quis
784 5138 1103 5198 rarissime
1134 5133 1452 5217 apparent.
1487 5133 1852 5215 Interpretes

208 5228 464 5280 veteres.
522 5217 599 5278 Et
629 5235 712 5278 ea:
771 5235 905 5297 qua
935 5217 1183 5294 falcatae
1239 5223 1694 5297 nuneupantur,
1743 5223 1852 5279 aut

214 5302 488 5376 ripariaz.
523 5297 640 5358 Has
673 5315 808 5358 aves
837 5306 1004 5358 vocat
1036 5297 1376 5358 Eustathius
1404 5314 1698 5375 meropos.

294 5381 412 5454 (46)
443 5376 660 5451 Libuit,
692 5377 850 5458 quod
875 5396 990 5438 non
1013 5376 1598 5458 suppeterentverba
1619 5375 1846 5458 Latina,

213 5460 298 5520 sic
317 5468 550 5521 vertere
580 5457 1287 5538 schi’zopterasxtcyAves
1311 5466 1506 5518 autem
1525 5457 1853 5538 schizopte-

213 5559 320 5613 re,
353 5559 441 5600 eae
475 5537 938 5614 dicuntur,quee
970 5537 1191 5599 habent
1222 5556 1474 5617 pennam
1507 5537 1849 5617 discretam,

213 5621 338 5683 alas
373 5620 562 5682 ﬁssas.
599 5618 974 5698 Dermoteras
997 5635 1099 5681 eas
1127 5616 1424 5698 vocamus,
1459 5619 1672 5698 quibus
1703 5616 1854 5698 cutis

214 5717 320 5780 pro
349 5700 566 5782 pennis
589 5697 935 5782 est_.Ptilota
956 5717 1042 5782 eae
1072 5694 1499 5782 intelliguntur,
1525 5717 1656 5781 quia
1695 5694 1856 5782 sicca

1873 4382 1915 4432 ἱ)

1934 4338 2112 4416 rihoc
2143 4338 2389 4416 nomine
2421 4338 2784 4397 insectorum
2810 4335 2968 4397 illud
2999 4335 3583 4416 genus,_rquaeinvo-

1935 4415 2126 4478 lucris
2149 4415 2506 4496 quibusdam
2531 4423 2812 4496 concepta
2837 4423 2889 4477 et
2914 4413 3042 4496 fota
3059 4414 3138 4476 ad
3161 4413 3407 4496 aliquod
3425 4423 3580 4478 tem-

1931 4515 2063 4573 pus.
2094 4495 2472 4575 postmodum
2516 4495 2833 4574 putamine
2863 4495 3141 4575 disrupta
3189 4495 3434 4558 evolant
3463 4516 3477 4556 :
3510 4503 3582 4558 ut

1935 4577 2012 4637 de
2042 4574 2272 4637 cicadis
2304 4575 2620 4637 Lucretius
2644 4583 2936 4636 memorat
2961 4574 3068 4638 lib.
3104 4591 3177 4637 v:

2015 4656 2334 4718 Folliculos
2365 4663 2426 4716 ut
2459 4673 2620 4715 nunc
2652 4663 2869 4716 teretes
2900 4664 3100 4717 aestate
3125 4654 3368 4716 cicada.

2019 4736 2314 4828 Linquunt
2335 4742 2545 4828 sponte
2578 4753 2706 4828 sua,
2729 4735 2944 4828 victum
2962 4735 3264 4828 vitamque
3281 4741 3575 4828 petentes.

1933 4817 2123 4879 Plane
2145 4815 2208 4877 id
2232 4815 2416 4877 verba
2441 4816 2564 4878 hac
2591 4815 2816 4878 Bas'ilii
2867 4822 3089 4878 sonant
3120 4836 3133 4878 :
3164 4815 3263 4872 ὅσα
3292 4816 3347 4872 ἐν
3391 4819 3578 4885 Θὴκαις

1934 4901 2035 4977 τισὶ
2056 4901 2137 4952 καὶ
2160 4894 2470 4974 περιϐολαῖς
2493 4899 2808 4977 γεννηθέντα
2827 4896 3253 4976 περιῤῥαγέντος,
3271 4904 3418 4977 etc.,
3439 4899 3576 4977 qui-

1935 4976 2061 5047 bus,
2097 4993 2228 5056 quae
2255 4978 2498 5054 proprie
2527 4976 2884 5053 κουλεόπτερα
2933 4978 3240 5056 dicantur,
3277 4976 3572 5052 explicat.

1934 5060 2004 5150 ᾼζ
2028 5055 2180 5133 falso
2204 5063 2264 5117 et
2289 5063 2516 5150 prafter
2571 5063 2832 5119 mentem
2859 5055 3236 5150 Aristotelis,
3261 5060 3370 5150 qui
3396 5056 3575 5150 longe

1933 5137 2167 5217 diuerso
2188 5154 2364 5217 sensu
2390 5137 2450 5197 id
2471 5153 2689 5198 nomen
2715 5143 3000 5217 usurpat.
3037 5135 3172 5217 Non
3200 5139 3366 5198 enim
3393 5137 3470 5198 ab
3501 5135 3576 5200 iis
3601 5153 3605 5155 ·

1930 5216 2218 5293 folliculis
2242 5215 2595 5296 κωλεόπτερα
2623 5216 2750 5278 vult
2779 5215 2926 5291 dici,
2949 5215 3056 5279 sed
3077 5217 3155 5277 ab
3178 5217 3440 5296 ἐλύτροις,
3466 5235 3576 5280 va-

1933 5299 2121 5373 ginis,
2162 5297 2381 5376 quibus
2413 5297 2526 5357 alae
2555 5314 2758 5376 eorum
2788 5298 3176 5359 muniuntur.
3217 5295 3370 5358 Nam
3402 5295 3578 5360 Grae-

1937 5379 2022 5437 eis
2053 5375 2268 5435 γουὶζεόν
2309 5383 2508 5454 vagina
2538 5385 2646 5439 est.
2707 5375 2872 5440 Unde
2912 5377 3261 5440 Theodorus
3313 5394 3419 5439 eas
3469 5395 3575 5440 oo-

1938 5456 2142 5519 lucres
2163 5455 2588 5535 vaginipennes
2613 5459 2827 5519 Latine
2853 5457 3055 5520 vertit.
3085 5458 3179 5519 Ita
3209 5457 3372 5518 enim
3405 5459 3582 5522 er-

1937 5557 2067 5599 eum
2093 5555 2307 5598 nomen
2348 5537 2728 5616 κουλεὸπτερον
2757 5555 2902 5600 sane
2932 5555 3049 5600 non
3082 5536 3418 5614 infeliciter
3461 5555 3574 5601 ea:-

1936 5621 2178 5712 pressit.
2199 5621 2242 5678 A
2257 5618 2452 5712 larum
2468 5619 2866 5712 proindgiuzc
2878 5619 3233 5712 differentia
3255 5625 3344 5712 est
3367 5627 3420 5680 et
3430 5635 3576 5712 prg-

1934 5697 2440 5779 prietasmonloci
2460 5697 2525 5760 in
2541 5716 2656 5779 quo
2679 5699 2747 5779 ﬁt
2756 5697 3089 5779 generatio.
3128 5697 3299 5779 Quod
3314 5704 3448 5779 ipsa
3474 5697 3577 5779 dir-

213 5776 567 5845 inembrana
597 5779 812 5844 volant.
847 5779 1121 5863 Denique
1141 5776 1511 5863 coleopteras
1542 5776 1856 5863 appellare
1943 5782 2094 5843 visio
2122 5776 2457 5863 Aristotelis
2483 5776 2864 5863 indicandae
2877 5776 3580 5863 equqrumdilferentiis

209 5863 408 5926 solent
423 5880 530 5926 eas
547 5879 798 5943 quarum
821 5858 1040 5943 penna?
1055 5867 1258 5942 vagina
1271 5858 1855 5934 continentur.Quod

1937 5863 2256 5926 votueram
2277 5857 2653 5938 digerentias
2677 5857 2957 5944 venatur,
2983 5859 3092 5926 tib.
3118 5877 3163 5939 ι,
3192 5857 3324 5942 cap”.
3358 5861 3423 5935 5;
3456 5863 3574 5924 sic.
