4076 6216
476 291 580 358 1⁸11

1756 301 1788 310 ὀ
1818 294 1893 355 δ.-
1936 271 2242 358 BASILl—l‘
2267 294 2513 363 Mitem

3742 304 3862 368 1-72

478 429 744 521 ptilotas,
779 428 842 490 ut
855 444 1069 509 vespas
1090 449 1103 487 :
1134 427 1279 489 alias
1291 428 1498 521 rursus
1522 427 1929 521 coloopteras,
1946 432 2037 518 73
2060 438 2118 490 ut

2207 434 2272 487 τὰ
2334 432 2388 489 δὲ
2438 434 2702 510 πτιλωτὰ,
2731 437 2805 498 ὡς
2853 438 2973 501 τοὺς
3012 438 3251 517 σφῆκάς’
3291 437 3442 495 ταδὶ
3497 440 3860 521 κολεόπτερα,

475 518 814 598 scarabeos,
850 526 1299 597 etquzecunque
1346 518 1407 578 in
1446 516 1637 579 thecis
1681 513 2035 598 quibusdam
2061 528 2119 580 et

476 608 749 673 amiculis
759 614 1274 685 generatm.crusta
1284 604 1357 666 ab
1374 605 1517 686 ipsis
1533 606 1903 674 distracta.ad
1924 608 2121 668 volan-

475 700 615 761 dum
633 695 922 777 expeditae
938 695 1447 756 evadunt.\'erum
1469 696 1776 757 sufﬁciens
1798 696 1972 759 nobis
1986 705 2123 758 nota

475 795 565 851 est
574 787 643 849 ad
662 802 950 865 generum
965 782 1391 864 proprietatem
1405 784 1819 863 assignandam
1831 805 1986 860 ,com
1998 805 2049 846 m
2061 807 2121 847 u-

474 878 570 939 nis
585 881 814 953 usus,et
831 874 1021 935 allata:
1041 892 1073 933 a
1095 874 1400 953 Scriptura
1420 873 1495 935 de
1513 873 1753 936 mundis
1775 884 1837 935 et
1855 875 1933 935 im
1944 895 2119 937 mun-

476 966 568 1027 dis
585 962 1021 1025 distinctiones.
1050 962 1227 1028 Aliud
1244 962 1443 1042 itaque
1465 964 1908 1025 carnivorarum
1934 985 2120 1044 genus

477 1063 586 1131 est,
621 1053 858 1131 aliaque
898 1051 1268 1126 constitutio,
1316 1052 1390 1112 ad
1424 1052 1666 1114 modum
1699 1073 1814 1133 quo
1846 1054 1987 1134 ipsa)
2017 1075 2119 1117 ve-

474 1150 743 1222 scuntur,
767 1142 1236 1219 accommodata;
1263 1142 1547 1220 unguium
1570 1148 1750 1215 acies,
1777 1150 1835 1204 et
1862 1153 2116 1204 rostrum

472 1232 806 1306 incurvum,
857 1240 915 1293 et
970 1249 1164 1311 penna
1190 1231 1381 1303 velox,
1428 1239 1579 1293 utet
1608 1232 1777 1293 facile
1808 1232 2121 1312 arripiatur

474 1322 762 1403 praeda,et
790 1320 1073 1382 dilaniata
1106 1321 1454 1383 alimentum
1476 1322 1577 1381 ﬁat
1605 1322 1963 1401 prmdatrici.
1991 1323 2121 1384 Alia

473 1429 676 1474 earum
709 1410 1050 1472 constitutio
1082 1418 1201 1490 est,
1224 1429 1356 1490 quae
1384 1410 1617 1471 semina
1647 1411 1929 1489 colligunt
1959 1433 1971 1473 :
2004 1411 2120 1473 alia

474 1517 701 1580 earum,
740 1518 871 1580 quae
917 1500 1083 1560 omni
1114 1517 1180 1560 re
1211 1498 1384 1560 obvia
1413 1499 1777 1562 nutriuntur.
1809 1502 1882 1562 Et
1937 1498 1997 1560 in
2031 1502 2121 1562 his

479 1590 747 1671 plurimm
764 1587 1414 1668 diil‘erentiaersarum
1440 1591 1595 1650 enim
1615 1588 2092 1669 quaedam,grega

474 1680 563 1741 les
588 1686 765 1741 sunt:
823 1677 1085 1756 exceptis
1113 1676 1447 1757 rapacibus,
1480 1678 1636 1739 inter
1676 1696 1820 1757 quas
1865 1682 2117 1740 societas

2201 524 2270 588 ὼς
2340 525 2458 587 τοὺς
2532 525 2846 602 κανθάρους.
2921 528 3011 583 καὶ
3055 526 3177 602 ὅσα,
3211 530 3268 583 ἓν
3292 529 3480 596 θήκαις
3510 532 3615 587 τισὶ
3645 534 3735 587 καὶ
3763 555 3864 588 πε-

2203 610 2445 689 ριϐολαῖς
2516 615 2855 691 γεννηθέντα,
2917 615 3325 694 περιῤῥαγέντος
3375 619 3555 683 αὐτοῖς
3590 628 3682 675 τοῦ
3727 621 3864 678 ἐλύ-

2204 723 2346 779 τρου,
2419 704 2548 781 πρὸς
2610 704 2707 769 τὴν
2764 703 2957 771 πτῆσιν
3012 704 3369 783 ἠλευθερώθη.
3410 704 3559 763 Ἀλλ’
3588 709 3727 781 ἡμῖν
3760 711 3862 789 ἄρα

2206 802 2369 849 κοὺσα
2426 792 2718 863 σημείωσις
2805 793 2938 870 πρὸς
2992 793 3091 859 την
3150 796 3254 849 τῶν
3297 802 3467 871 γενῶν
3520 793 3759 864 ἰδιότητα
3819 802 3856 867 ἡ

2203 881 2356 947 κοινὴ
2428 882 2646 960 χρῆσις,
2681 882 2765 937 καὶ
2809 885 2855 936 οἱ
2899 883 3041 959 παρὰ
3073 884 3172 948 τῆς
3204 886 3414 962 Γραφῆς
3446 887 3564 964 περί
3591 907 3649 941 τε
3680 892 3856 944 καθα-

2204 972 2307 1047 ρῶν
2337 972 2423 1027 καὶ
2451 971 2756 1049 ἀκαθάρτων
2813 968 3093 1049 διορισμοί,
3151 969 3336 1029 ’Ἄλλο
3395 975 3491 1048 μὲν
3559 978 3647 1031 οὖν
3697 978 3857 1053 γένος

2203 1062 2264 1116 τὸ
2324 1066 2427 1115 τῶν
2479 1060 2849 1139 σαρκοφάγων,
2906 1062 2992 1117 καὶ
3046 1060 3183 1127 ἄλλη
3229 1065 3529 1131 κατασκευὴ
3582 1064 3858 1142 πρέπουσα

2204 1157 2278 1222 τῷ
2338 1151 2517 1227 τρόπῳ
2563 1150 2658 1216 τῆς
2730 1149 2934 1216 διαίτης
2996 1150 3192 1231 αύτῶν,
3268 1152 3477 1231 ὀνύχων
3519 1154 3703 1227 ἆκμαὶ,
3768 1158 3859 1211 καὶ

2204 1238 2392 1317 χεῖλος
2450 1237 2700 1315 ἀγκύλον,
2736 1240 2825 1295 γαὶ
2860 1241 3050 1317 πτερὸν
3081 1238 3191 1312 ὀξὺ,
3247 1240 3385 1296 ὥστε
3418 1243 3504 1297 καὶ
3534 1241 3854 1320 συλληψθῆ-

2203 1350 2283 1384 ναι
2312 1326 2497 1404 ῥᾳδίως
2556 1329 2615 1383 τὸ
2672 1327 2904 1407 θήραμα,
2968 1330 3054 1384 καὶ
3103 1326 3460 1407 διασπαραγὲν
3494 1329 3623 1408 (47)
3652 1334 3857 1410 τροφὴν

2203 1424 2278 1490 τῷ
2327 1414 2498 1471 ἑλόντι
2532 1415 2794 1494 γενέσθαι,
2827 1416 3017 1485 ’Ἀλλη
3077 1425 3182 1474 τῶν
3242 1418 3627 1497 σπερμολόγων
3676 1444 3855 1477 κατα-

2203 1508 2389 1575 σκευή·
2442 1505 2579 1572 ἄλλη
2611 1513 2714 1563 τῶν
2746 1509 2806 1562 ὲκ
2870 1514 3066 1573 παντὸς
3119 1508 3455 1586 τρεφομένων
3500 1517 3591 1565 τοῦ
3658 1533 3853 1568 συντυ-

2203 1596 2420 1674 χόντος.
2490 1597 2586 1653 Καὶ
2652 1599 2706 1651 ἓν
2761 1597 2965 1659 τούτοις
3010 1596 3265 1654 πλεῖσται
3313 1596 3580 1677 διαφοραί,
3635 1600 3705 1658 Τὰ
3753 1602 3854 1671 μὲν

2201 1686 2298 1763 γὰρ
2358 1688 2525 1741 αὐτῶν
2578 1685 2718 1740 ἐστιν
2778 1687 2906 1763 (48)
2937 1686 3180 1765 ἀγελικὰ,
3239 1686 3383 1753 πλὴν
3443 1694 3545 1744 τῶν
3576 1690 3853 1767 ἁρπακτι-

475 1767 640 1830 nulla
670 1775 759 1827 est
784 1774 999 1846 praeter
1029 1767 1403 1846 conjugalem
1428 1767 1937 1846 conjunctionem.
1974 1766 2117 1829 Sunt

2206 1775 2329 1830 κῶν⁴
2397 1775 2591 1832 τούτων
2649 1774 2704 1830 δὲ
2765 1774 2910 1834 οὒδὲν
2940 1778 3250 1833 κοινωνικὸν
3282 1777 3437 1840 ἐκτὸς
3467 1786 3560 1834 τοῦ
3589 1780 3723 1834 κατᾶ
3756 1780 3855 1841 τὰς

479 1875 625 1920 vero
642 1855 772 1917 alias
788 1855 1280 1936 innumerae,qum
1301 1855 1669 1917 collectivam
1684 1856 2122 1937 amplectuntur

474 1947 678 2019 vitam,
705 1955 771 2007 ut
792 1945 1787 2027 columbae,grues,sturni,graculi.
1811 1946 2039 2008 Rursus
2058 1948 2118 2007 in

475 2037 571 2101 his
593 2037 724 2099 alim
748 2034 967 2097 nullius
995 2036 1329 2096 subduntur
1360 2035 1639 2116 imperio,
1677 2045 1735 2097 et
1772 2046 1908 2097 sunt
1940 2035 2119 2097 veluti

476 2126 569 2190 sui
581 2127 732 2205 juris
768 2147 784 2202 ;
817 2124 949 2186 alia)
1005 2124 1142 2187 duci
1172 2124 1387 2204 subjici
1438 2144 1557 2186 non
1609 2133 1905 2200 recusant,
1957 2126 2120 2188 velut

476 2235 674 2297 grues.
702 2213 831 2277 Jam
859 2232 997 2275 vero
1029 2215 1204 2275 etiam
1237 2214 1355 2275 alia
1384 2216 1660 2295 quaedam
1683 2226 1771 2277 est
1799 2215 1859 2276 in
1902 2215 1994 2275 bis
2013 2214 2121 2275 dif-

476 2305 926 2384 ferentia,juxta
954 2323 1130 2385 quam
1155 2305 1285 2365 alite
1306 2323 1607 2385 nunquam
1633 2306 1837 2366 sedem
1869 2312 2114 2377 mutant,

476 2392 1193 2475 suntqueindigenaezalim
1207 2393 1761 2473 solentlongissime
1781 2393 2116 2468 discedere,

476 2494 535 2548 et
564 2485 765 2545 hieme
785 2481 1301 2563 appropinquante
1318 2491 1381 2543 ut
1399 2482 1721 2563 plurimum
1748 2483 1809 2542 in
1832 2482 2011 2543 alium
2036 2482 2120 2543 lo—

478 2593 612 2639 cum
625 2592 757 2635 sese
768 2572 1222 2652 recipere.Quin
1238 2580 1294 2633 et
1306 2572 1648 2651 complures
1658 2572 1965 2647 aves,dum
1982 2573 2122 2633 edu-

435 2692 439 2696 ’
477 2671 707 2740 cantur,
735 2662 2122 2743 mansuescuntcicuranturque,przeterdebiles

476 2772 546 2816 ac
565 2753 857 2830 inﬁrmas,
881 2769 1013 2832 qum
1033 2751 1113 2814 ob
1146 2751 1389 2813 nimiam
1418 2751 1795 2813 timiditatem
1821 2771 1887 2813 ac
1908 2751 2120 2813 formi-

477 2842 703 2916 dinem,
740 2840 1039 2903 assiduam
1077 2841 1411 2903 molestiam
1445 2840 1557 2902 sibi
1591 2859 1770 2902 manu
1799 2841 2117 2903 exbibitam

475 2950 597 2994 non
628 2931 956 3012 patiuntur.
990 2929 1110 2993 Sed
1132 2938 1192 2991 et
1210 2932 1469 2993 humana
1493 2931 1926 2992 consuetudine
1950 2930 2116 2991 volu-

472 3039 605 3084 cres
622 3021 894 3100 quadam
913 3019 1265 3099 gaudent,et
1284 3020 1527 3081 easdem
1547 3027 1721 3099 atque
1741 3038 1849 3080 nos
1869 3019 1983 3100 ipsi
2008 3019 2117 3081 lia—

472 3110 795 3174 bitationes
808 3108 1267 3189 recipiuntzalim
1287 3109 1555 3170 inuolunt
1569 3116 1899 3182 montes,ac
1918 3108 2121 3169 solitu-

477 3199 618 3263 dine
630 3196 1133 3260 delectantur.llla
1151 3197 1625 3277 uniuscujusque
1645 3197 1976 3277 proprietas
1989 3216 2120 3276 quas

468 3286 549 3352 ad
571 3306 775 3350 vocem
801 3287 1414 3365 pertinet,maximum
1440 3288 1618 3346 etiam
1645 3285 1968 3347 discrimen
1992 3286 2117 3347 effi-

478 3378 583 3441 cit.
617 3375 764 3438 Alim
786 3378 944 3435 enim
966 3377 1236 3437 volucres
1256 3376 1537 3456 loquaces
1554 3383 1691 3436 sunt
1724 3383 1783 3436 et
1830 3376 2120 3453 garrulae;

480 3465 611 3528 aliae
634 3461 1073 3525 taciturnaalia:
1095 3463 1340 3544 quidem
1360 3481 1617 3540 canorae,
1652 3472 1711 3526 et
1725 3464 1974 3525 multum
1993 3465 2121 3526 cla-

479 3552 1065 3629 mosaaﬁllaeomnino
1080 3553 1579 3616 modulationisac
1600 3562 1808 3615 cantus
1821 3566 2124 3634 expertes.

482 3643 761 3718 Quaedam
787 3650 924 3702 sunt
939 3642 1311 3724 imitatrices,
1338 3644 1778 3706 aemulationem
1806 3643 1965 3705 illam
1993 3645 2124 3707 vela

476 3741 687 3796 natura
715 3731 805 3793 vel
835 3730 907 3792 ab
939 3732 1222 3795 exercitio
1248 3733 1632 3813 accipientes:
1660 3736 1934 3813 quasdam
1954 3755 2120 3797 eam--

479 3826 617 3889 dem
640 3841 879 3905 semper
899 3839 969 3886 ac
989 3822 1427 3884 immutabilem
1443 3841 1645 3884 vocem
1669 3825 1970 3888 emittunt.
2003 3825 2119 3887 Su-

477 3912 701 3998 perbus
722 3920 812 3976 est
830 3912 1022 3992 gallus
1054 3932 1067 3972 :
1098 3920 1340 3973 ornatus
1362 3920 1420 3974 et
1451 3913 1760 3993 elegantiae
1781 3924 2009 3976 amator
2031 3920 2122 3978 est

478 4001 990 4086 pavozlibidinosaa
1002 4000 1572 4083 columbm,perinde
1586 4014 1763 4083 atque
1778 4004 2010 4084 gallinae
2022 4004 2123 4066 do-

476 4092 904 4172 mesticm,qum
925 4092 1089 4153 nullo
1108 4110 1229 4152 non
1251 4101 1524 4172 tempore
1542 4091 1774 4155 libidini
1788 4094 2117 4174 indulgent.

444 4228 449 4233 ρ
478 4183 697 4250 Doloza
723 4188 783 4242 et
809 4184 1076 4263 zelotypa
1108 4179 1317 4262 perdix
1337 4181 1834 4258 est,venatoribus
1863 4184 1935 4245 ad
1966 4202 2119 4264 pra:~

476 4272 613 4337 dam
645 4271 994 4350 capiendam
1032 4271 1332 4335 malitiose
1349 4289 1513 4333 suam
1540 4290 1780 4352 operam
1806 4282 2119 4354 praestans.
2144 4301 2188 4351 ι)

557 4361 620 4422 4.
654 4359 972 4422 Innumera
1007 4368 1166 4437 sunt,
1201 4370 1265 4422 ut
1318 4360 1599 4440 diximus,
1634 4371 1692 4423 et
1731 4363 2029 4425 actionum
2064 4371 2121 4425 et

472 4451 608 4516 νὶιω
624 4450 994 4515 discrimina.
1030 4454 1210 4512 Porro
1236 4451 1504 4531 quaedam
1532 4470 1601 4514 ex
1624 4451 1719 4514 his
1760 4452 1953 4515 brutis
1982 4454 2118 4515 ani-

478 4540 780 4605 mantibus
794 4547 932 4601 sunt
960 4559 1199 4621 quoque
1214 4541 1795 4623 politicaezsiquidem
1812 4543 2000 4605 civilis
2016 4544 2112 4605 ad-

476 4629 933 4696 ministrationis
956 4630 1265 4711 proprium
1290 4640 1398 4706 est,
1430 4639 1493 4693 ut
1522 4632 1594 4693 ad
1628 4651 1810 4693 unum
1843 4652 2113 4696 commu-

474 4740 612 4787 nem
626 4721 808 4784 ﬁnem
827 4719 1200 4800 singulorum
1217 4721 1483 4782 actiones
1495 4730 1947 4799 concurrant,ut
1959 4723 2118 4804 quis-

477 4831 597 4894 que
625 4813 689 4875 in
717 4809 928 4892 apibus
944 4809 1165 4873 intueri
1187 4818 1403 4891 potest.
1437 4809 1544 4873 His
1573 4812 1732 4873 enim
1784 4813 2116 4876 communis

555 5004 860 5131 (472M113.
896 5005 1122 5086 primus
1142 5022 1278 5068 cum
1309 5005 1478 5072 Colb.
1506 5005 1714 5069 itidem
1749 5006 1940 5087 primo
1963 5006 2117 5065 διασ-

478 5091 776 5149 παραγθέν.

936 5166 1166 5249 primus
1209 5171 1379 5229 αὐτῶν
1410 5172 1562 5234 εἰσιν.
1595 5166 1728 5230 Mox
1776 5165 1936 5230 idem
2004 5186 2113 5231 ms.

477 5249 615 5305 κατὰ
641 5250 908 5325 συζύγίαν.

561 5324 978 5411 (49λΕζ1-ἰιὶρὠ
1009 5332 1061 5385 αἱ
1080 5334 1414 5411 περιστεραί.
1467 5329 1768 5411 Αιδιίίουιυε
1840 5330 2008 5392 deest
2065 5330 2121 5390 in

480 5404 942 5490 mssnSubinde
974 5404 1321 5473 multi'mssl
1364 5418 1557 5489 ψῆρες.
1588 5410 1743 5473 Editi
1774 5413 1960 5490 ψᾶρες.

558 5486 684 5569 (50)
712 5488 1071 5571 Reg,sextus
1094 5486 1425 5571 ὑφίστανται.
1447 5486 1675 5555 Ibidem
1702 5486 2117 5556 Cod.Combef.

477 5570 892 5648 συνανθρωπικοί
906 5614 917 5629 .
1107 5625 1115 5633 ,

708 5647 969 5731 _€odi_ces
990 5648 1106 5731 duo
1141 5651 1659 5730 προσλαμϐάνονται.

524 5727 683 5823 NQ?)
708 5727 880 5810 Regii
912 5730 1162 5823 primus.
1182 5727 1404 5823 tertius
1426 5742 1496 5823 ‘et
1521 5734 1768 5823 quintus
1825 5732 2033 5823 δολερὸς
2064 5736 2117 5792 ὁ.

470 5809 628 5881 Editi
655 5809 791 5878 cum
811 5809 1023 5879 multis
1045 5811 1177 5877 aliis
1198 5830 1341 5883 mu.
1365 5809 1579 5901 δολιρδ’ν
1592 5817 1854 5882 b.Potest
1873 5809 2115 5904 quidem

2204 1863 2445 1940 συζυγίας
2499 1862 2844 1936 ωνδυασμοῦ,
2911 1866 3077 1944 Μυρία
3136 1864 3190 1921 δέ
3243 1863 3380 1924 ἄλλα
3410 1870 3500 1923 τὸν
3546 1868 3855 1946 ἄθροισμα-

2202 1956 2346 2009 τικὸν
2401 1956 2597 2031 ᾕρηται
2656 1954 2791 2030 βίον,
2851 1958 2925 2017 ὡς
2985 1956 3457 2034 περιστεραὶ(49),
3490 1959 3577 2013 καὶ
3609 1957 3855 2035 γέρανοι,

2200 2046 2286 2099 καὶ
2339 2042 2530 2121 ψῆρες,
2590 2044 2675 2099 καὶ
2724 2043 2950 2103 κολοιοί.
3015 2044 3181 2100 Πάλιν
3228 2044 3281 2101 ἐν
3354 2047 3556 2107 τούτοις
3614 2047 3680 2101 τὰ
3753 2056 3859 2120 μέν

2203 2130 2410 2212 ἄναρχά
2469 2132 2577 2187 ἐστι
2638 2135 2724 2189 καὶ
2752 2134 2873 2189 οἷον
2930 2133 3217 2208 αὐτόνομα“
3281 2136 3345 2190 τὰ
3376 2135 3427 2190 δὲ
3492 2135 3578 2214 ὑφ’
3624 2137 3859 2212 ἡγεμόνι

2202 2222 2456 2301 τετάχθαι
2516 2221 2940 2301 καταδεχόμενα,
2975 2225 3048 2285 ὡς
3111 2230 3165 2284 αἱ
3192 2223 3422 2301 γέρανοι.
3459 2222 3616 2290 ’Ἤδη
3662 2223 3715 2280 δέ
3772 2248 3859 2287 τις

2203 2312 2290 2367 καὶ
2349 2310 2503 2389 ἑτέρα
2578 2310 2631 2366 ἐν
2675 2312 2882 2375 τούτοις
2937 2313 3047 2369 ἐστὶ
3078 2312 3319 2393 διαψορὰ,
3382 2311 3495 2370 καθ’
3527 2314 3593 2381 ἢν
3647 2316 3712 2370 τὰ
3754 2317 3863 2388 μὶν

2204 2400 2568 2476 ἒπιδυιμητικά
2619 2400 2677 2455 τέ
2733 2400 2841 2457 ἐστι
2902 2404 2986 2458 καὶ
3045 2401 3309 2482 ἐγχώρια,
3379 2403 3446 2458 τὰ
3501 2402 3557 2458 δὲ
3610 2404 3861 2480 ἀπαίρειν

2203 2489 2401 2567 πέφυκε
2455 2488 2797 2568 ποῤῥωτάτω,
2855 2491 2941 2547 καὶ
3000 2497 3270 2571 χειμῶνος
3344 2492 3647 2569 ἐγγίζοντος
3699 2494 3865 2550 ἐκτο-

2202 2580 2368 2649 πίζειν
2420 2579 2493 2643 ὡς
2550 2580 2614 2634 τὰ
2682 2578 2878 2642 πολλὰ,
2939 2583 3204 2659 Χειροήθη
3259 2579 3313 2636 δὲ
3370 2583 3459 2637 καὶ
3505 2582 3727 2637 τιθασσά
3792 2585 3862 2639 τὰ

2201 2668 2398 2747 πολλὰ,
2447 2672 2553 2724 τῶν
2594 2668 2789 2748 ὀρνέων
2833 2669 3190 2747 ἐκτρεφόμενα
3233 2671 3457 2747 γίνεται,
3511 2671 3659 2741 πλήν
3692 2694 3752 2749 γε
3787 2672 3861 2740 δὴ

2201 2764 2306 2813 τῶν
2359 2757 2613 2831 ἀσθενῶν,
2674 2759 2710 2814 ἅ
2751 2757 2818 2814 δι’
2844 2758 3271 2837 ὑπερϐάλλουσαν
3328 2758 3525 2817 δειλίαν
3571 2764 3660 2817 καὶ
3689 2763 3862 2817 ἀναν-

2202 2844 2342 2924 δρίαν
2392 2847 2488 2915 τὴν
2546 2853 2749 2928 συνεχῆ
2779 2854 2877 2915 τῆς
2927 2852 3109 2929 χειρὸς
3168 2849 3456 2929 ἒνόχλησιν
3484 2856 3587 2931 οὔχ
3638 2853 3862 2931 ὑφίστα-

2203 2958 2287 2992 ται
2353 2934 2503 3016 (50).
2566 2936 2732 2993 Ἀλλὰ
2764 2940 2849 2993 καὶ
2893 2940 3393 3018 συνανθρωπιστικοί
3434 2963 3575 3004 τινες
3619 2947 3723 2995 τῶν
3756 2942 3863 3019 ὀρ-

2202 3028 2357 3083 νίθων
2405 3029 2522 3098 εἶσὶ,
2575 3028 2667 3091 τὰς
2726 3029 2883 3091 αὐτὰς
2945 3031 3081 3101 ἡμῖν
3125 3030 3359 3099 οἰκήσεις
3400 3029 3859 3109 καταδεχόμενον

2205 3114 2356 3171 ἄλλοι
2408 3115 2461 3171 δὲ
2522 3115 2683 3195 ὄρειοι
2736 3118 2823 3173 καὶ
2896 3115 3201 3197 φιλέρημοι.
3270 3120 3508 3196 Μεγίστη
3541 3118 3596 3175 δὲ
3628 3118 3865 3198 διαφορὰ

2204 3207 2290 3261 καὶ
2343 3207 2376 3273 ἡ
2419 3209 2536 3282 περὶ
2580 3206 2675 3273 την
2731 3208 2913 3283 φωνὴν
2942 3205 3143 3272 ἰδιότης
3212 3207 3457 3269 ἑκάστου,
3516 3212 3573 3266 Οἱ
3625 3211 3723 3284 μὲν

2208 3293 2419 3351 κωτίλιι
2491 3297 2577 3351 καὶ
2646 3293 2799 3352 λάλοι
2870 3296 2975 3352 τῶν
3011 3297 3222 3375 ὀρνίθων
3252 3298 3402 3353 εἰσίν·
3451 3301 3497 3355 οἱ
3526 3298 3583 3354 δὲ
3616 3299 3863 3376 σιγηλοί.

2210 3386 2305 3443 Καὶ
2369 3385 2435 3439 τὰ
2504 3385 2602 3460 μὲν
2656 3383 2823 3457 ῲδικὰ
2880 3390 2966 3442 καὶ
3026 3385 3335 3466 πολύφωνα·
3408 3388 3471 3445 τὰ
3532 3385 3587 3443 δὲ
3645 3389 3865 3463 ἄμουσα

2207 3472 2482 3536 παντελῶς
2540 3474 2628 3530 καὶ
2680 3472 2820 3547 ῲδῆς
2860 3473 3080 3553 ἄμοιρα.
3145 3478 3244 3534 Καὶ
3269 3478 3335 3532 τὰ
3365 3478 3462 3552 μὲν
3520 3478 3764 3559 μιμηλὰ,
3820 3480 3861 3547 ἢ

2207 3566 2269 3619 ἒκ
2339 3564 2542 3644 φύσεως
2600 3563 2799 3643 ἔχοντα
2855 3566 2915 3620 τὸ
2995 3568 3297 3639 μιμεῖσθαι,
3372 3566 3409 3632 ἥ
3470 3565 3522 3632 ἐξ
3577 3568 3866 3637 ἀσκήσεως

2214 3650 2575 3728 προσλαϐόντα
2636 3652 2776 3730 (51)’
2832 3655 2896 3710 τὰ
2926 3652 2979 3709 δὲ
3027 3654 3355 3732 μονότροπον
3408 3658 3494 3711 καὶ
3552 3654 3867 3728 ἀμετάϐλη-

2205 3765 2293 3798 τον
2344 3743 2441 3809 τὴν
2467 3743 2646 3821 φωνὴν
2706 3742 2946 3823 ἀφιέντα,
2996 3750 3191 3821 Γαῦρον
3264 3746 3291 3800 ὁ
3323 3743 3648 3823 ἀλεκτρυών·
3704 3745 3866 3825 φιλό-

2205 3831 2369 3889 καλον
2403 3834 2429 3887 ὁ
2482 3831 2643 3894 ταώς·
2709 3830 2916 3909 λάγνιοι
2976 3834 3027 3888 αἱ
3115 3836 3415 3912 περιστεραὶ
3439 3836 3527 3889 καὶ
3584 3837 3633 3889 αἱ
3666 3858 3864 3891 κατει-

2203 3920 2356 3977 κίδιοι
2418 3920 2610 3998 ὄρνεις,
2678 3921 2766 3976 ἐπὶ
2824 3923 3019 3987 παντὸς
3062 3925 3249 4002 καιροῦ
3297 3925 3358 3979 τὸ
3420 3929 3867 3982 συνουσιαστικὸν

2203 4011 2451 4091 ἔχουσαι.
2542 4012 2770 4087 Δολερὸν
2819 4014 2845 4067 ὁ
2909 4009 3032 4090 (52)
3096 4011 3269 4091 πέρδιξ
3372 4014 3460 4069 καὶ
3532 4012 3863 4087 ζηλότυπον,

2203 4101 2507 4179 κακούργως
2578 4102 2930 4176 συμπράττων
3001 4113 3118 4163 τοῖς
3202 4104 3465 4179 θηραταῖς
3539 4105 3672 4181 πρὸς
3759 4106 3869 4171 τὴν

2206 4188 2397 4268 ἄγραν,

2282 4369 2337 4430 4.
2376 4368 2585 4447 Μυρίαι,
2650 4374 2722 4431 ὼς
2776 4368 3001 4448 ἔφαμεν,
3036 4371 3123 4425 καὶ
3154 4370 3257 4427 τῶν
3312 4368 3550 4449 πράξεων
3595 4373 3681 4427 καὶ
3756 4375 3867 4429 τῶν

2199 4459 2327 4535 βίων
2390 4456 2652 4538 διαφοραί,
2715 4455 2883 4514 ’Ἔστι
2915 4456 2969 4514 δέ
3023 4481 3139 4515 τινα
3169 4461 3257 4515 καὶ
3284 4458 3535 4516 πολιτικὰ
3579 4466 3684 4516 τῶν
3718 4461 3863 4518 ἀλό-

2199 4572 2330 4627 γων,
2386 4546 2539 4625 εἴπερ
2597 4545 2867 4612 πολιτείας
2928 4546 3089 4621 ἴδιον,
3126 4550 3187 4605 τὸ
3220 4551 3349 4625 πρὸς
3394 4548 3449 4604 ἕν
3473 4550 3635 4627 πέρας
3670 4554 3858 4607 κοινὸν

2200 4637 2460 4697 συννεύειν
2534 4638 2628 4704 τὴν
2685 4636 2950 4714 ἐνέργειαν
3005 4643 3113 4693 τῶν
3170 4629 3288 4694 καθ’
3343 4638 3591 4719 ἕκαστον,
3638 4642 3710 4703 ὣς
3775 4644 3868 4697 ἰπὶ

2198 4734 2305 4783 τῶν
2361 4724 2629 4801 μελισσῶν
2687 4724 2747 4781 ἅν
2776 4747 2857 4790 τις
2902 4723 3032 4786 ἴδοι.
3071 4729 3169 4786 Καὶ
3193 4729 3292 4807 γὰρ
3322 4727 3538 4784 ’ἐκείνων
3566 4730 3724 4795 κοινὴ
3759 4734 3865 4801 μὲν

2200 4818 2232 4884 ἡ
2266 4815 2507 4895 οἴκησις,
2539 4815 2692 4884 κοινὴ
2732 4813 2786 4870 δὲ
2814 4817 2848 4883 ἡ
2881 4817 3103 4891 πτῆσις,
3139 4817 3352 4897 ἐργασία
3384 4816 3438 4872 δὲ
3468 4819 3681 4874 πάντων
3714 4818 3840 4913 (53)

2202 5009 2380 5092 lectio
2407 5016 2656 5092 utraque
2683 5007 2754 5069 ad
2765 5009 3053 5092 mittizsed
3072 5028 3210 5092 cum
3228 5016 3571 5071 constanter
3587 5011 3706 5092 hoc
3723 5012 3859 5092 ipse

2204 5090 2427 5170 inloco
2456 5091 2790 5170 reperiatur
2846 5091 2907 5151 in
2963 5090 3241 5151 omnibus
3314 5090 3847 5170 ωεεηζηλόωπὸν.

2201 5169 2447 5232 dubium
2477 5168 2595 5231 nun
2636 5169 2825 5231 habeo
2856 5170 3001 5249 quin
3025 5170 3343 5249 legendum
3373 5170 3451 5230 sit
3483 5168 3724 5249 δολερον,

2281 5251 2408 5330 (53)
2444 5250 2598 5312 Editi
2622 5268 2755 5311 cum
2782 5250 2982 5313 multis
3008 5268 3140 5311 mss.
3179 5252 3412 5312 πάντων.
3442 5250 3611 5313 Colb.
3631 5268 3857 5314 secun-

2207 5330 2317 5390 dus
2334 5333 2731 5394 mommNemo
2757 5349 2875 5391 non
2889 5331 3046 5392 videt
3069 5330 3503 5392 correctionem
3528 5332 3845 5407 esseignn—

2206 5410 2259 5472 ri
2284 5410 2536 5491 librarii,
2571 5410 2671 5491 qui
2703 5412 2863 5491 quod
2897 5430 3000 5472 vox
3024 5411 3249 5484 μέλισσα
3299 5410 3570 5491 feminini
3603 5416 3859 5488 generis

2205 5492 2301 5570 sit,
2324 5490 2405 5552 ita
2435 5490 2875 5572 emendandum
2903 5510 3037 5553 esse
3061 5490 3424 5572 putavit.Sed
3449 5490 3596 5572 nihil
3633 5511 3854 5552 oecus-

2204 5590 2267 5632 se
2299 5572 2426 5632 fuit.
2460 5570 2606 5653 Nam
2632 5580 2697 5653 ut
2716 5572 2862 5633 alias
2885 5570 3154 5652 saepe,ita
3178 5572 3276 5633 hic
3304 5571 3586 5653 generale
3602 5573 3852 5653 aliquod

2202 5670 2421 5715 nomen
2451 5652 2825 5733 subauditur,
2861 5650 3001 5735 puta
3025 5650 3184 5725 ac...
3218 5650 3429 5715 Statim
3454 5652 3615 5715 idem
3651 5650 3843 5715 codex

2202 5736 2287 5791 καὶ
2315 5733 2608 5800 ταξιάργη.

2200 5755 2287 5791 και
2315 5755 2608 5817 ταςιαρχῃ.
