4076 6216
201 316 319 397 113
1245 314 1569 381 HOMILIA
1611 312 1757 379 VIII
1799 313 1834 377 Ε

1925 306 2484 376 ΗΕΧΔΕΜΕΒΟΝ.
3456 306 3569 377 1⁸14
3588 366 3593 369 .

196 454 295 526 μία
333 469 345 483 ·
381 453 468 508 καὶ
508 452 570 508 τὸ
599 451 879 529 μέγιστον,
925 450 1008 508 ὅτι
1038 452 1138 508 ὑπὸ
1178 450 1391 527 βασιλεῖ
1444 452 1532 507 καὶ
1562 448 1834 531 ταξιάρχῳ

1922 452 2015 507 est
2046 441 2704 518 habitatio,communis
2724 442 2974 523 volatus,
3005 459 3242 521 unaque
3265 442 3560 531 eteadem

193 543 304 597 τινὶ
346 542 454 598 τῶν
484 540 650 619 ἔργων
680 539 961 616 ἅπτονται,
998 540 1057 597 οὑ
1099 541 1354 617 πρότερον
1411 530 1834 620 καταδεχόμεναι

1924 534 2188 595 omnium
2225 533 2378 594 actio
2412 553 2428 593 :
2463 541 2522 594 et
2551 531 2710 613 quod
2733 532 3094 614 pracipuum
3118 539 3228 605 est,
3261 530 3373 595 sub
3396 550 3559 616 rege,

193 630 278 686 ἐπὶ
324 630 447 695 τοὺς
491 628 764 705 λειμῶνας
820 627 1018 704 ἐλθεῖν,
1068 630 1187 707 πρὶν
1242 630 1303 685 ἃν
1333 627 1488 685 ἴδωσι
1513 628 1841 710 κατάρξαντα

193 722 286 775 τὸν
332 718 556 796 βασιλέα
598 718 696 786 τῆς
727 719 1001 789 πτήσεως.
1041 724 1139 777 Καὶ
1171 716 1311 774 ἔστιν
1342 718 1530 783 αὑταῖς
1562 720 1621 775 οὑ
1649 740 1839 799 χειρο-

193 809 423 875 τονητὸς
457 810 484 864 ὁ
513 807 760 885 βασιλεὺς
805 806 1085 880 (πολλάκις
1139 808 1239 885 γὰρ
1274 805 1483 883 ἀκρισία
1514 805 1683 884 δήμου
1713 808 1840 887 (54)

192 900 287 954 τὸν
351 898 622 978 χείριστον
669 898 743 961 εἷς
786 896 963 975 ἀρχὴν
1006 894 1423 977 προεστήσατο),
1460 895 1574 953 οὑδὲ
1618 896 1838 975 κληρω-

196 989 296 1055 τὴν
328 988 477 1067 ἔχων
522 986 619 1053 τὴν
666 985 896 1051 ἐξουσίαν
930 983 1130 1063 (ἄλογοι
1161 986 1261 1064 γὰρ
1316 989 1369 1042 αἱ
1416 986 1690 1066 συντυχίαι
1734 991 1840 1042 τῶν

194 1077 415 1156 κλήρων
448 1077 531 1133 ἐπὶ
560 1078 652 1132 τὸν
699 1075 909 1131 πάντων
968 1072 1198 1153 ἔσχατον
1260 1074 1527 1138 πολλάκις
1558 1078 1618 1132 τὸ
1648 1076 1838 1141 κράτος

194 1166 494 1247 φέρουσαι),
542 1163 656 1224 οὒδέ
688 1166 747 1220 ὲκ
802 1163 1062 1241 πατρικῆς
1116 1162 1376 1243 διαδοχῆς
1405 1178 1522 1229 τοῖς
1553 1164 1838 1241 βασιλείοις

194 1255 616 1332 ἐγκαθεζόμενος
677 1252 784 1333 (καὶ
862 1254 962 1331 γὰρ
1037 1254 1124 1309 καὶ
1183 1253 1324 1309 οὗτοι
1398 1252 1698 1310 ἀπαίδευτοι
1754 1255 1843 1310 καὶ

194 1346 428 1419 ἀμαθεῖς
458 1345 640 1411 παίσης
687 1343 881 1421 ἀρετῆς
939 1340 1023 1400 διὰ
1064 1342 1262 1421 τρυφὴν
1312 1344 1397 1399 καὶ
1428 1342 1711 1400 κολακείαν
1769 1345 1841 1407 ὡς

192 1436 258 1491 τὰ
304 1434 480 1491 πολλὰ
524 1432 810 1511 γίνονται),
867 1429 986 1487 ἀλλ’
1033 1431 1093 1488 ἐκ
1134 1432 1339 1511 φύσεως
1404 1432 1547 1510 ἔχων
1588 1434 1650 1489 τὸ
1708 1433 1844 1489 κατὰ

190 1526 411 1581 πάντων
470 1536 760 1602 πρωτεῖον,
796 1523 885 1578 καὶ
913 1522 1122 1600 μεγέθει
1154 1519 1412 1600 διαφέρων
1460 1525 1547 1579 καὶ
1595 1526 1842 1602 σχήματι

193 1618 282 1670 καὶ
329 1614 398 1688 τῇ
440 1621 531 1670 τοῦ
560 1612 715 1679 ἤθους
771 1610 1057 1690 πραότητι,
1124 1610 1287 1667 ’Ἔστι
1334 1611 1430 1681 μὲν
1479 1612 1577 1689 γὰρ
1627 1612 1841 1690 κέντρον

190 1710 270 1777 τῷ
303 1701 542 1779 βασιλεῖ,
578 1699 696 1757 ἀλλ’
750 1703 809 1757 οὑ
859 1706 1059 1780 χρῆται
1091 1701 1261 1773 τούτῳ
1290 1702 1420 1778 πρὸς
1452 1700 1675 1776 ἄμυναν.
1726 1702 1837 1760 Νό-

1924 631 1983 685 et
2010 623 2120 684 sub
2142 622 2395 703 quodam
2420 621 2698 703 praefecto
2721 638 2962 700 operam
2988 621 3561 701 aggrediuntur;non

1927 711 2089 793 prius
2118 710 2189 772 ad
2226 718 2391 789 prata
2411 710 2708 791 proﬁcisci
2732 710 2823 771 74
2841 728 3019 784 ausas,
3042 729 3217 791 quam
3241 728 3446 791 regem
3470 713 3561 774 vi-

1923 801 2120 863 derint
2150 800 2363 861 volatui
2396 806 2784 879 praeeuntem.
2816 800 2941 861 Rex
2965 808 3163 861 autem
3184 800 3342 880 apud
3401 801 3561 881 ipsas

1921 890 2211 968 suffragiis
2238 908 2355 951 non
2386 897 2645 964 creatur,
2680 888 2887 967 vulgus
2938 905 3196 969 namque
3223 889 3435 968 judicii
3462 891 3561 951 in-

1922 980 2056 1061 0pia
2071 980 2393 1060 pessimum
2420 997 2831 1061 saepenumero
2843 979 2915 1040 ad
2937 979 3333 1060 principatum
3347 981 3560 1045 evexit:

1922 1087 2115 1151 neque
2145 1078 2302 1130 sorte
2336 1076 2687 1150 potestatem
2715 1069 3559 1149 assequitur,temerariienim

1922 1159 2170 1220 sortium
2197 1177 2368 1219 casus
2396 1158 2715 1238 imperium
2750 1176 2908 1238 saepe
2938 1158 2999 1219 in
3027 1159 3292 1219 omnium
3314 1160 3563 1222 deterri-

1926 1266 2085 1308 mum
2122 1248 2457 1309 conferunt:
2487 1266 2597 1308 nec
2621 1266 2687 1309 ex
2717 1255 2959 1328 paterna
2981 1247 3355 1310 successione
3379 1249 3439 1309 in
3468 1268 3558 1311 re-

1924 1337 2038 1415 gali
2072 1338 2285 1398 throno
2310 1337 2798 1418 collocatur,nam
2824 1344 2880 1397 et
2900 1336 2939 1397 ii
2972 1336 3152 1397 rudes
3169 1346 3561 1421 expertesque

1926 1426 2160 1488 virtutis
2178 1426 2479 1507 omnis,ob
2504 1426 2752 1490 delicias
2771 1436 2830 1489 et
2852 1432 3279 1489 assentationes
3302 1429 3563 1508 plerum-

1928 1534 2046 1592 que
2077 1518 2251 1589 ﬁunt;
2284 1518 2386 1579 sed
2410 1536 2445 1578 a
2472 1518 2761 1579 naturain
2785 1536 2993 1579 omnes
3009 1516 3237 1578 obtinet
3259 1518 3560 1600 principa-

1925 1607 2300 1685 tum:quippe
2339 1615 2397 1667 et
2422 1606 2824 1686 magnitudine
2846 1615 2904 1668 et
2923 1606 3114 1669 forma
3133 1615 3192 1668 et
3214 1624 3445 1669 morum
3469 1609 3561 1671 le-

1921 1692 2111 1756 nitate
2129 1695 2454 1759 antecellit.
2478 1697 2639 1757 Inest
2658 1696 2901 1776 quidem
2919 1695 3045 1775 regi
3060 1695 3327 1759 aculeus:
3361 1699 3466 1760 sed
3487 1716 3558 1760 eo

193 1815 286 1867 μοι
322 1792 462 1856 τινές
507 1794 637 1847 εἰσιν
696 1790 840 1848 οὗτοι
896 1790 992 1857 τῆς
1066 1789 1271 1869 φύσεως
1329 1789 1579 1870 ἄγραφοι,
1642 1791 1833 1870 ἀργοὺς

1920 1803 2038 1845 non
2071 1785 2256 1845 utitur
2288 1785 2361 1845 ad
2389 1786 2697 1847 ultionem.
2738 1785 2841 1847 Hae
2868 1794 3004 1848 sunt
3033 1785 3300 1866 quaedam
3334 1795 3562 1851 natura

190 1882 344 1938 εἶναι
397 1881 527 1957 πρὸς
583 1881 840 1958 τιμωρίαν
898 1879 1017 1942 τοὺς
1061 1885 1167 1935 τῶν
1214 1879 1475 1957 μεγίστων
1520 1877 1835 1939 δυναστειῶν

186 1969 593 2033 ἱπιὸαίνοντας,
646 1968 811 2026 Ἀλλὰ
868 1969 954 2024 καὶ
1014 1980 1137 2030 ταῖς
1169 1968 1467 2043 μελίσσαις,
1501 1968 1631 2025 ὅσαν
1661 1968 1725 2025 ἂν
1757 1972 1835 2043 μὴ

185 2059 599 2128 ἀκολουθήσωσι
662 2064 738 2115 τῶ
794 2054 1139 2134 ὑποδείγματι
1198 2067 1290 2115 τοῦ
1346 2057 1633 2137 βασιλέως,
1694 2062 1835 2140 ταχὺ

185 2146 489 2224 μεταμέλει
533 2147 628 2214 τῆς
687 2145 959 2225 ἀϐουλίας,
1011 2145 1091 2201 ὅτι
1146 2147 1212 2221 τῇ
1259 2145 1446 2223 πληγῆ
1496 2156 1589 2207 τοῦ
1619 2147 1836 2227 κέντρου

185 2239 689 2306 ὶπαποθνήσκουσιν
729 2236 877 2313 (δῦ).
935 2236 1302 2295 Ἀκουέτωσαν
1358 2240 1684 2315 Χριστιανοὶ,
1746 2240 1835 2303 οἶς

189 2329 516 2407 πρόσταγμά
556 2328 664 2383 ἐστι
737 2324 922 2403 μηδενὶ
975 2328 1141 2382 κακὸν
1198 2325 1313 2382 ἀντὶ
1364 2329 1527 2383 κακοὺ
1581 2326 1834 2385 ἀποδιδό-

190 2442 305 2486 ναι,
355 2417 493 2474 ἀλλὰ
526 2424 673 2489 νικᾷν
704 2417 759 2473 ὲν
785 2424 859 2491 τῷ
894 2419 1074 2495 ἀγαθῷ
1101 2417 1162 2472 τὸ
1207 2415 1394 2479 κακόν,
1452 2416 1695 2490 Μίμησαι
1737 2418 1834 2486 τῆς

192 2508 462 2583 μελίσσης
520 2508 582 2563 τὸ
632 2505 953 2584 ἰδιότροπον,
1026 2503 1129 2577 ὅτι⁹
1210 2502 1376 2562 οὑδενὶ
1443 2504 1834 2587 λυμαινομένη,

186 2597 309 2655 οὑδὲ
371 2598 572 2673 καρπὸν
629 2594 908 2673 ἀλλότριον
959 2591 1344 2673 διαφθείρουσα,
1400 2594 1466 2650 τὰ
1494 2596 1655 2673 κηρία
1697 2617 1834 2672 συμ-

186 2689 486 2763 πήγνυται.
545 2687 646 2743 Τὸν
690 2685 786 2757 μὲν
831 2684 932 2762 γὰρ
990 2684 1152 2760 κηρὸν
1205 2682 1310 2740 ἀπὸ
1336 2684 1441 2739 τῶν
1472 2684 1640 2741 ἀνθῶν
1671 2706 1836 2765 φανε-

188 2782 295 2852 ρῶς
332 2776 626 2853 συναγείρει
673 2773 819 2853 (56),
872 2774 933 2828 τὸ
984 2771 1036 2827 δὲ
1070 2770 1215 2847 μέλι,
1262 2772 1359 2840 τὴν
1388 2770 1698 2850 δροσοειδῶς
1743 2775 1831 2830 ἐν·

191 2865 542 2939 εσπαρμένην
598 2862 773 2921 νοτίδα
830 2874 947 2926 τοῖς
1020 2860 1250 2936 ἄνθεσιν,
1296 2862 1706 2938 ἒπισπασαμένη
1760 2869 1835 2936 τῷ

188 2958 445 3027 στόματι,
507 2956 704 3021 ταύτην
746 2967 869 3017 ταῖς
914 2953 1190 3019 κοιλότησι
1234 2958 1340 3007 τῶν
1384 2953 1582 3030 κηρίων
1612 2952 1833 3020 ἐνίησιν.

193 3040 372 3099 ’Ὅθεν
416 3044 501 3098 καὶ
540 3044 696 3121 ὑγρὸν
740 3043 883 3121 παρά
924 3042 1022 3109 τὴν
1078 3041 1297 3119 πρώτην
1346 3040 1486 3096 ἐστίν
1519 3060 1533 3075 ⁶
1582 3042 1706 3099 εἶτα
1761 3050 1838 3117 τῷ

1920 1872 2081 1950 leges
2106 1874 2349 1935 minime
2381 1874 2638 1956 scriptae,
2673 1883 2733 1936 ut
2763 1874 2917 1935 tardi
2967 1874 3087 1936 sint
3110 1874 3185 1935 ad
3211 1875 3554 1952 vindictam,

1919 1963 2020 2043 qui
2041 1963 2115 2025 ad
2154 1962 2469 2025 maximam
2506 1965 2831 2045 potentiam
2867 1972 3007 2026 sunt
3055 1969 3270 2029 evecti.
3332 1962 3452 2028 Sed
3504 1974 3562 2029 et

1918 2069 2289 2132 quaecunque
2322 2070 2463 2132 apes
2495 2055 2656 2133 regis
2688 2073 2808 2116 non
2836 2062 3169 2134 sequuntur
3191 2054 3556 2137 exemplum,

1919 2158 2021 2202 eas
2039 2141 2235 2204 statim
2262 2142 2614 2204 temeritatis
2633 2161 2755 2205 sua;
2775 2148 3044 2224 paenitet;
3069 2150 3381 2223 propterea
3401 2144 3558 2225 quod

1917 2229 2110 2291 aculei
2142 2230 2257 2290 ictu
2287 2230 2609 2292 intereunt.
2644 2230 3261 2307 AudiantChristiani,
3290 2231 3391 2313 qui
3414 2232 3561 2295 nulli

1920 2320 2140 2381 malum
2176 2338 2280 2398 pro
2306 2320 2458 2381 malo
2488 2321 2768 2397 reddere,
2801 2320 2907 2382 sed
2939 2321 2998 2381 in
3019 2320 3174 2383 bono
3198 2321 3417 2383 malum
3439 2322 3563 2385 vin-

1918 2422 2058 2469 cere
2074 2407 2661 2486 jubentur‘Jmitare
2676 2409 2975 2489 propriam
2993 2409 3118 2489 apis
3138 2408 3563 2492 indolem,que

1918 2495 2067 2557 nulli
2086 2496 2579 2579 ofﬁciens,neque
2591 2497 2790 2561 fructu
2802 2516 2855 2559 m
2870 2498 3132 2560 alienum
3143 2516 3561 2579 corrumpens,

1916 2584 2077 2646 favos
2107 2586 2400 2647 construit
2420 2605 2489 2648 ac
2512 2587 2860 2667 compingit.
2886 2588 3035 2651 Nam
3058 2595 3122 2649 ut
3144 2605 3338 2650 ceram
3363 2606 3435 2650 ex
3457 2590 3560 2652 ﬁo-

1917 2674 2083 2736 ribus
2114 2684 2323 2755 aperte
2355 2676 2581 2755 colligit
2611 2695 2624 2736 :
2664 2683 2744 2738 ita
2774 2676 2913 2751 mel,
2967 2676 3279 2738 humorem
3329 2677 3563 2742 scilicet

1918 2762 2074 2825 roris
2104 2764 2291 2823 instar
2315 2763 2563 2825 ﬁoribus
2585 2764 3061 2843 inspersum,ore
3081 2766 3341 2843 attrahit,
3381 2774 3561 2848 atque

1917 2852 1979 2912 in
2009 2852 2272 2913 favorum
2308 2870 2445 2913 cava
2477 2853 2941 2917 immittit.Unde
2958 2853 3135 2915 etiam
3158 2854 3348 2934 primo
3372 2855 3555 2937 liqui-

1921 2942 2061 3003 dum
2088 2948 2198 3003 est:
2235 2941 2455 3003 deinde
2486 2942 2775 3023 temporis
2806 2960 3087 3023 processu
3109 2945 3562 3018 concoctum,ad

1922 3032 2224 3111 propriam
2249 3034 2701 3093 concretionem
2753 3031 3223 3113 suavitatemque
3273 3035 3562 3112 pervenit.

198 3135 388 3211 χρόνῳ
436 3134 761 3212 συμπεφθὲν,
820 3134 948 3210 πρὸς
1025 3132 1125 3188 τὴν
1184 3131 1377 3186 οἰκείαν
1447 3132 1696 3187 σύστασιν
1750 3135 1834 3190 καὶ

1923 3120 2062 3199 Apis
2086 3120 2401 3199 praeclaras
2420 3130 2481 3181 et
2504 3120 2933 3183 convenientes
2956 3121 3161 3184 laudes
3181 3140 3216 3183 a
3243 3122 3560 3186 Proverbia

190 3221 396 3288 hami
456 3222 834 3300 ἐπανέρχεται.
916 3219 1101 3279 Καλῶν
1183 3220 1269 3275 καῖ
1335 3220 1647 3298 πρεπόντων
1705 3222 1834 3289 αὕτη

1925 3218 2243 3300 consecuta
2256 3218 2496 3289 estquae
2509 3210 2741 3272 scilicet
2755 3210 3565 3293 appelletursapiensetlabo-

186 3320 295 3366 τῶν
351 3310 581 3367 ἐπαίνων
640 3313 780 3390 παρὰ
837 3314 931 3378 τῆς
996 3312 1287 3389 Παροιμίας
1355 3310 1484 3391 (57)
1542 3312 1836 3392 τετύχηκε,

188 3405 333 3478 σοφή
365 3402 451 3456 καὶ
483 3400 691 3479 ἐργάτις
722 3402 1079 3475 ὀνομασθεῖσα
1117 3419 1129 3431 ·
1191 3399 1328 3457 οὕτω
1378 3399 1476 3475 μὲν
1533 3399 1833 3479 φιλοπόνως

180 3492 283 3554 τὴν
330 3490 531 3569 τροφὴν
602 3491 977 3569 συναγείρουσα
1050 3490 1133 3564 (ἧς
1199 3490 1320 3553 τοὺς
1400 3490 1617 3562 πόνους,
1680 3492 1832 3568 φησὶ,

181 3577 435 3653 βασιλεῖς
496 3580 584 3634 καὶ
655 3577 856 3636 ἰδιῶται
927 3580 1058 3659 πρὸς
1130 3580 1310 3657 ὑγείαν
1396 3579 1831 3660 προσφέρονται),

182 3669 327 3724 οὕτω
372 3665 425 3722 δὲ
468 3676 644 3747 σοφίας
705 3668 1099 3749 φιλοτεχνοῦσα
1149 3670 1241 3732 τὰς
1293 3668 1568 3738 ἀποθήκας
1597 3676 1688 3725 τοῦ
1728 3669 1832 3743 μέ-

182 3759 331 3821 λιτος
393 3759 494 3832 (εἷς
536 3757 732 3814 λεπτὸν
787 3760 885 3836 γὰρ
937 3758 1101 3831 ὑμένα
1148 3760 1239 3814 τὸν
1297 3759 1459 3835 κηρὸν
1507 3755 1824 3832 διατείνασα,

183 3848 391 3911 πυκνὰς
422 3849 511 3903 καὶ
560 3854 808 3928 συνεχεῖς
859 3846 1121 3916 ἀλλήλαις
1166 3845 1537 3920 συνοικοδομεῐ
1562 3848 1656 3909 τὰς
1710 3868 1831 3903 κοι-

188 3935 478 4011 λότητας),
540 3938 613 4000 ὡς
673 3939 734 3992 τὸ
791 3938 985 3996 πυκνὸν
1028 3942 1128 4003 τῆς
1175 3941 1283 3992 τῶν
1327 3937 1660 4014 μικροτάτων
1701 3938 1832 4012 πρὸς

192 4026 409 4092 ἄλληλα
440 4025 633 4091 δέσεως
690 4025 908 4104 ἔρεισμα
952 4026 1183 4102 γίνεσθαι
1241 4031 1316 4100 τῷ
1375 4025 1551 4088 παντί,
1596 4022 1831 4092 Ἐκάστη

186 4118 284 4191 γαρ
317 4116 542 4194 φρεατία
743 4122 842 4183 τῆς
875 4114 1052 4195 ἐτέρας
1112 4114 1319 4196 ἔχεται,
1355 4113 1536 4189 λεπτῷ
1565 4116 1697 4192 πρὸς
1728 4118 1828 4173 αὑ-

178 4205 276 4269 τὴν
322 4203 643 4282 διεργομένη
677 4227 732 4262 τε
790 4208 925 4281 ὁμοῦ
971 4206 1058 4262 καὶ
1089 4204 1463 4278 συναπτομένη
1494 4210 1570 4279 τῷ
1601 4201 1829 4283 διαφράο

174 4316 375 4369 γμιῖι.
424 4292 673 4353 ’Ἔπειτα
703 4294 952 4375 διώροφοι
982 4296 1071 4352 καὶ
1128 4294 1413 4373 τριώροφοι
1474 4296 1525 4349 αἱ
1585 4293 1828 4370 σύριγγες

171 4384 325 4439 αὗται
379 4383 642 4453 ἀλλήλαις
706 4383 1173 4460 ἐπῳκοδόμηνται.
1207 4380 1538 4463 Ἐφυλάξατο
1568 4382 1668 4461 γὰρ
1700 4380 1830 4460 (59)

176 4474 302 4544 μίαν
362 4477 593 4539 ποιῆσαι
637 4471 924 4549 διαμπερὲς
982 4474 1081 4541 τὴν
1138 4471 1456 4548 κοιλότητα,
1498 4471 1597 4526 ἵνα
1644 4470 1721 4542 μὴ
1753 4477 1829 4545 τῷ
1852 4504 1895 4555 D

178 4562 332 4636 βάρει
363 4562 427 4615 τὸ
476 4563 632 4640 ὑγρὸν
684 4567 810 4635 πρὸς
868 4585 930 4618 το
980 4563 1132 4626 tua:
1192 4560 1499 4636 διεκπίπτῃ.
1548 4560 1830 4635 Κατάμαθε

1920 3298 2102 3361 riosa.
2124 3301 2248 3361 Hoc
2268 3300 2535 3381 modo,ut
2554 3300 2874 3378 diligenter
2895 3306 3023 3380 apis
3048 3300 3325 3381 pabulum
3348 3320 3563 3382 conge-

1917 3389 2190 3467 rit(cujus
2215 3389 2696 3470 labores,inquit,
2732 3406 2900 3468 reges
2915 3397 2974 3452 et
2980 3392 3219 3471 privati
3232 3391 3313 3453 ad
3322 3393 3563 3454 sanita-

1920 3484 2034 3539 tem
2051 3485 2367 3540 assumunt
2387 3479 2464 3551 5),
2500 3478 2584 3540 ita
2602 3480 2905 3560 sapienter
2934 3490 2992 3541 et
3021 3480 3338 3542 artiﬁciose
3370 3480 3560 3544 mellis

1920 3569 2162 3630 cellulas
2180 3568 2706 3630 exstruit.Extenta
2729 3568 2888 3630 enim
2915 3570 2976 3629 in
3002 3577 3240 3632 tenuem
3266 3570 3559 3632 membra-

1918 3676 2053 3719 nam
2079 3675 2236 3730 cera,
2275 3656 2486 3719 crebra
2515 3666 2573 3719 et
2602 3658 2761 3720 inter
2791 3677 2855 3719 se
2896 3658 3181 3721 continua
3240 3677 3380 3722 cava
3405 3678 3554 3722 con-

1916 3750 2108 3821 struit,
2135 3757 2197 3809 ut
2225 3750 2558 3830 frequentia
2578 3750 2680 3811 illa
2699 3758 2877 3832 atque
2898 3749 3181 3825 densitas,
3214 3769 3332 3831 qua
3354 3752 3553 3814 minu-

1919 3838 2148 3900 tissima
2179 3856 2425 3919 quaeque
2455 3857 2658 3901 secum
2684 3839 2941 3903 invicem
2975 3841 3355 3921 colligantur,
3388 3843 3556 3922 operi

1921 3928 2026 3991 toti
2047 3927 2302 3989 fulcrum
2323 3928 2399 3989 sit
2424 3937 2484 3989 et
2507 3928 3133 3994 ﬁrmamentum.Nam
3156 3930 3373 3992 cellula
3396 3947 3554 4011 qum-

1916 4017 2064 4081 libet
2086 4018 2262 4079 alteri
2283 4018 2570 4100 adhaeret,
2599 4020 2765 4081 tenui
2793 4026 2965 4101 septo
2988 4020 3060 4081 ab
3092 4039 3162 4082 ea
3179 4020 3469 4100 sejuncta,
3497 4028 3557 4082 et

1915 4107 2109 4171 eidem
2134 4108 2313 4170 simul
2338 4108 2681 4189 conjuncta.
2704 4109 2936 4173 Deinde
2964 4109 3175 4171 ﬁstulae
3197 4110 3288 4171 haa
3307 4108 3438 4171 aliae
3458 4127 3555 4171 su-

1914 4216 2022 4279 per
2049 4197 2194 4259 alias
2220 4197 2551 4273 aediﬁcatae,
2573 4199 2723 4262 duas
2750 4207 2942 4261 tresve
2990 4198 3211 4261 habent
3239 4198 3553 4278 contigna~

1913 4288 2129 4350 tiones.
2151 4286 2491 4349 Cavetenim
2517 4289 2860 4351 continuam
2884 4307 3061 4350 unam
3086 4288 3322 4350 efﬁcere
3339 4305 3551 4351 caver-

1913 4378 2138 4450 nulam,
2164 4396 2240 4439 ne
2264 4378 2480 4439 humor
2497 4378 2653 4439 foras
2672 4386 2913 4459 propter
2933 4377 3275 4457 gravitatem
3298 4375 3549 4441 difﬂuat.

1915 4465 2088 4529 Disce
2118 4467 2417 4546 quomodo
2444 4467 2787 4546 geometria;
2846 4468 3085 4528 inventa
3137 4466 3401 4527 accessio
3432 4465 3553 4526 sint

1914 4574 2111 4638 Operae
2132 4574 2200 4617 ac
2216 4556 2438 4617 laboris
2458 4558 2794 4638 ejus,quem
2820 4557 2947 4638 apis
2964 4554 3406 4637 sapientissima
3426 4572 3555 4617 sus-

182 4651 301 4711 πῶς
335 4652 403 4706 τὰ
456 4657 556 4719 τῆς
613 4653 942 4731 γεωμετρίας
1002 4653 1266 4730 εὑρέματα
1315 4649 1551 4729 πάρεργά
1579 4649 1689 4705 ἆστι
1728 4654 1827 4716 τῆς

1919 4643 2307 4726 cipit.0mnes
2330 4645 2490 4706 enim
2508 4646 2771 4707 favorum
2793 4645 3129 4709 cavernulae
3177 4651 3316 4707 sunt
3335 4662 3550 4706 sexan-

180 4740 506 4818 σονρωτάτης
558 4741 840 4817 μελίσσης.
893 4739 1177 4820 Ἐξάγωνοι
1221 4741 1321 4819 γὰρ
1371 4745 1536 4795 πᾶσαι
1595 4738 1680 4794 καὶ
1710 4738 1827 4793 ἰσό-

1919 4735 2151 4818 gulaa,et
2168 4734 2408 4814 aequalia
2435 4735 2619 4796 latera
2641 4734 3011 4797 habentznon
3039 4733 3171 4796 alia
3193 4732 3324 4795 aliis
3346 4732 3545 4795 direc-

180 4830 404 4906 Tt).EJPOt
464 4834 570 4889 τῶν
614 4834 812 4911 κηρίων
871 4834 923 4887 αἱ
981 4831 1247 4910 σύριγγες,
1307 4830 1401 4885 οὑκ
1485 4826 1570 4884 ἐπ’
1629 4826 1827 4892 εὐθείας

1919 4834 1967 4889 to
1990 4823 2359 4898 incumbunt,
2388 4841 2463 4887 ne
2491 4823 2660 4885 fundi
2691 4823 3019 4887 intervallis
3047 4822 3249 4886 vacuis
3278 4821 3550 4902 adjuncti

255 4991 283 5037 ⁴
321 4991 503 5053 Rom.
541 5005 646 5066 xu,
683 4989 778 5065 17,
811 4989 908 5051 2|.
996 4991 1029 5042 5
1058 4991 1232 5053 Prov.
1266 5006 1345 5064 Vl,
1373 4988 1432 5063 6,
1466 5005 1597 5051 saw.
1633 4984 1813 5052 LXX.

262 5151 385 5223 (54)
420 5150 591 5229 Regii
619 5150 851 5231 tertius,
886 5149 1128 5231 quintus
1153 5155 1211 5211 et
1239 5158 1438 5211 sextus
1481 5167 1615 5210 cum
1645 5147 1825 5212 Coisl.

262 5233 379 5289 imo
413 5240 468 5289 et
502 5250 633 5289 cum
666 5230 830 5289 Colb.
868 5232 1132 5289 secundo
1166 5230 1388 5289 ἀκρασία
1431 5230 1623 5289 δήμου.
1658 5230 1830 5289 υιιιαί

1995 5144 2116 5289 (ξπ)
2150 5148 2295 5225 Παρά
2326 5151 2421 5213 τῆς
2454 5145 2769 5221 Παροιμίας.
2794 5142 2984 5206 Locus
3008 5152 3099 5207 est
3117 5142 3290 5207 Prov.
3323 5160 3542 5244 cap.vi,

1919 5244 1963 5288 υ.
2044 5276 2060 5289 .
2094 5227 2247 5289 apud
2282 5224 2449 5288 LXX.
2507 5222 2623 5288 Sed
2674 5225 2796 5286 haec
2853 5224 3069 5288 absunt
3117 5225 3191 5287 ab
3237 5224 3542 5289 Hebraicis

177 5233 379 5312 primo
413 5240 468 5291 et
502 5222 644 5312 cum,
666 5222 849 5312 Colbf
868 5222 1132 5312 secundo
1166 5230 1388 5312 ἀκρασία
1431 5230 1830 5312 δήμοῃψιίρί

1919 5244 1963 5288 v.
2000 5222 2060 5300 6,
2094 5222 2249 5312 apud
2282 5224 2449 5312 LXX.
2507 5222 2623 5312 Sed
2674 5225 2796 5286 haec
2853 5224 3069 5288 absunt
3117 5225 3191 5287 ab
3237 5222 3547 5291 Hebraicis

178 5306 549 5392 petulantia.
606 5311 757 5373 Editi
807 5318 863 5372 et
906 5311 1063 5392 Coisl
1136 5306 1436 5392 secundus
1466 5306 1828 5388 cum'Regiis
1910 5306 2365 5392 exemplaribus.
2402 5306 2553 5386 Lege
2577 5309 2880 5392 Ducaium.

180 5384 379 5473 primo
415 5404 476 5454 et
509 5400 711 5452 octavo
743 5393 952 5471 ἀκρισία
984 5391 1176 5466 δήμου.
1210 5390 1472 5453 Rectius.
1723 5384 1747 5388 ν

1919 5466 1949 5473 _
1991 5384 2218 5473 (:5_S_)_It_a
2245 5384 2614 5473 codices'sex
2638 5403 2670 5447 θ
2695 5384 3461 5473 ηοειτὶεηρτῳῐετ-Οοωὺσῐ.
3487 5394 3546 5449 et

258 5475 397 5547 (55)
430 5474 556 5534 Duo
586 5490 726 5533 mss.
755 5464 1254 5542 ἐναποθνήσκουσιν,

1919 5464 2078 5529 ΒοᾶΙ.
2108 5467 2484 5547 Εάίιίγέκάστη
2513 5469 2612 5545 γὰρ
2642 5466 2875 5546 φρεατίς,
2911 5464 3118 5529 Statim
3153 5468 3302 5547 Reg.
3344 5473 3543 5530 sextus

250 5546 387 5635 (56)
448 5552 696 5635 Qodices
772 5561 1021 5635 quatuor
1078 5553 1313 5635 φανερῶς
1374 5551 1611 5635 συνάγει.
1666 5547 1819 5635 Editi

1919 5550 2039 5635 προς
2059 5550 2248 5635 αὐτην.
2260 5546 2572 5635 διῃρημένη.
2589 5568 2645 5603 τε
2678 5550 2831 5635 {moi}.

250 5573 387 5635 (00)
451 5573 696 5614 bonices
812 5573 1021 5614 uatuor
1078 5574 1313 5633 φανερωξ
1374 5573 1611 5630 συναγει.
1666 5573 1819 5612 D01“

170 5650 308 5696 cum
359 5632 529 5698 συιδ.
584 5573 850 5696 secundo
907 5640 1123 5697 etcum
1161 5632 1309 5712 Reg.
1345 5632 1517 5695 tertio
1574 5631 1818 5710 συναγείο

170 5736 271 5770 σει.

1919 5573 2039 5628 προς
2071 5573 2233 5615 αυτην
2265 5573 2559 5626 οιῃρημενη
2589 5573 2645 5603 τε
2678 5573 2831 5623 ομου.
3292 5627 3302 5639 ⁸

1919 5624 3000 5770 υοξῗῖἒεξῗέἷὶῗιῗὲἓῗὲτὶἲῗιξπῗῗλάεανω
3044 5628 3165 5709 γάρ’
3211 5627 3540 5706 “qm”

170 5736 272 5792 ρει.
1253 5705 1280 5712 ⁷
1719 5705 1731 5710 ἰ

1919 5705 2037 5789 post
2068 5705 2214 5787 Reg.
2243 5715 2449 5769 sextus
2478 5705 2757 5785 διαπίπτῃ.
