4102 6224
451 262 594 329 Ub.

1725 261 1730 264 ’
1803 263 1862 328 S.
1897 256 2182 330 ‘DASILII
2204 257 2470 332 -ΜΑΕΝΙ

3693 257 3817 326 176

439 397 736 462 fatiscant:
761 394 868 457 sed
882 394 1334 474 sexangularum
1356 393 1707 457 inferiorum
1731 401 2074 462 cavernnla-

2187 402 2419 474 ιλλήλαις
2475 407 2932 478 κατεπικείμεναι,
2993 404 3086 460 ἵνα
3143 404 3222 480 μὴ
3280 403 3559 477 κάμνωαιν
3614 403 3662 458 οἱ
3693 407 3812 457 πὺ-

439 505 574 550 rnm
602 485 800 563 anguli
823 483 982 546 basis
1000 493 1135 544 sunt
1156 501 1224 544 ac
1245 482 1656 546 fulcimentum
1671 490 2070 571 superiorum,

443 585 506 639 ut
534 583 658 638 tuto
687 592 865 655 supra
895 591 960 635 se
1018 591 1202 635 onera
1233 573 1522 654 attollant,
1554 583 1612 636 et
1640 580 1960 656 separatim
2017 582 2074 642 in

444 681 802 745 unoquoque
821 679 1080 724 concavo
1096 660 1314 722 humor
1341 662 1739 726 contineatur.

525 928 904 1005 5.Quomodo
917 937 1160 990 cunctas
1179 931 1567 1010 proprietates
1585 932 1660 995 ad
1679 935 1982 996 volucrum
2003 935 2086 995 vi-

447 1030 570 1088 tam
602 1021 972 1103 pertinentes
996 1030 1270 1083 accurate
1302 1021 1407 1083 tibi
1433 1040 1751 1087 recensere
1801 1026 2020 1106 possim
2055 1027 2080 1088 Υ

442 1112 518 1177 Ut
543 1130 719 1191 grues
747 1109 1006 1172 vicissim
1040 1111 1401 1173 constituunt
1423 1113 1728 1189 excubias;
1752 1125 1809 1177 et
1832 1116 2073 1196 quidem

442 1203 574 1264 aliae
593 1200 924 1262 dormiunt:
951 1199 1237 1261 aliaevero
1256 1200 1959 1284 circumeuntes,omnem
1980 1206 2075 1285 ip-

444 1291 527 1353 sis
547 1289 926 1352 securitatem
950 1307 1057 1368 per
1075 1306 1349 1351 somnum
1373 1290 1898 1367 exhibent;deinde
1923 1303 2080 1354 tem-

447 1399 590 1462 pore
606 1379 938 1458 vigiliarum
960 1379 1353 1456 peracto,bzec
1371 1381 1614 1456 quidem
1629 1381 1906 1461 clangore
1923 1384 2078 1444 edito

445 1469 516 1531 ad
546 1487 823 1532 somnum
848 1468 1211 1528 convertitur
1244 1485 1258 1530 :
1313 1467 1413 1529 illa
1441 1486 1580 1530 vero
1613 1471 1702 1529 75
1726 1474 2077 1544 succedens,

445 1563 824 1621 securitatem
858 1573 1033 1636 quam
1057 1557 1428 1636 accepit,sua
1451 1557 1580 1619 vice
1611 1559 1826 1620 reddit.
1854 1558 2079 1623 Obser-

447 1647 612 1710 vabis
640 1655 700 1708 et
725 1647 885 1708 hunc
908 1645 1179 1707 ordinem
1211 1649 1270 1705 in
1309 1649 1436 1726 ipso
1482 1651 1698 1709 volatu.
1740 1649 1866 1711 Alia
1923 1650 2079 1710 enim

2156 491 2341 563 θμένες
2372 508 2490 558 τοῖς
2532 493 2789 557 διακένοις
2848 492 3253 574 ἱφηρμοσμένοι
3291 511 3306 527 ·
3353 490 3476 546 ἀλλ’
3530 493 3580 546 αἱ
3611 491 3812 567 γωνίαι

2159 582 2266 638 τῶν
2335 581 2566 640 κάτωθεν
2620 583 2919 663 ἐξαγώνων,
2998 584 3188 661 βάθρον
3245 583 3334 638 καὶ
3405 580 3623 658 ἔρεισμα
3694 581 3814 635 τῶν

2161 672 2552 748 ὑπερκειμένων
2619 674 2770 747 εἰσὶν,
2829 675 2904 735 ὣς
2957 670 3208 752 ἀσφαλῶς
3278 671 3408 748 ὑπὲρ
3451 671 3651 726 ἑαυτῶν
3695 688 3812 741 με-

2166 763 2429 840 τεωρίζειν
2458 763 2526 818 τὰ
2553 763 2714 840 βάρη,
2749 763 2837 818 καὶ
2863 760 3171 833 ἰδιαζόντως
3203 761 3401 836 ἑκάστῃ
3430 756 3708 823 κοιλότητι
3743 758 3813 812 τὸ

2165 853 2322 930 ὑγρὸν
2365 851 2774 932 ἐγκατέχεσθαι.

2246 940 2305 1004 5.
2353 947 2471 1006 Πῶς
2516 941 2578 997 ἄν
2607 963 2689 997 σοι
2721 942 2893 998 πάντα
2929 939 2998 995 δι’
3049 936 3313 1018 ἀκριϐείας
3348 937 3616 1012 ἰπέλθοιμι
3653 937 3718 993 τὰ
3755 935 3817 991 ἐν

2164 1043 2282 1093 τοῖς
2325 1030 2460 1107 βίοις
2503 1037 2609 1086 τῶν
2651 1031 2872 1107 ὀρνίθων
2906 1027 3168 1104 ἰδιώματα
3205 1048 3220 1102 ;
3265 1033 3377 1093 πῶς
3428 1029 3524 1103 μὲν
3556 1028 3605 1083 αἶ
3637 1027 3810 1103 γέρα-

2163 1142 2240 1176 νοι
2282 1120 2377 1183 τὰς
2408 1120 2461 1174 ἐν
2505 1126 2572 1195 τῇ
2618 1121 2760 1175 νυκτὶ
2791 1116 3131 1198 προφυλακὰς
3181 1116 3307 1190 (60)
3357 1117 3418 1172 ἐκ
3472 1117 3808 1193 περιτροπῆς

2161 1207 2515 1289 ὑποδέχονται
2551 1228 2561 1240 '
2611 1210 2697 1265 καὶ
2740 1211 2792 1264 αἱ
2845 1209 2942 1282 μὲν
3005 1205 3361 1276 καθεύδουσιν,
3416 1209 3468 1262 αἱ
3509 1205 3586 1284 δὲ,
3619 1205 3811 1278 κύκλῳ

2161 1306 2480 1376 περιιοῦσαι,
2538 1305 2712 1354 πᾶσαν
2769 1297 2960 1360 αὑταῖς
3018 1300 3073 1352 ὲν
3129 1298 3207 1370 τῷ
3268 1297 3417 1370 ὕπνῳ
3470 1297 3808 1374 παρέχονται

2162 1387 2263 1453 τὴν
2320 1386 2606 1467 ἀσφάλειαν
2640 1404 2653 1418 '
2703 1387 2850 1456 εἶτα,
2899 1386 2991 1442 τοῦ
3044 1388 3227 1463 καιροῦ
3255 1385 3350 1452 τῆς
3383 1384 3618 1464 φυλακῆς
3651 1384 3811 1450 πλη--

2165 1476 2443 1554 ρουυένου,
2476 1479 2510 1544 ἡ
2546 1477 2644 1551 μὲν
2671 1477 2916 1553 βοήσασα
2963 1478 3094 1552 πρὸς
3140 1474 3300 1531 ὕπνον
3330 1475 3584 1553 ἐτράπετο
3646 1473 3810 1552 (61),

2164 1568 2196 1631 ἡ
2253 1563 2332 1637 δὲ,
2388 1567 2484 1633 τὴν
2541 1563 2798 1644 διαδοχὴν
2849 1563 3241 1640 ὑποδεξαμένη,
3297 1565 3361 1631 ἧς
3421 1563 3605 1641 ἔτυχεν
3638 1563 3816 1640 ἀσφα-

2165 1653 2309 1717 λείας
2352 1653 2642 1711 ἀντέδωκεν
2702 1655 2756 1709 ὲν
2826 1659 2902 1726 τῷ
2962 1654 3130 1729 μέρει,
3204 1654 3414 1718 Ταύτην
3487 1655 3575 1707 καὶ
3632 1651 3686 1706 ἐν
3739 1652 3818 1726 τῇ

447 1735 746 1799 interdum
773 1735 1011 1797 itineris
1030 1736 1151 1796 dux
1171 1735 1395 1806 est;sed
1417 1735 1519 1797 ubi
1534 1755 1640 1818 per
1659 1738 1898 1817 aliquod
1929 1748 2081 1800 tem-

2187 1746 2358 1814 ττήσει
2387 1747 2484 1812 τὴν
2515 1742 2750 1808 εὐταξίαν
2809 1743 3058 1818 κατόψει,
3108 1741 3355 1798 ’³Αλλοτε
3405 1743 3503 1818 γὰρ
3536 1740 3675 1807 ἄλλη
3709 1742 3817 1808 τὴν

451 1845 558 1908 pus
588 1832 867 1887 statutum
901 1825 1119 1887 volatui
1151 1825 1399 1906 praefuit,
1461 1835 1620 1888 retro
1651 1845 1715 1888 se
1760 1828 2078 1908 recipiens,

449 1917 557 1979 viai
578 1916 858 1978 ducatum
887 1913 1231 1994 insequenti
1263 1915 1456 1978 tradit.
1494 1915 1782 1978 Caeterum
1815 1918 2083 1980 ciconia-

449 2024 582 2068 rum
613 2004 832 2083 agendi
859 2004 1092 2078 modus,
1125 2021 1244 2064 non
1277 2003 1484 2080 procul
1515 2023 1549 2067 a
1575 2007 1846 2066 rationali
1875 2007 2083 2068 intelli-

452 2097 650 2174 gentia
665 2091 933 2158 abest.Ut
956 2093 1118 2155 enim
1134 2111 1342 2153 omnes
1367 2111 1483 2154 uno
1506 2103 1564 2155 et
1582 2095 1794 2156 eodem
1817 2105 2085 2174 tempore

452 2185 531 2248 ad
551 2185 658 2246 has
681 2181 956 2262 regiones
978 2181 1382 2246 accedunt:ita
1409 2183 1520 2245 sub
1541 2203 1656 2244 uno
1687 2185 1854 2263 signo
1881 2205 2090 2248 omnes

453 2273 793 2337 discedunt.
827 2271 1058 2352 Stipant
1081 2279 1279 2333 autem
1304 2271 1461 2351 ipsas
1484 2275 1754 2335 cornices
1771 2283 2087 2354 nostrates,

458 2382 676 2444 easque
707 2379 842 2423 mea
869 2360 1108 2442 quidem
1131 2361 1417 2423 sententia
1444 2362 1768 2437 deducunt,
1788 2373 1847 2425 et
1872 2365 2089 2425 nonni-

458 2454 544 2517 hil
566 2453 852 2514 adversus
879 2450 1126 2514 hostiles
1150 2467 1289 2512 aves
1335 2459 1610 2531 prastant
1631 2453 1907 2516 subsidii.
1943 2454 2088 2514 Illud

461 2543 654 2626 primo
680 2543 812 2623 ejus
838 2541 930 2602 rei
958 2548 1371 2620 argumentum
1403 2550 1510 2609 est.
1537 2543 1693 2621 quod
1727 2562 1797 2605 eo
1827 2553 2092 2624 tempore

461 2634 624 2696 nulla
666 2647 914 2712 prorsus
941 2629 1143 2695 cornix
1167 2640 1468 2711 appareat:
1495 2632 1716 2694 deinde
1740 2652 1873 2696 cum
1898 2633 2074 2695 vulne

459 2723 627 2788 ribus
642 2721 990 2793 redeuntes,
1024 2728 1227 2799 aperta
1258 2721 1458 2783 tutelae
1497 2731 1555 2783 et
1586 2723 1837 2802 praesidii
1897 2724 2095 2785 collati

459 2810 1138 2883 indiciareferunt,Quis
1162 2809 1318 2889 apud
1341 2809 1504 2891 ipsas
1519 2812 1873 2892 praescripsit
1896 2812 2090 2892 hospi-

464 2904 698 2966 talitatis
721 2900 1037 2982 jura?quis
1065 2898 1210 2980 ipsis
1232 2901 1592 2963 desertionis
1617 2902 1889 2963 militaris
1932 2922 2098 2964 accu-

463 2993 754 3056 sationem
791 2997 1048 3051 minatus
1078 2997 1188 3070 est,
1217 2989 1365 3051 adeo
1391 2998 1454 3051 ut
1473 2991 1635 3052 nulla
1663 3010 1697 3051 a
1725 2991 1999 3052 comitatu
2033 3011 2097 3053 se

2169 1832 2386 1911 ὁδηγίαν
2443 1828 2744 1913 ἐκδέχεται,
2805 1834 2893 1888 καὶ
2945 1831 3144 1888 τακτόν
3203 1853 3320 1886 τινα
3379 1828 3572 1910 χρόνον
3597 1852 3818 1908 προκα-

2167 1922 2518 1998 θηγησαμὲνη
2577 1923 2672 1990 τῆς
2720 1923 2998 1999 πτήσεως,
3031 1922 3105 1984 εἰς
3154 1920 3215 1976 τὰ
3244 1921 3468 1976 κατόπιν
3495 1919 3820 1996 περιελθοῦ-

2170 2033 2258 2084 σα,
2297 2013 2357 2086 τῇ
2415 2009 2532 2084 μεθ’
2566 2011 2753 2075 ἑαυτὴν
2809 2011 2910 2075 τὴν
2963 2009 3260 2084 ἠγεμονίαν
3303 2014 3400 2073 τῆς
3432 2005 3549 2062 ὃδοῦ
3580 2005 3821 2083 παραδί-

2171 2099 2320 2162 δωσι,
2353 2102 2424 2157 Τὸ
2471 2097 2525 2156 δὲ
2569 2102 2675 2155 τῶν
2713 2097 2998 2174 πελαργῶν
3045 2096 3162 2152 οὑδὲ
3213 2096 3389 2175 πόῤῥω
3418 2097 3527 2152 ἐστὶ
3556 2097 3825 2158 συνέσεως

2173 2189 2400 2267 λογικῆς
2431 2203 2445 2219 ⁹
2485 2188 2625 2245 οὕτω
2657 2187 2752 2262 μὲν
2783 2188 2922 2243 κατὰ
2949 2187 3041 2243 τὸν
3091 2186 3179 2243 ἕνα
3238 2188 3418 2258 καιρὸν
3449 2187 3649 2247 πάντας
3695 2185 3826 2241 ἐπι-

2173 2277 2367 2354 δημεῖν
2410 2292 2529 2341 τοῖς
2572 2276 2696 2355 τῇδε
2728 2277 2947 2356 χωρίοις
2982 2294 2999 2312 ⁸
3032 2274 3170 2332 οὕτω
3203 2274 3258 2330 δὲ
3303 2274 3387 2354 ὑφ’
3420 2276 3494 2331 ἑνὶ
3524 2275 3827 2348 συνθήματι

2175 2369 2376 2430 πάντας
2435 2367 2701 2446 ἀπαίρειν.
2775 2373 3129 2443 Δορυφοροῦσι
3212 2364 3266 2420 δὲ
3341 2365 3531 2428 αὖτοὺς
3591 2366 3642 2419 αἱ
3691 2365 3827 2441 παρ’

2175 2459 2310 2527 ἡμῖν
2341 2463 2589 2535 κορῶναι,
2651 2460 2736 2514 καὶ
2789 2452 3260 2530 παραπέμπουσιν,
3313 2454 3431 2528 ἐμοὶ
3463 2452 3670 2524 δοκεῖν,
3730 2460 3831 2508 καὶ

2177 2547 2487 2626 συμμαχίαν
2542 2547 2661 2602 τινὰ
2737 2547 3107 2626 παρεχόμεναι
3177 2544 3305 2620 πρὸς
3387 2540 3590 2617 ὄρνιθας
3649 2540 3826 2598 πολεο

2179 2637 2351 2711 μίους.
2385 2643 2625 2711 Σημεῐον
2657 2633 2711 2690 δὲ
2748 2641 2958 2713 πρῶτον
3015 2634 3112 2710 μὲν
3169 2635 3231 2689 τὸ
3274 2633 3352 2705 μὴ
3384 2630 3653 2709 φαίνεσθαι
3711 2631 3829 2685 ὑπὸ

2181 2727 2271 2781 τὸν
2327 2728 2508 2802 καιρὸν
2564 2725 2772 2781 ἐκεῖνον
2828 2726 3070 2804 κορώνην
3129 2722 3487 2789 παντάπασιν,
3524 2719 3689 2775 ἔπειθ’
3736 2718 3830 2774 ὅτι

2180 2815 2314 2888 μετᾶ
2356 2813 2668 2892 τραυμάτων
2695 2814 3124 2894 ἐπανερχόμεναι
3173 2809 3370 2887 ἐναργῆ
3415 2816 3507 2865 τοῦ
3551 2830 3830 2864 συνασπιι

2181 2910 2318 2978 σμοῦ
2361 2905 2448 2959 καὶ
2505 2909 2602 2970 τῆς
2661 2903 2958 2983 ἐπιμαχίας
3011 2903 3076 2957 τὰ
3137 2912 3344 2974 σημεῖα
3400 2898 3704 2972 κομίζουσι.
3735 2897 3831 2961 Τίς

2181 2992 2308 3072 παρ’
2339 2993 2527 3057 αὑταῖς
2556 2994 2676 3056 τοὺς
2704 2997 2803 3058 τίς
2834 2991 3128 3072 φιλοξενίας
3162 2989 3375 3067 διώρισε
3407 2988 3600 3062 νόμους
3644 2988 3776 3064 (62)
3810 3007 3828 3055 ;

465 3083 803 3146 subtrahat?
824 3079 1142 3142 Audiantii
1175 3081 1277 3160 qui
1299 3098 1440 3158 erga
1466 3081 1870 3160 hospitesduri
1888 3092 2023 3143 sunt
2044 3091 2099 3143 et

2187 3085 2260 3144 τίς
2305 3086 2492 3145 αὐταῖς
2548 3081 2808 3150 ἠπείλησε
2853 3081 3256 3157 λειποστρατίου
3305 3080 3514 3157 γραφὴν
3573 3079 3645 3140 ὡς
3709 3100 3831 3151 μηδ

467 3168 802 3244 inofliciosi,
818 3169 1094 3249 foresque
1117 3168 1616 3248 occludunt,etne
1641 3171 1838 3232 hieme
1859 3171 2101 3251 quidem

467 3267 758 3323 autnoctu
777 3257 1032 3319 advenas
1051 3266 1206 3319 tecto
1229 3259 1744 3337 recipiunt.P0rro
1767 3279 1907 3321 cura
1930 3279 2104 3342 quam

468 3348 714 3410 ciconia;
735 3347 902 3408 senio
918 3345 1204 3406 confectis
1225 3347 1532 3428 exhibent,
1551 3347 1774 3408 liberos
1792 3351 2105 3414 nostrossi

471 3437 777 3500 attendere
807 3434 1049 3508 vellent,
1069 3434 1142 3496 ad
1166 3445 1474 3516 parentum
1498 3455 1762 3498 amorem
1784 3439 1924 3500 satis
1941 3441 2105 3501 exci-

472 3534 644 3590 taret.
671 3525 861 3588 Nemo
884 3523 1042 3584 enim
1069 3523 1247 3584 homo
1271 3525 1490 3606 est,qui
1515 3526 1598 3586 ita
1631 3544 1872 3604 prorsus
1907 3546 2109 3589 menze

474 3615 922 3688 destiluatur,ut
951 3611 1176 3692 pudore
1195 3611 1438 3691 dignum
1465 3633 1579 3675 non
1599 3615 2109 3697 judiceteum,qui

471 3705 678 3768 avibus
731 3720 1014 3784 perquam
1048 3701 1236 3764 brutis
1267 3704 1478 3765 virtute.
1509 3705 1757 3766 inferior
1783 3705 1952 3766 foret.
1992 3706 2112 3768 Illae

474 3796 800 3878 genitorem
817 3792 1117 3872 praesenio
1131 3793 1736 3872 pennarumdeﬂuviis
1749 3795 2112 3858 laborantem

476 3885 955 3953 circumstantes,
979 3881 1226 3943 suismet
1253 3883 1466 3962 pennis
1504 3883 1876 3965 calefaciunt,
1902 3904 2111 3967 Suppe-

475 3975 786 4055 ditantque
807 3969 1044 4032 abunde
1073 3971 1418 4033 alimentum
1458 3993 1472 4032 :
1507 3974 1648 4053 quin
1674 3973 2004 4036 subsidium
2033 3975 2111 4048 ei,

477 4063 676 4149 quoad
701 4061 833 4123 ﬁeri
860 4068 1075 4140 potest,
1108 4061 1170 4121 in
1203 4063 1332 4142 ipso
1354 4062 1547 4124 volatu
1584 4072 1884 4143 praestant,
1921 4065 2108 4126 utrin-

477 4173 596 4237 que
621 4152 734 4215 alis
775 4149 900 4211 suis
931 4149 1146 4211 leniter
1193 4149 1595 4213 sublevantes.
1655 4153 1845 4234 Atque
1894 4155 2003 4215 hoc
2036 4155 2114 4214 ita

477 4243 637 4325 apud
657 4257 870 4304 omnes
889 4240 1262 4301 decantatum
1287 4249 1472 4312 est,ut
1484 4242 1608 4321 jam
1634 4242 1873 4324 quidam
1897 4242 2118 4305 benefi-

477 4335 699 4398 ciorem
717 4330 1258 4392 remunerationem
1279 4331 1772 4411 antipelargosim
1790 4333 2112 4412 appellent.

2189 3171 2369 3247 δεμίαν
2412 3170 2788 3228 ἀπολείπεσθαι
2845 3176 2943 3240 τῆς
3007 3173 3390 3249 προπομπῆςς
3449 3166 3834 3224 Ἀκουὲτωσαν

2189 3264 2234 3317 οἱ
2267 3260 2562 3333 κακόξενοι,
2595 3262 2681 3316 καὶ
2729 3263 2826 3325 τὰς
2871 3258 2987 3338 (63)
3036 3259 3192 3338 θύρας
3224 3256 3516 3335 κλείοντες,
3551 3257 3638 3310 καὶ
3686 3253 3832 3328 μηδὲ

2190 3350 2384 3428 στέγης
2417 3352 2474 3406 ἓν
2503 3351 2735 3430 χειμῶνι
2766 3353 2853 3409 καὶ
2901 3351 3046 3405 νυκτὶ
3102 3361 3219 3406 τοῖς
3278 3344 3594 3418 ἐπιδημοῦσι
3655 3365 3835 3417 μετα-

2189 3438 2442 3502 διδόντες.
2489 3438 2556 3495 Ἢ
2606 3437 2661 3494 δὲ
2709 3441 2827 3517 περὶ
2857 3441 2976 3503 τοὺς
3009 3437 3346 3514 γηράσαντας
3378 3435 3486 3490 τῶν
3546 3433 3838 3510 πελαργῶν

2189 3528 2408 3605 πρόνοια
2457 3527 2662 3606 ἐξήρκει
2715 3530 2836 3594 τοὺς
2917 3525 3116 3587 παῖδας
3189 3528 3366 3599 ἡμῶν,
3423 3526 3466 3578 εἶ
3537 3521 3839 3600 πρθσέκειν

2192 3615 2492 3690 ἐϐούλοντο,
2566 3617 2930 3697 πιλοπάτορας
3003 3620 3364 3682 καταστῆσαι.
3435 3613 3649 3673 Πάντως
3734 3614 3841 3689 γὰρ

2195 3707 2358 3773 obiici:
2419 3708 2584 3774 οὕτως
2642 3707 2901 3765 ἐλλείπων
2962 3707 3098 3762 κατὰ
3141 3707 3237 3772 τὴν
3287 3704 3562 3783 φρόνησιν,
3621 3703 3696 3764 ὡς
3759 3703 3842 3775 μὴ

2199 3801 2456 3880 αἰσχύνης
2543 3799 2683 3866 ἄξιον
2758 3802 2950 3879 κρίνειν
3027 3804 3133 3854 τῶν
3186 3795 3544 3874 ἂλογωτέτων
3617 3794 3844 3870 ὀρνίθων

2197 3891 2480 3967 ὑστερίζειν
2534 3888 2650 3946 κατ’
2694 3891 2912 3968 ἀρετήν,
2960 3886 3197 3946 Ἐκεῖνοι
3241 3887 3330 3941 τὸν
3377 3883 3577 3960 πατέρα
3609 3885 3714 3938 ὑπὸ
3747 3890 3845 3938 τοῦ

2199 3981 2378 4058 γήρως
2436 3979 2894 4058 πτερορῥυήσαντα
2951 3976 3293 4056 περιστάντες
3349 3976 3405 4028 ἓν
3470 3971 3650 4044 κύκλῳ
3721 3987 3844 4035 τοῖς

2197 4070 2407 4132 οἰκείοις
2439 4083 2658 4148 πτεροῖς
2691 4068 3063 4140 διαθάλπουσι,
3118 4066 3205 4120 καὶ
3262 4064 3356 4126 τὰς
3417 4064 3614 4142 τροοᾶς
3667 4062 3845 4141 ἀφθό-

2199 4179 2300 4219 νως
2359 4159 2872 4236 παρασκευάζοντες,
2921 4157 3017 4223 τὴν
3062 4154 3284 4220 δυνατὴν
3334 4153 3423 4208 καὶ
3456 4152 3510 4206 ὲν
3646 4154 3848 4220 πτήσει

2198 4247 2527 4326 παρέχονται
2587 4246 2712 4324 (64)
2770 4245 3039 4324 βοήθειαν,
3099 4243 3272 4321 ἡρέμα
3316 4248 3392 4314 τῷ
3435 4248 3612 4318 πτερῷ
3655 4243 3838 4320 κουφίρ

2198 4344 2376 4407 ζοντεης
2408 4336 2752 4413 ἑκατέρωθεν.
2793 4338 2887 4395 Καὶ
2939 4335 3080 4392 οὕτω
3128 4341 3281 4389 τοῦτο
3334 4332 3476 4407 παρὰ
3533 4337 3663 4386 πᾶσι
3725 4329 3850 4385 δια-

479 4423 666 4487 Nemo
684 4421 761 4482 de
793 4427 1138 4500 paupertate
1167 4418 1364 4480 doleat
1394 4439 1408 4478 :
1443 4438 1636 4500 neque
1683 4421 1735 4481 is
1775 4422 1848 4482 de
1873 4440 1976 4482 sua
2008 4424 2099 4484 vit:

2205 4423 2484 4507 ὄεϐόηται,
2538 4426 2675 4483 ὥστε
2731 4424 2831 4492 ἤδη
2884 4424 3027 4486 τινὲς
3085 4423 3183 4488 τὴν
3253 4427 3360 4477 τῶν
3407 4421 3856 4497 εὑεργετημάτων

481 4513 780 4592 desperet,
814 4510 910 4570 cui
942 4507 1120 4570 nulla;
1148 4508 1310 4570 domi
1339 4519 1664 4589 supersunt
1695 4510 1969 4590 opes,ubi
1998 4513 2124 4592 ipse

480 4597 814 4684 respexerit
847 4597 921 4660 ad
944 4596 1286 4660 hirundinis
1317 4597 1812 4663 industriam.llla
1845 4601 2002 4662 enim
2030 4603 2124 4662 ni—

482 4691 623 4754 dum
655 4696 1032 4762 construens,
1059 4686 1316 4749 festucas
1338 4687 1578 4769 quidem
1613 4708 1718 4751 ore
1749 4691 1944 4754 defert
1978 4713 1991 4755 :
2029 4692 2125 4752 lu-

485 4790 608 4844 tum
644 4796 779 4842 vero
808 4777 1092 4857 colligere
1110 4777 1362 4858 pedibus
1391 4797 1526 4839 cum
1543 4798 1658 4840 non
1681 4789 2127 4860 queat,penna-

482 4889 615 4934 rum
647 4867 1051 4932 extremitates
1083 4886 1232 4948 aqua
1265 4867 1692 4943 madefaciens,
1743 4869 2002 4932 subinde
2037 4883 2127 4934 te-

486 4957 774 5022 nuissimo
797 4955 1051 5038 pulvere
1069 4973 1203 5018 sese
1224 4954 1563 5034 obvolvens,
1597 4958 1686 5020 sic
1717 4959 1825 5019 luti
1851 4979 2023 5021 usum
2060 4981 2126 5023 ex

570 5135 686 5214 (60)
711 5136 797 5198 Ita
825 5154 927 5198 sex
950 5152 1094 5200 mss.
1127 5135 1288 5200 Editi
1321 5134 1678 5216 simpliciter
1704 5136 1970 5216 φυλακάς.

569 5216 698 5298 (bl)
729 5216 981 5279 Codices
1010 5217 1128 5279 duo
1159 5217 1430 5298 ἐτρέπετο.
1457 5218 1609 5298 Reg.
1635 5226 1837 5278 sextus
1858 5219 2127 5291 τρέπεται,

491 5295 1241 5377 Colb.'secundusétpai1m.
1274 5297 1401 5360 Duo
1439 5297 1540 5358 alii
1562 5295 1714 5361 mss.
1771 5316 1902 5359 cum
1955 5300 2129 5361 editis

492 5378 773 5460 ἐτράπετο..
796 5376 927 5460 Nec
955 5377 1035 5439 ita
1067 5376 1250 5460 multo
1283 5388 1410 5460 post
1445 5395 1597 5460 mss.
1625 5378 1895 5460 plerique
1926 5399 2137 5442 omnes

494 5475 628 5614 ἕξω
665 5457 929 5521 editione
985 5458 1168 5522 Basil.
1223 5457 1472 5537 κατόψει.
1519 5457 1712 5521 Editio
1765 5457 1952 5521 Paris.
2000 5485 2134 5517 κατ-

571 5561 669 5602 εις.

580 5616 704 5700 (62)
733 5619 880 5698 Reg.
911 5627 1113 5681 sextus
1138 5619 1346 5700 διώρισε
1383 5621 1632 5698 θεσμούς.

2146 4487 2191 4538 D

2210 4514 2470 4572 ἀντίδοσιν
2523 4515 2977 4594 ἀντιπελάργωσιν
3041 4511 3167 4589 (65)
3249 4510 3585 4583 ὀνομάζουσι,
3652 4507 3854 4573 Μηδεὶς

2209 4605 2392 4660 πενίαν
2453 4603 2712 4683 ὀδυρέσθω
2749 4625 2762 4637 °
2827 4601 2962 4678 μηδὲ
3019 4599 3431 4678 ἁπογινωσκέτω
3504 4598 3693 4655 ἑαυτοῦ
3751 4603 3858 4663 την

2212 4694 2354 4764 ζωὴν
2413 4697 2439 4750 ὁ
2493 4693 2757 4769 μηδεμίαν
2801 4693 2944 4748 οἴκοι
2978 4691 3281 4770 περιουσίαν
3330 4686 3665 4765 καταλιπὼν,
3719 4692 3856 4763 προς

2212 4785 2273 4838 τὸ
2305 4784 2399 4851 τῆς
2432 4783 2709 4864 χελιδόνος
2741 4784 3049 4861 εὐμήχανον
3099 4776 3442 4834 ἀποϐλέπων.
3478 4775 3689 4841 Ἐκείνη
3723 4779 3854 4854 γὰρ,

2213 4874 2310 4942 τὴν
2362 4873 2550 4930 καλιὰν
2608 4876 2949 4949 πηγνυμένη,
2996 4871 3060 4926 τὰ
3115 4870 3212 4943 μὲν
3270 4868 3445 4946 κάρφη
3503 4874 3578 4939 τῷ
3623 4877 3857 4939 στοματι

2214 4961 2548 5039 διακομίζει·
2604 4961 2778 5028 πηλὸν
2837 4959 2891 5016 δὲ
2950 4971 3070 5021 τοῖς
3117 4959 3270 5012 ποσὶν
3301 4957 3420 5033 ἆραι
3452 4956 3528 5028 μὴ
3559 4954 3856 5029 δυναμένη,

2300 5141 2423 5222 (63)
2453 5139 2601 5222 Reg.
2635 5146 2838 5222 sextus
2869 5134 3222 5222 zano’ﬁsvocoi
3253 5134 3368 5195 τάς.

2295 5210 2422 5302 (64)
2450 5210 2612 5302 Idem
2644 5217 2789 5302 Reg.
2825 5216 3242 5302 sextusmrﬁae}
3273 5210 3618 5302 mgf-Low“.

2295 5292 2424 5383 (65)
2465 5292 3041 5383 Ἀντιπελᾶρείωᾳινάά
3071 5303 3179 5368 est,
3205 5292 3477 5382 beneficii
3501 5307 3635 5381 acc"
3676 5294 3732 5378 ,εί
3765 5313 3862 5383 θές-

2219 5359 2725 5446 munerationem.
2755 5359 2988 5439 idcirco
3017 5359 3216 5437 autem
3244 5359 3405 5453 grati
3424 5372 3604 5453 animi
3641 5373 3869 5450 εξετείῆ-

2218 5463 2373 5524 catio
2403 5459 2858 5538 ἀντιπελάργωτις
2889 5454 3223 5538 dicebatuc,
3254 5451 3411 5534 quod
3447 5452 3610 5522 mh,
3633 5479 3650 5525 ς
3671 5457 3738 5532 ἐς,
3769 5456 3864 5513 σε-

2217 5548 2418 5622 conia,
2446 5534 2878 5603 beneficiorum
2907 5555 2941 5599 a
2963 5534 3305 5618 parentibus
3335 5539 3716 5612 acceptorum
3742 5551 3869 5596 me.

2220 5640 2349 5685 mor
2373 5623 2472 5686 sit.
