4096 6210
2052 155 2075 183 0

445 278 557 343 179

435 508 799 588 iniquissimi
820 515 1105 587 sunterga
1124 505 1887 579 liberos.Quemadmodum
1914 508 2072 571 enim

437 605 745 678 cuique,ut
775 606 953 670 esset,
975 616 1049 659 ex
1076 615 1245 676 aequo
1273 596 1560 671 tribuere,
1596 598 1672 658 ita
1694 615 1925 678 aequum
1958 606 2072 679 est,

438 696 502 749 ut
524 689 608 750 eis
639 688 769 749 vita;
789 688 1032 765 agenda;
1063 686 1397 748 facultatem
1453 686 1575 767 pari
1609 687 1935 768 aequalique
1967 707 2071 749 ra—

438 779 603 841 tione
633 775 1191 857 suppeditent.Cave
1214 777 1465 839 imiteris
1490 795 1693 838 earum
1716 775 1909 838 avium
1942 779 2072 855 qui-

438 868 548 929 bus
583 886 808 945 ungues
838 866 1054 928 adunci
1108 876 1267 936 sunt.
1318 866 1730 928 credulitatem
1762 884 1775 925 :
1813 886 1943 944 quia
1972 867 2074 927 ubi

434 957 695 1018 viderint
727 976 864 1017 suos
895 958 1046 1018 fetus
1093 958 1344 1037 jamjam
1394 956 1610 1019 volatui
1644 965 1928 1031 maturos,
1964 958 2073 1018 alis

433 1066 533 1108 eos
563 1047 1046 1128 verberantes,ac
1069 1047 1531 1128 expellentes,ex
1562 1047 1703 1107 nido
1729 1046 2073 1127 ejiciunt,ac

433 1136 720 1215 deinceps
742 1138 959 1198 nullam
988 1156 1193 1198 eorum
1219 1156 1419 1198 curam
1442 1136 2073 1215 suscipiunt.l.audan«

436 1226 545 1287 dus
577 1237 666 1287 est
697 1228 953 1289 cornicis
977 1227 1035 1286 in
1059 1246 1197 1287 suos
1223 1226 1413 1305 pullos
1431 1226 2068 1306 amor,quaaipsosjam

431 1316 694 1377 volantes
724 1317 1060 1392 comitatur,
1096 1317 1552 1395 alimoniamque
1584 1314 2069 1388 subministrans,

430 1405 567 1466 illos
594 1406 926 1468 diutissime
951 1405 1401 1469 enutrit.Multis
1425 1406 1616 1465 avium
1650 1404 1973 1482 generibus
1994 1405 2070 1465 ad

431 1506 787 1574 conceptum
822 1496 971 1558 nihil
1005 1515 1153 1575 opus
1184 1504 1273 1556 est
1307 1495 1513 1575 copula
1545 1496 1794 1554 marium
1829 1516 1840 1551 :
1876 1494 1979 1555 sed
2010 1501 2070 1556 in

429 1585 560 1646 aliis
590 1586 912 1665 generibus
956 1586 1114 1646 edita
1163 1587 1307 1646 citra
1340 1588 1557 1646 coitum
1594 1604 1721 1663 ova,
1754 1584 2071 1645 infecunda

428 1686 585 1736 sunt.
620 1676 840 1738 Ferunt
863 1683 1053 1737 autem
1083 1676 1212 1735 sine
1233 1676 1390 1735 coitu
1410 1683 1469 1735 ut
1502 1674 1825 1753 plurimum
1862 1692 2069 1752 parere

1785 283 1845 344 δ.
1892 282 2169 346 BASILII
2214 283 2464 347 MAGNI

438 422 532 481 tes
552 423 982 500 exponunt,aut
999 416 1177 479 etiam
1200 416 1261 477 in
1288 415 1640 496 patrimonio
1666 415 2055 481 distribuendi

2165 420 2317 501 φάσει
2363 442 2546 486 πενιας
2604 422 2925 497 ἐκτιθέμενοι
2980 424 3045 479 τὰ
3108 424 3269 494 νήπια
3306 442 3322 460 ο

3697 292 3822 358 18Ο

3372 426 3408 494 ἢ
3478 429 3566 483 καὶ
3618 428 3671 483 έν
3744 427 3818 503 τῇ

2158 509 2387 588 διανομῇ
2440 517 2528 567 τοῦ
2617 510 2816 590 κλήρου
2893 511 3215 569 ἀνισώτατοι
3276 514 3406 589 πρὸς
3466 516 3531 571 τὰ
3588 514 3809 592 ἔκγονα.

2163 602 2373 656 Δίκαιον
2431 602 2552 679 γὰρ,
2606 599 2784 678 ὥσπερ
2845 600 2896 667 ἐξ
2956 601 3078 660 ἴσου
3127 601 3553 677 μεταδεδώκασιν
3596 605 3815 678 ἑκάστῳ

2156 698 2246 746 τοῦ
2304 690 2468 763 εἶναι,
2534 690 2673 748 οὕτω
2717 692 2807 746 καὶ
2848 692 2943 754 τὰς
2988 692 3120 769 πρὸς
3162 693 3223 748 τὸ
3267 697 3362 770 ζῇν
3393 693 3635 773 ἀφορμας
3668 693 3812 759 ἴσως

2156 783 2338 844 αὐτοῖς
2395 782 2480 836 καὶ
2568 780 2841 854 ὁμοτίμως
2908 780 3191 861 παρέχειν.
3285 783 3372 850 Μὴ
3432 784 3649 859 μιμήσῃ
3702 790 3813 840 τῶν

2156 869 2541 950 γαμψωνύχων
2572 870 2786 949 ὀρνίθων
2839 872 2899 926 τὸ
2947 870 3149 937 ἀπηνές
3189 889 3203 906 '
3260 870 3339 942 οἳ,
3374 870 3589 929 ἐπειδὰν
3647 871 3809 929 ἴδωσι

2156 958 2275 1023 τοὺς
2338 960 2532 1018 ἑαυτῶν
2616 960 2859 1023 νεοττοὺς
2937 959 3393 1034 κατατολμῶντας
3449 960 3638 1018 λοιπὸν
3708 962 3809 1028 τῆς

2157 1050 2428 1128 πτήσεως,
2491 1046 2805 1105 ἐκϐάλλουσι
2862 1053 2962 1117 τῆς
3039 1048 3253 1121 καλιᾶς,
3342 1050 3625 1116 τύπτοντες
3683 1064 3807 1113 τοῖς

2156 1151 2374 1215 πτεροῖς
2460 1140 2545 1193 καὶ
2634 1141 2914 1216 ὠθοῦντες,
3012 1140 3101 1193 καὶ
3177 1135 3419 1213 οὐδεμίαν
3492 1138 3808 1214 ἐπιμέλειαν

2155 1234 2423 1283 ποιοῦνται
2460 1229 2589 1299 πρὸς
2633 1228 2693 1282 τὸ
2742 1226 2947 1285 λοιπόν.
2981 1225 3290 1282 Ἐπαινετὸν
3320 1232 3419 1293 τῆς
3450 1228 3695 1306 κορώνης
3744 1228 3808 1285 τὸ

2155 1314 2465 1394 φιλότεκνον
2506 1364 2517 1376 ,
2566 1318 2601 1382 ἢ
2645 1316 2733 1371 καὶ
2778 1314 3089 1389 πετομένοις
3138 1316 3259 1392 (76)
3316 1313 3418 1383 ἤδη
3482 1315 3805 1397 παρέπεται,

2154 1408 2415 1474 σιτίζοοσα
2478 1405 2659 1465 αὖτοὺς
2748 1404 2834 1459 καὶ
2907 1402 3228 1483 ἐκτρέφουσα
3300 1404 3463 1483 μέχρι
3523 1404 3803 1469 πλείστου,

2154 1493 2334 1550 Πολλὰ
2389 1498 2493 1550 τῶν
2580 1495 2793 1569 ὀρνίθων
2878 1492 3008 1570 γένη
3071 1492 3215 1551 οὐδὲν
3272 1494 3400 1571 πρὸς
3459 1495 3557 1562 τὴν
3615 1497 3805 1561 κύησιν

2153 1580 2323 1637 δεῖται
2358 1584 2453 1650 τῆς
2486 1590 2591 1639 τῶν
2636 1582 2862 1659 ἀρρένων
2896 1582 3189 1649 ἐπιπλοκῆς
3229 1602 3241 1615 °
3277 1582 3396 1637 ἀλλ’
3447 1583 3501 1639 ἐν
3556 1585 3655 1658 μὲν
3684 1598 3805 1648 τοῖς

2152 1671 2332 1735 ἄλλοις
2367 1672 2532 1749 ἄγονοί
2577 1676 2687 1727 ἔστι
2747 1673 2811 1727 τα
2861 1671 3152 1746 ὑπηνέμια,
3200 1673 3321 1734 τοὺς
3351 1670 3404 1726 δὲ
3437 1674 3611 1749 γῦπάς
3646 1696 3806 1752 φασιν

426 1765 711 1857 vultures,
749 1765 888 1826 licet
928 1764 1181 1825 maxime
1212 1764 1507 1857 longaevos
1543 1784 1556 1823 :
1595 1764 1810 1843 quippe
1854 1762 2055 1857 quibus

2153 1759 2518 1825 ἀσυνδυάστως
2552 1763 2742 1817 τίκτειν
2778 1764 2847 1825 ὼς
2879 1764 2943 1815 τα
2987 1759 3186 1839 πολλὰ,
3240 1762 3327 1817 καὶ
3375 1764 3537 1817 ταῦτα
3596 1785 3805 1840 μακρο·

426 1856 543 1916 vita
576 1856 645 1916 ad
682 1866 919 1918 centum
946 1874 1136 1936 usque
1166 1874 1354 1916 annos
1379 1853 1732 1933 plerumque
1759 1854 2055 1932 protenda-

2150 1847 2438 1913 ϐιωτάτους
2472 1850 2623 1915 ὄντας
2652 1869 2665 1883 ·
2728 1851 2814 1915 οἷς
2872 1871 2932 1926 γε
2978 1848 3171 1927 μέχρις
3225 1850 3412 1906 ἑκατὸν
3442 1850 3573 1905 έτσῖιν
3605 1854 3679 1914 ὡς
3743 1854 3808 1905 τὰ

427 1944 611 2007 tur.Id
637 1946 806 2007 velim
830 1954 1092 2006 notatum
1127 1952 1185 2006 et
1210 1945 1587 2004 observatum
1621 1950 1691 2005 ex
1722 1942 1923 2003 alitum
1950 1943 2067 2004 bis-

420 2035 616 2097 toria:
651 2041 717 2097 ut
764 2037 809 2095 si
840 2034 1074 2114 quando
1117 2033 1437 2094 nonnullos
1478 2031 1695 2093 videris
1723 2034 2061 2111 mysterium

424 2131 691 2184 nostrum
726 2124 1004 2204 irridere,
1025 2124 1191 2204 quasi
1224 2124 1351 2183 ﬁeri
1384 2128 1666 2197 nequeat,
1696 2131 1757 2181 et
1788 2121 1957 2200 quasi
1990 2120 2066 2182 sit

422 2232 454 2274 a
487 2221 693 2274 natura
721 2214 1078 2288 alienum,ut
1102 2211 1635 2293 virgo,virginitate
1656 2212 1784 2289 ejus
1818 2211 2066 2273 inteme-

412 2310 543 2364 rata
570 2312 981 2381 permanente,
1005 2302 1535 2383 pepererit,veniat
1559 2301 1617 2361 in
1646 2308 1901 2361 mentem
1928 2300 2056 2374 tibi,

417 2389 628 2471 Deum,
657 2393 751 2453 cui
782 2412 888 2471 per
919 2392 1358 2472 praadicationis
1388 2390 1701 2453 stultitiam
1746 2389 2061 2451 credentes

418 2480 613 2542 salvos
646 2481 842 2543 facere
885 2481 1060 2544 libuit
1100 2482 1154 2563 ϐ,
1188 2483 1509 2543 innumera
1542 2479 1948 2552 incitamenta,
1982 2480 2057 2542 ab

416 2567 541 2649 ipsa
576 2579 782 2631 natura
812 2571 1148 2653 desumpta,
1184 2571 1255 2631 ad
1310 2571 1485 2631 ﬁdem
1536 2568 1716 2629 rebus
1747 2568 2057 2648 stupendis

416 2658 845 2721 conciliandam
872 2661 931 2723 in
964 2670 1337 2723 antecessum
1376 2656 1781 2741 proposuisse.

499 2748 909 2813 7.Producant
930 2768 1099 2829 aquae
1119 2750 1365 2828 replilia
1389 2768 1465 2810 an
1478 2751 1735 2810 imarum
1750 2747 1837 2805 77
1854 2748 2054 2809 viven-

415 2840 500 2900 tiu
511 2840 952 2915 m,etvolatilia
970 2841 1236 2903 volantia
1258 2857 1443 2919 super
1474 2846 1692 2899 terram
1707 2836 2054 2911 ,secuntlum

412 2927 859 3006 ﬁrmamentum
874 2931 1031 2993 caeli.
1046 2931 1222 2993 Jussa
1237 2938 1372 2990 sunt
1388 2935 1795 3008 superterram
1812 2926 2049 3005 quidem

414 3016 634 3083 volare,
673 3028 989 3100 propterea
1018 3020 1173 3101 quod
1207 3017 1483 3080 omnibus
1518 3017 1863 3077 alimentum
1898 3024 2056 3076 terra

413 3105 844 3172 subministret:
866 3109 1199 3173 Secundum
1218 3109 1671 3187 ﬁrmamentum
1687 3114 1881 3165 autem
1897 3105 2051 3180 cali,

414 3204 729 3275 propterea
771 3197 953 3278 quod,
1008 3207 1072 3261 ut
1124 3207 1261 3258 ante
1320 3197 1598 3266 diximus,
1634 3211 1736 3255 aer
1765 3196 1877 3258 hoc
1924 3196 2054 3257 loco

413 3284 744 3364 appellatur
791 3289 1037 3366 coelum,
1102 3306 1212 3348 ceu
1246 3286 1485 3364 οὐρανός,
1519 3283 1793 3344 videlicet
1815 3303 1849 3346 a
1877 3285 2054 3346 verbo

413 3377 650 3447 ὁρᾶσθαι,
677 3375 832 3454 quod
858 3386 948 3437 est
970 3377 1192 3438 videri.
1220 3376 1373 3448 Quin
1400 3384 1456 3434 et
1479 3375 1919 3434 ﬁrmamentum
1954 3374 2048 3434 di-

413 3462 731 3534 citur,ideo
753 3465 911 3544 quod
936 3483 1037 3525 aer
1058 3466 1295 3541 ille,qui
1321 3471 1521 3524 nostro
1548 3462 1727 3542 capiti
1750 3463 2050 3544 imminet,

411 3551 669 3613 mtbereo
690 3555 924 3633 corpori
951 3551 1800 3635 comparatus,quodammodo
1821 3552 2053 3613 densio-

411 3638 495 3700 ris
521 3640 600 3702 sit
631 3645 982 3724 coagmenti,
1038 3646 1343 3724 magisque
1400 3641 1472 3702 ob
1524 3642 1930 3702 exhalationes
1980 3643 2051 3703 ab

410 3728 546 3789 imis
581 3730 727 3793 locis
758 3734 1149 3796 ascendentes
1182 3729 1851 3808 constringaturHabes
1878 3731 2054 3810 igitur

411 3819 625 3880 coelum
660 3830 1034 3897 exornatum,
1071 3835 1290 3884 terram
1325 3821 1689 3899 decoratam,
1725 3838 1885 3880 mare
1921 3838 2055 3900 pro-

412 3908 557 3987 priis
588 3908 806 3972 fetibus
862 3912 1217 3991 exuberans,
1274 3929 1472 3973 aerem
1506 3910 1712 3972 avibus
1743 3910 2049 3984 refertum,

410 3998 600 4080 iisque
632 4001 823 4079 ipsum
869 4002 1336 4081 pervolantibus.
1372 4000 1509 4062 Haec
1543 3999 1742 4060 omnia
1788 4018 1918 4080 qua;
1947 3999 2053 4060 Dei

410 4099 702 4168 praecepto
728 4108 759 4151 e
792 4091 978 4152 nihilo
1030 4092 1088 4151 in
1147 4092 1341 4153 lucem
1369 4090 1527 4151 edita
1549 4096 1708 4168 sunt,
1746 4096 1803 4149 et
1824 4088 2051 4168 reliqua

409 4197 540 4257 qua:
564 4188 764 4241 nostra
787 4181 976 4243 oratio
1001 4199 1158 4243 nunc
1191 4179 1591 4262 praetermisit,
1617 4177 2049 4239 diuturniorem

409 4267 470 4327 in
500 4267 593 4328 bis
617 4277 841 4330 mor‘am
876 4270 1209 4345 declinans,
1246 4278 1307 4332 ut
1357 4288 1433 4331 ne
1484 4268 1723 4328 modum
1759 4267 2051 4329 excedere

408 4356 695 4437 videatur,
726 4365 783 4419 tu
819 4367 1037 4439 tecum,
1076 4370 1276 4440 utpote
1305 4358 1627 4432 studiosus,
1648 4365 1959 4437 reputans,
1996 4364 2051 4418 et

407 4445 517 4509 Dei
545 4447 606 4507 in
638 4448 920 4509 omnibus
941 4448 1291 4529 sapientiam
1314 4448 1655 4527 addiscens,
1682 4464 1757 4506 ne
1789 4464 2047 4523 unquam

484 4606 517 4657 ϐ
545 4606 570 4670 Ι
601 4610 735 4668 Cor.
766 4624 807 4682 ι,
840 4612 941 4671 2t.

408 4768 528 4831 bito
555 4768 698 4846 quin
732 4766 945 4849 melius
967 4767 1143 4849 absit,
1170 4786 1302 4849 cum
1344 4767 1405 4829 id
1436 4786 1553 4829 non
1586 4768 1892 4845 agnoverit
1920 4768 2042 4830 Eu-

406 4850 679 4929 stathius,
712 4848 811 4928 qui
855 4851 940 4909 sic
978 4847 1152 4910 vertit
1188 4867 1201 4908 :
1241 4847 1413 4910 Tales
1443 4858 1585 4911 sunt
1614 4849 1899 4911 nonnulli
1926 4867 2047 4929 pa-

405 4940 604 4993 rentes
633 4930 949 4991 hominum
975 4932 1079 5007 qui
1104 4937 1524 5010 paupertatem
1556 4931 1817 5009 causati,
1850 4938 1965 4993 etc.

490 5012 605 5087 (76)
639 5010 793 5072 Edili
825 5012 912 5066 καὶ
943 5011 1281 5086 πετομένοις.
1344 5015 1417 5073 At
1467 5028 1613 5072 mss.
1649 5020 1779 5070 octo
1812 5010 2049 5085 πετομέ-

408 5115 534 5151 νων.
571 5091 814 5167 Magnus
836 5090 935 5150 ille
966 5092 1239 5152 codicum
1269 5109 1412 5151 mss.
1436 5108 1766 5153 consensus
1796 5090 1922 5151 fere
1955 5108 2049 5151 me

405 5170 646 5232 adducit
669 5177 731 5229 ut
752 5172 989 5231 credam
1017 5172 1300 5233 Basilium
1329 5172 1782 5249 πετομένων,ῠοιὶ
1812 5172 2046 5244 πετομέ-

403 5274 510 5313 νοις
542 5249 1063 5331 scripsisse,atque
1087 5253 1199 5314 hoc
1227 5252 1356 5313 loco
1377 5251 1886 5331 contigisse,quod
1907 5250 2047 5331 alibi

405 5350 587 5411 saepe,
622 5339 686 5390 ut
714 5330 1249 5413 typographi,quod
1287 5332 1566 5393 mendum
1600 5330 1848 5413 subesse
1880 5330 2043 5413 arbi-

408 5419 929 5476 trarentur,casum
946 5412 1130 5472 unum
1149 5414 1208 5474 in
1224 5413 1403 5473 alium
1426 5412 2044 5474 transmutarintDum

404 5493 585 5573 igitur
614 5490 885 5551 viderent
942 5491 1184 5553 verbum
1238 5496 1542 5573 παρέπομαι
1595 5492 1881 5573 dativum,
1928 5511 2047 5553 non

404 5572 733 5653 genitivum
759 5588 991 5653 regere,
1043 5572 1354 5648 πετομένοις
1391 5592 1493 5653 pro
1527 5574 1835 5653 πετομένων
1867 5576 2046 5634 Marte

446 5653 647 5735 roprio
664 5659 869 5735 contra
883 5650 1059 5735 [idem
1080 5672 1222 5715 mss.
1236 5650 1503 5735 fortassis
1528 5652 1790 5715 scribere
1807 5673 1924 5715 non
1943 5654 2047 5715 du-

446 5674 647 5735 l'Opl‘lO
664 5674 869 5714 contra
883 5674 1059 5713 uuem
1080 5674 1222 5715 mss.
1236 5674 1503 5716 Iortasms
1528 5674 1790 5715 scrmere
1807 5674 1924 5715 non
1943 5674 2045 5715 uu-

403 5674 697 5799 Eitarunt.
736 5732 852 5797 Sed
873 5730 922 5793 si
946 5736 1250 5815 πετομένων
1276 5734 1570 5815 scriptura
1588 5751 1727 5815 vera
1746 5735 1844 5809 sit,
1860 5814 1865 5815 ί
1881 5734 2045 5796 dicas

404 5831 657 5882 necesse
679 5821 771 5877 est
789 5830 997 5878 casum
1019 5832 1155 5878 esse
1174 5814 1606 5894 absolutum,ac
1626 5814 1677 5878 si
1697 5815 1833 5894 quis
1844 5814 2047 5881 Latine

2155 1938 2322 1995 πολλὰ
2351 1942 2719 2018 παρατείνεται
2757 1940 2875 2018 (77)
2922 1941 2954 2005 ἡ
2999 1939 3135 2010 ζωή.
3170 1948 3333 1997 Τοῦτο
3385 1962 3476 2013 μοι
3538 1940 3635 2019 ἔχε
3690 1964 3805 1996 πα-

2149 2030 2652 2106 ρασεσημειωμένον
2710 2029 2769 2084 ἐκ
2827 2033 2924 2093 τῆς
2976 2030 3094 2103 περὶ
3152 2028 3271 2091 τοὺς
3302 2024 3506 2103 ὄρνιθας
3540 2030 3803 2106 ἱστορίας,

2146 2117 2246 2197 ἵν’,
2309 2117 2520 2174 ἐπειδάν
2575 2141 2701 2176 ποτε
2747 2115 2867 2193 ἴδῃς
2899 2115 3169 2194 γελῶντας
3200 2138 3346 2178 τινας
3392 2118 3450 2170 τὸ
3505 2119 3805 2196 μυστήριον

2148 2208 2323 2287 ἡμῶν,
2381 2211 2453 2269 ὡς
2500 2207 2749 2267 ἀδυνάτου
2784 2206 2933 2270 ὄντος
2978 2208 3062 2263 καὶ
3105 2206 3204 2271 ἔξω
3237 2207 3334 2271 τῆς
3387 2205 3621 2283 φύσεως,
3655 2229 3805 2285 παρ·-

2144 2297 2290 2353 θένον
2345 2311 2546 2377 τεκεῖν,
2624 2304 2722 2363 τῆς
2803 2294 3087 2373 παρθενίας
3148 2295 3306 2359 αὒτῆς
3396 2294 3803 2371 φυλαττομένης

2142 2387 2432 2467 ἆχρέντου,
2468 2388 2789 2462 ἐνθυμηθῂς,
2853 2386 2933 2441 ὅτι
2990 2388 3016 2441 ὁ
3073 2383 3367 2453 εὐδοκήσας
3400 2384 3455 2439 έν
3501 2390 3569 2461 τῇ
3627 2388 3805 2464 μωρίᾳ

2141 2477 2231 2532 τοῦ
2287 2478 2628 2555 κηρύγματος
2678 2482 2843 2531 σῶσαι
2891 2476 3010 2536 τοὺς
3072 2474 3442 2547 πιστεύοντας,
3491 2479 3677 2551 μυρίας
3738 2475 3804 2531 ἐκ

2138 2571 2236 2633 τῆς
2269 2567 2474 2643 φύσεως
2534 2567 2775 2646 ἀφορμὰς
2827 2565 2956 2643 πρὸς
3013 2564 3109 2630 τὴν
3153 2562 3327 2618 πίστιν
3357 2568 3460 2617 τῶν
3491 2562 3803 2642 παραδόξων

2138 2654 2415 2735 προλαϐὼν
2451 2654 2779 2713 κατεϐάλετο
2810 2654 2933 2733 (Ἳὸ)
2953 2701 2965 2714 .

2218 2748 2278 2808 7.
2328 2744 2665 2824 Ἐξαγαγέτω
2724 2746 2789 2801 τα
2859 2742 3022 2799 ὕδατα
3091 2743 3284 2820 ἕρπετά
3329 2747 3521 2821 ψυχῶν
3582 2745 3798 2824 ζωσών,

2138 2836 2225 2890 καὶ
2295 2836 2509 2890 πετεινά
2570 2834 2839 2908 πετόμενα
2884 2833 2969 2888 ἐπὶ
3026 2837 3121 2899 τῆς
3184 2838 3311 2909 γῆς,
3380 2833 3516 2887 κατὰ
3574 2834 3636 2887 τὸ
3670 2853 3803 2887 στε-

2140 2923 2320 3000 ρέωμα
2380 2931 2471 2980 τοῦ
2532 2925 2773 3000 οὖρανοῦ.
2842 2920 2958 2979 Ἐπὶ
3016 2922 3115 2996 μὲν
3196 2928 3291 2987 τῆς
3354 2926 3455 2997 γῆς
3510 2919 3801 2986 ἐκελεύσθη

2139 3016 2414 3093 πετᾶσθαι,
2449 3012 2531 3067 διὰ
2563 3015 2623 3068 τὸ
2655 3019 2783 3069 πᾶσι
2830 3014 2932 3078 την
2961 3013 3161 3091 τροφὴν
3206 3011 3311 3066 ἀπὸ
3356 3014 3452 3077 τῆς
3484 3015 3586 3087 γῆς
3619 3012 3801 3088 ὑπάρ-

2140 3124 2263 3181 χειν
2298 3121 2314 3139 ⁸
2367 3104 2511 3160 Κατὰ
2557 3100 2611 3157 δὲ
2656 3104 2717 3157 τὸ
2775 3101 3051 3181 στερέωμα
3096 3108 3188 3158 τοῦ
3234 3103 3477 3179 οἱρανοῦ,
3536 3102 3609 3163 ὡς
3659 3122 3799 3176 προ-

2139 3190 2388 3254 λαϐόντες
2421 3190 2835 3261 ἀποδεδώκαμεν
2885 3190 3034 3269 (79),
3104 3195 3321 3268 οὖρανοῦ
3379 3190 3596 3245 ἱνταῦθα
3655 3192 3801 3267 παρὰ

2140 3283 2197 3335 τὸ
2256 3284 2467 3358 δρᾶσθαι
2525 3288 2617 3337 τοῦ
2666 3280 2817 3359 ἀέρος
2882 3280 3309 3360 προσηρειμένου
3344 3293 3357 3307 ⁸
3418 3278 3799 3356 στερεώματος

2136 3367 2213 3442 δὲ,
2283 3371 2365 3426 διὰ
2411 3373 2470 3425 τὸ
2542 3370 2861 3448 πυκνότερόν
2933 3391 3048 3432 πως
3128 3369 3294 3441 εἶναι,
3378 3370 3648 3446 συγκρίσει
3703 3372 3801 3423 τοῦ

2136 3462 2357 3535 αἰθερίου
2418 3461 2692 3533 σώματος,
2780 3460 2869 3514 καὶ
2927 3458 3135 3534 μᾶλλον
3226 3456 3596 3531 πεπιλημένον
3669 3472 3797 3521 ταῖς

2135 3550 2369 3605 κάτωθεν
2418 3550 2710 3628 ἀναφοραῖς
2761 3551 2849 3605 τὸν
2904 3550 3035 3627 ὑπὲρ
3117 3545 3354 3627 κεφαλῆς
3423 3547 3578 3622 ἡμῶν
3638 3547 3794 3623 ἀέρα.

2136 3635 2339 3717 ’Ἔχεις
2402 3641 2487 3695 οὖν
2540 3641 2756 3717 οὐρανὸν
2786 3636 3306 3711 διακεκοσμημένον,
3353 3641 3455 3713 γῆν
3498 3634 3795 3693 κεκαλλω-

2137 3728 2422 3804 πισμένην,
2483 3726 2749 3783 θάλασσαν
2783 3725 3172 3802 εὒθηνουμένην
3222 3738 3339 3789 τοῖς
3384 3725 3597 3787 οἰκείοις
3658 3747 3792 3802 γεν-

2136 3819 2387 3891 νήμασιν,
2452 3817 2580 3894 ἀέρα
2636 3816 2818 3893 πλήρη
2876 3823 2979 3872 τῶν
3039 3814 3399 3890 διιπταμένων
3445 3815 3601 3871 αὐτὸν
3651 3816 3795 3892 ὀρνί-

2134 3913 2261 3971 θων.
2310 3910 2486 3965 Πάντα
2522 3910 2887 3987 προστάγματι
2932 3916 3062 3966 Θεοῦ
3110 3909 3171 3965 ἐκ
3214 3914 3306 3963 τοῦ
3358 3908 3436 3983 μὴ
3496 3906 3651 3969 όντος
3714 3910 3791 3971 εἷς

2135 4001 2194 4053 τὸ
2266 4000 2408 4054 εἶναι
2455 3998 2819 4078 παραχθέντα,
2854 4000 2941 4054 καὶ
2970 3997 3069 4054 ὅσα
3127 4001 3153 4053 ὁ
3203 3996 3362 4074 λόγος
3416 4002 3625 4074 παρῆκε
3673 4004 3793 4077 νῦν,

2135 4089 2233 4155 τὴν
2291 4090 2375 4144 ἐπὶ
2426 4088 2613 4144 πλεῖον
2646 4087 2701 4143 ἐν
2733 4090 2941 4151 τούτοις
2994 4086 3268 4165 διατριϐὴν
3302 4085 3582 4160 ἐκκλίνων,
3616 4089 3691 4149 ὡς
3726 4086 3791 4143 ἂν

2135 4180 2211 4253 μη
2257 4176 2380 4255 δόξῃ
2437 4178 2842 4256 ὒπερεκπίπτειν
2885 4177 3021 4256 ς80)
3069 4188 3162 4236 τοῦ
3202 4175 3415 4255 μέτρου,
3452 4176 3586 4236 κατὰ
3617 4198 3789 4233 σεαυ-

2133 4270 2223 4323 τὸν
2250 4266 2732 4345 συλλογισάμενος,
2788 4266 2880 4345 ὅγε
2936 4266 3256 4347 φιλόπονος,
3288 4267 3385 4333 τὴν
3414 4265 3468 4321 ἐν
3493 4265 3662 4322 ἅπασι
3694 4278 3792 4326 τοὺ

2136 4364 2266 4413 Θεοῦ
2297 4358 2481 4433 σοφίαν
2541 4358 2977 4431 καταμανθάνων,
3030 4357 3109 4431 μὴ
3144 4355 3311 4433 λήξῃς
3348 4357 3479 4411 ποτὲ
3512 4358 3605 4412 τοῦ
3660 4358 3792 4412 θαύ-

2135 4469 2327 4522 ματος,
2360 4444 2495 4521 μηδὲ
2524 4452 2617 4501 τοῦ
2645 4443 2727 4503 δία
2769 4448 2949 4512 πάσης
2986 4451 3084 4513 τῆς
3118 4446 3337 4510 κτίσεως
3396 4442 3630 4516 δοξάζειν
3692 4446 3787 4502 τὸν

2130 4765 2650 4843 diceret,Consule
2684 4768 2999 4844 Cicerone,
3033 4769 3089 4830 ei
3106 4765 3520 4831 adulabantur
3548 4782 3782 4829 omnes.

2132 4848 2318 4928 Igitur
2343 4846 2521 4909 modo
2549 4865 2666 4908 non
2695 4847 2974 4910 dissimili
3002 4848 3189 4911 verba
3213 4846 3439 4919 Graaca,
3464 4844 3516 4928 si
3550 4864 3782 4925 prono-

2133 4926 2270 4990 men
2297 4933 2474 4993 αὐτοῖς
2500 4928 3194 5009 suppleamus,poterunt
3215 4926 3482 4990 construi
3505 4926 3620 5009 boc
3654 4945 3782 5009 mo-

2133 5010 2207 5071 do
2233 5031 2245 5067 :
2273 5005 2592 5084 πετομένων
2608 5005 2831 5087 τέκνων,
2868 5005 3049 5075 αὗτοϊς
3081 5010 3398 5089 παρέπεται,
3429 5005 3783 5071 volantibus

2130 5088 2320 5170 pullis
2345 5107 2443 5170 eos
2463 5089 2809 5151 comitatur.
2845 5090 3000 5169 Lege
3031 5101 3096 5154 ut
3120 5088 3353 5153 libebit.

2213 5172 2335 5249 ('77)
2369 5169 2514 5247 Reg.
2546 5179 2744 5231 sextus
2773 5166 3190 5250 παρεκτείνεται.
3216 5171 3348 5231 Mox
3378 5166 3618 5229 codices
3641 5175 3780 5231 octo

2132 5251 2227 5331 ἔχε
2253 5252 2860 5328 παρασεσημειωμένον.
2895 5250 3052 5314 Editi
3085 5252 3182 5333 ἔχε
3219 5252 3362 5330 παρά
3411 5252 3615 5321 σεαυτῷ
3679 5271 3779 5306 σε·-

2130 5354 2524 5406 σημειωμενον,

2205 5412 2329 5487 (78)
2359 5413 2485 5472 Duo
2520 5429 2663 5473 mss.
2696 5412 3077 5472 κατεϐάλλετο.
3106 5411 3268 5474 Infra
3295 5430 3435 5472 mss.
3470 5419 3594 5471 tres
3621 5411 3779 5467 πέτε-

2130 5496 2268 5549 σθαι.
2307 5489 2462 5552 Edill
2494 5511 2626 5554 cum
2656 5492 2891 5553 duobus
2920 5493 3050 5554 aliis
3077 5511 3220 5557 mss.
3250 5496 3522 5550 πετᾶσθαι.

2211 5572 2331 5651 (79)
2366 5572 2514 5651 Reg.
2548 5583 2752 5635 sextus
2783 5572 3138 5652 προλαϐόντες
3172 5566 3778 5648 ἀπεδώκαμεν.Νθῡὶῑι

2133 5652 2320 5734 multo
2354 5664 2489 5734 post
2516 5672 2657 5715 mss.
2697 5662 2817 5715 tres
2848 5652 2931 5711 διὰ
2960 5657 3020 5711 τὸ
3051 5656 3272 5713 πυκνόν.

2214 5733 2333 5817 (8-0)
2354 5728 2619 5817 Codices
2649 5734 2915 5817 quinque
2942 5738 3308 5813 ὑπερπίπτειν.
3340 5734 3475 5798 Mox
3505 5728 3778 5797 οοιιωθ.

2132 5813 2359 5880 candus
2391 5815 2444 5875 ἰν
2476 5822 2602 5875 πᾶσι
2632 5813 2748 5876 τεο.
