4102 6224
292 313 401 380 f8!

1329 312 1647 379 HOMILIA
1693 315 1832 379 VIII
1874 313 1955 380 IN
1999 316 2557 381 HEXAEMERON-

3547 312 3657 379 182

289 449 548 519 ποιητήν,
602 448 805 531 ’Ἔχεις
871 451 924 508 ἐν
983 459 1061 525 τῷ
1118 454 1294 510 σκότει
1352 455 1419 510 τὰ
1476 453 1781 535 νὼιτερόὸια
1806 452 1922 534 γὲντ

2018 448 2257 511 desinas
2282 451 2708 535 mirari,neque
2725 453 2973 533 gloriam
3000 471 3071 514 ex
3101 449 3364 533 qualibet
3381 457 3655 514 creatura

284 548 393 597 τῶν
451 541 687 618 ὄρνίθων’
741 540 796 596 ἐν
840 548 915 615 τῷ
972 543 1106 622 φωτὶ
1133 543 1199 598 τὰ
1228 544 1577 623 ἡμερόφοιτα,
1624 542 1929 624 Νυκτερίδες

283 632 382 706 μὲν
414 632 535 710 γὰρ,
570 632 657 686 καὶ
684 629 935 711 γλαῦκες,
983 633 1071 688 καὶ
1124 633 1527 713 νυκτοκόρακες,
1588 641 1693 691 τῶν
1752 657 1929 695 νυκτι-

282 722 464 796 νόμων
516 719 664 779 εἰσίν.
697 718 877 777 ’Ὢστε
934 721 1017 776 σοί
1070 743 1201 779 ποτε
1252 722 1307 778 ἐν
1359 731 1528 802 καιρῷ
1554 725 1630 799 μὴ
1672 726 1929 804 παρόντος

280 816 374 868 τοῦ
406 809 569 866 ὕπνου
599 808 839 890 ἐξαρκεῖν
890 812 973 867 καὶ
1005 813 1104 878 τὴν
1151 811 1205 867 ἐν
1264 814 1467 879 τούτοις
1511 812 1807 892 διατριϐὴν,
1841 816 1929 871 καὶ

278 902 377 968 τὴν
409 902 514 956 τῶν
546 901 895 979 ὑπαρχόντων
927 903 1108 966 αὐτοῖς
1137 901 1437 977 ἰδιωμάτων
1498 903 1753 979 ἐξέτασιν³
1800 907 1930 979 πρὸς

280 990 587 1069 δοξολογίαν
619 998 709 1047 τοῦ
757 1000 1006 1059 ποιητοῦ.
1042 998 1160 1053 Πῶς
1195 992 1455 1070 ἄγρυπνον
1499 996 1532 1062 ἦ
1565 992 1765 1069 ἀηδὼν,
1804 994 1929 1050 ὅταν

279 1082 525 1159 ξπωάζῃ,
558 1080 642 1139 διὰ
673 1082 851 1150 πάσης
908 1087 1094 1147 νυκτὸς
1132 1090 1230 1151 τῆς
1275 1085 1535 1159 μελῳδίας
1579 1088 1653 1161 μὴ
1712 1085 1928 1156 ἀπολή-

278 1195 470 1249 γουσα,
537 1176 654 1236 Πῶς
697 1174 983 1251 τετράπουν
1047 1176 1102 1229 τὸ
1151 1176 1276 1230 αὐτὸ
1325 1177 1409 1232 καὶ
1440 1178 1641 1242 πτηνὸν
1674 1178 1708 1244 ἡ
1742 1197 1929 1232 νυκτε-

278 1264 382 1341 ρίς.
448 1269 566 1326 Πῶς
620 1263 757 1336 μόνη
820 1269 923 1318 τῶν
972 1264 1187 1340 ὀρνίθων
1246 1264 1443 1338 ὀδοῦσι,
1500 1266 1788 1344 κέχρηται,
1844 1267 1931 1322 καὶ

275 1360 540 1431 ζωογονετ
568 1350 700 1430 (81)
726 1352 823 1427 μὲν
866 1356 939 1415 ὡς
971 1354 1034 1409 τὰ
1066 1353 1388 1431 τετράποδα,
1426 1355 1734 1426 ἐπιπολάζει
1766 1353 1821 1409 δὲ
1854 1362 1929 1411 τῶ

276 1440 415 1517 ἀέρι,
472 1443 593 1521 οὐχὶ
651 1447 830 1521 πτερῷ
884 1443 1268 1518 κουφιζομένη,
1332 1443 1451 1500 ἀλλ’
1510 1444 1659 1518 ὑμὲνι
1688 1448 1788 1500 τινὶ
1820 1443 1929 1523 δερ⁸

277 1531 508 1604 ματίνῳ,
544 1536 663 1596 Πῶς
695 1532 874 1607 μέντοι
907 1535 991 1589 καί
1023 1532 1176 1589 10310
1199 1533 1315 1612 ἔχει
1347 1536 1407 1589 τὸ
1439 1533 1565 1614 (82)
1600 1533 1930 1614 φιλάλληλον

276 1620 333 1673 ἐν
363 1625 432 1694 τῇ
463 1620 635 1699 φύσει³
671 1622 756 1677 καὶ
789 1621 969 1700 ὥσπερ
1010 1624 1266 1701 ὁρμαθὸς,
1298 1621 1548 1693 ἀλλήλων
1600 1625 1648 1679 αἱ
1691 1624 1929 1701 νυκτερί-

277 1706 363 1765 δες
423 1708 668 1787 ἔχονται,
718 1713 806 1767 καὶ
862 1712 956 1784 μία
1012 1713 1109 1777 τῆς
1164 1718 1288 1786 μιᾶν
1332 1712 1611 1786 ἤρτηνται*
1667 1712 1797 1791 ὅπερ
1844 1712 1989 1806 ἔφ’Β

274 1802 437 1870 ἡμῶν
467 1804 571 1854 τῶν
632 1799 919 1877 ἀνθρώπων
952 1805 1009 1859 οὔ
1039 1799 1216 1878 ῥᾴδιον
1259 1805 1673 1881 κανορθωθῆναι.
1721 1806 1790 1861 Τὸ
1828 1804 1926 1881 γὰρ

274 1887 679 1967 ἀπεσχισμένον
736 1892 821 1946 καὶ
876 1889 1070 1960 ἰδιάζον
1118 1900 1210 1950 τοῦ
1262 1899 1576 1949 κοινωνικοῦ
1630 1894 1716 1949 καὶ
1776 1894 1925 1961 ἡνω-

273 1976 442 2049 μένου
503 1991 619 2042 τοῖς
680 1977 903 2042 πολλοῖς
962 1978 1375 2059 προτιμότερον.
1412 1988 1532 2045 Πῶς
1584 1981 1781 2041 ἐοίκασι
1810 1998 1925 2047 τοῖς

271 2063 487 2139 ὅμμασι
546 2072 641 2133 τῆς
702 2067 931 2145 γλαυκὸς
988 2071 1034 2126 οἱ
1112 2071 1227 2148 περὶ
1297 2073 1395 2137 τὴν
1453 2071 1680 2144 ματαίαν
1741 2074 1926 2152 σοφίαν

272 2157 666 2237 ἐσχολακότες.
723 2162 822 2218 Καὶ
879 2161 978 2239 γὰρ
1046 2164 1252 2228 ἐκείνης
1313 2164 1342 2229 ἡ
1403 2160 1533 2237 ὄψις
1583 2165 1767 2227 νυκτὸς
1828 2166 1925 2238 μὲν

274 2245 522 2323 ἕῤῥωται,
575 2248 725 2315 ἡλίου
780 2248 833 2305 δὲ
894 2249 1206 2326 λάμψαντος
1263 2251 1611 2328 ἀμαυροῦται,
1677 2257 1773 2310 Καὶ
1802 2255 1928 2310 τού-

274 2358 386 2392 των
438 2336 534 2412 μὲν
566 2336 692 2417 (83)
728 2336 995 2406 ἡδιανοια
1056 2338 1280 2405 ὀξυτάτη
1334 2340 1429 2413 μέν
1481 2344 1593 2397 εστι
1650 2344 1782 2419 πρὸς
1831 2344 1928 2410 τὴν

273 2430 375 2492 θῆς
426 2428 783 2502 ματαιότητος
842 2430 1091 2507 θεωρίαν⁷
1149 2430 1280 2507 πρὸς
1313 2428 1367 2485 δὲ
1401 2431 1495 2496 τὴν
1529 2438 1626 2487 τοῦ
1676 2430 1929 2498 ἀληθινοῦ

275 2518 453 2592 φωτὸς
503 2518 825 2583 κατανόησιν
871 2518 1263 2595 ὲξημαύρωται.
1308 2518 1397 2575 Ἐν
1428 2519 1604 2597 ἡμέρα
1632 2518 1687 2575 δέ
1711 2542 1793 2577 σοι
1840 2522 1927 2579 καὶ

273 2604 417 2659 πάνυ
448 2603 615 2681 ῥᾴδὶον
643 2607 988 2686 πανταχόθεν
1032 2609 1274 2685 συνάγειν
1329 2607 1460 2687 (84)
1515 2611 1577 2663 τὸ
1616 2612 1790 2683 θαῦμα
1834 2617 1927 2667 τοῦ

275 2694 575 2756 κτίσαντος.
611 2700 730 2759 Πῶς
784 2696 882 2770 μὲν
940 2696 1025 2752 ἐπ’
1088 2695 1211 2774 ἔργα
1260 2719 1319 2752 σε
1353 2696 1594 2776 ὀιεγείρεί
1624 2700 1651 2753 ὁ
1682 2700 1924 2764 σύνοικος

273 2781 445 2861 ὄρνις,
480 2783 616 2856 ὀξείᾳ
659 2788 727 2861 τῇ
778 2787 928 2862 φωνῇ
984 2784 1192 2860 ἐμϐοῶν
1235 2789 1322 2842 καὶ
1376 2788 1733 2861 καταμηνύων
1792 2787 1925 2866 πόρ-

270 2872 439 2948 ῥωθεν
470 2871 547 2928 ’ἐτι
585 2874 676 2929 τὸν
741 2872 886 2939 ἥλιον
938 2874 1388 2955 προσελσύνοντα,
1451 2873 1743 2955 ὁδοιπόροις
1797 2902 1923 2937 συν-

269 2960 593 3039 διορθρίζων,
641 2963 910 3041 γεωργοὺς
970 2962 1023 3020 δὲ
1083 2965 1281 3041 ἐξάγων
1341 2967 1470 3042 πρὸς
1530 2966 1765 3040 ἀμητόν,
1801 2974 1922 3032 Πῶς

2015 538 2311 601 conditori
2327 540 2691 606 dare.IIabes
2705 543 2765 605 in
2784 541 3048 605 tenebris
3061 540 3333 619 quaedam
3349 539 3655 600 volucrum

2011 646 2393 709 genera,quae
2412 631 2591 693 vitam
2620 642 2968 695 nocturnam
2993 631 3255 692 ducunt:
3283 634 3342 690 in
3366 632 3499 690 luce
3515 628 3653 704 alia,

2014 719 2418 797 quaeinterdiu
2431 721 3209 803 vagantur.Vespertiliones
3223 719 3654 793 enim.noctuae,

2013 807 2297 886 corvique
2354 812 2658 892 nocturni,
2695 822 2870 873 noctu
2916 818 3258 890 pascuntur.
3294 810 3488 881 Quare
3519 827 3654 868 cum

2010 893 2328 975 aliquando
2354 916 2462 978 per
2482 900 2723 977 aliquod
2755 910 2985 979 tempus
3013 899 3116 959 tibi
3141 917 3256 958 non
3280 897 3469 957 aderit
3490 913 3654 955 som-

2014 1001 2149 1057 nus,
2186 985 2234 1044 si
2269 986 2327 1046 in
2361 988 2453 1048 bis
2486 989 2847 1069 immoraris,
2874 998 2931 1049 et
2963 1006 3171 1049 eorum
3206 984 3492 1065 eXpendis
3515 1002 3655 1064 pro-

2014 1073 2321 1152 prietates,
2349 1096 2419 1138 ea
2440 1078 2510 1139 ad
2535 1079 2905 1142 conditorem
2928 1078 3117 1153 gloria
3148 1074 3522 1138 afﬁciendum
3551 1072 3657 1133 tibi

2016 1162 2316 1226 sufﬁcient
2351 1185 2362 1227 :
2400 1169 2698 1247 quomodo
2753 1169 2889 1247 vigil
2940 1169 3015 1229 sit
3058 1165 3329 1239 luscinia,
3365 1183 3498 1225 cum
3534 1162 3654 1223 ovis

2017 1250 2261 1313 incubat
2291 1273 2303 1317 :
2332 1258 2811 1338 quandoquidem
2841 1277 2946 1338 per
2968 1266 3144 1318 totam
3170 1265 3398 1316 noctem
3422 1271 3453 1314 a
3477 1259 3654 1313 cantu

2015 1358 2133 1401 non
2158 1342 2393 1406 desistit
2423 1370 2435 1414 ;
2462 1350 2759 1427 quomodo
2782 1348 2938 1409 idem
2964 1347 3305 1428 quudrnpes
3328 1344 3404 1403 sit
3428 1351 3482 1402 et
3500 1343 3656 1402 vola-

2012 1428 2136 1504 tile,
2168 1436 2531 1516 vespertilio;
2557 1438 2855 1511 quomodo
2879 1437 3001 1497 sola
3023 1455 3089 1497 ex
3118 1432 3449 1495 volucribus
3467 1431 3655 1492 denti-

2015 1516 2126 1579 bus
2148 1528 2365 1596 utatur,
2394 1538 2449 1585 et
2473 1528 2659 1605 pariat
2687 1528 2923 1607 quidem
2958 1524 3182 1588 catulos
3205 1525 3359 1584 velut
3385 1521 3651 1602 quadru-

2015 1608 2209 1686 pedia,
2237 1621 2478 1690 vagetur
2507 1634 2644 1678 vero
2673 1617 2732 1677 in
2765 1636 2922 1689 aere,
2947 1636 3063 1677 non
3098 1614 3309 1695 pennis
3340 1615 3510 1690 elata,
3547 1609 3651 1670 sed

2013 1697 2360 1762 membrana
2381 1705 2629 1783 quadam
2655 1708 2943 1768 coriacea.
2973 1706 3279 1779 Quomodo
3298 1713 3353 1765 et
3378 1704 3487 1764 hoc
3515 1721 3650 1761 mu-

2012 1794 2177 1847 tuum
2210 1808 2476 1855 amorem
2502 1805 2707 1858 natura
2734 1798 2976 1858 insitum
3000 1793 3469 1874 habeat,sibique
3494 1792 3647 1852 invi-

2012 1893 2141 1937 cem
2164 1884 2617 1959 vespertiliones
2638 1888 2697 1947 in
2724 1887 2961 1948 modum
2983 1884 3647 1961 catenzeadhaareseant,

2012 1973 2069 2024 et
2101 1985 2216 2027 una
2272 1970 2345 2030 ab
2391 1974 2575 2037 altera
2621 1977 2917 2057 pendeat:
2955 1976 3115 2053 quod
3158 1993 3276 2034 non
3312 1972 3482 2034 facile
3519 1971 3647 2031 ﬁeri

2010 2058 2169 2144 inter
2205 2076 2313 2119 nos
2344 2062 2621 2127 homines
2653 2067 2823 2127 solet.
2856 2065 3000 2127 Nam
3038 2066 3308 2144 sejuncta
3341 2071 3393 2123 et
3432 2061 3649 2141 privata

2011 2143 2128 2237 vita
2157 2164 2189 2237 a
2222 2149 2524 2233 plerisque
2582 2157 2848 2217 societati
2905 2143 3231 2237 praefertur.
3268 2161 3443 2233 atque
3501 2168 3648 2211 con—

2004 2233 2324 2311 junctioni.
2364 2245 2436 2305 Ut
2461 2244 2544 2305 illi
2580 2246 2678 2324 qui
2731 2233 3227 2324 vazizevsapientiaz
3251 2242 3648 2321 student,no-

2011 2332 2162 2386 ctuze
2193 2330 2384 2393 oculis
2417 2345 2553 2394 sunt
2584 2335 2815 2398 similes
2850 2343 2862 2397 l
2896 2337 3042 2398 Nam
3076 2344 3139 2395 ut
3191 2333 3346 2396 illius
3375 2338 3651 2410 aspectus

2010 2422 2189 2474 noctu
2215 2419 2458 2496 quidem
2484 2423 2793 2498 valet,sole
2819 2443 2957 2485 vero
2982 2424 3366 2486 illucescente
3384 2420 3646 2481 infusca-

2010 2505 2149 2565 tur:
2188 2506 2266 2567 ita
2315 2510 2561 2574 istorum
2615 2534 2784 2576 mens
2844 2513 3359 2594 perspicacissima
3400 2509 3644 2590 quidem

2011 2594 2201 2683 estad
2255 2604 2772 2683 contemplandam
2827 2606 3168 2678 vanitatem,
3203 2600 3468 2663 bebescit
3510 2617 3644 2659 vero

2009 2681 2081 2773 ad
2105 2702 2301 2749 veram
2327 2681 3014 2773 lucemiiitelligendam.
3044 2693 3198 2767 Quin
3232 2701 3290 2753 et
3322 2690 3427 2752 tibi
3457 2688 3643 2751 inter-

2011 2768 2114 2833 diu
2146 2776 2319 2840 facile
2351 2782 2669 2844 admodum
2728 2768 2906 2846 fuerit
2959 2782 3266 2844 undelibet
3315 2785 3645 2843 creatorem

2009 2864 2314 2933 admirari.
2346 2874 2420 2933 Ut
2450 2873 2521 2934 ad
2548 2892 2757 2954 operas
2793 2875 3006 2935 excitat
3040 2887 3096 2936 te
3121 2872 3243 2934 avis
3293 2870 3640 2941 domestica,

2010 2972 2141 3031 quae
2171 2975 2317 3020 voce
2349 2972 2519 3025 acuta
2542 2964 2936 3044 inclamitans,
2959 2973 3015 3024 et
3038 2963 3223 3023 solem
3248 2962 3445 3023 adhuc
3464 2978 3497 3021 e
3523 2960 3647 3019 lon-

261 3050 565 3128 ἆργρυπνον
619 3053 681 3107 τὸ
727 3058 831 3108 τῶν
884 3055 1069 3132 χηνῶν
1119 3053 1294 3131 γένος,
1350 3055 1435 3109 καὶ
1486 3057 1617 3126 πρὸς
1671 3056 1770 3121 τὴν
1816 3062 1922 3113 τῶν

2013 3045 2223 3125 ginquo
2247 3052 2628 3114 accedentem
2674 3057 3098 3132 praenuntians,
3137 3052 3331 3130 vigilat
3362 3068 3479 3112 una
3509 3068 3642 3110 cum

264 3138 634 3196 λανθανόντων
688 3140 936 3206 αἴσθησιν
994 3140 1265 3222 ὀξύτατον,
1327 3142 1381 3199 οῗ
1413 3143 1474 3221 γέ
1525 3166 1657 3201 ποτε
1688 3148 1775 3200 καὶ
1826 3147 1923 3213 τὴν

265 3228 514 3304 βασιλίδα
570 3230 727 3287 πόλιν
778 3231 1197 3311 περιεσώσαντο,
1244 3232 1532 3303 πολεμίους
1592 3234 1759 3313 τινας,
1820 3236 1920 3291 ὑπὸ

264 3319 372 3394 γῆς
423 3316 492 3373 δι’
554 3320 835 3393 ὅπονάμων
893 3319 1022 3398 (85)
1078 3322 1291 3401 ἀφανῶν
1345 3320 1447 3389 ἤδη
1507 3321 1791 3397 μέλλοντας,
1824 3325 1922 3391 τὴν

268 3404 436 3486 ἄκραν
493 3410 591 3474 τῆς
639 3409 853 3484 Ῥώμης
911 3408 1360 3486 γαταλαμόάνειν,
1422 3413 1913 3485 καταμηνύσαντες,

267 3495 363 3554 Ἐν
412 3499 547 3570 ποίῳ
576 3497 717 3575 γένει
762 3506 868 3555 τῶν
927 3500 1139 3576 ὀρνίθιον
1199 3499 1294 3556 οὒκ
1351 3498 1489 3556 ἴδιόν
1544 3523 1592 3556 τι
1650 3504 1825 3575 θαυμα
1881 3505 1914 3571 ἡ

270 3586 425 3665 φύσις
450 3585 673 3644 δείκνυσι
703 3608 717 3668 ς
752 3589 839 3653 Τίς
897 3591 923 3644 ὁ
965 3588 1092 3665 (86)
1132 3603 1250 3652 τοϊς
1301 3592 1429 3667 γυψὶ
1462 3590 1923 3669 προαπαγγέλλων

269 3678 380 3731 τῶν
408 3677 696 3756 ἀνθρώπων
752 3680 841 3734 τὸν
899 3679 1143 3758 θάνατον,
1199 3677 1323 3735 ὅταν
1355 3676 1473 3735 κατ’
1520 3678 1770 3749 ἀλλήλων
1800 3680 1919 3736 ἐπι-

269 3767 688 3846 στρατεύσωσινς
751 3765 928 3832 ’Ἰδοις
972 3768 1071 3846 γὰρ
1115 3765 1175 3822 ἂν
1253 3769 1438 3845 μυρίας
1497 3768 1691 3846 ἀγέλας
1742 3777 1919 3845 γυπῶν

264 3868 390 3916 τοϊς
440 3854 817 3933 στρατοπέδοις
876 3857 1274 3933 παρεπομένας,
1338 3857 1398 3911 ἐκ
1452 3860 1550 3923 τῆς
1600 3864 1706 3913 τῶν
1742 3858 1922 3917 ὅπλων

264 3950 610 4021 παρασκευῆς
688 3946 1120 4024 τεκμαιρομένων
1178 3947 1275 4014 τὴν
1341 3945 1575 4005 ἔκϐασιν.
1646 3950 1809 4005 Τοῦτο
1867 3947 1920 4004 δὲ

268 4038 333 4093 αὖ
396 4035 602 4113 μακράν
634 4035 761 4115 (87)
806 4037 917 4092 ἐστι
972 4035 1240 4113 λογισμῶν
1287 4038 1644 4113 ἀνθρωπίνων,
1687 4038 1804 4103 Πῶς
1838 4062 1918 4095 σοι

262 4124 362 4186 τὰς
420 4121 643 4201 φοϐερὰς
704 4125 1066 4203 ἐπιστρατείας
1140 4130 1236 4191 τῆς
1294 4124 1499 4204 ἀκρίδος
1560 4124 1910 4204 διηγήσομαι·

262 4214 323 4290 ἢ,
386 4212 470 4291 ὕφ’
516 4216 590 4269 ἒνὶ
648 4216 940 4289 συνθήματι
994 4221 1137 4270 πᾶσα
1196 4215 1417 4292 ἀρθεῖσα
1469 4216 1556 4270 καὶ
1618 4238 1917 4293 στρατοπε-

2007 3134 2346 3211 viatoribus,
2382 3150 2557 3221 atque
2589 3142 2877 3222 agricolas
2907 3144 2978 3205 ad
3015 3161 3267 3204 messem
3322 3140 3535 3201 educit.
3574 3136 3647 3201 Ut

2008 3225 2250 3305 pervigil
2290 3239 2380 3289 est
2408 3250 2692 3294 anserum
2725 3252 2954 3312 genus;
2998 3241 3171 3313 atque
3203 3231 3259 3292 id
3290 3230 3448 3312 quod
3484 3229 3642 3301 latet,

2006 3318 2350 3379 acutissime
2376 3322 2579 3382 sentit.
2616 3323 2687 3384 Hi
2712 3322 2988 3384 videlicet
3010 3323 3229 3401 regia'n
3262 3322 3470 3381 urbem
3502 3317 3641 3378 olim

2006 3420 2454 3487 conservarunt,
2491 3413 2629 3472 dum
2668 3413 2754 3472 78
2783 3414 2982 3473 hostes
3014 3410 3301 3492 quosdam
3345 3409 3455 3470 sub
3489 3420 3647 3471 terra

2008 3495 2382 3573 perlatentes
2414 3502 2722 3564 cuniculos
2744 3503 2993 3583 jamjam
3025 3504 3086 3562 in
3121 3501 3281 3562 urbis
3316 3499 3513 3561 Romae
3544 3516 3643 3560 ar-

2009 3603 2138 3645 cem
2172 3600 2563 3669 occupaturos
2608 3594 3022 3673 prodiderunt.
3056 3595 3118 3653 In
3153 3608 3418 3669 quonam
3451 3589 3643 3650 avium

2006 3692 2227 3751 genere
2256 3698 2383 3741 rem
2411 3684 2726 3758 quamdam
2752 3685 3109 3759 singularem
3142 3679 3532 3742 admiratione
3561 3678 3646 3738 di-

2006 3782 2181 3839 gnam
2209 3776 2416 3830 natura
2440 3790 2554 3831 non
2580 3772 2890 3833 ostendit?
2912 3771 3053 3844 Quis
3076 3770 3429 3851 praenuntiat
3453 3771 3651 3829 vultu.-

2006 3852 2172 3915 ribus
2202 3858 2511 3920 hominum
2547 3870 2795 3922 mortem
2852 3871 2996 3937 tum,
3026 3880 3157 3922 cum
3223 3859 3335 3920 sibi
3387 3858 3641 3919 invicem

2005 3943 2271 4007 inferunt
2295 3948 2567 4010 bellum?
2600 3951 2814 4012 Videas
2846 3950 3003 4013 enim
3038 3951 3385 4011 innumeros
3437 3964 3644 4025 greges

2003 4035 2299 4098 vulturum
2335 4040 2641 4102 exercitus
2672 4051 3016 4117 sequentes,
3045 4048 3103 4102 et
3133 4059 3199 4101 ex
3224 4055 3522 4099 armorum
3546 4054 3645 4115 ap-

2004 4135 2210 4204 paratu
2235 4129 2449 4190 exitum
2476 4132 3045 4209 conjectanteslloc
3074 4138 3267 4191 autem
3289 4146 3405 4188 non
3434 4124 3637 4206 procul

2004 4235 2037 4277 a
2065 4216 2617 4281 ratiocinationibus
2650 4221 2926 4282 humanis
2941 4220 3129 4283 abest.
3166 4218 3436 4292 Quonam
3468 4223 3635 4295 pacto

264 4300 571 4376 δευσαμὲνη
626 4304 762 4359 κατὰ
818 4305 878 4360 τὸ
938 4302 1139 4366 πλάτος
1195 4304 1290 4370 τῆς
1336 4302 1547 4383 χώρας,
1583 4308 1641 4362 οὗ
1672 4327 1922 4385 προτερον

2013 4306 2305 4369 terribiles
2353 4309 2596 4371 locustae
2649 4309 3057 4389 expeditiones
3107 4308 3213 4369 tibi
3262 4322 3637 4377 enarravero,

264 4390 492 4447 ἅπτεται
549 4398 655 4448 τῶν
702 4399 942 4472 καρπῶν,
998 4395 1116 4469 πρὶν
1176 4391 1449 4459 ἓνδοθῆναι
1508 4393 1641 4471 αὒτῇ
1669 4397 1730 4450 τὸ
1772 4398 1917 4452 θετον

267 4441 492 4447 ------π-
562 4441 650 4448 -..ν
705 4441 767 4449 ....
811 4441 914 4449 η---
1005 4441 1111 4469 ,τη
1180 4441 1449 4459 -.η-...φ
1509 4441 1641 4462 ..-.,
1681 4441 1729 4450 --
1776 4441 1914 4452 νη...

262 4482 609 4562 πρόσταγμας
675 4441 798 4547 Πῶέ
863 4441 1208 4551 ἡ,σελευκὶς
1288 4482 1538 4561 ἐφέπεται
1608 4441 1749 4559 ίαμα
1819 4490 1916 4551 τῆς

262 4569 514 4647 πληγῆς,
566 4571 856 4652 ἀπέραντον
915 4572 1115 4652 ἔχουσα
1159 4574 1251 4627 τοῦ
1289 4570 1474 4627 ἐσθίειν
1533 4572 1631 4639 τὴν
1676 4570 1914 4648 δύναμιν,

254 4669 354 4718 τοῦ
402 4661 769 4741 φιλανθρώπου
831 4672 961 4721 Θεοῦ
1018 4663 1300 4741 ἀκόρεστον
1378 4663 1545 4730 αὐτῆς
1613 4664 1710 4731 τὴν
1766 4666 1916 4743 φύσιν

258 4748 351 4807 ἐπ’
388 4754 658 4829 εὐεργεσίᾳ
704 4754 807 4810 τῶν
864 4753 1150 4832 ἀνθρώπων
1207 4752 1701 4817 κατασκευάσαντος
1736 4753 1861 4829 (88)
1899 4780 1913 4828 ;

352 4928 489 5007 (81)
521 4925 637 5009 sex
669 4947 811 4991 mss.
838 4939 1123 5009 ζωογονεῖ.
1158 4928 1318 4993 Editi
1341 4938 1621 5001 ζωοτοκετ,

356 5006 487 5088 (82)
519 5006 616 5071 Sic
650 5020 903 5090 quatuor
935 5006 1077 5071 mss.
1102 5011 1177 5073 At
1200 5009 1343 5071 editi
1365 5028 1497 5070 cum
1522 5029 1640 5072 uno
1670 5014 1926 5076 autalte-

266 5109 342 5174 ro
373 5108 493 5151 ms.
523 5090 644 5174 ἔχει
670 5115 741 5155 τι.
770 5092 1092 5174 Aliquanto
1120 5098 1250 5171 post
1278 5090 1461 5174 editio
1484 5091 1673 5174 Paris.
1708 5096 1793 5150 καὶ
1824 5098 1923 5174 γὰρ

264 5172 485 5250 ὥσπερ.
523 5169 700 5233 Deest
733 5174 832 5251 γάρ
862 5169 923 5233 in
954 5169 1216 5234 editione
1248 5171 1430 5234 Basil.
1465 5178 1522 5231 et
1570 5171 1631 5232 in
1658 5169 1919 5255 quinque

266 5269 419 5313 mss.

354 5330 475 5413 (83)
510 5333 595 5394 Ita
627 5340 880 5413 quatuor
901 5352 1044 5394 mss.
1079 5336 1267 5413 Deest
1288 5332 1384 5407 μέν
1416 5331 1476 5413 in
1508 5331 1763 5396 excusis.

353 5411 704 5492 l84)_Codex
729 5414 1143 5476 Combef.cum
1176 5412 1307 5474 aliis
1342 5411 1602 5492 quinque
1633 5431 1914 5475 mSS.SUv-

268 5495 424 5571 ἀγειν
458 5490 634 5553 Editi
674 5513 808 5554 cum
862 5493 1029 5556 Colb.
1064 5493 1333 5556 sucundo
1356 5490 1719 5571 συναγαγεῖν.
1756 5492 1923 5557 Haud

260 5572 445 5651 longe
470 5572 612 5634 editi
642 5593 775 5635 cum
802 5576 951 5653 Reg.
989 5574 1166 5638 tertio
1188 5572 1598 5652 συνδιορθρίζων.
1632 5572 1752 5635 Alii
1779 5594 1918 5656 qua-

256 5661 404 5715 tuor
428 5671 572 5733 mss.
598 5658 961 5733 συνορτρίζων,

345 5732 478 5815 (85)
514 5732 598 5796 Ita
626 5732 767 5798 mss.
788 5732 962 5800 θοοιο.
1002 5735 1159 5800 Editi
1192 5736 1479 5812 πολεμίους
1511 5734 1657 5800 τινάς
1688 5734 1911 5814 ἀφανεῖς

2003 4416 2135 4477 quae
2156 4398 2431 4460 universa
2453 4398 2564 4459 sub
2588 4418 2703 4459 uno
2723 4401 2888 4477 signo
2913 4399 3088 4479 elata,
3113 4407 3289 4479 atque
3313 4396 3639 4458 secundum

2003 4487 2266 4565 regionis
2287 4489 2659 4549 latitudinem
2688 4497 3140 4566 castrametaus,
3170 4507 3285 4548 non
3318 4486 3482 4567 prius
3510 4484 3637 4545 fru-

2002 4585 2135 4639 ctus
2166 4577 2422 4656 attingit,
2463 4597 2636 4657 quam
2670 4578 2931 4638 divinum
2960 4586 3315 4658 praeceptum
3349 4577 3423 4635 sit
3453 4574 3508 4636 ei
3537 4574 3635 4633 da.

2003 4673 2124 4726 tum
2156 4671 2182 4725 ?
2212 4666 2517 4739 Quomodo
2549 4669 2837 4729 locustam
2872 4667 3201 4747 insequitur
3230 4664 3486 4727 seleucis
3516 4663 3637 4724 avis

2001 4775 2133 4836 quas
2166 4757 2351 4837 plagae
2376 4758 2610 4818 inﬂictae
2639 4757 2972 4819 remedium
2999 4768 3087 4818 est
3113 4775 3125 4818 :
3154 4754 3634 4839 quandoquidem

2007 4938 2075 4995 δι’
2105 4938 2385 5011 ὑπονόμων
2418 4936 2477 4997 Id
2510 4936 2681 4997 aliter
2712 4936 2784 4998 ab
2823 4936 2952 4998 aliis
3002 4936 3301 4997 historicis
3337 4943 3633 4995 narratur.

2006 5023 2163 5096 Lege
2190 5014 2487 5078 Ducaeum.

2086 5094 2203 5175 (86)
2240 5100 2320 5158 ita
2352 5116 2452 5160 sex
2485 5116 2625 5158 mss.
2661 5097 2840 5160 Deest
2875 5102 2900 5154 ὁ
2932 5099 2991 5159 in
3024 5096 3222 5158 editis.
3268 5097 3491 5159 ibidem
3521 5094 3636 5155 dUJ

2004 5195 2145 5242 mss.
2195 5178 2629 5257 προσαγγέλλων.
2683 5177 2836 5240 Editi
2895 5198 3028 5240 cum
3079 5178 3209 5237 aliis
3253 5197 3371 5237 mss
3428 5198 3598 5252 προκγ

2001 5260 2225 5337 γέλλων.

2081 5340 2205 5411 (87)
2238 5339 2474 5402 Simulti
2509 5358 2650 5403 mss.
2686 5341 2754 5401 Αι
2778 5339 2922 5401 editi
2951 5348 3105 5396 τοῦτο
3157 5337 3209 5393 δὲ
3262 5340 3374 5396 οὐδὲ
3409 5339 3635 5414 μακράν.

2081 5421 2204 5499 (88)
2235 5422 2482 5483 Codices
2514 5431 2766 5499 quatuor
2788 5440 2819 5482 e
2844 5421 3057 5482 nostris
3083 5429 3298 5495 praeter
3314 5421 3463 5480 duos
3489 5420 3634 5479 Duc.

2012 5504 2533 5578 παρασκευάσαντος.
2569 5502 2724 5563 Editi
2793 5520 2929 5562 eum
2967 5520 3080 5560 uno
3127 5509 3223 5561 aut
3259 5502 3442 5561 altero
3522 5519 3629 5558 ms.

1998 5579 2509 5642 κατασκευάσαντα,
2574 5584 2704 5642 Mox
2773 5601 2872 5643 sex
2932 5598 3073 5643 mss.
3131 5584 3217 5637 καὶ
3270 5583 3406 5645 πῶς.
3461 5582 3637 5642 Deest

1998 5663 2085 5717 καί
2112 5660 2173 5721 in
2207 5660 2402 5722 editis.
