4102 6224
439 300 555 365 183
1772 300 1832 361 S.
1881 302 2086 364 BASII.

2200 303 2447 365 MAGNI
3685 306 3808 370 ιει

434 438 534 500 illa
569 443 915 519 perpetuam
945 434 1122 498 habet
1164 433 1384 498 edendi
1415 433 1779 510 facultatem,
1816 433 2074 514 benigno

2171 436 2245 500 Γίς
2278 437 2305 492 ὀ
2335 437 2527 516 τρόπος
2557 444 2656 506 τῆς
2699 438 2961 515 μελῳδίας
2989 448 3083 499 τοῦ
3139 440 3380 521 τέττιγος
3410 462 3427 514 ;
3464 445 3563 503 Καὶ
3596 451 3715 508 πῶς
3744 447 3803 501 iv

439 530 561 591 Deo
578 525 976 587 insatiabilem
996 535 1265 612 naturam
1285 523 1595 585 hominum
1613 524 1803 612 gratia
1818 524 1873 584 ei
1888 542 2069 604 appa-

2171 531 2224 600 τῇ
2256 525 2557 601 μεσημϐρίᾳ
2594 530 2794 586 ἑαυτῶν
2837 533 2966 587 εἰσιν
3010 529 3355 612 ᾠδικώτεροι,
3412 538 3480 609 τῇ
3512 531 3649 608 ὁλκῇ
3707 540 3806 589 τοῦ

438 623 612 677 raute
633 622 660 679 ?
679 616 821 689 Quae
854 620 927 674 sit
952 614 1081 675 mod
1096 611 1297 675 ulandi
1320 612 1474 674 ratio
1493 611 1711 674 cicadae
1731 616 1758 672 Ἰ
1780 612 2075 693 quomodo

2171 612 2309 688 ἷιέρος
2356 616 2391 680 ἣ
2450 619 2504 673 ἓν
2561 625 2628 693 τῇ
2688 616 2944 697 διαστολῇ
2998 628 3269 679 ποιοῦνται
3343 611 3441 679 τοῦ
3507 622 3750 699 θώρικος
3784 669 3801 695 ,

439 706 500 766 in
550 705 800 767 meridie
831 702 1005 764 solito
1056 701 1241 779 magis
1271 719 1503 763 canorae
1552 710 1712 774 sunt,
1745 703 1890 763 dum
1920 700 2078 763 aeris

443 800 815 873 attractione,
846 810 975 872 quae
1004 791 1065 852 in
1097 791 1351 852 thoracis
1378 790 1738 852 distentione
1760 792 1846 871 ﬁt,
1879 789 2079 854 editur

439 883 666 946 sonus?
695 884 772 945 At
794 882 952 943 enim
974 882 1115 942 mihi
1138 880 1350 942 videor
1374 880 1558 959 magis
1577 880 1767 960 impar
1792 898 1923 941 esse
1947 897 2077 941 ser-

446 972 695 1033 monein
722 972 1087 1051 explicandis
1108 971 1433 1032 volatilium
1466 969 1792 1040 miraculis,
1820 988 1994 1047 quam
2027 970 2077 1029 si

445 1062 696 1141 pedibus
713 1079 964 1123 conarer
981 1060 1349 1122 velocitatem
1376 1062 1635 1138 ipsorum
1658 1059 2072 1139 assequi.Cum

442 1152 662 1213 videris
689 1170 759 1212 ea
789 1150 1047 1212 volatilia
1078 1169 1210 1227 quae
1244 1157 1466 1210 insecta
1504 1158 1806 1221 vocantur,
1841 1157 1905 1210 ut
1934 1166 2079 1227 apes

441 1252 497 1303 et
522 1241 884 1317 vespaszsic
943 1247 1101 1302 enim
1158 1240 1285 1321 ipsa
1335 1238 1735 1318 appellarunt,
1770 1246 2080 1317 propterea

440 1331 598 1412 quod
629 1333 909 1410 quasdam
943 1331 1209 1407 undique
1242 1329 1531 1390 incisuras
1564 1346 1682 1406 pra:
1714 1346 1780 1388 se
1827 1328 2026 1390 ferunt
2062 1350 2075 1386 :

438 1426 638 1483 veniat
661 1422 767 1483 tibi
790 1422 848 1481 in
876 1418 1628 1497 mentem,respirationem
1653 1427 1829 1498 atque
1855 1417 2081 1497 pulmo-

445 1531 581 1573 nem
606 1514 665 1571 in
691 1511 761 1571 iis
786 1529 902 1570 non
928 1509 1216 1588 reperiri:
1242 1508 1344 1569 sed
1373 1518 1489 1569 tota
1519 1507 1762 1568 omnino
1796 1526 1934 1569 aere
1962 1527 2077 1567 nu-

444 1602 595 1664 triri.
634 1600 1008 1681 Quapropter
1039 1599 1171 1661 oleo
1205 1598 1556 1677 madefacta,
1593 1597 1848 1658 occlusis
1879 1598 2081 1657 meati-

443 1693 578 1765 bus,
610 1699 858 1771 pereunt
885 1709 899 1764 ;
928 1708 1060 1750 cum
1093 1707 1229 1749 vero
1253 1689 1448 1748 statim
1475 1695 1703 1748 acetum
1729 1687 2079 1766 alfunditur,

2160 700 2489 778 ἐκδιδομένου
2548 710 2637 764 τοῦ
2694 710 2951 788 φθόγγου;
3007 709 3174 768 Ἀλλὰ
3231 711 3333 789 γὰρ
3389 709 3539 768 ἔοικα
3609 710 3807 768 πλεῖον

2162 791 2538 851 ἀπολείπεσθαι
2595 800 2671 870 τῷ
2727 796 2873 875 λόγῳ
2930 806 3023 856 τοῦ
3069 802 3334 875 θαύματος
3387 801 3493 857 τῶν
3549 807 3801 875 πτηνῶν,

2160 882 2193 949 ἢ
2252 884 2294 938 εὶ
2351 906 2469 949 τοις
2522 888 2674 942 ποσὶν
2724 888 2896 945 αὒτῶν
2968 890 3272 968 ἐπειρώμην
3327 895 3656 972 ὶφικνεῐσθαι
3712 892 3809 949 τοῦ

2160 972 2268 1050 τάχ
2274 995 2385 1035 ους.
2419 972 2596 1031 ’,Οταν
2638 975 2762 1053 ἴδῃς
2792 979 2857 1034 τὰ
2902 978 3096 1055 ἔντομα
3126 980 3390 1059 λεγόμενα
3420 987 3525 1037 τῶν
3556 989 3801 1061 πτηνῶν,

2160 1065 2278 1117 οἷον
2337 1062 2589 1136 μελίσσας
2640 1068 2726 1122 καὶ
2784 1074 2992 1148 σφῆκας
3020 1070 3185 1147 (οὕτω
3215 1072 3315 1149 γὰρ
3345 1072 3473 1130 αὒτᾶ
3503 1072 3802 1149 προσειρή-

2162 1172 2305 1230 κασι,
2366 1150 2449 1207 διὰ
2494 1156 2554 1210 τὸ
2612 1162 2948 1237 πανταχόθεν
3018 1160 3245 1234 ἐντομάς
3318 1181 3464 1223 τινας
3538 1159 3800 1239 φαίνειν),

2160 1243 2399 1314 ἐνθυμοῦ,
2453 1242 2533 1298 ὅτι
2582 1245 2785 1305 τούτοις
2834 1247 3076 1316 ἀναπνοὴ
3112 1253 3206 1308 οὒκ
3262 1249 3427 1323 ἔστιν,
3461 1248 3576 1306 0-38‘:
3636 1252 3805 1306 πνεύ-

2161 1351 2299 1410 μων,
2336 1330 2452 1387 ἀλλ’
2503 1332 2601 1389 ὅλα
2632 1331 2699 1389 δι’
2729 1334 2870 1392 ὅλων
2897 1336 3140 1418 τρέφεται
3193 1346 3269 1412 τῷ
3310 1338 3445 1415 ἀέρι.
3483 1338 3681 1417 Διόπερ
3712 1340 3808 1394 καὶ

2164 1418 2323 1493 ἐλαίῳ
2378 1424 2785 1499 καταβραχέντα
2842 1428 3125 1506 φθείρεται,
3171 1434 3277 1484 τῶν
3324 1429 3495 1505 πόρων
3545 1429 3803 1506 ἀποφραα

2163 1509 2380 1586 γέντων*
2431 1510 2577 1576 ὄξους
2634 1510 2688 1568 δὲ
2747 1514 2892 1577 εὐθὺς
2921 1515 3291 1583 ἐπιϐληθέντος
3349 1517 3508 1574 πάλιν
3564 1515 3807 1574 ἀναϐιώ-

2164 1620 2369 1671 σκεται,
2436 1606 2537 1656 τῶν
2588 1600 2829 1667 διεξόδων
2878 1606 3257 1682 ἀνοιγομένων.
3294 1605 3454 1664 Οὗδὲν
3484 1609 3805 1685 περιττξτε-

2166 1710 2253 1765 ρον
2310 1692 2405 1755 της
2450 1692 2662 1769 χρείας,
2724 1695 2840 1750 οὔτε
2900 1696 3005 1765 μὴν
3049 1695 3297 1752 ἐλλεϊπόν
3346 1719 3446 1752 τινι
3503 1704 3609 1753 τῶν
3668 1697 3809 1752 ἀνα-

440 1782 692 1843 reclusis
721 1779 1113 1840 foraminibus
1142 1795 1351 1838 rursus
1406 1777 1789 1837 reviviscunt.
1828 1779 1986 1839 Inter
2011 1795 2076 1837 en

2171 1778 2361 1853 γκαίων
2418 1781 2445 1834 ὁ
2496 1782 2624 1845 Θεὸς
2680 1783 2834 1858 ημῶν
2894 1784 3117 1847 ἔκτισε..
3159 1786 3321 1842 Πάλιν
3351 1788 3417 1843 τὰ
3446 1785 3664 1867 φίλυδρα
3694 1793 3804 1843 τῶν

443 1890 572 1952 qua)
597 1871 753 1933 Deus
776 1878 979 1930 noster
1003 1868 1248 1945 creavit,
1285 1867 1431 1927 nihil
1464 1875 1554 1927 est
1584 1867 1728 1926 citra
1760 1869 2080 1927 necessita-

446 1975 587 2035 tem,
610 1960 754 2021 nihil
788 1961 956 2021 decst
987 1957 1486 2018 necessariorum.
1527 1959 1752 2018 Rursus
1783 1957 1828 2016 si
1858 1960 2081 2015 anima-

446 2052 525 2113 lia
545 2069 710 2131 aqua;
727 2048 985 2112 amantia
1017 2045 1445 2119 considerabis,
1470 2046 1645 2105 aliam
1666 2046 1722 2105 in
1747 2045 1888 2123 ipsis
1918 2054 2079 2105 stru-

444 2150 675 2203 cturam
710 2137 1046 2217 comperics
1078 2158 1090 2199 :
1126 2135 1305 2215 pedes
1336 2135 1608 2196 videlicet
1640 2135 1883 2195 minime
1909 2136 2085 2196 diflis~

442 2249 563 2313 sos,
598 2230 753 2290 velut
784 2226 1039 2290 cornicis
1061 2246 1073 2286 :
1099 2244 1216 2285 non
1248 2225 1533 2305 aduncos,
1566 2225 1722 2285 velut
1751 2224 2088 2285 carnivoro-

441 2338 572 2382 rum
600 2342 613 2383 :
650 2318 760 2379 sed
792 2318 944 2379 latos
976 2334 1042 2376 ac
1075 2316 1591 2393 membranaceos,
1625 2323 1687 2373 ut
1707 2313 1877 2375 facile
1912 2313 2086 2375 undis

444 2414 734 2482 innatent,
765 2406 977 2487 pedum
1017 2403 1384 2466 membranis
1410 2403 1573 2464 velut
1601 2402 1960 2482 quibusdam
1993 2421 2085 2464 re~

441 2502 553 2562 mis
583 2516 797 2575 aquam
829 2495 1226 2576 impellentes.
1266 2494 1436 2566 Quod
1480 2493 1530 2553 si
1563 2492 2077 2573 animadverteris,

441 2588 941 2671 quemadmodum
973 2603 1187 2666 cycnus
1213 2584 1366 2645 collo
1390 2586 1446 2645 in
1485 2582 1837 2661 profundam
1867 2600 2077 2661 aquam

445 2679 737 2750 immisso,
765 2676 839 2739 ab
872 2677 988 2736 imo
1013 2675 1206 2735 cibum
1242 2673 1355 2735 sibi
1390 2673 1591 2734 efferat
1620 2694 1631 2730 :
1664 2681 1802 2733 tunc
1836 2672 1939 2734 Dei
1972 2671 2080 2733 de-

447 2770 853 2849 prehensurus
904 2784 968 2827 es
1025 2763 1531 2844 sapientiam,qui
1580 2762 1805 2824 scilicet
1861 2761 2077 2822 collum

448 2859 698 2937 pedibus
732 2857 965 2935 longius
996 2854 1131 2915 ideo
1166 2853 1393 2929 tribuit,
1422 2862 1485 2913 ut
1515 2852 1657 2913 illud
1676 2852 1831 2913 velut
1862 2851 2078 2912 lineam

451 2948 825 3028 piscatoriam
848 2947 1393 3021 demittens,escam
1416 2943 1478 3005 in
1501 2946 1615 3004 ima
1633 2942 2079 3004 delitescentem

450 3041 719 3115 exquirat
748 3054 814 3099 ac
848 3036 1137 3097 extrahat.

531 3126 797 3193 8.Verba
819 3125 1136 3203 Scriptura:
1158 3122 1206 3183 si
1225 3121 1577 3202 simpliciter
1594 3121 1885 3201 legantur,
1898 3140 2087 3201 parvae
2105 3160 2145 3210 ο

2161 1867 2310 1936 ζώων
2380 1872 2748 1943 καταμαθὼν,
2813 1873 2994 1948 ἑτέραν
3072 1874 3123 1930 ἐν
3201 1876 3385 1939 αύτοῖς
3463 1880 3803 1943 κατασκευὴν

2164 1958 2426 2031 εὑρήσειςο
2504 1960 2667 2025 πόδας
2732 1960 2847 2018 οὔτε
2920 1962 3344 2043 διεσχισμένους,
3408 1968 3480 2028 ὡς
3532 1968 3650 2029 τοὺς
3706 1966 3810 2033 τῆς

2164 2048 2431 2123 κορώνης,
2480 2050 2596 2106 οὕτε
2628 2050 2910 2127 ἀγκύλους,
2946 2055 3018 2116 ὡς
3070 2056 3190 2117 τοὺς
3252 2061 3357 2110 τῶν
3426 2056 3806 2133 σαρκοφάγων·

2167 2135 2303 2191 ἀλλὰ
2347 2137 2569 2200 πλατεῖς
2601 2142 2683 2195 κοὶ
2714 2140 3022 2221 ὑμενώδεις,
3067 2143 3161 2199 ’ἕνα
3204 2143 3393 2220 ῥᾳδιως
3438 2145 3813 2224 ἑπινήχωνται

2167 2233 2242 2298 τῷ
2285 2224 2454 2306 ὕδατι,
2506 2231 2660 2285 οἱονεὶ
2717 2230 2923 2295 κώπαις
2978 2234 3081 2288 τισὶ
3136 2247 3253 2297 τοῖς
3284 2236 3388 2289 τῶν
3438 2232 3612 2290 ποδῶν
3643 2234 3805 2307 ὑμέσι

2167 2318 2227 2371 τὸ
2279 2318 2434 2394 ὑγρὸν
2494 2317 2855 2395 διωθούμενοι.
2920 2319 3042 2380 Ἐὰν
3101 2322 3157 2379 δὲ
3224 2324 3535 2398 καταμάθῆς
3601 2324 3749 2389 ὅπως
3789 2371 3806 2402 ,

2169 2407 2241 2469 εἰς
2302 2407 2457 2481 βάθος
2516 2410 2543 2462 ὁ
2600 2411 2784 2475 κύκνος
2844 2413 3037 2474 καθιεὶς
3107 2414 3197 2469 τὸν
3259 2413 3459 2493 αὐχένα
3498 2462 3511 2486 ,
3569 2414 3811 2470 κάτωθεν

2168 2494 2339 2569 ἐαυτῷ
2394 2498 2491 2563 τὴν
2547 2500 2744 2576 τροφὴν
2794 2498 3061 2581 ἂναγέρει,
3107 2502 3227 2559 τότε
3276 2504 3517 2581 εὑρήσεις
3572 2505 3674 2570 τὴν
3705 2525 3810 2561 σο-

2164 2585 2285 2664 (ρίαν
2328 2592 2416 2642 τοῦ
2465 2585 2761 2664 κτίσαντος,
2806 2588 2888 2645 ὅτι
2948 2588 3031 2646 διὰ
3087 2591 3239 2648 τοῦτο
3299 2593 3626 2667 μικρότερον
3688 2598 3807 2649 τῶν

2164 2673 2339 2729 ποδῶν
2368 2678 2458 2731 τον
2490 2676 2687 2756 αὐχένα
2718 2679 3067 2755 προσέθηκεν,
3102 2680 3217 2757 ἵνα,
3252 2681 3429 2760 ὥσπερ
3452 2683 3570 2738 τινα
3612 2684 3810 2759 ὁρμιὰν

2163 2765 2432 2841 κατάγων,
2494 2766 2592 2832 τὴν
2637 2769 2691 2822 ἒν
2721 2775 2797 2841 τῷ
2854 2769 3000 2843 βάθει
3041 2771 3408 2848 κεκρυμμένην
3455 2772 3655 2847 τοοφὴν
3707 2771 3809 2827 ἱκ-

2164 2856 2442 2932 περίζηται
2455 2904 2466 2918 ,

2247 3125 2305 3187 8,
2369 3123 2575 3192 Ἀπλώς
2626 3128 3091 3206 αναγινωσκόμενα
3140 3134 3205 3189 τὲ
3252 3133 3461 3210 ῥήματα
3516 3136 3611 3203 τῆς
3658 3142 3803 3210 Γραο

448 3218 716 3297 quaedam
746 3213 1177 3293 suntsyllabae:
1218 3212 1559 3303 Produamt
1590 3229 1765 3290 aquae
1810 3210 2085 3303 volatiiia

2171 3215 2315 3303 φῆς,
2359 3213 2612 3273 συλλαϐαί
2657 3218 2793 3281 τινές
2856 3224 2954 3277 εἰσι
3013 3223 3190 3297 μικραί
3237 3222 3394 3301 (89)*
3460 3223 3809 3303 Ἐξαγαγέτω

444 3307 681 3364 volantia
711 3320 873 3376 super
903 3310 1105 3358 terram
1154 3299 1439 3356 secundum
1483 3303 1874 3372 ﬁrmamentum
1921 3300 2038 3356 caeli
2071 3317 2086 3357 :

2172 3306 2237 3360 τὰ
2292 3302 2449 3361 ὕδατα
2521 3310 2734 3364 πετεινὰ
2796 3312 3064 3383 πετόμενα
3112 3312 3197 3368 ἐπὶ
3251 3315 3351 3379 τῆς
3393 3319 3495 3391 γῆς
3556 3299 3694 3370 κατα
3744 3316 3812 3369 τὶ»

443 3398 546 3459 sed
574 3416 706 3458 cum
762 3395 1074 3456 verborum
1126 3393 1552 3472 pervestigatur
1597 3392 1915 3466 sententia,
1952 3401 2086 3452 tunc

2182 3393 2452 3471 στερέωμα
2494 3396 2584 3451 τοῦ
2636 3399 2853 3475 ούρανοῦ
2932 3400 3293 3476 ἐρευνωμένης
3342 3400 3395 3458 δὲ
3452 3403 3547 3469 τῆς
3608 3403 3663 3458 ἐν
3692 3415 3818 3465 τοῖς

449 3505 726 3563 magnum
760 3483 1067 3563 sapientiai
1087 3481 1412 3543 conditoris
1436 3481 1789 3542 miraculum
1822 3490 2090 3561 apparet.

449 3577 602 3649 Quot
634 3574 959 3636 volatilium
1018 3572 1283 3652 praevidit
1337 3571 1683 3633 discrimina
1723 3578 1749 3633 ’ἰ
1799 3571 2095 3651 quomodo

447 3666 563 3728 alia
591 3666 663 3726 ah
697 3664 826 3724 aliis
851 3666 1017 3741 juxta
1048 3679 1234 3740 genus
1282 3661 1587 3740 sejunxit?
1631 3661 1930 3738 quomodo
1964 3661 2092 3721 sin-

448 3756 585 3836 gula
636 3754 934 3815 distinctis
980 3749 1442 3831 proprietatibus
1490 3750 1842 3829 insignivit?
1889 3750 2097 3812 Deficit

453 3864 549 3907 me
575 3846 703 3907 dies
730 3842 895 3907 aeria
919 3840 1086 3901 vobis
1118 3840 1404 3901 miracula
1438 3851 1855 3919 exponentem.
1886 3841 2094 3903 Invitat

452 3953 561 3997 nos
590 3934 716 4015 ipsa
762 3931 1075 3994 continens
1107 3929 1177 3989 ad
1224 3929 1379 3989 feras
1407 3930 1761 4011 reptiliaque
1792 3942 1851 3991 et
1878 3948 2095 4009 pecora

452 4028 512 4086 in
538 4025 798 4087 medium
820 4017 1679 4100 proferenda:quandoquidem
1700 4019 1918 4099 aliquid
1936 4020 2090 4100 quod

457 4115 671 4195 plantis
694 4122 751 4175 et
789 4109 1115 4173 natatilium
1143 4109 1346 4186 generi
1377 4117 1435 4169 et
1478 4111 1704 4171 cunctis
1754 4110 2093 4171 volatilibus

453 4206 645 4283 impar
674 4222 792 4265 non
824 4201 923 4274 sit,
948 4198 1203 4260 vicissim
1237 4199 1520 4260 exhibere
1552 4209 1754 4279 parata
1786 4208 1897 4260 est.
1931 4199 2090 4261 Pro-

2180 3484 2380 3561 ῥήμασι
2439 3483 2703 3562 διανοίας,
2765 3489 2884 3545 τότε
2936 3489 3231 3570 ἐκφαίνεται
3302 3496 3362 3547 τὸ
3435 3492 3573 3570 μέγα
3641 3495 3822 3565 θαῦμα

2178 3580 2275 3640 τῆς
2325 3575 2509 3654 σοφίας
2568 3583 2657 3632 τοῦ
2713 3579 3012 3643 κτίσαντος.
3061 3581 3232 3646 Πόσας
3263 3581 3531 3657 προείδετο
3562 3580 3820 3661 διαρορὲες

2178 3671 2419 3735 πτηνών;
2466 3666 2609 3729 ὃπως
2660 3669 2789 3725 αὐτὰ
2845 3670 2986 3725 κατὰ
3037 3670 3185 3746 γένος
3232 3669 3511 3738 διέστησεν
3557 3670 3651 3728 ἀπ’
3714 3670 3823 3726 ἆλ-

2177 3752 2382 3827 λήλωνς
2455 3755 2569 3817 πῶς
2635 3755 2855 3812 ἕκαστον
2912 3760 3332 3838 κεχωρισμένοις
3389 3760 3823 3840 ἐχαρακτήρισεν

2177 3841 2475 3917 ἰδιώμασιν;
2534 3843 2828 3902 Ἐπιλείπει
2890 3846 3008 3927 (90)
3068 3849 3422 3925 μεὴἡμέρὰ,
3485 3852 3549 3909 τὰ
3608 3849 3827 3926 ὲναὲρια

2172 3935 2299 4007 ὑμῖν
2325 3934 2561 4005 θαύματα
2592 3932 2964 4013 διηγούμενον.
3014 3937 3180 3996 Καλεῖ
3210 3941 3354 4010 ἡμᾶς
3384 3941 3417 4007 ἡ
3451 3939 3650 4019 χέρσος
3683 3942 3822 4017 πρὸς

2172 4023 2270 4089 τὴν
2320 4024 2422 4078 τῶν
2473 4025 2665 4100 θηρίων
2721 4028 2806 4081 καὶ
2852 4027 3085 4104 ἐρπετῶν
3135 4032 3221 4083 καὶ
3273 4029 3636 4103 βοσκημάτων
3696 4028 3820 4084 ἐπὶ·

2175 4110 2351 4183 δειξιν,
2389 4111 2615 4187 ἐτοιμως
2666 4113 2869 4193 ἔχουσα
2927 4116 3163 4191 ὁμότιμα
3209 4130 3329 4180 τοῖς
3388 4129 3572 4197 φυτοῖς
3623 4120 3825 4189 καὶτῷ

2176 4200 2373 4274 πλωτῷ
2403 4200 2541 4278 γένει
2582 4206 2669 4258 καὶ
2698 4218 2813 4267 τοῖς
2846 4219 3077 4273 πτηνο-ῖς
3134 4213 3294 4262 πᾶσιν
3337 4204 3818 4271 ἀντεπιδείξασθαι,

453 4294 616 4350 ducat
649 4298 789 4350 terra
827 4294 1079 4351 animam
1130 4293 1381 4349 viventem
1403 4306 1651 4362 pecorum
1698 4299 1748 4345 et
1798 4288 2086 4344 bestiarum

2177 4288 2511 4368 Ἐξαγαγέτω
2553 4295 2586 4360 ἡ
2645 4294 2716 4370 γη
2783 4298 2965 4375 ψυχὴν
3044 4298 3218 4367 ζῶσαν
3304 4296 3512 4364 κτηνῶν
3568 4297 3656 4352 καὶ
3712 4300 3821 4363 θη-

453 4391 510 4445 et
532 4385 1034 4465 reptiliumjuxla
1054 4382 1427 4464 genus.Quid
1451 4380 1649 4442 dicitis
1674 4396 1771 4440 vos
1792 4379 1890 4459 qui
1914 4379 2086 4439 ﬁdem

2178 4383 2299 4458 ρίων
2358 4383 2445 4437 καὶ
2505 4381 2735 4459 ἑρπετῶν
2790 4386 2926 4442 κατὰ
2983 4386 3160 4463 γένος.
3223 4386 3283 4444 Τί
3343 4408 3474 4466 φατε
3508 4433 3523 4459 ,
3586 4388 3633 4442 οὶ
3688 4386 3817 4440 ἁπι-

461 4498 580 4541 ηοη
600 4479 835 4540 habetis
858 4480 1063 4551 l’aulo,
1087 4478 1243 4539 circa
1267 4494 1395 4539 eam
1422 4493 1545 4554 qur,
1566 4473 1626 4533 in
1657 4473 2086 4533 resurrectione

2179 4478 2419 4535 στοῦντες
2465 4477 2542 4543 τῷ
2599 4471 2789 4546 Παύλῳ
2838 4477 2954 4553 περδ
3004 4480 3102 4539 τῆς
3171 4478 3306 4532 κατά
3373 4476 3471 4542 τὴν
3533 4474 3824 4531 ἀνάστασιν

457 4570 561 4631 fiet.
589 4568 999 4641 mutationem,
1036 4586 1168 4628 cum
1230 4566 1414 4627 multa
1461 4562 1622 4625 aeria
1668 4562 1888 4623 formas
1921 4579 2089 4622 com-

460 4659 747 4722 mutantia
782 4658 1027 4719 videatis
1053 4658 1077 4719 Υ
1107 4656 1315 4730 Qualia
1354 4654 1529 4715 etiam
1564 4653 1638 4713 de
1667 4651 1870 4712 Indico
1895 4668 2095 4712 verme

458 4749 774 4827 cornigero
810 4758 1144 4822 narrantur,
1182 4750 1270 4807 79
1315 4744 1416 4822 qui
1450 4745 1700 4823 primum
1745 4742 1801 4801 in
1854 4758 2093 4804 eru0am

454 4838 1120 4902 transmutatus.deinde
1137 4838 1417 4914 temporis
1433 4849 1744 4915 progressu
1763 4830 2094 4910 bombylius

452 4932 548 4991 ﬁt:
585 4947 695 4989 nec
736 4928 799 4989 in
834 4928 940 4988 hac
984 4927 1173 4987 forma
1223 4935 1444 4997 manet,
1477 4923 1581 4983 sed
1631 4922 1789 4982 laxas
1840 4929 1898 4982 et
1948 4920 2093 4981 latas

453 5018 732 5080 bracteas
764 5034 866 5096 pro
900 5016 1006 5076 alis
1058 5014 1321 5095 suscipit.
1361 5012 1503 5075 Cum
1540 5013 1716 5089 igitur
1747 5028 1849 5070 vos
1876 5010 2093 5071 mulie-

457 5125 556 5168 res
588 5104 832 5183 sedetis,
860 5105 1068 5165 horum
1099 5122 1279 5185 opera
1310 5113 1543 5175 nentes,
1580 5101 1677 5161 fila
1708 5098 1938 5160 scilicet
1961 5101 2092 5161 dico

459 5215 589 5277 quae
621 5194 691 5256 ad
729 5212 826 5255 vos
860 5196 1265 5258 transmittunt
1296 5193 1470 5255 Seres
1518 5193 1587 5253 ad
1646 5187 1855 5249 molles
1899 5198 2094 5252 vestes

543 5404 660 5483 (89)
698 5402 798 5463 Sic
824 5403 1010 5465 codex
1034 5402 1300 5466 Combef.
1331 5420 1465 5463 cum
1507 5400 1635 5462 aliis
1661 5408 1910 5480 quatuor
1952 5416 2093 5461 mss.

461 5486 532 5545 Αἱ
555 5482 706 5545 εάίιὶ
733 5485 826 5538 εἶσὶ
858 5508 997 5561 μακρ
1024 5488 1073 5545 εί,

541 5564 663 5643 (90)
699 5562 860 5625 Unus
894 5582 1002 5624 ms.
1042 5563 1324 5643 ἐπιλεὶψει.
1351 5562 1665 5643 Aliquanto
1693 5568 1822 5639 post
1847 5577 2093 5633 mss,sex

460 5646 617 5702 καλεῖ
647 5640 790 5716 ’ἡμᾶς
822 5646 855 5711 ἡ
882 5646 1094 5725 χέρσος.
1143 5640 1297 5725 Editi
1327 5640 1533 5717 ἡμᾶςὐἡ
1564 5642 1809 5720 ἤπειρος.

548 5726 665 5805 (91)
703 5716 1384 5804 Ιὶυειί’ῐει·ιὶυε,(ιιιὶηιυε
1415 5736 1471 5783 et
1501 5716 1737 5783 octavus
1767 5738 1899 5781 cum
1926 5716 2090 5783 Colb.

2175 4559 2539 4640 ἀλλοιώσεως,
2584 4564 2810 4639 ὸρῶντες
2873 4563 3037 4620 πολλὲ
3089 4565 3194 4621 τῶν
3252 4565 3439 4643 ἀερίων
3480 4564 3574 4626 τὰς
3606 4564 3821 4641 μορφάς

2177 4648 2619 4730 μεταϐάλλοντα;
2686 4652 2881 4710 Ὀποϊα
2938 4655 3022 4711 καὶ
3070 4657 3186 4731 περὶ
3271 4664 3362 4713 τοῦ
3442 4652 3661 4710 Ἰνδικοῦ
3702 4646 3827 4731 ξ9ί)

2177 4740 2458 4804 σκώληκος
2507 4742 2796 4819 ἱστορεῖται
2831 4750 2921 4800 τοῦ
2951 4744 3299 4823 κερασφόρουο
3335 4745 3415 4821 ὃς,
3466 4744 3539 4806 εἷς
3593 4744 3825 4816 κάμπην

2177 4833 2243 4886 τα
2272 4831 2454 4908 πρῶτα
2485 4829 2820 4906 μεταϐαλὼν,
2856 4834 2978 4891 εἶτα
3030 4836 3235 4911 προϊὼν
3278 4831 3560 4909 βομϐυλιὸς
3594 4832 3819 4909 γίνεται’

2175 4921 2263 4975 καὶ
2292 4918 2409 4978 οὐδὲ
2440 4919 2525 4976 ἐπὶ
2555 4921 2752 4987 ταύτης
2796 4921 3012 4979 ἵσταται
3043 4929 3139 4989 τῆς
3171 4923 3378 5002 μορφῆς
3410 4970 3425 4994 ,
3479 4920 3614 4977 ἀλλὰ
3666 4922 3818 5000 χαύ-

2177 5032 2283 5072 νοις
2341 5012 2427 5065 καὶ
2484 5008 2705 5065 πλατέσι
2766 5012 3019 5072 πετάλοίς
3066 5015 3478 5091 ὄποπτερούται.
3516 5010 3676 5068 Ὅταν
3732 5010 3821 5067 οὗν

2176 5100 2459 5170 καθέζησθε
2518 5099 2613 5165 τὴν
2672 5100 2868 5156 τούτων
2925 5102 3170 5182 ἐργασίαν
3219 5100 3669 5173 ἇναπηνιζόμεναι
3701 5146 3717 5169 ,
3772 5101 3823 5155 αἱ

2177 5202 2449 5267 γυναῖκες,
2481 5189 2546 5243 τὰ
2597 5191 2809 5264 νήματα
2841 5191 2959 5271 (92)
2990 5192 3158 5271 λὲιιω,
3203 5190 3237 5246 ἃ
3264 5191 3561 5265 πέμπουσιν
3614 5190 3740 5263 ὗμιν
3775 5191 3822 5243 οἱ

2180 5396 2442 5458 secundo
2480 5406 2571 5454 τοῦ
2606 5395 2843 5455 Ἰνδικοῦ.
2879 5396 3033 5460 Editi
3056 5418 3188 5461 cum
3214 5416 3330 5459 uno
3352 5404 3450 5458 aut
3479 5395 3667 5457 altero
3694 5410 3807 5454 ms.

2178 5485 2268 5557 τοῦ
2290 5477 2472 5535 Ἰνδοῦ.
2502 5477 2646 5550 Quae
2672 5478 2988 5555 leguuntur
3015 5480 3088 5541 de
3113 5497 3313 5541 verme
3346 5477 3448 5538 illo
3478 5474 3636 5557 apud
3665 5474 3816 5535 Am-

2181 5556 2442 5617 brosium
2473 5567 2530 5618 et
2554 5558 2708 5637 apual
2735 5557 3134 5635 Eustathium,
3171 5559 3402 5622 mendis
3444 5575 3561 5619 non
3585 5562 3816 5616 carent.

2180 5637 2331 5714 Lege
2353 5637 2518 5699 Praef.
2556 5657 2720 5699 num.
2758 5639 2857 5701 28.

2264 5717 2389 5797 (92)
2423 5717 2505 5781 [ιιι
2534 5737 2636 5779 sex
2671 5735 2813 5781 mss.
2841 5718 3000 5782 Editi
3029 5724 3093 5779 τὰ
3125 5724 3335 5797 νήματα
3352 5718 3407 5778 ἃ.
