4102 6224
472 328 585 393 187
1820 328 1879 390 S.
1930 328 2204 392 BASILII
2248 328 2489 395 MAGNI
3720 342 3839 406 138

467 473 595 527 esto
616 462 889 525 matutini
912 461 1086 522 istius
1112 460 1399 541 convivii,
1450 468 1514 521 ut
1543 479 1617 522 ne
1651 461 1889 524 satietas
1920 463 2075 525 nimi;

2187 470 2281 531 νῆς
2312 468 2617 545 ἑστιάσεως,
2668 468 2762 525 ἵνα
2822 468 2900 547 μὴ
2960 472 2987 528 ὁ
3044 470 3388 552 ὑπερϐάλλων
3419 475 3574 554 κόρος
3618 476 3838 553 ἀμϐλυ-

463 554 803 617 hebeliores
828 570 924 612 vos
946 551 1016 611 ad
1043 549 1413 629 vespertinas
1436 552 1645 631 epulas
1676 552 1768 610 80
1786 553 2075 615 sumenda

2185 556 2365 635 τὲρους
2396 559 2529 632 ὑμᾶς
2560 558 2689 637 πρὸς
2737 560 2835 627 τὴν
2890 567 2996 618 τῶν
3032 562 3320 640 ἑσπερινῶν
3375 563 3665 622 ἀπόλαυσιν
3723 591 3837 624 κα-

466 645 705 707 efﬁciat.
739 642 922 703 Porro
957 640 1056 719 qui
1082 658 1187 700 sua
1212 644 1513 702 creatione
1540 642 1740 702 omnia
1762 644 2075 724 complevit

2187 648 2451 723 ταστήσῃ,
2512 646 2572 705 Ὀ
2625 647 2680 704 δὲ
2761 650 2825 706 τὰ
2899 652 3069 708 πάντα
3125 652 3420 732 πληρώσας
3476 656 3569 722 τῆς
3642 658 3840 714 ἑαυτοῦ

462 746 636 815 atque
665 733 722 793 in
756 730 1030 792 omnibus
1065 729 1371 809 perspicua
1406 730 1831 792 miraculorum
1859 750 2075 794 suorun

2186 738 2434 811 κτίσεως,
2492 738 2579 794 καὶ
2641 738 2694 794 ἐν
2740 745 2900 796 πᾶσιν
2944 742 3082 816 ἡμῖν
3140 749 3244 799 τῶν
3303 742 3509 800 οἰκείων
3552 746 3847 821 θαυμάτῶν

464 829 845 885 monumenta
887 818 1056 879 nobis
1106 818 1367 897 reliquit,
1423 820 1651 900 repleat
1698 822 1879 883 corda
1912 834 2075 883 vestr.

2188 826 2383 905 ἐναργῆ
2456 828 2521 883 τὰ
2574 829 2935 904 ὑπομνήματα
3009 830 3345 909 καταλιπὼν,
3407 818 3692 913 πληρούτω
3750 836 3839 916 (1)

460 913 621 974 omni
654 910 853 970 laetitia
876 907 1147 989 spiritali,
1185 908 1244 968 in
1270 908 1501 971 Christo
1539 911 1679 971 Jesu
1711 910 1963 1002 Domino
1993 931 2067 973 no

2182 918 2329 992 ὑμῶν
2378 918 2469 979 τὰς
2553 915 2767 996 καρδίας
2841 921 3020 987 πάσης
3084 907 3406 1002 εὐφροσύνης
3466 907 3844 1001 πνευματικῆς

458 1012 603 1076 stro,
639 999 730 1061 cui
758 997 945 1076 gloria
975 1006 1031 1058 et
1062 997 1378 1079 imperium
1402 999 1463 1058 in
1486 1000 1701 1061 saecula
1719 1001 2093 1063 saeculorum.

466 1094 674 1154 Amen.

458 1212 826 1224 πῇ..-

1042 1307 1357 1369 HOMILIA
1403 1309 1507 1372 IX.

1009 1397 1089 1457 De
1126 1398 1540 1460 terrestribus.

538 1491 591 1551 1.
626 1487 825 1560 Qualis
847 1485 1012 1546 vobis
1038 1486 1326 1546 matutina
1356 1506 1699 1550 sermonum
1748 1510 1954 1554 mensa
1978 1493 2098 1555 visa

452 1582 583 1640 est?
632 1578 767 1638 Mihi
828 1576 1104 1655 equidem
1148 1576 1307 1635 venit
1357 1578 1415 1636 in
1472 1586 1730 1639 mentem
1764 1581 2092 1642 orationem

453 1684 642 1727 meam
676 1683 807 1726 cum
834 1663 1108 1743 pauperis
1140 1664 1449 1742 cujusdam
1481 1668 1870 1730 convivatoris
1903 1670 2090 1733 bene-

2183 1006 2235 1063 ἐν
2296 1013 2512 1085 Χριστῷ
2569 1007 2748 1073 Ἰησοῦ
2795 1016 2870 1083 τῷ
2930 1011 3102 1091 Κυρίῳ
3134 1013 3313 1087 ἡμῶν,
3347 1012 3392 1086 ᾧ
3420 1014 3455 1081 ἡ
3486 1012 3608 1080 δόξα
3639 1018 3727 1073 καὶ
3769 1019 3840 1073 τὸ

2183 1095 2373 1173 κράτος
2405 1096 2478 1158 εἰς
2507 1097 2629 1159 τοὺς
2661 1098 2854 1163 αἰῶνας
2885 1101 2991 1155 τῶν
3022 1100 3249 1164 αἰώνων,
3282 1100 3479 1176 Ἀμήν.

828 1212 3821 1242 _—_—__..___._______________________________

2830 1326 3064 1379 ΟΜΙΛΙΑ
3111 1322 3171 1378 Θ’

2716 1412 2839 1490 Περὶ
2870 1412 3135 1489 χερσαίων
3180 1412 3291 1490 (2),

2266 1495 2315 1558 1,
2367 1503 2483 1562 Πῶς
2514 1501 2642 1574 ὑμῖν
2673 1502 2707 1569 ἡ
2767 1499 2960 1566 ἑωθινὴ
3016 1500 3119 1556 τῶν
3173 1500 3349 1579 λόγων
3399 1505 3630 1581 τράπεζα
3690 1528 3839 1562 κατ-

2177 1585 2343 1663 εφάνη
2380 1603 2394 1660 ;
2430 1585 2582 1662 Ἐμοὶ
2639 1590 2737 1662 μὲν
2795 1589 2894 1666 γὰρ
2945 1587 3169 1655 ἐπῆλθεν
3231 1592 3435 1647 εἱκάσαι
3488 1594 3551 1649 τὰ
3599 1594 3838 1668 ἐμαυτοῦ

2178 1674 2404 1740 πένητός
2435 1697 2576 1741 τινος
2631 1677 2937 1755 ἑστιάτορος
2998 1676 3355 1757 φιλοφροσύνῃ
3390 1697 3403 1709 ·
3440 1681 3523 1755 ὃς,
3565 1684 3672 1739 τῶν
3736 1686 3833 1740 εῦ-

451 1756 703 1817 volentia
727 1769 1073 1832 comparare
1100 1773 1111 1813 :
1148 1753 1246 1831 qui
1302 1753 1441 1813 dum
1474 1756 1629 1816 inter
1658 1776 1762 1819 eos
1794 1761 1891 1839 qui
1918 1778 2075 1821 men-

2174 1762 2449 1841 τραπέλων
2526 1788 2607 1829 τις
2689 1753 2857 1821 εἴναιῄ
2916 1753 3382 1848 φιλοτιμούμενος,
3467 1753 3659 1845 ἀπορίᾳ
3718 1780 3832 1829 τῶν

448 1863 544 1906 sas
566 1845 807 1925 opipare
842 1847 1176 1915 exstruunt,
1229 1844 1532 1905 numerari
1566 1848 1750 1925 cupit,
1783 1850 1857 1909 ob
1889 1868 2087 1911 rerum

448 1945 923 2014 sumptuosarum
946 1932 1253 2010 penuriam
1281 1949 1536 1993 maerore
1566 1936 1750 1997 afﬁcit
1772 1942 2045 2000 convivas
2071 1961 2083 1998 :

447 2033 689 2104 propter
720 2040 791 2083 ea
822 2021 979 2100 quod
1016 2038 1237 2080 mensae
1268 2032 1611 2100 apparatum
1654 2044 1971 2105 pauperem
1999 2029 2089 2089 af-

446 2114 699 2174 ﬂuenter
728 2111 931 2189 infert,
964 2109 1112 2169 adeo
1148 2117 1209 2170 ut
1239 2108 1299 2169 in
1324 2113 1563 2190 ineptire
1590 2116 1869 2194 probrum
1892 2119 1941 2177 ei
1959 2119 2088 2197 ejus

445 2201 691 2262 ambitio
723 2201 916 2261 cedat.
950 2198 1118 2259 Esset
1140 2207 1301 2259 certe
1337 2200 1449 2260 tale
1480 2202 1700 2282 aliquid
1733 2206 1855 2267 haec
1887 2217 2087 2270 nostra

441 2292 655 2371 agendi
676 2288 970 2363 ratio,nisi
994 2304 1096 2348 vos
1119 2287 1257 2367 quid
1277 2287 1437 2349 aliud
1467 2291 1916 2357 dicitis.Verum
1951 2317 2091 2377 qua-

441 2381 757 2460 liacunque
790 2379 1026 2439 tandem
1055 2376 1173 2437 sint
1207 2378 1353 2457 haec,
1385 2380 1729 2461 neutiquam
1754 2384 1921 2445 vobis
1954 2376 2089 2449 sunt

442 2465 1014 2553 spernenda.Neque
1054 2465 1211 2525 enim
1248 2465 1523 2529 Elisaeum
1563 2481 1621 2530 ut
1646 2474 1862 2534 malum
1891 2477 2087 2537 convi-

441 2570 699 2622 vatorem
728 2557 1150 2619 aversabantur
1172 2555 1257 2615 illi
1279 2558 1633 2635 quibuscum
1665 2561 1987 2637 vivebat,et
2006 2575 2087 2627 ta-

442 2670 579 2711 men
604 2647 866 2709 oleribus
907 2643 1277 2705 silvestribus
1301 2646 1635 2726 excipiebat
1655 2651 1899 2715 amicos.
1936 2656 2083 2716 Novi

436 2740 600 2816 leges
616 2733 1175 2815 allegoriae,etiamsi
1191 2751 1289 2795 eas
1307 2753 1426 2795 non
1440 2754 1511 2798 ex
1531 2756 1623 2798 me
1638 2738 1764 2818 ipso
1780 2744 2079 2819 excogita»

436 2833 575 2909 rim,
606 2831 709 2889 sed
739 2831 797 2887 in
828 2824 1081 2885 aliorum
1115 2823 1427 2885 iuciderim
1458 2825 1884 2901 labores.Quas
1914 2832 2079 2894 Scri-

437 2932 742 3001 pturarum
773 2930 1122 2975 communes
1150 2913 1422 2975 notiones
1455 2916 1557 2996 qui
1583 2936 1697 2978 non
1722 2922 2073 3002 suscipiunt,

436 3027 647 3091 aquam
680 3025 798 3067 non
816 3022 1027 3085 aquam
1047 3002 1388 3078 dicunt,sed
1416 3005 1591 3065 aliam
1623 3009 1940 3086 quamdam
1966 3030 2076 3072 ua-

437 3105 719 3172 turam,et
750 3094 1007 3174 plantam
1040 3101 1099 3152 et
1131 3091 1354 3169 piscem
1374 3094 1706 3154 secundum
1734 3115 1899 3157 suam
1922 3098 2078 3177 ipso-

433 3207 565 3250 rum
598 3184 950 3247 sententiam
984 3182 1639 3258 interpretantur.Quin
1671 3185 1850 3244 etiam
1886 3195 2074 3266 repti-

433 3279 579 3339 lium
603 3284 659 3336 et
689 3289 967 3354 pecorum
1000 3267 1445 3346 generationem
1475 3271 1548 3330 ad
1581 3290 1719 3333 suas
1765 3275 2077 3353 allegorias

437 3370 729 3428 detortam
755 3358 1004 3441 perinde
1025 3365 1417 3436 exponunt,ut
1448 3358 1689 3438 quidam
1715 3380 1916 3425 rerum
1948 3385 2079 3430 sese

434 3450 837 3531 imaginationi
853 3465 960 3528 per
972 3463 1243 3509 somnum
1261 3446 1674 3525 objicientium
1692 3452 2073 3534 interpretes,

431 3542 533 3623 qui
563 3558 700 3602 suas
728 3536 1247 3618 interpretationes
1278 3537 1348 3595 ad
1372 3538 1676 3617 proprium
1698 3559 1949 3621 scopum
1969 3564 2072 3607 ac-

429 3632 829 3695 commodant.
866 3627 982 3704 Ego
1038 3642 1176 3686 vero
1238 3644 1371 3686 cum
1405 3627 1610 3688 fenum
1636 3629 1838 3712 audio,
1872 3633 2072 3698 fenum

430 3720 698 3800 intelligo
725 3742 742 3796 ς
777 3728 834 3780 el
860 3720 1212 3797 plantam,et
1242 3715 1492 3797 piscem,
1518 3725 1577 3777 et
1609 3717 1856 3781 bestiam
1884 3730 1942 3785 et
1968 3743 2073 3804 pe-

430 3830 558 3886 cus,
594 3810 795 3871 omnia
824 3806 909 3867 uti
942 3805 1101 3866 dicta
1130 3812 1288 3881 sunt,
1341 3805 1428 3866 sic
1457 3806 1707 3887 accipio.
1746 3810 1884 3873 Non
1913 3816 2076 3876 enim

429 3902 709 3965 erubesco
727 3897 1133 3976 Evangelium
1159 3894 1292 3956 10.N
1300 3913 1453 3975 eque
1476 3899 1754 3974 quoniam
1771 3902 1868 3980 qui
1886 3921 1980 3963 res
1997 3904 2072 3965 ad

428 3992 714 4055 mundum
752 3988 1118 4069 pertinentes
1148 3988 1581 4065 conscripsere,
1610 3989 1793 4050 multa
1809 3990 2073 4054 deterrae

426 4084 633 4164 ﬁguris
656 4083 1087 4151 disseruerunt,
1150 4086 1347 4135 utrum
1405 4084 1562 4137 terra
1592 4080 1824 4158 sphaera
1849 4082 1943 4163 sit,
1995 4102 2069 4145 an

425 4173 959 4254 cylindrus,utrum
995 4167 1072 4227 sit
1097 4165 1258 4226 disco
1283 4165 1497 4225 similis
1520 4176 1577 4226 et
1594 4185 1663 4227 ex
1690 4187 1853 4249 aequo
1875 4172 2069 4233 unde-

426 4265 573 4325 libet
605 4269 937 4340 tornata,an
969 4256 1228 4337 speciem
1280 4255 1495 4316 habeat
1555 4260 1754 4339 vanni,
1784 4260 1977 4340 sitque
2007 4263 2067 4323 in

3096 1857 3218 1921 τοῦς
3306 1856 3643 1935 διατυμόνας,
3728 1864 3833 1931 τὴν

2171 1944 2430 2022 πενιχρὰν
2517 1946 2859 2024 παρασκευὴν
2934 1944 3173 2021 δαψιλῶς
3255 1947 3513 2028 ἐπιφέρων
3569 1956 3637 2027 τῇ
3690 1973 3830 2029 τρα-

2170 2031 2305 2108 πέζῃ
2342 2049 2354 2063 ⁸
2417 2033 2554 2090 ὥστε
2625 2036 2987 2113 περιίστασθαι
3074 2040 3215 2109 αὖτῷ
3292 2039 3363 2101 εἷς
3437 2040 3828 2118 ἀπειροκαλίας

2169 2119 2365 2186 ὄνειδος
2395 2124 2455 2177 τὸ
2506 2123 2810 2201 φιλότιμον.
2863 2131 3110 2181 Τοιοῦτον
3164 2123 3226 2194 δή
3273 2148 3321 2181 τι
3376 2129 3461 2183 καὶ
3505 2131 3564 2184 τὸ
3627 2130 3832 2205 ἡμέτε-

2168 2232 2278 2287 ρον,
2327 2211 2369 2265 εἱ
2400 2213 2476 2285 μή
2523 2235 2571 2268 τι
2615 2214 2772 2287 ὑμεῖς
2827 2212 2955 2267 ἄλλο
3004 2212 3212 2291 λέγετε.
3281 2215 3427 2283 Πλὴν
3478 2220 3647 2275 ὁποῖά
3697 2222 3826 2277 ποτ’

2172 2297 2233 2354 ἂν
2265 2298 2300 2374 ᾗ
2335 2296 2448 2379 (3),
2483 2302 2578 2358 οὐκ
2607 2300 2979 2367 ἒξουδενωτέον
3028 2304 3180 2375 ὑμῖν,
3216 2304 3343 2360 Οὗὸὲ
3373 2308 3471 2385 γὰρ
3503 2306 3827 2365 Ἐλισσαῖον

2170 2390 2241 2450 ὡς
2285 2388 2484 2468 φαῦλον
2528 2392 2810 2469 ἑστιάτορα
2865 2400 3197 2470 παρῃτοῦντο
3257 2397 3303 2452 οἱ
3346 2397 3490 2471 τότε,
3545 2400 3632 2453 καὶ
3660 2406 3833 2456 ταῦτα

2168 2475 2430 2557 λαχάνοις
2503 2480 2705 2558 ἀγρίοις
2762 2482 3019 2537 ἑστιῶντα
3076 2485 3197 2547 τοὺς
3269 2482 3473 2562 φίλους.
3538 2487 3674 2544 Οἶδα
3740 2491 3831 2545 νό-

2166 2589 2298 2641 μους
2348 2568 2691 2648 ὰλληγορίας,
2754 2573 2795 2626 εἰ
2844 2573 2931 2627 καὶ
2993 2571 3069 2645 μή
3107 2573 3191 2651 (4)
3222 2575 3347 2651 παρ’
3378 2574 3608 2649 ἐμαυτοῦ
3654 2577 3809 2641 ἐξευ-

2166 2657 2290 2734 ρὼν,
2348 2656 2484 2714 ἀλλὰ
2538 2672 2655 2722 τοῖς
2716 2657 2838 2737 παρ’
2899 2661 3091 2738 ἑτέρων
3158 2664 3554 2738 πεπονημένοις
3593 2688 3821 2744 περιτυ-

2162 2745 2305 2823 χών,
2330 2744 2445 2811 ’Ἃς
2478 2751 2523 2803 οἱ
2560 2750 2635 2821 μὴ
2666 2747 3092 2828 καταδεχόμενοι
3123 2751 3218 2813 τὰς
3238 2753 3417 2815 κοινὰς
3446 2760 3552 2808 τῶν
3582 2776 3819 2832 γεγραμ-

2163 2833 2334 2909 μένων
2366 2834 2565 2899 ἒννοίας
2609 2839 2671 2893 τὸ
2702 2835 2837 2916 ὕδωρ
2870 2837 2974 2917 οὔχ
3002 2836 3138 2915 ὕδωρ
3170 2839 3414 2918 λέγουσιν
3450 2860 3463 2875 ⁸
3529 2842 3670 2898 ἀλλά
3701 2867 3821 2904 τινα

2162 2921 2333 2991 ἄλλην
2392 2928 2545 3005 φύσιν
2605 2926 2717 3006 (5),
2767 2929 2855 2982 καὶ
2914 2930 3076 3006 φυτὸν
3135 2931 3223 2984 καὶ
3252 2930 3402 3008 ἰχθὺν
3434 2933 3564 3010 πρὸς
3594 2935 3656 2987 τὸ
3685 2932 3818 2989 ἐαυ-

2159 3026 2274 3075 τοϊς
2331 3012 2516 3071 δοκοῦν
2573 3016 2941 3096 ἐρμηνεόουει,
3006 3019 3093 3073 καὶ
3147 3020 3381 3096 ἑρπετῶν
3459 3020 3665 3098 γένεσιν
3729 3032 3826 3084 καὶ

2158 3104 2348 3181 Θηρίων
2403 3104 2489 3162 ἐπὶ
2544 3108 2637 3170 τὰς
2691 3106 2885 3171 οἰκείας
2940 3107 3187 3170 ὑπονοίας
3246 3110 3680 3189 παρατρέψαντες
3712 3112 3806 3176 ἕξ-

2159 3200 2434 3273 ηγοῦνται,
2491 3194 2669 3274 ὥσπερ
2728 3198 2775 3252 οἱ
2848 3197 3201 3274 ὀνειροκρϊται
3267 3199 3373 3254 τῶν
3434 3199 3704 3277 φανέντων
3764 3202 3821 3257 ὲν

2158 3295 2281 3345 ταῖς
2312 3281 2428 3339 καθ’
2460 3282 2623 3341 ὕπνον
2667 3291 2975 3365 φαντασίαις
3036 3287 3165 3363 πρὸς
3218 3289 3309 3343 τὸν
3363 3289 3561 3345 οἰκεῖον
3610 3295 3818 3348 σκοπὸν

2161 3373 2255 3435 τὰς
2300 3371 2581 3450 ἐξηγήσεις
2625 3374 2957 3450 ποιούμενοι.
3018 3374 3159 3453 Ἐγὼ
3190 3374 3267 3451 δὲ,
3304 3378 3500 3457 χόρτον
3550 3379 3812 3462 ἀκούσας,

2162 3462 2354 3537 χόρτον
2407 3464 2535 3536 νοῶ,
2597 3465 2683 3518 καὶ
2739 3465 2921 3541 φυτὸν,
2985 3465 3071 3519 καὶ
3116 3466 3291 3544 ἰχθῦν,
3354 3467 3440 3523 καὶ
3484 3470 3683 3548 θηρίον,
3720 3473 3811 3526 καὶ

2159 3547 2376 3622 κτῆνος,
2451 3552 2621 3607 πάντα
2673 3551 2782 3631 (6),
2830 3554 2903 3617 ὡς
2948 3551 3184 3632 εἴρηται,
3250 3555 3415 3620 οὕτως
3487 3547 3811 3637 ἐκδέχομαι,

2162 3648 2200 3695 Κ
2242 3640 2256 3659 κ
2358 3640 2369 3655 ι
2534 3643 2548 3660 ς
2686 3644 2698 3654 .
2899 3644 2911 3663 ,
3186 3647 3199 3663 ι
3319 3648 3333 3667 ,
3464 3647 3472 3664 .
3718 3648 3803 3684 ,με

2208 3661 2258 3694 αι
2315 3662 2413 3719 γαρ
2498 3663 2591 3698 ουκ
2680 3659 3075 3722 επαισχυνομαι
3151 3666 3212 3700 το
3274 3647 3617 3725 Ευαγγελιον,
3674 3658 3809 3705 Οδοε

2159 3721 2339 3794 ἐπειδὴ
2396 3731 2442 3786 οἱ
2494 3732 2558 3788 τὰ
2611 3733 2729 3811 περὶ
2801 3721 3009 3807 κόσμου
3086 3721 3628 3812 γράψαντεςηπολλὰ
3686 3743 3813 3816 περὶ

2158 3818 2459 3894 σχημάτων
2515 3826 2617 3897 γῆς
2675 3819 3053 3901 διελέχθησαν,
3090 3823 3204 3879 εἴτε
3250 3826 3453 3904 σφαῖρά
3483 3829 3653 3902 ἔστιν,
3685 3828 3807 3884 εἴτε

2156 3906 2446 3986 κύλινδρος,
2494 3910 2608 3966 εἴτε
2639 3913 2728 3966 καὶ
2787 3910 2947 3984 δίσκῳ
3001 3911 3139 3968 ἐστὶν
3189 3913 3422 3993 ἐμφερὴς
3477 3917 3509 3983 ἡ
3567 3921 3666 3994 γῆ,
3714 3921 3808 3974 καὶ

2152 3994 2325 4058 ὲξίσου
2384 3999 2637 4058 πάντοθεν
2863 4001 3325 4080 ἀποτετόρνευται,
3381 4004 3416 4071 ἢ
3499 4004 3803 4074 λικνοειδής

2154 4082 2288 4160 ἐστι,
2346 4089 2434 4144 καὶ
2477 4088 2793 4164 μεσόκοιλος
2841 4091 2990 4167 (πρὸς
3049 4092 3223 4154 πάσας
3286 4094 3385 4171 γὰρ
3456 4096 3648 4158 ταύτας
3704 4098 3808 4160 τας

2152 4175 2399 4239 ὑπονοίας
2458 4180 2504 4234 οἱ
2560 4180 2625 4234 τὰ
2676 4177 2763 4257 (8)
2810 4182 2928 4257 περὶ
2979 4186 3070 4236 τοῦ
3115 4181 3320 4255 κόσμου
3360 4182 3661 4259 γράψαντες
3704 4186 3813 4241 ὕπ-

2152 4264 2483 4343 ηνέχθησαν,
2518 4268 2581 4323 τὰ
2612 4266 2867 4336 ἀλλήλων
2922 4268 3143 4329 ἔκαατος
3177 4269 3575 4350 καταλύοντες),
3611 4276 3672 4331 οὗ
3700 4296 3813 4329 πα-

2171 1851 2631 1934 πολυτελεστὲρων
2715 1855 2991 1911 ἀποκναίει

427 4354 626 4415 medio
655 4369 909 4411 concava
943 4348 1249 4427 (nimirum
1272 4347 1344 4406 ad
1377 4348 1485 4407 has
1510 4365 1718 4409 omnes
1739 4352 2067 4414 sententias

2169 4355 2213 4411 ιὰ
2256 4361 2412 4412 τοῦτο
2456 4358 2875 4435 προαχθήσομαι
2935 4358 3253 4436 ἀτιμοτέραν
3306 4361 3477 4417 εἰπεῖν
3520 4363 3617 4427 τὴν
3663 4364 3806 4437 ἦμες

424 4442 482 4504 hi
516 4442 614 4522 qui
647 4442 723 4502 de
754 4439 973 4530 mundo
995 4439 1329 4530 scripsere,
1346 4435 1581 4530 delapsi
1605 4447 1761 4530 sunt,
1794 4440 1892 4500 alii
1924 4441 2066 4504 alio.

2169 4442 2298 4521 εὲραν
2359 4447 2739 4526 κοσμοποιίαν,
2794 4444 2974 4517 ἐπειδὴ
3020 4435 3168 4504 οὐδὲν
3231 4452 3349 4527 περὶ
3406 4435 3707 4530 σχημάτων
3769 4457 3799 4509 ὁ

424 4550 557 4593 rum
592 4531 804 4612 placita
833 4526 1272 4607 dissolventes),
1304 4524 1528 4587 idcirco
1561 4525 1821 4589 adducar
1865 4538 1928 4591 ut
1957 4549 2063 4592 no-

2169 4539 2236 4588 ςοῦ
2269 4540 2398 4589 Θεοῦ
2454 4535 2695 4611 θεράπων
2723 4524 2984 4603 ήΜωϋσῆς
3028 4535 3119 4612 (9)
3171 4524 3608 4618 διελέχθη,”οῦδὲ
3667 4544 3798 4597 εἷπε

501 4694 558 4745 ¹ο
579 4694 756 4757 Rom.
791 4710 831 4769 ι,
870 4691 964 4755 16.

507 4856 584 4937 (il
624 4855 872 4937 Codices
903 4870 1007 4914 sex
1026 4851 1355 4937 flagroue,
1386 4858 1487 4912 aut
1515 4850 1820 4937 πληρῷσαι.
1872 4849 2065 4937 Editio

425 4930 617 5000 Paris.
672 4936 965 5015 πληρώτῳ,
1026 4933 1172 5011 Reg.
1245 4930 1492 5013 quintus
1532 4930 1869 4991 καταλείπων
1915 4934 2064 5001 πλη-

470 5017 603 5077 boat.

422 5040 603 5178 “"2523
631 5094 693 5156 In
725 5094 929 5178 Regiis
961 5103 1129 5178 sexto
1182 5098 1241 5178 et
1292 5096 1679 5178 octavginest
1708 5091 2061 5178 hic_titulus,

426 5171 707 5236 τοῦάὖτοῦ
738 5171 937 5244 εἶςτὴν
972 5176 1180 5231 Γένεσιν
1214 5172 1419 5249 ὁμιλία,
1455 5171 1689 5234 Titulus
1731 5173 1927 5235 nullus
1979 5183 2069 5237 est

430 5259 489 5320 in
519 5258 650 5321 aliis
680 5255 1038 5338 quibusdam
1073 5251 1643 5338 mss.Coisl.primus
1666 5253 1847 5338 ὁμριία
1878 5256 2062 5338 ξνάτη.

510 5339 590 5420 (3)
625 5333 888 5420 Quatuor
919 5336 1264 5420 mss._6notd
1321 5333 1440 5391 ποτ’
1474 5333 1535 5390 ἂν
1590 5334 1900 5420 ei'r._._Editi
1930 5354 2065 5420 cum

428 5414 748 5497 Regisexto
776 5418 837 5474 ἂν
867 5424 925 5495 ᾗ.
961 5416 1187 5477 Ibidem
1222 5424 1472 5497 quatuor
1502 5432 1644 5475 mss.
1680 5414 2062 5485 ἐξουδενητὲον.

428 5494 585 5561 Edili
618 5519 751 5561 cum
784 5494 953 5559 Colb.
991 5494 1256 5557 secundo
1289 5494 1679 5560 ἑξουδενωτέον,

503 5584 589 5662 (μί)
627 5583 710 5642 lla
740 5578 925 5662 editio
971 5575 1144 5662 tiasil.
1197 5594 1336 5662 cum
1380 5575 1644 5662 quinque
1692 5594 1833 5639 mss.
1868 5575 2059 5640 Editio

427 5656 611 5721 Paris.
643 5662 685 5715 et
720 5661 796 5725 μὴ
831 5659 939 5717 καί.
976 5656 1183 5718 Statim
1215 5656 1382 5717 Colb.
1419 5656 1716 5717 secundus
1758 5662 1935 5723 κοινὰς
1957 5666 2062 5715 τῶν

430 5741 776 5820 γραμμοὲῖωνο

501 5813 583 5897 (5)
618 5817 718 5897 Sic
749 5832 889 5875 mss.
920 5831 1055 5897 cum
1088 5813 1353 5897 editione
1396 5814 1584 5897 Basil.
1628 5814 1820 5879 Editio
1870 5817 2056 5883 Paris.

495 5892 730 5960 quam
758 5893 1104 5975 ιςροκηρῇί
1133 5892 1303 5961 ἄλλην
1337 5895 1513 5973 χύσιν.
1548 5898 1681 5957 Mox
1712 5902 2058 5965 mss.Com-

2148 4852 2269 4917 bet.
2303 4872 2437 4915 cum
2471 4853 2950 4938 Colb._secundo
3000 4864 3059 4919 et
3089 4875 3221 4920 cum
3263 4857 3410 4938 Reg.
3444 4867 3649 4921 octavo
3694 4862 3795 4917 καὶ

2148 4938 2306 5076 ἕυτὸθ
2336 4937 2423 4992 καὶ
2444 4938 2616 5017 ἰχθύν.
2656 4934 2830 4999 Deest
2858 4940 3017 5019 φυτόν
3046 4938 3106 5000 in
3144 4939 3320 5002 editis
3351 4934 3409 5002 ἐι
3440 4940 3500 5000 in
3528 4938 3789 5021 quibus-

2191 5033 2285 5076 δίη
2318 5033 2460 5076 mss.

2191 5033 2285 5077 am
2318 5033 2460 5079 mss.

2231 5096 2312 5176 (6)
2343 5096 2509 5159 Colb.
2540 5096 2837 5159 secundus
2865 5100 2953 5155 καὶ
2983 5099 3177 5173 πάντᾳ.
3226 5098 3455 5164 Ibidem
3485 5109 3607 5166 tres
3640 5117 3789 5162 mss.

2154 5175 2332 5256 ὥσπερ
2363 5177 2579 5246 εἴρηται
2591 5226 2605 5241 ,

2355 5255 2481 5319 Duo
2511 5260 3046 5339 ωεεηπανταχόθεν,

2230 5338 2317 5417 (8)
2342 5340 2429 5400 lta
2455 5358 2594 5400 mss.
2622 5338 2894 5419 plerique
2925 5356 3159 5407 omnes.
3188 5342 3368 5405 Deest
3386 5343 3454 5399 τά
3492 5343 3555 5404 in
3586 5341 3789 5407 editis.

2150 5416 2316 5504 Haud
2349 5420 2534 5504 multo
2567 5416 2696 5500 post
2718 5416 2991 5504 nonnulli
3020 5439 3165 5504 mss.
3188 5426 3672 5504 προσαχθήσομαι.

2227 5500 2303 5575 (9)
2336 5500 2504 5583 Colb.
2539 5502 2835 5564 secundus
2887 5520 3020 5583 cum
3080 5500 3243 5583 Reg."
3283 5500 3489 5565 octavo
3539 5500 3790 5583 θεράπων

2148 5585 2401 5646 Μωϋσῆς.
2436 5582 2611 5657 Illud,
2647 5586 2897 5657 Μωυσῆς,
2954 5582 3122 5645 deest
3151 5582 3211 5646 in
3244 5585 3420 5645 editis
3470 5592 3528 5646 et
3561 5582 3621 5645 in
3654 5585 3793 5646 aliis

2150 5678 2294 5744 mss.
2329 5659 2506 5744 [{aulo
2534 5669 2664 5743 post
2693 5663 2844 5740 Reg.
2879 5672 3083 5724 sextus
3115 5664 3335 5722 σταδίων
3365 5668 3465 5723 τῆν
3493 5664 3786 5744 διάμετρον

2146 5740 2316 5821 ἔχειν.
2350 5742 2481 5824 Duo
2532 5740 2675 5804 mss.
2726 5744 2824 5810 τὴν
2855 5745 3187 5824 περίμετρον.
3226 5744 3380 5808 Editi
3411 5764 3544 5808 cum
3590 5740 3792 5812 tribus

2144 5839 2290 5886 mss.
2315 5822 2374 5878 τὸ
2405 5826 2742 5904 περίμετρον.
