  <div class='ocr_page' id='page_1' title='image "/cluster/home/n/w/nwhite01/storage/ocr_20150623/29/hvd.32044054128665/520.png"; bbox 0 0 4102 6224; ppageno 0'>
   <div class='ocr_carea' id='block_1_1' title="bbox 278 344 3650 439">
    <p class='ocr_par' dir='ltr' id='par_1_1' title="bbox 278 344 3650 439">
     <span class='ocr_line' id='line_1_1' title="bbox 278 344 3650 439; baseline -0.005 -2"><span class='ocrx_word' id='word_1_1' title='bbox 278 370 404 439; x_wconf 80' lang='grc'><strong>189</strong></span> <span class='ocrx_word' id='word_1_2' title='bbox 1390 364 1712 429; x_wconf 81' lang='lat' dir='ltr'><strong>HOMILIA</strong></span> <span class='ocrx_word' id='word_1_3' title='bbox 1756 359 1833 427; x_wconf 89' lang='lat' dir='ltr'><strong>1x</strong></span> <span class='ocrx_word' id='word_1_4' title='bbox 1878 358 1954 424; x_wconf 88' lang='lat' dir='ltr'><strong>IN</strong></span> <span class='ocrx_word' id='word_1_5' title='bbox 2000 357 2555 425; x_wconf 82' lang='lat' dir='ltr'><strong>HEXAEMERON.</strong></span> <span class='ocrx_word' id='word_1_6' title='bbox 3536 344 3650 421; x_wconf 70' lang='lat'><strong>190</strong></span> 
     </span>
    </p>
   </div>
   <div class='ocr_carea' id='block_1_2' title="bbox 277 491 1922 581">
    <p class='ocr_par' dir='ltr' id='par_1_2' title="bbox 277 497 1913 581">
     <span class='ocr_line' id='line_1_2' title="bbox 277 497 1913 581; baseline -0.004 -19"><span class='ocrx_word' id='word_1_7' title='bbox 277 504 404 563; x_wconf 74' lang='grc' dir='ltr'>δέκα</span> <span class='ocrx_word' id='word_1_8' title='bbox 448 506 537 561; x_wconf 89' lang='grc' dir='ltr'><strong>καί</strong></span> <span class='ocrx_word' id='word_1_9' title='bbox 578 503 719 560; x_wconf 84' lang='grc' dir='ltr'>ὀκτὼ</span> <span class='ocrx_word' id='word_1_10' title='bbox 757 498 1007 580; x_wconf 72' lang='grc' dir='ltr'>μυριάδας</span> <span class='ocrx_word' id='word_1_11' title='bbox 1056 497 1277 556; x_wconf 83' lang='grc' dir='ltr'>σταδίων</span> <span class='ocrx_word' id='word_1_12' title='bbox 1324 500 1383 554; x_wconf 76' lang='grc' dir='ltr'>τὸ</span> <span class='ocrx_word' id='word_1_13' title='bbox 1416 500 1727 577; x_wconf 78' lang='grc' dir='ltr'><strong>περίμετρον</strong></span> <span class='ocrx_word' id='word_1_14' title='bbox 1767 498 1913 581; x_wconf 68' lang='grc' dir='ltr'>ἔχειν</span> 
     </span>
    </p>
   </div>
   <div class='ocr_carea' id='block_1_3' title="bbox 2013 491 3647 581">
    <p class='ocr_par' dir='ltr' id='par_1_3' title="bbox 2013 491 3647 559">
     <span class='ocr_line' id='line_1_3' title="bbox 2013 491 3647 559; baseline -0.001 -3"><span class='ocrx_word' id='word_1_15' title='bbox 2013 501 2185 559; x_wconf 71' lang='lat' dir='ltr'><strong>stram</strong></span> <span class='ocrx_word' id='word_1_16' title='bbox 2209 496 2281 557; x_wconf 89' lang='lat' dir='ltr'><strong>de</strong></span> <span class='ocrx_word' id='word_1_17' title='bbox 2306 495 2512 557; x_wconf 91' lang='lat' dir='ltr'><strong>mundi</strong></span> <span class='ocrx_word' id='word_1_18' title='bbox 2529 500 2825 555; x_wconf 77' lang='lat' dir='ltr'><strong>structura</strong></span> <span class='ocrx_word' id='word_1_19' title='bbox 2848 491 3262 555; x_wconf 80' lang='lat' dir='ltr'><strong>narrationem</strong></span> <span class='ocrx_word' id='word_1_20' title='bbox 3298 492 3647 554; x_wconf 89' lang='lat' dir='ltr'><strong>inferiorem</strong></span> 
     </span>
    </p>
   </div>
   <div class='ocr_carea' id='block_1_4' title="bbox 284 582 1922 672">
    <p class='ocr_par' dir='ltr' id='par_1_4' title="bbox 284 588 1922 672">
     <span class='ocr_line' id='line_1_4' title="bbox 284 588 1922 672; baseline -0.004 -21"><span class='ocrx_word' id='word_1_21' title='bbox 284 602 380 661; x_wconf 78' lang='grc' dir='ltr'>τῆς</span> <span class='ocrx_word' id='word_1_22' title='bbox 442 594 564 672; x_wconf 76' lang='grc' dir='ltr'>γῆς·</span> <span class='ocrx_word' id='word_1_23' title='bbox 627 595 716 649; x_wconf 87' lang='grc' dir='ltr'><strong>καὶ</strong></span> <span class='ocrx_word' id='word_1_24' title='bbox 766 594 827 647; x_wconf 78' lang='grc' dir='ltr'>τὸ</span> <span class='ocrx_word' id='word_1_25' title='bbox 877 588 968 645; x_wconf 82' lang='grc' dir='ltr'><strong>ἀπ’</strong></span> <span class='ocrx_word' id='word_1_26' title='bbox 1028 591 1189 655; x_wconf 66' lang='grc' dir='ltr'>αὐτῆς</span> <span class='ocrx_word' id='word_1_27' title='bbox 1246 590 1481 662; x_wconf 77' lang='grc' dir='ltr'><strong>σκίασμα</strong></span> <span class='ocrx_word' id='word_1_28' title='bbox 1513 588 1566 643; x_wconf 74' lang='grc' dir='ltr'>ἐν</span> <span class='ocrx_word' id='word_1_29' title='bbox 1596 595 1662 665; x_wconf 75' lang='grc' dir='ltr'><strong>τῇ</strong></span> <span class='ocrx_word' id='word_1_30' title='bbox 1692 592 1792 646; x_wconf 72' lang='grc' dir='ltr'>ὐπὸ</span> <span class='ocrx_word' id='word_1_31' title='bbox 1821 592 1922 669; x_wconf 64' lang='grc' dir='ltr'>γῆν</span> 
     </span>
    </p>
   </div>
   <div class='ocr_carea' id='block_1_5' title="bbox 2013 582 3651 672">
    <p class='ocr_par' dir='ltr' id='par_1_5' title="bbox 2013 582 3651 664">
     <span class='ocr_line' id='line_1_5' title="bbox 2013 582 3651 664; baseline -0.002 -17"><span class='ocrx_word' id='word_1_32' title='bbox 2013 604 2137 647; x_wconf 82' lang='lat' dir='ltr'><strong>esse</strong></span> <span class='ocrx_word' id='word_1_33' title='bbox 2160 585 2523 664; x_wconf 87' lang='lat' dir='ltr'><strong>dicam,quia</strong></span> <span class='ocrx_word' id='word_1_34' title='bbox 2547 584 2771 645; x_wconf 91' lang='lat' dir='ltr'><strong>nullum</strong></span> <span class='ocrx_word' id='word_1_35' title='bbox 2797 583 2869 643; x_wconf 91' lang='lat' dir='ltr'><strong>de</strong></span> <span class='ocrx_word' id='word_1_36' title='bbox 2892 582 3095 661; x_wconf 82' lang='lat' dir='ltr'><strong>ﬁguris</strong></span> <span class='ocrx_word' id='word_1_37' title='bbox 3117 582 3363 644; x_wconf 79' lang='lat' dir='ltr'><strong>verbum</strong></span> <span class='ocrx_word' id='word_1_38' title='bbox 3393 583 3496 645; x_wconf 87' lang='lat' dir='ltr'><strong>Dei</strong></span> <span class='ocrx_word' id='word_1_39' title='bbox 3522 600 3651 644; x_wconf 85' lang='lat' dir='ltr'><strong>ser-</strong></span> 
     </span>
    </p>
   </div>
   <div class='ocr_carea' id='block_1_6' title="bbox 278 672 1922 758">
    <p class='ocr_par' dir='ltr' id='par_1_6' title="bbox 278 677 1922 758">
     <span class='ocr_line' id='line_1_6' title="bbox 278 677 1922 758; baseline -0.004 -17"><span class='ocrx_word' id='word_1_40' title='bbox 278 698 372 743; x_wconf 77' lang='grc' dir='ltr'>τοὺ</span> <span class='ocrx_word' id='word_1_41' title='bbox 402 684 557 751; x_wconf 75' lang='grc' dir='ltr'>ἡλίου</span> <span class='ocrx_word' id='word_1_42' title='bbox 586 684 793 751; x_wconf 75' lang='grc' dir='ltr'><strong>κινήσει</strong></span> <span class='ocrx_word' id='word_1_43' title='bbox 838 681 921 736; x_wconf 82' lang='grc' dir='ltr'>ἐπὶ</span> <span class='ocrx_word' id='word_1_44' title='bbox 952 679 1114 736; x_wconf 87' lang='grc' dir='ltr'>πόσον</span> <span class='ocrx_word' id='word_1_45' title='bbox 1164 692 1340 758; x_wconf 73' lang='grc' dir='ltr'>χωρεῖ</span> <span class='ocrx_word' id='word_1_46' title='bbox 1392 688 1484 736; x_wconf 79' lang='grc' dir='ltr'>τοῦ</span> <span class='ocrx_word' id='word_1_47' title='bbox 1527 677 1674 756; x_wconf 71' lang='grc' dir='ltr'>ἂέρος</span> <span class='ocrx_word' id='word_1_48' title='bbox 1728 681 1785 735; x_wconf 71' lang='lat' dir='ltr'><strong>o-‘J</strong></span> <span class='ocrx_word' id='word_1_49' title='bbox 1844 678 1922 735; x_wconf 78' lang='grc' dir='ltr'>δι-</span> 
     </span>
    </p>
   </div>
   <div class='ocr_carea' id='block_1_7' title="bbox 2013 672 3648 758">
    <p class='ocr_par' dir='ltr' id='par_1_7' title="bbox 2013 672 3648 753">
     <span class='ocr_line' id='line_1_7' title="bbox 2013 672 3648 753; baseline -0.002 -18"><span class='ocrx_word' id='word_1_50' title='bbox 2013 694 2111 736; x_wconf 85' lang='lat' dir='ltr'><strong>vus</strong></span> <span class='ocrx_word' id='word_1_51' title='bbox 2137 676 2366 753; x_wconf 81' lang='lat' dir='ltr'><strong>Moyses</strong></span> <span class='ocrx_word' id='word_1_52' title='bbox 2394 674 2531 736; x_wconf 88' lang='lat' dir='ltr'><strong>fecit</strong></span> <span class='ocrx_word' id='word_1_53' title='bbox 2566 696 2579 735; x_wconf 88' lang='lat'><strong><em>:</em></strong></span> <span class='ocrx_word' id='word_1_54' title='bbox 2606 682 2707 734; x_wconf 90' lang='lat' dir='ltr'><strong>aut</strong></span> <span class='ocrx_word' id='word_1_55' title='bbox 2738 674 2873 753; x_wconf 87' lang='lat' dir='ltr'><strong>quia</strong></span> <span class='ocrx_word' id='word_1_56' title='bbox 2903 692 3019 733; x_wconf 91' lang='lat' dir='ltr'><strong>non</strong></span> <span class='ocrx_word' id='word_1_57' title='bbox 3052 672 3195 733; x_wconf 84' lang='lat' dir='ltr'><strong>dixit</strong></span> <span class='ocrx_word' id='word_1_58' title='bbox 3227 684 3399 735; x_wconf 70' lang='lat' dir='ltr'><strong>terrae</strong></span> <span class='ocrx_word' id='word_1_59' title='bbox 3430 672 3648 735; x_wconf 91' lang='lat' dir='ltr'><strong>circui-</strong></span> 
     </span>
    </p>
   </div>
   <div class='ocr_carea' id='block_1_8' title="bbox 279 767 1923 850">
    <p class='ocr_par' dir='ltr' id='par_1_8' title="bbox 279 767 1923 850">
     <span class='ocr_line' id='line_1_8' title="bbox 279 767 1923 850; baseline -0.005 -19"><span class='ocrx_word' id='word_1_60' title='bbox 279 776 565 850; x_wconf 72' lang='grc' dir='ltr'>ιμέτρησεο</span> <span class='ocrx_word' id='word_1_61' title='bbox 596 772 683 828; x_wconf 72' lang='grc' dir='ltr'><strong>καὶ</strong></span> <span class='ocrx_word' id='word_1_62' title='bbox 727 777 841 833; x_wconf 86' lang='grc' dir='ltr'><strong>πῶς</strong></span> <span class='ocrx_word' id='word_1_63' title='bbox 891 776 1045 826; x_wconf 79' lang='grc' dir='ltr'>τοῦτο</span> <span class='ocrx_word' id='word_1_64' title='bbox 1090 776 1156 845; x_wconf 80' lang='grc' dir='ltr'><strong>τῇ</strong></span> <span class='ocrx_word' id='word_1_65' title='bbox 1203 767 1405 843; x_wconf 78' lang='grc' dir='ltr'>σελήνῃ</span> <span class='ocrx_word' id='word_1_66' title='bbox 1448 770 1795 848; x_wconf 75' lang='grc' dir='ltr'>προσενεχθὲν</span> <span class='ocrx_word' id='word_1_67' title='bbox 1829 770 1923 832; x_wconf 81' lang='grc' dir='ltr'><strong>τὰς</strong></span> 
     </span>
    </p>
   </div>
   <div class='ocr_carea' id='block_1_9' title="bbox 278 856 1925 938">
    <p class='ocr_par' dir='ltr' id='par_1_9' title="bbox 278 856 1925 938">
     <span class='ocr_line' id='line_1_9' title="bbox 278 856 1925 938; baseline -0.003 -19"><span class='ocrx_word' id='word_1_68' title='bbox 278 862 545 938; x_wconf 60' lang='lat' dir='ltr'><strong>meth</strong></span> <span class='ocrx_word' id='word_1_69' title='bbox 603 874 790 923; x_wconf 71' lang='grc' dir='ltr'>πωιετ.</span> <span class='ocrx_word' id='word_1_70' title='bbox 854 856 1072 925; x_wconf 78' lang='grc' dir='ltr'>Ἐπειδὴ</span> <span class='ocrx_word' id='word_1_71' title='bbox 1128 860 1195 914; x_wconf 77' lang='grc' dir='ltr'>τὰ</span> <span class='ocrx_word' id='word_1_72' title='bbox 1257 856 1423 933; x_wconf 77' lang='grc' dir='ltr'>μηδὲν</span> <span class='ocrx_word' id='word_1_73' title='bbox 1468 860 1599 935; x_wconf 83' lang='grc' dir='ltr'>πρὸς</span> <span class='ocrx_word' id='word_1_74' title='bbox 1651 858 1799 935; x_wconf 74' lang='grc' dir='ltr'>ἡμᾶς</span> <span class='ocrx_word' id='word_1_75' title='bbox 1855 862 1925 925; x_wconf 78' lang='grc' dir='ltr'>ὡς</span> 
     </span>
    </p>
   </div>
   <div class='ocr_carea' id='block_1_10' title="bbox 279 948 1925 1032">
    <p class='ocr_par' dir='ltr' id='par_1_10' title="bbox 279 948 1925 1032">
     <span class='ocr_line' id='line_1_10' title="bbox 279 948 1925 1032; baseline -0.009 -23"><span class='ocrx_word' id='word_1_76' title='bbox 279 952 533 1032; x_wconf 76' lang='grc' dir='ltr'>ἄχρηστα</span> <span class='ocrx_word' id='word_1_77' title='bbox 589 954 728 1027; x_wconf 77' lang='grc' dir='ltr'>ἡμῖν</span> <span class='ocrx_word' id='word_1_78' title='bbox 775 949 1176 1015; x_wconf 75' lang='grc' dir='ltr'>ἀπεσιώπησενο</span> <span class='ocrx_word' id='word_1_79' title='bbox 1216 950 1313 1026; x_wconf 85' lang='grc' dir='ltr'><strong>ἆρα</strong></span> <span class='ocrx_word' id='word_1_80' title='bbox 1356 948 1537 1003; x_wconf 80' lang='grc' dir='ltr'>τούτου</span> <span class='ocrx_word' id='word_1_81' title='bbox 1593 948 1717 1027; x_wconf 75' lang='grc'><strong>(10)</strong></span> <span class='ocrx_word' id='word_1_82' title='bbox 1752 948 1925 1005; x_wconf 79' lang='grc' dir='ltr'>ἕνεκεν</span> 
     </span>
    </p>
   </div>
   <div class='ocr_carea' id='block_1_11' title="bbox 277 1038 1927 1120">
    <p class='ocr_par' dir='ltr' id='par_1_11' title="bbox 277 1038 1927 1120">
     <span class='ocr_line' id='line_1_11' title="bbox 277 1038 1927 1120; baseline -0.002 -23"><span class='ocrx_word' id='word_1_83' title='bbox 277 1043 573 1120; x_wconf 77' lang='grc' dir='ltr'>ἀτιμότερα</span> <span class='ocrx_word' id='word_1_84' title='bbox 616 1041 891 1119; x_wconf 79' lang='grc' dir='ltr'>ἡγήσομαι</span> <span class='ocrx_word' id='word_1_85' title='bbox 923 1044 1020 1103; x_wconf 81' lang='grc' dir='ltr'>τῆς</span> <span class='ocrx_word' id='word_1_86' title='bbox 1067 1038 1430 1115; x_wconf 84' lang='grc' dir='ltr'>μωρανθείσης</span> <span class='ocrx_word' id='word_1_87' title='bbox 1488 1038 1671 1115; x_wconf 66' lang='grc' dir='ltr'>σοφίας</span> <span class='ocrx_word' id='word_1_88' title='bbox 1729 1040 1792 1093; x_wconf 83' lang='grc' dir='ltr'><strong>τὰ</strong></span> <span class='ocrx_word' id='word_1_89' title='bbox 1836 1046 1927 1094; x_wconf 79' lang='grc' dir='ltr'>τοῦ</span> 
     </span>
    </p>
   </div>
   <div class='ocr_carea' id='block_1_12' title="bbox 278 1125 1925 1208">
    <p class='ocr_par' dir='ltr' id='par_1_12' title="bbox 278 1125 1925 1208">
     <span class='ocr_line' id='line_1_12' title="bbox 278 1125 1925 1208; baseline -0.009 -21"><span class='ocrx_word' id='word_1_90' title='bbox 278 1133 588 1207; x_wconf 78' lang='grc' dir='ltr'>Πνεύματος</span> <span class='ocrx_word' id='word_1_91' title='bbox 621 1130 801 1208; x_wconf 83' lang='grc' dir='ltr'>λόγια;</span> <span class='ocrx_word' id='word_1_92' title='bbox 839 1128 871 1196; x_wconf 76' lang='grc' dir='ltr'>ἢ</span> <span class='ocrx_word' id='word_1_93' title='bbox 905 1126 1109 1201; x_wconf 82' lang='grc' dir='ltr'>μᾶλλον</span> <span class='ocrx_word' id='word_1_94' title='bbox 1161 1125 1361 1191; x_wconf 81' lang='grc' dir='ltr'><strong>δοξάσω</strong></span> <span class='ocrx_word' id='word_1_95' title='bbox 1421 1128 1511 1181; x_wconf 79' lang='grc' dir='ltr'><strong>τὸν</strong></span> <span class='ocrx_word' id='word_1_96' title='bbox 1554 1127 1632 1200; x_wconf 61' lang='grc' dir='ltr'>μὴ</span> <span class='ocrx_word' id='word_1_97' title='bbox 1667 1126 1925 1207; x_wconf 79' lang='grc' dir='ltr'>ἀπασχο..</span> 
     </span>
    </p>
   </div>
   <div class='ocr_carea' id='block_1_13' title="bbox 274 1214 1926 1294">
    <p class='ocr_par' dir='ltr' id='par_1_13' title="bbox 274 1214 1926 1294">
     <span class='ocr_line' id='line_1_13' title="bbox 274 1214 1926 1294; baseline -0.003 -16"><span class='ocrx_word' id='word_1_98' title='bbox 274 1219 518 1290; x_wconf 85' lang='grc' dir='ltr'>λήσαντα</span> <span class='ocrx_word' id='word_1_99' title='bbox 566 1220 657 1275; x_wconf 81' lang='grc' dir='ltr'><strong>τὸν</strong></span> <span class='ocrx_word' id='word_1_100' title='bbox 716 1226 833 1273; x_wconf 75' lang='grc' dir='ltr'>νοῦν</span> <span class='ocrx_word' id='word_1_101' title='bbox 864 1219 1019 1292; x_wconf 77' lang='grc' dir='ltr'>ἡμῶν</span> <span class='ocrx_word' id='word_1_102' title='bbox 1066 1216 1151 1271; x_wconf 73' lang='grc' dir='ltr'><strong>ἐπὶ</strong></span> <span class='ocrx_word' id='word_1_103' title='bbox 1196 1216 1260 1271; x_wconf 79' lang='grc' dir='ltr'>τὰ</span> <span class='ocrx_word' id='word_1_104' title='bbox 1309 1215 1533 1294; x_wconf 85' lang='grc' dir='ltr'>μάταια,</span> <span class='ocrx_word' id='word_1_105' title='bbox 1567 1214 1701 1270; x_wconf 82' lang='grc' dir='ltr'>ἀλλὰ</span> <span class='ocrx_word' id='word_1_106' title='bbox 1734 1217 1926 1273; x_wconf 84' lang='grc' dir='ltr'>πάνται</span> 
     </span>
    </p>
   </div>
   <div class='ocr_carea' id='block_1_14' title="bbox 275 1306 1925 1384">
    <p class='ocr_par' dir='ltr' id='par_1_14' title="bbox 275 1306 1925 1384">
     <span class='ocr_line' id='line_1_14' title="bbox 275 1306 1925 1384; baseline -0.001 -21"><span class='ocrx_word' id='word_1_107' title='bbox 275 1310 351 1374; x_wconf 77' lang='grc' dir='ltr'><strong>είς</strong></span> <span class='ocrx_word' id='word_1_108' title='bbox 424 1306 709 1383; x_wconf 79' lang='grc' dir='ltr'>οἰκοδομὴν</span> <span class='ocrx_word' id='word_1_109' title='bbox 783 1308 869 1363; x_wconf 85' lang='grc' dir='ltr'><strong>καὶ</strong></span> <span class='ocrx_word' id='word_1_110' title='bbox 926 1308 1287 1384; x_wconf 65' lang='grc' dir='ltr'><strong>καταρτισμὸν</strong></span> <span class='ocrx_word' id='word_1_111' title='bbox 1340 1310 1444 1360; x_wconf 84' lang='grc' dir='ltr'><strong>τῶν</strong></span> <span class='ocrx_word' id='word_1_112' title='bbox 1502 1309 1693 1384; x_wconf 76' lang='grc' dir='ltr'>ψυχῶν</span> <span class='ocrx_word' id='word_1_113' title='bbox 1776 1308 1925 1381; x_wconf 73' lang='grc' dir='ltr'>ἡμῶν</span> 
     </span>
    </p>
   </div>
   <div class='ocr_carea' id='block_1_15' title="bbox 274 1392 1922 1478">
    <p class='ocr_par' dir='ltr' id='par_1_15' title="bbox 274 1392 1922 1478">
     <span class='ocr_line' id='line_1_15' title="bbox 274 1392 1922 1478; baseline -0.001 -25"><span class='ocrx_word' id='word_1_114' title='bbox 274 1421 545 1478; x_wconf 66' lang='grc' dir='ltr'>γραφηναι</span> <span class='ocrx_word' id='word_1_115' title='bbox 598 1397 1063 1471; x_wconf 68' lang='grc' dir='ltr'>οἰκονομήσαντα;</span> <span class='ocrx_word' id='word_1_116' title='bbox 1113 1393 1191 1452; x_wconf 76' lang='lat'><strong>&quot;0</strong></span> <span class='ocrx_word' id='word_1_117' title='bbox 1253 1416 1343 1466; x_wconf 88' lang='grc' dir='ltr'><strong>μοι</strong></span> <span class='ocrx_word' id='word_1_118' title='bbox 1400 1392 1609 1450; x_wconf 78' lang='grc' dir='ltr'>δοκοῦσι</span> <span class='ocrx_word' id='word_1_119' title='bbox 1662 1396 1738 1469; x_wconf 75' lang='grc' dir='ltr'>μὴ</span> <span class='ocrx_word' id='word_1_120' title='bbox 1796 1418 1922 1452; x_wconf 84' lang='grc' dir='ltr'>συν-</span> 
     </span>
    </p>
   </div>
   <div class='ocr_carea' id='block_1_16' title="bbox 275 1484 1920 1566">
    <p class='ocr_par' dir='ltr' id='par_1_16' title="bbox 275 1484 1920 1566">
     <span class='ocr_line' id='line_1_16' title="bbox 275 1484 1920 1566; baseline -0.002 -23"><span class='ocrx_word' id='word_1_121' title='bbox 275 1485 473 1550; x_wconf 80' lang='grc' dir='ltr'>ειδότες</span> <span class='ocrx_word' id='word_1_122' title='bbox 534 1488 709 1566; x_wconf 79' lang='grc' dir='ltr'>τινὲς,</span> <span class='ocrx_word' id='word_1_123' title='bbox 790 1497 1143 1563; x_wconf 77' lang='grc' dir='ltr'>παραγωγαῖς</span> <span class='ocrx_word' id='word_1_124' title='bbox 1216 1506 1321 1539; x_wconf 80' lang='grc' dir='ltr'>τισι</span> <span class='ocrx_word' id='word_1_125' title='bbox 1398 1484 1483 1538; x_wconf 87' lang='grc' dir='ltr'><strong>καὶ</strong></span> <span class='ocrx_word' id='word_1_126' title='bbox 1551 1484 1920 1561; x_wconf 75' lang='grc' dir='ltr'>τροπὸλογίαις</span> 
     </span>
    </p>
   </div>
   <div class='ocr_carea' id='block_1_17' title="bbox 275 1572 1920 1652">
    <p class='ocr_par' dir='ltr' id='par_1_17' title="bbox 275 1572 1920 1652">
     <span class='ocr_line' id='line_1_17' title="bbox 275 1572 1920 1652; baseline -0.002 -19"><span class='ocrx_word' id='word_1_127' title='bbox 275 1577 582 1652; x_wconf 52' lang='grc' dir='ltr'>σεμνότατα</span> <span class='ocrx_word' id='word_1_128' title='bbox 663 1596 781 1631; x_wconf 83' lang='grc' dir='ltr'>τινα</span> <span class='ocrx_word' id='word_1_129' title='bbox 858 1574 917 1630; x_wconf 81' lang='grc' dir='ltr'>ἐκ</span> <span class='ocrx_word' id='word_1_130' title='bbox 999 1574 1095 1640; x_wconf 76' lang='grc' dir='ltr'>τῆς</span> <span class='ocrx_word' id='word_1_131' title='bbox 1176 1574 1368 1635; x_wconf 76' lang='grc' dir='ltr'>οἰκείας</span> <span class='ocrx_word' id='word_1_132' title='bbox 1455 1574 1616 1640; x_wconf 70' lang='grc' dir='ltr'>αὒτῆν</span> <span class='ocrx_word' id='word_1_133' title='bbox 1696 1572 1920 1639; x_wconf 74' lang='grc' dir='ltr'>διανοίας</span> 
     </span>
    </p>
   </div>
   <div class='ocr_carea' id='block_1_18' title="bbox 276 1660 1917 1744">
    <p class='ocr_par' dir='ltr' id='par_1_18' title="bbox 276 1660 1917 1744">
     <span class='ocr_line' id='line_1_18' title="bbox 276 1660 1917 1744; baseline -0.002 -22"><span class='ocrx_word' id='word_1_134' title='bbox 276 1666 635 1744; x_wconf 71' lang='grc' dir='ltr'>ἰπεχείρησαν</span> <span class='ocrx_word' id='word_1_135' title='bbox 721 1663 847 1743; x_wconf 83' lang='grc'><strong>(11)</strong></span> <span class='ocrx_word' id='word_1_136' title='bbox 934 1676 1049 1725; x_wconf 66' lang='grc' dir='ltr'>τοῖς</span> <span class='ocrx_word' id='word_1_137' title='bbox 1128 1663 1474 1740; x_wconf 79' lang='grc' dir='ltr'>γεγραμενοις</span> <span class='ocrx_word' id='word_1_138' title='bbox 1570 1660 1917 1741; x_wconf 64' lang='grc' dir='ltr'>ἐπιφημίσαι,</span> 
     </span>
    </p>
   </div>
   <div class='ocr_carea' id='block_1_19' title="bbox 2007 760 3641 841">
    <p class='ocr_par' dir='ltr' id='par_1_19' title="bbox 2007 760 3641 841">
     <span class='ocr_line' id='line_1_19' title="bbox 2007 760 3641 841; baseline 0 -16"><span class='ocrx_word' id='word_1_139' title='bbox 2007 773 2129 825; x_wconf 92' lang='lat' dir='ltr'><strong>tum</strong></span> <span class='ocrx_word' id='word_1_140' title='bbox 2165 773 2401 825; x_wconf 91' lang='lat' dir='ltr'><strong>centum</strong></span> <span class='ocrx_word' id='word_1_141' title='bbox 2428 761 2799 841; x_wconf 86' lang='lat' dir='ltr'><strong>etoctoginta</strong></span> <span class='ocrx_word' id='word_1_142' title='bbox 2824 760 3147 823; x_wconf 73' lang='lat' dir='ltr'><strong>stadiorum</strong></span> <span class='ocrx_word' id='word_1_143' title='bbox 3184 762 3366 823; x_wconf 81' lang='lat' dir='ltr'>millia</span> <span class='ocrx_word' id='word_1_144' title='bbox 3398 762 3641 825; x_wconf 86' lang='lat' dir='ltr'><strong>habere:</strong></span> 
     </span>
    </p>
   </div>
   <div class='ocr_carea' id='block_1_20' title="bbox 2010 851 3646 933">
    <p class='ocr_par' dir='ltr' id='par_1_20' title="bbox 2010 851 3646 933">
     <span class='ocr_line' id='line_1_20' title="bbox 2010 851 3646 933; baseline -0.001 -18"><span class='ocrx_word' id='word_1_145' title='bbox 2010 863 2109 916; x_wconf 89' lang='lat' dir='ltr'><strong>aut</strong></span> <span class='ocrx_word' id='word_1_146' title='bbox 2138 859 2275 933; x_wconf 85' lang='lat' dir='ltr'><strong>quia</strong></span> <span class='ocrx_word' id='word_1_147' title='bbox 2305 872 2423 913; x_wconf 88' lang='lat' dir='ltr'><strong>non</strong></span> <span class='ocrx_word' id='word_1_148' title='bbox 2446 852 2753 912; x_wconf 87' lang='lat' dir='ltr'><strong>dimensus</strong></span> <span class='ocrx_word' id='word_1_149' title='bbox 2779 858 2865 911; x_wconf 92' lang='lat' dir='ltr'><strong>est</strong></span> <span class='ocrx_word' id='word_1_150' title='bbox 2912 851 2968 909; x_wconf 91' lang='lat' dir='ltr'><strong>in</strong></span> <span class='ocrx_word' id='word_1_151' title='bbox 3004 860 3284 931; x_wconf 92' lang='lat' dir='ltr'><strong>quantum</strong></span> <span class='ocrx_word' id='word_1_152' title='bbox 3320 853 3477 913; x_wconf 91' lang='lat' dir='ltr'><strong>aeris</strong></span> <span class='ocrx_word' id='word_1_153' title='bbox 3509 872 3646 931; x_wconf 86' lang='lat' dir='ltr'><strong>spa-</strong></span> 
     </span>
    </p>
   </div>
   <div class='ocr_carea' id='block_1_21' title="bbox 2011 938 3651 1021">
    <p class='ocr_par' dir='ltr' id='par_1_21' title="bbox 2011 938 3651 1021">
     <span class='ocr_line' id='line_1_21' title="bbox 2011 938 3651 1021; baseline 0.001 -19"><span class='ocrx_word' id='word_1_154' title='bbox 2011 942 2157 1002; x_wconf 89' lang='lat' dir='ltr'><strong>tium</strong></span> <span class='ocrx_word' id='word_1_155' title='bbox 2190 941 2471 1021; x_wconf 83' lang='lat' dir='ltr'><strong>procedat</strong></span> <span class='ocrx_word' id='word_1_156' title='bbox 2502 940 2631 1018; x_wconf 77' lang='lat' dir='ltr'><strong>ejus</strong></span> <span class='ocrx_word' id='word_1_157' title='bbox 2664 938 2875 999; x_wconf 89' lang='lat' dir='ltr'><strong>umbra</strong></span> <span class='ocrx_word' id='word_1_158' title='bbox 2907 947 3029 998; x_wconf 91' lang='lat' dir='ltr'><strong>tum</strong></span> <span class='ocrx_word' id='word_1_159' title='bbox 3064 957 3199 1000; x_wconf 91' lang='lat' dir='ltr'><strong>cum</strong></span> <span class='ocrx_word' id='word_1_160' title='bbox 3231 940 3318 1001; x_wconf 92' lang='lat' dir='ltr'><strong>sol</strong></span> <span class='ocrx_word' id='word_1_161' title='bbox 3350 941 3457 1001; x_wconf 90' lang='lat' dir='ltr'><strong>sub</strong></span> <span class='ocrx_word' id='word_1_162' title='bbox 3492 956 3651 1003; x_wconf 87' lang='lat' dir='ltr'><strong>terra</strong></span> 
     </span>
    </p>
   </div>
   <div class='ocr_carea' id='block_1_22' title="bbox 2011 1028 3650 1111">
    <p class='ocr_par' dir='ltr' id='par_1_22' title="bbox 2011 1028 3650 1111">
     <span class='ocr_line' id='line_1_22' title="bbox 2011 1028 3650 1111; baseline 0.001 -19"><span class='ocrx_word' id='word_1_163' title='bbox 2011 1039 2281 1092; x_wconf 78' lang='lat' dir='ltr'><strong>movetnr</strong></span> <span class='ocrx_word' id='word_1_164' title='bbox 2318 1051 2330 1091; x_wconf 90' lang='lat'>:</span> <span class='ocrx_word' id='word_1_165' title='bbox 2360 1038 2459 1090; x_wconf 89' lang='lat' dir='ltr'><strong>aut</strong></span> <span class='ocrx_word' id='word_1_166' title='bbox 2491 1028 2788 1109; x_wconf 90' lang='lat' dir='ltr'><strong>quomodo</strong></span> <span class='ocrx_word' id='word_1_167' title='bbox 2823 1028 3031 1089; x_wconf 89' lang='lat' dir='ltr'><strong>eadem</strong></span> <span class='ocrx_word' id='word_1_168' title='bbox 3068 1029 3226 1090; x_wconf 74' lang='lat' dir='ltr'><strong>lunae</strong></span> <span class='ocrx_word' id='word_1_169' title='bbox 3254 1029 3488 1108; x_wconf 87' lang='lat' dir='ltr'><strong>objecta</strong></span> <span class='ocrx_word' id='word_1_170' title='bbox 3516 1050 3650 1111; x_wconf 86' lang='lat' dir='ltr'><strong>pro-</strong></span> 
     </span>
    </p>
   </div>
   <div class='ocr_carea' id='block_1_23' title="bbox 2012 1117 3648 1199">
    <p class='ocr_par' dir='ltr' id='par_1_23' title="bbox 2012 1117 3648 1199">
     <span class='ocr_line' id='line_1_23' title="bbox 2012 1117 3648 1199; baseline -0.001 -17"><span class='ocrx_word' id='word_1_171' title='bbox 2012 1129 2178 1182; x_wconf 84' lang='lat' dir='ltr'><strong>creet</strong></span> <span class='ocrx_word' id='word_1_172' title='bbox 2200 1117 2821 1199; x_wconf 67' lang='lat' dir='ltr'><strong>deliquia,praasertim</strong></span> <span class='ocrx_word' id='word_1_173' title='bbox 2844 1136 2979 1178; x_wconf 92' lang='lat' dir='ltr'><strong>cum</strong></span> <span class='ocrx_word' id='word_1_174' title='bbox 3012 1137 3081 1179; x_wconf 90' lang='lat' dir='ltr'><strong>ea</strong></span> <span class='ocrx_word' id='word_1_175' title='bbox 3110 1137 3241 1199; x_wconf 78' lang='lat' dir='ltr'><strong>quae</strong></span> <span class='ocrx_word' id='word_1_176' title='bbox 3271 1120 3342 1180; x_wconf 90' lang='lat' dir='ltr'><strong>ad</strong></span> <span class='ocrx_word' id='word_1_177' title='bbox 3368 1138 3474 1181; x_wconf 91' lang='lat' dir='ltr'><strong>nos</strong></span> <span class='ocrx_word' id='word_1_178' title='bbox 3501 1120 3648 1183; x_wconf 90' lang='lat' dir='ltr'>nihil</span> 
     </span>
    </p>
   </div>
   <div class='ocr_carea' id='block_1_24' title="bbox 2010 1205 3647 1291">
    <p class='ocr_par' dir='ltr' id='par_1_24' title="bbox 2010 1205 3647 1291">
     <span class='ocr_line' id='line_1_24' title="bbox 2010 1205 3647 1291; baseline -0.001 -20"><span class='ocrx_word' id='word_1_179' title='bbox 2010 1210 2281 1284; x_wconf 86' lang='lat' dir='ltr'><strong>attinent,</strong></span> <span class='ocrx_word' id='word_1_180' title='bbox 2316 1217 2597 1287; x_wconf 82' lang='lat' dir='ltr'><strong>tanquam</strong></span> <span class='ocrx_word' id='word_1_181' title='bbox 2643 1205 2816 1267; x_wconf 89' lang='lat' dir='ltr'><strong>nobis</strong></span> <span class='ocrx_word' id='word_1_182' title='bbox 2846 1206 3078 1268; x_wconf 87' lang='lat' dir='ltr'><strong>inutilia</strong></span> <span class='ocrx_word' id='word_1_183' title='bbox 3104 1208 3182 1266; x_wconf 78' lang='grc' dir='ltr'><strong>ω</strong></span> <span class='ocrx_word' id='word_1_184' title='bbox 3223 1208 3459 1269; x_wconf 90' lang='lat' dir='ltr'><strong>silentio</strong></span> <span class='ocrx_word' id='word_1_185' title='bbox 3492 1228 3647 1291; x_wconf 67' lang='lat' dir='ltr'><strong>prai-</strong></span> 
     </span>
    </p>
   </div>
   <div class='ocr_carea' id='block_1_25' title="bbox 2010 1295 3651 1376">
    <p class='ocr_par' dir='ltr' id='par_1_25' title="bbox 2010 1295 3651 1376">
     <span class='ocr_line' id='line_1_25' title="bbox 2010 1295 3651 1376; baseline 0 -16"><span class='ocrx_word' id='word_1_186' title='bbox 2010 1297 2337 1361; x_wconf 87' lang='lat' dir='ltr'><strong>termiserit</strong></span> <span class='ocrx_word' id='word_1_187' title='bbox 2370 1318 2383 1360; x_wconf 89' lang='lat'>:</span> <span class='ocrx_word' id='word_1_188' title='bbox 2422 1315 2563 1357; x_wconf 91' lang='lat' dir='ltr'><strong>num</strong></span> <span class='ocrx_word' id='word_1_189' title='bbox 2590 1295 2749 1369; x_wconf 90' lang='lat' dir='ltr'><strong>ideo,</strong></span> <span class='ocrx_word' id='word_1_190' title='bbox 2783 1313 3007 1375; x_wconf 68' lang='lat' dir='ltr'><strong>quazso,</strong></span> <span class='ocrx_word' id='word_1_191' title='bbox 3044 1296 3300 1376; x_wconf 88' lang='lat' dir='ltr'><strong>Spiritus</strong></span> <span class='ocrx_word' id='word_1_192' title='bbox 3322 1299 3504 1359; x_wconf 87' lang='lat' dir='ltr'><strong>sancti</strong></span> <span class='ocrx_word' id='word_1_193' title='bbox 3528 1299 3651 1360; x_wconf 84' lang='lat' dir='ltr'><strong>elo-</strong></span> 
     </span>
    </p>
   </div>
   <div class='ocr_carea' id='block_1_26' title="bbox 2008 1385 3650 1469">
    <p class='ocr_par' dir='ltr' id='par_1_26' title="bbox 2008 1385 3650 1469">
     <span class='ocr_line' id='line_1_26' title="bbox 2008 1385 3650 1469; baseline 0.001 -19"><span class='ocrx_word' id='word_1_194' title='bbox 2008 1390 2147 1469; x_wconf 81' lang='lat' dir='ltr'><strong>quia</strong></span> <span class='ocrx_word' id='word_1_195' title='bbox 2196 1405 2482 1449; x_wconf 88' lang='lat' dir='ltr'><strong>censuero</strong></span> <span class='ocrx_word' id='word_1_196' title='bbox 2532 1385 2813 1446; x_wconf 88' lang='lat' dir='ltr'><strong>infatuata</strong></span> <span class='ocrx_word' id='word_1_197' title='bbox 2862 1387 3152 1465; x_wconf 84' lang='lat' dir='ltr'><strong>sapientia</strong></span> <span class='ocrx_word' id='word_1_198' title='bbox 3203 1406 3334 1449; x_wconf 89' lang='lat' dir='ltr'><strong>csse</strong></span> <span class='ocrx_word' id='word_1_199' title='bbox 3388 1388 3650 1451; x_wconf 76' lang='lat' dir='ltr'><strong>viliora?</strong></span> 
     </span>
    </p>
   </div>
   <div class='ocr_carea' id='block_1_27' title="bbox 2009 1474 3648 1558">
    <p class='ocr_par' dir='ltr' id='par_1_27' title="bbox 2009 1474 3648 1558">
     <span class='ocr_line' id='line_1_27' title="bbox 2009 1474 3648 1558; baseline -0.001 -18"><span class='ocrx_word' id='word_1_200' title='bbox 2009 1477 2216 1540; x_wconf 89' lang='lat' dir='ltr'><strong>Nonne</strong></span> <span class='ocrx_word' id='word_1_201' title='bbox 2240 1478 2430 1558; x_wconf 88' lang='lat' dir='ltr'><strong>potius</strong></span> <span class='ocrx_word' id='word_1_202' title='bbox 2460 1475 2514 1536; x_wconf 93' lang='lat' dir='ltr'><strong>ei</strong></span> <span class='ocrx_word' id='word_1_203' title='bbox 2557 1474 2778 1535; x_wconf 89' lang='lat' dir='ltr'><strong>dedero</strong></span> <span class='ocrx_word' id='word_1_204' title='bbox 2810 1475 3082 1553; x_wconf 80' lang='lat' dir='ltr'><strong>gloriam,</strong></span> <span class='ocrx_word' id='word_1_205' title='bbox 3117 1478 3213 1555; x_wconf 90' lang='lat' dir='ltr'><strong>qui</strong></span> <span class='ocrx_word' id='word_1_206' title='bbox 3247 1486 3505 1538; x_wconf 87' lang='lat' dir='ltr'><strong>mentem</strong></span> <span class='ocrx_word' id='word_1_207' title='bbox 3534 1496 3648 1539; x_wconf 91' lang='lat' dir='ltr'><strong>no-</strong></span> 
     </span>
    </p>
   </div>
   <div class='ocr_carea' id='block_1_28' title="bbox 2006 1567 3645 1645">
    <p class='ocr_par' dir='ltr' id='par_1_28' title="bbox 2006 1567 3645 1645">
     <span class='ocr_line' id='line_1_28' title="bbox 2006 1567 3645 1645; baseline 0 -16"><span class='ocrx_word' id='word_1_208' title='bbox 2006 1576 2188 1629; x_wconf 87' lang='lat' dir='ltr'><strong>stram</strong></span> <span class='ocrx_word' id='word_1_209' title='bbox 2215 1567 2275 1627; x_wconf 90' lang='lat' dir='ltr'><strong>in</strong></span> <span class='ocrx_word' id='word_1_210' title='bbox 2298 1584 2499 1627; x_wconf 90' lang='lat' dir='ltr'><strong>rerum</strong></span> <span class='ocrx_word' id='word_1_211' title='bbox 2525 1583 2802 1624; x_wconf 87' lang='lat' dir='ltr'><strong>vanarum</strong></span> <span class='ocrx_word' id='word_1_212' title='bbox 2825 1567 3212 1645; x_wconf 90' lang='lat' dir='ltr'><strong>occupatione</strong></span> <span class='ocrx_word' id='word_1_213' title='bbox 3232 1584 3349 1628; x_wconf 87' lang='lat' dir='ltr'><strong>non</strong></span> <span class='ocrx_word' id='word_1_214' title='bbox 3368 1567 3645 1644; x_wconf 84' lang='lat' dir='ltr'><strong>detinuit,</strong></span> 
     </span>
    </p>
   </div>
   <div class='ocr_carea' id='block_1_29' title="bbox 2007 1654 3645 1735">
    <p class='ocr_par' dir='ltr' id='par_1_29' title="bbox 2007 1654 3645 1735">
     <span class='ocr_line' id='line_1_29' title="bbox 2007 1654 3645 1735; baseline -0.001 -16"><span class='ocrx_word' id='word_1_215' title='bbox 2007 1659 2111 1719; x_wconf 88' lang='lat' dir='ltr'><strong>sed</strong></span> <span class='ocrx_word' id='word_1_216' title='bbox 2144 1657 2343 1718; x_wconf 91' lang='lat' dir='ltr'><strong>omnia</strong></span> <span class='ocrx_word' id='word_1_217' title='bbox 2374 1655 2445 1716; x_wconf 90' lang='lat' dir='ltr'><strong>ad</strong></span> <span class='ocrx_word' id='word_1_218' title='bbox 2483 1654 2933 1715; x_wconf 67' lang='lat' dir='ltr'><strong>aedificationem</strong></span> <span class='ocrx_word' id='word_1_219' title='bbox 2959 1666 3015 1716; x_wconf 93' lang='lat' dir='ltr'><strong>et</strong></span> <span class='ocrx_word' id='word_1_220' title='bbox 3045 1657 3471 1735; x_wconf 80' lang='lat' dir='ltr'><strong>perfectionem</strong></span> <span class='ocrx_word' id='word_1_221' title='bbox 3510 1659 3645 1718; x_wconf 91' lang='lat' dir='ltr'><strong>ani-</strong></span> 
     </span>
    </p>
   </div>
   <div class='ocr_carea' id='block_1_30' title="bbox 275 1744 1922 1830">
    <p class='ocr_par' dir='ltr' id='par_1_30' title="bbox 275 1751 1921 1830">
     <span class='ocr_line' id='line_1_30' title="bbox 275 1751 1921 1830; baseline -0.002 -20"><span class='ocrx_word' id='word_1_222' title='bbox 275 1754 446 1810; x_wconf 74' lang='grc' dir='ltr'>Ἀλλα</span> <span class='ocrx_word' id='word_1_223' title='bbox 505 1757 658 1810; x_wconf 72' lang='grc' dir='ltr'>τοῦτο</span> <span class='ocrx_word' id='word_1_224' title='bbox 716 1756 861 1808; x_wconf 72' lang='grc' dir='ltr'>ὶστιν</span> <span class='ocrx_word' id='word_1_225' title='bbox 921 1751 1103 1806; x_wconf 74' lang='grc' dir='ltr'>ἑαυτὸν</span> <span class='ocrx_word' id='word_1_226' title='bbox 1140 1752 1435 1830; x_wconf 70' lang='grc' dir='ltr'>σοφώτερον</span> <span class='ocrx_word' id='word_1_227' title='bbox 1469 1774 1775 1815; x_wconf 84' lang='grc' dir='ltr'>ποιουνντος</span> <span class='ocrx_word' id='word_1_228' title='bbox 1818 1755 1921 1807; x_wconf 85' lang='grc' dir='ltr'><strong>τῶν</strong></span> 
     </span>
    </p>
   </div>
   <div class='ocr_carea' id='block_1_31' title="bbox 2013 1744 3643 1830">
    <p class='ocr_par' dir='ltr' id='par_1_31' title="bbox 2013 1744 3643 1827">
     <span class='ocr_line' id='line_1_31' title="bbox 2013 1744 3643 1827; baseline -0.001 -19"><span class='ocrx_word' id='word_1_229' title='bbox 2013 1766 2237 1808; x_wconf 88' lang='lat' dir='ltr'><strong>marum</strong></span> <span class='ocrx_word' id='word_1_230' title='bbox 2272 1754 2602 1806; x_wconf 88' lang='lat' dir='ltr'><strong>nostrarum</strong></span> <span class='ocrx_word' id='word_1_231' title='bbox 2637 1744 2931 1804; x_wconf 75' lang='lat' dir='ltr'><strong>conscribi</strong></span> <span class='ocrx_word' id='word_1_232' title='bbox 2981 1746 3203 1808; x_wconf 82' lang='lat' dir='ltr'><strong>sanxit?</strong></span> <span class='ocrx_word' id='word_1_233' title='bbox 3233 1746 3293 1807; x_wconf 85' lang='lat' dir='ltr'><strong>Id</strong></span> <span class='ocrx_word' id='word_1_234' title='bbox 3330 1748 3483 1826; x_wconf 87' lang='lat' dir='ltr'><strong>quod</strong></span> <span class='ocrx_word' id='word_1_235' title='bbox 3509 1748 3643 1827; x_wconf 89' lang='lat' dir='ltr'><strong>qui-</strong></span> 
     </span>
    </p>
   </div>
   <div class='ocr_carea' id='block_1_32' title="bbox 274 1842 1019 1921">
    <p class='ocr_par' dir='ltr' id='par_1_32' title="bbox 274 1842 1019 1921">
     <span class='ocr_line' id='line_1_32' title="bbox 274 1842 1019 1921; baseline 0.007 -23"><span class='ocrx_word' id='word_1_236' title='bbox 274 1842 473 1921; x_wconf 78' lang='grc' dir='ltr'>λογίων</span> <span class='ocrx_word' id='word_1_237' title='bbox 517 1854 610 1901; x_wconf 84' lang='grc' dir='ltr'>τοῦ</span> <span class='ocrx_word' id='word_1_238' title='bbox 664 1844 965 1916; x_wconf 81' lang='grc' dir='ltr'>Πνεύματος</span> <span class='ocrx_word' id='word_1_239' title='bbox 1006 1891 1019 1912; x_wconf 79' lang='lat'><strong>.</strong></span> 
     </span>
    </p>
   </div>
   <div class='ocr_carea' id='block_1_33' title="bbox 272 1930 1920 2008">
    <p class='ocr_par' dir='ltr' id='par_1_33' title="bbox 272 1930 1920 2008">
     <span class='ocr_line' id='line_1_33' title="bbox 272 1930 1920 2008; baseline 0.004 -20"><span class='ocrx_word' id='word_1_240' title='bbox 272 1954 413 1997; x_wconf 88' lang='grc' dir='ltr'>σεως</span> <span class='ocrx_word' id='word_1_241' title='bbox 460 1934 527 1988; x_wconf 69' lang='grc' dir='ltr'>τὰ</span> <span class='ocrx_word' id='word_1_242' title='bbox 574 1936 764 1988; x_wconf 71' lang='grc' dir='ltr'>εανταῦ</span> <span class='ocrx_word' id='word_1_243' title='bbox 820 1932 1043 2008; x_wconf 78' lang='grc' dir='ltr'>παρεισά</span> <span class='ocrx_word' id='word_1_244' title='bbox 1102 1952 1310 2008; x_wconf 80' lang='grc' dir='ltr'>γοντος.</span> <span class='ocrx_word' id='word_1_245' title='bbox 1375 1930 1607 1987; x_wconf 78' lang='grc' dir='ltr'>Νοείσθω</span> <span class='ocrx_word' id='word_1_246' title='bbox 1651 1932 1821 1987; x_wconf 71' lang='grc' dir='ltr'>τοίνυν</span> <span class='ocrx_word' id='word_1_247' title='bbox 1850 1933 1920 1995; x_wconf 60' lang='grc' dir='ltr'><strong>ὧν.</strong></span> 
     </span>
    </p>
   </div>
   <div class='ocr_carea' id='block_1_34' title="bbox 272 2023 594 2100">
    <p class='ocr_par' dir='ltr' id='par_1_34' title="bbox 272 2023 594 2100">
     <span class='ocr_line' id='line_1_34' title="bbox 272 2023 594 2100; baseline -0.003 -23"><span class='ocrx_word' id='word_1_248' title='bbox 272 2023 594 2100; x_wconf 79' lang='grc' dir='ltr'>γέγραπται,</span> 
     </span>
    </p>
   </div>
   <div class='ocr_carea' id='block_1_35' title="bbox 1082 1829 1922 1919">
    <p class='ocr_par' dir='ltr' id='par_1_35' title="bbox 1082 1841 1919 1919">
     <span class='ocr_line' id='line_1_35' title="bbox 1082 1841 1919 1919; baseline 0.001 -23"><span class='ocrx_word' id='word_1_249' title='bbox 1082 1844 1169 1896; x_wconf 80' lang='grc' dir='ltr'><strong>καὶ</strong></span> <span class='ocrx_word' id='word_1_250' title='bbox 1240 1844 1293 1896; x_wconf 72' lang='grc' dir='ltr'>ἓν</span> <span class='ocrx_word' id='word_1_251' title='bbox 1344 1844 1691 1919; x_wconf 82' lang='grc' dir='ltr'>προσποιήσει</span> <span class='ocrx_word' id='word_1_252' title='bbox 1718 1841 1919 1919; x_wconf 76' lang='grc' dir='ltr'>ἔξηγή-</span> 
     </span>
    </p>
   </div>
   <div class='ocr_carea' id='block_1_36' title="bbox 2013 1829 3649 1919">
    <p class='ocr_par' dir='ltr' id='par_1_36' title="bbox 2013 1833 3649 1916">
     <span class='ocr_line' id='line_1_36' title="bbox 2013 1833 3649 1916; baseline -0.001 -18"><span class='ocrx_word' id='word_1_253' title='bbox 2013 1838 2143 1898; x_wconf 87' lang='lat' dir='ltr'><strong>dam</strong></span> <span class='ocrx_word' id='word_1_254' title='bbox 2178 1835 2322 1895; x_wconf 90' lang='lat' dir='ltr'><strong>mihi</strong></span> <span class='ocrx_word' id='word_1_255' title='bbox 2360 1834 2628 1894; x_wconf 83' lang='lat' dir='ltr'><strong>videntur</strong></span> <span class='ocrx_word' id='word_1_256' title='bbox 2660 1851 2775 1892; x_wconf 94' lang='lat' dir='ltr'><strong>non</strong></span> <span class='ocrx_word' id='word_1_257' title='bbox 2812 1833 3209 1897; x_wconf 84' lang='lat' dir='ltr'><strong>intellexisse:</strong></span> <span class='ocrx_word' id='word_1_258' title='bbox 3245 1837 3649 1916; x_wconf 86' lang='lat' dir='ltr'><strong>quicaptioni-</strong></span> 
     </span>
    </p>
   </div>
   <div class='ocr_carea' id='block_1_37' title="bbox 2008 1923 3645 2005">
    <p class='ocr_par' dir='ltr' id='par_1_37' title="bbox 2008 1923 3645 2005">
     <span class='ocr_line' id='line_1_37' title="bbox 2008 1923 3645 2005; baseline 0 -19"><span class='ocrx_word' id='word_1_259' title='bbox 2008 1926 2117 1987; x_wconf 91' lang='lat' dir='ltr'><strong>bus</strong></span> <span class='ocrx_word' id='word_1_260' title='bbox 2149 1924 2501 2005; x_wconf 90' lang='lat' dir='ltr'><strong>quibusdam</strong></span> <span class='ocrx_word' id='word_1_261' title='bbox 2531 1929 2705 2001; x_wconf 91' lang='lat' dir='ltr'><strong>atque</strong></span> <span class='ocrx_word' id='word_1_262' title='bbox 2739 1923 3087 2001; x_wconf 84' lang='lat' dir='ltr'><strong>tropologiis</strong></span> <span class='ocrx_word' id='word_1_263' title='bbox 3119 1943 3187 1985; x_wconf 83' lang='lat' dir='ltr'><strong>ex</strong></span> <span class='ocrx_word' id='word_1_264' title='bbox 3230 1944 3337 1985; x_wconf 91' lang='lat' dir='ltr'><strong>suo</strong></span> <span class='ocrx_word' id='word_1_265' title='bbox 3380 1926 3645 2005; x_wconf 89' lang='lat' dir='ltr'><strong>ipsorum</strong></span> 
     </span>
    </p>
   </div>
   <div class='ocr_carea' id='block_1_38' title="bbox 2008 2012 3649 2095">
    <p class='ocr_par' dir='ltr' id='par_1_38' title="bbox 2008 2012 3649 2095">
     <span class='ocr_line' id='line_1_38' title="bbox 2008 2012 3649 2095; baseline -0.001 -18"><span class='ocrx_word' id='word_1_266' title='bbox 2008 2016 2247 2095; x_wconf 79' lang='lat' dir='ltr'><strong>ingenio</strong></span> <span class='ocrx_word' id='word_1_267' title='bbox 2293 2013 2513 2093; x_wconf 88' lang='lat' dir='ltr'><strong>aliquid</strong></span> <span class='ocrx_word' id='word_1_268' title='bbox 2564 2012 2891 2090; x_wconf 81' lang='lat' dir='ltr'><strong>Scripturis</strong></span> <span class='ocrx_word' id='word_1_269' title='bbox 2940 2014 3234 2075; x_wconf 85' lang='lat' dir='ltr'><strong>asciscere</strong></span> <span class='ocrx_word' id='word_1_270' title='bbox 3286 2016 3649 2077; x_wconf 90' lang='lat' dir='ltr'><strong>auctoritatis</strong></span> 
     </span>
    </p>
   </div>
   <div class='ocr_carea' id='block_1_39' title="bbox 273 2100 3650 2190">
    <p class='ocr_par' dir='ltr' id='par_1_39' title="bbox 273 2100 3650 2190">
     <span class='ocr_line' id='line_1_39' title="bbox 273 2100 3650 2190; baseline -0.001 -19"><span class='ocrx_word' id='word_1_271' title='bbox 273 2110 479 2172; x_wconf 89' lang='lat' dir='ltr'><strong>conati</strong></span> <span class='ocrx_word' id='word_1_272' title='bbox 514 2118 669 2171; x_wconf 82' lang='lat' dir='ltr'><strong>sunt.</strong></span> <span class='ocrx_word' id='word_1_273' title='bbox 708 2108 931 2170; x_wconf 87' lang='lat' dir='ltr'><strong>Verum</strong></span> <span class='ocrx_word' id='word_1_274' title='bbox 966 2107 1021 2168; x_wconf 94' lang='lat' dir='ltr'><strong>id</strong></span> <span class='ocrx_word' id='word_1_275' title='bbox 1050 2110 1100 2167; x_wconf 91' lang='lat' dir='ltr'><strong>ei</strong></span> <span class='ocrx_word' id='word_1_276' title='bbox 1127 2108 1428 2188; x_wconf 75' lang='lat' dir='ltr'><strong>competit,</strong></span> <span class='ocrx_word' id='word_1_277' title='bbox 1467 2108 1655 2186; x_wconf 88' lang='lat' dir='ltr'><strong>quise</strong></span> <span class='ocrx_word' id='word_1_278' title='bbox 1684 2108 1874 2188; x_wconf 93' lang='lat' dir='ltr'><strong>ipsum</strong></span> <span class='ocrx_word' id='word_1_279' title='bbox 1920 2106 2171 2190; x_wconf 90' lang='lat' dir='ltr'><strong>Spiritus</strong></span> <span class='ocrx_word' id='word_1_280' title='bbox 2200 2105 2387 2165; x_wconf 89' lang='lat' dir='ltr'><strong>sancti</strong></span> <span class='ocrx_word' id='word_1_281' title='bbox 2413 2102 2671 2163; x_wconf 82' lang='lat' dir='ltr'><strong>oraculis</strong></span> <span class='ocrx_word' id='word_1_282' title='bbox 2694 2100 3010 2163; x_wconf 83' lang='lat' dir='ltr'><strong>constituit</strong></span> <span class='ocrx_word' id='word_1_283' title='bbox 3048 2105 3494 2186; x_wconf 86' lang='lat' dir='ltr'><strong>sapientiorem,</strong></span> <span class='ocrx_word' id='word_1_284' title='bbox 3522 2106 3650 2186; x_wconf 90' lang='lat' dir='ltr'><strong>qui-</strong></span> 
     </span>
    </p>
   </div>
   <div class='ocr_carea' id='block_1_40' title="bbox 276 2191 3439 2281">
    <p class='ocr_par' dir='ltr' id='par_1_40' title="bbox 276 2191 3439 2281">
     <span class='ocr_line' id='line_1_40' title="bbox 276 2191 3439 2281; baseline -0.001 -21"><span class='ocrx_word' id='word_1_285' title='bbox 276 2218 396 2281; x_wconf 87' lang='lat' dir='ltr'><strong>que</strong></span> <span class='ocrx_word' id='word_1_286' title='bbox 421 2198 931 2279; x_wconf 87' lang='lat' dir='ltr'><strong>interpretationis</strong></span> <span class='ocrx_word' id='word_1_287' title='bbox 963 2206 1253 2278; x_wconf 74' lang='lat' dir='ltr'><strong>przetextu</strong></span> <span class='ocrx_word' id='word_1_288' title='bbox 1280 2206 1615 2258; x_wconf 91' lang='lat' dir='ltr'><strong>commenta</strong></span> <span class='ocrx_word' id='word_1_289' title='bbox 1645 2217 1749 2258; x_wconf 91' lang='lat' dir='ltr'><strong>sua</strong></span> <span class='ocrx_word' id='word_1_290' title='bbox 1782 2198 2030 2260; x_wconf 90' lang='lat' dir='ltr'><strong>inducit.</strong></span> <span class='ocrx_word' id='word_1_291' title='bbox 2064 2195 2202 2257; x_wconf 57' lang='lat' dir='ltr'><strong>Haec</strong></span> <span class='ocrx_word' id='word_1_292' title='bbox 2234 2195 2451 2273; x_wconf 88' lang='lat' dir='ltr'><strong>itaque,</strong></span> <span class='ocrx_word' id='word_1_293' title='bbox 2484 2199 2547 2254; x_wconf 87' lang='lat' dir='ltr'><strong>ut</strong></span> <span class='ocrx_word' id='word_1_294' title='bbox 2572 2191 2789 2270; x_wconf 87' lang='lat' dir='ltr'><strong>scripta</strong></span> <span class='ocrx_word' id='word_1_295' title='bbox 2823 2200 2980 2266; x_wconf 87' lang='lat' dir='ltr'><strong>sunt,</strong></span> <span class='ocrx_word' id='word_1_296' title='bbox 3016 2194 3439 2273; x_wconf 78' lang='lat' dir='ltr'><strong>intelligantur.</strong></span> 
     </span>
    </p>
   </div>
   <div class='ocr_carea' id='block_1_41' title="bbox 360 2287 1925 2367">
    <p class='ocr_par' dir='ltr' id='par_1_41' title="bbox 360 2287 1925 2367">
     <span class='ocr_line' id='line_1_41' title="bbox 360 2287 1925 2367; baseline -0.004 -19"><span class='ocrx_word' id='word_1_297' title='bbox 360 2293 420 2349; x_wconf 80' lang='grc'><strong>2.</strong></span> <span class='ocrx_word' id='word_1_298' title='bbox 482 2287 819 2366; x_wconf 79' lang='grc' dir='ltr'>Ἐξαγαγέτω</span> <span class='ocrx_word' id='word_1_299' title='bbox 906 2290 937 2355; x_wconf 73' lang='grc' dir='ltr'>ἡ</span> <span class='ocrx_word' id='word_1_300' title='bbox 1022 2293 1090 2365; x_wconf 74' lang='grc' dir='ltr'>γῖι</span> <span class='ocrx_word' id='word_1_301' title='bbox 1181 2290 1365 2367; x_wconf 75' lang='grc' dir='ltr'>ψυχὴν</span> <span class='ocrx_word' id='word_1_302' title='bbox 1448 2296 1622 2358; x_wconf 73' lang='grc' dir='ltr'>ζωταν</span> <span class='ocrx_word' id='word_1_303' title='bbox 1714 2290 1925 2355; x_wconf 84' lang='grc' dir='ltr'>κτηνῶν</span> 
     </span>
    </p>
   </div>
   <div class='ocr_carea' id='block_1_42' title="bbox 276 2374 1924 2455">
    <p class='ocr_par' dir='ltr' id='par_1_42' title="bbox 276 2374 1924 2455">
     <span class='ocr_line' id='line_1_42' title="bbox 276 2374 1924 2455; baseline -0.001 -21"><span class='ocrx_word' id='word_1_304' title='bbox 276 2380 369 2436; x_wconf 83' lang='grc' dir='ltr'><strong>καὶ</strong></span> <span class='ocrx_word' id='word_1_305' title='bbox 429 2380 622 2455; x_wconf 75' lang='grc' dir='ltr'>θηρίων</span> <span class='ocrx_word' id='word_1_306' title='bbox 683 2378 770 2433; x_wconf 86' lang='grc' dir='ltr'><strong>καὶ</strong></span> <span class='ocrx_word' id='word_1_307' title='bbox 834 2376 1088 2454; x_wconf 73' lang='grc' dir='ltr'>ἑρπετῶν,</span> <span class='ocrx_word' id='word_1_308' title='bbox 1159 2377 1364 2442; x_wconf 82' lang='grc' dir='ltr'>Νόησον</span> <span class='ocrx_word' id='word_1_309' title='bbox 1424 2376 1569 2453; x_wconf 75' lang='grc' dir='ltr'>ῥῆμα</span> <span class='ocrx_word' id='word_1_310' title='bbox 1656 2384 1785 2433; x_wconf 75' lang='grc' dir='ltr'>Θεοῦ</span> <span class='ocrx_word' id='word_1_311' title='bbox 1842 2374 1924 2435; x_wconf 77' lang='grc' dir='ltr'><strong>διὰ</strong></span> 
     </span>
    </p>
   </div>
   <div class='ocr_carea' id='block_1_43' title="bbox 275 2466 1921 2546">
    <p class='ocr_par' dir='ltr' id='par_1_43' title="bbox 275 2466 1921 2546">
     <span class='ocr_line' id='line_1_43' title="bbox 275 2466 1921 2546; baseline -0.001 -21"><span class='ocrx_word' id='word_1_312' title='bbox 275 2474 379 2535; x_wconf 75' lang='grc' dir='ltr'><strong>τῆς</strong></span> <span class='ocrx_word' id='word_1_313' title='bbox 434 2468 652 2528; x_wconf 82' lang='grc' dir='ltr'>κτίσεως</span> <span class='ocrx_word' id='word_1_314' title='bbox 712 2466 958 2546; x_wconf 60' lang='grc' dir='ltr'>τρέχων</span> <span class='ocrx_word' id='word_1_315' title='bbox 995 2468 1079 2521; x_wconf 85' lang='grc' dir='ltr'><strong>καὶ</strong></span> <span class='ocrx_word' id='word_1_316' title='bbox 1124 2467 1244 2521; x_wconf 79' lang='grc' dir='ltr'>τότε</span> <span class='ocrx_word' id='word_1_317' title='bbox 1294 2466 1606 2544; x_wconf 72' lang='grc' dir='ltr'>ἀρξλμενον,</span> <span class='ocrx_word' id='word_1_318' title='bbox 1643 2468 1729 2522; x_wconf 85' lang='grc' dir='ltr'><strong>καὶ</strong></span> <span class='ocrx_word' id='word_1_319' title='bbox 1760 2467 1921 2546; x_wconf 78' lang='grc' dir='ltr'>μέχρι</span> 
     </span>
    </p>
   </div>
   <div class='ocr_carea' id='block_1_44' title="bbox 276 2552 1921 2634">
    <p class='ocr_par' dir='ltr' id='par_1_44' title="bbox 276 2552 1921 2634">
     <span class='ocr_line' id='line_1_44' title="bbox 276 2552 1921 2634; baseline -0.001 -21"><span class='ocrx_word' id='word_1_320' title='bbox 276 2568 365 2617; x_wconf 79' lang='grc' dir='ltr'><strong>νῦν</strong></span> <span class='ocrx_word' id='word_1_321' title='bbox 402 2557 664 2634; x_wconf 77' lang='grc' dir='ltr'>ἐνεργοῦν,</span> <span class='ocrx_word' id='word_1_322' title='bbox 713 2557 800 2611; x_wconf 84' lang='grc' dir='ltr'><strong>καὶ</strong></span> <span class='ocrx_word' id='word_1_323' title='bbox 832 2557 903 2617; x_wconf 80' lang='grc' dir='ltr'><strong>εἰς</strong></span> <span class='ocrx_word' id='word_1_324' title='bbox 948 2554 1096 2619; x_wconf 77' lang='grc' dir='ltr'>τέλος</span> <span class='ocrx_word' id='word_1_325' title='bbox 1154 2552 1339 2634; x_wconf 63' lang='grc' dir='ltr'>δεξιὸν,</span> <span class='ocrx_word' id='word_1_326' title='bbox 1386 2554 1486 2617; x_wconf 78' lang='grc' dir='ltr'>ἕως</span> <span class='ocrx_word' id='word_1_327' title='bbox 1550 2555 1607 2610; x_wconf 79' lang='grc' dir='ltr'><strong>ἂν</strong></span> <span class='ocrx_word' id='word_1_328' title='bbox 1653 2558 1679 2610; x_wconf 82' lang='grc' dir='ltr'><strong>ὁ</strong></span> <span class='ocrx_word' id='word_1_329' title='bbox 1723 2578 1921 2632; x_wconf 85' lang='grc' dir='ltr'>κοσμος</span> 
     </span>
    </p>
   </div>
   <div class='ocr_carea' id='block_1_45' title="bbox 277 2642 1921 2724">
    <p class='ocr_par' dir='ltr' id='par_1_45' title="bbox 277 2642 1921 2724">
     <span class='ocr_line' id='line_1_45' title="bbox 277 2642 1921 2724; baseline -0.001 -21"><span class='ocrx_word' id='word_1_330' title='bbox 277 2645 667 2724; x_wconf 72' lang='grc' dir='ltr'>ωμπληρωθῇ,</span> <span class='ocrx_word' id='word_1_331' title='bbox 727 2644 820 2708; x_wconf 77' lang='grc' dir='ltr'><strong>Ὠς</strong></span> <span class='ocrx_word' id='word_1_332' title='bbox 876 2646 975 2723; x_wconf 79' lang='grc' dir='ltr'><strong>γὰρ</strong></span> <span class='ocrx_word' id='word_1_333' title='bbox 1020 2647 1054 2712; x_wconf 74' lang='grc' dir='ltr'>ἡ</span> <span class='ocrx_word' id='word_1_334' title='bbox 1104 2658 1325 2723; x_wconf 52' lang='grc' dir='ltr'>σῳαϊρα,</span> <span class='ocrx_word' id='word_1_335' title='bbox 1373 2642 1584 2702; x_wconf 74' lang='grc' dir='ltr'>ἐπειδὰν</span> <span class='ocrx_word' id='word_1_336' title='bbox 1639 2646 1738 2700; x_wconf 77' lang='grc' dir='ltr'><strong>ὑπὸ</strong></span> <span class='ocrx_word' id='word_1_337' title='bbox 1781 2667 1921 2709; x_wconf 86' lang='grc' dir='ltr'>τινος</span> 
     </span>
    </p>
   </div>
   <div class='ocr_carea' id='block_1_46' title="bbox 274 2732 1922 2815">
    <p class='ocr_par' dir='ltr' id='par_1_46' title="bbox 274 2732 1922 2815">
     <span class='ocr_line' id='line_1_46' title="bbox 274 2732 1922 2815; baseline -0.001 -22"><span class='ocrx_word' id='word_1_338' title='bbox 274 2737 500 2810; x_wconf 75' lang='grc' dir='ltr'>ἂπωσθῇ</span> <span class='ocrx_word' id='word_1_339' title='bbox 544 2733 701 2815; x_wconf 77' lang='grc'>(12),</span> <span class='ocrx_word' id='word_1_340' title='bbox 761 2735 883 2790; x_wconf 74' lang='grc' dir='ltr'>εἶτα</span> <span class='ocrx_word' id='word_1_341' title='bbox 934 2741 1157 2814; x_wconf 81' lang='grc' dir='ltr'>πρανοῦς</span> <span class='ocrx_word' id='word_1_342' title='bbox 1200 2756 1340 2793; x_wconf 83' lang='grc' dir='ltr'>τινος</span> <span class='ocrx_word' id='word_1_343' title='bbox 1402 2732 1651 2807; x_wconf 65' lang='grc' dir='ltr'>λάϐηται,</span> <span class='ocrx_word' id='word_1_344' title='bbox 1707 2735 1807 2792; x_wconf 74' lang='grc' dir='ltr'>ὒπό</span> <span class='ocrx_word' id='word_1_345' title='bbox 1864 2757 1922 2791; x_wconf 87' lang='grc' dir='ltr'><strong>τε</strong></span> 
     </span>
    </p>
   </div>
   <div class='ocr_carea' id='block_1_47' title="bbox 276 2822 1922 2895">
    <p class='ocr_par' dir='ltr' id='par_1_47' title="bbox 276 2822 1922 2895">
     <span class='ocr_line' id='line_1_47' title="bbox 276 2822 1922 2895; baseline -0.002 -12"><span class='ocrx_word' id='word_1_346' title='bbox 276 2830 378 2895; x_wconf 75' lang='grc' dir='ltr'><strong>τῆς</strong></span> <span class='ocrx_word' id='word_1_347' title='bbox 424 2826 619 2888; x_wconf 74' lang='grc' dir='ltr'>οἰκείας</span> <span class='ocrx_word' id='word_1_348' title='bbox 676 2824 1006 2891; x_wconf 77' lang='grc' dir='ltr'>κατασκευῆς</span> <span class='ocrx_word' id='word_1_349' title='bbox 1061 2826 1279 2891; x_wconf 78' lang='grc' dir='ltr'>καὶτῆς</span> <span class='ocrx_word' id='word_1_350' title='bbox 1340 2822 1781 2891; x_wconf 74' lang='grc' dir='ltr'>ἐπιτηδειότητος</span> <span class='ocrx_word' id='word_1_351' title='bbox 1825 2832 1922 2881; x_wconf 86' lang='grc' dir='ltr'>τοᾶ</span> 
     </span>
    </p>
   </div>
   <div class='ocr_carea' id='block_1_48' title="bbox 276 2913 1917 2995">
    <p class='ocr_par' dir='ltr' id='par_1_48' title="bbox 276 2913 1917 2995">
     <span class='ocr_line' id='line_1_48' title="bbox 276 2913 1917 2995; baseline -0.001 -25"><span class='ocrx_word' id='word_1_352' title='bbox 276 2914 482 2995; x_wconf 85' lang='grc' dir='ltr'>χωρίου</span> <span class='ocrx_word' id='word_1_353' title='bbox 527 2914 737 2993; x_wconf 78' lang='grc' dir='ltr'>φέρεται</span> <span class='ocrx_word' id='word_1_354' title='bbox 782 2914 913 2992; x_wconf 77' lang='grc' dir='ltr'>πρὸς</span> <span class='ocrx_word' id='word_1_355' title='bbox 968 2914 1029 2968; x_wconf 84' lang='grc' dir='ltr'>τὸ</span> <span class='ocrx_word' id='word_1_356' title='bbox 1085 2913 1362 2993; x_wconf 80' lang='grc' dir='ltr'>κάταντες,</span> <span class='ocrx_word' id='word_1_357' title='bbox 1396 2915 1454 2969; x_wconf 71' lang='grc' dir='ltr'>οὗ</span> <span class='ocrx_word' id='word_1_358' title='bbox 1484 2915 1734 2991; x_wconf 81' lang='grc' dir='ltr'>πρότερον</span> <span class='ocrx_word' id='word_1_359' title='bbox 1765 2916 1917 2970; x_wconf 81' lang='grc' dir='ltr'>ἱστα-</span> 
     </span>
    </p>
   </div>
   <div class='ocr_carea' id='block_1_49' title="bbox 277 3000 1915 3078">
    <p class='ocr_par' dir='ltr' id='par_1_49' title="bbox 277 3000 1915 3078">
     <span class='ocr_line' id='line_1_49' title="bbox 277 3000 1915 3078; baseline -0.001 -18"><span class='ocrx_word' id='word_1_360' title='bbox 277 3004 417 3078; x_wconf 79' lang='grc' dir='ltr'>μένη</span> <span class='ocrx_word' id='word_1_361' title='bbox 476 3004 594 3076; x_wconf 86' lang='grc' dir='ltr'>πρὶν</span> <span class='ocrx_word' id='word_1_362' title='bbox 646 3002 708 3059; x_wconf 79' lang='grc' dir='ltr'><strong>ἄν</strong></span> <span class='ocrx_word' id='word_1_363' title='bbox 773 3024 822 3059; x_wconf 89' lang='grc' dir='ltr'><strong>τι</strong></span> <span class='ocrx_word' id='word_1_364' title='bbox 883 3007 987 3058; x_wconf 83' lang='grc' dir='ltr'><strong>τῶν</strong></span> <span class='ocrx_word' id='word_1_365' title='bbox 1043 3001 1301 3059; x_wconf 74' lang='grc' dir='ltr'>ἰσοπὲδων</span> <span class='ocrx_word' id='word_1_366' title='bbox 1358 3002 1520 3069; x_wconf 65' lang='grc' dir='ltr'>αὐτὴν</span> <span class='ocrx_word' id='word_1_367' title='bbox 1581 3000 1915 3070; x_wconf 73' lang='grc' dir='ltr'><strong>ὅποδέξηται⁸</strong></span> 
     </span>
    </p>
   </div>
   <div class='ocr_carea' id='block_1_50' title="bbox 275 3090 1920 3171">
    <p class='ocr_par' dir='ltr' id='par_1_50' title="bbox 275 3090 1920 3171">
     <span class='ocr_line' id='line_1_50' title="bbox 275 3090 1920 3171; baseline -0.001 -22"><span class='ocrx_word' id='word_1_368' title='bbox 275 3092 418 3150; x_wconf 71' lang='grc' dir='ltr'>οὕτω</span> <span class='ocrx_word' id='word_1_369' title='bbox 447 3094 481 3160; x_wconf 77' lang='grc' dir='ltr'>ἡ</span> <span class='ocrx_word' id='word_1_370' title='bbox 513 3093 660 3171; x_wconf 67' lang='grc' dir='ltr'>φύσις</span> <span class='ocrx_word' id='word_1_371' title='bbox 718 3092 825 3148; x_wconf 88' lang='grc' dir='ltr'><strong>τῶν</strong></span> <span class='ocrx_word' id='word_1_372' title='bbox 854 3090 1043 3171; x_wconf 80' lang='grc' dir='ltr'>ὅντων,</span> <span class='ocrx_word' id='word_1_373' title='bbox 1078 3090 1148 3147; x_wconf 76' lang='grc' dir='ltr'>ἐνὶ</span> <span class='ocrx_word' id='word_1_374' title='bbox 1201 3092 1568 3169; x_wconf 80' lang='grc' dir='ltr'>προστάγματι</span> <span class='ocrx_word' id='word_1_375' title='bbox 1607 3090 1733 3171; x_wconf 78' lang='grc'><strong>(13)</strong></span> <span class='ocrx_word' id='word_1_376' title='bbox 1761 3116 1920 3160; x_wconf 84' lang='grc' dir='ltr'>κινη-</span> 
     </span>
    </p>
   </div>
   <div class='ocr_carea' id='block_1_51' title="bbox 272 3180 1919 3261">
    <p class='ocr_par' dir='ltr' id='par_1_51' title="bbox 272 3180 1919 3261">
     <span class='ocr_line' id='line_1_51' title="bbox 272 3180 1919 3261; baseline -0.001 -22"><span class='ocrx_word' id='word_1_377' title='bbox 272 3186 454 3261; x_wconf 79' lang='grc' dir='ltr'>θεῖσα,</span> <span class='ocrx_word' id='word_1_378' title='bbox 486 3183 583 3249; x_wconf 71' lang='grc' dir='ltr'>τὴν</span> <span class='ocrx_word' id='word_1_379' title='bbox 642 3180 691 3237; x_wconf 65' lang='grc' dir='ltr'><strong>ξπ.</strong></span> <span class='ocrx_word' id='word_1_380' title='bbox 744 3189 812 3258; x_wconf 73' lang='grc' dir='ltr'><strong>τῇ</strong></span> <span class='ocrx_word' id='word_1_381' title='bbox 860 3182 1061 3260; x_wconf 80' lang='grc' dir='ltr'>γενέσει</span> <span class='ocrx_word' id='word_1_382' title='bbox 1122 3182 1209 3237; x_wconf 85' lang='grc' dir='ltr'><strong>καὶ</strong></span> <span class='ocrx_word' id='word_1_383' title='bbox 1264 3184 1427 3260; x_wconf 79' lang='grc' dir='ltr'>φθορᾷ</span> <span class='ocrx_word' id='word_1_384' title='bbox 1483 3185 1648 3237; x_wconf 83' lang='grc' dir='ltr'>κτίσιν</span> <span class='ocrx_word' id='word_1_385' title='bbox 1704 3181 1919 3258; x_wconf 80' lang='grc' dir='ltr'>ὁμαλῶς</span> 
     </span>
    </p>
   </div>
   <div class='ocr_carea' id='block_1_52' title="bbox 274 3268 1917 3351">
    <p class='ocr_par' dir='ltr' id='par_1_52' title="bbox 274 3268 1917 3351">
     <span class='ocr_line' id='line_1_52' title="bbox 274 3268 1917 3351; baseline 0 -24"><span class='ocrx_word' id='word_1_386' title='bbox 274 3270 623 3351; x_wconf 74' lang='grc' dir='ltr'>διεξέρχεται,</span> <span class='ocrx_word' id='word_1_387' title='bbox 671 3272 763 3334; x_wconf 81' lang='grc' dir='ltr'><strong>τὰς</strong></span> <span class='ocrx_word' id='word_1_388' title='bbox 816 3279 922 3328; x_wconf 89' lang='grc' dir='ltr'><strong>τῶν</strong></span> <span class='ocrx_word' id='word_1_389' title='bbox 952 3275 1117 3347; x_wconf 82' lang='grc' dir='ltr'>γενῶν</span> <span class='ocrx_word' id='word_1_390' title='bbox 1148 3270 1455 3335; x_wconf 77' lang='grc' dir='ltr'>ἀκολουθίας</span> <span class='ocrx_word' id='word_1_391' title='bbox 1486 3268 1551 3325; x_wconf 83' lang='grc' dir='ltr'>δι’</span> <span class='ocrx_word' id='word_1_392' title='bbox 1597 3271 1917 3345; x_wconf 77' lang='grc' dir='ltr'>ὁμοιότητος</span> 
     </span>
    </p>
   </div>
   <div class='ocr_carea' id='block_1_53' title="bbox 275 3360 1915 3438">
    <p class='ocr_par' dir='ltr' id='par_1_53' title="bbox 275 3360 1915 3438">
     <span class='ocr_line' id='line_1_53' title="bbox 275 3360 1915 3438; baseline 0 -21"><span class='ocrx_word' id='word_1_393' title='bbox 275 3361 649 3431; x_wconf 77' lang='grc' dir='ltr'>ἀποσώζουσα,</span> <span class='ocrx_word' id='word_1_394' title='bbox 684 3360 783 3424; x_wconf 77' lang='grc' dir='ltr'>ἕως</span> <span class='ocrx_word' id='word_1_395' title='bbox 839 3360 901 3415; x_wconf 76' lang='grc' dir='ltr'><strong>ἂν</strong></span> <span class='ocrx_word' id='word_1_396' title='bbox 945 3382 1075 3438; x_wconf 91' lang='grc' dir='ltr'>προς</span> <span class='ocrx_word' id='word_1_397' title='bbox 1140 3361 1265 3418; x_wconf 68' lang='grc' dir='ltr'>αὐτὸ</span> <span class='ocrx_word' id='word_1_398' title='bbox 1298 3361 1604 3436; x_wconf 80' lang='grc' dir='ltr'>καταντήσῃ</span> <span class='ocrx_word' id='word_1_399' title='bbox 1640 3362 1699 3417; x_wconf 83' lang='grc' dir='ltr'>τὸ</span> <span class='ocrx_word' id='word_1_400' title='bbox 1729 3360 1915 3429; x_wconf 82' lang='grc' dir='ltr'>τήλος,</span> 
     </span>
    </p>
   </div>
   <div class='ocr_carea' id='block_1_54' title="bbox 276 3447 1920 3528">
    <p class='ocr_par' dir='ltr' id='par_1_54' title="bbox 276 3447 1920 3528">
     <span class='ocr_line' id='line_1_54' title="bbox 276 3447 1920 3528; baseline 0 -22"><span class='ocrx_word' id='word_1_401' title='bbox 276 3448 485 3506; x_wconf 69' lang='grc' dir='ltr'>’Ἵππον</span> <span class='ocrx_word' id='word_1_402' title='bbox 533 3451 628 3525; x_wconf 78' lang='grc' dir='ltr'>μὲν</span> <span class='ocrx_word' id='word_1_403' title='bbox 690 3449 788 3527; x_wconf 76' lang='grc' dir='ltr'><strong>γὰρ</strong></span> <span class='ocrx_word' id='word_1_404' title='bbox 837 3448 977 3505; x_wconf 64' lang='grc' dir='ltr'>’ίππο</span> <span class='ocrx_word' id='word_1_405' title='bbox 1020 3462 1255 3506; x_wconf 72' lang='grc' dir='ltr'>ποιεῖται</span> <span class='ocrx_word' id='word_1_406' title='bbox 1299 3447 1571 3528; x_wconf 61' lang='grc' dir='ltr'>διάδοχον,</span> <span class='ocrx_word' id='word_1_407' title='bbox 1618 3453 1701 3505; x_wconf 84' lang='grc' dir='ltr'>καὶ</span> <span class='ocrx_word' id='word_1_408' title='bbox 1734 3448 1920 3506; x_wconf 78' lang='grc' dir='ltr'>λέοντα</span> 
     </span>
    </p>
   </div>
   <div class='ocr_carea' id='block_1_55' title="bbox 276 3538 1918 3609">
    <p class='ocr_par' dir='ltr' id='par_1_55' title="bbox 276 3538 1918 3609">
     <span class='ocr_line' id='line_1_55' title="bbox 276 3538 1918 3609; baseline 0.001 -16"><span class='ocrx_word' id='word_1_409' title='bbox 276 3538 511 3607; x_wconf 79' lang='grc' dir='ltr'>λέοντος,</span> <span class='ocrx_word' id='word_1_410' title='bbox 546 3539 633 3593; x_wconf 83' lang='grc' dir='ltr'><strong>καὶ</strong></span> <span class='ocrx_word' id='word_1_411' title='bbox 681 3538 837 3594; x_wconf 78' lang='grc' dir='ltr'>ἀετὸν</span> <span class='ocrx_word' id='word_1_412' title='bbox 895 3538 1069 3594; x_wconf 83' lang='grc' dir='ltr'>ἀετοῦ’</span> <span class='ocrx_word' id='word_1_413' title='bbox 1107 3539 1194 3594; x_wconf 82' lang='grc' dir='ltr'><strong>καὶ</strong></span> <span class='ocrx_word' id='word_1_414' title='bbox 1224 3538 1444 3593; x_wconf 64' lang='lat' dir='ltr'><strong>&#39;s&#39;mctw</strong></span> <span class='ocrx_word' id='word_1_415' title='bbox 1473 3544 1578 3594; x_wconf 88' lang='grc' dir='ltr'><strong>τῶν</strong></span> <span class='ocrx_word' id='word_1_416' title='bbox 1608 3539 1757 3609; x_wconf 84' lang='grc' dir='ltr'>ζώων</span> <span class='ocrx_word' id='word_1_417' title='bbox 1799 3552 1918 3603; x_wconf 75' lang='grc' dir='ltr'>ταῖς</span> 
     </span>
    </p>
   </div>
   <div class='ocr_carea' id='block_1_56' title="bbox 275 3625 1918 3708">
    <p class='ocr_par' dir='ltr' id='par_1_56' title="bbox 275 3625 1918 3708">
     <span class='ocr_line' id='line_1_56' title="bbox 275 3625 1918 3708; baseline 0 -25"><span class='ocrx_word' id='word_1_418' title='bbox 275 3626 465 3708; x_wconf 66' lang='grc' dir='ltr'>ἐφεξῆς</span> <span class='ocrx_word' id='word_1_419' title='bbox 497 3625 773 3707; x_wconf 78' lang='grc' dir='ltr'>διαδοχαῖς</span> <span class='ocrx_word' id='word_1_420' title='bbox 822 3628 1239 3707; x_wconf 74' lang='grc' dir='ltr'>συντηρούμενον</span> <span class='ocrx_word' id='word_1_421' title='bbox 1302 3626 1464 3707; x_wconf 76' lang='grc' dir='ltr'>μέχρι</span> <span class='ocrx_word' id='word_1_422' title='bbox 1498 3628 1593 3695; x_wconf 68' lang='grc' dir='ltr'><strong>τῆς</strong></span> <span class='ocrx_word' id='word_1_423' title='bbox 1626 3630 1918 3689; x_wconf 77' lang='grc' dir='ltr'>συντελείας</span> 
     </span>
    </p>
   </div>
   <div class='ocr_carea' id='block_1_57' title="bbox 275 3715 1927 3797">
    <p class='ocr_par' dir='ltr' id='par_1_57' title="bbox 275 3715 1927 3797">
     <span class='ocr_line' id='line_1_57' title="bbox 275 3715 1927 3797; baseline 0 -24"><span class='ocrx_word' id='word_1_424' title='bbox 275 3729 371 3776; x_wconf 74' lang='grc' dir='ltr'>τοῦ</span> <span class='ocrx_word' id='word_1_425' title='bbox 412 3718 611 3780; x_wconf 82' lang='grc' dir='ltr'>παντὸς</span> <span class='ocrx_word' id='word_1_426' title='bbox 657 3718 1025 3795; x_wconf 81' lang='grc' dir='ltr'>παραπέμπει,</span> <span class='ocrx_word' id='word_1_427' title='bbox 1081 3715 1257 3780; x_wconf 67' lang='grc' dir='ltr'>Οὐδεὶς</span> <span class='ocrx_word' id='word_1_428' title='bbox 1321 3718 1517 3797; x_wconf 77' lang='grc' dir='ltr'>χρόνος</span> <span class='ocrx_word' id='word_1_429' title='bbox 1578 3716 1927 3796; x_wconf 75' lang='grc' dir='ltr'>διεφθαρμένα</span> 
     </span>
    </p>
   </div>
   <div class='ocr_carea' id='block_1_58' title="bbox 276 3804 1923 3885">
    <p class='ocr_par' dir='ltr' id='par_1_58' title="bbox 276 3804 1923 3885">
     <span class='ocr_line' id='line_1_58' title="bbox 276 3804 1923 3885; baseline -0.001 -24"><span class='ocrx_word' id='word_1_430' title='bbox 276 3808 314 3875; x_wconf 73' lang='grc' dir='ltr'>ἢ</span> <span class='ocrx_word' id='word_1_431' title='bbox 350 3804 565 3871; x_wconf 78' lang='grc' dir='ltr'>ἐξίτηλα</span> <span class='ocrx_word' id='word_1_432' title='bbox 595 3819 743 3862; x_wconf 79' lang='grc' dir='ltr'>ποιεῖ</span> <span class='ocrx_word' id='word_1_433' title='bbox 776 3805 905 3885; x_wconf 80' lang='grc'>(14)</span> <span class='ocrx_word' id='word_1_434' title='bbox 934 3813 1040 3863; x_wconf 87' lang='grc' dir='ltr'><strong>τῶν</strong></span> <span class='ocrx_word' id='word_1_435' title='bbox 1070 3806 1216 3876; x_wconf 86' lang='grc' dir='ltr'>ζώων</span> <span class='ocrx_word' id='word_1_436' title='bbox 1263 3809 1326 3863; x_wconf 75' lang='grc' dir='ltr'>τὰ</span> <span class='ocrx_word' id='word_1_437' title='bbox 1350 3805 1631 3882; x_wconf 69' lang='grc' dir='ltr'>ἱδιώματα,</span> <span class='ocrx_word' id='word_1_438' title='bbox 1662 3804 1780 3862; x_wconf 83' lang='grc' dir='ltr'>ἀλλ’</span> <span class='ocrx_word' id='word_1_439' title='bbox 1811 3806 1923 3861; x_wconf 79' lang='grc' dir='ltr'><strong>ὥσ-</strong></span> 
     </span>
    </p>
   </div>
   <div class='ocr_carea' id='block_1_59' title="bbox 276 3895 1926 3975">
    <p class='ocr_par' dir='ltr' id='par_1_59' title="bbox 276 3895 1926 3975">
     <span class='ocr_line' id='line_1_59' title="bbox 276 3895 1926 3975; baseline -0.002 -21"><span class='ocrx_word' id='word_1_440' title='bbox 276 3919 378 3975; x_wconf 84' lang='grc' dir='ltr'><strong>περ</strong></span> <span class='ocrx_word' id='word_1_441' title='bbox 413 3895 525 3973; x_wconf 74' lang='grc' dir='ltr'>ἄρτι</span> <span class='ocrx_word' id='word_1_442' title='bbox 558 3896 920 3969; x_wconf 82' lang='grc' dir='ltr'>καθισταμένη</span> <span class='ocrx_word' id='word_1_443' title='bbox 948 3899 980 3964; x_wconf 80' lang='grc' dir='ltr'>ἡ</span> <span class='ocrx_word' id='word_1_444' title='bbox 1016 3898 1163 3975; x_wconf 63' lang='grc' dir='ltr'>φύσις</span> <span class='ocrx_word' id='word_1_445' title='bbox 1199 3897 1274 3952; x_wconf 73' lang='grc' dir='ltr'><strong>αεὶ</strong></span> <span class='ocrx_word' id='word_1_446' title='bbox 1304 3897 1461 3973; x_wconf 77' lang='grc' dir='ltr'>νεαρὰ</span> <span class='ocrx_word' id='word_1_447' title='bbox 1492 3903 1565 3970; x_wconf 85' lang='grc' dir='ltr'>τῷ</span> <span class='ocrx_word' id='word_1_448' title='bbox 1597 3896 1776 3975; x_wconf 70' lang='grc' dir='ltr'>χρόνῳ</span> <span class='ocrx_word' id='word_1_449' title='bbox 1798 3918 1926 3971; x_wconf 85' lang='grc' dir='ltr'>συμ-</span> 
     </span>
    </p>
   </div>
   <div class='ocr_carea' id='block_1_60' title="bbox 276 3984 1919 4065">
    <p class='ocr_par' dir='ltr' id='par_1_60' title="bbox 276 3984 1919 4065">
     <span class='ocr_line' id='line_1_60' title="bbox 276 3984 1919 4065; baseline -0.001 -23"><span class='ocrx_word' id='word_1_450' title='bbox 276 3985 630 4065; x_wconf 81' lang='grc' dir='ltr'>παρατρέχεί,</span> <span class='ocrx_word' id='word_1_451' title='bbox 692 3984 1032 4064; x_wconf 76' lang='grc' dir='ltr'>Ἐξαγαγέτω</span> <span class='ocrx_word' id='word_1_452' title='bbox 1087 3988 1120 4053; x_wconf 78' lang='grc' dir='ltr'>ἡ</span> <span class='ocrx_word' id='word_1_453' title='bbox 1175 3991 1246 4064; x_wconf 82' lang='grc' dir='ltr'>γῆ</span> <span class='ocrx_word' id='word_1_454' title='bbox 1308 3986 1493 4065; x_wconf 72' lang='grc' dir='ltr'>ψυχὴν</span> <span class='ocrx_word' id='word_1_455' title='bbox 1536 3992 1733 4057; x_wconf 77' lang='grc' dir='ltr'>ζῶσαν.</span> <span class='ocrx_word' id='word_1_456' title='bbox 1783 3994 1919 4043; x_wconf 76' lang='grc' dir='ltr'><strong>Τοῦ-</strong></span> 
     </span>
    </p>
   </div>
   <div class='ocr_carea' id='block_1_61' title="bbox 276 4074 1923 4155">
    <p class='ocr_par' dir='ltr' id='par_1_61' title="bbox 276 4074 1923 4155">
     <span class='ocr_line' id='line_1_61' title="bbox 276 4074 1923 4155; baseline -0.001 -24"><span class='ocrx_word' id='word_1_457' title='bbox 276 4097 340 4131; x_wconf 86' lang='grc' dir='ltr'><strong>το</strong></span> <span class='ocrx_word' id='word_1_458' title='bbox 372 4074 682 4148; x_wconf 73' lang='grc' dir='ltr'>ἐναπέμεινε</span> <span class='ocrx_word' id='word_1_459' title='bbox 740 4081 809 4151; x_wconf 80' lang='grc' dir='ltr'><strong>τῇ</strong></span> <span class='ocrx_word' id='word_1_460' title='bbox 857 4082 929 4154; x_wconf 75' lang='grc' dir='ltr'><strong>γῇ</strong></span> <span class='ocrx_word' id='word_1_461' title='bbox 970 4074 1311 4155; x_wconf 79' lang='grc' dir='ltr'>πρόσταγμα,</span> <span class='ocrx_word' id='word_1_462' title='bbox 1345 4076 1429 4130; x_wconf 84' lang='grc' dir='ltr'><strong>καὶ</strong></span> <span class='ocrx_word' id='word_1_463' title='bbox 1470 4078 1529 4133; x_wconf 74' lang='grc' dir='ltr'>οὗ</span> <span class='ocrx_word' id='word_1_464' title='bbox 1583 4078 1803 4132; x_wconf 81' lang='grc' dir='ltr'>παύεται</span> <span class='ocrx_word' id='word_1_465' title='bbox 1836 4075 1923 4140; x_wconf 77' lang='grc' dir='ltr'><strong>ἒξ-</strong></span> 
     </span>
    </p>
   </div>
   <div class='ocr_carea' id='block_1_62' title="bbox 276 4162 1924 4245">
    <p class='ocr_par' dir='ltr' id='par_1_62' title="bbox 276 4162 1924 4245">
     <span class='ocr_line' id='line_1_62' title="bbox 276 4162 1924 4245; baseline 0.004 -28"><span class='ocrx_word' id='word_1_466' title='bbox 276 4162 683 4239; x_wconf 83' lang='grc' dir='ltr'>υπηρετουμένη</span> <span class='ocrx_word' id='word_1_467' title='bbox 730 4168 807 4236; x_wconf 82' lang='grc' dir='ltr'><strong>τῷ</strong></span> <span class='ocrx_word' id='word_1_468' title='bbox 854 4165 1089 4221; x_wconf 86' lang='grc' dir='ltr'>κτίσαντι</span> <span class='ocrx_word' id='word_1_469' title='bbox 1336 4166 1411 4222; x_wconf 81' lang='grc' dir='ltr'><strong>Τὰ</strong></span> <span class='ocrx_word' id='word_1_470' title='bbox 1444 4165 1541 4239; x_wconf 79' lang='grc' dir='ltr'>μὲν</span> <span class='ocrx_word' id='word_1_471' title='bbox 1570 4187 1672 4243; x_wconf 78' lang='grc' dir='ltr'><strong>γαρ</strong></span> <span class='ocrx_word' id='word_1_472' title='bbox 1720 4164 1781 4223; x_wconf 72' lang='grc' dir='ltr'>ἐκ</span> <span class='ocrx_word' id='word_1_473' title='bbox 1827 4170 1924 4231; x_wconf 79' lang='grc' dir='ltr'>τῆς</span> 
     </span>
    </p>
   </div>
   <div class='ocr_carea' id='block_1_63' title="bbox 278 4250 1925 4334">
    <p class='ocr_par' dir='ltr' id='par_1_63' title="bbox 278 4250 1925 4334">
     <span class='ocr_line' id='line_1_63' title="bbox 278 4250 1925 4334; baseline 0 -25"><span class='ocrx_word' id='word_1_474' title='bbox 278 4250 543 4332; x_wconf 73' lang='grc' dir='ltr'>διαδοχῆς</span> <span class='ocrx_word' id='word_1_475' title='bbox 612 4258 719 4308; x_wconf 89' lang='grc' dir='ltr'><strong>τῶν</strong></span> <span class='ocrx_word' id='word_1_476' title='bbox 769 4254 1223 4334; x_wconf 81' lang='grc' dir='ltr'>προῦπαρχόντων</span> <span class='ocrx_word' id='word_1_477' title='bbox 1283 4254 1596 4333; x_wconf 82' lang='grc' dir='ltr'>παράγεται⁶</span> <span class='ocrx_word' id='word_1_478' title='bbox 1644 4256 1709 4309; x_wconf 73' lang='grc' dir='ltr'><strong>τὰ</strong></span> <span class='ocrx_word' id='word_1_479' title='bbox 1763 4252 1817 4309; x_wconf 75' lang='grc' dir='ltr'>δὲ</span> <span class='ocrx_word' id='word_1_480' title='bbox 1849 4255 1925 4309; x_wconf 76' lang='grc' dir='ltr'>ἔτι</span> 
     </span>
    </p>
   </div>
   <div class='ocr_carea' id='block_1_64' title="bbox 277 4340 1926 4420">
    <p class='ocr_par' dir='ltr' id='par_1_64' title="bbox 277 4340 1926 4420">
     <span class='ocr_line' id='line_1_64' title="bbox 277 4340 1926 4420; baseline 0.001 -22"><span class='ocrx_word' id='word_1_481' title='bbox 277 4344 369 4398; x_wconf 79' lang='grc' dir='ltr'><strong>καί</strong></span> <span class='ocrx_word' id='word_1_482' title='bbox 416 4351 505 4399; x_wconf 82' lang='grc' dir='ltr'>νῦν</span> <span class='ocrx_word' id='word_1_483' title='bbox 556 4340 606 4406; x_wconf 74' lang='grc' dir='ltr'><strong>ἐξ</strong></span> <span class='ocrx_word' id='word_1_484' title='bbox 663 4344 826 4407; x_wconf 72' lang='grc' dir='ltr'>αὐτῆς</span> <span class='ocrx_word' id='word_1_485' title='bbox 885 4342 980 4409; x_wconf 80' lang='grc' dir='ltr'><strong>τῆς</strong></span> <span class='ocrx_word' id='word_1_486' title='bbox 1040 4348 1137 4420; x_wconf 80' lang='grc' dir='ltr'>γῆς</span> <span class='ocrx_word' id='word_1_487' title='bbox 1198 4344 1595 4420; x_wconf 78' lang='grc' dir='ltr'>ζωογονούμενα</span> <span class='ocrx_word' id='word_1_488' title='bbox 1643 4342 1926 4405; x_wconf 84' lang='grc' dir='ltr'>δείκνυται,</span> 
     </span>
    </p>
   </div>
   <div class='ocr_carea' id='block_1_65' title="bbox 280 4430 1928 4512">
    <p class='ocr_par' dir='ltr' id='par_1_65' title="bbox 280 4430 1928 4512">
     <span class='ocr_line' id='line_1_65' title="bbox 280 4430 1928 4512; baseline -0.001 -22"><span class='ocrx_word' id='word_1_489' title='bbox 280 4435 356 4490; x_wconf 71' lang='grc' dir='ltr'>Οὐ</span> <span class='ocrx_word' id='word_1_490' title='bbox 385 4431 485 4509; x_wconf 73' lang='grc' dir='ltr'><strong>γὰρ</strong></span> <span class='ocrx_word' id='word_1_491' title='bbox 536 4432 695 4505; x_wconf 82' lang='grc' dir='ltr'>μόνον</span> <span class='ocrx_word' id='word_1_492' title='bbox 750 4430 1001 4509; x_wconf 82' lang='grc' dir='ltr'>τέττιγας</span> <span class='ocrx_word' id='word_1_493' title='bbox 1064 4431 1118 4486; x_wconf 83' lang='grc' dir='ltr'>ἐν</span> <span class='ocrx_word' id='word_1_494' title='bbox 1177 4430 1489 4509; x_wconf 79' lang='grc' dir='ltr'>ἐπομϐρίαις</span> <span class='ocrx_word' id='word_1_495' title='bbox 1551 4432 1928 4512; x_wconf 50' lang='grc' dir='ltr'>ἂνίησιν,οωὲ</span> 
     </span>
    </p>
   </div>
   <div class='ocr_carea' id='block_1_66' title="bbox 2090 2283 3650 2365">
    <p class='ocr_par' dir='ltr' id='par_1_66' title="bbox 2090 2283 3650 2365">
     <span class='ocr_line' id='line_1_66' title="bbox 2090 2283 3650 2365; baseline 0.001 -18"><span class='ocrx_word' id='word_1_496' title='bbox 2090 2288 2147 2348; x_wconf 68' lang='lat'><strong>2.</strong></span> <span class='ocrx_word' id='word_1_497' title='bbox 2162 2284 2467 2345; x_wconf 81' lang='lat' dir='ltr'><strong>Producat</strong></span> <span class='ocrx_word' id='word_1_498' title='bbox 2499 2290 2659 2342; x_wconf 82' lang='lat' dir='ltr'><strong>terra</strong></span> <span class='ocrx_word' id='word_1_499' title='bbox 2678 2283 2950 2342; x_wconf 77' lang='lat' dir='ltr'><strong>animum</strong></span> <span class='ocrx_word' id='word_1_500' title='bbox 2972 2285 3281 2344; x_wconf 75' lang='lat' dir='ltr'><strong>viventem</strong></span> <span class='ocrx_word' id='word_1_501' title='bbox 3298 2302 3578 2365; x_wconf 84' lang='lat' dir='ltr'><strong>pecorum</strong></span> <span class='ocrx_word' id='word_1_502' title='bbox 3594 2291 3650 2348; x_wconf 82' lang='lat' dir='ltr'><strong>et</strong></span> 
     </span>
    </p>
   </div>
   <div class='ocr_carea' id='block_1_67' title="bbox 2011 2370 3652 2455">
    <p class='ocr_par' dir='ltr' id='par_1_67' title="bbox 2011 2370 3652 2455">
     <span class='ocr_line' id='line_1_67' title="bbox 2011 2370 3652 2455; baseline -0.001 -17"><span class='ocrx_word' id='word_1_503' title='bbox 2011 2377 2344 2438; x_wconf 76' lang='lat' dir='ltr'><strong>bestiarum</strong></span> <span class='ocrx_word' id='word_1_504' title='bbox 2366 2380 2422 2433; x_wconf 86' lang='lat' dir='ltr'><strong>et</strong></span> <span class='ocrx_word' id='word_1_505' title='bbox 2444 2371 2809 2451; x_wconf 76' lang='lat' dir='ltr'><strong>reptilium“</strong></span> <span class='ocrx_word' id='word_1_506' title='bbox 2828 2370 3174 2433; x_wconf 88' lang='lat' dir='ltr'><strong>.Considera</strong></span> <span class='ocrx_word' id='word_1_507' title='bbox 3190 2373 3293 2434; x_wconf 85' lang='lat' dir='ltr'><strong>Dei</strong></span> <span class='ocrx_word' id='word_1_508' title='bbox 3310 2392 3518 2436; x_wconf 87' lang='lat' dir='ltr'><strong>vocem</strong></span> <span class='ocrx_word' id='word_1_509' title='bbox 3545 2394 3652 2455; x_wconf 89' lang='lat' dir='ltr'><strong>per</strong></span> 
     </span>
    </p>
   </div>
   <div class='ocr_carea' id='block_1_68' title="bbox 2005 2460 3651 2544">
    <p class='ocr_par' dir='ltr' id='par_1_68' title="bbox 2005 2460 3651 2544">
     <span class='ocr_line' id='line_1_68' title="bbox 2005 2460 3651 2544; baseline -0.001 -17"><span class='ocrx_word' id='word_1_510' title='bbox 2005 2485 2103 2527; x_wconf 91' lang='lat' dir='ltr'><strong>res</strong></span> <span class='ocrx_word' id='word_1_511' title='bbox 2139 2473 2372 2527; x_wconf 91' lang='lat' dir='ltr'><strong>creatas</strong></span> <span class='ocrx_word' id='word_1_512' title='bbox 2406 2460 2850 2541; x_wconf 84' lang='lat' dir='ltr'><strong>pervadentem,</strong></span> <span class='ocrx_word' id='word_1_513' title='bbox 2886 2479 3016 2541; x_wconf 73' lang='lat' dir='ltr'><strong>quze</strong></span> <span class='ocrx_word' id='word_1_514' title='bbox 3060 2470 3119 2521; x_wconf 91' lang='lat' dir='ltr'><strong>et</strong></span> <span class='ocrx_word' id='word_1_515' title='bbox 3145 2472 3281 2525; x_wconf 91' lang='lat' dir='ltr'><strong>tunc</strong></span> <span class='ocrx_word' id='word_1_516' title='bbox 3312 2465 3554 2544; x_wconf 85' lang='lat' dir='ltr'><strong>incepit,</strong></span> <span class='ocrx_word' id='word_1_517' title='bbox 3593 2474 3651 2525; x_wconf 88' lang='lat' dir='ltr'><strong>et</strong></span> 
     </span>
    </p>
   </div>
   <div class='ocr_carea' id='block_1_69' title="bbox 2006 2550 3643 2636">
    <p class='ocr_par' dir='ltr' id='par_1_69' title="bbox 2006 2550 3643 2636">
     <span class='ocr_line' id='line_1_69' title="bbox 2006 2550 3643 2636; baseline 0 -21"><span class='ocrx_word' id='word_1_518' title='bbox 2006 2574 2194 2636; x_wconf 88' lang='lat' dir='ltr'><strong>usque</strong></span> <span class='ocrx_word' id='word_1_519' title='bbox 2216 2554 2285 2615; x_wconf 86' lang='lat' dir='ltr'><strong>ad</strong></span> <span class='ocrx_word' id='word_1_520' title='bbox 2298 2565 2413 2612; x_wconf 80' lang='lat' dir='ltr'><strong>nuc</strong></span> <span class='ocrx_word' id='word_1_521' title='bbox 2432 2550 2635 2611; x_wconf 81' lang='lat' dir='ltr'><strong>ellicax</strong></span> <span class='ocrx_word' id='word_1_522' title='bbox 2659 2558 2775 2620; x_wconf 83' lang='lat' dir='ltr'><strong>est,</strong></span> <span class='ocrx_word' id='word_1_523' title='bbox 2799 2568 2865 2609; x_wconf 92' lang='lat' dir='ltr'><strong>ac</strong></span> <span class='ocrx_word' id='word_1_524' title='bbox 2897 2550 2957 2609; x_wconf 91' lang='lat' dir='ltr'><strong>in</strong></span> <span class='ocrx_word' id='word_1_525' title='bbox 2990 2552 3169 2610; x_wconf 87' lang='lat' dir='ltr'><strong>finem</strong></span> <span class='ocrx_word' id='word_1_526' title='bbox 3192 2557 3512 2614; x_wconf 88' lang='lat' dir='ltr'><strong>transitura</strong></span> <span class='ocrx_word' id='word_1_527' title='bbox 3534 2562 3643 2627; x_wconf 89' lang='lat' dir='ltr'><strong>est,</strong></span> 
     </span>
    </p>
   </div>
   <div class='ocr_carea' id='block_1_70' title="bbox 2006 2639 3645 2725">
    <p class='ocr_par' dir='ltr' id='par_1_70' title="bbox 2006 2639 3645 2725">
     <span class='ocr_line' id='line_1_70' title="bbox 2006 2639 3645 2725; baseline -0.001 -19"><span class='ocrx_word' id='word_1_528' title='bbox 2006 2644 2197 2725; x_wconf 90' lang='lat' dir='ltr'><strong>quoad</strong></span> <span class='ocrx_word' id='word_1_529' title='bbox 2232 2648 2678 2704; x_wconf 85' lang='lat' dir='ltr'><strong>consummatus</strong></span> <span class='ocrx_word' id='word_1_530' title='bbox 2707 2639 2884 2699; x_wconf 86' lang='lat' dir='ltr'><strong>fuerit</strong></span> <span class='ocrx_word' id='word_1_531' title='bbox 2925 2639 3202 2700; x_wconf 87' lang='lat' dir='ltr'><strong>mundus.</strong></span> <span class='ocrx_word' id='word_1_532' title='bbox 3237 2641 3645 2714; x_wconf 84' lang='lat' dir='ltr'><strong>Quemadmo-</strong></span> 
     </span>
    </p>
   </div>
   <div class='ocr_carea' id='block_1_71' title="bbox 2006 2728 3649 2814">
    <p class='ocr_par' dir='ltr' id='par_1_71' title="bbox 2006 2728 3649 2814">
     <span class='ocr_line' id='line_1_71' title="bbox 2006 2728 3649 2814; baseline 0.002 -20"><span class='ocrx_word' id='word_1_533' title='bbox 2006 2733 2146 2794; x_wconf 92' lang='lat' dir='ltr'><strong>dum</strong></span> <span class='ocrx_word' id='word_1_534' title='bbox 2173 2732 2330 2794; x_wconf 90' lang='lat' dir='ltr'><strong>enim</strong></span> <span class='ocrx_word' id='word_1_535' title='bbox 2355 2729 2585 2809; x_wconf 80' lang='lat' dir='ltr'><strong>globus,</strong></span> <span class='ocrx_word' id='word_1_536' title='bbox 2624 2747 2755 2789; x_wconf 92' lang='lat' dir='ltr'><strong>cum</strong></span> <span class='ocrx_word' id='word_1_537' title='bbox 2781 2728 3109 2809; x_wconf 82' lang='lat' dir='ltr'><strong>aquopiam</strong></span> <span class='ocrx_word' id='word_1_538' title='bbox 3146 2731 3319 2792; x_wconf 87' lang='lat' dir='ltr'><strong>fuerit</strong></span> <span class='ocrx_word' id='word_1_539' title='bbox 3357 2743 3649 2814; x_wconf 88' lang='lat' dir='ltr'><strong>motus,ac</strong></span> 
     </span>
    </p>
   </div>
   <div class='ocr_carea' id='block_1_72' title="bbox 2006 2817 3649 2902">
    <p class='ocr_par' dir='ltr' id='par_1_72' title="bbox 2006 2817 3649 2902">
     <span class='ocr_line' id='line_1_72' title="bbox 2006 2817 3649 2902; baseline 0.002 -20"><span class='ocrx_word' id='word_1_540' title='bbox 2006 2822 2295 2902; x_wconf 90' lang='lat' dir='ltr'><strong>deinceps</strong></span> <span class='ocrx_word' id='word_1_541' title='bbox 2320 2820 2608 2881; x_wconf 83' lang='lat' dir='ltr'><strong>declivem</strong></span> <span class='ocrx_word' id='word_1_542' title='bbox 2631 2819 2887 2899; x_wconf 86' lang='lat' dir='ltr'><strong>aliquem</strong></span> <span class='ocrx_word' id='word_1_543' title='bbox 2914 2817 3107 2879; x_wconf 91' lang='lat' dir='ltr'><strong>locum</strong></span> <span class='ocrx_word' id='word_1_544' title='bbox 3132 2828 3339 2883; x_wconf 80' lang='lat' dir='ltr'><strong>nactus</strong></span> <span class='ocrx_word' id='word_1_545' title='bbox 3371 2821 3569 2897; x_wconf 87' lang='lat' dir='ltr'><strong>fuerit,</strong></span> <span class='ocrx_word' id='word_1_546' title='bbox 3592 2832 3649 2886; x_wconf 87' lang='lat' dir='ltr'><strong>et</strong></span> 
     </span>
    </p>
   </div>
   <div class='ocr_carea' id='block_1_73' title="bbox 2005 2908 3646 2993">
    <p class='ocr_par' dir='ltr' id='par_1_73' title="bbox 2005 2908 3646 2993">
     <span class='ocr_line' id='line_1_73' title="bbox 2005 2908 3646 2993; baseline 0.001 -20"><span class='ocrx_word' id='word_1_547' title='bbox 2005 2931 2073 2973; x_wconf 77' lang='lat' dir='ltr'><strong>ex</strong></span> <span class='ocrx_word' id='word_1_548' title='bbox 2106 2911 2343 2993; x_wconf 91' lang='lat' dir='ltr'><strong>propria</strong></span> <span class='ocrx_word' id='word_1_549' title='bbox 2362 2917 2675 2987; x_wconf 83' lang='lat' dir='ltr'><strong>structura,</strong></span> <span class='ocrx_word' id='word_1_550' title='bbox 2703 2917 2762 2969; x_wconf 89' lang='lat' dir='ltr'><strong>et</strong></span> <span class='ocrx_word' id='word_1_551' title='bbox 2789 2927 2859 2969; x_wconf 79' lang='lat' dir='ltr'><strong>ex</strong></span> <span class='ocrx_word' id='word_1_552' title='bbox 2878 2908 2992 2969; x_wconf 93' lang='lat' dir='ltr'><strong>loci</strong></span> <span class='ocrx_word' id='word_1_553' title='bbox 3011 2911 3447 2989; x_wconf 87' lang='lat' dir='ltr'><strong>opportunitate</strong></span> <span class='ocrx_word' id='word_1_554' title='bbox 3470 2913 3646 2976; x_wconf 89' lang='lat' dir='ltr'><strong>deor-</strong></span> 
     </span>
    </p>
   </div>
   <div class='ocr_carea' id='block_1_74' title="bbox 2004 2997 3645 3080">
    <p class='ocr_par' dir='ltr' id='par_1_74' title="bbox 2004 2997 3645 3080">
     <span class='ocr_line' id='line_1_74' title="bbox 2004 2997 3645 3080; baseline 0.001 -19"><span class='ocrx_word' id='word_1_555' title='bbox 2004 3020 2132 3062; x_wconf 91' lang='lat' dir='ltr'><strong>sum</strong></span> <span class='ocrx_word' id='word_1_556' title='bbox 2158 3001 2486 3076; x_wconf 87' lang='lat' dir='ltr'><strong>fertur,nec</strong></span> <span class='ocrx_word' id='word_1_557' title='bbox 2518 3002 2678 3079; x_wconf 90' lang='lat' dir='ltr'><strong>prius</strong></span> <span class='ocrx_word' id='word_1_558' title='bbox 2701 2997 2980 3078; x_wconf 90' lang='lat' dir='ltr'><strong>quiescit,</strong></span> <span class='ocrx_word' id='word_1_559' title='bbox 3010 3018 3184 3079; x_wconf 90' lang='lat' dir='ltr'><strong>quam</strong></span> <span class='ocrx_word' id='word_1_560' title='bbox 3220 3001 3491 3080; x_wconf 79' lang='lat' dir='ltr'><strong>planities</strong></span> <span class='ocrx_word' id='word_1_561' title='bbox 3533 3002 3645 3065; x_wconf 86' lang='lat' dir='ltr'><strong>ali-</strong></span> 
     </span>
    </p>
   </div>
   <div class='ocr_carea' id='block_1_75' title="bbox 2005 3086 3646 3173">
    <p class='ocr_par' dir='ltr' id='par_1_75' title="bbox 2005 3086 3646 3173">
     <span class='ocr_line' id='line_1_75' title="bbox 2005 3086 3646 3173; baseline 0.001 -21"><span class='ocrx_word' id='word_1_562' title='bbox 2005 3108 2121 3171; x_wconf 90' lang='lat' dir='ltr'><strong>qua</strong></span> <span class='ocrx_word' id='word_1_563' title='bbox 2150 3091 2339 3171; x_wconf 86' lang='lat' dir='ltr'><strong>ipsum</strong></span> <span class='ocrx_word' id='word_1_564' title='bbox 2389 3086 2714 3168; x_wconf 85' lang='lat' dir='ltr'><strong>exceperit;</strong></span> <span class='ocrx_word' id='word_1_565' title='bbox 2748 3087 2827 3147; x_wconf 91' lang='lat' dir='ltr'><strong>ita</strong></span> <span class='ocrx_word' id='word_1_566' title='bbox 2856 3106 3056 3148; x_wconf 89' lang='lat' dir='ltr'><strong>rerum</strong></span> <span class='ocrx_word' id='word_1_567' title='bbox 3094 3097 3298 3151; x_wconf 89' lang='lat' dir='ltr'><strong>natura</strong></span> <span class='ocrx_word' id='word_1_568' title='bbox 3342 3111 3457 3152; x_wconf 91' lang='lat' dir='ltr'><strong>uno</strong></span> <span class='ocrx_word' id='word_1_569' title='bbox 3490 3111 3646 3173; x_wconf 71' lang='lat' dir='ltr'><strong>prae-</strong></span> 
     </span>
    </p>
   </div>
   <div class='ocr_carea' id='block_1_76' title="bbox 2006 3176 3643 3259">
    <p class='ocr_par' dir='ltr' id='par_1_76' title="bbox 2006 3176 3643 3259">
     <span class='ocr_line' id='line_1_76' title="bbox 2006 3176 3643 3259; baseline 0.001 -18"><span class='ocrx_word' id='word_1_570' title='bbox 2006 3189 2178 3259; x_wconf 90' lang='lat' dir='ltr'><strong>cepto</strong></span> <span class='ocrx_word' id='word_1_571' title='bbox 2212 3179 2477 3257; x_wconf 89' lang='lat' dir='ltr'><strong>incitata,</strong></span> <span class='ocrx_word' id='word_1_572' title='bbox 2515 3194 2611 3238; x_wconf 92' lang='lat' dir='ltr'><strong>res</strong></span> <span class='ocrx_word' id='word_1_573' title='bbox 2645 3176 2913 3237; x_wconf 88' lang='lat' dir='ltr'><strong>conditas</strong></span> <span class='ocrx_word' id='word_1_574' title='bbox 2929 3177 3296 3256; x_wconf 83' lang='lat' dir='ltr'><strong>aequabiliter</strong></span> <span class='ocrx_word' id='word_1_575' title='bbox 3318 3179 3379 3241; x_wconf 90' lang='lat' dir='ltr'><strong>in</strong></span> <span class='ocrx_word' id='word_1_576' title='bbox 3396 3199 3643 3257; x_wconf 81' lang='lat' dir='ltr'><strong>genera-</strong></span> 
     </span>
    </p>
   </div>
   <div class='ocr_carea' id='block_1_77' title="bbox 2005 3265 3646 3350">
    <p class='ocr_par' dir='ltr' id='par_1_77' title="bbox 2005 3265 3646 3350">
     <span class='ocr_line' id='line_1_77' title="bbox 2005 3265 3646 3350; baseline 0.001 -20"><span class='ocrx_word' id='word_1_577' title='bbox 2005 3269 2166 3330; x_wconf 89' lang='lat' dir='ltr'><strong>tione</strong></span> <span class='ocrx_word' id='word_1_578' title='bbox 2200 3268 2337 3329; x_wconf 92' lang='lat' dir='ltr'><strong>etin</strong></span> <span class='ocrx_word' id='word_1_579' title='bbox 2369 3265 2757 3346; x_wconf 84' lang='lat' dir='ltr'><strong>corruptione</strong></span> <span class='ocrx_word' id='word_1_580' title='bbox 2793 3274 3408 3349; x_wconf 87' lang='lat' dir='ltr'><strong>penetrat,servatque</strong></span> <span class='ocrx_word' id='word_1_581' title='bbox 3438 3289 3544 3350; x_wconf 91' lang='lat' dir='ltr'><strong>per</strong></span> <span class='ocrx_word' id='word_1_582' title='bbox 3560 3271 3646 3331; x_wconf 91' lang='lat' dir='ltr'><strong>si-</strong></span> 
     </span>
    </p>
   </div>
   <div class='ocr_carea' id='block_1_78' title="bbox 2005 3355 3647 3442">
    <p class='ocr_par' dir='ltr' id='par_1_78' title="bbox 2005 3355 3647 3442">
     <span class='ocr_line' id='line_1_78' title="bbox 2005 3355 3647 3442; baseline 0.002 -24"><span class='ocrx_word' id='word_1_583' title='bbox 2005 3357 2400 3420; x_wconf 91' lang='lat' dir='ltr'><strong>militudinem</strong></span> <span class='ocrx_word' id='word_1_584' title='bbox 2416 3355 2823 3417; x_wconf 75' lang='lat' dir='ltr'><strong>successiones</strong></span> <span class='ocrx_word' id='word_1_585' title='bbox 2837 3357 3345 3436; x_wconf 85' lang='lat' dir='ltr'><strong>generum,donec</strong></span> <span class='ocrx_word' id='word_1_586' title='bbox 3362 3360 3434 3420; x_wconf 88' lang='lat' dir='ltr'><strong>ad</strong></span> <span class='ocrx_word' id='word_1_587' title='bbox 3452 3360 3647 3442; x_wconf 90' lang='lat' dir='ltr'><strong>ipsum</strong></span> 
     </span>
    </p>
   </div>
   <div class='ocr_carea' id='block_1_79' title="bbox 2003 3442 3646 3528">
    <p class='ocr_par' dir='ltr' id='par_1_79' title="bbox 2003 3442 3646 3528">
     <span class='ocr_line' id='line_1_79' title="bbox 2003 3442 3646 3528; baseline 0.003 -21"><span class='ocrx_word' id='word_1_588' title='bbox 2003 3448 2345 3528; x_wconf 84' lang='lat' dir='ltr'><strong>pervenerit</strong></span> <span class='ocrx_word' id='word_1_589' title='bbox 2386 3448 2589 3507; x_wconf 86' lang='lat' dir='ltr'><strong>ﬁnem.</strong></span> <span class='ocrx_word' id='word_1_590' title='bbox 2618 3442 2763 3506; x_wconf 89' lang='lat' dir='ltr'><strong>Nam</strong></span> <span class='ocrx_word' id='word_1_591' title='bbox 2797 3463 3014 3525; x_wconf 87' lang='lat' dir='ltr'><strong>equum</strong></span> <span class='ocrx_word' id='word_1_592' title='bbox 3048 3447 3185 3525; x_wconf 90' lang='lat' dir='ltr'><strong>equi</strong></span> <span class='ocrx_word' id='word_1_593' title='bbox 3237 3466 3646 3511; x_wconf 85' lang='lat' dir='ltr'><strong>successorem</strong></span> 
     </span>
    </p>
   </div>
   <div class='ocr_carea' id='block_1_80' title="bbox 2004 3534 3651 3618">
    <p class='ocr_par' dir='ltr' id='par_1_80' title="bbox 2004 3534 3651 3618">
     <span class='ocr_line' id='line_1_80' title="bbox 2004 3534 3651 3618; baseline 0.003 -22"><span class='ocrx_word' id='word_1_594' title='bbox 2004 3536 2413 3610; x_wconf 84' lang='lat' dir='ltr'><strong>facit,leonem</strong></span> <span class='ocrx_word' id='word_1_595' title='bbox 2452 3534 2932 3614; x_wconf 89' lang='lat' dir='ltr'><strong>leonis,aquilam</strong></span> <span class='ocrx_word' id='word_1_596' title='bbox 2976 3535 3188 3615; x_wconf 66' lang='lat' dir='ltr'><strong>aquila:</strong></span> <span class='ocrx_word' id='word_1_597' title='bbox 3223 3555 3236 3598; x_wconf 91' lang='lat'>:</span> <span class='ocrx_word' id='word_1_598' title='bbox 3273 3538 3390 3598; x_wconf 89' lang='lat' dir='ltr'><strong>imo</strong></span> <span class='ocrx_word' id='word_1_599' title='bbox 3424 3540 3651 3618; x_wconf 82' lang='lat' dir='ltr'><strong>singula</strong></span> 
     </span>
    </p>
   </div>
   <div class='ocr_carea' id='block_1_81' title="bbox 2009 3623 3649 3704">
    <p class='ocr_par' dir='ltr' id='par_1_81' title="bbox 2009 3623 3649 3704">
     <span class='ocr_line' id='line_1_81' title="bbox 2009 3623 3649 3704; baseline 0.003 -18"><span class='ocrx_word' id='word_1_600' title='bbox 2009 3625 2285 3686; x_wconf 87' lang='lat' dir='ltr'><strong>animalia</strong></span> <span class='ocrx_word' id='word_1_601' title='bbox 2305 3623 2815 3704; x_wconf 88' lang='lat' dir='ltr'><strong>consequentibus</strong></span> <span class='ocrx_word' id='word_1_602' title='bbox 2840 3625 3324 3686; x_wconf 87' lang='lat' dir='ltr'><strong>successionibus</strong></span> <span class='ocrx_word' id='word_1_603' title='bbox 3341 3647 3649 3691; x_wconf 83' lang='lat' dir='ltr'><strong>conserva-</strong></span> 
     </span>
    </p>
   </div>
   <div class='ocr_carea' id='block_1_82' title="bbox 2009 3714 3645 3794">
    <p class='ocr_par' dir='ltr' id='par_1_82' title="bbox 2009 3714 3645 3794">
     <span class='ocr_line' id='line_1_82' title="bbox 2009 3714 3645 3794; baseline 0.005 -20"><span class='ocrx_word' id='word_1_604' title='bbox 2009 3722 2283 3794; x_wconf 90' lang='lat' dir='ltr'><strong>ta,usque</strong></span> <span class='ocrx_word' id='word_1_605' title='bbox 2302 3714 2374 3775; x_wconf 90' lang='lat' dir='ltr'><strong>ad</strong></span> <span class='ocrx_word' id='word_1_606' title='bbox 2402 3714 2662 3774; x_wconf 86' lang='lat' dir='ltr'><strong>universi</strong></span> <span class='ocrx_word' id='word_1_607' title='bbox 2693 3715 3269 3775; x_wconf 90' lang='lat' dir='ltr'><strong>consummationem</strong></span> <span class='ocrx_word' id='word_1_608' title='bbox 3303 3720 3645 3782; x_wconf 89' lang='lat' dir='ltr'><strong>transmitit.</strong></span> 
     </span>
    </p>
   </div>
   <div class='ocr_carea' id='block_1_83' title="bbox 2009 3801 3645 3886">
    <p class='ocr_par' dir='ltr' id='par_1_83' title="bbox 2009 3801 3645 3886">
     <span class='ocr_line' id='line_1_83' title="bbox 2009 3801 3645 3886; baseline 0.002 -21"><span class='ocrx_word' id='word_1_609' title='bbox 2009 3801 2269 3883; x_wconf 88' lang='lat' dir='ltr'><strong>Tempus</strong></span> <span class='ocrx_word' id='word_1_610' title='bbox 2316 3804 2513 3864; x_wconf 91' lang='lat' dir='ltr'><strong>nullus</strong></span> <span class='ocrx_word' id='word_1_611' title='bbox 2558 3802 2806 3863; x_wconf 89' lang='lat' dir='ltr'><strong>destruit</strong></span> <span class='ocrx_word' id='word_1_612' title='bbox 2836 3802 3181 3864; x_wconf 89' lang='lat' dir='ltr'><strong>animalium</strong></span> <span class='ocrx_word' id='word_1_613' title='bbox 3231 3807 3645 3886; x_wconf 89' lang='lat' dir='ltr'><strong>proprietates,</strong></span> 
     </span>
    </p>
   </div>
   <div class='ocr_carea' id='block_1_84' title="bbox 2008 3888 3653 3976">
    <p class='ocr_par' dir='ltr' id='par_1_84' title="bbox 2008 3888 3653 3976">
     <span class='ocr_line' id='line_1_84' title="bbox 2008 3888 3653 3976; baseline 0.004 -25"><span class='ocrx_word' id='word_1_614' title='bbox 2008 3890 2113 3951; x_wconf 89' lang='lat' dir='ltr'><strong>sed</strong></span> <span class='ocrx_word' id='word_1_615' title='bbox 2147 3899 2421 3970; x_wconf 83' lang='lat' dir='ltr'><strong>tanquam</strong></span> <span class='ocrx_word' id='word_1_616' title='bbox 2450 3909 2638 3970; x_wconf 89' lang='lat' dir='ltr'><strong>nuper</strong></span> <span class='ocrx_word' id='word_1_617' title='bbox 2664 3888 2983 3953; x_wconf 87' lang='lat' dir='ltr'><strong>constituta</strong></span> <span class='ocrx_word' id='word_1_618' title='bbox 3032 3900 3240 3954; x_wconf 89' lang='lat' dir='ltr'><strong>natura</strong></span> <span class='ocrx_word' id='word_1_619' title='bbox 3283 3894 3378 3973; x_wconf 92' lang='lat' dir='ltr'><strong>sit,</strong></span> <span class='ocrx_word' id='word_1_620' title='bbox 3414 3914 3653 3976; x_wconf 91' lang='lat' dir='ltr'><strong>semper</strong></span> 
     </span>
    </p>
   </div>
   <div class='ocr_carea' id='block_1_85' title="bbox 2005 3982 3648 4057">
    <p class='ocr_par' dir='ltr' id='par_1_85' title="bbox 2005 3982 3648 4057">
     <span class='ocr_line' id='line_1_85' title="bbox 2005 3982 3648 4057; baseline 0.005 -18"><span class='ocrx_word' id='word_1_621' title='bbox 2005 3997 2218 4041; x_wconf 84' lang='lat' dir='ltr'><strong>recens</strong></span> <span class='ocrx_word' id='word_1_622' title='bbox 2250 4000 2364 4041; x_wconf 89' lang='lat' dir='ltr'><strong>una</strong></span> <span class='ocrx_word' id='word_1_623' title='bbox 2390 3999 2522 4040; x_wconf 87' lang='lat' dir='ltr'><strong>cum</strong></span> <span class='ocrx_word' id='word_1_624' title='bbox 2560 3989 2827 4057; x_wconf 91' lang='lat' dir='ltr'><strong>tempore</strong></span> <span class='ocrx_word' id='word_1_625' title='bbox 2846 3982 3119 4042; x_wconf 84' lang='lat' dir='ltr'><strong>excurrit.</strong></span> <span class='ocrx_word' id='word_1_626' title='bbox 3149 3983 3452 4045; x_wconf 86' lang='lat' dir='ltr'><strong>Producat</strong></span> <span class='ocrx_word' id='word_1_627' title='bbox 3475 3991 3648 4047; x_wconf 83' lang='lat' dir='ltr'><strong>terra</strong></span> 
     </span>
    </p>
   </div>
   <div class='ocr_carea' id='block_1_86' title="bbox 2009 4068 3643 4151">
    <p class='ocr_par' dir='ltr' id='par_1_86' title="bbox 2009 4068 3643 4151">
     <span class='ocr_line' id='line_1_86' title="bbox 2009 4068 3643 4151; baseline 0.002 -21"><span class='ocrx_word' id='word_1_628' title='bbox 2009 4074 2279 4132; x_wconf 80' lang='lat' dir='ltr'><strong>animam</strong></span> <span class='ocrx_word' id='word_1_629' title='bbox 2309 4071 2624 4131; x_wconf 80' lang='lat' dir='ltr'><strong>viventem.</strong></span> <span class='ocrx_word' id='word_1_630' title='bbox 2662 4068 2785 4130; x_wconf 86' lang='lat' dir='ltr'><strong>Hoc</strong></span> <span class='ocrx_word' id='word_1_631' title='bbox 2809 4079 3165 4151; x_wconf 66' lang='lat' dir='ltr'><strong>praaceptum</strong></span> <span class='ocrx_word' id='word_1_632' title='bbox 3193 4080 3367 4133; x_wconf 60' lang='lat' dir='ltr'><strong>terra;</strong></span> <span class='ocrx_word' id='word_1_633' title='bbox 3391 4074 3643 4151; x_wconf 69' lang='lat' dir='ltr'><strong>inhaesit,</strong></span> 
     </span>
    </p>
   </div>
   <div class='ocr_carea' id='block_1_87' title="bbox 2009 4158 3647 4227">
    <p class='ocr_par' dir='ltr' id='par_1_87' title="bbox 2009 4158 3647 4227">
     <span class='ocr_line' id='line_1_87' title="bbox 2009 4158 3647 4227; baseline 0.005 -8"><span class='ocrx_word' id='word_1_634' title='bbox 2009 4178 2118 4220; x_wconf 92' lang='lat' dir='ltr'><strong>nec</strong></span> <span class='ocrx_word' id='word_1_635' title='bbox 2152 4178 2220 4221; x_wconf 90' lang='lat' dir='ltr'><strong>ea</strong></span> <span class='ocrx_word' id='word_1_636' title='bbox 2266 4158 2532 4221; x_wconf 85' lang='lat' dir='ltr'><strong>Creatori</strong></span> <span class='ocrx_word' id='word_1_637' title='bbox 2583 4159 2801 4220; x_wconf 90' lang='lat' dir='ltr'><strong>desinit</strong></span> <span class='ocrx_word' id='word_1_638' title='bbox 2852 4160 3147 4223; x_wconf 83' lang='lat' dir='ltr'><strong>famulari.</strong></span> <span class='ocrx_word' id='word_1_639' title='bbox 3200 4161 3332 4224; x_wconf 87' lang='lat' dir='ltr'><strong>Alia</strong></span> <span class='ocrx_word' id='word_1_640' title='bbox 3382 4164 3539 4226; x_wconf 91' lang='lat' dir='ltr'><strong>enim</strong></span> <span class='ocrx_word' id='word_1_641' title='bbox 3576 4182 3647 4227; x_wconf 84' lang='lat' dir='ltr'><strong>ex</strong></span> 
     </span>
    </p>
   </div>
   <div class='ocr_carea' id='block_1_88' title="bbox 2011 4250 3651 4332">
    <p class='ocr_par' dir='ltr' id='par_1_88' title="bbox 2011 4250 3651 4332">
     <span class='ocr_line' id='line_1_88' title="bbox 2011 4250 3651 4332; baseline 0.003 -22"><span class='ocrx_word' id='word_1_642' title='bbox 2011 4250 2392 4311; x_wconf 89' lang='lat' dir='ltr'><strong>successione</strong></span> <span class='ocrx_word' id='word_1_643' title='bbox 2424 4267 2630 4310; x_wconf 91' lang='lat' dir='ltr'><strong>eorum</strong></span> <span class='ocrx_word' id='word_1_644' title='bbox 2657 4266 2789 4327; x_wconf 65' lang='lat' dir='ltr'><strong>qua:</strong></span> <span class='ocrx_word' id='word_1_645' title='bbox 2821 4250 2986 4329; x_wconf 93' lang='lat' dir='ltr'><strong>prius</strong></span> <span class='ocrx_word' id='word_1_646' title='bbox 3010 4250 3651 4332; x_wconf 84' lang='lat' dir='ltr'><strong>exstitere,producun-</strong></span> 
     </span>
    </p>
   </div>
   <div class='ocr_carea' id='block_1_89' title="bbox 2010 4338 3644 4417">
    <p class='ocr_par' dir='ltr' id='par_1_89' title="bbox 2010 4338 3644 4417">
     <span class='ocr_line' id='line_1_89' title="bbox 2010 4338 3644 4417; baseline 0.002 -18"><span class='ocrx_word' id='word_1_647' title='bbox 2010 4346 2144 4400; x_wconf 90' lang='lat' dir='ltr'><strong>tur:</strong></span> <span class='ocrx_word' id='word_1_648' title='bbox 2181 4340 2296 4401; x_wconf 91' lang='lat' dir='ltr'><strong>alia</strong></span> <span class='ocrx_word' id='word_1_649' title='bbox 2343 4356 2487 4399; x_wconf 73' lang='lat' dir='ltr'><strong>vero</strong></span> <span class='ocrx_word' id='word_1_650' title='bbox 2520 4358 2595 4400; x_wconf 78' lang='lat' dir='ltr'><strong>ex</strong></span> <span class='ocrx_word' id='word_1_651' title='bbox 2628 4338 2753 4417; x_wconf 86' lang='lat' dir='ltr'><strong>ipsa</strong></span> <span class='ocrx_word' id='word_1_652' title='bbox 2788 4347 2946 4399; x_wconf 91' lang='lat' dir='ltr'><strong>terra</strong></span> <span class='ocrx_word' id='word_1_653' title='bbox 2978 4340 3115 4400; x_wconf 90' lang='lat' dir='ltr'><strong>etim</strong></span> <span class='ocrx_word' id='word_1_654' title='bbox 3150 4358 3309 4405; x_wconf 90' lang='lat' dir='ltr'><strong>nunc</strong></span> <span class='ocrx_word' id='word_1_655' title='bbox 3341 4344 3534 4404; x_wconf 88' lang='lat' dir='ltr'><strong>adhuc</strong></span> <span class='ocrx_word' id='word_1_656' title='bbox 3557 4344 3644 4403; x_wconf 80' lang='lat' dir='ltr'><strong>vi-</strong></span> 
     </span>
    </p>
   </div>
   <div class='ocr_carea' id='block_1_90' title="bbox 2012 4428 3653 4513">
    <p class='ocr_par' dir='ltr' id='par_1_90' title="bbox 2012 4428 3653 4513">
     <span class='ocr_line' id='line_1_90' title="bbox 2012 4428 3653 4513; baseline 0.003 -24"><span class='ocrx_word' id='word_1_657' title='bbox 2012 4436 2127 4489; x_wconf 89' lang='lat' dir='ltr'><strong>tam</strong></span> <span class='ocrx_word' id='word_1_658' title='bbox 2159 4429 2429 4509; x_wconf 91' lang='lat' dir='ltr'><strong>accipere</strong></span> <span class='ocrx_word' id='word_1_659' title='bbox 2455 4436 2824 4508; x_wconf 90' lang='lat' dir='ltr'><strong>compertum</strong></span> <span class='ocrx_word' id='word_1_660' title='bbox 2850 4428 3094 4490; x_wconf 88' lang='lat' dir='ltr'><strong>est.Non</strong></span> <span class='ocrx_word' id='word_1_661' title='bbox 3115 4431 3275 4491; x_wconf 90' lang='lat' dir='ltr'><strong>enim</strong></span> <span class='ocrx_word' id='word_1_662' title='bbox 3307 4432 3498 4493; x_wconf 86' lang='lat' dir='ltr'><strong>solum</strong></span> <span class='ocrx_word' id='word_1_663' title='bbox 3524 4434 3653 4513; x_wconf 89' lang='lat' dir='ltr'><strong>plu-</strong></span> 
     </span>
    </p>
   </div>
   <div class='ocr_carea' id='block_1_91' title="bbox 279 4517 1922 4603">
    <p class='ocr_par' dir='ltr' id='par_1_91' title="bbox 279 4518 1922 4603">
     <span class='ocr_line' id='line_1_91' title="bbox 279 4518 1922 4603; baseline 0.001 -28"><span class='ocrx_word' id='word_1_664' title='bbox 279 4518 419 4576; x_wconf 78' lang='grc' dir='ltr'>ἄλλα</span> <span class='ocrx_word' id='word_1_665' title='bbox 472 4520 627 4598; x_wconf 82' lang='grc' dir='ltr'>μυρία</span> <span class='ocrx_word' id='word_1_666' title='bbox 682 4520 809 4598; x_wconf 82' lang='grc' dir='ltr'>γένη</span> <span class='ocrx_word' id='word_1_667' title='bbox 867 4527 971 4577; x_wconf 88' lang='grc' dir='ltr'><strong>τῶν</strong></span> <span class='ocrx_word' id='word_1_668' title='bbox 1007 4521 1379 4601; x_wconf 66' lang='grc' dir='ltr'>ἐμφερομένων</span> <span class='ocrx_word' id='word_1_669' title='bbox 1426 4528 1501 4596; x_wconf 81' lang='grc' dir='ltr'>τῷ</span> <span class='ocrx_word' id='word_1_670' title='bbox 1544 4522 1655 4599; x_wconf 82' lang='grc' dir='ltr'>ἆέρι</span> <span class='ocrx_word' id='word_1_671' title='bbox 1685 4528 1922 4603; x_wconf 77' lang='grc' dir='ltr'>πτηνῶν,</span> 
     </span>
    </p>
   </div>
   <div class='ocr_carea' id='block_1_92' title="bbox 2013 4517 3649 4603">
    <p class='ocr_par' dir='ltr' id='par_1_92' title="bbox 2013 4517 3649 4598">
     <span class='ocr_line' id='line_1_92' title="bbox 2013 4517 3649 4598; baseline 0.004 -20"><span class='ocrx_word' id='word_1_672' title='bbox 2013 4519 2105 4580; x_wconf 76' lang='lat' dir='ltr'><strong>\io</strong></span> <span class='ocrx_word' id='word_1_673' title='bbox 2132 4528 2397 4598; x_wconf 89' lang='lat' dir='ltr'><strong>tempore</strong></span> <span class='ocrx_word' id='word_1_674' title='bbox 2429 4517 2551 4578; x_wconf 91' lang='lat' dir='ltr'><strong>edit</strong></span> <span class='ocrx_word' id='word_1_675' title='bbox 2580 4518 2839 4592; x_wconf 85' lang='lat' dir='ltr'><strong>cicadas,</strong></span> <span class='ocrx_word' id='word_1_676' title='bbox 2874 4518 3112 4579; x_wconf 90' lang='lat' dir='ltr'><strong>autalia</strong></span> <span class='ocrx_word' id='word_1_677' title='bbox 3139 4519 3415 4583; x_wconf 91' lang='lat' dir='ltr'><strong>inumera</strong></span> <span class='ocrx_word' id='word_1_678' title='bbox 3444 4522 3649 4585; x_wconf 85' lang='lat' dir='ltr'><strong>volati-</strong></span> 
     </span>
    </p>
   </div>
   <div class='ocr_carea' id='block_1_93' title="bbox 278 4609 1929 4685">
    <p class='ocr_par' dir='ltr' id='par_1_93' title="bbox 278 4609 1929 4685">
     <span class='ocr_line' id='line_1_93' title="bbox 278 4609 1929 4685; baseline 0.001 -19"><span class='ocrx_word' id='word_1_679' title='bbox 278 4613 353 4666; x_wconf 79' lang='grc' dir='ltr'>ὢν</span> <span class='ocrx_word' id='word_1_680' title='bbox 384 4610 789 4684; x_wconf 76' lang='grc' dir='ltr'>ἂκατονόμαστα</span> <span class='ocrx_word' id='word_1_681' title='bbox 834 4609 943 4667; x_wconf 74' lang='grc' dir='ltr'>ἐστι</span> <span class='ocrx_word' id='word_1_682' title='bbox 975 4613 1039 4667; x_wconf 77' lang='grc' dir='ltr'>τὰ</span> <span class='ocrx_word' id='word_1_683' title='bbox 1078 4610 1308 4669; x_wconf 81' lang='grc' dir='ltr'>πλεῖστα</span> <span class='ocrx_word' id='word_1_684' title='bbox 1338 4610 1421 4670; x_wconf 81' lang='grc' dir='ltr'>διὰ</span> <span class='ocrx_word' id='word_1_685' title='bbox 1463 4610 1789 4685; x_wconf 86' lang='grc' dir='ltr'>λεπτότητα,</span> <span class='ocrx_word' id='word_1_686' title='bbox 1811 4610 1929 4667; x_wconf 82' lang='grc' dir='ltr'>ἀλλ’</span> 
     </span>
    </p>
   </div>
   <div class='ocr_carea' id='block_1_94' title="bbox 278 4697 1917 4782">
    <p class='ocr_par' dir='ltr' id='par_1_94' title="bbox 278 4697 1917 4782">
     <span class='ocr_line' id='line_1_94' title="bbox 278 4697 1917 4782; baseline 0.002 -27"><span class='ocrx_word' id='word_1_687' title='bbox 278 4697 385 4767; x_wconf 72' lang='grc' dir='ltr'><strong>ἤδη</strong></span> <span class='ocrx_word' id='word_1_688' title='bbox 444 4699 533 4754; x_wconf 75' lang='grc' dir='ltr'><strong>καὶ</strong></span> <span class='ocrx_word' id='word_1_689' title='bbox 574 4699 672 4773; x_wconf 74' lang='grc' dir='ltr'>μῦς</span> <span class='ocrx_word' id='word_1_690' title='bbox 731 4699 817 4756; x_wconf 84' lang='grc' dir='ltr'><strong>καὶ</strong></span> <span class='ocrx_word' id='word_1_691' title='bbox 866 4699 1193 4782; x_wconf 78' lang='grc' dir='ltr'>βατράχους,</span> <span class='ocrx_word' id='word_1_692' title='bbox 1252 4700 1303 4767; x_wconf 75' lang='grc' dir='ltr'><strong>ἐξ</strong></span> <span class='ocrx_word' id='word_1_693' title='bbox 1367 4701 1529 4769; x_wconf 69' lang='grc' dir='ltr'>α’)τῇς</span> <span class='ocrx_word' id='word_1_694' title='bbox 1589 4699 1917 4759; x_wconf 61' lang='grc' dir='ltr'>ἆναδίδωσιψ</span> 
     </span>
    </p>
   </div>
   <div class='ocr_carea' id='block_1_95' title="bbox 278 4784 1922 4869">
    <p class='ocr_par' dir='ltr' id='par_1_95' title="bbox 278 4784 1922 4869">
     <span class='ocr_line' id='line_1_95' title="bbox 278 4784 1922 4869; baseline 0.002 -27"><span class='ocrx_word' id='word_1_695' title='bbox 278 4786 417 4844; x_wconf 79' lang='grc' dir='ltr'>ὅπου</span> <span class='ocrx_word' id='word_1_696' title='bbox 444 4806 504 4863; x_wconf 86' lang='grc' dir='ltr'><strong>γε</strong></span> <span class='ocrx_word' id='word_1_697' title='bbox 544 4788 661 4866; x_wconf 81' lang='grc' dir='ltr'>περὶ</span> <span class='ocrx_word' id='word_1_698' title='bbox 717 4784 896 4856; x_wconf 79' lang='grc' dir='ltr'>Θήϐας</span> <span class='ocrx_word' id='word_1_699' title='bbox 948 4790 1043 4851; x_wconf 82' lang='grc' dir='ltr'>τὰς</span> <span class='ocrx_word' id='word_1_700' title='bbox 1093 4790 1403 4869; x_wconf 77' lang='grc' dir='ltr'>Αἰγυπτίας,</span> <span class='ocrx_word' id='word_1_701' title='bbox 1436 4786 1653 4845; x_wconf 77' lang='grc' dir='ltr'>ἐωειδὰν</span> <span class='ocrx_word' id='word_1_702' title='bbox 1695 4789 1796 4867; x_wconf 75' lang='grc' dir='ltr'>ὕσῃ</span> <span class='ocrx_word' id='word_1_703' title='bbox 1819 4789 1922 4847; x_wconf 71' lang='grc' dir='ltr'>λεί-</span> 
     </span>
    </p>
   </div>
   <div class='ocr_carea' id='block_1_96' title="bbox 278 4874 1924 4960">
    <p class='ocr_par' dir='ltr' id='par_1_96' title="bbox 278 4874 1924 4960">
     <span class='ocr_line' id='line_1_96' title="bbox 278 4874 1924 4960; baseline 0.004 -30"><span class='ocrx_word' id='word_1_704' title='bbox 278 4874 421 4955; x_wconf 73' lang='grc' dir='ltr'>ϐρως</span> <span class='ocrx_word' id='word_1_705' title='bbox 466 4875 519 4931; x_wconf 66' lang='grc' dir='ltr'>ἐν</span> <span class='ocrx_word' id='word_1_706' title='bbox 578 4876 867 4951; x_wconf 74' lang='grc' dir='ltr'>καύμασιν,</span> <span class='ocrx_word' id='word_1_707' title='bbox 924 4877 1071 4943; x_wconf 67' lang='grc' dir='ltr'>εὐθὺς</span> <span class='ocrx_word' id='word_1_708' title='bbox 1143 4879 1431 4957; x_wconf 80' lang='grc' dir='ltr'>ἀρουραίων</span> <span class='ocrx_word' id='word_1_709' title='bbox 1503 4884 1649 4954; x_wconf 85' lang='grc' dir='ltr'>μυῶν</span> <span class='ocrx_word' id='word_1_710' title='bbox 1700 4881 1735 4947; x_wconf 73' lang='grc' dir='ltr'><strong>ἡ</strong></span> <span class='ocrx_word' id='word_1_711' title='bbox 1768 4879 1924 4960; x_wconf 86' lang='grc' dir='ltr'>χώρα</span> 
     </span>
    </p>
   </div>
   <div class='ocr_carea' id='block_1_97' title="bbox 279 4963 1923 5049">
    <p class='ocr_par' dir='ltr' id='par_1_97' title="bbox 279 4963 1923 5049">
     <span class='ocr_line' id='line_1_97' title="bbox 279 4963 1923 5049; baseline 0.002 -27"><span class='ocrx_word' id='word_1_712' title='bbox 279 4963 738 5044; x_wconf 82' lang='grc' dir='ltr'>καταπληροῦται.</span> <span class='ocrx_word' id='word_1_713' title='bbox 804 4967 905 5030; x_wconf 79' lang='grc' dir='ltr'>Τὰς</span> <span class='ocrx_word' id='word_1_714' title='bbox 965 4966 1020 5023; x_wconf 76' lang='grc' dir='ltr'><strong>δὲ</strong></span> <span class='ocrx_word' id='word_1_715' title='bbox 1084 4967 1331 5049; x_wconf 80' lang='grc' dir='ltr'>ἐγχέλεις</span> <span class='ocrx_word' id='word_1_716' title='bbox 1388 4967 1505 5045; x_wconf 78' lang='grc'><strong>(16)</strong></span> <span class='ocrx_word' id='word_1_717' title='bbox 1564 4966 1678 5026; x_wconf 74' lang='grc' dir='ltr'>οὐδὲ</span> <span class='ocrx_word' id='word_1_718' title='bbox 1747 4968 1923 5036; x_wconf 82' lang='grc' dir='ltr'>ἄλλως</span> 
     </span>
    </p>
   </div>
   <div class='ocr_carea' id='block_1_98' title="bbox 363 5122 794 5205">
    <p class='ocr_par' dir='ltr' id='par_1_98' title="bbox 363 5122 794 5205">
     <span class='ocr_line' id='line_1_98' title="bbox 363 5122 794 5205; baseline -0.009 -16"><span class='ocrx_word' id='word_1_719' title='bbox 363 5125 415 5176; x_wconf 78' lang='grc'><strong>1¹</strong></span> <span class='ocrx_word' id='word_1_720' title='bbox 444 5123 593 5189; x_wconf 88' lang='lat' dir='ltr'><strong>Gen.</strong></span> <span class='ocrx_word' id='word_1_721' title='bbox 622 5140 667 5205; x_wconf 85' lang='grc' dir='ltr'>ι,</span> <span class='ocrx_word' id='word_1_722' title='bbox 693 5122 794 5188; x_wconf 77' lang='grc'><strong>24.</strong></span> 
     </span>
    </p>
   </div>
   <div class='ocr_carea' id='block_1_99' title="bbox 358 5281 1926 5378">
    <p class='ocr_par' dir='ltr' id='par_1_99' title="bbox 358 5281 1926 5378">
     <span class='ocr_line' id='line_1_99' title="bbox 358 5281 1926 5378; baseline 0.001 -31"><span class='ocrx_word' id='word_1_723' title='bbox 688 5304 799 5350; x_wconf 84' lang='lat' dir='ltr'><strong>ms.</strong></span> <span class='ocrx_word' id='word_1_724' title='bbox 829 5287 929 5378; x_wconf 69' lang='grc' dir='ltr'>ἆρα</span> <span class='ocrx_word' id='word_1_725' title='bbox 976 5287 1160 5378; x_wconf 74' lang='grc' dir='ltr'>τούτου</span> <span class='ocrx_word' id='word_1_726' title='bbox 1188 5311 1270 5367; x_wconf 78' lang='grc' dir='ltr'>γε.</span> <span class='ocrx_word' id='word_1_727' title='bbox 1307 5288 1458 5378; x_wconf 71' lang='lat' dir='ltr'><strong>Reg.</strong></span> <span class='ocrx_word' id='word_1_728' title='bbox 1511 5299 1713 5378; x_wconf 73' lang='lat' dir='ltr'><strong>sextus</strong></span> <span class='ocrx_word' id='word_1_729' title='bbox 1740 5294 1926 5351; x_wconf 82' lang='grc' dir='ltr'>τούτου</span> 
     </span>
    </p>
   </div>
   <div class='ocr_carea' id='block_1_100' title="bbox 280 5365 1748 5448">
    <p class='ocr_par' dir='ltr' id='par_1_100' title="bbox 280 5365 1748 5448">
     <span class='ocr_line' id='line_1_100' title="bbox 280 5365 1748 5448; baseline 0.009 -24"><span class='ocrx_word' id='word_1_730' title='bbox 280 5365 393 5429; x_wconf 77' lang='grc' dir='ltr'>καί.</span> <span class='ocrx_word' id='word_1_731' title='bbox 425 5365 584 5448; x_wconf 80' lang='lat' dir='ltr'><strong>Edi_li</strong></span> <span class='ocrx_word' id='word_1_732' title='bbox 620 5385 752 5428; x_wconf 88' lang='lat' dir='ltr'><strong>cum</strong></span> <span class='ocrx_word' id='word_1_733' title='bbox 779 5365 1131 5448; x_wconf 84' lang='lat' dir='ltr'><strong>quibusdam</strong></span> <span class='ocrx_word' id='word_1_734' title='bbox 1162 5365 1304 5433; x_wconf 82' lang='lat' dir='ltr'><strong>mss.</strong></span> <span class='ocrx_word' id='word_1_735' title='bbox 1340 5365 1522 5429; x_wconf 74' lang='grc' dir='ltr'>τοῦτου</span> <span class='ocrx_word' id='word_1_736' title='bbox 1551 5371 1748 5437; x_wconf 68' lang='grc' dir='ltr'>ἕνεκεν.</span> 
     </span>
    </p>
   </div>
   <div class='ocr_carea' id='block_1_101' title="bbox 356 5445 1921 5538">
    <p class='ocr_par' dir='ltr' id='par_1_101' title="bbox 356 5445 1921 5538">
     <span class='ocr_line' id='line_1_101' title="bbox 356 5445 1921 5538; baseline 0.006 -32"><span class='ocrx_word' id='word_1_737' title='bbox 523 5445 636 5508; x_wconf 80' lang='lat' dir='ltr'><strong>Sex</strong></span> <span class='ocrx_word' id='word_1_738' title='bbox 668 5445 814 5538; x_wconf 68' lang='lat' dir='ltr'><strong>mss.</strong></span> <span class='ocrx_word' id='word_1_739' title='bbox 863 5467 997 5538; x_wconf 81' lang='lat' dir='ltr'><strong>cum</strong></span> <span class='ocrx_word' id='word_1_740' title='bbox 1054 5468 1166 5513; x_wconf 88' lang='lat' dir='ltr'><strong>ms.</strong></span> <span class='ocrx_word' id='word_1_741' title='bbox 1216 5450 1483 5515; x_wconf 90' lang='lat' dir='ltr'><strong>Combef.</strong></span> <span class='ocrx_word' id='word_1_742' title='bbox 1541 5453 1921 5534; x_wconf 75' lang='grc' dir='ltr'>ἐπεχείρησαν.</span> 
     </span>
    </p>
   </div>
   <div class='ocr_carea' id='block_1_102' title="bbox 275 5526 1051 5607">
    <p class='ocr_par' dir='ltr' id='par_1_102' title="bbox 275 5526 1051 5607">
     <span class='ocr_line' id='line_1_102' title="bbox 275 5526 1051 5607; baseline 0.005 -19"><span class='ocrx_word' id='word_1_743' title='bbox 275 5526 439 5607; x_wconf 74' lang='grc' dir='ltr'><strong>Εάίῐί</strong></span> <span class='ocrx_word' id='word_1_744' title='bbox 468 5527 838 5607; x_wconf 70' lang='grc' dir='ltr'>ἐπεχειρήσαι,</span> <span class='ocrx_word' id='word_1_745' title='bbox 874 5530 1051 5592; x_wconf 89' lang='lat' dir='ltr'><strong>male.</strong></span> 
     </span>
    </p>
   </div>
   <div class='ocr_carea' id='block_1_103' title="bbox 359 5606 1667 5685">
    <p class='ocr_par' dir='ltr' id='par_1_103' title="bbox 359 5606 1667 5685">
     <span class='ocr_line' id='line_1_103' title="bbox 359 5606 1667 5685; baseline 0.004 -16"><span class='ocrx_word' id='word_1_746' title='bbox 359 5606 481 5685; x_wconf 77' lang='grc'><strong>(12)</strong></span> <span class='ocrx_word' id='word_1_747' title='bbox 512 5606 612 5670; x_wconf 88' lang='lat' dir='ltr'><strong>Sic</strong></span> <span class='ocrx_word' id='word_1_748' title='bbox 644 5627 787 5669; x_wconf 88' lang='lat' dir='ltr'><strong>mss.</strong></span> <span class='ocrx_word' id='word_1_749' title='bbox 820 5610 1017 5674; x_wconf 89' lang='lat' dir='ltr'><strong>multi.</strong></span> <span class='ocrx_word' id='word_1_750' title='bbox 1045 5608 1204 5674; x_wconf 87' lang='lat' dir='ltr'><strong>Editi</strong></span> <span class='ocrx_word' id='word_1_751' title='bbox 1234 5612 1422 5676; x_wconf 90' lang='lat' dir='ltr'><strong>Paris.</strong></span> <span class='ocrx_word' id='word_1_752' title='bbox 1458 5615 1667 5682; x_wconf 71' lang='grc' dir='ltr'>ἀπωθῇ.</span> 
     </span>
    </p>
   </div>
   <div class='ocr_carea' id='block_1_104' title="bbox 354 5688 1925 5775">
    <p class='ocr_par' dir='ltr' id='par_1_104' title="bbox 354 5688 1925 5775">
     <span class='ocr_line' id='line_1_104' title="bbox 354 5688 1925 5775; baseline 0.003 -26"><span class='ocrx_word' id='word_1_753' title='bbox 354 5688 486 5767; x_wconf 79' lang='grc'><strong>(13)</strong></span> <span class='ocrx_word' id='word_1_754' title='bbox 520 5688 671 5775; x_wconf 78' lang='lat' dir='ltr'><strong>Reg.</strong></span> <span class='ocrx_word' id='word_1_755' title='bbox 705 5697 907 5775; x_wconf 72' lang='lat' dir='ltr'><strong>sextus</strong></span> <span class='ocrx_word' id='word_1_756' title='bbox 937 5692 1102 5775; x_wconf 64' lang='grc' dir='ltr'>ὅντων</span> <span class='ocrx_word' id='word_1_757' title='bbox 1145 5693 1199 5750; x_wconf 78' lang='grc' dir='ltr'>ἐν</span> <span class='ocrx_word' id='word_1_758' title='bbox 1232 5694 1763 5775; x_wconf 75' lang='grc' dir='ltr'>προστάγματι,Μοι</span> <span class='ocrx_word' id='word_1_759' title='bbox 1794 5694 1925 5775; x_wconf 83' lang='lat' dir='ltr'><strong>plu-</strong></span> 
     </span>
    </p>
   </div>
   <div class='ocr_carea' id='block_1_105' title="bbox 272 5770 1620 5851">
    <p class='ocr_par' dir='ltr' id='par_1_105' title="bbox 272 5770 1620 5851">
     <span class='ocr_line' id='line_1_105' title="bbox 272 5770 1620 5851; baseline 0 -14"><span class='ocrx_word' id='word_1_760' title='bbox 272 5786 378 5833; x_wconf 69' lang='lat' dir='ltr'><strong>res</strong></span> <span class='ocrx_word' id='word_1_761' title='bbox 410 5786 554 5831; x_wconf 63' lang='grc' dir='ltr'>ωδε.</span> <span class='ocrx_word' id='word_1_762' title='bbox 581 5772 681 5838; x_wconf 70' lang='grc' dir='ltr'>τὴν</span> <span class='ocrx_word' id='word_1_763' title='bbox 712 5770 764 5827; x_wconf 68' lang='grc' dir='ltr'><strong>ἓν</strong></span> <span class='ocrx_word' id='word_1_764' title='bbox 797 5778 865 5848; x_wconf 76' lang='grc' dir='ltr'><strong>τῇ</strong></span> <span class='ocrx_word' id='word_1_765' title='bbox 890 5793 1004 5850; x_wconf 81' lang='grc' dir='ltr'>γεν.</span> <span class='ocrx_word' id='word_1_766' title='bbox 1038 5771 1215 5836; x_wconf 86' lang='lat' dir='ltr'><strong>Deest</strong></span> <span class='ocrx_word' id='word_1_767' title='bbox 1243 5770 1309 5851; x_wconf 75' lang='grc' dir='ltr'><strong>τῇ</strong></span> <span class='ocrx_word' id='word_1_768' title='bbox 1339 5774 1400 5835; x_wconf 92' lang='lat' dir='ltr'><strong>in</strong></span> <span class='ocrx_word' id='word_1_769' title='bbox 1424 5770 1620 5837; x_wconf 81' lang='lat' dir='ltr'><strong>editis.</strong></span> 
     </span>
    </p>
   </div>
   <div class='ocr_carea' id='block_1_106' title="bbox 2017 4608 3653 4693">
    <p class='ocr_par' dir='ltr' id='par_1_106' title="bbox 2017 4608 3653 4693">
     <span class='ocr_line' id='line_1_106' title="bbox 2017 4608 3653 4693; baseline 0.003 -23"><span class='ocrx_word' id='word_1_770' title='bbox 2017 4608 2164 4670; x_wconf 91' lang='lat' dir='ltr'><strong>lium</strong></span> <span class='ocrx_word' id='word_1_771' title='bbox 2213 4609 2273 4669; x_wconf 90' lang='lat' dir='ltr'><strong>in</strong></span> <span class='ocrx_word' id='word_1_772' title='bbox 2304 4625 2443 4669; x_wconf 84' lang='lat' dir='ltr'><strong>aere</strong></span> <span class='ocrx_word' id='word_1_773' title='bbox 2472 4609 2810 4686; x_wconf 80' lang='lat' dir='ltr'><strong>vagantium</strong></span> <span class='ocrx_word' id='word_1_774' title='bbox 2840 4626 3082 4686; x_wconf 76' lang='lat' dir='ltr'><strong>genera,</strong></span> <span class='ocrx_word' id='word_1_775' title='bbox 3111 4628 3362 4689; x_wconf 87' lang='lat' dir='ltr'><strong>quorum</strong></span> <span class='ocrx_word' id='word_1_776' title='bbox 3397 4611 3653 4693; x_wconf 86' lang='lat' dir='ltr'><strong>plurima</strong></span> 
     </span>
    </p>
   </div>
   <div class='ocr_carea' id='block_1_107' title="bbox 2007 4697 3653 4781">
    <p class='ocr_par' dir='ltr' id='par_1_107' title="bbox 2007 4697 3653 4781">
     <span class='ocr_line' id='line_1_107' title="bbox 2007 4697 3653 4781; baseline 0.002 -21"><span class='ocrx_word' id='word_1_777' title='bbox 2007 4705 2253 4781; x_wconf 88' lang='lat' dir='ltr'><strong>propter</strong></span> <span class='ocrx_word' id='word_1_778' title='bbox 2313 4697 2660 4758; x_wconf 85' lang='lat' dir='ltr'><strong>tenuitatem</strong></span> <span class='ocrx_word' id='word_1_779' title='bbox 2714 4705 2846 4757; x_wconf 88' lang='lat' dir='ltr'><strong>sunt</strong></span> <span class='ocrx_word' id='word_1_780' title='bbox 2908 4715 3204 4779; x_wconf 80' lang='lat' dir='ltr'><strong>anonyma</strong></span> <span class='ocrx_word' id='word_1_781' title='bbox 3237 4719 3251 4762; x_wconf 89' lang='lat'><strong>:</strong></span> <span class='ocrx_word' id='word_1_782' title='bbox 3287 4701 3393 4762; x_wconf 86' lang='lat' dir='ltr'><strong>sed</strong></span> <span class='ocrx_word' id='word_1_783' title='bbox 3452 4721 3653 4765; x_wconf 85' lang='lat' dir='ltr'><strong>mures</strong></span> 
     </span>
    </p>
   </div>
   <div class='ocr_carea' id='block_1_108' title="bbox 2007 4784 3650 4868">
    <p class='ocr_par' dir='ltr' id='par_1_108' title="bbox 2007 4784 3650 4868">
     <span class='ocr_line' id='line_1_108' title="bbox 2007 4784 3650 4868; baseline 0.002 -18"><span class='ocrx_word' id='word_1_784' title='bbox 2007 4795 2184 4851; x_wconf 91' lang='lat' dir='ltr'><strong>etiam</strong></span> <span class='ocrx_word' id='word_1_785' title='bbox 2210 4795 2266 4849; x_wconf 91' lang='lat' dir='ltr'><strong>et</strong></span> <span class='ocrx_word' id='word_1_786' title='bbox 2292 4804 2466 4848; x_wconf 88' lang='lat' dir='ltr'><strong>ranas</strong></span> <span class='ocrx_word' id='word_1_787' title='bbox 2498 4804 2568 4847; x_wconf 80' lang='lat' dir='ltr'><strong>ex</strong></span> <span class='ocrx_word' id='word_1_788' title='bbox 2592 4803 2656 4847; x_wconf 90' lang='lat' dir='ltr'><strong>se</strong></span> <span class='ocrx_word' id='word_1_789' title='bbox 2686 4784 2814 4866; x_wconf 91' lang='lat' dir='ltr'><strong>ipsa</strong></span> <span class='ocrx_word' id='word_1_790' title='bbox 2845 4787 3090 4868; x_wconf 83' lang='lat' dir='ltr'><strong>profert.</strong></span> <span class='ocrx_word' id='word_1_791' title='bbox 3125 4786 3270 4849; x_wconf 87' lang='lat' dir='ltr'><strong>Nam</strong></span> <span class='ocrx_word' id='word_1_792' title='bbox 3296 4790 3458 4853; x_wconf 82' lang='lat' dir='ltr'><strong>circa</strong></span> <span class='ocrx_word' id='word_1_793' title='bbox 3487 4791 3650 4854; x_wconf 89' lang='lat' dir='ltr'><strong>The-</strong></span> 
     </span>
    </p>
   </div>
   <div class='ocr_carea' id='block_1_109' title="bbox 2006 4874 3651 4959">
    <p class='ocr_par' dir='ltr' id='par_1_109' title="bbox 2006 4874 3651 4959">
     <span class='ocr_line' id='line_1_109' title="bbox 2006 4874 3651 4959; baseline 0.002 -19"><span class='ocrx_word' id='word_1_794' title='bbox 2006 4877 2110 4940; x_wconf 90' lang='lat' dir='ltr'><strong>bas</strong></span> <span class='ocrx_word' id='word_1_795' title='bbox 2137 4876 2455 4959; x_wconf 59' lang='lat' dir='ltr'><strong>.Egyptias,</strong></span> <span class='ocrx_word' id='word_1_796' title='bbox 2488 4874 2590 4937; x_wconf 90' lang='lat' dir='ltr'><strong>ubi</strong></span> <span class='ocrx_word' id='word_1_797' title='bbox 2624 4876 2685 4935; x_wconf 91' lang='lat' dir='ltr'><strong>in</strong></span> <span class='ocrx_word' id='word_1_798' title='bbox 2715 4876 2958 4940; x_wconf 76' lang='lat' dir='ltr'><strong>aestibus</strong></span> <span class='ocrx_word' id='word_1_799' title='bbox 3016 4878 3177 4957; x_wconf 77' lang='lat' dir='ltr'><strong>large</strong></span> <span class='ocrx_word' id='word_1_800' title='bbox 3226 4879 3399 4959; x_wconf 87' lang='lat' dir='ltr'><strong>pluit,</strong></span> <span class='ocrx_word' id='word_1_801' title='bbox 3452 4883 3651 4947; x_wconf 84' lang='lat' dir='ltr'><strong>statim</strong></span> 
     </span>
    </p>
   </div>
   <div class='ocr_carea' id='block_1_110' title="bbox 2005 4963 3650 5049">
    <p class='ocr_par' dir='ltr' id='par_1_110' title="bbox 2005 4963 3650 5049">
     <span class='ocr_line' id='line_1_110' title="bbox 2005 4963 3650 5049; baseline 0.002 -18"><span class='ocrx_word' id='word_1_802' title='bbox 2005 4966 2446 5049; x_wconf 86' lang='lat' dir='ltr'><strong>campestribus</strong></span> <span class='ocrx_word' id='word_1_803' title='bbox 2468 4963 2738 5029; x_wconf 87' lang='lat' dir='ltr'><strong>muribus</strong></span> <span class='ocrx_word' id='word_1_804' title='bbox 2755 4965 2916 5045; x_wconf 83' lang='lat' dir='ltr'><strong>regio</strong></span> <span class='ocrx_word' id='word_1_805' title='bbox 2938 4984 3066 5029; x_wconf 91' lang='lat' dir='ltr'><strong>com</strong></span> <span class='ocrx_word' id='word_1_806' title='bbox 3076 4968 3452 5048; x_wconf 86' lang='lat' dir='ltr'><strong>pletur.Quin</strong></span> <span class='ocrx_word' id='word_1_807' title='bbox 3473 4972 3650 5034; x_wconf 88' lang='lat' dir='ltr'><strong>etiam</strong></span> 
     </span>
    </p>
   </div>
   <div class='ocr_carea' id='block_1_111' title="bbox 3059 5102 3085 5110">
    <p class='ocr_par' dir='ltr' id='par_1_111' title="bbox 3059 5102 3085 5110">
     <span class='ocr_line' id='line_1_111' title="bbox 3059 5102 3085 5110; baseline 0 0"><span class='ocrx_word' id='word_1_808' title='bbox 3059 5102 3085 5110; x_wconf 54' lang='grc' dir='ltr'>ν</span> 
     </span>
    </p>
   </div>
   <div class='ocr_carea' id='block_1_112' title="bbox 2094 5290 3653 5375">
    <p class='ocr_par' dir='ltr' id='par_1_112' title="bbox 2094 5290 3653 5375">
     <span class='ocr_line' id='line_1_112' title="bbox 2094 5290 3653 5375; baseline 0.002 -18"><span class='ocrx_word' id='word_1_809' title='bbox 2094 5294 2225 5375; x_wconf 84' lang='grc'><strong>(14)</strong></span> <span class='ocrx_word' id='word_1_810' title='bbox 2252 5292 2337 5355; x_wconf 90' lang='lat' dir='ltr'><strong>Ita</strong></span> <span class='ocrx_word' id='word_1_811' title='bbox 2366 5292 2552 5375; x_wconf 58' lang='lat' dir='ltr'><strong>code;</strong></span> <span class='ocrx_word' id='word_1_812' title='bbox 2582 5290 2854 5356; x_wconf 87' lang='lat' dir='ltr'><strong>Combef.</strong></span> <span class='ocrx_word' id='word_1_813' title='bbox 2888 5310 3022 5353; x_wconf 92' lang='lat' dir='ltr'><strong>cum</strong></span> <span class='ocrx_word' id='word_1_814' title='bbox 3058 5293 3206 5374; x_wconf 70' lang='lat' dir='ltr'><strong>Reg.</strong></span> <span class='ocrx_word' id='word_1_815' title='bbox 3231 5302 3461 5362; x_wconf 86' lang='lat' dir='ltr'><strong>octavo.</strong></span> <span class='ocrx_word' id='word_1_816' title='bbox 3492 5291 3653 5362; x_wconf 85' lang='lat' dir='ltr'><strong>Editi</strong></span> 
     </span>
    </p>
   </div>
   <div class='ocr_carea' id='block_1_113' title="bbox 2010 5373 3401 5452">
    <p class='ocr_par' dir='ltr' id='par_1_113' title="bbox 2010 5373 3401 5452">
     <span class='ocr_line' id='line_1_113' title="bbox 2010 5373 3401 5452; baseline 0.001 -18"><span class='ocrx_word' id='word_1_817' title='bbox 2010 5392 2149 5435; x_wconf 87' lang='lat' dir='ltr'><strong>vero</strong></span> <span class='ocrx_word' id='word_1_818' title='bbox 2174 5373 2309 5437; x_wconf 88' lang='lat' dir='ltr'><strong>cum</strong></span> <span class='ocrx_word' id='word_1_819' title='bbox 2343 5373 2571 5435; x_wconf 75' lang='lat' dir='ltr'><strong>caeteris</strong></span> <span class='ocrx_word' id='word_1_820' title='bbox 2596 5391 2738 5434; x_wconf 94' lang='lat' dir='ltr'><strong>mss.</strong></span> <span class='ocrx_word' id='word_1_821' title='bbox 2772 5375 2967 5452; x_wconf 77' lang='grc' dir='ltr'>χρόνος</span> <span class='ocrx_word' id='word_1_822' title='bbox 2998 5374 3210 5442; x_wconf 73' lang='grc' dir='ltr'>ἐξίτηλα</span> <span class='ocrx_word' id='word_1_823' title='bbox 3234 5392 3401 5441; x_wconf 79' lang='grc' dir='ltr'>ποιεῖ.</span> 
     </span>
    </p>
   </div>
   <div class='ocr_carea' id='block_1_114' title="bbox 2094 5455 3647 5539">
    <p class='ocr_par' dir='ltr' id='par_1_114' title="bbox 2094 5455 3647 5539">
     <span class='ocr_line' id='line_1_114' title="bbox 2094 5455 3647 5539; baseline 0.001 -24"><span class='ocrx_word' id='word_1_824' title='bbox 2094 5456 2223 5539; x_wconf 81' lang='grc'><strong>(15)</strong></span> <span class='ocrx_word' id='word_1_825' title='bbox 2258 5457 2406 5533; x_wconf 75' lang='lat' dir='ltr'><strong>Reg.</strong></span> <span class='ocrx_word' id='word_1_826' title='bbox 2443 5464 2645 5539; x_wconf 68' lang='lat' dir='ltr'><strong>sextus</strong></span> <span class='ocrx_word' id='word_1_827' title='bbox 2672 5455 3129 5534; x_wconf 72' lang='grc' dir='ltr'>ὶξυπηρετουμένη</span> <span class='ocrx_word' id='word_1_828' title='bbox 3174 5464 3250 5532; x_wconf 82' lang='grc' dir='ltr'>τῷ</span> <span class='ocrx_word' id='word_1_829' title='bbox 3279 5461 3647 5539; x_wconf 85' lang='grc' dir='ltr'>προστάγματι</span> 
     </span>
    </p>
   </div>
   <div class='ocr_carea' id='block_1_115' title="bbox 2007 5532 3644 5628">
    <p class='ocr_par' dir='ltr' id='par_1_115' title="bbox 2007 5532 3644 5628">
     <span class='ocr_line' id='line_1_115' title="bbox 2007 5532 3644 5628; baseline 0.007 -37"><span class='ocrx_word' id='word_1_830' title='bbox 2007 5532 2423 5628; x_wconf 59' lang='grc' dir='ltr'>εξοῦκτίσαντος,</span> <span class='ocrx_word' id='word_1_831' title='bbox 2448 5532 2568 5596; x_wconf 84' lang='lat' dir='ltr'><strong>Nec</strong></span> <span class='ocrx_word' id='word_1_832' title='bbox 2594 5532 2880 5596; x_wconf 77' lang='lat' dir='ltr'><strong>creatoris</strong></span> <span class='ocrx_word' id='word_1_833' title='bbox 2910 5541 3161 5614; x_wconf 73' lang='lat' dir='ltr'><strong>imperio</strong></span> <span class='ocrx_word' id='word_1_834' title='bbox 3190 5532 3409 5601; x_wconf 65' lang='lat' dir='ltr'><strong>desinit</strong></span> <span class='ocrx_word' id='word_1_835' title='bbox 3438 5532 3644 5617; x_wconf 61' lang='lat' dir='ltr'><strong>[dinu-</strong></span> 
     </span>
    </p>
   </div>
   <div class='ocr_carea' id='block_1_116' title="bbox 2010 5614 3032 5777">
    <p class='ocr_par' dir='ltr' id='par_1_116' title="bbox 2010 5614 3032 5777">
     <span class='ocr_line' id='line_1_116' title="bbox 2010 5614 3032 5777; baseline -0.006 -18"><span class='ocrx_word' id='word_1_836' title='bbox 2010 5614 2214 5775; x_wconf 53' lang='grc' dir='ltr'><strong>ιωίῒδ)</strong></span> <span class='ocrx_word' id='word_1_837' title='bbox 2244 5694 2369 5757; x_wconf 90' lang='lat' dir='ltr'><strong>Duo</strong></span> <span class='ocrx_word' id='word_1_838' title='bbox 2399 5711 2544 5757; x_wconf 82' lang='lat' dir='ltr'><strong>mss.</strong></span> <span class='ocrx_word' id='word_1_839' title='bbox 2572 5696 2667 5763; x_wconf 82' lang='grc' dir='ltr'><strong>τὰς</strong></span> <span class='ocrx_word' id='word_1_840' title='bbox 2698 5693 2751 5751; x_wconf 81' lang='grc' dir='ltr'><strong>δὲ</strong></span> <span class='ocrx_word' id='word_1_841' title='bbox 2782 5695 3032 5777; x_wconf 46' lang='grc' dir='ltr'>ἐγίελυς.</span> 
     </span>
    </p>
   </div>
  </div>
