4102 6224
175 328 311 392 9.05

1262 324 1576 389 HOMILIA
1626 330 1705 389 IX
1751 326 1831 391 ΙΝ
1875 331 2406 396 HEXAEMERON

3448 333 3571 399 206‘

167 462 644 525 κατασπεύδοντα,
682 460 832 519 Ἀλλ’
858 460 1005 536 ὅμως
1078 462 1126 516 οἱ
1183 461 1338 517 αὐτὸν
1367 462 1459 516 τὸν
1507 463 1691 539 Κῦριον
1736 485 1825 518 συ-

1919 464 1995 526 sit
2051 465 2187 547 sibi,
2220 475 2396 548 atque
2444 467 2676 531 domini
2734 486 2899 530 more
2928 467 3314 532 vehementer
3340 487 3407 532 se
3436 476 3567 552 ipse

165 555 520 634 xocpzvtﬁazt
578 554 656 627 μη
712 552 1162 629 κατοκνήσαντες,
1194 549 1244 605 τί
1273 553 1367 608 οῦκ
1396 548 1457 605 ἄν
1502 547 1706 607 εἴποιεν
1735 573 1833 629 γε-

163 643 565 722 γυμνασμένην
622 643 751 717 πρὸς
805 642 865 698 τὸ
897 638 1084 715 ψεῦδος
1142 640 1239 707 τὴν
1268 637 1517 718 γλῶσσαν
1570 639 1833 721 ἔχοντες

161 732 237 790 Ἤ
273 733 464 807 μέντοι
522 739 760 802 παροῦσα
804 730 954 808 φωνὴ
987 728 1260 792 παντελῶς
1305 732 1477 787 αὐτῶν
1561 731 1832 809 ἀποφράσο

170 844 258 880 σει
318 825 387 879 τὸ
446 821 644 897 στόμαο
711 822 808 880 Καὶ
859 821 1075 877 εἶπενὸ
1147 819 1297 883 Θεός·
1358 822 1674 896 Ποιήσωμεν
1733 820 1829 878 ἅν-

165 917 414 989 θρωπον,
455 918 542 978 Μη
574 914 661 967 καὶ
695 919 805 989 νῦν,
840 910 953 966 εἱπέ
999 932 1116 988 μοι,
1183 910 1564 984 μεμονωμένον
1602 911 1710 967 ἐστὶ
1772 913 1833 967 τὸ

174 1003 475 1079 πρόσωπον
527 1004 646 1079 ςΟῦ
676 1001 775 1078 γὰρ
819 1000 1135 1078 γέγραπται’
1193 1001 1477 1068 Γενηθήτω
1533 997 1827 1078 ἄνθρωπος,

176 1092 345 1165 ἀλλὰ,
412 1095 728 1167 Ποιήσωμεν
804 1092 1094 1169 ἄνθρωπον.
1159 1087 1314 1149 ’Ἕως
1347 1090 1551 1146 οῧπωὸ
1594 1088 1834 1147 διδασκόο

176 1204 345 1257 μενος
420 1181 793 1261 παρεφαίνετο,
858 1180 911 1236 ἓν
971 1180 1117 1255 βάθει
1146 1177 1474 1237 ἑκεκάλυπτο
1515 1180 1614 1246 τῆς
1642 1180 1831 1238 θεολο-

176 1272 300 1350 γίας
358 1274 421 1327 τὸ
470 1269 598 1349 (69)
655 1273 921 1349 κήρυγμα⁶
971 1269 1058 1325 ὅτε
1111 1269 1300 1325 λοιπὸν
1324 1268 1597 1344 ἀνθρώπου
1623 1270 1829 1347 γένεσις

175 1359 566 1436 προσδοκᾶται,
598 1367 1032 1439 παραγῦμνοῦται
1065 1362 1097 1427 ἡ
1148 1379 1349 1429 πιστις,
1384 1362 1470 1414 καὶ
1520 1359 1830 1439 τρανότερον

176 1448 580 1528 παραδηλοῦται
620 1453 716 1517 τῆς
750 1449 1000 1515 ἀληθείας
1044 1450 1105 1506 τὸ
1135 1446 1330 1525 δόγμα,
1365 1449 1684 1523 Ποιήσωμεν
1742 1449 1830 1505 ἂν·

173 1543 417 1617 θρωπον,
452 1538 730 1611 Ἀκούεις,
756 1539 801 1594 ὦ
831 1538 1199 1617 Χριστομάχε,
1228 1535 1308 1593 ὅτι
1331 1544 1406 1611 τῷ
1435 1544 1675 1611 κοινωνῷ
1701 1537 1825 1619 (70)

173 1634 279 1695 τῆς
311 1627 659 1708 δημιουργίας
722 1627 1180 1706 προσδιαλέγεται,
1220 1627 1298 1682 Δι’
1345 1633 1405 1683 οῦ
1435 1628 1519 1683 καὶ
1542 1627 1664 1691 τοὺς
1694 1630 1829 1683 αἰῶ-

1917 568 2139 632 urgeat
2187 559 2603 618 Verumtamen
2626 557 2729 637 qui
2759 556 2953 637 ipsum
2986 557 3306 620 Dominum
3337 560 3565 623 calum-

1916 642 2064 704 niari
2089 646 2259 706 veriti
2292 665 2408 706 non
2426 658 2589 725 sunt,
2618 645 2757 726 quid
2789 646 2992 709 dicere
3027 666 3143 708 non
3175 650 3425 726 possint.
3456 649 3557 711 lin-

1914 751 2088 811 guam
2115 736 2402 798 habentes
2445 736 2515 796 ad
2573 736 2942 796 mendacium
2999 737 3444 799 exercitatam?
3490 742 3565 804 At

1916 840 2174 901 prasens
2206 843 2312 885 vox
2346 824 2588 885 omnino
2620 818 2686 885 os
2709 824 2972 904 ipsorum
3008 826 3248 905 oppilat.
3279 827 3357 889 Et
3403 828 3563 890 dixit

1918 910 2097 974 Deus:
2113 913 2440 975 Faciamus
2456 911 3217 994 hominem.Nuncjam,dic
3235 916 3565 990 mihi,nun-

1915 1003 2052 1081 quid
2082 1003 2258 1063 unica
2302 1011 2390 1063 est
2434 1021 2683 1082 persona
2710 1009 2737 1064 ?
2770 1000 2893 1063 Non
2920 1003 3078 1064 enim
3104 1005 3388 1085 scriptum
3425 1015 3513 1068 est
3546 1026 3560 1071 :

1914 1090 2043 1152 Fiat
2075 1093 2275 1163 homo,
2336 1091 2466 1165 sed,
2522 1091 2847 1152 Faciamus
2898 1093 3224 1157 hominem.
3287 1096 3561 1167 Quandiu

1913 1180 2177 1241 nondum
2202 1181 2519 1260 apparebat
2542 1180 2643 1260 qui
2666 1178 3003 1262 doceretur,
3054 1182 3112 1242 in
3154 1183 3443 1262 profundo
3465 1205 3556 1245 oc-

1916 1271 2071 1331 culta
2105 1280 2227 1330 erat
2252 1270 2561 1348 theologia
2594 1269 2978 1349 pradicatio:
3033 1290 3168 1332 cum
3220 1282 3413 1334 autem
3449 1274 3561 1335 ho—

1917 1359 2093 1419 minis
2114 1366 2491 1438 exspertatur
2512 1358 3187 1437 generatio,denudatur
3209 1362 3376 1441 ﬁdes,
3395 1363 3564 1424 clari-

1914 1465 2101 1527 usque
2118 1450 2415 1509 revelatur
2434 1446 2700 1508 veritatis
2742 1447 2980 1527 dogma.
3019 1450 3335 1513 Faciamus
3371 1454 3562 1514 homi-

1913 1536 2555 1611 nem.Audis,oChristi
2581 1538 3564 1618 oppugnator,ipsumadofﬁciiso-

1915 1625 2071 1686 cium
2102 1629 2257 1707 loqui
2293 1648 2306 1688 :
2344 1626 2461 1687 Per
2482 1644 2656 1705 quem
2679 1628 2818 1703 fecit
2839 1635 2890 1688 el
2906 1628 3132 1689 saecula
3169 1649 3183 1698 ;
3217 1632 3323 1709 qui
3350 1640 3563 1709 portat

176 1740 275 1780 νας
361 1718 632 1785 ἐποίησεν·
710 1717 766 1772 3c
840 1718 983 1797 φέρει
1036 1718 1102 1772 τὰ
1149 1716 1431 1790 σύμπαντα
1488 1723 1564 1789 τῷ
1630 1717 1825 1792 ῥήματι

1915 1717 2116 1775 omnia
2145 1717 2322 1777 verbo
2353 1716 2594 1776 virtutis
2642 1732 2767 1775 suae
2788 1715 2867 1777 93.
2896 1717 3010 1777 Sed
3038 1736 3152 1777 non
3188 1718 3361 1779 tacite
3386 1720 3560 1781 verba

179 1813 282 1873 τῆς
342 1806 612 1881 δυνάμεως
687 1810 866 1868 αὑτοῦ,
928 1803 1079 1863 Ἀλλ’
1140 1809 1200 1863 οὗ
1255 1804 1355 1883 γὰρ
1378 1807 1562 1885 ἡσυχῇ
1591 1804 1825 1881 παραδέ-

1915 1806 2129 1881 excipit
2163 1804 2481 1883 Pietatiszat
2506 1804 3007 1883 quemadmodum
3051 1806 3257 1868 bestia
3288 1828 3416 1888 qua
3448 1810 3559 1871 ho--

181 1918 346 1974 χεται
404 1898 495 1952 τὸν
559 1896 716 1974 λόγον
750 1898 847 1962 τῆς
871 1894 1159 1957 εὐσεϐείας·
1194 1894 1373 1971 ὥσπερ
1420 1893 1475 1949 δὲ
1505 1898 1610 1951 τῶν
1638 1896 1825 1971 θηρίων

1918 1893 2061 1952 mini
2096 1904 2231 1954 sunt
2254 1892 2835 1960 infensissima,cum
2856 1892 2914 1953 in
2939 1895 3131 1956 caveis
3152 1896 3559 1979 includuntur,

183 1986 249 2040 τὰ
302 1987 805 2063 μισανθρωπότατα,
876 1982 1087 2041 ἐπειδὰν
1146 1997 1263 2047 τοῖς
1336 1984 1558 2063 ζώγροις
1631 1984 1825 2041 ἐναπο-

1915 1983 2136 2043 circum
2174 1985 2507 2064 sepimenta
2540 1981 2836 2056 frondent,
2900 1991 3079 2065 atque
3107 1986 3556 2048 amaritudinem

180 2073 432 2153 κλεισθῇ,
496 2072 869 2154 περιϐρόχεται
940 2072 1063 2151 (Ἠ)
1124 2086 1240 2138 τοῖς
1292 2071 1610 2150 κυλίνδροις,
1641 2074 1703 2129 τὸ
1734 2073 1825 2148 μὲν

1915 2073 2152 2151 quidem
2186 2092 2252 2134 ac
2282 2073 2573 2134 feritatem
2608 2080 2833 2133 natura
2864 2073 3204 2154 ostendunt,
3232 2093 3343 2135 nec
3366 2084 3561 2137 tamen

183 2165 376 2238 πικρὸν
410 2167 495 2218 καὶ
550 2164 816 2241 ἀνήμερον
873 2168 972 2229 τῆς
1023 2162 1229 2240 φύσεως
1287 2159 1677 2237 ἐνδεικνύμενα,
1741 2163 1829 2219 ἐγ·

180 2252 466 2331 πληρῶσαι
524 2251 580 2308 δὲ
636 2253 734 2318 τὴν
794 2252 985 2327 μανίαν
1040 2251 1135 2307 οῦκ
1182 2252 1401 2331 ἔχοντα’
1468 2252 1605 2309 οὕτω
1632 2254 1721 2308 καὶ
1766 2275 1827 2309 το

180 2341 373 2420 ἐχθρὸν
442 2341 539 2409 τῆς
572 2341 822 2407 ἀληθείας
853 2340 1007 2418 γένος
1039 2342 1086 2396 οἱ
1131 2338 1405 2413 Ἰουδαῖοι,
1453 2344 1825 2423 στενοχωρού-

181 2452 332 2499 μενοι
398 2430 551 2511 (72),
582 2430 783 2510 Πολλὰ,
817 2432 996 2509 φασὶν,
1029 2433 1140 2487 ἔστι
1183 2432 1248 2487 τὰ
1280 2432 1541 2510 πρόσωπα
1576 2434 1707 2510 πρὸς
1739 2431 1825 2495 οὕς

184 2523 210 2576 ὁ
278 2520 438 2597 λόγος
497 2520 685 2598 γέγονε
740 2526 833 2575 τοῦ
878 2526 1029 2577 Θεοῦ.
1085 2530 1209 2584 Τοῖς
1241 2520 1487 2599 ἀγγέλοις
1530 2522 1629 2599 γὰρ
1681 2520 1825 2598 λέγει

183 2624 300 2674 τοῖς
358 2617 690 2688 παρεστῶσιν
750 2613 911 2681 ανότῷ⁶
990 2610 1307 2684 Ποιήσωμεν
1339 2609 1631 2688 ἄνθρωπον.
1683 2610 1824 2667 Ἰου..

188 2698 377 2755 δαῖκὸν
440 2703 502 2756 τὸ
557 2699 804 2776 πλάσμα,
840 2703 937 2763 τῆς
970 2698 1173 2755 ἐκεῖθεν
1203 2700 1443 2761 εὐκολίας
1486 2700 1547 2755 τὸ
1592 2698 1825 2775 μυθολό-

1910 2161 2168 2222 furorem
2196 2181 2364 2223 suum
2392 2168 2643 2241 possunt
2663 2162 2923 2241 explere:
2962 2164 3040 2223 ita
3060 2172 3115 2223 et
3137 2182 3282 2242 gens
3303 2165 3561 2227 veritatis

1912 2252 2174 2323 inimica,
2209 2249 2404 2313 Judai
2429 2254 2499 2313 ad
2529 2251 2830 2327 angustias
2858 2253 3106 2327 redacti,
3144 2254 3360 2316 multas
3397 2257 3564 2318 aiunt

1911 2359 2042 2404 esse
2084 2360 2392 2420 personas,
2446 2341 2517 2401 ad
2553 2358 2699 2418 quas
2732 2340 2836 2401 Dei
2872 2360 3069 2402 sermo
3120 2342 3383 2405 directus
3441 2355 3554 2409 est.

1910 2429 2063 2491 Dicit
2086 2430 2243 2491 enim
2275 2430 2604 2491 astantibus
2634 2429 2748 2490 sibi
2780 2432 3041 2508 angelis:
3091 2434 3412 2495 Faciamus
3445 2434 3557 2497 ho-

1909 2522 2129 2581 minem
2148 2520 2543 2581 24..ludaicum
2561 2528 2963 2581 commentum
2994 2530 3287 2603 est,atque
3312 2522 3560 2586 levitatis

1910 2607 2051 2668 inde
2077 2609 2353 2686 profecta
2386 2609 2710 2669 inventum:
2750 2615 2812 2668 ut
2867 2628 2940 2668 ne
2968 2629 3150 2670 unum
3210 2611 3555 2691 suscipiant,

1910 2696 2879 2759 innumerosinducunt.EtFilium
2897 2697 3561 2778 reprobantes,famuli

1912 2789 2258 2866 dignitatem
2286 2786 2619 2848 attribuunt
2644 2786 2970 2861 consilii,et
2991 2806 3309 2850 conservos
3328 2799 3563 2853 nostros

1913 2877 2175 2938 efficiunt
2207 2877 2523 2937 creationis
2547 2884 2762 2935 nostra
2805 2875 3100 2939 dominos.
3136 2876 3325 2939 Homo
3361 2882 3558 2959 perfe-

188 2965 508 3037 συμϐουλέας
561 2967 766 3043 ἀξιωμα
799 2972 1173 3047 περιάπτουσι³
1221 2970 1309 3024 καὶ
1356 2969 1479 3033 τοὺς
1511 2966 1825 3043 ὁμοδούλους

1915 2975 2042 3027 ctus
2073 2966 2142 3025 ad
2169 2966 2512 3044 angelorum
2546 2964 2820 3025 evehitur
2853 2964 3221 3043 dignitatem.
3249 2969 3433 3042 Quale
3464 2989 3561 3031 au-

185 3058 341 3131 ἡμῶν
401 3058 605 3135 κυρίους
664 3067 871 3117 ποιοῦσι
939 3065 1037 3126 τῆς
1121 3059 1383 3135 ἡμετέρας
1458 3056 1825 3135 δημιουργίας,

1917 3064 2032 3116 tem
2068 3056 2372 3134 opiﬁcium
2411 3073 2517 3133 par
2548 3071 2677 3115 esse
2710 3062 2901 3133 potest
2923 3054 3013 3114 88
3035 3055 3327 3118 conditori
3357 3062 3384 3117 ?
3412 3058 3561 3122 Con-

184 3146 561 3221 Τελειούμενος
609 3147 879 3226 ἅνθρωπος
935 3150 1067 3229 πρὸς
1138 3150 1234 3216 τὴν
1263 3155 1369 3204 τῶν
1400 3147 1643 3227 ἀγγέλων
1688 3146 1825 3211 ἀξίαν

1916 3146 2110 3205 sidera
2140 3154 2336 3205 autem
2367 3153 2423 3205 et
2453 3162 2586 3220 qua
2614 3154 2972 3223 sequuntur:
2992 3147 3085 3205 Ad
3109 3148 3436 3226 imaginem
3458 3170 3559 3210 no-

182 3236 450 3313 ἁναγεται.
516 3244 677 3293 Ποῖον
733 3237 787 3294 δὲ
859 3237 1235 3316 δημιούργημα
1266 3238 1386 3292 ἴσον
1437 3237 1647 3293 δύναται
1681 3239 1823 3293 εἶναι

1915 3241 2115 3296 stram.
2155 3232 2308 3305 Quid
2335 3233 2480 3294 dicis
2506 3232 2579 3292 ad
2614 3232 2727 3295 hoc
2757 3239 2785 3293 ?
2814 3236 2970 3295 Num
2996 3242 3051 3294 et
3092 3236 3197 3298 Dei
3221 3245 3279 3297 et
3307 3239 3554 3317 angelo-

190 2807 365 2865 γημα·
422 2789 516 2845 ἵνα
571 2792 631 2845 τὸ
666 2786 789 2869 (73)
846 2788 935 2845 ἕνα
992 2791 1069 2865 μὴ
1142 2787 1558 2869 παραδέξωνται,
1615 2791 1827 2865 μυρίους

192 2879 479 2954 εἰσάγουσι.
551 2881 647 2937 Καὶ
700 2883 788 2936 τὸν
840 2883 959 2936 Tib»
1002 2880 1328 2957 ἀθετοῦντες,
1363 2878 1591 2942 οἰκέταις
1642 2881 1703 2934 τὸ
1732 2887 1827 2949 τῆς

179 3328 252 3398 τῷ
306 3329 541 3383 κτίσαντι
576 3347 592 3405 ς
632 3329 831 3384 Σκόπει
896 3328 950 3383 δὲ
1008 3330 1097 3385 καὶ
1150 3328 1215 3383 τὰ
1285 3326 1409 3406 (74)
1446 3325 1658 3406 ἐφεξής⁹
1690 3324 1823 3387 Κατ’

182 3416 352 3470 εἰκόνα
424 3416 707 3494 ἡμετέραν.
746 3418 804 3474 Τί
836 3417 1007 3496 λέγεις
1039 3420 1169 3495 πρὸς
1204 3425 1404 3489 τοῦτο;
1468 3417 1553 3482 Μὴ
1612 3419 1700 3472 καὶ
1743 3418 1823 3471 εἰη

187 3507 290 3559 mira
349 3506 444 3578 μία
503 3513 632 3562 Θεοῦ
691 3508 774 3561 καὶ
818 3506 1111 3583 ἀγγέλωνς
1160 3508 1279 3562 ι’ἶοῦ
1335 3506 1431 3579 μὲν
1474 3506 1574 3583 γὰρ
1598 3505 1823 3560 milh-

189 3596 306 3671 τρὸς
364 3600 508 3649 πᾶσα
540 3594 746 3673 ανάγκη
810 3596 908 3662 τὴν
968 3595 1129 3663 αὐτὴν
1174 3596 1314 3651 εἶναι
1340 3595 1571 3673 μορφήνο
1602 3597 1824 3672 θεοπρε-

191 3690 302 3745 πῶς
362 3681 609 3750 δηλονότι
660 3686 754 3752 τῆς
785 3685 994 3763 μορφῆς
1025 3683 1339 3763 νοουμένης,
1374 3687 1467 3741 οῦκ
1490 3683 1543 3738 ἐν
1580 3684 1824 3763 σχήματι

190 3780 503 3851 σωματικῷ,
534 3772 653 3829 ἀλλ’
678 3774 731 3829 ἐν
770 3781 845 3847 τῷ
873 3772 1115 3847 ἰδιώματι
1174 3777 1269 3841 τῆς
1301 3774 1577 3839 θεότητος.
1613 3772 1821 3829 ’Ἄκουε

188 3864 270 3916 καὶ
326 3870 388 3917 συ
461 3862 579 3918 ὁέκ
607 3863 697 3930 τῆς
762 3863 881 3925 νέας
931 3864 1238 3937 κατατομῆς
1302 3862 1441 3943 (75),
1475 3863 1623 3918 ὁτὸν
1683 3859 1820 3919 Ἰου-

186 3947 409 4024 δαϊσμὸν
464 3951 763 4027 πρεσϐεύων
820 3953 871 4008 ἐν
943 3959 1358 4031 Χριστιανισμοῦ
1438 3952 1817 4021 προσποιήσει.

188 4042 291 4099 Τίνι
348 4041 518 4118 λέγει·
577 4042 703 4100 Κατ’
773 4044 946 4099 εἰκόνα
1006 4042 1267 4120 ἡμετέραν
1302 4059 1318 4117 ;
1353 4042 1461 4099 Τίνι
1493 4039 1640 4114 ἄλλῳ
1698 4042 1818 4118 γεῆ

181 4136 253 4203 τῷ
306 4133 681 4209 άπαυγάσματι
737 4136 833 4200 τῆς
883 4130 1060 4209 δόξης,
1095 4132 1183 4188 καὶ
1208 4131 1511 4210 χαρακτῆρι
1541 4135 1639 4199 τῆς
1677 4130 1816 4187 ὕπο·

184 4221 414 4285 στάσεως
465 4224 623 4279 αῦτοῦ
680 4220 824 4296 (76),
860 4221 917 4282 ὅς
996 4220 1137 4277 ἐστιν
1181 4221 1335 4276 εἰκὼν
1394 4227 1486 4276 τοῦ
1542 4226 1672 4276 Θεοῦ
1729 4227 1819 4275 τοῦ

187 4310 453 4387 ἀοράτως
517 4317 594 4378 Τῆ
663 4308 762 4381 ἰδίᾳ
819 4311 985 4366 τοίνυν
1043 4309 1202 4365 εἰκόνι
1230 4316 1295 4384 τῇ
1332 4310 1502 4385 ζώσῃ,
1536 4311 1603 4385 τῇ
1646 4311 1821 4366 εἰπού-

262 4429 325 4480 ῧ
350 4428 531 4492 Hebr.
565 4446 607 4505 ι,
642 4430 700 4503 2,
740 4428 797 4491 3.

267 4562 389 4632 469)
419 4563 504 4624 Ita
534 4579 677 4624 mss.
702 4568 955 4635 septem.
984 4560 1141 4623 Editi
1163 4578 1298 4621 cum
1322 4559 1451 4620 aliis
1473 4559 1821 4639 quibusdam
1850 4570 1889 4619 D

191 4662 326 4704 mss.
354 4642 654 4698 κεκάλυπτο
683 4642 778 4709 τῆς
809 4643 1127 4718 θεογνωσίας
1160 4643 1241 4701 τό.
1267 4640 1603 4718 Theologia
1622 4650 1817 4703 autem

190 4723 663 4801 praedicationem
695 4720 1199 4801 dicitidoctrinam
1225 4738 1377 4801 eam,
1404 4738 1518 4800 qua
1545 4739 1818 4800 persona

186 4799 571 4865 sanctissima
596 4799 897 4862 Trinitatis
921 4812 1128 4880 aperte
1161 4799 1575 4878 pradicantur.

262 4885 380 4957 (7‘))
420 4881 513 4944 Sic
548 4880 713 4959 Regii
747 4885 992 4959 primus,
1042 4882 1247 4941 tertius
1272 4889 1330 4941 et
1385 4881 1623 4961 quintus
1681 4899 1816 4942 cum

186 4964 345 5023 Colb.
380 4963 667 5024 secundo.
707 4960 857 5021 Editi
887 4980 1019 5020 cum
1056 4980 1172 5020 uno
1197 4969 1294 5021 aut
1322 4960 1509 5021 altero
1566 4981 1676 5021 ms.
1744 4984 1819 5016 τω

186 5052 360 5114 κοινῷ.
399 5043 556 5105 Infra
586 5042 731 5117 Reg.
761 5051 961 5103 sextus
992 5044 1153 5101 solus
1184 5041 1340 5118 λόγον
1404 5048 1500 5108 τῆς
1542 5041 1815 5106 ἀληθείας·

188 5128 380 5199 ὥσπερ,

268 5204 543 5285 (7UReg.
582 5203 807 5285 primus
862 5206 1083 5280 ζώγροις
1142 5200 1821 5285 ἐναπυσκιασθῇᾼπεριόρύ-

194 5281 787 5362 χεται.Ε(1ἵῐίο’ΒεδὶΙ.
844 5302 977 5343 cum
1013 5295 1163 5343 sext.
1222 5300 1359 5343 mss.
1420 5281 1818 5362 περιόρὺχεται.

194 5312 205 5319 ”
236 5311 365 5349 εταῑ.
394 5311 585 5347 ιιοίιιιιυ
612 5311 787 5345 Das“.
844 5311 977 5343 ϋυιιι
1013 5311 1021 5341 ἔ

190 5311 375 5428 Hditio
400 5368 585 5430 Paris.
622 5364 1021 5442 περιϐρυχᾶται,

266 5449 394 5519 (7⁸2)
419 5452 564 5523 Reg.
602 5449 828 5525 primus
878 5446 1014 5500 οὕτω
1045 5446 1130 5499 καὶ
1180 5445 1239 5498 τὸ
1302 5447 1401 5498 τῶν
1472 5447 1691 5525 ἒχθρώνᾷ
1728 5449 1821 5507 τῆς

188 5528 428 5593 ἀληθείας
504 5522 765 5585 Ἰουδαίων
844 5525 1017 5601 γένος,
1080 5526 1591 5603 στενοχωρούμενοι,
1666 5522 1813 5599 Reg.

186 5610 386 5670 tertius
410 5610 545 5666 031w
588 5610 675 5664 καὶ
727 5609 781 5663 τὸ
828 5606 1017 5685 ἐχθρὸν
1049 5610 1175 5685 ,τῆς
1250 5604 1492 5685 ἀληθείας
1556 5603 1816 5661 Ἰουδαίων

185 5692 349 5766 γένος.
399 5682 907 5768 στενοχωρούμενοι.
954 5683 1105 5748 Editi
1156 5690 1287 5745 cum
1327 5682 1512 5747 tribus
1567 5700 1705 5745 mss.
1758 5689 1819 5741 ut

183 5772 239 5832 in
269 5778 567 5833 contextu.

884 4428 941 4479 ⁸4
968 4428 1115 4493 Gen.
1152 4447 1192 4510 ι,
1227 4428 1327 4493 26.
1412 4428 1472 4480 ’5
1503 4430 1673 4494 Joan.
1707 4446 1768 4507 x,
1800 4427 1897 4492 30.

1910 3342 2037 3383 rum
2075 3342 2187 3382 una
2219 3331 2309 3383 est
2334 3320 2561 3399 imago?
2581 3320 2710 3383 Filii
2739 3320 2979 3399 quidem
3009 3325 3259 3387 etPatris
3283 3327 3556 3389 eamdem

1909 3430 2040 3474 esse
2074 3413 2320 3472 formam
2354 3411 2597 3471 omnino
2629 3429 2877 3473 necesse
2901 3419 3010 3488 est,
3046 3412 3234 3475 forma
3257 3415 3552 3506 videlicet,

1909 3504 1990 3563 uti
2026 3503 2209 3563 Deum
2245 3500 2774 3581 decet,intellecta,
2809 3520 2925 3561 non
2952 3501 3010 3562 in
3036 3522 3326 3584 corporea
3344 3500 3551 3586 figura,

1911 3593 2013 3653 sed
2046 3592 2102 3649 in
2120 3590 2440 3651 divinitatis
2465 3589 3013 3669 proprietate.Audi
3033 3598 3092 3655 et
3118 3600 3174 3653 tu
3200 3596 3297 3674 qui
3312 3614 3381 3657 ex
3405 3614 3554 3658 nova

1908 3681 2251 3741 concisione
2283 3680 2477 3759 es,qui
2503 3678 2936 3741 Christianismi
2974 3688 3213 3743 nomine
3263 3692 3438 3765 atque
3467 3685 3555 3746 si-

1908 3769 2231 3831 mulatione
2262 3768 2488 3828 stabilis
2514 3769 2905 3829 Judaismum.
2948 3770 3052 3831 Cui
3085 3770 3247 3832 dicit:
3274 3774 3375 3834 Ad
3405 3777 3553 3836 ima-

1905 3866 2105 3941 ginem
2134 3867 2401 3919 nostram
2430 3865 2457 3918 ’ξ
2486 3856 2616 3930 Cui,
2653 3876 2877 3938 quaso,
2904 3858 3082 3920 alteri
3115 3878 3289 3939 quam
3352 3862 3554 3940 gloria

1905 3948 2231 4027 splendori,
2268 3956 2329 4007 et
2350 3946 2689 4006 substantia
2720 3944 2902 4026 ipsius
2930 3948 3284 4026 characteri,
3315 3951 3417 4032 qui
3466 3961 3554 4013 est

1905 4039 2007 4099 Dei
2045 4034 2357 4097 invisibilis
2382 4033 2845 4114 imago?Itaque
2869 4037 3104 4115 imagini
3130 4056 3251 4098 sua
3305 4041 3547 4121 viventi,

1902 4146 2031 4207 qua
2062 4126 2226 4184 dixit:
2256 4124 2387 4201 Ego
2417 4133 2475 4187 et
2510 4125 2697 4186 Pater
2718 4143 2908 4187 unum
2950 4144 3155 4188 sumus
3186 4126 3278 4202 95;
3303 4136 3356 4189 et
3386 4150 3398 4190 :
3432 4130 3553 4203 ()m'

1902 4234 1996 4277 me
2027 4218 2204 4292 vidit,
2242 4214 2389 4275 vidit
2420 4214 2668 4276 Patrem
2689 4213 2790 4289 96;
2825 4215 2961 4275 huic
2999 4215 3134 4275 dicit
3169 4236 3181 4278 :
3228 4217 3551 4280 Faciamus

1900 4307 2199 4368 hominem
2215 4306 2291 4364 ad
2308 4305 2634 4382 imaginem
2649 4311 2938 4366 nostram.
2952 4303 3063 4366 Ubi
3081 4312 3167 4365 est
3183 4305 3381 4384 imago
3408 4325 3545 4381 una,

1987 4428 2048 4476 Ξὃ
2080 4429 2247 4488 Joan.
2286 4439 2400 4498 xxv,
2438 4423 2494 4484 9.

1992 4560 2114 4637 (73)
2166 4558 2326 4619 Colb.
2353 4558 2651 4637 secundus
2680 4556 2771 4637 ξένα
2798 4558 2897 4632 γὰρ
2926 4555 3037 4618 τόν.
3103 4554 3269 4615 Bodl.
3304 4556 3395 4611 ἵνα
3454 4559 3544 4613 τὸν

1902 4635 2400 4711 ἒνλμὴδὲξωντκι.
2437 4635 2644 4698 Statim
2679 4635 2837 4696 idem
2894 4653 3036 4697 mss.
3088 4637 3296 4711 μυρίους
3356 4636 3542 4693 ἐπεισ-

1902 4723 2137 4795 άγουςιν.
2179 4717 2444 4779 Subinde
2494 4724 2747 4796 quatuor
2782 4733 2920 4777 mss.
2956 4719 3015 4771 τὸ
3072 4722 3168 4782 τῆς
3216 4713 3539 4796 συμϐουλῆς.

1901 4793 2053 4862 Ειιίιί
2088 4819 2219 4859 ιύιη
2256 4818 2367 4857 uno
2392 4805 2486 4857 aut
2515 4793 2702 4856 altera
2737 4814 2876 4857 mss.
2914 4799 2971 4851 τὸ
3045 4798 3138 4863 ιῆς
3196 4793 3532 4869 συμϐουλίας.

1980 4880 2096 4951 (74ι
2136 4881 2274 4940 Mss.
2314 4877 2584 4955 plerique
2629 4892 2847 4955 omnes
2890 4877 2974 4955 καὶ
3019 4880 3104 4935 ταί.
3142 4874 3297 4955 Editi
3329 4878 3528 4933 καὶτὸ.

1986 4960 2103 5035 {7.3,
2144 4953 2477 5030 λιλτχτὸμῆς.
2516 4957 2639 5035 Vox
2697 4965 2786 5017 est
2818 4953 3005 5025 Pauli,
3052 4954 3306 5033 Philipp.
3351 4971 3436 5027 ut,
3473 4955 3539 5029 2,

1899 5034 2119 5116 βλέπετε
2154 5038 2483 5116 κατατομήν,
2520 5034 2744 5096 Cavete
2774 5035 3316 5096 concisionemﬁic
3337 5044 3533 5095 autem

1900 5115 2218 5197 Apostolus
2241 5115 2725 5197 vocabatiudaos
2746 5122 3541 5197 percontemptum,eorum-

1908 5193 2023 5279 que
2054 5197 2457 5279 concisionem
2491 5195 2549 5256 in
2581 5193 2760 5279 carne
2794 5193 3042 5279 positam
3100 5202 3275 5279 totam
3327 5204 3543 5256 nostra

1906 5274 2342 5341 circumcisioni
2372 5277 2552 5356 plane
2573 5274 2860 5356 spirituali
2892 5274 3245 5356 opponebat.

1992 5362 2110 5431 (76)
2145 5357 2295 5418 Editi
2325 5353 2580 5418 etCoisl.
2610 5353 2833 5434 primus
2860 5362 2917 5415 et
2946 5353 3090 5432 Reg.
3124 5362 3362 5417 octavus
3400 5359 3539 5414 6m-

1905 5462 2136 5501 στισεως
2218 5439 2391 5497 αὗτου.
2455 5434 2576 5496 Nec
2614 5435 2785 5496 aliter
2837 5434 3045 5511 legitur
3102 5434 3157 5514 ili
3217 5436 3406 5514 Εμὶει.
3466 5436 3541 5497 ad

1902 5520 2078 5581 Hebr.
2121 5538 2161 5589 ι,
2200 5518 2256 5580 3.
2294 5519 2369 5578 At
2400 5516 2736 5576 deestzbzoﬁ
2766 5515 2825 5575 in
2854 5532 2953 5596 sex
2975 5513 3543 5596 mss.Qua;sequunf

1903 5609 1995 5661 tur
2024 5600 2223 5672 verba,
2259 5599 2313 5661 ὃς
2345 5601 2508 5670 'mw,
2544 5606 2685 5672 etc,
2728 5594 3109 5675 reperiuntur
3136 5594 3197 5657 in
3242 5594 3429 5678 Epist.
3462 5595 3538 5659 ad

1901 5679 2126 5746 Coloss.
2164 5696 2203 5752 I,
2240 5679 2340 5739 15.
