4102 6224
297 355 417 421 200
1489 355 1817 417 HOMILIA
1864 355 1917 415 Π

2047 356 2358 417 SALMUM
2409 355 2457 416 Ι.
3550 351 3667 415 210

295 498 555 552 constat.
589 490 728 551 Mihi
751 489 990 570 quidem
1017 489 1264 551 dubium
1293 507 1408 550 non
1443 495 1557 565 est,
1583 487 1725 560 quin
1757 485 2138 567 gravissimus
2163 487 2339 549 Pater
2366 495 2423 549 et
2453 486 2604 548 alios
2638 487 2897 566 psalmos
2945 485 3368 566 interpretatus
3401 486 3498 558 sit,
3534 504 3667 547 cum

294 580 392 641 vix
428 581 611 659 possit
642 580 842 642 afferri
876 579 1047 647 ratio,
1076 599 1182 641 cur
1213 580 1322 640 hos
1345 597 1492 659 quos
1515 576 1813 639 habemus
1847 577 2216 658 exposuisset
2247 597 2396 639 unos
2431 598 2443 637 :
2481 579 2582 638 sed
2611 584 2807 637 tamen
2835 577 2905 636 iis
2928 577 3205 638 assentiri
3229 597 3345 638 non
3382 575 3675 653 queo,qui

295 680 712 749 argumentum
746 670 1145 731 certissimum
1191 677 1367 748 atque
1414 667 1930 728 evidentissimum
1987 685 2058 728 ex
2101 666 2594 746 interpretatione
2628 666 2835 746 psalmi
2877 665 3111 746 septimi
3145 675 3202 726 et
3234 666 3516 728 tricesimi
3552 664 3673 744 peti

296 777 474 838 posse
501 759 888 820 arbitrantur.
921 758 1089 830 Quod
1125 764 1281 818 enim
1319 757 1484 816 aiunt
1505 756 1665 835 (83),
1696 757 1863 817 citari
1900 757 1956 816 in
1984 757 2093 817 hac
2123 757 2612 836 interpretatione
2635 756 3111 835 explanationem
3140 755 3345 836 psalmi
3380 755 3679 830 sexti,uec

292 857 494 910 tamen
527 867 655 908 eam
690 866 934 928 usquam
960 864 1338 926 comparere,
1368 845 1427 906 id
1464 845 1630 906 futile
1683 855 1774 906 est
1806 846 2048 905 omnino
2080 855 2136 904 et
2168 846 2368 906 inane.
2404 845 2511 906 Illa
2546 852 2703 904 enim
2740 843 2947 923 psalmi
2983 845 3262 904 tricesuni
3300 844 3537 923 septimi
3578 844 3677 904 in-

297 938 664 1015 terpretatio,
699 938 779 996 uti
813 937 1223 1012 ostendemus,
1262 933 1503 996 Eusebii
1547 933 1698 994 fetus
1732 941 1840 1006 est,
1878 953 1995 994 non
2027 935 2254 995 Basilii.
2286 934 2505 995 Praeter
2550 934 2654 994 hos
2687 952 2834 1012 quos
2868 932 3156 994 habemus
3186 933 3467 1012 psalmos,
3507 932 3680 994 citari

293 1035 355 1087 et
381 1025 529 1085 alios
560 1046 590 1086 a
623 1027 1019 1105 Metaplirasta
1051 1025 1203 1086 haud
1233 1024 1574 1100 ignoramus
1602 1043 1616 1084 :
1650 1023 1753 1084 sed
1786 1024 2203 1106 Metaphrastze
2236 1024 2294 1084 in
2318 1022 2532 1084 litteris
2564 1023 2882 1085 auctoritas
2915 1042 2980 1083 ea
3016 1042 3133 1082 non
3165 1032 3278 1102 est,
3314 1041 3486 1103 quam
3521 1041 3678 1084 caeco

293 1114 527 1195 impetu
559 1116 728 1196 sequi
759 1133 1066 1194 cogamur.

381 1205 895 1267 Circumferuntur
927 1202 1169 1264 nomine
1201 1201 1404 1264 Basilii
1435 1201 1643 1263 decem
1681 1209 1737 1261 et
1769 1211 2007 1278 septem
2061 1200 2392 1265 Orationes
2443 1206 2510 1265 in
2563 1203 2860 1265 Psahnos.
2921 1201 3035 1264 Sed
3060 1203 3186 1264 fere
3218 1203 3498 1264 convenit
3529 1203 3685 1263 inter

295 1293 528 1368 doctos,
562 1295 808 1356 alteram
840 1294 899 1354 in
924 1293 1266 1353 vicesimum
1299 1299 1565 1354 octavum
1599 1290 1890 1371 psalmum
1926 1291 2230 1352 homiliam
2264 1293 2335 1353 ad
2371 1313 2507 1354 eum
2553 1293 2801 1354 minime
2855 1292 3154 1371 pertinere
3191 1315 3202 1350 :
3239 1293 3341 1353 sed
3375 1313 3521 1372 opus
3551 1310 3683 1354 esse

296 1383 591 1463 plagiarii,
626 1384 715 1445 vel
754 1383 948 1462 potius
979 1380 1230 1442 studiosi
1263 1380 1620 1461 cujuspiam,
1659 1379 1759 1460 qui
1803 1397 1868 1440 se
1912 1396 2216 1456 exercere,
2254 1391 2312 1443 et
2345 1383 2630 1444 Basilium
2657 1381 2878 1444 imitari
2903 1381 3180 1444 voluerit.
3213 1379 3412 1444 Oratio
3446 1402 3683 1461 quoque

297 1477 357 1531 in
393 1478 718 1551 septimum
756 1481 814 1532 et
846 1471 1215 1532 tricesimum
1247 1471 1538 1549 psalmum
1565 1476 1839 1548 suspecta
1868 1469 2108 1548 quidem
2143 1471 2267 1532 visa
2292 1479 2382 1532 est
2414 1469 2771 1534 Combefisio
2803 1493 2815 1529 :
2853 1472 2954 1532 sed
2984 1471 3173 1532 noluit
3207 1471 3526 1551 quidquam
3554 1479 3680 1533 sta-

298 1570 493 1635 tuere,
543 1571 642 1621 aut
697 1562 1104 1640 pronuntiare.
1139 1558 1435 1619 Potuisset
1471 1568 1688 1627 tamen,
1741 1577 1874 1618 cum
1911 1558 2096 1618 oratio
2128 1558 2252 1639 illa,
2291 1569 2352 1619 ut
2381 1561 2743 1637 monuimus,
2787 1569 3087 1621 auctorem
3132 1561 3343 1622 habeat
3368 1580 3479 1622 non
3512 1560 3679 1624 Basi-

307 1650 481 1723 lium,
512 1650 616 1710 sed
649 1650 996 1712 Eusebium.
1037 1648 1117 1709 De
1141 1649 1234 1710 his
1258 1649 1445 1708 fusius
1477 1647 1535 1707 iu
1569 1645 1944 1709 Praifatione.

386 1738 651 1817 Reliquae
679 1739 1022 1820 quindecim
1047 1739 1346 1799 orationes
1380 1755 1484 1816 pro
1515 1739 1778 1817 genuino
1800 1736 2003 1798 Basilii
2034 1737 2158 1798 fetu
2191 1738 2486 1801 habentur
2514 1740 2586 1801 ab
2621 1740 3025 1802 omnibus.Me
3055 1740 3292 1820 quidem
3324 1759 3680 1820 magnopere

302 1836 389 1889 tot
419 1830 787 1891 eruditorum
814 1830 1073 1888 virorum
1112 1839 1448 1888 commovet
1499 1825 1827 1887 auctoritas
1861 1843 1874 1888 :
1912 1826 2016 1887 sed
2070 1847 2144 1888 ne
2192 1829 2251 1888 in
2315 1849 2521 1891 eorum
2577 1829 2929 1890 sententiam
2965 1831 3315 1910 Concedam,
3353 1831 3679 1908 prohibent

306 1919 514 1993 multa,
555 1939 744 2000 eaque
773 1919 1140 1999 gravissima.
1180 1919 1299 1980 Res
1327 1927 1521 1978 autem
1549 1917 1992 1996 inquisitionem
2021 1918 2349 1997 longiorem
2385 1921 2952 2000 diligentioremque
2982 1939 3115 1981 cum
3149 1921 3488 2001 postulet,id
3523 1940 3680 1982 com-

305 2008 544 2069 modius
578 2010 758 2070 multo
791 2010 848 2069 in
885 2008 1234 2087 praefatione
1266 2006 1531 2083 generali
1566 2006 2005 2086 praestabimus.
2039 2007 2245 2071 Dicam
2279 2009 2494 2082 obiter,
2521 2011 2839 2080 orationes,
2876 2027 3004 2088 quae
3032 2027 3169 2071 vere
3193 2009 3402 2072 Basilii
3436 2010 3678 2091 sunt,ad

310 2098 594 2176 populum
630 2098 858 2161 habitas
882 2115 1036 2178 esse,
1074 2097 1258 2176 inque
1302 2104 1592 2156 conventu
1649 2095 1886 2175 publico
1921 2098 2354 2180 pronuntiatas,
2411 2108 2467 2159 et
2498 2117 2868 2179 quaecunque
2912 2100 3063 2161 hanc
3095 2107 3290 2160 notam
3327 2119 3445 2179 pra)
3477 2118 3539 2161 se
3569 2119 3682 2161 non

308 2187 444 2259 fert,
481 2207 610 2250 eam
638 2190 715 2249 ob
744 2188 801 2248 id
827 2190 1015 2250 solum
1050 2195 1385 2265 suspectam
1419 2187 1606 2247 videri
1633 2186 1879 2247 debere.

403 2278 641 2355 Legenti
666 2277 808 2338 mihi
827 2278 884 2338 id
910 2276 1246 2356 opus,quod
1275 2275 1572 2336 edendum
1607 2276 1832 2336 curavit
1855 2273 1942 2336 vir
1971 2276 2356 2339 doctissimus
2389 2277 2696 2339 Balthasar
2725 2279 3336 2350 Corderius,occurrit
3359 2279 3682 2342 difficultas

319 2365 477 2425 haud
507 2367 892 2443 exigua.Nam
919 2371 1233 2427 maximam
1259 2373 1482 2444 partem
1509 2383 1712 2425 eorum
1736 2384 1866 2446 qum
1897 2367 1956 2426 in
1989 2367 2426 2430 Commentario
2456 2368 2754 2429 Theodori
2790 2367 3156 2430 Heracleotaa
3181 2367 3470 2446 legebam,
3511 2387 3679 2430 com-

318 2454 444 2531 peri
479 2455 624 2516 nihil
655 2456 810 2516 aliud
839 2474 992 2528 esse,
1025 2455 1138 2515 nisi
1167 2455 1351 2534 ipsam
1394 2453 1598 2515 Basilii
1625 2455 1690 2515 in
1727 2455 1995 2516 Psalmos
2028 2456 2722 2536 explanationem,idque
2755 2457 2828 2518 ad
2866 2455 3136 2519 verbum.
3171 2455 3435 2518 Verebar
3466 2475 3582 2519 una
3613 2476 3683 2519 ex

317 2544 1026 2618 parte,Commentarium
1057 2544 1221 2604 illum
1255 2542 1568 2606 Theodoro
1601 2544 1890 2623 adimere,
1924 2543 2000 2605 ob
2028 2555 2290 2605 veterum
2323 2545 2612 2606 librorum
2646 2552 3088 2619 auctoritalem,
3124 2546 3192 2605 ad
3226 2564 3477 2626 quorum
3505 2546 3680 2606 fidem

327 2630 445 2691 hoc
479 2631 532 2692 ei
568 2652 715 2712 opus
744 2633 1024 2695 tributum
1050 2641 1138 2694 est
1171 2653 1183 2694 :
1217 2652 1284 2692 ex
1310 2633 1516 2711 altera,
1541 2640 1837 2692 oratorum
1872 2633 2161 2711 optimum
2211 2633 2489 2694 Basilium
2527 2635 2665 2695 furti
2692 2635 2987 2696 dedecore
3018 2643 3192 2714 atque
3224 2634 3461 2694 infamia
3483 2651 3684 2714 aSper-

313 2738 458 2797 gere
493 2741 608 2782 non
639 2731 930 2802 poteram.
970 2723 1085 2784 Sed
1129 2740 1245 2781 non
1296 2721 1395 2780 diu
1432 2739 1758 2798 suspensus
1810 2720 1894 2781 fui
1927 2731 1983 2782 et
2013 2722 2300 2785 incertus.
2335 2725 2483 2785 Nam
2530 2725 2729 2785 statim
2763 2725 2972 2802 agnovi
3006 2723 3514 2786 Commentarium
3546 2741 3680 2787 eum

314 2811 417 2890 qui
456 2811 694 2872 nomine
727 2809 1030 2874 Theodori
1062 2811 1505 2888 circumfertur,
1534 2810 1834 2870 Theodori
1860 2810 2036 2872 unius
2061 2830 2214 2892 opus
2250 2831 2365 2872 non
2399 2813 2668 2889 esse,sed
2705 2814 3048 2884 multorum,
3086 2810 3381 2891 Origenis,
3415 2812 3682 2888 Eusebii,

310 2899 519 2962 Basilii
545 2900 754 2980 ipsius,
789 2900 1041 2980 Didymi,
1065 2900 1315 2963 Joannis
1344 2898 2295 2979 Chrysoslomi,Theodoreti,etc.
2326 2903 2454 2965 Uuo
2489 2902 2996 2982 verbo,constabit
3026 2921 3092 2963 ex
3121 2902 3680 2982 prmfatione,Com-

311 2989 669 3050 mentarium
698 2991 979 3050 hactenus
1010 2988 1329 3050 Thuodoro
1363 2987 1728 3049 lleracleote
1749 2988 2093 3050 attributum
2127 2990 2186 3051 in
2221 2993 2579 3052 Catenarum
2618 3010 2864 3051 nuntero
2898 2991 3109 3070 reponi
3144 2992 3352 3053 merito
3389 2995 3678 3072 posseEx

316 3099 434 3158 quo
469 3080 554 3152 fit,
594 3090 656 3139 ut
686 3081 942 3142 Basilius
975 3089 1176 3141 noster
1208 3079 1552 3156 longissime
1586 3078 1658 3138 ab
1688 3080 1848 3138 omni
1875 3078 2250 3158 expilationis
2282 3079 2538 3161 furtique
2574 3081 2917 3159 suspicione
2946 3082 3159 3144 abesse
3184 3081 3416 3144 debeat.

393 3167 522 3230 Jam
561 3168 612 3229 si
642 3168 932 3249 quispiam
963 3177 1210 3248 quaerat,
1240 3187 1354 3248 quo
1380 3175 1671 3246 tempore,
1707 3187 1825 3244 quo
1860 3168 1986 3227 loco
2023 3167 2235 3230 habita:
2265 3169 2380 3229 ~sint
2411 3171 2524 3231 illae
2556 3170 2757 3233 Basilii
2795 3172 2856 3232 in
2886 3170 3153 3232 Psalmos
3185 3173 3523 3251 orationes,
3549 3192 3682 3235 res-

316 3257 588 3335 pondere
617 3267 952 3338 promptum
986 3277 1099 3318 non
1133 3258 1268 3319 erit.
1305 3255 1408 3318 Vix
1459 3256 1616 3317 enim
1652 3275 1717 3316 ea
1751 3256 1824 3315 de
1858 3275 1924 3317 re
1970 3258 2117 3318 certi
2151 3257 2472 3339 quidquam
2506 3259 2680 3320 statui
2736 3278 2911 3341 posse
2963 3259 3348 3324 arbitramur.
3392 3260 3685 3324 Malumus

317 3354 520 3407 autem
551 3346 625 3408 de
655 3347 835 3408 rebus
863 3347 1063 3422 silere,
1091 3364 1266 3428 quam
1296 3345 1508 3406 falsum
1541 3345 1763 3425 aliquid
1797 3357 1895 3406 aut
1928 3346 2220 3407 incertum
2259 3351 2670 3425 pronuntiare.

399 3433 586 3498 Nemo
621 3438 792 3516 paulo
822 3437 1139 3497 humanior
1173 3435 1798 3506 nes-:it,Ambrosium,
1835 3454 1968 3494 eum
2005 3453 2144 3495 suos
2168 3437 2232 3498 in
2264 3437 2693 3500 Hel‘aemeron
2731 3437 2914 3500 libros
2943 3438 3255 3513 scriberet,
3298 3439 3589 3516 permulta
3614 3441 3684 3500 ad

314 3523 564 3586 verbum
597 3545 627 3584 e
652 3525 863 3586 Basilio
895 3525 1249 3606 sumpsisse.
1279 3523 1392 3586 Sed
1430 3543 1546 3582 non
1575 3523 1651 3583 ita
1675 3532 1878 3583 notum
1915 3531 2171 3596 est,eum
2233 3527 2344 3586 hoc
2375 3526 2532 3587 idem
2569 3527 2949 3600 fecisse,cum
2988 3528 3248 3606 psalmos
3271 3527 3556 3607 quosdam
3592 3529 3684 3588 in-

320 3622 772 3694 terpretaretur.
828 3613 953 3677 Nec
989 3620 1262 3694 cuiquam
1330 3612 1385 3672 id
1432 3613 1643 3672 mirum
1683 3612 1869 3671 videri
1928 3611 2128 3693 debet,
2189 3633 2320 3674 cum
2373 3616 2722 3678 Ambrosius
2778 3616 2836 3677 in
2872 3616 3258 3695 explauandis
3294 3617 3540 3678 Psalmis
3571 3637 3687 3679 non

318 3703 504 3763 multa
532 3703 853 3764 admodum
881 3723 914 3764 a
938 3705 1153 3765 Basilio
1191 3710 1491 3763 mutuatus
1521 3702 1620 3761 sit.
1669 3701 1956 3773 Quoniam
2000 3714 2194 3763 tamen
2244 3723 2357 3763 non
2394 3705 2607 3766 desciit
2640 3705 2856 3785 quibus
2882 3707 3220 3785 jucundum
3265 3707 3338 3766 sit
3371 3717 3428 3766 et
3457 3715 3687 3786 gratum

316 3809 679 3870 cognoscare
702 3792 844 3873 quid
881 3794 1032 3854 alius
1059 3792 1327 3872 scriptor
1375 3790 1446 3853 ab
1481 3790 1597 3852 alio
1621 3793 1970 3870 sumpserit,
2003 3790 2102 3851 illa
2134 3790 2429 3854 Ambrosii
2487 3794 2636 3866 loca,
2674 3795 3196 3876 quantulacunque
3227 3803 3383 3870 sunt,
3425 3815 3532 3858 suo
3559 3797 3688 3858 loco

323 3885 610 3946 adnotare
639 3899 757 3942 non
794 3881 1037 3962 pigebit.

396 3972 620 4035 Videre
651 3978 740 4032 est
771 3970 828 4032 in
854 3971 1076 4034 Latinis
1098 3970 1465 4034 editionibus
1495 3970 1768 4047 quaedam
1797 3972 1860 4030 in
1897 3967 2173 4033 Psalmos
2222 3971 2488 4053 Scholia,
2523 3992 2653 4053 quae
2709 3975 2922 4036 Basilio
2955 3973 3336 4047 tribuuntur;
3368 3973 3468 4034 sed
3504 3971 3578 4032 de
3619 3969 3689 4029 iis

317 4061 553 4140 longius
578 4061 875 4122 disserere
911 4080 1156 4123 necesse
1184 4081 1300 4120 non
1331 4060 1580 4130 videtur,
1619 4057 1832 4120 Notum
1867 4067 1955 4119 est
1978 4059 2137 4120 enim
2171 4079 2239 4121 ea
2277 4061 2434 4141 epito
2450 4081 2589 4123 men
2624 4081 2757 4124 esse
2795 4083 2826 4124 e
2877 4063 3276 4143 Chrysostomi
3325 4075 3380 4123 et
3412 4058 3690 4123 Thecdo~

316 4151 426 4212 reti
465 4149 631 4211 libris
667 4151 820 4210 male
852 4149 1504 4211 cousarcinatam.Cum
1535 4166 1672 4226 ergo
1705 4166 1773 4208 ea
1793 4147 2033 4209 Scholia
2062 4149 2119 4208 in
2146 4150 2367 4226 spuriis
2398 4161 2579 4230 atque
2614 4152 2970 4215 adulterinis
3004 4151 3140 4233 poni
3161 4162 3436 4232 Oportere
3461 4151 3688 4210 fatean-

319 4253 414 4301 tur
445 4256 676 4309 omnes,
715 4238 769 4298 id
806 4239 991 4300 semel
1025 4247 1259 4300 notasse
1282 4239 1425 4299 satis
1457 4236 1834 4317 habebimus,
1873 4254 1980 4297 nec
2011 4256 2261 4317 usquam
2290 4241 2544 4321 amplius
2576 4242 2647 4302 de
2674 4243 2742 4303 iis
2770 4242 3123 4302 mentionem
3163 4243 3342 4301 ullam
3373 4240 3685 4301 faciemus.

317 4328 464 4390 Nam
492 4329 549 4387 in
583 4327 765 4390 rebus
789 4328 1122 4409 perspicuis
1153 4336 1420 4407 tempore
1452 4325 1818 4388 abutendum
1853 4334 1910 4386 et
1939 4328 2304 4404 argumentis
2338 4349 2453 4390 non
2490 4339 2762 4409 putamus
2801 4331 2940 4402 (84).

608 4674 733 4724 ΤΟΥ
778 4675 861 4724 ΕΝ
909 4673 1129 4725 ΑΓΙΟΙΣ
1178 4673 1434 4725 ΠΑΤΡΟΣ
1482 4672 1674 4723 ΗΜΩΝ

2426 4664 2695 4729 SANCTI
2741 4666 3007 4731 PATRIS
3049 4665 3318 4731 NOSTRI

844 4803 1472 4910 ΒΑΣΙΛΕΙΟΥ,

1463 4871 1472 4904 ,
2647 4804 3083 4914 BASILII,

516 4941 977 5023 Ἀρχιεπισκόπου
1012 4943 1327 5022 Καισαρείας
1362 4941 1763 5016 Καππαδοκίας,

2270 4959 2553 5023 Caesareae
2582 4959 2973 5041 Cappadocia
3003 4957 3461 5040 archiepisc0pi,

410 5068 644 5121 omam
709 5071 815 5121 ΕιΣ
884 5073 1014 5123 TON
1073 5069 1334 5121 ΠΡΩΤΟΝ
1393 5069 1684 5121 ΨΑΛΜΟΝ
1738 5060 1890 5142 (85).
1994 5073 2030 5122 Α

1994 5073 2032 5122 Α
2217 5071 2562 5136 HOMILIA
2617 5073 2706 5138 IN
2741 5073 3141 5138 PSALMUM
3186 5073 3526 5138 PRIMUM.

407 5193 467 5255 1.
535 5199 681 5248 Πᾶσα
737 5194 918 5273 Γραφὴ
975 5193 1318 5256 θεόπνευστος
1379 5195 1466 5249 καὶ
1533 5191 1827 5272 ὠφέλιμος,
1890 5191 1972 5248 διὰ

2135 5189 2230 5250 90
2262 5191 2325 5252 1.
2367 5189 2577 5253 Omnis
2632 5189 2934 5271 Scriptura
2963 5203 3053 5254 est
3084 5190 3362 5252 divinitus
3390 5191 3692 5272 inspirata,

323 5289 482 5339 τοῦτο
529 5295 894 5362 συγγραῩεϊσα
947 5283 1090 5360 παρὰ
1135 5285 1227 5339 τοῦ
1257 5283 1584 5356 Πνεύματος,
1639 5282 1742 5361 ἵν’,
1793 5285 1938 5337 (eam

2072 5287 2231 5358 itque
2265 5278 2426 5340 utilis
2448 5277 2670 5358 ’9,ideo
2692 5299 2723 5340 a
2747 5279 2974 5360 Spiritu
3008 5289 3210 5342 sancto
3235 5280 3597 5360 conscripta,
3631 5291 3692 5341 ut

326 5371 382 5428 ἐν
415 5375 581 5444 κοινῴ
635 5375 740 5428 τῶν
795 5377 987 5452 ψυχῶν
1050 5372 1281 5450 ἰατρείῳ,
1330 5373 1525 5437 πάντες
1584 5369 1850 5450 ἅνθρωποι
1911 5395 1946 5427 τι

2072 5369 2212 5429 relot
2244 5368 2302 5428 in
2329 5369 2629 5429 communi
2651 5369 2983 5430 ani'narum
3008 5370 3406 5431 curandarum
3433 5370 3692 5440 officina,

327 5461 470 5535 ἴαμα
503 5467 594 5517 τοῦ
642 5463 836 5520 οἰκείου
865 5462 1062 5524 πάθους
1098 5459 1318 5527 ἕκαστος
1367 5460 1733 5540 ἔκλεγώμεθα.
1797 5459 1947 5534 "lup:

2075 5476 2164 5518 nos
2185 5473 2400 5519 omnes
2445 5466 2735 5537 quotquot
2764 5477 2971 5520 sumus
3014 5459 3288 5522 homines
3329 5460 3402 5522 ad
3432 5471 3695 5522 nostrum

407 5583 464 5628 ³9
490 5589 538 5655 ΙΙ
573 5590 729 5657 Tim.
762 5609 850 5672 ιιι,
878 5593 976 5654 16.

410 5707 538 5791 (83)
571 5707 788 5791 :l‘ilem.
824 5729 955 5791 pag.
995 5712 1152 5791 290.,
1649 5788 1666 5791 ,
1727 5785 1770 5791 _

2134 5704 2264 5791 £35)
2300 5703 2393 5767 Sic
2428 5724 2567 5767 mss.
2623 5705 2692 5770 Αῑ
2739 5707 2880 5769 editi
2912 5710 2983 5765 εἷς
3018 5710 3110 5776 τὴν
3161 5711 3336 5788 ὰρχὴν
3367 5716 3457 5765 τοῦ
3488 5709 3695 5788 πρώτου

416 5785 531 5864 184)
561 5787 646 5850 Cf.
680 5785 926 5871 capf/tl'
947 5791 1089 5854 νὶιω
1117 5790 1184 5852 S.
1217 5791 1434 5854 Basilii
1465 5798 1607 5850 tom.
1648 5788 1669 5850 l
1727 5785 1890 5851 Emr.

680 5785 926 5871 capf/tt'
947 5791 1089 5854 Vita
1117 5790 1184 5852 S.
1217 5791 1434 5854 Basilii
1465 5798 1607 5850 tom.
1648 5788 1669 5850 l
1727 5785 1890 5851 Emr.
2057 5785 2291 5861 ψαλμοῦ.
