  <div class='ocr_page' id='page_1' title='image "/cluster/home/n/w/nwhite01/storage/ocr_20150623/29/hvd.32044054128665/533.png"; bbox 0 0 4102 6224; ppageno 0'>
   <div class='ocr_carea' id='block_1_1' title="bbox 520 327 638 392">
    <p class='ocr_par' dir='ltr' id='par_1_1' title="bbox 520 327 638 392">
     <span class='ocr_line' id='line_1_1' title="bbox 520 327 638 392; baseline -0.008 0"><span class='ocrx_word' id='word_1_1' title='bbox 520 327 638 392; x_wconf 79' lang='grc'><strong>215</strong></span> 
     </span>
    </p>
   </div>
   <div class='ocr_carea' id='block_1_2' title="bbox 1852 333 2540 397">
    <p class='ocr_par' dir='ltr' id='par_1_2' title="bbox 1852 333 2540 397">
     <span class='ocr_line' id='line_1_2' title="bbox 1852 333 2540 397; baseline 0 -2"><span class='ocrx_word' id='word_1_2' title='bbox 1852 333 1911 395; x_wconf 85' lang='grc'><strong>8.</strong></span> <span class='ocrx_word' id='word_1_3' title='bbox 1962 334 2241 396; x_wconf 81' lang='lat' dir='ltr'><strong>BASILII</strong></span> <span class='ocrx_word' id='word_1_4' title='bbox 2289 334 2540 397; x_wconf 83' lang='lat' dir='ltr'><strong>MAGNI</strong></span> 
     </span>
    </p>
   </div>
   <div class='ocr_carea' id='block_1_3' title="bbox 3764 334 3872 399">
    <p class='ocr_par' dir='ltr' id='par_1_3' title="bbox 3764 334 3872 399">
     <span class='ocr_line' id='line_1_3' title="bbox 3764 334 3872 399; baseline 0 -1"><span class='ocrx_word' id='word_1_5' title='bbox 3764 334 3872 399; x_wconf 67' lang='lat'><strong>216</strong></span> 
     </span>
    </p>
   </div>
   <div class='ocr_carea' id='block_1_4' title="bbox 518 459 2169 557">
    <p class='ocr_par' dir='ltr' id='par_1_4' title="bbox 518 459 2165 539">
     <span class='ocr_line' id='line_1_4' title="bbox 518 459 2165 539; baseline 0.007 -16"><span class='ocrx_word' id='word_1_6' title='bbox 518 459 896 538; x_wconf 87' lang='lat' dir='ltr'><strong>damentum,</strong></span> <span class='ocrx_word' id='word_1_7' title='bbox 920 471 979 524; x_wconf 89' lang='lat' dir='ltr'><strong>et</strong></span> <span class='ocrx_word' id='word_1_8' title='bbox 998 463 1069 525; x_wconf 88' lang='lat' dir='ltr'><strong>ad</strong></span> <span class='ocrx_word' id='word_1_9' title='bbox 1091 463 1283 524; x_wconf 84' lang='lat' dir='ltr'><strong>navim</strong></span> <span class='ocrx_word' id='word_1_10' title='bbox 1301 462 1523 539; x_wconf 77' lang='lat' dir='ltr'><strong>carina,</strong></span> <span class='ocrx_word' id='word_1_11' title='bbox 1553 466 1699 527; x_wconf 90' lang='lat' dir='ltr'><strong>etad</strong></span> <span class='ocrx_word' id='word_1_12' title='bbox 1724 467 1997 531; x_wconf 85' lang='lat' dir='ltr'><strong>animalis</strong></span> <span class='ocrx_word' id='word_1_13' title='bbox 2028 490 2165 534; x_wconf 84' lang='lat' dir='ltr'><strong>cor-</strong></span> 
     </span>
    </p>
   </div>
   <div class='ocr_carea' id='block_1_5' title="bbox 2253 459 3878 557">
    <p class='ocr_par' dir='ltr' id='par_1_5' title="bbox 2254 472 3878 557">
     <span class='ocr_line' id='line_1_5' title="bbox 2254 472 3878 557; baseline 0.004 -28"><span class='ocrx_word' id='word_1_14' title='bbox 2254 472 2307 529; x_wconf 80' lang='grc' dir='ltr'>ὲν</span> <span class='ocrx_word' id='word_1_15' title='bbox 2351 472 2520 547; x_wconf 90' lang='grc' dir='ltr'>πλοίῳ</span> <span class='ocrx_word' id='word_1_16' title='bbox 2573 474 2781 554; x_wconf 92' lang='grc' dir='ltr'>τρόπις,</span> <span class='ocrx_word' id='word_1_17' title='bbox 2833 474 2922 531; x_wconf 77' lang='grc' dir='ltr'>καὶ</span> <span class='ocrx_word' id='word_1_18' title='bbox 2978 474 3032 531; x_wconf 67' lang='grc' dir='ltr'>ἂν</span> <span class='ocrx_word' id='word_1_19' title='bbox 3089 474 3297 551; x_wconf 84' lang='grc' dir='ltr'>σώματι</span> <span class='ocrx_word' id='word_1_20' title='bbox 3341 473 3473 546; x_wconf 81' lang='grc' dir='ltr'>ζώου</span> <span class='ocrx_word' id='word_1_21' title='bbox 3532 472 3740 557; x_wconf 82' lang='grc' dir='ltr'>καρδία,</span> <span class='ocrx_word' id='word_1_22' title='bbox 3769 478 3878 535; x_wconf 74' lang='lat' dir='ltr'><strong>m5-</strong></span> 
     </span>
    </p>
   </div>
   <div class='ocr_carea' id='block_1_6' title="bbox 522 551 2165 639">
    <p class='ocr_par' dir='ltr' id='par_1_6' title="bbox 522 551 2165 639">
     <span class='ocr_line' id='line_1_6' title="bbox 522 551 2165 639; baseline 0.007 -27"><span class='ocrx_word' id='word_1_23' title='bbox 522 569 633 630; x_wconf 90' lang='lat' dir='ltr'><strong>pus</strong></span> <span class='ocrx_word' id='word_1_24' title='bbox 657 570 784 629; x_wconf 90' lang='lat' dir='ltr'><strong>cor,</strong></span> <span class='ocrx_word' id='word_1_25' title='bbox 808 552 1020 613; x_wconf 89' lang='lat' dir='ltr'><strong>eodem</strong></span> <span class='ocrx_word' id='word_1_26' title='bbox 1051 555 1119 613; x_wconf 87' lang='lat' dir='ltr'><strong>ad</strong></span> <span class='ocrx_word' id='word_1_27' title='bbox 1146 551 1509 614; x_wconf 87' lang='lat' dir='ltr'><strong>Psalmorum</strong></span> <span class='ocrx_word' id='word_1_28' title='bbox 1536 556 1816 632; x_wconf 84' lang='lat' dir='ltr'><strong>generale</strong></span> <span class='ocrx_word' id='word_1_29' title='bbox 1839 578 2165 639; x_wconf 81' lang='lat' dir='ltr'><strong>argumen-</strong></span> 
     </span>
    </p>
   </div>
   <div class='ocr_carea' id='block_1_7' title="bbox 524 641 2163 724">
    <p class='ocr_par' dir='ltr' id='par_1_7' title="bbox 524 641 2163 724">
     <span class='ocr_line' id='line_1_7' title="bbox 524 641 2163 724; baseline 0.007 -24"><span class='ocrx_word' id='word_1_30' title='bbox 524 649 647 701; x_wconf 93' lang='lat' dir='ltr'><strong>tum</strong></span> <span class='ocrx_word' id='word_1_31' title='bbox 674 659 739 701; x_wconf 90' lang='lat' dir='ltr'><strong>se</strong></span> <span class='ocrx_word' id='word_1_32' title='bbox 763 641 940 703; x_wconf 89' lang='lat' dir='ltr'><strong>habet</strong></span> <span class='ocrx_word' id='word_1_33' title='bbox 969 642 1140 702; x_wconf 90' lang='lat' dir='ltr'><strong>etiam</strong></span> <span class='ocrx_word' id='word_1_34' title='bbox 1154 643 1246 702; x_wconf 76' lang='lat'><strong>92</strong></span> <span class='ocrx_word' id='word_1_35' title='bbox 1264 642 1600 706; x_wconf 84' lang='lat' dir='ltr'><strong>breveillud</strong></span> <span class='ocrx_word' id='word_1_36' title='bbox 1626 647 2000 724; x_wconf 72' lang='lat' dir='ltr'><strong>prommium.</strong></span> <span class='ocrx_word' id='word_1_37' title='bbox 2023 650 2163 712; x_wconf 90' lang='lat' dir='ltr'><strong>Nam</strong></span> 
     </span>
    </p>
   </div>
   <div class='ocr_carea' id='block_1_8' title="bbox 522 730 2168 812">
    <p class='ocr_par' dir='ltr' id='par_1_8' title="bbox 522 730 2168 812">
     <span class='ocr_line' id='line_1_8' title="bbox 522 730 2168 812; baseline 0.007 -21"><span class='ocrx_word' id='word_1_38' title='bbox 522 749 652 791; x_wconf 89' lang='lat' dir='ltr'><strong>cum</strong></span> <span class='ocrx_word' id='word_1_39' title='bbox 686 730 866 791; x_wconf 86' lang='lat' dir='ltr'><strong>David</strong></span> <span class='ocrx_word' id='word_1_40' title='bbox 901 734 973 791; x_wconf 93' lang='lat' dir='ltr'><strong>ad</strong></span> <span class='ocrx_word' id='word_1_41' title='bbox 1022 732 1226 808; x_wconf 89' lang='lat' dir='ltr'><strong>multa,</strong></span> <span class='ocrx_word' id='word_1_42' title='bbox 1264 750 1451 812; x_wconf 90' lang='lat' dir='ltr'><strong>eaque</strong></span> <span class='ocrx_word' id='word_1_43' title='bbox 1499 734 1705 797; x_wconf 89' lang='lat' dir='ltr'><strong>ardua.</strong></span> <span class='ocrx_word' id='word_1_44' title='bbox 1743 746 1801 797; x_wconf 92' lang='lat' dir='ltr'><strong>et</strong></span> <span class='ocrx_word' id='word_1_45' title='bbox 1832 737 2168 803; x_wconf 82' lang='lat' dir='ltr'><strong>innumeris</strong></span> 
     </span>
    </p>
   </div>
   <div class='ocr_carea' id='block_1_9' title="bbox 523 820 2167 893">
    <p class='ocr_par' dir='ltr' id='par_1_9' title="bbox 523 820 2167 893">
     <span class='ocr_line' id='line_1_9' title="bbox 523 820 2167 893; baseline 0.01 -18"><span class='ocrx_word' id='word_1_46' title='bbox 523 820 838 880; x_wconf 78' lang='lat' dir='ltr'><strong>sudoribus</strong></span> <span class='ocrx_word' id='word_1_47' title='bbox 869 838 935 881; x_wconf 92' lang='lat' dir='ltr'><strong>ac</strong></span> <span class='ocrx_word' id='word_1_48' title='bbox 974 820 1279 882; x_wconf 88' lang='lat' dir='ltr'><strong>laboribus</strong></span> <span class='ocrx_word' id='word_1_49' title='bbox 1329 822 1549 885; x_wconf 84' lang='lat' dir='ltr'><strong>referta</strong></span> <span class='ocrx_word' id='word_1_50' title='bbox 1594 825 1652 885; x_wconf 92' lang='lat' dir='ltr'><strong>in</strong></span> <span class='ocrx_word' id='word_1_51' title='bbox 1687 830 1843 888; x_wconf 90' lang='lat' dir='ltr'><strong>serie</strong></span> <span class='ocrx_word' id='word_1_52' title='bbox 1879 830 2167 893; x_wconf 89' lang='lat' dir='ltr'><strong>orationis</strong></span> 
     </span>
    </p>
   </div>
   <div class='ocr_carea' id='block_1_10' title="bbox 524 910 2164 985">
    <p class='ocr_par' dir='ltr' id='par_1_10' title="bbox 524 910 2164 985">
     <span class='ocr_line' id='line_1_10' title="bbox 524 910 2164 985; baseline 0.006 -15"><span class='ocrx_word' id='word_1_53' title='bbox 524 918 685 970; x_wconf 90' lang='lat' dir='ltr'><strong>esset</strong></span> <span class='ocrx_word' id='word_1_54' title='bbox 716 910 1157 985; x_wconf 78' lang='lat' dir='ltr'><strong>exhortaturus,</strong></span> <span class='ocrx_word' id='word_1_55' title='bbox 1197 912 1253 972; x_wconf 94' lang='lat' dir='ltr'><strong>in</strong></span> <span class='ocrx_word' id='word_1_56' title='bbox 1287 919 1664 976; x_wconf 80' lang='lat' dir='ltr'><strong>antecessum</strong></span> <span class='ocrx_word' id='word_1_57' title='bbox 1697 918 1873 979; x_wconf 83' lang='lat' dir='ltr'><strong>ﬁnem</strong></span> <span class='ocrx_word' id='word_1_58' title='bbox 1928 918 2164 982; x_wconf 90' lang='lat' dir='ltr'><strong>beatum</strong></span> 
     </span>
    </p>
   </div>
   <div class='ocr_carea' id='block_1_11' title="bbox 521 998 2165 1081">
    <p class='ocr_par' dir='ltr' id='par_1_11' title="bbox 521 998 2165 1081">
     <span class='ocr_line' id='line_1_11' title="bbox 521 998 2165 1081; baseline 0.009 -25"><span class='ocrx_word' id='word_1_59' title='bbox 521 998 753 1075; x_wconf 82' lang='lat' dir='ltr'><strong>pietatis</strong></span> <span class='ocrx_word' id='word_1_60' title='bbox 777 1001 1310 1079; x_wconf 80' lang='lat' dir='ltr'><strong>propugnatoribus</strong></span> <span class='ocrx_word' id='word_1_61' title='bbox 1335 1006 1851 1081; x_wconf 88' lang='lat' dir='ltr'><strong>commonstravit;</strong></span> <span class='ocrx_word' id='word_1_62' title='bbox 1882 1016 1941 1068; x_wconf 92' lang='lat' dir='ltr'><strong>ut</strong></span> <span class='ocrx_word' id='word_1_63' title='bbox 1973 1008 2165 1069; x_wconf 87' lang='lat' dir='ltr'><strong>bono-</strong></span> 
     </span>
    </p>
   </div>
   <div class='ocr_carea' id='block_1_12' title="bbox 520 1088 2166 1171">
    <p class='ocr_par' dir='ltr' id='par_1_12' title="bbox 520 1088 2166 1171">
     <span class='ocr_line' id='line_1_12' title="bbox 520 1088 2166 1171; baseline 0.007 -24"><span class='ocrx_word' id='word_1_64' title='bbox 520 1105 654 1147; x_wconf 87' lang='lat' dir='ltr'><strong>rum</strong></span> <span class='ocrx_word' id='word_1_65' title='bbox 688 1088 860 1150; x_wconf 90' lang='lat' dir='ltr'><strong>nobis</strong></span> <span class='ocrx_word' id='word_1_66' title='bbox 890 1091 1281 1169; x_wconf 69' lang='lat' dir='ltr'><strong>repositorum</strong></span> <span class='ocrx_word' id='word_1_67' title='bbox 1316 1111 1422 1171; x_wconf 90' lang='lat' dir='ltr'><strong>spe</strong></span> <span class='ocrx_word' id='word_1_68' title='bbox 1475 1094 1773 1156; x_wconf 86' lang='lat' dir='ltr'><strong>molestias</strong></span> <span class='ocrx_word' id='word_1_69' title='bbox 1806 1096 1935 1157; x_wconf 63' lang='lat' dir='ltr'><strong>vita:</strong></span> <span class='ocrx_word' id='word_1_70' title='bbox 1968 1098 2166 1159; x_wconf 81' lang='lat' dir='ltr'><strong>animo</strong></span> 
     </span>
    </p>
   </div>
   <div class='ocr_carea' id='block_1_13' title="bbox 522 1180 2163 1263">
    <p class='ocr_par' dir='ltr' id='par_1_13' title="bbox 522 1180 2163 1263">
     <span class='ocr_line' id='line_1_13' title="bbox 522 1180 2163 1263; baseline 0.005 -26"><span class='ocrx_word' id='word_1_71' title='bbox 522 1196 690 1258; x_wconf 67' lang='lat' dir='ltr'><strong>aequo</strong></span> <span class='ocrx_word' id='word_1_72' title='bbox 707 1180 1099 1257; x_wconf 80' lang='lat' dir='ltr'><strong>perferamus.</strong></span> <span class='ocrx_word' id='word_1_73' title='bbox 1130 1180 1228 1243; x_wconf 88' lang='lat' dir='ltr'><strong>Sic</strong></span> <span class='ocrx_word' id='word_1_74' title='bbox 1260 1182 1435 1243; x_wconf 90' lang='lat' dir='ltr'><strong>etiam</strong></span> <span class='ocrx_word' id='word_1_75' title='bbox 1466 1202 1743 1263; x_wconf 90' lang='lat' dir='ltr'><strong>asperum</strong></span> <span class='ocrx_word' id='word_1_76' title='bbox 1778 1204 1845 1247; x_wconf 85' lang='lat' dir='ltr'><strong>ac</strong></span> <span class='ocrx_word' id='word_1_77' title='bbox 1877 1185 2163 1247; x_wconf 81' lang='lat' dir='ltr'><strong>difﬁcilli-</strong></span> 
     </span>
    </p>
   </div>
   <div class='ocr_carea' id='block_1_14' title="bbox 520 1269 2168 1333">
    <p class='ocr_par' dir='ltr' id='par_1_14' title="bbox 520 1269 2168 1333">
     <span class='ocr_line' id='line_1_14' title="bbox 520 1269 2168 1333; baseline 0.007 -12"><span class='ocrx_word' id='word_1_78' title='bbox 520 1280 679 1322; x_wconf 88' lang='lat' dir='ltr'><strong>mum</strong></span> <span class='ocrx_word' id='word_1_79' title='bbox 700 1269 804 1325; x_wconf 91' lang='lat' dir='ltr'><strong>iter</strong></span> <span class='ocrx_word' id='word_1_80' title='bbox 819 1271 1154 1327; x_wconf 78' lang='lat' dir='ltr'><strong>facientibus</strong></span> <span class='ocrx_word' id='word_1_81' title='bbox 1177 1271 1244 1327; x_wconf 87' lang='lat' dir='ltr'><strong>ad</strong></span> <span class='ocrx_word' id='word_1_82' title='bbox 1259 1274 1624 1331; x_wconf 72' lang='lat' dir='ltr'><strong>sustinendos</strong></span> <span class='ocrx_word' id='word_1_83' title='bbox 1644 1274 1867 1332; x_wconf 78' lang='lat' dir='ltr'><strong>labores</strong></span> <span class='ocrx_word' id='word_1_84' title='bbox 1884 1275 2168 1333; x_wconf 90' lang='lat' dir='ltr'><strong>levamen-</strong></span> 
     </span>
    </p>
   </div>
   <div class='ocr_carea' id='block_1_15' title="bbox 525 1356 2166 1442">
    <p class='ocr_par' dir='ltr' id='par_1_15' title="bbox 525 1356 2166 1442">
     <span class='ocr_line' id='line_1_15' title="bbox 525 1356 2166 1442; baseline 0.007 -31"><span class='ocrx_word' id='word_1_85' title='bbox 525 1359 580 1411; x_wconf 95' lang='lat' dir='ltr'><strong>to</strong></span> <span class='ocrx_word' id='word_1_86' title='bbox 607 1363 697 1415; x_wconf 90' lang='lat' dir='ltr'><strong>est</strong></span> <span class='ocrx_word' id='word_1_87' title='bbox 718 1356 1093 1416; x_wconf 84' lang='lat' dir='ltr'><strong>commodum</strong></span> <span class='ocrx_word' id='word_1_88' title='bbox 1123 1367 1546 1439; x_wconf 82' lang='lat' dir='ltr'><strong>speratumque</strong></span> <span class='ocrx_word' id='word_1_89' title='bbox 1567 1359 2166 1442; x_wconf 83' lang='lat' dir='ltr'><strong>diversorium;atque</strong></span> 
     </span>
    </p>
   </div>
   <div class='ocr_carea' id='block_1_16' title="bbox 525 1443 2166 1525">
    <p class='ocr_par' dir='ltr' id='par_1_16' title="bbox 525 1443 2166 1525">
     <span class='ocr_line' id='line_1_16' title="bbox 525 1443 2166 1525; baseline 0.006 -24"><span class='ocrx_word' id='word_1_90' title='bbox 525 1443 957 1506; x_wconf 89' lang='lat' dir='ltr'><strong>mercatoribus</strong></span> <span class='ocrx_word' id='word_1_91' title='bbox 984 1446 1053 1505; x_wconf 92' lang='lat' dir='ltr'><strong>ad</strong></span> <span class='ocrx_word' id='word_1_92' title='bbox 1090 1446 1523 1525; x_wconf 76' lang='lat' dir='ltr'><strong>peragrandam</strong></span> <span class='ocrx_word' id='word_1_93' title='bbox 1578 1467 1739 1509; x_wconf 90' lang='lat' dir='ltr'><strong>mare</strong></span> <span class='ocrx_word' id='word_1_94' title='bbox 1768 1450 1998 1511; x_wconf 90' lang='lat' dir='ltr'><strong>animos</strong></span> <span class='ocrx_word' id='word_1_95' title='bbox 2028 1452 2166 1513; x_wconf 83' lang='lat' dir='ltr'><strong>facit</strong></span> 
     </span>
    </p>
   </div>
   <div class='ocr_carea' id='block_1_17' title="bbox 524 1534 2169 1619">
    <p class='ocr_par' dir='ltr' id='par_1_17' title="bbox 524 1534 2169 1619">
     <span class='ocr_line' id='line_1_17' title="bbox 524 1534 2169 1619; baseline 0.005 -26"><span class='ocrx_word' id='word_1_96' title='bbox 524 1534 920 1613; x_wconf 84' lang='lat' dir='ltr'><strong>parandarum</strong></span> <span class='ocrx_word' id='word_1_97' title='bbox 938 1537 1225 1597; x_wconf 84' lang='lat' dir='ltr'><strong>mercium</strong></span> <span class='ocrx_word' id='word_1_98' title='bbox 1253 1537 1795 1616; x_wconf 78' lang='lat' dir='ltr'><strong>desideriumzquin</strong></span> <span class='ocrx_word' id='word_1_99' title='bbox 1820 1541 2169 1619; x_wconf 83' lang='lat' dir='ltr'><strong>etagricolis</strong></span> 
     </span>
    </p>
   </div>
   <div class='ocr_carea' id='block_1_18' title="bbox 519 1622 2164 1708">
    <p class='ocr_par' dir='ltr' id='par_1_18' title="bbox 519 1622 2164 1708">
     <span class='ocr_line' id='line_1_18' title="bbox 519 1622 2164 1708; baseline 0.004 -24"><span class='ocrx_word' id='word_1_100' title='bbox 519 1622 786 1686; x_wconf 73' lang='lat' dir='ltr'><strong>labarum</strong></span> <span class='ocrx_word' id='word_1_101' title='bbox 806 1643 1046 1687; x_wconf 77' lang='lat' dir='ltr'><strong>sensum</strong></span> <span class='ocrx_word' id='word_1_102' title='bbox 1077 1627 1518 1706; x_wconf 87' lang='lat' dir='ltr'><strong>quodammodo</strong></span> <span class='ocrx_word' id='word_1_103' title='bbox 1543 1646 1681 1708; x_wconf 82' lang='lat' dir='ltr'><strong>spes</strong></span> <span class='ocrx_word' id='word_1_104' title='bbox 1709 1629 1917 1690; x_wconf 89' lang='lat' dir='ltr'><strong>messis</strong></span> <span class='ocrx_word' id='word_1_105' title='bbox 1934 1629 2164 1691; x_wconf 86' lang='lat' dir='ltr'><strong>adimit.</strong></span> 
     </span>
    </p>
   </div>
   <div class='ocr_carea' id='block_1_19' title="bbox 521 1711 2172 1788">
    <p class='ocr_par' dir='ltr' id='par_1_19' title="bbox 521 1711 2172 1788">
     <span class='ocr_line' id='line_1_19' title="bbox 521 1711 2172 1788; baseline 0.004 -14"><span class='ocrx_word' id='word_1_106' title='bbox 521 1711 925 1787; x_wconf 87' lang='lat' dir='ltr'><strong>Quamobrem</strong></span> <span class='ocrx_word' id='word_1_107' title='bbox 962 1724 1020 1776; x_wconf 90' lang='lat' dir='ltr'><strong>et</strong></span> <span class='ocrx_word' id='word_1_108' title='bbox 1052 1716 1380 1778; x_wconf 90' lang='lat' dir='ltr'><strong>communis</strong></span> <span class='ocrx_word' id='word_1_109' title='bbox 1413 1716 1544 1780; x_wconf 78' lang='lat' dir='ltr'><strong>vitae</strong></span> <span class='ocrx_word' id='word_1_110' title='bbox 1570 1718 1939 1788; x_wconf 84' lang='lat' dir='ltr'><strong>emendator,</strong></span> <span class='ocrx_word' id='word_1_111' title='bbox 1963 1719 2172 1781; x_wconf 84' lang='lat' dir='ltr'><strong>doctor</strong></span> 
     </span>
    </p>
   </div>
   <div class='ocr_carea' id='block_1_20' title="bbox 2250 560 3874 643">
    <p class='ocr_par' dir='ltr' id='par_1_20' title="bbox 2250 560 3874 643">
     <span class='ocr_line' id='line_1_20' title="bbox 2250 560 3874 643; baseline 0.002 -25"><span class='ocrx_word' id='word_1_112' title='bbox 2250 585 2350 630; x_wconf 81' lang='grc' dir='ltr'>την</span> <span class='ocrx_word' id='word_1_113' title='bbox 2381 586 2473 638; x_wconf 85' lang='grc' dir='ltr'><strong>μοι</strong></span> <span class='ocrx_word' id='word_1_114' title='bbox 2504 560 2653 619; x_wconf 76' lang='grc' dir='ltr'>δοκεῖ</span> <span class='ocrx_word' id='word_1_115' title='bbox 2708 563 2806 632; x_wconf 79' lang='grc' dir='ltr'>τὴν</span> <span class='ocrx_word' id='word_1_116' title='bbox 2863 563 3082 640; x_wconf 85' lang='grc' dir='ltr'>δύναμιν</span> <span class='ocrx_word' id='word_1_117' title='bbox 3130 563 3279 643; x_wconf 73' lang='grc' dir='ltr'>ἔχειν</span> <span class='ocrx_word' id='word_1_118' title='bbox 3305 566 3435 642; x_wconf 77' lang='grc' dir='ltr'>πρὸς</span> <span class='ocrx_word' id='word_1_119' title='bbox 3463 565 3571 631; x_wconf 76' lang='grc' dir='ltr'><strong>τὴν</strong></span> <span class='ocrx_word' id='word_1_120' title='bbox 3600 564 3729 632; x_wconf 64' lang='grc' dir='ltr'>ὅλην</span> <span class='ocrx_word' id='word_1_121' title='bbox 3781 573 3874 623; x_wconf 79' lang='grc' dir='ltr'><strong>τῶν</strong></span> 
     </span>
    </p>
   </div>
   <div class='ocr_carea' id='block_1_21' title="bbox 2250 651 3872 734">
    <p class='ocr_par' dir='ltr' id='par_1_21' title="bbox 2250 651 3872 734">
     <span class='ocr_line' id='line_1_21' title="bbox 2250 651 3872 734; baseline 0.002 -25"><span class='ocrx_word' id='word_1_122' title='bbox 2250 651 2493 729; x_wconf 86' lang='grc' dir='ltr'>Ψαλμῶν</span> <span class='ocrx_word' id='word_1_123' title='bbox 2549 654 2881 720; x_wconf 80' lang='grc' dir='ltr'>κατασκευὴν</span> <span class='ocrx_word' id='word_1_124' title='bbox 2942 652 3081 734; x_wconf 84' lang='grc' dir='ltr'>[καὶ]</span> <span class='ocrx_word' id='word_1_125' title='bbox 3144 655 3204 711; x_wconf 85' lang='grc' dir='ltr'>τὸ</span> <span class='ocrx_word' id='word_1_126' title='bbox 3261 654 3434 733; x_wconf 81' lang='grc' dir='ltr'>βραχὺ</span> <span class='ocrx_word' id='word_1_127' title='bbox 3492 660 3655 711; x_wconf 86' lang='grc' dir='ltr'>τοῦτο</span> <span class='ocrx_word' id='word_1_128' title='bbox 3705 657 3872 734; x_wconf 83' lang='grc' dir='ltr'>προοί-</span> 
     </span>
    </p>
   </div>
   <div class='ocr_carea' id='block_1_22' title="bbox 2251 739 3875 823">
    <p class='ocr_par' dir='ltr' id='par_1_22' title="bbox 2251 739 3875 823">
     <span class='ocr_line' id='line_1_22' title="bbox 2251 739 3875 823; baseline 0.002 -26"><span class='ocrx_word' id='word_1_129' title='bbox 2251 763 2400 815; x_wconf 88' lang='grc' dir='ltr'>μιον.</span> <span class='ocrx_word' id='word_1_130' title='bbox 2467 739 2685 809; x_wconf 81' lang='grc' dir='ltr'>Ἐπειδὴ</span> <span class='ocrx_word' id='word_1_131' title='bbox 2736 742 2836 820; x_wconf 78' lang='grc' dir='ltr'><strong>γὰρ</strong></span> <span class='ocrx_word' id='word_1_132' title='bbox 2894 741 3067 800; x_wconf 86' lang='grc' dir='ltr'>πολλά</span> <span class='ocrx_word' id='word_1_133' title='bbox 3124 743 3211 798; x_wconf 88' lang='grc' dir='ltr'><strong>καὶ</strong></span> <span class='ocrx_word' id='word_1_134' title='bbox 3280 742 3505 798; x_wconf 81' lang='grc' dir='ltr'>ἐπίπονα</span> <span class='ocrx_word' id='word_1_135' title='bbox 3567 745 3655 799; x_wconf 84' lang='grc' dir='ltr'><strong>καὶ</strong></span> <span class='ocrx_word' id='word_1_136' title='bbox 3700 747 3875 823; x_wconf 86' lang='grc' dir='ltr'>μυρίων</span> 
     </span>
    </p>
   </div>
   <div class='ocr_carea' id='block_1_23' title="bbox 2248 830 3876 910">
    <p class='ocr_par' dir='ltr' id='par_1_23' title="bbox 2248 830 3876 910">
     <span class='ocr_line' id='line_1_23' title="bbox 2248 830 3876 910; baseline 0.001 -24"><span class='ocrx_word' id='word_1_137' title='bbox 2248 830 2482 909; x_wconf 77' lang='grc' dir='ltr'><strong>ἱδρώτων</strong></span> <span class='ocrx_word' id='word_1_138' title='bbox 2509 832 2601 888; x_wconf 76' lang='grc' dir='ltr'><strong>καὶ</strong></span> <span class='ocrx_word' id='word_1_139' title='bbox 2632 831 2808 886; x_wconf 60' lang='grc' dir='ltr'>πίνων</span> <span class='ocrx_word' id='word_1_140' title='bbox 2858 830 3091 908; x_wconf 79' lang='grc' dir='ltr'>γέμοντα</span> <span class='ocrx_word' id='word_1_141' title='bbox 3121 844 3402 909; x_wconf 72' lang='grc' dir='ltr'>παραινεῖν</span> <span class='ocrx_word' id='word_1_142' title='bbox 3436 830 3569 906; x_wconf 81' lang='grc' dir='ltr'>μέλ)</span> <span class='ocrx_word' id='word_1_143' title='bbox 3582 853 3651 907; x_wconf 90' lang='grc' dir='ltr'><strong>ει,</strong></span> <span class='ocrx_word' id='word_1_144' title='bbox 3684 834 3876 910; x_wconf 81' lang='grc' dir='ltr'>προῖόν-</span> 
     </span>
    </p>
   </div>
   <div class='ocr_carea' id='block_1_24' title="bbox 2250 918 3873 1000">
    <p class='ocr_par' dir='ltr' id='par_1_24' title="bbox 2250 918 3873 1000">
     <span class='ocr_line' id='line_1_24' title="bbox 2250 918 3873 1000; baseline 0.002 -25"><span class='ocrx_word' id='word_1_145' title='bbox 2250 942 2337 980; x_wconf 86' lang='grc' dir='ltr'><strong>τος</strong></span> <span class='ocrx_word' id='word_1_146' title='bbox 2400 927 2488 976; x_wconf 83' lang='grc' dir='ltr'><strong>τοῦ</strong></span> <span class='ocrx_word' id='word_1_147' title='bbox 2537 918 2722 998; x_wconf 85' lang='grc' dir='ltr'>λόγου,</span> <span class='ocrx_word' id='word_1_148' title='bbox 2778 934 2896 983; x_wconf 80' lang='grc' dir='ltr'>τοῖς</span> <span class='ocrx_word' id='word_1_149' title='bbox 2942 921 3037 988; x_wconf 74' lang='grc' dir='ltr'><strong>τῆς</strong></span> <span class='ocrx_word' id='word_1_150' title='bbox 3089 918 3357 983; x_wconf 70' lang='grc' dir='ltr'>εὐσεϐείας</span> <span class='ocrx_word' id='word_1_151' title='bbox 3395 920 3727 998; x_wconf 68' lang='grc' dir='ltr'><strong>ἀγωνισταῖς</strong></span> <span class='ocrx_word' id='word_1_152' title='bbox 3754 946 3873 1000; x_wconf 84' lang='grc' dir='ltr'>προ-</span> 
     </span>
    </p>
   </div>
   <div class='ocr_carea' id='block_1_25' title="bbox 2250 1006 3872 1089">
    <p class='ocr_par' dir='ltr' id='par_1_25' title="bbox 2250 1006 3872 1089">
     <span class='ocr_line' id='line_1_25' title="bbox 2250 1006 3872 1089; baseline 0.004 -26"><span class='ocrx_word' id='word_1_153' title='bbox 2250 1006 2426 1064; x_wconf 86' lang='grc' dir='ltr'>λαϐὼν</span> <span class='ocrx_word' id='word_1_154' title='bbox 2469 1006 2701 1073; x_wconf 76' lang='grc' dir='ltr'>ὓπέδειξε</span> <span class='ocrx_word' id='word_1_155' title='bbox 2750 1010 2811 1064; x_wconf 71' lang='grc' dir='ltr'>τὸ</span> <span class='ocrx_word' id='word_1_156' title='bbox 2861 1010 3119 1088; x_wconf 84' lang='grc' dir='ltr'>μακάριον</span> <span class='ocrx_word' id='word_1_157' title='bbox 3164 1008 3338 1089; x_wconf 82' lang='grc' dir='ltr'>τέλος,</span> <span class='ocrx_word' id='word_1_158' title='bbox 3368 1008 3462 1065; x_wconf 72' lang='grc' dir='ltr'><strong>ἵνα</strong></span> <span class='ocrx_word' id='word_1_159' title='bbox 3487 1011 3559 1085; x_wconf 70' lang='grc' dir='ltr'><strong>τῇ</strong></span> <span class='ocrx_word' id='word_1_160' title='bbox 3592 1010 3755 1067; x_wconf 79' lang='grc' dir='ltr'>ἐλπίδι</span> <span class='ocrx_word' id='word_1_161' title='bbox 3782 1020 3872 1069; x_wconf 82' lang='grc' dir='ltr'><strong>τῶν</strong></span> 
     </span>
    </p>
   </div>
   <div class='ocr_carea' id='block_1_26' title="bbox 2250 1096 3874 1179">
    <p class='ocr_par' dir='ltr' id='par_1_26' title="bbox 2250 1096 3874 1179">
     <span class='ocr_line' id='line_1_26' title="bbox 2250 1096 3874 1179; baseline 0.002 -26"><span class='ocrx_word' id='word_1_162' title='bbox 2250 1097 2617 1173; x_wconf 76' lang='grc' dir='ltr'>ἀποκειμένων</span> <span class='ocrx_word' id='word_1_163' title='bbox 2689 1098 2900 1175; x_wconf 91' lang='grc' dir='ltr'>ἀγαθῶν</span> <span class='ocrx_word' id='word_1_164' title='bbox 2962 1096 3176 1162; x_wconf 81' lang='grc' dir='ltr'>ἀλύπως</span> <span class='ocrx_word' id='word_1_165' title='bbox 3250 1105 3342 1154; x_wconf 89' lang='grc' dir='ltr'><strong>τοῦ</strong></span> <span class='ocrx_word' id='word_1_166' title='bbox 3398 1100 3512 1175; x_wconf 85' lang='grc' dir='ltr'>βίου</span> <span class='ocrx_word' id='word_1_167' title='bbox 3562 1101 3629 1156; x_wconf 83' lang='grc' dir='ltr'><strong>τά</strong></span> <span class='ocrx_word' id='word_1_168' title='bbox 3682 1099 3874 1179; x_wconf 82' lang='grc' dir='ltr'>ἀλγεινά</span> 
     </span>
    </p>
   </div>
   <div class='ocr_carea' id='block_1_27' title="bbox 2249 1185 3870 1269">
    <p class='ocr_par' dir='ltr' id='par_1_27' title="bbox 2249 1185 3870 1269">
     <span class='ocr_line' id='line_1_27' title="bbox 2249 1185 3870 1269; baseline 0.002 -27"><span class='ocrx_word' id='word_1_169' title='bbox 2249 1185 2576 1267; x_wconf 79' lang='grc' dir='ltr'>διαφέρωμεν</span> <span class='ocrx_word' id='word_1_170' title='bbox 2607 1187 2759 1267; x_wconf 86' lang='grc'><strong>(98).</strong></span> <span class='ocrx_word' id='word_1_171' title='bbox 2790 1186 2972 1252; x_wconf 72' lang='grc' dir='ltr'>Οὕτως</span> <span class='ocrx_word' id='word_1_172' title='bbox 3012 1190 3100 1244; x_wconf 83' lang='grc' dir='ltr'>καὶ</span> <span class='ocrx_word' id='word_1_173' title='bbox 3143 1186 3442 1263; x_wconf 71' lang='grc' dir='ltr'>ὁδοιπόροις</span> <span class='ocrx_word' id='word_1_174' title='bbox 3474 1203 3741 1269; x_wconf 80' lang='grc' dir='ltr'>τραχεῖαν</span> <span class='ocrx_word' id='word_1_175' title='bbox 3768 1190 3870 1247; x_wconf 73' lang='grc' dir='ltr'>ὁδὸν</span> 
     </span>
    </p>
   </div>
   <div class='ocr_carea' id='block_1_28' title="bbox 2247 1274 3875 1359">
    <p class='ocr_par' dir='ltr' id='par_1_28' title="bbox 2247 1274 3875 1359">
     <span class='ocr_line' id='line_1_28' title="bbox 2247 1274 3875 1359; baseline 0.004 -27"><span class='ocrx_word' id='word_1_176' title='bbox 2247 1277 2630 1355; x_wconf 71' lang='grc' dir='ltr'>πορευομένοις</span> <span class='ocrx_word' id='word_1_177' title='bbox 2688 1277 2776 1334; x_wconf 84' lang='grc' dir='ltr'>καὶ</span> <span class='ocrx_word' id='word_1_178' title='bbox 2819 1274 3074 1333; x_wconf 84' lang='grc' dir='ltr'>δύσϐατον</span> <span class='ocrx_word' id='word_1_179' title='bbox 3117 1279 3348 1358; x_wconf 76' lang='grc' dir='ltr'>κουφίζει</span> <span class='ocrx_word' id='word_1_180' title='bbox 3390 1278 3484 1334; x_wconf 86' lang='grc' dir='ltr'>τὸν</span> <span class='ocrx_word' id='word_1_181' title='bbox 3529 1280 3735 1359; x_wconf 82' lang='grc' dir='ltr'>μόχθον</span> <span class='ocrx_word' id='word_1_182' title='bbox 3779 1282 3875 1337; x_wconf 74' lang='grc' dir='ltr'>ὶπι·</span> 
     </span>
    </p>
   </div>
   <div class='ocr_carea' id='block_1_29' title="bbox 2248 1363 3873 1445">
    <p class='ocr_par' dir='ltr' id='par_1_29' title="bbox 2248 1363 3873 1445">
     <span class='ocr_line' id='line_1_29' title="bbox 2248 1363 3873 1445; baseline 0.003 -25"><span class='ocrx_word' id='word_1_183' title='bbox 2248 1363 2454 1434; x_wconf 76' lang='grc' dir='ltr'>τήδειον</span> <span class='ocrx_word' id='word_1_184' title='bbox 2498 1366 2682 1429; x_wconf 74' lang='grc' dir='ltr'>αὐτοῖς</span> <span class='ocrx_word' id='word_1_185' title='bbox 2724 1363 3083 1445; x_wconf 76' lang='grc' dir='ltr'>προσδοκηθὲν</span> <span class='ocrx_word' id='word_1_186' title='bbox 3137 1368 3473 1444; x_wconf 69' lang='grc' dir='ltr'>καταγώγιον</span> <span class='ocrx_word' id='word_1_187' title='bbox 3506 1384 3525 1403; x_wconf 76' lang='grc'><strong>⁸</strong></span> <span class='ocrx_word' id='word_1_188' title='bbox 3591 1371 3681 1425; x_wconf 87' lang='grc' dir='ltr'>καὶ</span> <span class='ocrx_word' id='word_1_189' title='bbox 3719 1368 3873 1442; x_wconf 73' lang='grc' dir='ltr'>ἐμπό-</span> 
     </span>
    </p>
   </div>
   <div class='ocr_carea' id='block_1_30' title="bbox 2250 1453 3876 1533">
    <p class='ocr_par' dir='ltr' id='par_1_30' title="bbox 2250 1453 3876 1533">
     <span class='ocr_line' id='line_1_30' title="bbox 2250 1453 3876 1533; baseline 0.004 -24"><span class='ocrx_word' id='word_1_190' title='bbox 2250 1476 2369 1533; x_wconf 85' lang='grc' dir='ltr'>ρους</span> <span class='ocrx_word' id='word_1_191' title='bbox 2403 1468 2558 1511; x_wconf 84' lang='grc' dir='ltr'>ποιεϊ</span> <span class='ocrx_word' id='word_1_192' title='bbox 2587 1457 2684 1522; x_wconf 75' lang='grc' dir='ltr'><strong>τῆς</strong></span> <span class='ocrx_word' id='word_1_193' title='bbox 2742 1453 3015 1522; x_wconf 75' lang='grc' dir='ltr'>θιλάσσης</span> <span class='ocrx_word' id='word_1_194' title='bbox 3077 1455 3415 1531; x_wconf 77' lang='grc' dir='ltr'>κατατολμᾷν</span> <span class='ocrx_word' id='word_1_195' title='bbox 3448 1458 3484 1525; x_wconf 76' lang='grc' dir='ltr'>ἡ</span> <span class='ocrx_word' id='word_1_196' title='bbox 3520 1456 3760 1532; x_wconf 80' lang='grc' dir='ltr'>ἐπιθυμία</span> <span class='ocrx_word' id='word_1_197' title='bbox 3788 1465 3876 1515; x_wconf 79' lang='grc' dir='ltr'><strong>τῶν</strong></span> 
     </span>
    </p>
   </div>
   <div class='ocr_carea' id='block_1_31' title="bbox 2251 1543 3877 1624">
    <p class='ocr_par' dir='ltr' id='par_1_31' title="bbox 2251 1543 3877 1624">
     <span class='ocr_line' id='line_1_31' title="bbox 2251 1543 3877 1624; baseline 0.004 -26"><span class='ocrx_word' id='word_1_198' title='bbox 2251 1544 2541 1622; x_wconf 79' lang='grc' dir='ltr'>ἀγωγίμων</span> <span class='ocrx_word' id='word_1_199' title='bbox 2576 1563 2589 1577; x_wconf 84' lang='lat'><strong><em>°</em></strong></span> <span class='ocrx_word' id='word_1_200' title='bbox 2644 1543 2743 1601; x_wconf 71' lang='grc' dir='ltr'><strong>καί</strong></span> <span class='ocrx_word' id='word_1_201' title='bbox 2796 1549 3047 1622; x_wconf 84' lang='grc' dir='ltr'>γεωργῶν</span> <span class='ocrx_word' id='word_1_202' title='bbox 3104 1543 3423 1602; x_wconf 68' lang='grc' dir='ltr'>ὅποκλέπτει</span> <span class='ocrx_word' id='word_1_203' title='bbox 3477 1544 3609 1624; x_wconf 84' lang='grc'><strong>(99)</strong></span> <span class='ocrx_word' id='word_1_204' title='bbox 3658 1548 3772 1610; x_wconf 78' lang='grc' dir='ltr'>τοὺς</span> <span class='ocrx_word' id='word_1_205' title='bbox 3798 1548 3877 1603; x_wconf 84' lang='grc' dir='ltr'>πό-</span> 
     </span>
    </p>
   </div>
   <div class='ocr_carea' id='block_1_32' title="bbox 2252 1632 3878 1711">
    <p class='ocr_par' dir='ltr' id='par_1_32' title="bbox 2252 1632 3878 1711">
     <span class='ocr_line' id='line_1_32' title="bbox 2252 1632 3878 1711; baseline 0.003 -22"><span class='ocrx_word' id='word_1_206' title='bbox 2252 1654 2369 1698; x_wconf 90' lang='grc' dir='ltr'>νους</span> <span class='ocrx_word' id='word_1_207' title='bbox 2423 1635 2457 1702; x_wconf 81' lang='grc' dir='ltr'>ἡ</span> <span class='ocrx_word' id='word_1_208' title='bbox 2504 1636 2599 1701; x_wconf 77' lang='grc' dir='ltr'>τῆς</span> <span class='ocrx_word' id='word_1_209' title='bbox 2655 1633 2974 1711; x_wconf 77' lang='grc' dir='ltr'>ἐπικαρπίας</span> <span class='ocrx_word' id='word_1_210' title='bbox 3030 1632 3202 1695; x_wconf 82' lang='grc' dir='ltr'>ἐλπίς.</span> <span class='ocrx_word' id='word_1_211' title='bbox 3268 1636 3360 1690; x_wconf 83' lang='grc' dir='ltr'>Διὸ</span> <span class='ocrx_word' id='word_1_212' title='bbox 3405 1635 3493 1692; x_wconf 79' lang='grc' dir='ltr'><strong>καὶ</strong></span> <span class='ocrx_word' id='word_1_213' title='bbox 3548 1636 3577 1692; x_wconf 83' lang='grc' dir='ltr'><strong>ὁ</strong></span> <span class='ocrx_word' id='word_1_214' title='bbox 3609 1637 3777 1700; x_wconf 74' lang='grc' dir='ltr'>κοινὶς</span> <span class='ocrx_word' id='word_1_215' title='bbox 3802 1642 3878 1694; x_wconf 87' lang='grc' dir='ltr'><strong>τοῦ</strong></span> 
     </span>
    </p>
   </div>
   <div class='ocr_carea' id='block_1_33' title="bbox 2253 1720 3877 1802">
    <p class='ocr_par' dir='ltr' id='par_1_33' title="bbox 2253 1720 3877 1802">
     <span class='ocr_line' id='line_1_33' title="bbox 2253 1720 3877 1802; baseline 0.002 -25"><span class='ocrx_word' id='word_1_216' title='bbox 2253 1722 2367 1798; x_wconf 85' lang='grc' dir='ltr'>βίου</span> <span class='ocrx_word' id='word_1_217' title='bbox 2418 1720 2727 1802; x_wconf 77' lang='grc' dir='ltr'>διορθωτὴς,</span> <span class='ocrx_word' id='word_1_218' title='bbox 2782 1724 2805 1777; x_wconf 72' lang='lat'><strong>5</strong></span> <span class='ocrx_word' id='word_1_219' title='bbox 2865 1721 3034 1798; x_wconf 83' lang='grc' dir='ltr'>μέγας</span> <span class='ocrx_word' id='word_1_220' title='bbox 3086 1720 3427 1802; x_wconf 75' lang='grc' dir='ltr'>διδάσκαλος,</span> <span class='ocrx_word' id='word_1_221' title='bbox 3459 1726 3527 1780; x_wconf 79' lang='grc' dir='ltr'>τὸ</span> <span class='ocrx_word' id='word_1_222' title='bbox 3569 1727 3771 1801; x_wconf 86' lang='grc' dir='ltr'>πνεῦμα</span> <span class='ocrx_word' id='word_1_223' title='bbox 3796 1731 3877 1791; x_wconf 77' lang='grc' dir='ltr'>τῆς</span> 
     </span>
    </p>
   </div>
   <div class='ocr_carea' id='block_1_34' title="bbox 522 1803 2169 1904">
    <p class='ocr_par' dir='ltr' id='par_1_34' title="bbox 522 1803 2168 1886">
     <span class='ocr_line' id='line_1_34' title="bbox 522 1803 2168 1886; baseline 0.003 -22"><span class='ocrx_word' id='word_1_224' title='bbox 522 1822 790 1882; x_wconf 81' lang='lat' dir='ltr'><strong>magnus,</strong></span> <span class='ocrx_word' id='word_1_225' title='bbox 819 1803 1065 1884; x_wconf 88' lang='lat' dir='ltr'><strong>spiritus</strong></span> <span class='ocrx_word' id='word_1_226' title='bbox 1088 1806 1373 1880; x_wconf 87' lang='lat' dir='ltr'><strong>veritatis,</strong></span> <span class='ocrx_word' id='word_1_227' title='bbox 1394 1813 1695 1886; x_wconf 87' lang='lat' dir='ltr'><strong>sapienter</strong></span> <span class='ocrx_word' id='word_1_228' title='bbox 1717 1828 1782 1869; x_wconf 92' lang='lat' dir='ltr'><strong>ac</strong></span> <span class='ocrx_word' id='word_1_229' title='bbox 1802 1809 1948 1870; x_wconf 85' lang='lat' dir='ltr'><strong>scite</strong></span> <span class='ocrx_word' id='word_1_230' title='bbox 1971 1809 2168 1871; x_wconf 86' lang='lat' dir='ltr'><strong>statim</strong></span> 
     </span>
    </p>
   </div>
   <div class='ocr_carea' id='block_1_35' title="bbox 2253 1803 3879 1904">
    <p class='ocr_par' dir='ltr' id='par_1_35' title="bbox 2255 1809 3879 1892">
     <span class='ocr_line' id='line_1_35' title="bbox 2255 1809 3879 1892; baseline 0.002 -27"><span class='ocrx_word' id='word_1_231' title='bbox 2255 1810 2523 1885; x_wconf 87' lang='grc' dir='ltr'>ἀληθείας,</span> <span class='ocrx_word' id='word_1_232' title='bbox 2589 1817 2766 1891; x_wconf 71' lang='grc' dir='ltr'>σοφῶς</span> <span class='ocrx_word' id='word_1_233' title='bbox 2816 1812 2905 1866; x_wconf 81' lang='grc' dir='ltr'>καὶ</span> <span class='ocrx_word' id='word_1_234' title='bbox 2964 1809 3231 1891; x_wconf 79' lang='grc' dir='ltr'>ἐντέχνως</span> <span class='ocrx_word' id='word_1_235' title='bbox 3262 1812 3383 1875; x_wconf 78' lang='grc' dir='ltr'>τοὺς</span> <span class='ocrx_word' id='word_1_236' title='bbox 3415 1814 3641 1887; x_wconf 74' lang='grc' dir='ltr'>μισθοὺς</span> <span class='ocrx_word' id='word_1_237' title='bbox 3684 1811 3879 1892; x_wconf 77' lang='grc' dir='ltr'>προεϐά-</span> 
     </span>
    </p>
   </div>
   <div class='ocr_carea' id='block_1_36' title="bbox 518 1892 2170 1979">
    <p class='ocr_par' dir='ltr' id='par_1_36' title="bbox 518 1892 2170 1979">
     <span class='ocr_line' id='line_1_36' title="bbox 518 1892 2170 1979; baseline 0.004 -25"><span class='ocrx_word' id='word_1_238' title='bbox 518 1892 593 1954; x_wconf 84' lang='lat' dir='ltr'><strong>ab</strong></span> <span class='ocrx_word' id='word_1_239' title='bbox 628 1892 797 1953; x_wconf 92' lang='lat' dir='ltr'><strong>initio</strong></span> <span class='ocrx_word' id='word_1_240' title='bbox 823 1896 1160 1957; x_wconf 84' lang='lat' dir='ltr'><strong>mercedem</strong></span> <span class='ocrx_word' id='word_1_241' title='bbox 1190 1901 1517 1976; x_wconf 82' lang='lat' dir='ltr'><strong>prapnsuit,</strong></span> <span class='ocrx_word' id='word_1_242' title='bbox 1551 1903 1615 1960; x_wconf 91' lang='lat' dir='ltr'><strong>ut</strong></span> <span class='ocrx_word' id='word_1_243' title='bbox 1637 1916 1814 1977; x_wconf 72' lang='lat' dir='ltr'><strong>supra</strong></span> <span class='ocrx_word' id='word_1_244' title='bbox 1840 1909 2170 1979; x_wconf 60' lang='lat' dir='ltr'><strong>prie-entes</strong></span> 
     </span>
    </p>
   </div>
   <div class='ocr_carea' id='block_1_37' title="bbox 519 1981 2172 2067">
    <p class='ocr_par' dir='ltr' id='par_1_37' title="bbox 519 1981 2172 2067">
     <span class='ocr_line' id='line_1_37' title="bbox 519 1981 2172 2067; baseline 0.004 -25"><span class='ocrx_word' id='word_1_245' title='bbox 519 1981 755 2045; x_wconf 81' lang='lat' dir='ltr'><strong>labores</strong></span> <span class='ocrx_word' id='word_1_246' title='bbox 779 1985 1195 2058; x_wconf 88' lang='lat' dir='ltr'><strong>evecti,animo</strong></span> <span class='ocrx_word' id='word_1_247' title='bbox 1213 1987 1283 2047; x_wconf 88' lang='lat' dir='ltr'><strong>ad</strong></span> <span class='ocrx_word' id='word_1_248' title='bbox 1311 1996 1666 2048; x_wconf 64' lang='lat' dir='ltr'><strong>aeternorum</strong></span> <span class='ocrx_word' id='word_1_249' title='bbox 1700 1987 1995 2050; x_wconf 89' lang='lat' dir='ltr'><strong>bonorum</strong></span> <span class='ocrx_word' id='word_1_250' title='bbox 2019 2007 2172 2067; x_wconf 80' lang='lat' dir='ltr'><strong>gau-</strong></span> 
     </span>
    </p>
   </div>
   <div class='ocr_carea' id='block_1_38' title="bbox 522 2071 2170 2157">
    <p class='ocr_par' dir='ltr' id='par_1_38' title="bbox 522 2071 2170 2157">
     <span class='ocr_line' id='line_1_38' title="bbox 522 2071 2170 2157; baseline 0.005 -26"><span class='ocrx_word' id='word_1_251' title='bbox 522 2071 617 2132; x_wconf 85' lang='lat' dir='ltr'><strong>dia</strong></span> <span class='ocrx_word' id='word_1_252' title='bbox 642 2090 1053 2154; x_wconf 82' lang='lat' dir='ltr'><strong>properemus.</strong></span> <span class='ocrx_word' id='word_1_253' title='bbox 1068 2075 1287 2139; x_wconf 76' lang='lat' dir='ltr'><strong>Beatus</strong></span> <span class='ocrx_word' id='word_1_254' title='bbox 1306 2077 1536 2157; x_wconf 81' lang='lat' dir='ltr'><strong>vir,qui</strong></span> <span class='ocrx_word' id='word_1_255' title='bbox 1560 2095 1683 2139; x_wconf 86' lang='lat' dir='ltr'><strong>non</strong></span> <span class='ocrx_word' id='word_1_256' title='bbox 1707 2078 1862 2140; x_wconf 72' lang='lat' dir='ltr'><strong>abiit</strong></span> <span class='ocrx_word' id='word_1_257' title='bbox 1885 2084 1948 2137; x_wconf 75' lang='lat' dir='ltr'><strong>in</strong></span> <span class='ocrx_word' id='word_1_258' title='bbox 1970 2080 2170 2140; x_wconf 74' lang='lat' dir='ltr'><strong>consi-</strong></span> 
     </span>
    </p>
   </div>
   <div class='ocr_carea' id='block_1_39' title="bbox 524 2162 2173 2246">
    <p class='ocr_par' dir='ltr' id='par_1_39' title="bbox 524 2162 2173 2246">
     <span class='ocr_line' id='line_1_39' title="bbox 524 2162 2173 2246; baseline 0.002 -23"><span class='ocrx_word' id='word_1_259' title='bbox 524 2162 605 2224; x_wconf 83' lang='lat' dir='ltr'><strong>lio</strong></span> <span class='ocrx_word' id='word_1_260' title='bbox 626 2164 969 2243; x_wconf 84' lang='lat' dir='ltr'><strong>impiorum.</strong></span> <span class='ocrx_word' id='word_1_261' title='bbox 999 2166 1169 2238; x_wconf 87' lang='lat' dir='ltr'><strong>Quod</strong></span> <span class='ocrx_word' id='word_1_262' title='bbox 1201 2184 1341 2246; x_wconf 82' lang='lat' dir='ltr'><strong>ergo</strong></span> <span class='ocrx_word' id='word_1_263' title='bbox 1362 2184 1500 2227; x_wconf 91' lang='lat' dir='ltr'><strong>vere</strong></span> <span class='ocrx_word' id='word_1_264' title='bbox 1531 2166 1751 2229; x_wconf 90' lang='lat' dir='ltr'><strong>bonum</strong></span> <span class='ocrx_word' id='word_1_265' title='bbox 1784 2170 2035 2238; x_wconf 87' lang='lat' dir='ltr'><strong>exsistit,</strong></span> <span class='ocrx_word' id='word_1_266' title='bbox 2065 2168 2173 2227; x_wconf 90' lang='lat' dir='ltr'><strong>im-</strong></span> 
     </span>
    </p>
   </div>
   <div class='ocr_carea' id='block_1_40' title="bbox 522 2251 2168 2336">
    <p class='ocr_par' dir='ltr' id='par_1_40' title="bbox 522 2251 2168 2336">
     <span class='ocr_line' id='line_1_40' title="bbox 522 2251 2168 2336; baseline 0.004 -24"><span class='ocrx_word' id='word_1_267' title='bbox 522 2251 730 2332; x_wconf 86' lang='lat' dir='ltr'><strong>primis</strong></span> <span class='ocrx_word' id='word_1_268' title='bbox 748 2271 816 2315; x_wconf 89' lang='lat' dir='ltr'><strong>ac</strong></span> <span class='ocrx_word' id='word_1_269' title='bbox 840 2256 1138 2334; x_wconf 67' lang='lat' dir='ltr'><strong>praecipue</strong></span> <span class='ocrx_word' id='word_1_270' title='bbox 1160 2254 1395 2317; x_wconf 82' lang='lat' dir='ltr'><strong>beatum</strong></span> <span class='ocrx_word' id='word_1_271' title='bbox 1432 2256 1869 2336; x_wconf 70' lang='lat' dir='ltr'><strong>praedicandum</strong></span> <span class='ocrx_word' id='word_1_272' title='bbox 1906 2268 2018 2323; x_wconf 90' lang='lat' dir='ltr'><strong>est.</strong></span> <span class='ocrx_word' id='word_1_273' title='bbox 2044 2257 2168 2320; x_wconf 88' lang='lat' dir='ltr'><strong>Hoc</strong></span> 
     </span>
    </p>
   </div>
   <div class='ocr_carea' id='block_1_41' title="bbox 521 2341 2165 2409">
    <p class='ocr_par' dir='ltr' id='par_1_41' title="bbox 521 2341 2165 2409">
     <span class='ocr_line' id='line_1_41' title="bbox 521 2341 2165 2409; baseline 0.004 -8"><span class='ocrx_word' id='word_1_274' title='bbox 521 2350 716 2402; x_wconf 88' lang='lat' dir='ltr'><strong>autem</strong></span> <span class='ocrx_word' id='word_1_275' title='bbox 752 2341 905 2404; x_wconf 92' lang='lat' dir='ltr'><strong>Deus</strong></span> <span class='ocrx_word' id='word_1_276' title='bbox 935 2352 1043 2405; x_wconf 89' lang='lat' dir='ltr'><strong>est.</strong></span> <span class='ocrx_word' id='word_1_277' title='bbox 1079 2345 1247 2407; x_wconf 89' lang='lat' dir='ltr'><strong>Unde</strong></span> <span class='ocrx_word' id='word_1_278' title='bbox 1285 2355 1341 2406; x_wconf 92' lang='lat' dir='ltr'><strong>et</strong></span> <span class='ocrx_word' id='word_1_279' title='bbox 1372 2344 1590 2408; x_wconf 87' lang='lat' dir='ltr'><strong>Paulus</strong></span> <span class='ocrx_word' id='word_1_280' title='bbox 1623 2348 1698 2408; x_wconf 91' lang='lat' dir='ltr'><strong>de</strong></span> <span class='ocrx_word' id='word_1_281' title='bbox 1731 2346 1959 2409; x_wconf 86' lang='lat' dir='ltr'><strong>Christo</strong></span> <span class='ocrx_word' id='word_1_282' title='bbox 1994 2366 2165 2408; x_wconf 89' lang='lat' dir='ltr'><strong>men-</strong></span> 
     </span>
    </p>
   </div>
   <div class='ocr_carea' id='block_1_42' title="bbox 517 2430 2167 2516">
    <p class='ocr_par' dir='ltr' id='par_1_42' title="bbox 517 2430 2167 2516">
     <span class='ocr_line' id='line_1_42' title="bbox 517 2430 2167 2516; baseline 0.004 -25"><span class='ocrx_word' id='word_1_283' title='bbox 517 2430 745 2492; x_wconf 89' lang='lat' dir='ltr'><strong>tionem</strong></span> <span class='ocrx_word' id='word_1_284' title='bbox 777 2432 1058 2507; x_wconf 87' lang='lat' dir='ltr'><strong>facturus,</strong></span> <span class='ocrx_word' id='word_1_285' title='bbox 1094 2435 1175 2495; x_wconf 90' lang='lat' dir='ltr'><strong>ait</strong></span> <span class='ocrx_word' id='word_1_286' title='bbox 1203 2456 1216 2496; x_wconf 90' lang='lat'><strong>:</strong></span> <span class='ocrx_word' id='word_1_287' title='bbox 1254 2435 1604 2498; x_wconf 84' lang='lat' dir='ltr'><strong>Secundum</strong></span> <span class='ocrx_word' id='word_1_288' title='bbox 1628 2439 2167 2516; x_wconf 72' lang='lat' dir='ltr'><strong>manifestalionem</strong></span> 
     </span>
    </p>
   </div>
   <div class='ocr_carea' id='block_1_43' title="bbox 522 2521 2164 2596">
    <p class='ocr_par' dir='ltr' id='par_1_43' title="bbox 522 2521 2164 2596">
     <span class='ocr_line' id='line_1_43' title="bbox 522 2521 2164 2596; baseline 0.004 -13"><span class='ocrx_word' id='word_1_289' title='bbox 522 2521 684 2584; x_wconf 86' lang='lat' dir='ltr'><strong>beati</strong></span> <span class='ocrx_word' id='word_1_290' title='bbox 708 2521 906 2596; x_wconf 79' lang='lat' dir='ltr'><strong>Dei,et</strong></span> <span class='ocrx_word' id='word_1_291' title='bbox 924 2524 1269 2587; x_wconf 76' lang='lat' dir='ltr'><strong>Saluatoris</strong></span> <span class='ocrx_word' id='word_1_292' title='bbox 1300 2529 1494 2588; x_wconf 68' lang='lat' dir='ltr'><strong>nostri</strong></span> <span class='ocrx_word' id='word_1_293' title='bbox 1511 2530 1653 2589; x_wconf 87' lang='lat' dir='ltr'><strong>Jesu</strong></span> <span class='ocrx_word' id='word_1_294' title='bbox 1677 2526 1906 2591; x_wconf 76' lang='lat' dir='ltr'><strong>Christi</strong></span> <span class='ocrx_word' id='word_1_295' title='bbox 1922 2529 1973 2577; x_wconf 68' lang='lat'><strong>5*</strong></span> <span class='ocrx_word' id='word_1_296' title='bbox 1990 2528 2164 2591; x_wconf 88' lang='lat' dir='ltr'><strong>.Bea-</strong></span> 
     </span>
    </p>
   </div>
   <div class='ocr_carea' id='block_1_44' title="bbox 520 2613 2165 2699">
    <p class='ocr_par' dir='ltr' id='par_1_44' title="bbox 520 2613 2165 2699">
     <span class='ocr_line' id='line_1_44' title="bbox 520 2613 2165 2699; baseline 0.004 -28"><span class='ocrx_word' id='word_1_297' title='bbox 520 2618 640 2671; x_wconf 92' lang='lat' dir='ltr'><strong>tum</strong></span> <span class='ocrx_word' id='word_1_298' title='bbox 666 2613 824 2673; x_wconf 89' lang='lat' dir='ltr'><strong>enim</strong></span> <span class='ocrx_word' id='word_1_299' title='bbox 850 2632 986 2674; x_wconf 90' lang='lat' dir='ltr'><strong>vere</strong></span> <span class='ocrx_word' id='word_1_300' title='bbox 1007 2623 1115 2693; x_wconf 75' lang='lat' dir='ltr'><strong>est,</strong></span> <span class='ocrx_word' id='word_1_301' title='bbox 1144 2614 1299 2692; x_wconf 89' lang='lat' dir='ltr'><strong>quod</strong></span> <span class='ocrx_word' id='word_1_302' title='bbox 1326 2635 1427 2694; x_wconf 67' lang='lat' dir='ltr'><strong>por</strong></span> <span class='ocrx_word' id='word_1_303' title='bbox 1446 2635 1510 2677; x_wconf 90' lang='lat' dir='ltr'><strong>se</strong></span> <span class='ocrx_word' id='word_1_304' title='bbox 1533 2617 1758 2677; x_wconf 89' lang='lat' dir='ltr'><strong>bonum</strong></span> <span class='ocrx_word' id='word_1_305' title='bbox 1786 2619 1981 2693; x_wconf 76' lang='lat' dir='ltr'><strong>est,ad</strong></span> <span class='ocrx_word' id='word_1_306' title='bbox 2009 2618 2165 2699; x_wconf 89' lang='lat' dir='ltr'><strong>quod</strong></span> 
     </span>
    </p>
   </div>
   <div class='ocr_carea' id='block_1_45' title="bbox 522 2700 2173 2787">
    <p class='ocr_par' dir='ltr' id='par_1_45' title="bbox 522 2700 2173 2787">
     <span class='ocr_line' id='line_1_45' title="bbox 522 2700 2173 2787; baseline 0.005 -26"><span class='ocrx_word' id='word_1_307' title='bbox 522 2700 849 2779; x_wconf 90' lang='lat' dir='ltr'><strong>respiciunt</strong></span> <span class='ocrx_word' id='word_1_308' title='bbox 874 2703 1257 2783; x_wconf 90' lang='lat' dir='ltr'><strong>omnia,quod</strong></span> <span class='ocrx_word' id='word_1_309' title='bbox 1281 2706 1563 2767; x_wconf 84' lang='lat' dir='ltr'><strong>universa</strong></span> <span class='ocrx_word' id='word_1_310' title='bbox 1588 2705 2173 2787; x_wconf 81' lang='lat' dir='ltr'><strong>desiderant,natura</strong></span> 
     </span>
    </p>
   </div>
   <div class='ocr_carea' id='block_1_46' title="bbox 523 2791 2172 2876">
    <p class='ocr_par' dir='ltr' id='par_1_46' title="bbox 523 2791 2172 2876">
     <span class='ocr_line' id='line_1_46' title="bbox 523 2791 2172 2876; baseline 0.002 -27"><span class='ocrx_word' id='word_1_311' title='bbox 523 2791 2009 2876; x_wconf 83' lang='lat' dir='ltr'><strong>immutabilis,herilisdignitas,vitaperturbationi</strong></span> <span class='ocrx_word' id='word_1_312' title='bbox 2027 2794 2172 2859; x_wconf 90' lang='lat' dir='ltr'><strong>nulli</strong></span> 
     </span>
    </p>
   </div>
   <div class='ocr_carea' id='block_1_47' title="bbox 519 2881 2182 2967">
    <p class='ocr_par' dir='ltr' id='par_1_47' title="bbox 519 2881 2182 2967">
     <span class='ocr_line' id='line_1_47' title="bbox 519 2881 2182 2967; baseline 0.001 -26"><span class='ocrx_word' id='word_1_313' title='bbox 519 2881 795 2956; x_wconf 81' lang='lat' dir='ltr'><strong>obnoxia,</strong></span> <span class='ocrx_word' id='word_1_314' title='bbox 809 2883 1012 2945; x_wconf 88' lang='lat' dir='ltr'><strong>hilaris</strong></span> <span class='ocrx_word' id='word_1_315' title='bbox 1026 2884 1255 2946; x_wconf 90' lang='lat' dir='ltr'><strong>vivendi</strong></span> <span class='ocrx_word' id='word_1_316' title='bbox 1269 2884 1583 2967; x_wconf 73' lang='lat' dir='ltr'><strong>ratio,qua3</strong></span> <span class='ocrx_word' id='word_1_317' title='bbox 1596 2886 1833 2948; x_wconf 85' lang='lat' dir='ltr'><strong>alterari</strong></span> <span class='ocrx_word' id='word_1_318' title='bbox 1848 2896 1945 2947; x_wconf 87' lang='lat' dir='ltr'><strong>aut</strong></span> <span class='ocrx_word' id='word_1_319' title='bbox 1960 2887 2040 2947; x_wconf 88' lang='lat' dir='ltr'><strong>im</strong></span> <span class='ocrx_word' id='word_1_320' title='bbox 2051 2906 2182 2948; x_wconf 92' lang='lat' dir='ltr'><strong>mu-</strong></span> 
     </span>
    </p>
   </div>
   <div class='ocr_carea' id='block_1_48' title="bbox 524 2971 2179 3053">
    <p class='ocr_par' dir='ltr' id='par_1_48' title="bbox 524 2971 2179 3053">
     <span class='ocr_line' id='line_1_48' title="bbox 524 2971 2179 3053; baseline 0.004 -22"><span class='ocrx_word' id='word_1_321' title='bbox 524 2971 632 3032; x_wconf 91' lang='lat' dir='ltr'><strong>tari</strong></span> <span class='ocrx_word' id='word_1_322' title='bbox 649 2972 1003 3051; x_wconf 81' lang='lat' dir='ltr'><strong>nequit,fons</strong></span> <span class='ocrx_word' id='word_1_323' title='bbox 1017 2974 2179 3053; x_wconf 81' lang='lat' dir='ltr'><strong>scaturiens.uberrimagratia,inexhau-</strong></span> 
     </span>
    </p>
   </div>
   <div class='ocr_carea' id='block_1_49' title="bbox 521 3062 2174 3146">
    <p class='ocr_par' dir='ltr' id='par_1_49' title="bbox 521 3062 2174 3146">
     <span class='ocr_line' id='line_1_49' title="bbox 521 3062 2174 3146; baseline 0.002 -23"><span class='ocrx_word' id='word_1_324' title='bbox 521 3071 647 3123; x_wconf 89' lang='lat' dir='ltr'><strong>stus</strong></span> <span class='ocrx_word' id='word_1_325' title='bbox 680 3062 1016 3124; x_wconf 86' lang='lat' dir='ltr'><strong>thesaurus.</strong></span> <span class='ocrx_word' id='word_1_326' title='bbox 1052 3064 1230 3144; x_wconf 87' lang='lat' dir='ltr'><strong>Atqui</strong></span> <span class='ocrx_word' id='word_1_327' title='bbox 1287 3064 1561 3125; x_wconf 88' lang='lat' dir='ltr'><strong>homines</strong></span> <span class='ocrx_word' id='word_1_328' title='bbox 1595 3064 1812 3144; x_wconf 69' lang='lat' dir='ltr'><strong>ignari,</strong></span> <span class='ocrx_word' id='word_1_329' title='bbox 1847 3066 2174 3146; x_wconf 85' lang='lat' dir='ltr'><strong>mundique</strong></span> 
     </span>
    </p>
   </div>
   <div class='ocr_carea' id='block_1_50' title="bbox 523 3152 2172 3233">
    <p class='ocr_par' dir='ltr' id='par_1_50' title="bbox 523 3152 2172 3233">
     <span class='ocr_line' id='line_1_50' title="bbox 523 3152 2172 3233; baseline 0.003 -21"><span class='ocrx_word' id='word_1_330' title='bbox 523 3152 923 3233; x_wconf 85' lang='lat' dir='ltr'><strong>amantes,qui</strong></span> <span class='ocrx_word' id='word_1_331' title='bbox 938 3152 1076 3213; x_wconf 93' lang='lat' dir='ltr'><strong>boni</strong></span> <span class='ocrx_word' id='word_1_332' title='bbox 1093 3153 1280 3232; x_wconf 92' lang='lat' dir='ltr'><strong>ipsius</strong></span> <span class='ocrx_word' id='word_1_333' title='bbox 1296 3154 1567 3231; x_wconf 79' lang='lat' dir='ltr'><strong>ignorant</strong></span> <span class='ocrx_word' id='word_1_334' title='bbox 1584 3163 1851 3215; x_wconf 90' lang='lat' dir='ltr'><strong>naturam</strong></span> <span class='ocrx_word' id='word_1_335' title='bbox 1870 3172 1983 3224; x_wconf 79' lang='lat' dir='ltr'><strong>,res</strong></span> <span class='ocrx_word' id='word_1_336' title='bbox 2000 3155 2172 3217; x_wconf 90' lang='lat' dir='ltr'><strong>nihili</strong></span> 
     </span>
    </p>
   </div>
   <div class='ocr_carea' id='block_1_51' title="bbox 2253 1898 3874 1982">
    <p class='ocr_par' dir='ltr' id='par_1_51' title="bbox 2253 1898 3874 1982">
     <span class='ocr_line' id='line_1_51' title="bbox 2253 1898 3874 1982; baseline 0.002 -26"><span class='ocrx_word' id='word_1_337' title='bbox 2253 1898 2375 1956; x_wconf 84' lang='grc' dir='ltr'>λετο</span> <span class='ocrx_word' id='word_1_338' title='bbox 2435 1900 2547 1980; x_wconf 88' lang='grc'>(1),</span> <span class='ocrx_word' id='word_1_339' title='bbox 2605 1900 2722 1976; x_wconf 75' lang='grc' dir='ltr'>ἵνα,</span> <span class='ocrx_word' id='word_1_340' title='bbox 2774 1899 3191 1977; x_wconf 78' lang='grc' dir='ltr'>ὑπερκύπτοντες</span> <span class='ocrx_word' id='word_1_341' title='bbox 3233 1902 3354 1964; x_wconf 83' lang='grc' dir='ltr'>τοὺς</span> <span class='ocrx_word' id='word_1_342' title='bbox 3403 1901 3459 1957; x_wconf 83' lang='grc' dir='ltr'>ἐν</span> <span class='ocrx_word' id='word_1_343' title='bbox 3500 1905 3661 1982; x_wconf 85' lang='grc' dir='ltr'>χερσὶ</span> <span class='ocrx_word' id='word_1_344' title='bbox 3687 1904 3874 1975; x_wconf 82' lang='grc' dir='ltr'>πόνους,</span> 
     </span>
    </p>
   </div>
   <div class='ocr_carea' id='block_1_52' title="bbox 2251 1987 3876 2068">
    <p class='ocr_par' dir='ltr' id='par_1_52' title="bbox 2251 1987 3876 2068">
     <span class='ocr_line' id='line_1_52' title="bbox 2251 1987 3876 2068; baseline 0.001 -24"><span class='ocrx_word' id='word_1_345' title='bbox 2251 1994 2320 2065; x_wconf 81' lang='grc' dir='ltr'><strong>τῇ</strong></span> <span class='ocrx_word' id='word_1_346' title='bbox 2378 1987 2579 2061; x_wconf 81' lang='grc' dir='ltr'>διανοίᾳ</span> <span class='ocrx_word' id='word_1_347' title='bbox 2635 1990 2764 2067; x_wconf 85' lang='grc' dir='ltr'>πρὸς</span> <span class='ocrx_word' id='word_1_348' title='bbox 2823 1988 2923 2055; x_wconf 81' lang='grc' dir='ltr'>τὴν</span> <span class='ocrx_word' id='word_1_349' title='bbox 2978 1987 3274 2044; x_wconf 73' lang='grc' dir='ltr'>ἀπόλαυσιν</span> <span class='ocrx_word' id='word_1_350' title='bbox 3332 1995 3439 2044; x_wconf 88' lang='grc' dir='ltr'><strong>τῶν</strong></span> <span class='ocrx_word' id='word_1_351' title='bbox 3502 1991 3729 2046; x_wconf 76' lang='grc' dir='ltr'>αἰωνίων</span> <span class='ocrx_word' id='word_1_352' title='bbox 3758 1991 3876 2068; x_wconf 78' lang='grc' dir='ltr'>ἀγα-</span> 
     </span>
    </p>
   </div>
   <div class='ocr_carea' id='block_1_53' title="bbox 2251 2076 3873 2156">
    <p class='ocr_par' dir='ltr' id='par_1_53' title="bbox 2251 2076 3873 2156">
     <span class='ocr_line' id='line_1_53' title="bbox 2251 2076 3873 2156; baseline 0.002 -23"><span class='ocrx_word' id='word_1_353' title='bbox 2251 2081 2355 2134; x_wconf 88' lang='grc' dir='ltr'><strong>θῶν</strong></span> <span class='ocrx_word' id='word_1_354' title='bbox 2412 2079 2501 2156; x_wconf 82' lang='grc'><strong>(2)</strong></span> <span class='ocrx_word' id='word_1_355' title='bbox 2553 2076 2909 2155; x_wconf 78' lang='grc' dir='ltr'>ἐπειγώμεθα,</span> <span class='ocrx_word' id='word_1_356' title='bbox 2966 2077 3233 2154; x_wconf 80' lang='grc' dir='ltr'>Μακάριος</span> <span class='ocrx_word' id='word_1_357' title='bbox 3290 2076 3447 2155; x_wconf 72' lang='grc' dir='ltr'>ἀνὴρ,</span> <span class='ocrx_word' id='word_1_358' title='bbox 3509 2078 3570 2141; x_wconf 82' lang='grc' dir='ltr'>ὃς</span> <span class='ocrx_word' id='word_1_359' title='bbox 3616 2083 3709 2137; x_wconf 73' lang='grc' dir='ltr'><strong>οὐκ</strong></span> <span class='ocrx_word' id='word_1_360' title='bbox 3760 2078 3873 2136; x_wconf 67' lang='lat' dir='ltr'><strong>Erro-</strong></span> 
     </span>
    </p>
   </div>
   <div class='ocr_carea' id='block_1_54' title="bbox 2254 2164 3876 2246">
    <p class='ocr_par' dir='ltr' id='par_1_54' title="bbox 2254 2164 3876 2246">
     <span class='ocr_line' id='line_1_54' title="bbox 2254 2164 3876 2246; baseline 0.001 -23"><span class='ocrx_word' id='word_1_361' title='bbox 2254 2168 2410 2245; x_wconf 81' lang='grc' dir='ltr'>ρεύθη</span> <span class='ocrx_word' id='word_1_362' title='bbox 2453 2168 2509 2223; x_wconf 82' lang='grc' dir='ltr'>ἐν</span> <span class='ocrx_word' id='word_1_363' title='bbox 2552 2165 2721 2244; x_wconf 86' lang='grc' dir='ltr'>βουλῇ</span> <span class='ocrx_word' id='word_1_364' title='bbox 2765 2164 2995 2227; x_wconf 81' lang='grc' dir='ltr'>ἀσεϐῶν.</span> <span class='ocrx_word' id='word_1_365' title='bbox 3063 2164 3233 2222; x_wconf 78' lang='grc' dir='ltr'>’Ἔστι</span> <span class='ocrx_word' id='word_1_366' title='bbox 3290 2167 3389 2241; x_wconf 78' lang='grc' dir='ltr'>μὲν</span> <span class='ocrx_word' id='word_1_367' title='bbox 3449 2166 3541 2223; x_wconf 80' lang='grc' dir='ltr'><strong>οῦν</strong></span> <span class='ocrx_word' id='word_1_368' title='bbox 3597 2170 3660 2224; x_wconf 84' lang='grc' dir='ltr'>τὸ</span> <span class='ocrx_word' id='word_1_369' title='bbox 3711 2170 3876 2246; x_wconf 78' lang='grc' dir='ltr'>κυρίως</span> 
     </span>
    </p>
   </div>
   <div class='ocr_carea' id='block_1_55' title="bbox 2250 2254 3875 2336">
    <p class='ocr_par' dir='ltr' id='par_1_55' title="bbox 2250 2254 3875 2336">
     <span class='ocr_line' id='line_1_55' title="bbox 2250 2254 3875 2336; baseline -0.001 -22"><span class='ocrx_word' id='word_1_370' title='bbox 2250 2258 2336 2314; x_wconf 84' lang='grc' dir='ltr'><strong>καὶ</strong></span> <span class='ocrx_word' id='word_1_371' title='bbox 2368 2259 2591 2336; x_wconf 80' lang='grc' dir='ltr'>πρώτως</span> <span class='ocrx_word' id='word_1_372' title='bbox 2645 2257 2993 2334; x_wconf 82' lang='grc' dir='ltr'>μακαριστὸν,</span> <span class='ocrx_word' id='word_1_373' title='bbox 3043 2256 3105 2311; x_wconf 81' lang='grc' dir='ltr'>τὸ</span> <span class='ocrx_word' id='word_1_374' title='bbox 3158 2254 3423 2322; x_wconf 81' lang='grc' dir='ltr'>ἀληθινῶς</span> <span class='ocrx_word' id='word_1_375' title='bbox 3480 2255 3703 2334; x_wconf 73' lang='grc' dir='ltr'>ἀγαθόν.</span> <span class='ocrx_word' id='word_1_376' title='bbox 3734 2263 3875 2316; x_wconf 88' lang='grc' dir='ltr'>Τοῦτο</span> 
     </span>
    </p>
   </div>
   <div class='ocr_carea' id='block_1_56' title="bbox 2250 2343 3872 2424">
    <p class='ocr_par' dir='ltr' id='par_1_56' title="bbox 2250 2343 3872 2424">
     <span class='ocr_line' id='line_1_56' title="bbox 2250 2343 3872 2424; baseline 0.002 -22"><span class='ocrx_word' id='word_1_377' title='bbox 2250 2344 2305 2402; x_wconf 88' lang='grc' dir='ltr'><strong>δέ</strong></span> <span class='ocrx_word' id='word_1_378' title='bbox 2356 2346 2496 2403; x_wconf 74' lang='grc' dir='ltr'>ἔστιν</span> <span class='ocrx_word' id='word_1_379' title='bbox 2554 2348 2579 2402; x_wconf 66' lang='grc' dir='ltr'>ᾗ</span> <span class='ocrx_word' id='word_1_380' title='bbox 2642 2348 2794 2409; x_wconf 80' lang='grc' dir='ltr'>Θεὸς,</span> <span class='ocrx_word' id='word_1_381' title='bbox 2853 2343 3024 2402; x_wconf 80' lang='grc' dir='ltr'>’Ὅθεν</span> <span class='ocrx_word' id='word_1_382' title='bbox 3055 2345 3147 2400; x_wconf 81' lang='grc' dir='ltr'><strong>καὶ</strong></span> <span class='ocrx_word' id='word_1_383' title='bbox 3189 2343 3420 2418; x_wconf 79' lang='grc' dir='ltr'>Παῦλος,</span> <span class='ocrx_word' id='word_1_384' title='bbox 3477 2346 3773 2421; x_wconf 75' lang='grc' dir='ltr'>ὑπόμνησιν</span> <span class='ocrx_word' id='word_1_385' title='bbox 3802 2344 3872 2424; x_wconf 88' lang='grc'><strong>(3)</strong></span> 
     </span>
    </p>
   </div>
   <div class='ocr_carea' id='block_1_57' title="bbox 2251 2434 3871 2515">
    <p class='ocr_par' dir='ltr' id='par_1_57' title="bbox 2251 2434 3871 2515">
     <span class='ocr_line' id='line_1_57' title="bbox 2251 2434 3871 2515; baseline -0.001 -23"><span class='ocrx_word' id='word_1_386' title='bbox 2251 2435 2462 2512; x_wconf 82' lang='grc' dir='ltr'>μέλλων</span> <span class='ocrx_word' id='word_1_387' title='bbox 2514 2439 2784 2492; x_wconf 76' lang='grc' dir='ltr'>ποιεῖσθαι</span> <span class='ocrx_word' id='word_1_388' title='bbox 2865 2439 3116 2513; x_wconf 75' lang='grc' dir='ltr'>Χριστοῦ,</span> <span class='ocrx_word' id='word_1_389' title='bbox 3178 2434 3324 2492; x_wconf 82' lang='grc' dir='ltr'>Κατὰ</span> <span class='ocrx_word' id='word_1_390' title='bbox 3391 2435 3495 2501; x_wconf 64' lang='grc' dir='ltr'>τὴν</span> <span class='ocrx_word' id='word_1_391' title='bbox 3569 2434 3871 2515; x_wconf 74' lang='grc' dir='ltr'>ἐπιφάνειαν,</span> 
     </span>
    </p>
   </div>
   <div class='ocr_carea' id='block_1_58' title="bbox 2251 2522 3876 2604">
    <p class='ocr_par' dir='ltr' id='par_1_58' title="bbox 2251 2522 3876 2604">
     <span class='ocr_line' id='line_1_58' title="bbox 2251 2522 3876 2604; baseline 0 -25"><span class='ocrx_word' id='word_1_392' title='bbox 2251 2528 2401 2604; x_wconf 82' lang='grc' dir='ltr'>φησὶ,</span> <span class='ocrx_word' id='word_1_393' title='bbox 2445 2533 2537 2582; x_wconf 89' lang='grc' dir='ltr'><strong>τοῦ</strong></span> <span class='ocrx_word' id='word_1_394' title='bbox 2598 2524 2854 2603; x_wconf 73' lang='grc' dir='ltr'>μακαρίου</span> <span class='ocrx_word' id='word_1_395' title='bbox 2922 2530 3077 2603; x_wconf 69' lang='grc' dir='ltr'>Θειοῦ,</span> <span class='ocrx_word' id='word_1_396' title='bbox 3130 2523 3217 2577; x_wconf 87' lang='grc' dir='ltr'>καὶ</span> <span class='ocrx_word' id='word_1_397' title='bbox 3269 2527 3526 2601; x_wconf 76' lang='grc' dir='ltr'>Σωτῆρος</span> <span class='ocrx_word' id='word_1_398' title='bbox 3586 2525 3733 2598; x_wconf 81' lang='grc' dir='ltr'>ἡμῶν</span> <span class='ocrx_word' id='word_1_399' title='bbox 3786 2522 3876 2587; x_wconf 83' lang='grc' dir='ltr'><strong>’1η-</strong></span> 
     </span>
    </p>
   </div>
   <div class='ocr_carea' id='block_1_59' title="bbox 2254 2609 3869 2693">
    <p class='ocr_par' dir='ltr' id='par_1_59' title="bbox 2254 2609 3869 2693">
     <span class='ocr_line' id='line_1_59' title="bbox 2254 2609 3869 2693; baseline -0.004 -21"><span class='ocrx_word' id='word_1_400' title='bbox 2254 2622 2348 2672; x_wconf 90' lang='grc' dir='ltr'><strong>σοῦ</strong></span> <span class='ocrx_word' id='word_1_401' title='bbox 2400 2622 2644 2693; x_wconf 80' lang='grc' dir='ltr'>Χριστοῦ,</span> <span class='ocrx_word' id='word_1_402' title='bbox 2696 2613 2965 2690; x_wconf 84' lang='grc' dir='ltr'>Μακάριον</span> <span class='ocrx_word' id='word_1_403' title='bbox 3023 2612 3123 2689; x_wconf 81' lang='grc' dir='ltr'><strong>γὰρ</strong></span> <span class='ocrx_word' id='word_1_404' title='bbox 3184 2617 3259 2683; x_wconf 82' lang='grc' dir='ltr'>τῷ</span> <span class='ocrx_word' id='word_1_405' title='bbox 3317 2609 3428 2668; x_wconf 81' lang='grc' dir='ltr'>ὅντι</span> <span class='ocrx_word' id='word_1_406' title='bbox 3492 2613 3556 2669; x_wconf 82' lang='grc' dir='ltr'><strong>τὺ</strong></span> <span class='ocrx_word' id='word_1_407' title='bbox 3586 2610 3869 2686; x_wconf 73' lang='grc' dir='ltr'>αὖτόχαλον,</span> 
     </span>
    </p>
   </div>
   <div class='ocr_carea' id='block_1_60' title="bbox 2256 2700 3873 2782">
    <p class='ocr_par' dir='ltr' id='par_1_60' title="bbox 2256 2700 3873 2782">
     <span class='ocr_line' id='line_1_60' title="bbox 2256 2700 3873 2782; baseline -0.003 -21"><span class='ocrx_word' id='word_1_408' title='bbox 2256 2706 2389 2782; x_wconf 79' lang='grc' dir='ltr'>πρὸς</span> <span class='ocrx_word' id='word_1_409' title='bbox 2421 2706 2448 2760; x_wconf 84' lang='grc' dir='ltr'>ὃ</span> <span class='ocrx_word' id='word_1_410' title='bbox 2478 2705 2651 2760; x_wconf 85' lang='grc' dir='ltr'>πάντα</span> <span class='ocrx_word' id='word_1_411' title='bbox 2702 2700 3020 2776; x_wconf 83' lang='grc' dir='ltr'>ἀποϐλέπει,</span> <span class='ocrx_word' id='word_1_412' title='bbox 3068 2702 3127 2756; x_wconf 80' lang='grc' dir='ltr'><strong>οῦ</strong></span> <span class='ocrx_word' id='word_1_413' title='bbox 3180 2700 3357 2756; x_wconf 76' lang='grc' dir='ltr'>πάντα</span> <span class='ocrx_word' id='word_1_414' title='bbox 3399 2700 3627 2782; x_wconf 76' lang='grc' dir='ltr'>ἐφίεται,</span> <span class='ocrx_word' id='word_1_415' title='bbox 3672 2703 3705 2769; x_wconf 85' lang='grc' dir='ltr'>ἡ</span> <span class='ocrx_word' id='word_1_416' title='bbox 3746 2701 3873 2778; x_wconf 77' lang='grc' dir='ltr'>ἅτρε·</span> 
     </span>
    </p>
   </div>
   <div class='ocr_carea' id='block_1_61' title="bbox 2260 2787 3869 2875">
    <p class='ocr_par' dir='ltr' id='par_1_61' title="bbox 2260 2787 3869 2875">
     <span class='ocr_line' id='line_1_61' title="bbox 2260 2787 3869 2875; baseline -0.003 -24"><span class='ocrx_word' id='word_1_417' title='bbox 2260 2817 2391 2859; x_wconf 85' lang='grc' dir='ltr'>πτος</span> <span class='ocrx_word' id='word_1_418' title='bbox 2422 2794 2598 2875; x_wconf 74' lang='grc' dir='ltr'>φύσις,</span> <span class='ocrx_word' id='word_1_419' title='bbox 2649 2794 2709 2848; x_wconf 81' lang='grc' dir='ltr'><strong>τὸ</strong></span> <span class='ocrx_word' id='word_1_420' title='bbox 2753 2791 3063 2847; x_wconf 75' lang='grc' dir='ltr'>δεσποτικὸν</span> <span class='ocrx_word' id='word_1_421' title='bbox 3116 2787 3347 2865; x_wconf 78' lang='grc' dir='ltr'>ἀξίωμα,</span> <span class='ocrx_word' id='word_1_422' title='bbox 3381 2791 3416 2858; x_wconf 79' lang='grc' dir='ltr'><strong>ἡ</strong></span> <span class='ocrx_word' id='word_1_423' title='bbox 3448 2790 3727 2870; x_wconf 80' lang='grc' dir='ltr'>ἀόχλητος</span> <span class='ocrx_word' id='word_1_424' title='bbox 3754 2789 3869 2867; x_wconf 84' lang='grc' dir='ltr'>ζωὴ,</span> 
     </span>
    </p>
   </div>
   <div class='ocr_carea' id='block_1_62' title="bbox 2263 2878 3867 2959">
    <p class='ocr_par' dir='ltr' id='par_1_62' title="bbox 2263 2878 3867 2959">
     <span class='ocr_line' id='line_1_62' title="bbox 2263 2878 3867 2959; baseline -0.005 -19"><span class='ocrx_word' id='word_1_425' title='bbox 2263 2885 2296 2952; x_wconf 79' lang='grc' dir='ltr'>ἡ</span> <span class='ocrx_word' id='word_1_426' title='bbox 2342 2882 2540 2946; x_wconf 75' lang='grc' dir='ltr'>ἄλυπος</span> <span class='ocrx_word' id='word_1_427' title='bbox 2597 2880 2917 2959; x_wconf 79' lang='grc' dir='ltr'>διεξαγωγὴ,</span> <span class='ocrx_word' id='word_1_428' title='bbox 2964 2880 3081 2957; x_wconf 84' lang='grc' dir='ltr'>περὶ</span> <span class='ocrx_word' id='word_1_429' title='bbox 3124 2881 3189 2946; x_wconf 71' lang='grc' dir='ltr'>ἢν</span> <span class='ocrx_word' id='word_1_430' title='bbox 3229 2880 3323 2935; x_wconf 74' lang='grc' dir='ltr'><strong>οῦκ</strong></span> <span class='ocrx_word' id='word_1_431' title='bbox 3378 2878 3527 2935; x_wconf 79' lang='grc' dir='ltr'>ἔστιν</span> <span class='ocrx_word' id='word_1_432' title='bbox 3588 2879 3867 2955; x_wconf 84' lang='grc' dir='ltr'>ἀλλοίωσις,</span> 
     </span>
    </p>
   </div>
   <div class='ocr_carea' id='block_1_63' title="bbox 2260 2966 3867 3053">
    <p class='ocr_par' dir='ltr' id='par_1_63' title="bbox 2260 2966 3867 3053">
     <span class='ocr_line' id='line_1_63' title="bbox 2260 2966 3867 3053; baseline -0.009 -23"><span class='ocrx_word' id='word_1_433' title='bbox 2260 2974 2323 3041; x_wconf 82' lang='grc' dir='ltr'><strong>ἧς</strong></span> <span class='ocrx_word' id='word_1_434' title='bbox 2354 2974 2456 3053; x_wconf 75' lang='grc' dir='ltr'>οὐχ</span> <span class='ocrx_word' id='word_1_435' title='bbox 2499 2972 2722 3029; x_wconf 77' lang='grc' dir='ltr'>ἅπτεται</span> <span class='ocrx_word' id='word_1_436' title='bbox 2754 2966 3024 3036; x_wconf 76' lang='grc' dir='ltr'>μεταϐολῆ</span> <span class='ocrx_word' id='word_1_437' title='bbox 3057 2983 3072 2998; x_wconf 78' lang='grc'><em>⁸</em></span> <span class='ocrx_word' id='word_1_438' title='bbox 3121 2970 3155 3037; x_wconf 77' lang='grc' dir='ltr'><strong>ἡ</strong></span> <span class='ocrx_word' id='word_1_439' title='bbox 3184 2968 3408 3045; x_wconf 80' lang='grc' dir='ltr'>βρύουσα</span> <span class='ocrx_word' id='word_1_440' title='bbox 3446 2971 3631 3048; x_wconf 74' lang='grc' dir='ltr'>πηγὴ,</span> <span class='ocrx_word' id='word_1_441' title='bbox 3663 2971 3696 3037; x_wconf 76' lang='grc' dir='ltr'>ἡ</span> <span class='ocrx_word' id='word_1_442' title='bbox 3730 2968 3867 3049; x_wconf 62' lang='grc' dir='ltr'>ἄφθο-</span> 
     </span>
    </p>
   </div>
   <div class='ocr_carea' id='block_1_64' title="bbox 2260 3055 3869 3143">
    <p class='ocr_par' dir='ltr' id='par_1_64' title="bbox 2260 3055 3869 3143">
     <span class='ocr_line' id='line_1_64' title="bbox 2260 3055 3869 3143; baseline -0.004 -26"><span class='ocrx_word' id='word_1_443' title='bbox 2260 3086 2345 3127; x_wconf 86' lang='grc' dir='ltr'><strong>νος</strong></span> <span class='ocrx_word' id='word_1_444' title='bbox 2405 3064 2586 3143; x_wconf 86' lang='grc' dir='ltr'>χάρις,</span> <span class='ocrx_word' id='word_1_445' title='bbox 2662 3064 2689 3118; x_wconf 83' lang='grc' dir='ltr'>ὁ</span> <span class='ocrx_word' id='word_1_446' title='bbox 2760 3057 3097 3124; x_wconf 83' lang='grc' dir='ltr'>ἀδαπάνητος</span> <span class='ocrx_word' id='word_1_447' title='bbox 3158 3059 3443 3137; x_wconf 84' lang='grc' dir='ltr'>θησαυρός,</span> <span class='ocrx_word' id='word_1_448' title='bbox 3535 3058 3777 3135; x_wconf 79' lang='grc' dir='ltr'>Ἀμαθεῐς</span> <span class='ocrx_word' id='word_1_449' title='bbox 3825 3055 3869 3111; x_wconf 80' lang='grc' dir='ltr'>δὲ</span> 
     </span>
    </p>
   </div>
   <div class='ocr_carea' id='block_1_65' title="bbox 2255 3144 3873 3232">
    <p class='ocr_par' dir='ltr' id='par_1_65' title="bbox 2255 3144 3873 3232">
     <span class='ocr_line' id='line_1_65' title="bbox 2255 3144 3873 3232; baseline -0.005 -24"><span class='ocrx_word' id='word_1_450' title='bbox 2255 3152 2517 3232; x_wconf 77' lang='grc' dir='ltr'>ἄνθρωποι</span> <span class='ocrx_word' id='word_1_451' title='bbox 2574 3152 2661 3207; x_wconf 85' lang='grc' dir='ltr'><strong>καὶ</strong></span> <span class='ocrx_word' id='word_1_452' title='bbox 2712 3148 3049 3230; x_wconf 73' lang='grc' dir='ltr'>φιλόκοσμοι,</span> <span class='ocrx_word' id='word_1_453' title='bbox 3104 3147 3413 3225; x_wconf 87' lang='grc' dir='ltr'>ἀγνοοῦντες</span> <span class='ocrx_word' id='word_1_454' title='bbox 3462 3148 3624 3205; x_wconf 67' lang='grc' dir='ltr'>αὺτοῦ</span> <span class='ocrx_word' id='word_1_455' title='bbox 3650 3155 3736 3204; x_wconf 90' lang='grc' dir='ltr'><strong>τοῦ</strong></span> <span class='ocrx_word' id='word_1_456' title='bbox 3763 3144 3873 3223; x_wconf 78' lang='grc' dir='ltr'>ἀγά-</span> 
     </span>
    </p>
   </div>
   <div class='ocr_carea' id='block_1_66' title="bbox 525 3219 2169 3324">
    <p class='ocr_par' dir='ltr' id='par_1_66' title="bbox 525 3219 2169 3324">
     <span class='ocr_line' id='line_1_66' title="bbox 525 3219 2169 3324; baseline 0.002 -21"><span class='ocrx_word' id='word_1_457' title='bbox 525 3241 742 3320; x_wconf 67' lang='lat' dir='ltr'><strong>saapius</strong></span> <span class='ocrx_word' id='word_1_458' title='bbox 772 3219 1090 3319; x_wconf 59' lang='lat' dir='ltr'><strong>aestimant,</strong></span> <span class='ocrx_word' id='word_1_459' title='bbox 1114 3219 1369 3316; x_wconf 66' lang='lat' dir='ltr'><strong>divitias,</strong></span> <span class='ocrx_word' id='word_1_460' title='bbox 1392 3244 1861 3323; x_wconf 68' lang='lat' dir='ltr'><strong>sanitatem,vitaz</strong></span> <span class='ocrx_word' id='word_1_461' title='bbox 1882 3245 2133 3324; x_wconf 89' lang='lat' dir='ltr'><strong>splendo</strong></span> <span class='ocrx_word' id='word_1_462' title='bbox 2158 3280 2169 3293; x_wconf 71' lang='grc' dir='ltr'>α</span> 
     </span>
    </p>
   </div>
   <div class='ocr_carea' id='block_1_67' title="bbox 2253 3219 3868 3324">
    <p class='ocr_par' dir='ltr' id='par_1_67' title="bbox 2259 3219 3868 3324">
     <span class='ocr_line' id='line_1_67' title="bbox 2259 3219 3868 3324; baseline -0.006 -25"><span class='ocrx_word' id='word_1_463' title='bbox 2259 3219 2362 3299; x_wconf 43' lang='grc' dir='ltr'>θοῦ’</span> <span class='ocrx_word' id='word_1_464' title='bbox 2395 3243 2494 3309; x_wconf 83' lang='grc' dir='ltr'>τὴν</span> <span class='ocrx_word' id='word_1_465' title='bbox 2565 3219 2741 3321; x_wconf 64' lang='grc' dir='ltr'>φύσιν,</span> <span class='ocrx_word' id='word_1_466' title='bbox 2804 3219 3164 3315; x_wconf 40' lang='grc' dir='ltr'>μακαρίζουσι·</span> <span class='ocrx_word' id='word_1_467' title='bbox 3223 3235 3491 3301; x_wconf 81' lang='grc' dir='ltr'>πολλάκις</span> <span class='ocrx_word' id='word_1_468' title='bbox 3550 3238 3614 3294; x_wconf 84' lang='grc' dir='ltr'><strong>τά</strong></span> <span class='ocrx_word' id='word_1_469' title='bbox 3671 3219 3868 3324; x_wconf 55' lang='grc' dir='ltr'>μηδενός</span> 
     </span>
    </p>
   </div>
   <div class='ocr_carea' id='block_1_68' title="bbox 522 3320 2169 3414">
    <p class='ocr_par' dir='ltr' id='par_1_68' title="bbox 522 3320 2169 3414">
     <span class='ocr_line' id='line_1_68' title="bbox 522 3320 2169 3414; baseline 0.003 -23"><span class='ocrx_word' id='word_1_470' title='bbox 522 3350 670 3391; x_wconf 88' lang='lat' dir='ltr'><strong>rem:</strong></span> <span class='ocrx_word' id='word_1_471' title='bbox 704 3350 950 3407; x_wconf 89' lang='lat' dir='ltr'><strong>quarum</strong></span> <span class='ocrx_word' id='word_1_472' title='bbox 980 3351 1179 3393; x_wconf 91' lang='lat' dir='ltr'><strong>rerum</strong></span> <span class='ocrx_word' id='word_1_473' title='bbox 1207 3333 1353 3395; x_wconf 89' lang='lat' dir='ltr'><strong>nihil</strong></span> <span class='ocrx_word' id='word_1_474' title='bbox 1379 3342 1469 3395; x_wconf 82' lang='lat' dir='ltr'><strong>est</strong></span> <span class='ocrx_word' id='word_1_475' title='bbox 1492 3351 1598 3394; x_wconf 87' lang='lat' dir='ltr'><strong>sua</strong></span> <span class='ocrx_word' id='word_1_476' title='bbox 1624 3320 1811 3414; x_wconf 31' lang='lat' dir='ltr'><strong>ips-ius</strong></span> <span class='ocrx_word' id='word_1_477' title='bbox 1831 3320 2041 3394; x_wconf 73' lang='lat' dir='ltr'><strong>natura</strong></span> <span class='ocrx_word' id='word_1_478' title='bbox 2072 3334 2169 3396; x_wconf 85' lang='lat' dir='ltr'><strong>bo-</strong></span> 
     </span>
    </p>
   </div>
   <div class='ocr_carea' id='block_1_69' title="bbox 2253 3320 3869 3414">
    <p class='ocr_par' dir='ltr' id='par_1_69' title="bbox 2260 3320 3869 3414">
     <span class='ocr_line' id='line_1_69' title="bbox 2260 3320 3869 3414; baseline -0.007 -27"><span class='ocrx_word' id='word_1_479' title='bbox 2260 3330 2397 3407; x_wconf 82' lang='grc' dir='ltr'>ἀξία,</span> <span class='ocrx_word' id='word_1_480' title='bbox 2460 3320 2712 3403; x_wconf 82' lang='grc' dir='ltr'>πλοῦτον,</span> <span class='ocrx_word' id='word_1_481' title='bbox 2772 3328 2995 3407; x_wconf 81' lang='grc' dir='ltr'>ὑγίειαν,</span> <span class='ocrx_word' id='word_1_482' title='bbox 3053 3326 3390 3406; x_wconf 72' lang='grc' dir='ltr'>περιφάνειαν</span> <span class='ocrx_word' id='word_1_483' title='bbox 3428 3326 3548 3403; x_wconf 89' lang='grc' dir='ltr'>βίου</span> <span class='ocrx_word' id='word_1_484' title='bbox 3576 3342 3590 3357; x_wconf 92' lang='grc'><strong>·</strong></span> <span class='ocrx_word' id='word_1_485' title='bbox 3634 3327 3704 3383; x_wconf 84' lang='grc' dir='ltr'><strong>ῶν</strong></span> <span class='ocrx_word' id='word_1_486' title='bbox 3746 3320 3869 3414; x_wconf 43' lang='grc' dir='ltr'>οεῇν</span> 
     </span>
    </p>
   </div>
   <div class='ocr_carea' id='block_1_70' title="bbox 524 3413 2169 3504">
    <p class='ocr_par' dir='ltr' id='par_1_70' title="bbox 524 3423 2169 3504">
     <span class='ocr_line' id='line_1_70' title="bbox 524 3423 2169 3504; baseline 0.003 -23"><span class='ocrx_word' id='word_1_487' title='bbox 524 3439 692 3494; x_wconf 91' lang='lat' dir='ltr'><strong>num;</strong></span> <span class='ocrx_word' id='word_1_488' title='bbox 713 3441 829 3484; x_wconf 91' lang='lat' dir='ltr'><strong>non</strong></span> <span class='ocrx_word' id='word_1_489' title='bbox 854 3423 1044 3485; x_wconf 87' lang='lat' dir='ltr'><strong>solum</strong></span> <span class='ocrx_word' id='word_1_490' title='bbox 1073 3423 1229 3504; x_wconf 86' lang='lat' dir='ltr'><strong>quod</strong></span> <span class='ocrx_word' id='word_1_491' title='bbox 1252 3424 1421 3485; x_wconf 80' lang='lat' dir='ltr'><strong>facile</strong></span> <span class='ocrx_word' id='word_1_492' title='bbox 1444 3424 1502 3484; x_wconf 91' lang='lat' dir='ltr'><strong>in</strong></span> <span class='ocrx_word' id='word_1_493' title='bbox 1527 3423 1823 3484; x_wconf 89' lang='lat' dir='ltr'><strong>contraria</strong></span> <span class='ocrx_word' id='word_1_494' title='bbox 1848 3432 2169 3499; x_wconf 88' lang='lat' dir='ltr'><strong>mutentur,</strong></span> 
     </span>
    </p>
   </div>
   <div class='ocr_carea' id='block_1_71' title="bbox 2253 3413 3863 3504">
    <p class='ocr_par' dir='ltr' id='par_1_71' title="bbox 2259 3413 3863 3499">
     <span class='ocr_line' id='line_1_71' title="bbox 2259 3413 3863 3499; baseline -0.005 -22"><span class='ocrx_word' id='word_1_495' title='bbox 2259 3421 2401 3478; x_wconf 81' lang='grc' dir='ltr'>ἐστιν</span> <span class='ocrx_word' id='word_1_496' title='bbox 2430 3422 2627 3499; x_wconf 83' lang='grc' dir='ltr'>ἀγαθὸν</span> <span class='ocrx_word' id='word_1_497' title='bbox 2683 3424 2752 3496; x_wconf 77' lang='grc' dir='ltr'><strong>τῇ</strong></span> <span class='ocrx_word' id='word_1_498' title='bbox 2810 3418 2993 3473; x_wconf 79' lang='grc' dir='ltr'>ἑαυτοῦ</span> <span class='ocrx_word' id='word_1_499' title='bbox 3048 3416 3195 3494; x_wconf 85' lang='grc' dir='ltr'>γύσει</span> <span class='ocrx_word' id='word_1_500' title='bbox 3232 3430 3248 3446; x_wconf 87' lang='grc'>⁶</span> <span class='ocrx_word' id='word_1_501' title='bbox 3307 3419 3366 3473; x_wconf 72' lang='grc' dir='ltr'>οὗ</span> <span class='ocrx_word' id='word_1_502' title='bbox 3400 3417 3566 3491; x_wconf 83' lang='grc' dir='ltr'>μόνον</span> <span class='ocrx_word' id='word_1_503' title='bbox 3595 3417 3761 3474; x_wconf 84' lang='grc' dir='ltr'>καθότι</span> <span class='ocrx_word' id='word_1_504' title='bbox 3782 3413 3863 3491; x_wconf 65' lang='grc' dir='ltr'><strong>ῥα·</strong></span> 
     </span>
    </p>
   </div>
   <div class='ocr_carea' id='block_1_72' title="bbox 523 3501 2169 3593">
    <p class='ocr_par' dir='ltr' id='par_1_72' title="bbox 523 3501 2169 3593">
     <span class='ocr_line' id='line_1_72' title="bbox 523 3501 2169 3593; baseline 0.001 -18"><span class='ocrx_word' id='word_1_505' title='bbox 523 3512 629 3575; x_wconf 91' lang='lat' dir='ltr'><strong>sed</strong></span> <span class='ocrx_word' id='word_1_506' title='bbox 653 3514 809 3589; x_wconf 88' lang='lat' dir='ltr'><strong>quod</strong></span> <span class='ocrx_word' id='word_1_507' title='bbox 837 3533 909 3574; x_wconf 89' lang='lat' dir='ltr'><strong>ne</strong></span> <span class='ocrx_word' id='word_1_508' title='bbox 934 3501 1121 3575; x_wconf 78' lang='lat' dir='ltr'><strong>bonos</strong></span> <span class='ocrx_word' id='word_1_509' title='bbox 1136 3514 1376 3589; x_wconf 86' lang='lat' dir='ltr'><strong>quidem</strong></span> <span class='ocrx_word' id='word_1_510' title='bbox 1393 3513 1621 3574; x_wconf 76' lang='lat' dir='ltr'><strong>valeant</strong></span> <span class='ocrx_word' id='word_1_511' title='bbox 1639 3531 2014 3593; x_wconf 83' lang='lat' dir='ltr'><strong>possessores</strong></span> <span class='ocrx_word' id='word_1_512' title='bbox 2033 3533 2169 3577; x_wconf 84' lang='lat' dir='ltr'><strong>suos</strong></span> 
     </span>
    </p>
   </div>
   <div class='ocr_carea' id='block_1_73' title="bbox 2253 3501 3863 3593">
    <p class='ocr_par' dir='ltr' id='par_1_73' title="bbox 2257 3501 3863 3593">
     <span class='ocr_line' id='line_1_73' title="bbox 2257 3501 3863 3593; baseline -0.008 -26"><span class='ocrx_word' id='word_1_513' title='bbox 2257 3510 2368 3567; x_wconf 86' lang='grc' dir='ltr'>δίαν</span> <span class='ocrx_word' id='word_1_514' title='bbox 2412 3509 2531 3590; x_wconf 74' lang='grc' dir='ltr'>ἔχει</span> <span class='ocrx_word' id='word_1_515' title='bbox 2587 3510 2684 3577; x_wconf 78' lang='grc' dir='ltr'>τὴν</span> <span class='ocrx_word' id='word_1_516' title='bbox 2745 3509 2873 3586; x_wconf 78' lang='grc' dir='ltr'>πρὸς</span> <span class='ocrx_word' id='word_1_517' title='bbox 2906 3507 2970 3562; x_wconf 80' lang='grc' dir='ltr'>τὰ</span> <span class='ocrx_word' id='word_1_518' title='bbox 3020 3504 3227 3561; x_wconf 76' lang='grc' dir='ltr'>ἐναντία</span> <span class='ocrx_word' id='word_1_519' title='bbox 3271 3506 3621 3585; x_wconf 71' lang='grc' dir='ltr'>περιτροπήν,</span> <span class='ocrx_word' id='word_1_520' title='bbox 3664 3501 3863 3593; x_wconf 82' lang='grc' dir='ltr'>ἀλλ’ὅτι</span> 
     </span>
    </p>
   </div>
   <div class='ocr_carea' id='block_1_74' title="bbox 521 3592 2169 3683">
    <p class='ocr_par' dir='ltr' id='par_1_74' title="bbox 521 3592 2169 3683">
     <span class='ocr_line' id='line_1_74' title="bbox 521 3592 2169 3683; baseline 0.001 -20"><span class='ocrx_word' id='word_1_521' title='bbox 521 3602 800 3664; x_wconf 89' lang='lat' dir='ltr'><strong>reddere.</strong></span> <span class='ocrx_word' id='word_1_522' title='bbox 824 3601 966 3675; x_wconf 88' lang='lat' dir='ltr'><strong>Quis</strong></span> <span class='ocrx_word' id='word_1_523' title='bbox 988 3604 1143 3664; x_wconf 91' lang='lat' dir='ltr'><strong>enim</strong></span> <span class='ocrx_word' id='word_1_524' title='bbox 1166 3603 1240 3665; x_wconf 91' lang='lat' dir='ltr'><strong>ob</strong></span> <span class='ocrx_word' id='word_1_525' title='bbox 1261 3604 1488 3665; x_wconf 84' lang='lat' dir='ltr'><strong>divitias</strong></span> <span class='ocrx_word' id='word_1_526' title='bbox 1505 3592 1701 3683; x_wconf 88' lang='lat' dir='ltr'><strong>justus</strong></span> <span class='ocrx_word' id='word_1_527' title='bbox 1723 3609 1750 3664; x_wconf 86' lang='lat'><strong>?</strong></span> <span class='ocrx_word' id='word_1_528' title='bbox 1773 3604 1904 3677; x_wconf 88' lang='lat' dir='ltr'><strong>quis</strong></span> <span class='ocrx_word' id='word_1_529' title='bbox 1927 3611 2169 3681; x_wconf 88' lang='lat' dir='ltr'><strong>propter</strong></span> 
     </span>
    </p>
   </div>
   <div class='ocr_carea' id='block_1_75' title="bbox 2253 3592 3861 3683">
    <p class='ocr_par' dir='ltr' id='par_1_75' title="bbox 2258 3592 3861 3683">
     <span class='ocr_line' id='line_1_75' title="bbox 2258 3592 3861 3683; baseline -0.004 -27"><span class='ocrx_word' id='word_1_530' title='bbox 2258 3599 2393 3676; x_wconf 79' lang='grc' dir='ltr'>μηδὲ</span> <span class='ocrx_word' id='word_1_531' title='bbox 2450 3600 2674 3677; x_wconf 79' lang='grc' dir='ltr'>ἀγαθοὺς</span> <span class='ocrx_word' id='word_1_532' title='bbox 2725 3596 2935 3654; x_wconf 86' lang='grc' dir='ltr'>δύναται</span> <span class='ocrx_word' id='word_1_533' title='bbox 2989 3595 3111 3657; x_wconf 79' lang='grc' dir='ltr'>τοὺς</span> <span class='ocrx_word' id='word_1_534' title='bbox 3168 3594 3535 3669; x_wconf 81' lang='grc' dir='ltr'>κεκτημένους</span> <span class='ocrx_word' id='word_1_535' title='bbox 3585 3592 3861 3683; x_wconf 58' lang='grc' dir='ltr'>ἀποτελειν.</span> 
     </span>
    </p>
   </div>
   <div class='ocr_carea' id='block_1_76' title="bbox 526 3692 2171 3773">
    <p class='ocr_par' dir='ltr' id='par_1_76' title="bbox 526 3692 2171 3773">
     <span class='ocr_line' id='line_1_76' title="bbox 526 3692 2171 3773; baseline 0.002 -22"><span class='ocrx_word' id='word_1_536' title='bbox 526 3693 836 3753; x_wconf 89' lang='lat' dir='ltr'><strong>sanitatem</strong></span> <span class='ocrx_word' id='word_1_537' title='bbox 874 3696 1264 3773; x_wconf 88' lang='lat' dir='ltr'><strong>temperans?</strong></span> <span class='ocrx_word' id='word_1_538' title='bbox 1300 3693 1419 3756; x_wconf 81' lang='lat' dir='ltr'><strong>imo</strong></span> <span class='ocrx_word' id='word_1_539' title='bbox 1459 3711 1600 3754; x_wconf 86' lang='lat' dir='ltr'><strong>sane</strong></span> <span class='ocrx_word' id='word_1_540' title='bbox 1635 3692 1759 3752; x_wconf 72' lang='lat' dir='ltr'><strong>haec</strong></span> <span class='ocrx_word' id='word_1_541' title='bbox 1790 3693 1987 3752; x_wconf 89' lang='lat' dir='ltr'><strong>omnia</strong></span> <span class='ocrx_word' id='word_1_542' title='bbox 2020 3693 2171 3754; x_wconf 90' lang='lat' dir='ltr'><strong>male</strong></span> 
     </span>
    </p>
   </div>
   <div class='ocr_carea' id='block_1_77' title="bbox 526 3779 2172 3861">
    <p class='ocr_par' dir='ltr' id='par_1_77' title="bbox 526 3779 2172 3861">
     <span class='ocr_line' id='line_1_77' title="bbox 526 3779 2172 3861; baseline -0.002 -19"><span class='ocrx_word' id='word_1_543' title='bbox 526 3782 831 3842; x_wconf 87' lang='lat' dir='ltr'><strong>utentibus</strong></span> <span class='ocrx_word' id='word_1_544' title='bbox 860 3781 931 3841; x_wconf 93' lang='lat' dir='ltr'><strong>ad</strong></span> <span class='ocrx_word' id='word_1_545' title='bbox 969 3784 1333 3861; x_wconf 80' lang='lat' dir='ltr'><strong>peccandum</strong></span> <span class='ocrx_word' id='word_1_546' title='bbox 1369 3800 1527 3861; x_wconf 73' lang='lat' dir='ltr'><strong>saepe</strong></span> <span class='ocrx_word' id='word_1_547' title='bbox 1576 3780 1920 3842; x_wconf 85' lang='lat' dir='ltr'><strong>inserviunt.</strong></span> <span class='ocrx_word' id='word_1_548' title='bbox 1960 3779 2172 3841; x_wconf 84' lang='lat' dir='ltr'><strong>Beatus</strong></span> 
     </span>
    </p>
   </div>
   <div class='ocr_carea' id='block_1_78' title="bbox 524 3870 2168 3953">
    <p class='ocr_par' dir='ltr' id='par_1_78' title="bbox 524 3870 2168 3953">
     <span class='ocr_line' id='line_1_78' title="bbox 524 3870 2168 3953; baseline 0.001 -23"><span class='ocrx_word' id='word_1_549' title='bbox 524 3870 705 3949; x_wconf 84' lang='lat' dir='ltr'><strong>igitur</strong></span> <span class='ocrx_word' id='word_1_550' title='bbox 758 3871 881 3951; x_wconf 92' lang='lat' dir='ltr'><strong>ille,</strong></span> <span class='ocrx_word' id='word_1_551' title='bbox 920 3872 1021 3952; x_wconf 90' lang='lat' dir='ltr'><strong>qui</strong></span> <span class='ocrx_word' id='word_1_552' title='bbox 1079 3891 1148 3932; x_wconf 90' lang='lat' dir='ltr'><strong>ea</strong></span> <span class='ocrx_word' id='word_1_553' title='bbox 1205 3890 1336 3953; x_wconf 62' lang='lat' dir='ltr'><strong>qua;</strong></span> <span class='ocrx_word' id='word_1_554' title='bbox 1392 3871 1629 3953; x_wconf 89' lang='lat' dir='ltr'><strong>plurimi</strong></span> <span class='ocrx_word' id='word_1_555' title='bbox 1679 3877 1817 3930; x_wconf 90' lang='lat' dir='ltr'><strong>sunt</strong></span> <span class='ocrx_word' id='word_1_556' title='bbox 1875 3870 2168 3947; x_wconf 85' lang='lat' dir='ltr'><strong>habenda,</strong></span> 
     </span>
    </p>
   </div>
   <div class='ocr_carea' id='block_1_79' title="bbox 524 3959 2171 4042">
    <p class='ocr_par' dir='ltr' id='par_1_79' title="bbox 524 3959 2171 4042">
     <span class='ocr_line' id='line_1_79' title="bbox 524 3959 2171 4042; baseline 0.001 -23"><span class='ocrx_word' id='word_1_557' title='bbox 524 3961 808 4040; x_wconf 89' lang='lat' dir='ltr'><strong>possidet,</strong></span> <span class='ocrx_word' id='word_1_558' title='bbox 845 3963 1071 4042; x_wconf 88' lang='lat' dir='ltr'><strong>quique</strong></span> <span class='ocrx_word' id='word_1_559' title='bbox 1094 3980 1465 4041; x_wconf 66' lang='lat' dir='ltr'><strong>eorum,qum</strong></span> <span class='ocrx_word' id='word_1_560' title='bbox 1489 3970 1791 4040; x_wconf 88' lang='lat' dir='ltr'><strong>nequeunt</strong></span> <span class='ocrx_word' id='word_1_561' title='bbox 1813 3959 2171 4031; x_wconf 81' lang='lat' dir='ltr'><strong>auferri,ho-</strong></span> 
     </span>
    </p>
   </div>
   <div class='ocr_carea' id='block_1_80' title="bbox 529 4049 2170 4132">
    <p class='ocr_par' dir='ltr' id='par_1_80' title="bbox 529 4049 2170 4132">
     <span class='ocr_line' id='line_1_80' title="bbox 529 4049 2170 4132; baseline -0.001 -21"><span class='ocrx_word' id='word_1_562' title='bbox 529 4069 739 4111; x_wconf 91' lang='lat' dir='ltr'><strong>norum</strong></span> <span class='ocrx_word' id='word_1_563' title='bbox 774 4052 1071 4132; x_wconf 89' lang='lat' dir='ltr'><strong>particeps</strong></span> <span class='ocrx_word' id='word_1_564' title='bbox 1101 4062 1213 4113; x_wconf 89' lang='lat' dir='ltr'><strong>est.</strong></span> <span class='ocrx_word' id='word_1_565' title='bbox 1248 4052 1363 4115; x_wconf 88' lang='lat' dir='ltr'><strong>Sed</strong></span> <span class='ocrx_word' id='word_1_566' title='bbox 1406 4072 1522 4127; x_wconf 88' lang='lat' dir='ltr'><strong>quo</strong></span> <span class='ocrx_word' id='word_1_567' title='bbox 1558 4059 1726 4131; x_wconf 85' lang='lat' dir='ltr'><strong>pacto</strong></span> <span class='ocrx_word' id='word_1_568' title='bbox 1759 4049 1915 4111; x_wconf 89' lang='lat' dir='ltr'><strong>hunc</strong></span> <span class='ocrx_word' id='word_1_569' title='bbox 1949 4069 2170 4129; x_wconf 83' lang='lat' dir='ltr'><strong>cogno-</strong></span> 
     </span>
    </p>
   </div>
   <div class='ocr_carea' id='block_1_81' title="bbox 526 4138 2176 4220">
    <p class='ocr_par' dir='ltr' id='par_1_81' title="bbox 526 4138 2176 4220">
     <span class='ocr_line' id='line_1_81' title="bbox 526 4138 2176 4220; baseline 0.002 -21"><span class='ocrx_word' id='word_1_570' title='bbox 526 4142 807 4202; x_wconf 86' lang='lat' dir='ltr'><strong>scemus?</strong></span> <span class='ocrx_word' id='word_1_571' title='bbox 834 4140 956 4216; x_wconf 85' lang='lat' dir='ltr'><strong>Qui</strong></span> <span class='ocrx_word' id='word_1_572' title='bbox 986 4159 1103 4203; x_wconf 85' lang='lat' dir='ltr'><strong>non</strong></span> <span class='ocrx_word' id='word_1_573' title='bbox 1148 4142 1304 4203; x_wconf 73' lang='lat' dir='ltr'><strong>abiit</strong></span> <span class='ocrx_word' id='word_1_574' title='bbox 1339 4147 1403 4202; x_wconf 81' lang='lat' dir='ltr'><strong>in</strong></span> <span class='ocrx_word' id='word_1_575' title='bbox 1435 4139 1682 4203; x_wconf 83' lang='lat' dir='ltr'><strong>consilio</strong></span> <span class='ocrx_word' id='word_1_576' title='bbox 1726 4140 2075 4220; x_wconf 76' lang='lat' dir='ltr'><strong>impiarum.</strong></span> <span class='ocrx_word' id='word_1_577' title='bbox 2106 4138 2176 4202; x_wconf 85' lang='lat' dir='ltr'><strong>Et</strong></span> 
     </span>
    </p>
   </div>
   <div class='ocr_carea' id='block_1_82' title="bbox 528 4228 2170 4311">
    <p class='ocr_par' dir='ltr' id='par_1_82' title="bbox 528 4228 2170 4311">
     <span class='ocr_line' id='line_1_82' title="bbox 528 4228 2170 4311; baseline -0.001 -21"><span class='ocrx_word' id='word_1_578' title='bbox 528 4230 872 4310; x_wconf 84' lang='lat' dir='ltr'><strong>priusquam</strong></span> <span class='ocrx_word' id='word_1_579' title='bbox 900 4249 1190 4310; x_wconf 83' lang='lat' dir='ltr'><strong>exponam</strong></span> <span class='ocrx_word' id='word_1_580' title='bbox 1216 4230 1355 4311; x_wconf 89' lang='lat' dir='ltr'><strong>quid</strong></span> <span class='ocrx_word' id='word_1_581' title='bbox 1374 4231 1579 4291; x_wconf 84' lang='lat' dir='ltr'><strong>sitnon</strong></span> <span class='ocrx_word' id='word_1_582' title='bbox 1605 4229 1821 4290; x_wconf 88' lang='lat' dir='ltr'><strong>abiisse</strong></span> <span class='ocrx_word' id='word_1_583' title='bbox 1844 4228 1902 4289; x_wconf 91' lang='lat' dir='ltr'><strong>in</strong></span> <span class='ocrx_word' id='word_1_584' title='bbox 1923 4228 2170 4290; x_wconf 88' lang='lat' dir='ltr'><strong>consilio</strong></span> 
     </span>
    </p>
   </div>
   <div class='ocr_carea' id='block_1_83' title="bbox 532 4317 2172 4401">
    <p class='ocr_par' dir='ltr' id='par_1_83' title="bbox 532 4317 2172 4401">
     <span class='ocr_line' id='line_1_83' title="bbox 532 4317 2172 4401; baseline 0.001 -24"><span class='ocrx_word' id='word_1_585' title='bbox 532 4320 997 4401; x_wconf 89' lang='lat' dir='ltr'><strong>impiorum,loci</strong></span> <span class='ocrx_word' id='word_1_586' title='bbox 1015 4321 1191 4399; x_wconf 84' lang='lat' dir='ltr'><strong>hujus</strong></span> <span class='ocrx_word' id='word_1_587' title='bbox 1204 4320 1588 4401; x_wconf 67' lang='lat' dir='ltr'><strong>quaestionem</strong></span> <span class='ocrx_word' id='word_1_588' title='bbox 1606 4318 1773 4379; x_wconf 88' lang='lat' dir='ltr'><strong>vobis</strong></span> <span class='ocrx_word' id='word_1_589' title='bbox 1785 4319 2013 4379; x_wconf 87' lang='lat' dir='ltr'><strong>solvere</strong></span> <span class='ocrx_word' id='word_1_590' title='bbox 2029 4317 2172 4379; x_wconf 81' lang='lat' dir='ltr'><strong>volo.</strong></span> 
     </span>
    </p>
   </div>
   <div class='ocr_carea' id='block_1_84' title="bbox 528 4407 2173 4491">
    <p class='ocr_par' dir='ltr' id='par_1_84' title="bbox 528 4407 2173 4491">
     <span class='ocr_line' id='line_1_84' title="bbox 528 4407 2173 4491; baseline -0.002 -18"><span class='ocrx_word' id='word_1_591' title='bbox 528 4411 649 4473; x_wconf 88' lang='lat' dir='ltr'><strong>Cur</strong></span> <span class='ocrx_word' id='word_1_592' title='bbox 680 4411 996 4491; x_wconf 86' lang='lat' dir='ltr'><strong>Propheta,</strong></span> <span class='ocrx_word' id='word_1_593' title='bbox 1033 4410 1255 4491; x_wconf 91' lang='lat' dir='ltr'><strong>inquis,</strong></span> <span class='ocrx_word' id='word_1_594' title='bbox 1289 4411 1479 4474; x_wconf 89' lang='lat' dir='ltr'><strong>solum</strong></span> <span class='ocrx_word' id='word_1_595' title='bbox 1528 4409 1828 4470; x_wconf 89' lang='lat' dir='ltr'><strong>hominem</strong></span> <span class='ocrx_word' id='word_1_596' title='bbox 1890 4407 2073 4487; x_wconf 82' lang='lat' dir='ltr'><strong>eligit,</strong></span> <span class='ocrx_word' id='word_1_597' title='bbox 2105 4426 2173 4469; x_wconf 88' lang='lat' dir='ltr'><strong>ac</strong></span> 
     </span>
    </p>
   </div>
   <div class='ocr_carea' id='block_1_85' title="bbox 530 4494 2173 4580">
    <p class='ocr_par' dir='ltr' id='par_1_85' title="bbox 530 4494 2173 4580">
     <span class='ocr_line' id='line_1_85' title="bbox 530 4494 2173 4580; baseline -0.002 -19"><span class='ocrx_word' id='word_1_598' title='bbox 530 4499 809 4580; x_wconf 66' lang='lat' dir='ltr'><strong>praedicat</strong></span> <span class='ocrx_word' id='word_1_599' title='bbox 865 4499 1152 4561; x_wconf 85' lang='lat' dir='ltr'><strong>beatum?</strong></span> <span class='ocrx_word' id='word_1_600' title='bbox 1214 4519 1352 4560; x_wconf 93' lang='lat' dir='ltr'><strong>num</strong></span> <span class='ocrx_word' id='word_1_601' title='bbox 1389 4498 1670 4559; x_wconf 87' lang='lat' dir='ltr'><strong>mulieres</strong></span> <span class='ocrx_word' id='word_1_602' title='bbox 1728 4515 1760 4557; x_wconf 89' lang='lat' dir='ltr'><strong>a</strong></span> <span class='ocrx_word' id='word_1_603' title='bbox 1808 4494 2173 4557; x_wconf 77' lang='lat' dir='ltr'><strong>beatitudine</strong></span> 
     </span>
    </p>
   </div>
   <div class='ocr_carea' id='block_1_86' title="bbox 2255 3678 3861 3768">
    <p class='ocr_par' dir='ltr' id='par_1_86' title="bbox 2255 3678 3861 3768">
     <span class='ocr_line' id='line_1_86' title="bbox 2255 3678 3861 3768; baseline -0.008 -21"><span class='ocrx_word' id='word_1_604' title='bbox 2255 3692 2344 3753; x_wconf 89' lang='grc' dir='ltr'>Τίς</span> <span class='ocrx_word' id='word_1_605' title='bbox 2393 3690 2492 3768; x_wconf 79' lang='grc' dir='ltr'>γὰρ</span> <span class='ocrx_word' id='word_1_606' title='bbox 2550 3687 2748 3749; x_wconf 82' lang='grc' dir='ltr'>δίκαιος</span> <span class='ocrx_word' id='word_1_607' title='bbox 2810 3685 2894 3742; x_wconf 78' lang='grc' dir='ltr'>διὰ</span> <span class='ocrx_word' id='word_1_608' title='bbox 2970 3686 3277 3765; x_wconf 69' lang='grc' dir='ltr'>χρήματας</span> <span class='ocrx_word' id='word_1_609' title='bbox 3354 3684 3432 3748; x_wconf 85' lang='grc' dir='ltr'><strong>τίς</strong></span> <span class='ocrx_word' id='word_1_610' title='bbox 3515 3685 3729 3763; x_wconf 74' lang='grc' dir='ltr'>σώφρων</span> <span class='ocrx_word' id='word_1_611' title='bbox 3790 3678 3861 3735; x_wconf 73' lang='grc' dir='ltr'><strong>διὰ</strong></span> 
     </span>
    </p>
   </div>
   <div class='ocr_carea' id='block_1_87' title="bbox 2254 3771 3861 3857">
    <p class='ocr_par' dir='ltr' id='par_1_87' title="bbox 2254 3771 3861 3857">
     <span class='ocr_line' id='line_1_87' title="bbox 2254 3771 3861 3857; baseline -0.007 -21"><span class='ocrx_word' id='word_1_612' title='bbox 2254 3781 2495 3857; x_wconf 71' lang='grc' dir='ltr'>ῦγίειανς</span> <span class='ocrx_word' id='word_1_613' title='bbox 2531 3778 2838 3837; x_wconf 78' lang='grc' dir='ltr'>Τοῦναντίον</span> <span class='ocrx_word' id='word_1_614' title='bbox 2884 3775 2980 3851; x_wconf 79' lang='grc' dir='ltr'>μὲν</span> <span class='ocrx_word' id='word_1_615' title='bbox 3030 3774 3142 3855; x_wconf 79' lang='grc' dir='ltr'>οὖν,</span> <span class='ocrx_word' id='word_1_616' title='bbox 3195 3776 3284 3830; x_wconf 82' lang='grc' dir='ltr'><strong>καὶ</strong></span> <span class='ocrx_word' id='word_1_617' title='bbox 3324 3775 3588 3853; x_wconf 74' lang='grc' dir='ltr'>ὑπηρεσία</span> <span class='ocrx_word' id='word_1_618' title='bbox 3629 3771 3861 3832; x_wconf 74' lang='grc' dir='ltr'>πολλάκτς</span> 
     </span>
    </p>
   </div>
   <div class='ocr_carea' id='block_1_88' title="bbox 2256 3859 3862 3947">
    <p class='ocr_par' dir='ltr' id='par_1_88' title="bbox 2256 3859 3862 3947">
     <span class='ocr_line' id='line_1_88' title="bbox 2256 3859 3862 3947; baseline -0.007 -22"><span class='ocrx_word' id='word_1_619' title='bbox 2256 3870 2388 3947; x_wconf 81' lang='grc' dir='ltr'>πρὸς</span> <span class='ocrx_word' id='word_1_620' title='bbox 2444 3867 2701 3946; x_wconf 80' lang='grc' dir='ltr'>ἁμαρτίαν</span> <span class='ocrx_word' id='word_1_621' title='bbox 2744 3878 2861 3926; x_wconf 73' lang='grc' dir='ltr'>τοῖς</span> <span class='ocrx_word' id='word_1_622' title='bbox 2918 3868 3099 3927; x_wconf 87' lang='grc' dir='ltr'>κακῶς</span> <span class='ocrx_word' id='word_1_623' title='bbox 3149 3862 3455 3942; x_wconf 84' lang='grc' dir='ltr'>χρωμένοις</span> <span class='ocrx_word' id='word_1_624' title='bbox 3512 3864 3707 3920; x_wconf 84' lang='grc' dir='ltr'>τούτων</span> <span class='ocrx_word' id='word_1_625' title='bbox 3758 3859 3862 3916; x_wconf 70' lang='grc' dir='ltr'>ἕκα-</span> 
     </span>
    </p>
   </div>
   <div class='ocr_carea' id='block_1_89' title="bbox 2255 3950 3859 4036">
    <p class='ocr_par' dir='ltr' id='par_1_89' title="bbox 2255 3950 3859 4036">
     <span class='ocr_line' id='line_1_89' title="bbox 2255 3950 3859 4036; baseline -0.005 -22"><span class='ocrx_word' id='word_1_626' title='bbox 2255 3980 2378 4014; x_wconf 89' lang='grc' dir='ltr'>στον</span> <span class='ocrx_word' id='word_1_627' title='bbox 2407 3958 2630 4036; x_wconf 87' lang='grc' dir='ltr'>γίνεται.</span> <span class='ocrx_word' id='word_1_628' title='bbox 2666 3962 2932 4032; x_wconf 80' lang='grc' dir='ltr'>Μακαριος</span> <span class='ocrx_word' id='word_1_629' title='bbox 2964 3952 3052 4009; x_wconf 85' lang='grc' dir='ltr'><strong>οὗν</strong></span> <span class='ocrx_word' id='word_1_630' title='bbox 3082 3954 3110 4008; x_wconf 77' lang='grc' dir='ltr'>ὁ</span> <span class='ocrx_word' id='word_1_631' title='bbox 3172 3952 3235 4008; x_wconf 79' lang='grc' dir='ltr'>τὰ</span> <span class='ocrx_word' id='word_1_632' title='bbox 3278 3950 3532 4010; x_wconf 87' lang='grc' dir='ltr'>πλείστου</span> <span class='ocrx_word' id='word_1_633' title='bbox 3558 3950 3670 4018; x_wconf 76' lang='grc' dir='ltr'>ἄξια</span> <span class='ocrx_word' id='word_1_634' title='bbox 3696 3968 3859 4012; x_wconf 80' lang='grc' dir='ltr'>κεκτη·</span> 
     </span>
    </p>
   </div>
   <div class='ocr_carea' id='block_1_90' title="bbox 2257 4037 3861 4123">
    <p class='ocr_par' dir='ltr' id='par_1_90' title="bbox 2257 4037 3861 4123">
     <span class='ocr_line' id='line_1_90' title="bbox 2257 4037 3861 4123; baseline -0.008 -20"><span class='ocrx_word' id='word_1_635' title='bbox 2257 4045 2434 4123; x_wconf 84' lang='grc' dir='ltr'>μένος,</span> <span class='ocrx_word' id='word_1_636' title='bbox 2486 4048 2514 4103; x_wconf 85' lang='grc' dir='ltr'>ὁ</span> <span class='ocrx_word' id='word_1_637' title='bbox 2570 4046 2676 4102; x_wconf 86' lang='grc' dir='ltr'><strong>τῶν</strong></span> <span class='ocrx_word' id='word_1_638' title='bbox 2734 4043 3095 4122; x_wconf 72' lang='grc' dir='ltr'>ἀναφαιρέτων</span> <span class='ocrx_word' id='word_1_639' title='bbox 3138 4042 3349 4121; x_wconf 80' lang='grc' dir='ltr'>ἀγαθῶν</span> <span class='ocrx_word' id='word_1_640' title='bbox 3403 4042 3666 4122; x_wconf 86' lang='grc' dir='ltr'>μέτοχος.</span> <span class='ocrx_word' id='word_1_641' title='bbox 3694 4037 3861 4098; x_wconf 73' lang='grc' dir='ltr'>Τοῦτον</span> 
     </span>
    </p>
   </div>
   <div class='ocr_carea' id='block_1_91' title="bbox 2255 4123 3859 4215">
    <p class='ocr_par' dir='ltr' id='par_1_91' title="bbox 2255 4123 3859 4215">
     <span class='ocr_line' id='line_1_91' title="bbox 2255 4123 3859 4215; baseline -0.007 -24"><span class='ocrx_word' id='word_1_642' title='bbox 2255 4134 2309 4192; x_wconf 72' lang='grc' dir='ltr'><strong>δὲ</strong></span> <span class='ocrx_word' id='word_1_643' title='bbox 2341 4144 2456 4201; x_wconf 90' lang='grc' dir='ltr'><strong>πῶς</strong></span> <span class='ocrx_word' id='word_1_644' title='bbox 2488 4135 2889 4215; x_wconf 75' lang='grc' dir='ltr'>ἐπιγνωσὸμεθα</span> <span class='ocrx_word' id='word_1_645' title='bbox 2922 4152 2939 4205; x_wconf 87' lang='lat'><strong>;</strong></span> <span class='ocrx_word' id='word_1_646' title='bbox 2973 4130 3089 4194; x_wconf 80' lang='grc' dir='ltr'><strong>’Ὦς</strong></span> <span class='ocrx_word' id='word_1_647' title='bbox 3147 4133 3242 4188; x_wconf 76' lang='grc' dir='ltr'><strong>οῦκ</strong></span> <span class='ocrx_word' id='word_1_648' title='bbox 3294 4131 3556 4211; x_wconf 77' lang='grc' dir='ltr'>ἐπορεύθη</span> <span class='ocrx_word' id='word_1_649' title='bbox 3612 4130 3665 4186; x_wconf 73' lang='grc' dir='ltr'>ἐν</span> <span class='ocrx_word' id='word_1_650' title='bbox 3719 4123 3859 4204; x_wconf 80' lang='grc' dir='ltr'>βουλῇ</span> 
     </span>
    </p>
   </div>
   <div class='ocr_carea' id='block_1_92' title="bbox 2255 4217 3855 4302">
    <p class='ocr_par' dir='ltr' id='par_1_92' title="bbox 2255 4217 3855 4302">
     <span class='ocr_line' id='line_1_92' title="bbox 2255 4217 3855 4302; baseline -0.01 -19"><span class='ocrx_word' id='word_1_651' title='bbox 2255 4224 2482 4286; x_wconf 83' lang='grc' dir='ltr'>ἀσεϐῶν.</span> <span class='ocrx_word' id='word_1_652' title='bbox 2542 4227 2639 4283; x_wconf 79' lang='grc' dir='ltr'><strong>Καὶ</strong></span> <span class='ocrx_word' id='word_1_653' title='bbox 2695 4225 2814 4302; x_wconf 83' lang='grc' dir='ltr'>πρίν</span> <span class='ocrx_word' id='word_1_654' title='bbox 2869 4242 2929 4300; x_wconf 87' lang='grc' dir='ltr'><strong>γε</strong></span> <span class='ocrx_word' id='word_1_655' title='bbox 2991 4223 3186 4301; x_wconf 73' lang='grc' dir='ltr'>εἰπεῖν,</span> <span class='ocrx_word' id='word_1_656' title='bbox 3246 4222 3295 4277; x_wconf 88' lang='grc' dir='ltr'><strong>τί</strong></span> <span class='ocrx_word' id='word_1_657' title='bbox 3349 4222 3411 4277; x_wconf 76' lang='grc' dir='ltr'>τὸ</span> <span class='ocrx_word' id='word_1_658' title='bbox 3464 4222 3542 4293; x_wconf 77' lang='grc' dir='ltr'>μὴ</span> <span class='ocrx_word' id='word_1_659' title='bbox 3573 4217 3855 4297; x_wconf 76' lang='grc' dir='ltr'>πορευθῆναι</span> 
     </span>
    </p>
   </div>
   <div class='ocr_carea' id='block_1_93' title="bbox 2252 4310 3859 4391">
    <p class='ocr_par' dir='ltr' id='par_1_93' title="bbox 2252 4310 3859 4391">
     <span class='ocr_line' id='line_1_93' title="bbox 2252 4310 3859 4391; baseline -0.001 -21"><span class='ocrx_word' id='word_1_660' title='bbox 2252 4317 2308 4371; x_wconf 77' lang='grc' dir='ltr'>ἒν</span> <span class='ocrx_word' id='word_1_661' title='bbox 2337 4313 2504 4391; x_wconf 86' lang='grc' dir='ltr'>βουλῇ</span> <span class='ocrx_word' id='word_1_662' title='bbox 2553 4310 2782 4386; x_wconf 80' lang='grc' dir='ltr'>ἀσεϐῶν,</span> <span class='ocrx_word' id='word_1_663' title='bbox 2828 4310 3087 4389; x_wconf 81' lang='grc' dir='ltr'>βούλομαι</span> <span class='ocrx_word' id='word_1_664' title='bbox 3145 4311 3275 4385; x_wconf 75' lang='grc' dir='ltr'>ὑμῖν</span> <span class='ocrx_word' id='word_1_665' title='bbox 3310 4311 3371 4367; x_wconf 78' lang='grc' dir='ltr'>τὸ</span> <span class='ocrx_word' id='word_1_666' title='bbox 3421 4310 3478 4367; x_wconf 82' lang='grc' dir='ltr'>ἐν</span> <span class='ocrx_word' id='word_1_667' title='bbox 3521 4316 3596 4385; x_wconf 81' lang='grc' dir='ltr'>τῷ</span> <span class='ocrx_word' id='word_1_668' title='bbox 3623 4310 3759 4380; x_wconf 78' lang='grc' dir='ltr'>τὸπῳ</span> <span class='ocrx_word' id='word_1_669' title='bbox 3783 4311 3859 4374; x_wconf 66' lang='lat' dir='ltr'><strong>Cn-</strong></span> 
     </span>
    </p>
   </div>
   <div class='ocr_carea' id='block_1_94' title="bbox 2254 4393 3858 4479">
    <p class='ocr_par' dir='ltr' id='par_1_94' title="bbox 2254 4393 3858 4479">
     <span class='ocr_line' id='line_1_94' title="bbox 2254 4393 3858 4479; baseline -0.007 -20"><span class='ocrx_word' id='word_1_670' title='bbox 2254 4405 2506 4479; x_wconf 82' lang='grc' dir='ltr'>τούμενον</span> <span class='ocrx_word' id='word_1_671' title='bbox 2555 4401 2820 4463; x_wconf 81' lang='grc' dir='ltr'>διαλῦσαι.</span> <span class='ocrx_word' id='word_1_672' title='bbox 2880 4400 2977 4456; x_wconf 90' lang='grc' dir='ltr'>Διά</span> <span class='ocrx_word' id='word_1_673' title='bbox 3020 4399 3093 4473; x_wconf 87' lang='grc' dir='ltr'><strong>τί,</strong></span> <span class='ocrx_word' id='word_1_674' title='bbox 3159 4400 3345 4479; x_wconf 70' lang='grc' dir='ltr'>φησὶν,</span> <span class='ocrx_word' id='word_1_675' title='bbox 3404 4401 3434 4456; x_wconf 83' lang='grc' dir='ltr'>ὁ</span> <span class='ocrx_word' id='word_1_676' title='bbox 3491 4400 3754 4479; x_wconf 62' lang='grc' dir='ltr'>προφήτης</span> <span class='ocrx_word' id='word_1_677' title='bbox 3782 4393 3858 4448; x_wconf 79' lang='grc' dir='ltr'><strong>τὸν</strong></span> 
     </span>
    </p>
   </div>
   <div class='ocr_carea' id='block_1_95' title="bbox 2255 4486 3855 4572">
    <p class='ocr_par' dir='ltr' id='par_1_95' title="bbox 2255 4486 3855 4572">
     <span class='ocr_line' id='line_1_95' title="bbox 2255 4486 3855 4572; baseline -0.007 -25"><span class='ocrx_word' id='word_1_678' title='bbox 2255 4491 2414 4572; x_wconf 76' lang='grc' dir='ltr'>ἄνδρα</span> <span class='ocrx_word' id='word_1_679' title='bbox 2474 4492 2635 4568; x_wconf 88' lang='grc' dir='ltr'>μόνον</span> <span class='ocrx_word' id='word_1_680' title='bbox 2688 4489 3032 4565; x_wconf 76' lang='grc' dir='ltr'>ἐκλεξάμενος</span> <span class='ocrx_word' id='word_1_681' title='bbox 3091 4489 3420 4567; x_wconf 73' lang='grc' dir='ltr'>μακαρίζεις</span> <span class='ocrx_word' id='word_1_682' title='bbox 3496 4491 3594 4568; x_wconf 85' lang='grc' dir='ltr'>ἆρα</span> <span class='ocrx_word' id='word_1_683' title='bbox 3659 4486 3730 4562; x_wconf 76' lang='grc' dir='ltr'>μὴ</span> <span class='ocrx_word' id='word_1_684' title='bbox 3779 4486 3855 4572; x_wconf 73' lang='grc' dir='ltr'><strong>τοῦ</strong></span> 
     </span>
    </p>
   </div>
   <div class='ocr_carea' id='block_1_96' title="bbox 528 4566 2169 4661">
    <p class='ocr_par' dir='ltr' id='par_1_96' title="bbox 528 4566 2169 4651">
     <span class='ocr_line' id='line_1_96' title="bbox 528 4566 2169 4651; baseline -0.002 -2"><span class='ocrx_word' id='word_1_685' title='bbox 528 4566 779 4651; x_wconf 76' lang='lat' dir='ltr'><strong>exclusit</strong></span> <span class='ocrx_word' id='word_1_686' title='bbox 801 4594 828 4651; x_wconf 88' lang='lat'><strong>?</strong></span> <span class='ocrx_word' id='word_1_687' title='bbox 852 4589 1023 4650; x_wconf 87' lang='lat' dir='ltr'><strong>Absit</strong></span> <span class='ocrx_word' id='word_1_688' title='bbox 1046 4595 1058 4650; x_wconf 75' lang='grc' dir='ltr'><strong>ι</strong></span> <span class='ocrx_word' id='word_1_689' title='bbox 1082 4588 1398 4650; x_wconf 88' lang='lat' dir='ltr'><strong>Enimvero</strong></span> <span class='ocrx_word' id='word_1_690' title='bbox 1431 4587 1539 4648; x_wconf 83' lang='lat' dir='ltr'><strong>viri</strong></span> <span class='ocrx_word' id='word_1_691' title='bbox 1572 4595 1628 4648; x_wconf 89' lang='lat' dir='ltr'><strong>et</strong></span> <span class='ocrx_word' id='word_1_692' title='bbox 1662 4584 1925 4646; x_wconf 91' lang='lat' dir='ltr'><strong>mulieris</strong></span> <span class='ocrx_word' id='word_1_693' title='bbox 1949 4603 2062 4646; x_wconf 90' lang='lat' dir='ltr'><strong>una</strong></span> <span class='ocrx_word' id='word_1_694' title='bbox 2084 4594 2169 4645; x_wconf 73' lang='lat' dir='ltr'><strong>est</strong></span> 
     </span>
    </p>
   </div>
   <div class='ocr_carea' id='block_1_97' title="bbox 2253 4566 3851 4661">
    <p class='ocr_par' dir='ltr' id='par_1_97' title="bbox 2254 4566 3851 4661">
     <span class='ocr_line' id='line_1_97' title="bbox 2254 4566 3851 4661; baseline -0.008 -22"><span class='ocrx_word' id='word_1_695' title='bbox 2254 4566 2591 4661; x_wconf 76' lang='grc' dir='ltr'>μακαρισμοῦ</span> <span class='ocrx_word' id='word_1_696' title='bbox 2643 4581 2737 4644; x_wconf 80' lang='grc' dir='ltr'><strong>τὰς</strong></span> <span class='ocrx_word' id='word_1_697' title='bbox 2796 4591 3053 4659; x_wconf 82' lang='grc' dir='ltr'>γυναῖκας</span> <span class='ocrx_word' id='word_1_698' title='bbox 3108 4576 3441 4655; x_wconf 82' lang='grc' dir='ltr'>ἀπέκλεισε;</span> <span class='ocrx_word' id='word_1_699' title='bbox 3501 4566 3587 4645; x_wconf 63' lang='lat' dir='ltr'><strong>bin</strong></span> <span class='ocrx_word' id='word_1_700' title='bbox 3636 4566 3851 4661; x_wconf 65' lang='grc' dir='ltr'>γένοιτοί</span> 
     </span>
    </p>
   </div>
   <div class='ocr_carea' id='block_1_98' title="bbox 526 4675 2172 4760">
    <p class='ocr_par' dir='ltr' id='par_1_98' title="bbox 526 4675 2172 4760">
     <span class='ocr_line' id='line_1_98' title="bbox 526 4675 2172 4760; baseline -0.002 -21"><span class='ocrx_word' id='word_1_701' title='bbox 526 4680 731 4741; x_wconf 82' lang='lat' dir='ltr'><strong>virtus:</strong></span> <span class='ocrx_word' id='word_1_702' title='bbox 759 4678 1239 4760; x_wconf 88' lang='lat' dir='ltr'><strong>quandoquidem</strong></span> <span class='ocrx_word' id='word_1_703' title='bbox 1259 4678 1795 4758; x_wconf 73' lang='lat' dir='ltr'><strong>utriusquecreotio</strong></span> <span class='ocrx_word' id='word_1_704' title='bbox 1816 4675 2042 4735; x_wconf 91' lang='lat' dir='ltr'><strong>honore</strong></span> <span class='ocrx_word' id='word_1_705' title='bbox 2070 4693 2172 4755; x_wconf 87' lang='lat' dir='ltr'><strong>par</strong></span> 
     </span>
    </p>
   </div>
   <div class='ocr_carea' id='block_1_99' title="bbox 528 4764 2166 4849">
    <p class='ocr_par' dir='ltr' id='par_1_99' title="bbox 528 4764 2166 4849">
     <span class='ocr_line' id='line_1_99' title="bbox 528 4764 2166 4849; baseline -0.005 -20"><span class='ocrx_word' id='word_1_706' title='bbox 528 4780 715 4843; x_wconf 86' lang='lat' dir='ltr'><strong>est,ac</strong></span> <span class='ocrx_word' id='word_1_707' title='bbox 730 4767 982 4849; x_wconf 85' lang='lat' dir='ltr'><strong>proinde</strong></span> <span class='ocrx_word' id='word_1_708' title='bbox 1005 4774 1307 4849; x_wconf 89' lang='lat' dir='ltr'><strong>utriusque</strong></span> <span class='ocrx_word' id='word_1_709' title='bbox 1321 4785 1557 4847; x_wconf 86' lang='lat' dir='ltr'><strong>quoque</strong></span> <span class='ocrx_word' id='word_1_710' title='bbox 1574 4783 1803 4827; x_wconf 89' lang='lat' dir='ltr'><strong>merces</strong></span> <span class='ocrx_word' id='word_1_711' title='bbox 1826 4773 1913 4824; x_wconf 89' lang='lat' dir='ltr'><strong>est</strong></span> <span class='ocrx_word' id='word_1_712' title='bbox 1935 4764 2166 4824; x_wconf 88' lang='lat' dir='ltr'><strong>eadem.</strong></span> 
     </span>
    </p>
   </div>
   <div class='ocr_carea' id='block_1_100' title="bbox 529 4851 2173 4934">
    <p class='ocr_par' dir='ltr' id='par_1_100' title="bbox 529 4851 2173 4934">
     <span class='ocr_line' id='line_1_100' title="bbox 529 4851 2173 4934; baseline -0.003 -13"><span class='ocrx_word' id='word_1_713' title='bbox 529 4857 689 4921; x_wconf 82' lang='lat' dir='ltr'><strong>Audi</strong></span> <span class='ocrx_word' id='word_1_714' title='bbox 720 4857 1041 4921; x_wconf 88' lang='lat' dir='ltr'><strong>Geuesim:</strong></span> <span class='ocrx_word' id='word_1_715' title='bbox 1077 4858 1249 4921; x_wconf 82' lang='lat' dir='ltr'><strong>Fecit</strong></span> <span class='ocrx_word' id='word_1_716' title='bbox 1282 4858 1438 4920; x_wconf 87' lang='lat' dir='ltr'><strong>Deus</strong></span> <span class='ocrx_word' id='word_1_717' title='bbox 1467 4859 1794 4929; x_wconf 75' lang='lat' dir='ltr'><strong>hominem,</strong></span> <span class='ocrx_word' id='word_1_718' title='bbox 1831 4851 2021 4934; x_wconf 89' lang='lat' dir='ltr'><strong>inquit</strong></span> <span class='ocrx_word' id='word_1_719' title='bbox 2048 4874 2063 4934; x_wconf 87' lang='lat'><strong>;</strong></span> <span class='ocrx_word' id='word_1_720' title='bbox 2095 4854 2173 4916; x_wconf 84' lang='lat' dir='ltr'><strong>ad</strong></span> 
     </span>
    </p>
   </div>
   <div class='ocr_carea' id='block_1_101' title="bbox 602 5016 1042 5101">
    <p class='ocr_par' dir='ltr' id='par_1_101' title="bbox 602 5016 1042 5101">
     <span class='ocr_line' id='line_1_101' title="bbox 602 5016 1042 5101; baseline -0.007 -20"><span class='ocrx_word' id='word_1_721' title='bbox 602 5019 658 5068; x_wconf 66' lang='lat'><strong>3&#39;</strong></span> <span class='ocrx_word' id='word_1_722' title='bbox 695 5016 808 5081; x_wconf 80' lang='lat' dir='ltr'><strong>Tit.</strong></span> <span class='ocrx_word' id='word_1_723' title='bbox 842 5036 911 5101; x_wconf 85' lang='lat' dir='ltr'><strong>lt,</strong></span> <span class='ocrx_word' id='word_1_724' title='bbox 947 5018 1042 5080; x_wconf 87' lang='grc'><strong>13.</strong></span> 
     </span>
    </p>
   </div>
   <div class='ocr_carea' id='block_1_102' title="bbox 616 5175 1726 5255">
    <p class='ocr_par' dir='ltr' id='par_1_102' title="bbox 616 5175 1726 5255">
     <span class='ocr_line' id='line_1_102' title="bbox 616 5175 1726 5255; baseline -0.002 -17"><span class='ocrx_word' id='word_1_725' title='bbox 616 5177 737 5253; x_wconf 70' lang='grc'><strong>(98)</strong></span> <span class='ocrx_word' id='word_1_726' title='bbox 774 5176 1152 5238; x_wconf 84' lang='lat' dir='ltr'><strong>Colbertinus</strong></span> <span class='ocrx_word' id='word_1_727' title='bbox 1177 5194 1331 5237; x_wconf 91' lang='lat' dir='ltr'><strong>unus</strong></span> <span class='ocrx_word' id='word_1_728' title='bbox 1357 5175 1726 5255; x_wconf 76' lang='grc' dir='ltr'>ὖποφέρωμεν.</span> 
     </span>
    </p>
   </div>
   <div class='ocr_carea' id='block_1_103' title="bbox 619 5254 2171 5335">
    <p class='ocr_par' dir='ltr' id='par_1_103' title="bbox 619 5254 2171 5335">
     <span class='ocr_line' id='line_1_103' title="bbox 619 5254 2171 5335; baseline -0.003 -16"><span class='ocrx_word' id='word_1_729' title='bbox 619 5256 743 5334; x_wconf 75' lang='lat'><strong>(99)</strong></span> <span class='ocrx_word' id='word_1_730' title='bbox 781 5260 893 5319; x_wconf 87' lang='lat' dir='ltr'><strong>Pro</strong></span> <span class='ocrx_word' id='word_1_731' title='bbox 916 5257 1078 5314; x_wconf 70' lang='grc' dir='ltr'>ὐποκ)</span> <span class='ocrx_word' id='word_1_732' title='bbox 1091 5258 1234 5312; x_wconf 85' lang='grc' dir='ltr'>έπτει</span> <span class='ocrx_word' id='word_1_733' title='bbox 1268 5255 1549 5318; x_wconf 86' lang='lat' dir='ltr'><strong>scribitur</strong></span> <span class='ocrx_word' id='word_1_734' title='bbox 1569 5254 1923 5335; x_wconf 88' lang='lat' dir='ltr'><strong>simpliciter</strong></span> <span class='ocrx_word' id='word_1_735' title='bbox 1951 5254 2010 5315; x_wconf 91' lang='lat' dir='ltr'><strong>in</strong></span> <span class='ocrx_word' id='word_1_736' title='bbox 2036 5254 2171 5315; x_wconf 83' lang='lat' dir='ltr'><strong>(luo-</strong></span> 
     </span>
    </p>
   </div>
   <div class='ocr_carea' id='block_1_104' title="bbox 534 5335 1085 5399">
    <p class='ocr_par' dir='ltr' id='par_1_104' title="bbox 534 5335 1085 5399">
     <span class='ocr_line' id='line_1_104' title="bbox 534 5335 1085 5399; baseline -0.009 -2"><span class='ocrx_word' id='word_1_737' title='bbox 534 5335 643 5397; x_wconf 87' lang='lat' dir='ltr'><strong>bus</strong></span> <span class='ocrx_word' id='word_1_738' title='bbox 676 5354 817 5399; x_wconf 91' lang='lat' dir='ltr'><strong>mss.</strong></span> <span class='ocrx_word' id='word_1_739' title='bbox 846 5338 1085 5399; x_wconf 77' lang='grc' dir='ltr'>κλέπτει,</span> 
     </span>
    </p>
   </div>
   <div class='ocr_carea' id='block_1_105' title="bbox 611 5416 1502 5493">
    <p class='ocr_par' dir='ltr' id='par_1_105' title="bbox 611 5416 1502 5493">
     <span class='ocr_line' id='line_1_105' title="bbox 611 5416 1502 5493; baseline -0.003 -18"><span class='ocrx_word' id='word_1_740' title='bbox 611 5421 701 5491; x_wconf 71' lang='grc'><strong>(1)</strong></span> <span class='ocrx_word' id='word_1_741' title='bbox 724 5416 915 5478; x_wconf 82' lang='lat' dir='ltr'><strong>Codex</strong></span> <span class='ocrx_word' id='word_1_742' title='bbox 948 5437 1100 5477; x_wconf 82' lang='lat' dir='ltr'><strong>Unus</strong></span> <span class='ocrx_word' id='word_1_743' title='bbox 1127 5416 1502 5493; x_wconf 71' lang='grc' dir='ltr'>προεϐάλλετο.</span> 
     </span>
    </p>
   </div>
   <div class='ocr_carea' id='block_1_106' title="bbox 614 5495 2148 5574">
    <p class='ocr_par' dir='ltr' id='par_1_106' title="bbox 614 5495 2148 5574">
     <span class='ocr_line' id='line_1_106' title="bbox 614 5495 2148 5574; baseline -0.003 -16"><span class='ocrx_word' id='word_1_744' title='bbox 614 5496 706 5574; x_wconf 51' lang='grc'><strong>(2)</strong></span> <span class='ocrx_word' id='word_1_745' title='bbox 735 5496 928 5558; x_wconf 86' lang='lat' dir='ltr'><strong>Editio</strong></span> <span class='ocrx_word' id='word_1_746' title='bbox 962 5498 1151 5559; x_wconf 84' lang='lat' dir='ltr'><strong>Paris.</strong></span> <span class='ocrx_word' id='word_1_747' title='bbox 1181 5506 1285 5553; x_wconf 88' lang='grc' dir='ltr'><strong>τῶν</strong></span> <span class='ocrx_word' id='word_1_748' title='bbox 1316 5499 1681 5572; x_wconf 72' lang='grc' dir='ltr'>ἀποκειμένων</span> <span class='ocrx_word' id='word_1_749' title='bbox 1714 5495 1945 5572; x_wconf 85' lang='grc' dir='ltr'>ἀγαθῶν.</span> <span class='ocrx_word' id='word_1_750' title='bbox 1983 5496 2057 5556; x_wconf 82' lang='grc' dir='ltr'>Αι</span> <span class='ocrx_word' id='word_1_751' title='bbox 2080 5514 2148 5555; x_wconf 86' lang='lat' dir='ltr'><strong>va</strong></span> 
     </span>
    </p>
   </div>
   <div class='ocr_carea' id='block_1_107' title="bbox 531 5574 2171 5658">
    <p class='ocr_par' dir='ltr' id='par_1_107' title="bbox 531 5574 2171 5658">
     <span class='ocr_line' id='line_1_107' title="bbox 531 5574 2171 5658; baseline -0.003 -20"><span class='ocrx_word' id='word_1_752' title='bbox 531 5576 686 5638; x_wconf 88' lang='lat' dir='ltr'><strong>riant</strong></span> <span class='ocrx_word' id='word_1_753' title='bbox 712 5576 847 5637; x_wconf 89' lang='lat' dir='ltr'><strong>libri</strong></span> <span class='ocrx_word' id='word_1_754' title='bbox 870 5595 1040 5637; x_wconf 91' lang='lat' dir='ltr'><strong>mrnu</strong></span> <span class='ocrx_word' id='word_1_755' title='bbox 1063 5578 1308 5655; x_wconf 77' lang='lat' dir='ltr'><strong>exarati,</strong></span> <span class='ocrx_word' id='word_1_756' title='bbox 1334 5596 1586 5658; x_wconf 91' lang='lat' dir='ltr'><strong>quorum</strong></span> <span class='ocrx_word' id='word_1_757' title='bbox 1606 5579 1663 5658; x_wconf 89' lang='lat' dir='ltr'><strong>in</strong></span> <span class='ocrx_word' id='word_1_758' title='bbox 1687 5574 2045 5658; x_wconf 79' lang='lat' dir='ltr'><strong>aliislegitur</strong></span> <span class='ocrx_word' id='word_1_759' title='bbox 2065 5579 2171 5658; x_wconf 53' lang='grc' dir='ltr'>τῷν</span> 
     </span>
    </p>
   </div>
   <div class='ocr_carea' id='block_1_108' title="bbox 531 5654 2170 5735">
    <p class='ocr_par' dir='ltr' id='par_1_108' title="bbox 531 5654 2170 5735">
     <span class='ocr_line' id='line_1_108' title="bbox 531 5654 2170 5735; baseline 0.002 -22"><span class='ocrx_word' id='word_1_760' title='bbox 531 5658 898 5730; x_wconf 83' lang='grc' dir='ltr'>ἀποκειμένων</span> <span class='ocrx_word' id='word_1_761' title='bbox 932 5658 1152 5714; x_wconf 81' lang='grc' dir='ltr'>αἰωνίων</span> <span class='ocrx_word' id='word_1_762' title='bbox 1181 5654 1391 5734; x_wconf 44' lang='grc' dir='ltr'>ἀγαθῶ-ν</span> <span class='ocrx_word' id='word_1_763' title='bbox 1420 5675 1432 5688; x_wconf 94' lang='grc'><strong>·</strong></span> <span class='ocrx_word' id='word_1_764' title='bbox 1488 5658 1549 5718; x_wconf 85' lang='lat' dir='ltr'><strong>in</strong></span> <span class='ocrx_word' id='word_1_765' title='bbox 1605 5657 1735 5719; x_wconf 88' lang='lat' dir='ltr'><strong>aliis</strong></span> <span class='ocrx_word' id='word_1_766' title='bbox 1766 5672 1905 5735; x_wconf 87' lang='lat' dir='ltr'><strong>vero</strong></span> <span class='ocrx_word' id='word_1_767' title='bbox 1935 5654 2170 5735; x_wconf 87' lang='lat' dir='ltr'><strong>simpli-</strong></span> 
     </span>
    </p>
   </div>
   <div class='ocr_carea' id='block_1_109' title="bbox 531 5734 2169 5817">
    <p class='ocr_par' dir='ltr' id='par_1_109' title="bbox 531 5734 2169 5817">
     <span class='ocr_line' id='line_1_109' title="bbox 531 5734 2169 5817; baseline -0.002 -17"><span class='ocrx_word' id='word_1_768' title='bbox 531 5738 656 5800; x_wconf 87' lang='lat' dir='ltr'><strong>cius</strong></span> <span class='ocrx_word' id='word_1_769' title='bbox 680 5745 784 5795; x_wconf 83' lang='grc' dir='ltr'><strong>τῶν</strong></span> <span class='ocrx_word' id='word_1_770' title='bbox 816 5740 1036 5795; x_wconf 77' lang='grc' dir='ltr'>αἰωνίων</span> <span class='ocrx_word' id='word_1_771' title='bbox 1069 5738 1306 5817; x_wconf 69' lang='grc' dir='ltr'>ἀγαθῶν·</span> <span class='ocrx_word' id='word_1_772' title='bbox 1345 5746 1402 5817; x_wconf 82' lang='lat' dir='ltr'><strong>et</strong></span> <span class='ocrx_word' id='word_1_773' title='bbox 1432 5737 1512 5817; x_wconf 82' lang='lat' dir='ltr'><strong>ita</strong></span> <span class='ocrx_word' id='word_1_774' title='bbox 1538 5736 1853 5817; x_wconf 83' lang='lat' dir='ltr'><strong>scripsisse</strong></span> <span class='ocrx_word' id='word_1_775' title='bbox 1882 5734 2169 5817; x_wconf 76' lang='lat' dir='ltr'><strong>Basiliam</strong></span> 
     </span>
    </p>
   </div>
   <div class='ocr_carea' id='block_1_110' title="bbox 531 5815 2166 5898">
    <p class='ocr_par' dir='ltr' id='par_1_110' title="bbox 531 5815 2166 5898">
     <span class='ocr_line' id='line_1_110' title="bbox 531 5815 2166 5898; baseline -0.002 -15"><span class='ocrx_word' id='word_1_776' title='bbox 531 5826 834 5898; x_wconf 71' lang='lat' dir='ltr'><strong>putamus,</strong></span> <span class='ocrx_word' id='word_1_777' title='bbox 863 5836 939 5881; x_wconf 92' lang='lat' dir='ltr'><strong>ne</strong></span> <span class='ocrx_word' id='word_1_778' title='bbox 961 5815 1135 5881; x_wconf 84' lang='lat' dir='ltr'><strong>voces</strong></span> <span class='ocrx_word' id='word_1_779' title='bbox 1156 5815 1218 5879; x_wconf 92' lang='lat' dir='ltr'><strong>in</strong></span> <span class='ocrx_word' id='word_1_780' title='bbox 1233 5839 1307 5875; x_wconf 77' lang='grc' dir='ltr'><strong>ων</strong></span> <span class='ocrx_word' id='word_1_781' title='bbox 1343 5815 1687 5882; x_wconf 77' lang='lat' dir='ltr'><strong>desinentes</strong></span> <span class='ocrx_word' id='word_1_782' title='bbox 1712 5815 1930 5881; x_wconf 70' lang='lat' dir='ltr'><strong>frustra</strong></span> <span class='ocrx_word' id='word_1_783' title='bbox 1958 5815 2166 5881; x_wconf 87' lang='lat' dir='ltr'><strong>multi-</strong></span> 
     </span>
    </p>
   </div>
   <div class='ocr_carea' id='block_1_111' title="bbox 2254 4658 3849 4751">
    <p class='ocr_par' dir='ltr' id='par_1_111' title="bbox 2254 4658 3849 4751">
     <span class='ocr_line' id='line_1_111' title="bbox 2254 4658 3849 4751; baseline -0.006 -25"><span class='ocrx_word' id='word_1_784' title='bbox 2254 4671 2357 4726; x_wconf 82' lang='grc' dir='ltr'>Μία</span> <span class='ocrx_word' id='word_1_785' title='bbox 2402 4658 2501 4750; x_wconf 73' lang='grc' dir='ltr'><strong>γὰρ</strong></span> <span class='ocrx_word' id='word_1_786' title='bbox 2558 4670 2722 4751; x_wconf 76' lang='grc' dir='ltr'>ἀρετὴ</span> <span class='ocrx_word' id='word_1_787' title='bbox 2782 4668 2964 4745; x_wconf 78' lang='grc' dir='ltr'>ἀνδρὸς</span> <span class='ocrx_word' id='word_1_788' title='bbox 3022 4667 3111 4724; x_wconf 86' lang='grc' dir='ltr'><strong>καὶ</strong></span> <span class='ocrx_word' id='word_1_789' title='bbox 3163 4669 3438 4749; x_wconf 77' lang='grc' dir='ltr'>γυναικὸς,</span> <span class='ocrx_word' id='word_1_790' title='bbox 3496 4663 3671 4731; x_wconf 68' lang='grc' dir='ltr'>ἐπειδὴ</span> <span class='ocrx_word' id='word_1_791' title='bbox 3720 4658 3849 4724; x_wconf 65' lang='lat' dir='ltr'><strong>xiiii</strong></span> 
     </span>
    </p>
   </div>
   <div class='ocr_carea' id='block_1_112' title="bbox 2251 4750 3851 4842">
    <p class='ocr_par' dir='ltr' id='par_1_112' title="bbox 2251 4750 3851 4842">
     <span class='ocr_line' id='line_1_112' title="bbox 2251 4750 3851 4842; baseline -0.007 -27"><span class='ocrx_word' id='word_1_792' title='bbox 2251 4760 2419 4825; x_wconf 87' lang='grc' dir='ltr'>κτίσις</span> <span class='ocrx_word' id='word_1_793' title='bbox 2450 4759 2768 4842; x_wconf 73' lang='grc' dir='ltr'>ἀμφοτέροις</span> <span class='ocrx_word' id='word_1_794' title='bbox 2826 4758 3105 4834; x_wconf 81' lang='grc' dir='ltr'>ὁμότιμος,</span> <span class='ocrx_word' id='word_1_795' title='bbox 3152 4755 3291 4813; x_wconf 80' lang='grc' dir='ltr'>ὥστε</span> <span class='ocrx_word' id='word_1_796' title='bbox 3340 4759 3429 4815; x_wconf 88' lang='grc' dir='ltr'><strong>καὶ</strong></span> <span class='ocrx_word' id='word_1_797' title='bbox 3456 4760 3486 4814; x_wconf 77' lang='grc' dir='ltr'>δ</span> <span class='ocrx_word' id='word_1_798' title='bbox 3529 4755 3704 4832; x_wconf 78' lang='grc' dir='ltr'>μισθὸς</span> <span class='ocrx_word' id='word_1_799' title='bbox 3728 4753 3751 4842; x_wconf 68' lang='grc' dir='ltr'><strong>ο</strong></span> <span class='ocrx_word' id='word_1_800' title='bbox 3779 4750 3851 4805; x_wconf 72' lang='grc' dir='ltr'><strong>αὖ·</strong></span> 
     </span>
    </p>
   </div>
   <div class='ocr_carea' id='block_1_113' title="bbox 2252 4839 3844 4930">
    <p class='ocr_par' dir='ltr' id='par_1_113' title="bbox 2252 4839 3844 4930">
     <span class='ocr_line' id='line_1_113' title="bbox 2252 4839 3844 4930; baseline -0.001 -22"><span class='ocrx_word' id='word_1_801' title='bbox 2252 4852 2343 4914; x_wconf 82' lang='grc' dir='ltr'>τὸς</span> <span class='ocrx_word' id='word_1_802' title='bbox 2402 4839 2745 4930; x_wconf 75' lang='grc' dir='ltr'>ἀμφοτέροις.</span> <span class='ocrx_word' id='word_1_803' title='bbox 2802 4846 3014 4905; x_wconf 68' lang='grc' dir='ltr'>’Ἄκουε</span> <span class='ocrx_word' id='word_1_804' title='bbox 3071 4850 3169 4915; x_wconf 75' lang='grc' dir='ltr'>τῆς</span> <span class='ocrx_word' id='word_1_805' title='bbox 3220 4848 3485 4913; x_wconf 75' lang='grc' dir='ltr'>Γενὲσεως</span> <span class='ocrx_word' id='word_1_806' title='bbox 3516 4861 3534 4877; x_wconf 81' lang='grc'><strong>⁹</strong></span> <span class='ocrx_word' id='word_1_807' title='bbox 3602 4839 3844 4911; x_wconf 71' lang='grc' dir='ltr'>Ἐποίησε.</span> 
     </span>
    </p>
   </div>
   <div class='ocr_carea' id='block_1_114' title="bbox 2259 5172 3818 5253">
    <p class='ocr_par' dir='ltr' id='par_1_114' title="bbox 2259 5172 3818 5253">
     <span class='ocr_line' id='line_1_114' title="bbox 2259 5172 3818 5253; baseline -0.001 -20"><span class='ocrx_word' id='word_1_808' title='bbox 2259 5172 2685 5253; x_wconf 76' lang='lat' dir='ltr'><strong>plicarentur._</strong></span> <span class='ocrx_word' id='word_1_809' title='bbox 3183 5246 3195 5253; x_wconf 92' lang='lat'>_</span> <span class='ocrx_word' id='word_1_810' title='bbox 3270 5246 3279 5253; x_wconf 33' lang='grc' dir='ltr'>ι</span> <span class='ocrx_word' id='word_1_811' title='bbox 3510 5242 3522 5253; x_wconf 88' lang='lat'>_</span> <span class='ocrx_word' id='word_1_812' title='bbox 3602 5238 3633 5253; x_wconf 26' lang='grc' dir='ltr'>,Δ</span> 
     </span>
    </p>
   </div>
   <div class='ocr_carea' id='block_1_115' title="bbox 2337 5232 3846 5332">
    <p class='ocr_par' dir='ltr' id='par_1_115' title="bbox 2337 5232 3846 5332">
     <span class='ocr_line' id='line_1_115' title="bbox 2337 5232 3846 5332; baseline 0.01 -3"><span class='ocrx_word' id='word_1_813' title='bbox 2337 5232 2426 5332; x_wconf 69' lang='grc'><strong>(3)</strong></span> <span class='ocrx_word' id='word_1_814' title='bbox 2461 5246 2782 5332; x_wconf 65' lang='lat' dir='ltr'><strong>llLduObus</strong></span> <span class='ocrx_word' id='word_1_815' title='bbox 2814 5264 2956 5332; x_wconf 65' lang='grc' dir='ltr'><strong>Ψξε-</strong></span> <span class='ocrx_word' id='word_1_816' title='bbox 3017 5263 3122 5332; x_wconf 73' lang='grc' dir='ltr'>ι)το</span> <span class='ocrx_word' id='word_1_817' title='bbox 3178 5246 3478 5318; x_wconf 72' lang='grc' dir='ltr'>ὑπόμνησιν</span> <span class='ocrx_word' id='word_1_818' title='bbox 3509 5238 3706 5316; x_wconf 58' lang='lat' dir='ltr'><strong>legitur</strong></span> <span class='ocrx_word' id='word_1_819' title='bbox 3746 5232 3846 5332; x_wconf 37' lang='lat' dir='ltr'><strong>iure:</strong></span> 
     </span>
    </p>
   </div>
   <div class='ocr_carea' id='block_1_116' title="bbox 2257 5320 3842 5409">
    <p class='ocr_par' dir='ltr' id='par_1_116' title="bbox 2257 5320 3842 5409">
     <span class='ocr_line' id='line_1_116' title="bbox 2257 5320 3842 5409; baseline -0.02 -8"><span class='ocrx_word' id='word_1_820' title='bbox 2257 5320 2477 5409; x_wconf 56' lang='lat' dir='ltr'><strong>txvnciv.</strong></span> <span class='ocrx_word' id='word_1_821' title='bbox 2504 5330 2612 5392; x_wconf 77' lang='lat' dir='ltr'><strong>Hic</strong></span> <span class='ocrx_word' id='word_1_822' title='bbox 2645 5326 2895 5409; x_wconf 80' lang='lat' dir='ltr'><strong>locusitl</strong></span> <span class='ocrx_word' id='word_1_823' title='bbox 2927 5320 3081 5409; x_wconf 79' lang='lat' dir='ltr'><strong>quod</strong></span> <span class='ocrx_word' id='word_1_824' title='bbox 3119 5339 3535 5409; x_wconf 63' lang='lat' dir='ltr'><strong>tionnunquam</strong></span> <span class='ocrx_word' id='word_1_825' title='bbox 3565 5337 3664 5378; x_wconf 91' lang='lat' dir='ltr'><strong>usu</strong></span> <span class='ocrx_word' id='word_1_826' title='bbox 3693 5320 3842 5409; x_wconf 68' lang='lat' dir='ltr'><strong>venit,</strong></span> 
     </span>
    </p>
   </div>
   <div class='ocr_carea' id='block_1_117' title="bbox 2255 5404 3843 5491">
    <p class='ocr_par' dir='ltr' id='par_1_117' title="bbox 2255 5404 3843 5491">
     <span class='ocr_line' id='line_1_117' title="bbox 2255 5404 3843 5491; baseline -0.013 -17"><span class='ocrx_word' id='word_1_827' title='bbox 2255 5404 2543 5474; x_wconf 81' lang='lat' dir='ltr'><strong>conﬂatus</strong></span> <span class='ocrx_word' id='word_1_828' title='bbox 2573 5417 2782 5491; x_wconf 82' lang='lat' dir='ltr'><strong>est__ex</strong></span> <span class='ocrx_word' id='word_1_829' title='bbox 2814 5404 3067 5491; x_wconf 62' lang='lat' dir='ltr'><strong>duobus,</strong></span> <span class='ocrx_word' id='word_1_830' title='bbox 3121 5404 3319 5491; x_wconf 82' lang='lat' dir='ltr'><strong>Prima</strong></span> <span class='ocrx_word' id='word_1_831' title='bbox 3373 5420 3504 5491; x_wconf 79' lang='lat' dir='ltr'><strong>pars</strong></span> <span class='ocrx_word' id='word_1_832' title='bbox 3553 5404 3763 5491; x_wconf 79' lang='lat' dir='ltr'><strong>sumpta</strong></span> <span class='ocrx_word' id='word_1_833' title='bbox 3789 5406 3843 5491; x_wconf 55' lang='lat' dir='ltr'><strong>et</strong></span> 
     </span>
    </p>
   </div>
   <div class='ocr_carea' id='block_1_118' title="bbox 2256 5478 3845 5574">
    <p class='ocr_par' dir='ltr' id='par_1_118' title="bbox 2256 5478 3845 5574">
     <span class='ocr_line' id='line_1_118' title="bbox 2256 5478 3845 5574; baseline -0.018 -20"><span class='ocrx_word' id='word_1_834' title='bbox 2256 5493 2441 5574; x_wconf 87' lang='lat' dir='ltr'><strong>Epist.</strong></span> <span class='ocrx_word' id='word_1_835' title='bbox 2478 5491 2501 5553; x_wconf 76' lang='grc' dir='ltr'>ι</span> <span class='ocrx_word' id='word_1_836' title='bbox 2531 5492 2602 5554; x_wconf 83' lang='lat' dir='ltr'><strong>ad</strong></span> <span class='ocrx_word' id='word_1_837' title='bbox 2635 5487 2893 5574; x_wconf 77' lang='lat' dir='ltr'><strong>Timotb.</strong></span> <span class='ocrx_word' id='word_1_838' title='bbox 2926 5504 2969 5561; x_wconf 87' lang='grc' dir='ltr'><strong>ι,</strong></span> <span class='ocrx_word' id='word_1_839' title='bbox 3005 5488 3071 5551; x_wconf 77' lang='grc'><strong>11</strong></span> <span class='ocrx_word' id='word_1_840' title='bbox 3169 5486 3312 5543; x_wconf 79' lang='grc' dir='ltr'>Κατὰ</span> <span class='ocrx_word' id='word_1_841' title='bbox 3340 5478 3399 5540; x_wconf 62' lang='grc' dir='ltr'><strong>τῖ)</strong></span> <span class='ocrx_word' id='word_1_842' title='bbox 3436 5478 3734 5574; x_wconf 54' lang='grc' dir='ltr'>Εὒκγγέλιον</span> 
     </span>
    </p>
   </div>
   <div class='ocr_carea' id='block_1_119' title="bbox 2254 5546 3841 5650">
    <p class='ocr_par' dir='ltr' id='par_1_119' title="bbox 2254 5546 3841 5650">
     <span class='ocr_line' id='line_1_119' title="bbox 2254 5546 3841 5650; baseline -0.012 -20"><span class='ocrx_word' id='word_1_843' title='bbox 2254 5546 2996 5650; x_wconf 46' lang='lat' dir='ltr'><strong>525%.?&#39;135&quot;.I;;;§t¢i&quot;egr§a</strong></span> <span class='ocrx_word' id='word_1_844' title='bbox 3017 5546 3267 5650; x_wconf 33' lang='lat' dir='ltr'><strong>fvaltera</strong></span> <span class='ocrx_word' id='word_1_845' title='bbox 3311 5579 3451 5624; x_wconf 85' lang='lat' dir='ltr'><strong>vero</strong></span> <span class='ocrx_word' id='word_1_846' title='bbox 3499 5546 3563 5619; x_wconf 61' lang='lat' dir='ltr'><strong>ei</strong></span> <span class='ocrx_word' id='word_1_847' title='bbox 3583 5546 3841 5650; x_wconf 46' lang='lat' dir='ltr'><strong>:Epist;.ad</strong></span> 
     </span>
    </p>
   </div>
   <div class='ocr_carea' id='block_1_120' title="bbox 2255 5640 3837 5727">
    <p class='ocr_par' dir='ltr' id='par_1_120' title="bbox 2255 5640 3837 5727">
     <span class='ocr_line' id='line_1_120' title="bbox 2255 5640 3837 5727; baseline -0.023 -9"><span class='ocrx_word' id='word_1_848' title='bbox 2255 5653 2453 5727; x_wconf 82' lang='lat' dir='ltr'><strong>Titum</strong></span> <span class='ocrx_word' id='word_1_849' title='bbox 2474 5640 2656 5727; x_wconf 17' lang='lat' dir='ltr'><strong>vll,‘i3</strong></span> <span class='ocrx_word' id='word_1_850' title='bbox 2691 5640 2840 5707; x_wconf 42' lang='lat' dir='ltr'><strong>:‘Ka‘t</strong></span> <span class='ocrx_word' id='word_1_851' title='bbox 2870 5646 3254 5726; x_wconf 65' lang='grc' dir='ltr'>ἐπιφάνειαν...</span> <span class='ocrx_word' id='word_1_852' title='bbox 3292 5649 3533 5717; x_wconf 64' lang='grc' dir='ltr'>Σωτῆρος</span> <span class='ocrx_word' id='word_1_853' title='bbox 3575 5640 3715 5712; x_wconf 74' lang='grc' dir='ltr'>ἡμῶν</span> <span class='ocrx_word' id='word_1_854' title='bbox 3746 5640 3837 5692; x_wconf 75' lang='grc' dir='ltr'><strong>ἰη-</strong></span> 
     </span>
    </p>
   </div>
   <div class='ocr_carea' id='block_1_121' title="bbox 2253 5737 2619 5811">
    <p class='ocr_par' dir='ltr' id='par_1_121' title="bbox 2253 5737 2619 5811">
     <span class='ocr_line' id='line_1_121' title="bbox 2253 5737 2619 5811; baseline 0 -19"><span class='ocrx_word' id='word_1_855' title='bbox 2253 5737 2345 5793; x_wconf 78' lang='grc' dir='ltr'><strong>σοῦ</strong></span> <span class='ocrx_word' id='word_1_856' title='bbox 2376 5741 2619 5811; x_wconf 75' lang='grc' dir='ltr'>Χριστοῦ.</span> 
     </span>
    </p>
   </div>
  </div>
