4102 6224
274 358 383 426 221
1483 352 1816 415 HOMILIA
1857 350 1929 415 IN

2023 348 2345 413 'SALMUM
2395 353 2444 413 l.
3532 351 3645 416 2‘22

270 502 369 567 τὴν
432 495 687 555 διάνοιαν
764 491 884 550 ἀλλ’
940 491 1084 565 ὅμως
1116 494 1151 559 η
1192 498 1304 562 ζωη
1329 488 1646 561 δαπανᾶται,
1690 485 1787 543 κᾶν
1830 486 1926 553 τὴν

2023 483 2278 563 Exempli
2310 503 2506 565 causa,
2541 485 2787 560 dormis,
2829 494 3058 565 tempus
3085 495 3140 547 te
3171 487 3311 566 fugit
3348 509 3362 563 ;
3416 490 3642 571 vigilas,

271 589 533 653 αἴσθησιν
591 584 749 659 ἡμῶν
807 581 1087 661 διαφεύγῃ.
1128 581 1336 658 Δρόμον
1391 577 1479 634 οὖν
1512 599 1629 632 τινα
1660 577 1926 656 τρέχομεν

2023 582 2064 633 3t
2096 575 2276 650 agitas
2306 574 2524 653 aliquid
2563 582 2757 634 mente
2793 624 2809 654 ,
2844 575 3233 636 nihilominus
3280 588 3474 639 tamen
3507 583 3641 655 vita,

271 679 474 740 πάντες
558 673 848 751 ἅνθρωποι,
909 672 1037 749 πρὸς
1097 671 1159 725 τὸ
1233 670 1434 726 οἰκεῖον
1497 663 1649 727 τέλος
1707 665 1927 729 ἕκαστος

2023 662 2241 722 etiamsi
2276 682 2389 723 non
2413 664 2761 735 sentiamus,
2781 663 3134 726 absumitur.
3163 666 3383 728 Omnes
3407 686 3548 747 ergo
3573 672 3646 729 ad

274 766 617 842 ἐπειγόμενοι
689 759 841 839 (19)·
881 758 966 816 διὰ
1018 768 1174 817 τοῦτο
1230 758 1425 821 πάντες
1478 755 1637 842 ἐσμὲν
1700 755 1754 810 ἐν
1797 753 1925 824 ὁδῷ.

2023 751 2308 829 propriam
2364 752 2612 831 quisque
2672 762 2887 812 metam
2950 766 3359 830 properantes,
3403 776 3642 819 cursum

275 857 379 912 Καὶ
410 841 548 909 οὕτω
570 850 617 907 δ’
645 849 708 905 ἄν
737 846 919 911 λάϐοις
963 848 1059 914 τῆς
1092 846 1213 907 ὁδοῦ
1236 848 1330 914 τῆν
1365 845 1589 901 ἔννοιαν.
1620 841 1927 921 Ὀδοιπόρος

2023 842 2329 920 quem-lam
2362 841 2684 912 currimus,
2712 841 3096 920 quamobrem
3124 860 3327 903 sumus
3346 864 3403 903 in
3424 848 3511 905 via
3528 866 3623 906 om

272 943 574 1023 ἐφέστηκας
602 946 680 1012 τῷ
699 939 797 1016 βίῳ
825 938 1013 1009 τούτῳ·
1051 937 1223 992 πάντα
1255 935 1528 1014 παρέρχῃ,
1590 933 1765 1023 παντα
1792 954 1926 1023 κατ-ξ·

2023 929 2271 992 nes.Hoc
2298 931 2474 990 etiam
2495 932 2670 991 modo
2695 937 2840 989 viam
2869 930 3199 1008 intelligere
3220 935 3430 1013 possis.
3450 934 3513 995 In
3540 939 3649 997 huc

274 1019 498 1088 όπινσου
527 1032 748 1107 γίνεται.
786 1025 938 1090 Εἶδες
968 1026 1052 1081 ἐπὶ
1077 1026 1172 1092 τῆς
1204 1023 1325 1081 ὁδοῦ
1369 1027 1552 1103 φυτὸν,
1608 1020 1637 1087 ἥ
1690 1024 1826 1076 πόαν
1891 1020 1925 1088 ἢ

2023 1019 2121 1078 vita
2147 1019 2336 1080 viator
2366 1026 2656 1094 es;omnia
2692 1030 3021 1091 transeunt,
3058 1030 3191 1099 post
3220 1036 3449 1099 tergum
3479 1037 3645 1087 tuum

272 1119 436 1198 ὕδωρ,
471 1119 505 1185 ἥ
537 1118 565 1174 ὅ
592 1140 643 1174 τι
673 1117 734 1173 at;
767 1118 910 1195 τύχῃ
938 1114 1045 1170 τῶν
1075 1112 1231 1178 ἀξίων
1250 1114 1536 1187 θεάματος·
1571 1113 1760 1189 μικρὸν
1782 1110 1924 1189 ἐτέρ-

2023 1112 2425 1188 'clinquuntur
2448 1108 2664 1170 omnia.
2701 1109 3519 1192 Plantam,herbam,aquam,
3546 1125 3649 1177 aut

273 1214 442 1289 φθης,
475 1208 600 1264 εἶτα
657 1204 1015 1284 παρέδραμες.
1050 1203 1215 1259 Πάλιν
1273 1201 1521 1280 ἐνέτυχες
1570 1198 1753 1271 λίθοις,
1843 1202 1930 1255 καὶ

274 1288 527 1378 φάραγξι,
605 1298 692 1352 καὶ
715 1305 1008 1372 κρημνοῖς,
1042 1295 1129 1348 καὶ
1172 1290 1479 1369 σκοπέλοις,
1524 1289 1612 1345 καὶ
1645 1288 1924 1367 σκόλοψιν,

274 1386 412 1467 (20)
446 1386 481 1446 ἢ
512 1408 615 1442 που
644 1386 732 1440 καὶ
752 1384 979 1462 θηρίοις,
1007 1383 1093 1437 καὶ
1125 1383 1398 1459 ἑρπετοῖς,
1429 1381 1517 1435 καὶ
1549 1379 1930 1467 ἀκάνθαις-,καί

274 1466 413 1531 τισιν
440 1471 621 1538 ἄλλοις
651 1471 756 1527 τῶν
779 1470 1055 1549 ὀχληρὼν’
1086 1471 1272 1547 μικρὸν
1301 1471 1542 1543 ἠνιάθης,
1571 1471 1689 1523 εἶτα
1718 1466 1928 1522 κατέλι-

274 1586 400 1629 πες.
435 1573 679 1625 Τοιοῦτος
717 1563 744 1615 6
801 1561 938 1635 βίος,
992 1557 1109 1615 οὕτε
1163 1560 1227 1615 τὰ
1278 1558 1474 1636 τερπνὰ
1525 1559 1749 1631 μόνιμα,
1810 1554 1926 1611 οὕτε

274 1657 346 1711 τὰ
394 1653 605 1730 λυπηρὰ
688 1648 876 1727 διαρκῆ
958 1649 1307 1723 κεκτημένος.
1376 1644 1442 1702 Ἢ
1501 1644 1618 1708 ὁδὸς
1678 1650 1772 1703 οὒκ
1815 1644 1925 1700 ἔστι

278 1746 375 1821 σὴ,
439 1739 559 1797 ἀλλ’
629 1738 744 1796 οὗδὲ
803 1740 868 1793 τὰ
900 1739 1135 1817 παρόντα
1166 1737 1255 1797 σά.
1304 1733 1427 1792 Ἐπὶ
1466 1738 1567 1791 τῶν
1612 1734 1924 1811 ὁδευόντων,

2014 1198 2249 1274 quidvis
2276 1198 2432 1258 aliud
2467 1207 2707 1277 aspectu
2751 1198 2993 1275 dignum
3028 1199 3087 1257 in
3123 1207 3207 1258 via
3238 1201 3468 1263 vidisti:
3506 1223 3652 1283 pau-

2012 1286 2132 1347 lum
2158 1288 2512 1365 oblectatus,
2547 1306 2679 1347 mox
2716 1288 3004 1365 praeteris.
3040 1286 3263 1349 Rursus
3305 1292 3361 1350 iu
3395 1293 3649 1375 lapides,

2010 1377 2326 1455 convalles,
2357 1377 2701 1455 praecipitia,
2739 1378 3016 1454 scopulos
3051 1387 3105 1438 et
3132 1378 3315 1456 palos,
3350 1392 3447 1441 aut
3470 1387 3647 1443 etiam

2012 1464 2068 1525 in
2089 1464 2332 1531 feras.in
2377 1466 2657 1525 animalia
2680 1466 2973 1544 repentia,
3007 1467 3067 1525 in
3100 1471 3465 1548 spinas,etin
3488 1474 3648 1534 aliud

2014 1555 2265 1630 quodvis
2295 1555 2684 1615 infortunium
2710 1555 2991 1614 incidisti:
3026 1569 3335 1637 postquam
3359 1582 3423 1624 es
3438 1568 3649 1641 paulu-

2015 1647 2131 1703 lum
2165 1645 2435 1716 afﬂictus,
2479 1663 2607 1703 mox
2640 1646 2752 1705 ista
2782 1644 3095 1724 reliquisti.
3125 1647 3248 1707 Vita
3265 1660 3352 1710 est
3377 1653 3645 1729 ejusmo-

2014 1734 2073 1792 di
2110 1754 2121 1793 :
2160 1751 2350 1812 neque
2381 1734 2509 1811 ejus
2532 1734 2761 1793 deliciae
2782 1752 2975 1813 neque
2997 1737 3285 1797 molestia:
3310 1753 3647 1802 constanter

279 1820 418 1906 ὁμοῦ
472 1852 529 1885 τε
562 1832 589 1885 6
648 1835 854 1905 πρῶτος
927 1830 986 1882 τὸ
1015 1827 1179 1906 ἴχνος
1210 1828 1440 1891 ἐκίνησε,
1468 1827 1554 1880 καὶ
1587 1824 1732 1887 εὐθὺς
1756 1826 1783 1879 6
1809 1820 1927 1897 μετ’

2023 1833 2413 1901 perseverant.
2451 1821 2577 1881 Tua
2611 1842 2729 1882 non
2756 1831 2842 1881 est
2875 1827 2996 1883 haec
3019 1824 3127 1894 via,
3158 1844 3351 1905 neque
3387 1839 3493 1890 tuae
3515 1840 3652 1892 sunt

280 1924 442 1978 αὐτὸν
500 1920 594 1986 τὴν
640 1919 793 1994 βάσιν
852 1916 1065 1994 ἤνεγκε,
1124 1916 1213 1972 καὶ
1265 1912 1384 1991 μετ’
1429 1915 1635 1970 ἐκεῖνον
1667 1917 1694 1970 6
1725 1913 1925 1992 ἐφεπό-

206 2032 209 2033 ⁷
278 2031 443 2087 μενος
458 2058 471 2071 .

364 2189 422 2250 5,
461 2187 661 2242 Σκόπει
736 2184 790 2240 δὲ
850 2184 936 2239 καὶ
990 2184 1052 2238 τὰ
1080 2190 1171 2239 τοῦ
1202 2183 1316 2258 βίον
1348 2184 1390 2238 εἰ
1424 2185 1504 2256 μὴ
1553 2182 1924 2261 παραπλήσια.

282 2279 534 2353 Σήμερον
583 2276 680 2342 τὴν
706 2279 808 2351 γῆν
839 2274 901 2327 σὺ
949 2272 1316 2350 ἐγεώργῃσας,
1369 2276 1455 2327 καὶ
1507 2271 1680 2348 αὔριον
1740 2270 1922 2349 ἂλλος,

280 2371 372 2422 καὶ
417 2364 534 2438 μετ’
587 2366 797 2420 ἐκεῖνον
842 2361 1042 2440 ἕτερος.
1086 2360 1243 2438 Ὀρᾷς
1303 2363 1423 2423 τοὺς
1474 2361 1664 2439 ἀγροὺς
1711 2362 1927 2424 τούτους

283 2459 373 2512 καὶ
422 2455 514 2517 τὰς
560 2450 875 2514 πολυτελεῖς
935 2450 1151 2524 οἰκίας,
1204 2452 1346 2505 Πόσα
1409 2450 1514 2516 ἢδη
1559 2448 1795 2524 ὀνόματα
1838 2448 1929 2529 ἀφ’

283 2545 345 2602 οὗ
406 2543 588 2621 γέγονε
642 2543 839 2598 τούτων
908 2537 1030 2620 (21)
1079 2538 1302 2595 ἕκαστον
1331 2539 1575 2612 ἢμειψεί
1629 2542 1727 2596 Τοῦ
1756 2536 1927 2602 δεῖνος

284 2632 525 2711 ἰλὲγετο,
573 2635 694 2687 εἷτα
773 2629 1161 2704 μετωνομάσθη
1230 2630 1362 2705 πρὸς
1419 2626 1617 2699 ἕτερον·
1680 2630 1801 2707 πρὸς
1843 2631 1935 2683 τὸν

282 2722 439 2780 δεῖνα
489 2719 773 2796 μετῆλθεν,
829 2722 953 2775 εἶτα
979 2720 1065 2774 νῦν
1095 2716 1256 2773 ἄλλου
1286 2715 1520 2794 λέγεται,
1554 2712 1662 2796 Ἆρ’
1691 2718 1779 2773 οὖν
1811 2716 1929 2797 (22)

281 2817 391 2890 οὐχ
422 2810 538 2874 ὁδὸς
567 2810 724 2884 ἡμῶν
784 2811 810 2863 6
840 2809 975 2885 βίος,
1024 2804 1217 2862 ἄλλοτε
1270 2803 1430 2861 ἄλλον
1485 2805 1928 2881 μεταλαμϐάνων,

277 2904 369 2957 καὶ
417 2902 617 2961 πάντας
664 2897 810 2976 ἔχων
881 2894 1139 2965 ἀλλήλοις
1193 2895 1547 2974 ἐφεπομένους
1596 2915 1613 2975 ς
1666 2895 1930 2974 Μακάριος

278 2993 371 3045 οὖν
442 2987 499 3051 ὅς
558 2986 644 3042 ἒπὶ
696 2992 795 3052 τῆς
869 2982 989 3044 6306
1045 2985 1152 3039 τῶν
1235 2982 1565 3063 ἁμαρτωλῶν
1625 2986 1719 3041 οὒκ
1773 2984 1926 3052 ἔστη.

2009 1928 2107 1972 res
2140 1920 2485 1991 praesentes.
2518 1914 2679 1971 inter
2708 1912 2982 1991 viatores,
3005 1912 3180 1973 simul
3215 1925 3271 1974 ut
3291 1918 3516 1995 primus
3543 1940 3648 1999 pe-

2011 2000 2144 2061 dem
2184 2000 2387 2079 movit,
2423 2000 2556 2061 huic
2578 2003 2882 2078 proximus
2912 2000 3095 2062 inl'ert
3125 2005 3394 2083 gradum,
3427 2018 3484 2067 et
3520 2017 3650 2084 post

2012 2089 2167 2149 hunc
2188 2089 2342 2150 alter
2363 2088 2460 2168 qui
2488 2091 2778 2165 sequitur.

2092 2179 2149 2239 5.
2186 2176 2377 2239 Velim
2411 2187 2605 2238 autem
2640 2179 2933 2258 attendas,
2964 2198 3101 2240 tium
3128 2183 3304 2243 etiam
3334 2195 3463 2246 vitae
3483 2206 3656 2248 casus

2010 2268 2127 2327 sint
2157 2267 2473 2328 assimiles.
2502 2266 2691 2327 Hodie
2716 2275 2775 2328 ιιι
2790 2269 3021 2330 coluisti
3047 2280 3289 2345 terram,
3318 2292 3449 2335 cras
3470 2278 3651 2352 alter,

2020 2366 2148 2436 post
2170 2358 2328 2417 hunc
2361 2357 2515 2416 colet
2546 2364 2605 2415 et
2626 2357 2795 2417 alius.
2824 2354 2999 2417 Vides
3028 2376 3198 2436 agros
3223 2364 3330 2422 hos
3361 2375 3418 2424 et
3448 2367 3655 2428 domos

2022 2444 2714 2525 sumptuosas?Quoties
2760 2446 3012 2526 singula,
3046 2466 3116 2508 ex
3174 2469 3289 2528 quo
3345 2455 3657 2532 exsistunt,

2019 2553 2236 2624 nomen
2270 2535 2386 2624 jam
2413 2534 2733 2624 mutavere!
2759 2532 3125 2596 Dicebantur
3143 2538 3318 2617 hujus
3339 2556 3662 2624 esse,post-

2017 2641 2088 2684 ea
2116 2623 2261 2703 ipsis
2284 2622 2629 2701 impositum
2664 2631 2754 2683 est
2797 2641 3017 2683 nomen
3070 2626 3337 2709 alterius,
3369 2633 3441 2691 ad
3476 2622 3654 2694 alium

2018 2712 2409 2785 transierunt,
2445 2721 2568 2773 tum
2601 2713 2841 2771 demum
2874 2712 3118 2774 alterius
3166 2734 3301 2778 esse
3351 2720 3652 2784 dicuntur.

2020 2801 2226 2862 Nonne
2259 2819 2398 2878 ergo
2425 2800 2536 2860 vita
2569 2810 2764 2861 nostra
2782 2800 2870 2860 via
2900 2811 3011 2875 est,
3046 2804 3160 2864 alio
3182 2816 3447 2887 tempore
3473 2812 3653 2874 alium

2015 2889 2404 2969 excipiens,et
2425 2890 2482 2949 in
2512 2908 2625 2969 qua
2648 2890 2761 2949 sibi
2789 2891 3038 2952 invicem
3062 2897 3393 2959 succedunt
3421 2906 3657 2963 omnes?

2015 2979 2238 3040 Beatus
2262 2980 2465 3056 itaque
2483 2980 2590 3057 qui
2612 2981 2675 3039 in
2695 2981 2796 3040 via
2818 2991 3196 3057 peccatorum
3215 2986 3308 3045 95
3327 3008 3446 3051 non
3465 2997 3652 3059 stetit.

281 3082 353 3137 Τὸ
424 3076 501 3156 δὲ,
563 3077 670 3132 Οὔκ
696 3075 850 3146 ἔστη,
884 3074 934 3130 τί
992 3073 1176 3145 iactv;
1234 3062 1367 3128 ’Ἔτι
1423 3071 1508 3128 ἐπὶ
1556 3078 1652 3139 τῆς
1712 3073 1929 3152 πρώτης

2023 3067 2161 3129 [llud
2185 3078 2404 3138 autem,
2431 3066 2563 3127 Non
2590 3070 2785 3144 stetit,
2848 3069 2986 3148 quid
3021 3072 3135 3133 sibi
3168 3077 3286 3135 vult
3317 3084 3342 3139 ’ἓ
3396 3081 3540 3141 Dum
3595 3085 3654 3145 in

276 3168 492 3235 ἡλικίας
550 3164 695 3227 ὄντες
747 3164 793 3220 οἱ
824 3162 1105 3241 ἄνθρωποι,
1154 3158 1270 3217 οὔτε
1311 3163 1368 3216 ἓν
1390 3162 1548 3233 κακίᾳ
1599 3161 1780 3242 ἐσμὲν,
1813 3160 1929 3218 οὔτε

2023 3163 2204 3237 prima
2229 3156 2422 3255 adhuc
2444 3156 2828 3255 consistimus
2865 3167 3057 3255 relate,
3088 3180 3195 3223 nec
3228 3164 3507 3247 improbi,
3545 3193 3655 3237 nec

278 3256 336 3312 ἆν
395 3257 557 3333 ἀρετῇ
581 3252 938 3332 (ἂνεπίδεκτος
973 3253 1072 3330 γὰρ
1091 3239 1132 3318 ἡὴ
1189 3250 1372 3317 ἡλικία
1422 3255 1522 3314 τῆς
1580 3251 1735 3316 ἕξεως
1765 3239 1928 3307 ’ἑκα-

2023 3249 2229 3307 virtute
2244 3244 2473 3325 praediti
2490 3264 2621 3305 sum
2634 3265 2701 3307 us
2717 3248 2807 3311 (ea
2821 3246 2978 3308 enim
3000 3239 3139 3312 aitas
3163 3239 3405 3318 habitus
3428 3239 3653 3325 utrius-

277 3344 486 3423 τέρας)⁶
548 3340 761 3399 ἒπειδὰν
817 3338 872 3396 δὲ
930 3341 957 3395 ὀ
988 3339 1149 3417 λόγος
1184 3340 1339 3413 ἡμῶν
1368 3338 1758 3415 συμπληρωθῇ,
1809 3342 1928 3396 τότε

2023 3354 2127 3416 que
2157 3354 2334 3415 capax
2372 3354 2490 3396 non
2522 3338 2640 3413 est)
2674 3355 2691 3412 ;
2726 3337 2830 3397 sed
2864 3347 3243 3420 posteaquam
3277 3357 3423 3409 ratio
3458 3367 3659 3415 nostra

278 3434 483 3510 γίνεται
558 3433 617 3487 τὸ
670 3429 1065 3508 γεγραμμένον.
1142 3425 1428 3494 Ἐλθούσης
1500 3425 1553 3483 δὲ
1612 3433 1707 3496 τῆς
1779 3429 1929 3485 ἐντο-

2023 3427 2279 3521 perfecta
2304 3435 2393 3485 est
2413 3434 2588 3521 atque
2606 3427 2923 3521 cumulata,
2948 3434 3087 3489 tunc
3112 3432 3342 3512 litquod
3367 3441 3655 3521 scriptum

278 3520 413 3601 λῆς,
513 3523 543 3589 ἡ
638 3520 868 3598 ἁμαρτία
964 3518 1240 3591 ἀνέζησεν,
1324 3518 1435 3594 εγὼ
1519 3516 1570 3572 δὲ
1647 3517 1927 3577 ἀπέθανον.

2023 3518 2205 3576 estzAt
2227 3531 2361 3576 cum
2379 3520 2623 3575 venisset
2644 3515 3031 3608 mandatum,
3060 3531 3372 3597 peccatum
3401 3515 3653 3608 νθύίχιῖι,

278 3607 735 3668 Ἐπανατέλλουσι
782 3608 883 3687 γὰρ
926 3606 1177 3685 λογισμοὶ
1219 3608 1465 3685 πονηροὶ,
1502 3605 1561 3661 ἐκ
1604 3608 1709 3663 τῶν
1758 3610 1929 3663 παθῶν

2023 3621 2129 3683 ego
2158 3611 2359 3665 autem
2384 3609 2662 3664 mortuus
2690 3621 2823 3664 sum
2859 3604 2942 3665 59.
2969 3605 3259 3671 Oriuntur
3306 3625 3463 3677 enim
3494 3604 3660 3684 malae

278 3705 383 3767 τῆς
443 3699 634 3776 σαρκός
688 3710 811 3761 ταῖς
841 3701 1049 3775 ψυχαῖς
1080 3698 1235 3770 ἡμῶν
1264 3696 1648 3771 ἒντικτόμενοι,
1708 3703 1795 3770 Τῷ
1826 3696 1929 3753 ὄντι

2023 3692 2427 3771 cogitationes,
2454 3711 2586 3767 quae
2618 3712 2686 3752 ex
2710 3693 2906 3754 carnis
2920 3698 3337 3775 cupiditatibus
3358 3705 3419 3767 in
3442 3712 3659 3773 animis

280 3791 387 3867 γὰρ
458 3787 674 3844 ἐλθοῦσα
725 3789 761 3854 ἡ
816 3784 1028 3857 ἐντολὴ,
1074 3787 1344 3842 τουτέστιν
1402 3786 1437 3852 ἡ
1492 3782 1772 3863 διάγνωσις
1829 3789 1935 3841 τῶν

281 3876 492 3955 καλῶν,
524 3877 615 3931 εὰν
656 3875 732 3948 μὶ,
777 3874 1157 3952 κατακρατήσῃ
1209 3880 1300 3930 τοῦ
1355 3877 1595 3953 χείρονος
1646 3872 1928 3950 λογισμοῦ,

282 3965 426 4022 ἀλλὰ
483 3964 810 4044 συγχωρήσῃ
853 3964 953 4019 ὑπὸ
1007 3968 1114 4018 τῶν
1166 3966 1347 4019 παθῶν
1404 3960 1931 4039 ἐξανδραποδισθῆναι

282 4058 376 4113 τὸν
428 4053 706 4131 λογισμόν·
772 4050 992 4123 ἀνέζησε
1055 4052 1151 4127 μὲν
1182 4055 1215 4120 ἡ
1248 4054 1498 4130 ἁμαρτία,
1552 4052 1775 4109 ἀπέθανε
1807 4051 1863 4109 δὲ
1905 4056 1932 4109 6

285 4144 432 4217 νοῦς,
495 4144 673 4221 νεκρὸς
744 4142 1026 4220 γενόμενος
1056 4154 1172 4204 τοῖς
1206 4141 1626 4219 παραπτώμασι.
1665 4143 1931 4221 Μακάριος

286 4232 377 4289 οὖν
409 4234 437 4288 ὁ
521 4232 599 4304 μῆ
627 4231 945 4310 ὶγχρονίσας
976 4236 1045 4306 τῇ
1074 4229 1178 4304 δδῴ
1208 4236 1315 4287 τῶν
1346 4230 1756 4308 ἁμαρτανόντων
1783 4228 1935 4312 (23),

285 4322 430 4378 ἄλλὰ
482 4320 727 4399 λογισμῷ
792 4321 1021 4397 βελτίονι
1080 4321 1210 4397 πρὸς
1276 4321 1371 4387 τὴν
1420 4317 1611 4386 εὐσεϐῆ
1669 4319 1937 4377 πολιτείαν

286 4410 699 4489 μεταπηδήσας.
779 4411 882 4467 Δύο
926 4410 1025 4488 γάρ
1069 4412 1200 4466 εἰσιν
1224 4406 1330 4466 ὁδοὶ
1374 4408 1602 4466 ἐναντίαι
1648 4408 1931 4479 ἀλλήλαις

2020 3782 2237 3842 nostris
2259 3790 2641 3860 generantur.
2668 3782 2817 3843 Nam
2850 3785 3045 3862 reipsa
3097 3789 3195 3847 ubi
3222 3796 3377 3853 venit
3408 3804 3658 3860 manda-

2018 3879 2165 3931 tum.
2187 3870 2299 3930 hoc
2332 3878 2444 3963 est,
2468 3869 2606 3929 boni
2641 3870 2999 3963 honestique
3027 3875 3340 3957 judicium,
3369 3885 3419 3943 si
3445 3891 3659 3963 cogita-

2016 3965 2236 4019 tionem
2274 3959 2537 4037 pejorem
2561 3977 2677 4019 non
2702 3960 3042 4032 vicetit,sed
3073 3982 3104 4025 a
3128 3972 3320 4044 pravis
3350 3959 3658 4038 aifectibus

2016 4044 2277 4108 animum
2313 4048 2373 4107 in
2424 4048 2781 4108 servitudem
2812 4051 2995 4128 redigi
3028 4053 3249 4117 siverit:
3287 4062 3501 4125 revixit
3530 4072 3658 4144 qni-

2017 4136 2152 4198 dem
2180 4147 2513 4231 peccatum,
2540 4156 2706 4231 mens
2721 4157 2859 4231 vero
2883 4145 3140 4219 peccatis
3161 4136 3659 4231 interemptaiiio-

2021 4227 2193 4286 ritur.
2231 4224 2444 4286 Beatus
2476 4225 2680 4304 igitur,
2713 4225 2814 4305 qui
2853 4228 2913 4288 in
2966 4230 3052 4290 via
3102 4224 3476 4311 peccatorum
3538 4265 3657 4307 non

2020 4313 2375 4375 immoratus
2409 4324 2520 4395 est,
2554 4316 2657 4376 sed
2692 4316 2926 4377 saniore
2952 4323 3207 4384 consilio
3236 4330 3308 4386 ad
3330 4328 3486 4407 piam
3506 4352 3655 4395 cou-

2022 4405 2418 4465 veisationcm
2455 4422 2518 4464 se
2547 4406 2796 4484 recepit.
2832 4410 2971 4468 Duae
3001 4428 3259 4492 namque
3281 4405 3418 4479 sunt
3439 4422 3543 4484 viai
3571 4424 3661 4486 in-

283 4504 321 4569 ἡ
382 4501 481 4576 μὲν
538 4498 772 4556 πλατεῖα
802 4500 887 4554 καὶ
917 4500 1241 4579 εὐρύχωρος,
1266 4499 1300 4567 ἡ
1332 4497 1387 4554 δὲ
1422 4500 1579 4565 στενὴ
1610 4501 1697 4555 καὶ
1728 4498 1929 4575 τεθλιμ-

2023 4500 2110 4555 ter
2137 4511 2203 4554 se
2220 4499 2567 4554 contrariae:
2603 4513 2719 4556 una
2742 4494 2855 4556 lata
2909 4506 2968 4557 et
3022 4506 3298 4584 Spatiosa,
3334 4508 3518 4572 altera
3546 4532 3659 4576 an-

286 4565 451 4666 μένῆ,
506 4590 602 4647 Καὶ
673 4587 764 4645 δύο
812 4565 1327 4667 ὁδηγοῖ,”ἑκάτερος
1383 4589 1512 4667 πρὸς
1578 4590 1763 4647 ἑαυτὸν
1820 4565 1929 4644 ἑπι-

2023 4593 2186 4666 gusta
2208 4600 2266 4687 et
2288 4594 2607 4687 coarctata.
2643 4588 2770 4649 Duo
2801 4587 2979 4687 etiam
3010 4565 3147 4654 sunt
3181 4565 3663 4687 νιεεῖιῖέὲὲξςῖιῖι-

283 4680 529 4759 στρέφειν
588 4676 709 4756 (24)
744 4676 1059 4757 ἐπιχειρῶν.
1134 4674 1309 4758 ’Ἔχει
1354 4677 1443 4734 οὖν
1472 4678 1504 4745 ἡ
1542 4678 1637 4750 μὲν
1668 4675 1784 4733 λεία
1814 4675 1929 4742 ὁδὸς

2023 4693 2148 4735 rum
2180 4684 2430 4755 uterque
2463 4681 2743 4737 viatorem
2782 4677 2855 4738 ad
2900 4696 2967 4741 se
3029 4686 3325 4747 attrahere
3381 4674 3653 4761 conatur.

282 4772 376 4825 καὶ
432 4769 636 4845 πρανὴς
666 4765 799 4845 (25)
834 4768 1027 4844 ὁδηγὸν
1059 4764 1359 4845 ἀπατηλὸν,
1391 4763 1613 4841 δαίμονα
1673 4768 1928 4846 πονηρὸν,

284 4854 357 4913 δι’
407 4857 604 4925 ἡδονῆς
654 4858 782 4935 πρὸς
830 4856 932 4923 τὴν
1001 4853 1270 4914 ἀπώλειαν
1320 4855 1442 4919 τοὺς
1489 4853 1776 4930 ἑπομένους
1806 4859 1933 4913 ἔπι-

286 4944 600 5021 συρᾶμενσνο
633 4946 667 5012 ἡ
712 4942 766 5000 δὲ
814 4957 1047 5024 τραχεῖα
1093 4947 1177 5001 καὶ
1247 4944 1474 5011 ἀνάντης
1521 4943 1751 5023 ἄγγελον
1795 4946 1934 5024 ἀγα-

284 5038 401 5115 θὸν,
435 5033 521 5090 διὰ
552 5035 657 5091 τῶν
682 5034 950 5091 ἐπιπόνων
993 5039 1094 5102 τῆς
1126 5034 1317 5112 ἀρετῆς
1372 5036 1502 5111 πρὸς
1558 5036 1618 5091 τὸ
1677 5036 1934 5115 μακάριον

367 5176 423 5221 ³9
450 5179 628 5241 Rom.
659 5194 763 5260 vii,
795 5177 857 5241 9.

367 5321 493 5401 (19)
543 5321 696 5387 Edili
729 5324 1095 5402 ἐπειγὸμενοι.
1131 5322 1203 5384 Αι
1237 5339 1378 5387 mss.
1414 5332 1665 5404 quatuor
1711 5322 1933 5402 ἐπειγο-

283 5423 495 5562 μεῖἒςό)
529 5480 627 5546 Sic
656 5482 839 5544 editio
867 5481 1048 5547 Basil.
1083 5500 1221 5543 cum
1255 5482 1445 5544 tribus
1471 5502 1615 5545 mss.
1648 5482 1822 5560 Illud,
1846 5488 1934 5542 καὶ

285 5564 567 5640 σκὸλοψιν,
604 5565 663 5624 in
696 5564 966 5625 editione
998 5563 1181 5625 l‘aris.
1213 5563 1689 5627 desiderabatur.

358 5642 497 5747 ’(QI)
532 5645 631 5706 Sic
664 5661 812 5710 mss.
843 5652 1114 5725 quatuor.
1176 5643 1375 5707 Editio
1433 5643 1629 5708 Paris.
1672 5647 1930 5724 όνὸματα,

281 5746 489 5783 τουτων
500 5772 515 5787 ,

2013 4766 2195 4868 Plana
2214 4768 2453 4868 quidem
2477 4776 2535 4828 et
2554 4767 2796 4868 declivis
2814 4770 2905 4831 via
2925 4772 3104 4868 liabet
3128 4777 3397 4843 fallacem
3418 4786 3654 4868 ducem,

2019 4856 2238 4951 malum
2269 4856 2599 4951 daemonem
2627 4856 2729 4937 qui
2760 4876 2862 4921 eos
2891 4864 2993 4951 qui
3022 4879 3089 4926 se
3109 4876 3537 4951 sequuntur,in
3560 4856 3656 4941 in;

2017 4946 2262 5036 teritum
2295 4964 2405 5036 per
2431 4947 2787 5027 voluptatem
2811 4950 2990 5012 trahit
3022 4972 3037 5013 :
3069 4946 3279 5036 aSpera
3301 4946 3525 5029 veroret
3553 4988 3655 5031 ar-

2021 5035 2136 5097 dua
2163 5037 2273 5115 via,
2306 5034 2528 5097 bonum
2551 5036 2960 5119 augelum,qui
2976 5034 3265 5124 sequaces
3294 5069 3433 5116 suos
3454 5075 3563 5136 per
3578 5059 3658 5121 la-

2245 5325 2341 5415 S_ic
2362 5327 3083 5415 mss.pluri_mi.Deest.oﬁv
3102 5344 3163 5403 in
3188 5343 3447 5410 editione
3470 5348 3655 5415 Paris.

2446 5412 2752 5499 secundus
2784 5418 3270 5499 τῶν-ἁμαρτωλῶν.

2098 5487 2225 5582 (2η
2277 5489 2497 5550 Nostia
2546 5491 2725 5552 editio
2785 5487 2974 5563 Paris“.
3028 5487 3343 5584 ἐπιτρέψειν,
3385 5511 3458 5570 At
3508 5531 3649 5575 mss.

2019 5568 2369 5646 ἑπιστρεφειν,

2097 5646 2442 5734 (25)_Editio
2464 5657 2712 5734 utraque
2732 5655 2916 5718 Basil.
2948 5668 3007 5722 et
3028 5664 3214 5726 Paris.
3242 5666 3358 5734 ὁδὸς
3390 5673 3479 5727 καὶ
3508 5674 3652 5729 πλα-

2015 5741 2137 5785 τεῖα
2166 5729 2253 5785 καὶ
2282 5731 2512 5806 πρανὴς.
2542 5729 2790 5797 Brevitas
2813 5755 2958 5801 mss.
2994 5741 3109 5809 ὁδὸς
3132 5748 3219 5803 καὶ
3260 5729 3486 5827 πρανὴς.
