4102 6224
515 296 630 362 223

1861 302 1918 365 S.
1970 300 2242 366 BASILII
2300 306 2346 364 Μ
2358 301 2508 369 AGN
2516 300 2539 366 Ι

3746 313 3841 377 224

515 432 753 494 boriosa
771 432 1005 494 virtutis
1035 429 1320 494 exercitia
1352 430 1423 492 ad
1456 430 1691 493 beatum
1730 433 1906 496 linem
1946 434 2152 515 perdn.

2242 436 2387 499 τέλος
2442 439 2563 503 τοὺς
2604 441 2888 512 ἑπομένους
2952 443 3169 519 ἂγοντα.
3219 442 3375 506 ’Ἕως
3428 445 3519 517 μὲν
3549 449 3632 501 οὖν
3680 448 3841 515 νήπιός

515 524 617 585 cit.
648 522 798 585 Dum
833 522 1011 601 igitur
1043 522 1296 601 quisque
1320 529 1590 582 nostrum
1619 541 1765 602 puer
1780 534 2162 604 est,pr:esen-

517 623 604 675 tes
632 612 1009 691 persequitur
1026 610 1582 691 voluptates,neque
1608 611 1789 673 habet
1814 615 1991 675 ullam
2016 623 2161 675 tem-

515 703 677 782 poris
707 700 887 763 futuri
924 704 1237 771 rationem,
1276 718 1469 779 neque
1496 719 1697 761 curam
1735 720 1748 764 :
1780 703 1901 781 jam
1958 714 2155 764 autem

514 792 601 851 vir
633 792 842 866 factus,
866 796 996 868 post
1019 788 1234 866 judicii
1264 788 1929 869 perfectionem,videre
1952 792 2160 852 sibivi~

514 881 687 940 detur
717 878 891 938 vitam
920 877 979 937 in
1011 878 1286 938 virtutem
1321 886 1377 938 et
1408 878 1608 940 vitium
1657 879 1902 942 divisam
1934 902 1949 954 ;
1981 890 2157 958 atque

513 967 699 1029 oculis
728 965 910 1026 animi
936 966 996 1026 in
1024 975 1346 1046 utrumque
1376 987 1533 1048 saepe
1564 969 2156 1051 conjectis,proprie-

515 1067 660 1119 tates
691 1055 1007 1133 utriusque
1036 1056 1192 1118 inter
1245 1075 1308 1117 se
1353 1058 1660 1137 aequaliter
1705 1060 1972 1121 diversas
2026 1080 2158 1122 esse

508 1147 753 1225 judicat.
789 1145 861 1206 Et
892 1144 1132 1225 quidem
1169 1157 1550 1225 peccatorum
1587 1149 1703 1209 vita
1736 1150 2156 1210 ostenditcun-

514 1246 634 1297 ctas
665 1236 972 1315 prmsentis
1032 1236 1233 1295 saeculi
1263 1236 1633 1316 voluptates:
1687 1238 1985 1316 justorum
2016 1258 2155 1300 vero

514 1325 650 1397 vita,
684 1323 808 1385 sola
838 1324 1015 1384 futuri
1047 1324 1150 1385 aevi
1179 1324 1334 1386 bona
1382 1337 1814 1388 commonstrat
1870 1326 1941 1388 Et
1997 1336 2156 1390 certe

513 1414 926 1477 salvandorum
956 1414 1049 1474 via
1081 1421 1298 1493 quanto
1333 1414 1672 1494 pulchriora
1716 1417 2033 1497 pollicetur
2061 1418 2151 1479 fu-

513 1512 665 1577 tura,
702 1512 860 1564 tanto
896 1502 1287 1563 laboriosiora
1321 1504 1562 1565 exhibet
1595 1508 1906 1584 praesentia
1938 1528 1951 1569 :
1982 1508 2153 1570 volu-

2242 525 2383 581 ἐστιν
2427 527 2647 592 ἕκαστος
2706 532 2882 604 ἡμῶν,
2943 534 3003 586 τὸ
3061 532 3113 586 ἐν
3152 542 3227 606 τῷ
3258 534 3474 611 παρόντι
3506 532 3600 601 ἡδὺ
3642 534 3840 611 διώκων,

2242 615 2484 689 οὖδεμίαν
2554 626 2646 675 τοῦ
2712 619 2997 693 μέλλοντος
3069 621 3381 696 κηδεμονίαν
3431 637 3680 679 ποιεῖται’
3732 625 3843 703 ἀνὴρ

2242 703 2296 760 δὲ
2339 704 2441 773 ἢδη
2501 709 2808 785 γενόμενος,
2843 712 2975 784 μετὰ
3030 713 3119 767 τὸν
3151 713 3478 790 ἀπαρτισμὸν
3507 720 3610 768 τῶν
3634 715 3842 795 ἐννοιῶν,

2242 795 2360 851 οἶοι
2391 798 2514 874 ὸρᾷν
2570 797 2720 854 δοκεῖ
2750 800 2838 853 τὸν
2868 800 2980 875 βίον
3050 804 3190 875 αὐτῷ
3220 803 3546 880 σχιζόμενον
3580 806 3697 880 πρὸς
3735 805 3841 880 ἁρε-

2240 885 2337 949 την
2395 888 2481 941 καὶ
2566 889 2775 960 κακίαν,
2820 893 2906 943 καὶ
2960 892 3128 945 πυκνά
3188 890 3303 964 (26)
3359 893 3487 967 πρὸς
3541 891 3769 970 ἑκάτερον
3795 896 3843 949 τὸ

2242 968 2389 1046 ὄμμα
2430 976 2528 1040 τῆς
2589 975 2770 1054 ψυχῆς
2833 978 3227 1057 μεταστρέφων,
3262 979 3582 1056 παράλληλα
3620 968 3766 1056 κρίνει
3792 984 3844 1037 τὰ

2244 1062 2475 1138 ἐκατέρῳ
2536 1065 2819 1131 προσόντα.
2887 1067 2980 1122 Καὶ
3012 1068 3039 1120 ὁ
3083 1066 3179 1140 μὲν
3223 1071 3326 1123 τῶν
3383 1069 3706 1146 ἁμαρτωλῶν
3754 1072 3846 1146 βίος

2239 1155 2411 1206 πάντα
2458 1150 2679 1210 δείκνυσι
2712 1157 2775 1208 τα
2846 1164 2937 1212 τοῦ
2991 1153 3247 1233 παρόντος
3299 1160 3485 1222 αἰῶνος
3513 1161 3725 1236 τερπναι
3756 1161 3780 1213 ὸ
3804 1158 3848 1215 ὀὶ

2240 1246 2343 1294 τῶν
2375 1238 2605 1303 δικαίων,
2660 1242 2792 1313 μόνα
2822 1245 3095 1321 ὑποφαίνει
3130 1246 3193 1299 τὰ
3223 1252 3312 1300 του
3342 1245 3630 1319 μέλλοντος
3680 1248 3843 1325 ἀγαθά.

2245 1331 2337 1385 Καὶ
2370 1331 2402 1396 ἡ
2475 1336 2572 1403 μὲν
2630 1336 2733 1385 τῶν
2774 1331 3089 1406 σωζομένων
3121 1334 3238 1397 ὁδὸς
3269 1332 3391 1388 ὅσον
3423 1334 3561 1391 καλὰ
3589 1337 3848 1414 ὑπισχνειο

2240 1439 2321 1473 ται
2389 1420 2441 1472 τα
2510 1418 2797 1492 μέλλοντα,
2877 1422 3121 1477 τοσοῦτον
3182 1420 3404 1478 ἐπίπονα
3458 1426 3747 1504 παρέχεται
3798 1429 3847 1479 τὰ

2242 1508 2494 1585 παρόντα·
2554 1510 2580 1563 ὁ
2625 1506 2679 1563 δὲ
2710 1507 2832 1575 ἡδύς
2884 1512 2971 1566 καὶ
2998 1510 3288 1573 ἀκόλαστος
3347 1512 3456 1587 βίος
3490 1516 3614 1592 οὒχὶ
3643 1512 3845 1589 προσδο-

515 1598 701 1675 ptaria
727 1605 924 1655 autem
948 1603 1006 1653 et
1026 1593 1256 1671 impura
1276 1593 1524 1653 vitanon
1546 1593 1605 1655 in
1626 1606 1926 1675 posterum
1951 1616 2152 1679 exspe-

2242 1596 2485 1669 νωμένην
2558 1598 2629 1660 εἰς
2684 1596 2921 1677 ὕστερον,
2970 1597 3091 1652 ἀλλ’
3123 1596 3226 1665 ἤδη
3281 1608 3550 1677 παροῦσαν
3603 1606 3845 1678 προτείνε-

515 1683 783 1747 ctandas.
812 1681 915 1741 sed
940 1682 1063 1759 jam
1101 1691 1424 1758 praesentes
1456 1683 1701 1744 delicias
1735 1686 2155 1766 proponit.lta-

2242 1706 2325 1739 ται
2384 1682 2506 1763 ((27)
2558 1688 2657 1751 τὴν
2703 1685 3014 1749 ἀπόλαυσιν,
3050 1687 3274 1765 Ἰλιγγιᾷ
3303 1689 3390 1743 οὖν
3421 1696 3565 1745 πᾶσα
3590 1692 3754 1770 ψυχή,
3780 1693 3849 1747 καὶ

515 1793 631 1855 que
649 1770 942 1851 vertigine
965 1772 1407 1832 laboratanima
1430 1774 1830 1852 omnis,atque
1859 1776 2157 1837 titubanti-

2242 1773 2551 1846 μετοκλάζει
2610 1788 2726 1838 τοῖς
2793 1775 3100 1853 λογισμοῖς,
3155 1774 3280 1833 ὅταν
3339 1780 3436 1851 μὲν
3494 1783 3750 1855 ἓνθυμηθξ,
3797 1784 3848 1835 τα

514 1864 625 1925 bus
658 1859 1114 1940 cogitationibus
1177 1863 1431 1940 agitatur
1461 1883 1474 1924 :
1511 1882 1644 1922 cum
1681 1865 1920 1943 quidem
1952 1885 2153 1928 secum

2242 1862 2449 1942 αἰώνια,
2525 1864 2621 1930 τὴν
2676 1863 2867 1941 ἀρετὴν
2926 1865 3229 1942 αἱρουμένη,
3294 1865 3419 1922 ὅταν
3477 1867 3532 1922 δὲ
3603 1866 3848 1945 ἀποϐλέψῃ

512 1952 755 2014 revolvit
783 1960 1029 2025 aeterna,
1055 1950 1220 2029 eligit
1250 1951 1549 2022 virtutem,
1588 1972 1721 2013 cum
1749 1972 1887 2015 vero
1913 1957 2157 2036 respicit

2242 1953 2368 2027 πρὸς
2441 1954 2504 2007 τὰ
2561 1953 2818 2029 παρόντα,
2856 1955 2953 2020 τὴν
3003 1952 3201 2021 ἡδονὴν
3235 1957 3565 2032 προτιμῶσα,
3604 1952 3717 2011 Ὧδε
3742 1958 3848 2033 βλέ-

513 2044 583 2103 ad
621 2041 955 2122 praesentia,
990 2040 1348 2119 voluptatem
1384 2040 1756 2119 praefertﬂic
1790 2043 2003 2106 bonam
2030 2066 2155 2108 cor-

2242 2062 2323 2094 πει
2377 2043 2567 2117 σαρκὸς
2656 2043 2961 2115 εὐπάθειαν,
3048 2042 3165 2097 ἐκεῖ
3240 2042 3601 2122 δουλαγωγίαν
3670 2048 3847 2122 σαρκός·

516 2140 674 2215 poris
708 2129 1114 2192 habitudinem
1140 2130 1544 2209 conspicit,ibi
1567 2135 1764 2193 carnis
1782 2137 2151 2200 servitutem:

2242 2127 2336 2183 ωδε
2370 2129 2557 2202 μέθην,
2635 2130 2752 2185 ἐκεῖ
2827 2133 3093 2196 νηστείαν
3150 2130 3251 2187 ὦδε
3311 2132 3550 2209 γέλωτας
3607 2134 3850 2209 ἀκρατεῖς,

516 2222 613 2284 hic
648 2217 1120 2290 ebrietatem,ibi
1147 2218 1577 2298 jejuniumzhic
1596 2221 1916 2283 cachinnos
1937 2227 2153 2287 immo-

2242 2216 2355 2273 ἐκεῖ
2422 2216 2641 2297 δάκρυον
2673 2216 2915 2293 δαψιϐές·
2979 2219 3196 2275 ἐνταῦθα
3241 2221 3493 2300 ὄρχησιν,
3528 2222 3681 2277 κάκεῖ
3708 2245 3850 2302 προσ-

516 2308 795 2386 dicos,ibi
832 2306 1115 2388 plurimas
1140 2310 1446 2386 Iacrymas:
1480 2307 1574 2370 hic
1593 2309 1998 2387 saltationem,
2036 2314 2156 2375 illic

2244 2308 2433 2386 ευχήν’
2498 2306 2684 2369 αὒλοὺς
2757 2304 2881 2385 ὦδε,
2947 2307 3104 2363 κάκεῖ
3166 2310 3518 2385 στεναγμούς·
3593 2310 3689 2366 ὧδε
3741 2334 3851 2388 πορ-

517 2401 943 2483 precationem:
978 2396 1074 2457 hic
1105 2395 1299 2472 tibias,
1328 2395 1452 2457 illic
1473 2401 1759 2476 gemitus:
1798 2400 1893 2462 hic
1923 2415 2156 2463 scorta-

2242 2397 2403 2475 νείαν,
2465 2395 2625 2451 κάκεῖ
2684 2398 2982 2473 παρθενίαν,
3026 2396 3176 2453 Ἐπεὶ
3209 2398 3297 2455 οὖν
3356 2401 3416 2453 τὸ
3474 2400 3574 2472 μὲν
3626 2399 3850 2465 ἀληθινῶς

516 2482 890 2565 tionem,illic
913 2485 1634 2564 virginitatemﬂuoniam
1656 2486 1837 2565 igitur
1850 2491 2006 2569 quod
2021 2510 2157 2554 vere

2244 2484 2439 2562 ἀγαθὸν
2491 2485 2735 2561 λογισμῷ
2799 2482 3005 2551 ληπτὸν
3064 2485 3173 2542 ἐστι
3232 2484 3315 2541 διὰ
3372 2488 3601 2553 πίστεως
3650 2491 3851 2567 (μακρὰν

515 2580 736 2642 bonum
764 2577 943 2651 est,id
973 2576 1259 2637 duntaxat
1284 2575 1517 2636 ratione
1543 2594 1650 2656 per
1682 2576 1855 2638 ﬁdem
1882 2597 2157 2661 compre-

2243 2575 2341 2651 γὰρ
2374 2573 2696 2646 ἀπῴκισται,
2749 2575 2835 2628 καὶ
2896 2573 3164 2652 ὀφθαλμὸς
3222 2577 3314 2630 οὐκ
3368 2576 3506 2651 εἶδε,
3542 2581 3625 2633 καὶ
3655 2589 3731 2638 οὖς
3776 2576 3854 2633 οὒκ

520 2669 700 2733 hendi
737 2674 928 2749 potest
960 2665 1159 2745 (longe
1179 2663 1336 2726 enim
1360 2664 1548 2741 abest,
1580 2684 1690 2726 nec
1742 2667 1883 2728 vidit
1926 2659 2157 2744 oculus,

2244 2661 2484 2738 ἤκουσε),
2558 2664 2616 2716 τὸ
2657 2659 2708 2716 δὲ
2742 2668 2837 2728 τῆς
2898 2664 3156 2740 ἁμαρτίας
3187 2662 3281 2731 ἡδὺ
3313 2666 3602 2744 πρόχειρον
3634 2667 3741 2746 ἔχει
3780 2668 3850 2721 καὶ

519 2779 630 2823 nec
658 2748 820 2820 auris
852 2756 1071 2818 audivit
1093 2756 1195 2834 40),
1246 2754 1475 2835 peccati
1500 2773 1635 2817 vero
1671 2760 1924 2819 suavitas
1955 2778 2147 2839 prom-

2243 2748 2328 2805 διὰ
2385 2753 2563 2817 πάσης
2615 2752 2905 2821 αἰσθήσεως
2955 2752 3173 2827 ῥέουσαν
3203 2755 3298 2820 τὴν
3338 2754 3653 2810 ἀπόλαυσιν*
3698 2756 3848 2829 μακά-

515 2857 762 2933 ptam,et
781 2866 885 2928 per
906 2863 1114 2907 omnes
1131 2862 1342 2906 sensus
1365 2844 1647 2906 ﬂuentem
1674 2847 2033 2927 voluptatem
2056 2850 2157 2910 lia-

2246 2862 2355 2918 ριος
2403 2845 2429 2897 ὁ
2474 2846 2550 2916 μη
2612 2841 2941 2918 περιτραπεὶς
3000 2840 3058 2896 ἐκ
3105 2842 3233 2918 (28)
3292 2844 3398 2898 τῶν
3442 2845 3541 2911 τῆς
3573 2845 3749 2912 ἡδονῆς
3776 2843 3851 2898 δε-

519 2928 619 3004 bet
651 2928 923 3017 ;idcirco
957 2938 1185 3010 beatus,
1219 2937 1317 3015 qui
1346 2944 1586 3015 propter
1624 2935 1939 3016 voluptatis
1968 2938 2157 3001 illece-

2248 2928 2561 2997 λεασμάτων
2613 2932 2743 3007 πρὸς
2815 2932 2913 2996 τὴν
2977 2930 3271 3003 ἀπώλειαν,
3343 2931 3481 2988 ἀλλά
3514 2931 3581 2987 δι’
3611 2936 3849 3007 ὑπομονῆς

516 3031 653 3094 bras
668 3048 784 3090 non
799 3026 1087 3088 deductus
1114 3024 1292 3085 estad
1326 3022 1654 3098 interitum,
1682 3026 1790 3085 sed
1808 3044 1974 3106 spem
1996 3029 2157 3091 salu-

2247 3019 2345 3085 τὴν
2371 3017 2553 3074 ἐλπίδα
2625 3024 2723 3085 τῆς
2790 3019 3051 3097 σωτηρίας
3123 3018 3585 3100 ἀπεκδεχόμενος,
3618 3024 3700 3078 καὶ
3728 3022 3773 3076 ἐν
3796 3028 3850 3095 τῇ,

515 3122 590 3183 tis
616 3122 919 3200 exspectat
943 3133 1049 3195 per
1080 3114 1452 3212 patient-iam,
1485 3133 1556 3212 ac
1583 3114 1640 3173 in
1666 3123 1919 3195 utraque
1948 3118 2044 3179 via
2067 3136 2157 3180 se-

2247 3106 2443 3186 ὲκλογῇ
2471 3114 2576 3164 τῶν
2628 3106 2763 3164 ὁδῶν
2816 3109 3077 3187 ἑκατέρων
3108 3112 3185 3184 μη
3229 3108 3414 3174 ἐπιϐὰς
3442 3110 3539 3179 τῆς
3569 3110 3683 3167 ὁδοῦ
3710 3112 3849 3187 ἀγον-

515 3197 819 3274 cernenda
848 3206 997 3265 viam
1028 3203 1101 3264 ad
1130 3201 1428 3263 deteriora
1474 3202 1792 3301 ducentem
1826 3223 1945 3267 non
1978 3207 2157 3287 capit.

2247 3220 2346 3265 σης
2377 3197 2461 3253 ἐπὶ
2491 3200 2557 3253 τὰ
2587 3199 2827 3277 χείρονα,
3747 3277 3770 3301 τ

2785 3285 2868 3301 -.κ
3020 3287 3038 3301 ς
3158 3295 3182 3301 _
3305 3286 3331 3301 ,ν

597 3301 654 3363 6.
690 3295 910 3359 VnasA
931 3342 945 3355 .
968 3292 1047 3355 Et
1069 3294 1133 3374 in
1164 3291 1445 3374 cathedra
1458 3290 1826 3374 pestilentiae
1845 3312 1967 3357 non
1985 3285 2157 3363 sedit.

2328 3288 2387 3350 ὃ,
2440 3289 2537 3347 Καί
2580 3288 2665 3344 ἐπὶ
2713 3285 2962 3365 καθέδρας
3019 3287 3220 3363 λοιμῶν
3270 3286 3364 3345 οὒκ
3436 3290 3695 3347 ἐκάθισεν.
3748 3285 3849 3366 Ἆρα

521 3378 824 3445 Numillas
864 3370 1369 3447 dicitcathedras,
1397 3370 1454 3431 in
1469 3370 1686 3450 quibus
1700 3385 1897 3435 nostra
1914 3394 2157 3457 corpora

2248 3380 2439 3441 ταύτας
2514 3377 2657 3454 λέγει
2736 3370 2831 3438 τὰς
2919 3375 3190 3455 καθέδρας,
3280 3377 3364 3458 ἐφ’
3414 3380 3487 3435 ὧν
3553 3380 3850 3451 ἂναπαόομεν

515 3468 701 3551 quieti
732 3465 989 3526 damus?
1022 3460 1224 3540 Ecqua
1257 3468 1350 3520 est
1378 3460 1520 3539 ligni
1543 3480 1679 3521 cum
1708 3472 1951 3541 peccato
1974 3466 2157 3529 socie.

2248 3471 2401 3543 ἡμῶν
2432 3470 2496 3522 τὰ
2540 3467 2761 3541 σώματα
2796 3487 2812 3542 ς
2850 3468 2944 3523 Καὶ
2976 3469 3048 3527 τίς
3081 3469 3115 3534 ἡ
3146 3468 3251 3523 ἀπὸ
3280 3470 3371 3523 τοῦ
3402 3467 3559 3532 Ξύλου
3584 3469 3700 3546 (99)
3744 3470 3847 3544 πρὸς

513 3567 625 3633 tas,
661 3565 723 3617 ut
754 3551 1092 3616 cathedram
1126 3568 1160 3611 a
1190 3559 1500 3629 peccatore
1525 3565 1999 3632 praeoccupatam
2025 3564 2152 3617 tan-

518 3666 692 3731 quam
726 3641 1021 3705 exitialem
1053 3640 1255 3731 fugere
1279 3639 1528 3731 debeam
1553 3645 1580 3700 ?
1602 3639 1811 3703 Nonne
1832 3643 2061 3709 firmam
2082 3665 2151 3708 ac

518 3727 787 3800 stabilem
810 3733 869 3792 in
883 3727 1446 3811 vitiiapprobatione
1461 3746 1685 3790 moram
1696 3731 1789 3791 96
1809 3734 2149 3797 cathedram

515 3828 629 3891 dici
665 3822 837 3886 nobis
860 3818 1181 3901 putandum
1206 3825 1329 3881 est?
1354 3818 1521 3891 Quod
1548 3838 1861 3883 caveamus
1894 3834 2148 3908 oportet,

516 3925 827 3999 propterea
851 3909 1006 3992 quod
1031 3908 1297 3999 studit-sa
1317 3909 1375 3968 in
1401 3910 1657 3988 peccatis
1691 3929 1856 3971 mora
1878 3913 2150 3976 habitum

514 3998 831 4087 quemdam
858 4000 961 4081 qui
982 3999 1079 4059 vix
1112 3998 1305 4087 excuti
1339 4002 1623 4077 potest,in
1652 3998 1870 4061 animis
1901 4002 2152 4081 ingene-

512 4085 623 4157 rat.
663 4092 765 4155 Vix
797 4092 955 4152 enim
990 4096 1233 4147 sanatur
1263 4085 1632 4147 inveteratus
1662 4087 1846 4148 animi
1880 4094 2150 4175 morbus,

514 4185 774 4263 malique
806 4176 1152 4241 exercitatio
1187 4186 1453 4255 tempore
1479 4175 1849 4239 conﬁrmata:
1884 4178 2004 4241 imo
2022 4202 2163 4249 vero

515 4274 710 4334 sanari
754 4268 997 4330 omnino
1030 4284 1148 4325 nou
1183 4272 1396 4343 potest,
1430 4265 1483 4325 si
1500 4267 1869 4327 consuetudo
1896 4269 1954 4331 in
1983 4282 2163 4336 natu-

516 4381 643 4424 ram
668 4356 1023 4432 transeat,id
1046 4355 1201 4435 quod
1228 4355 1583 4435 plerumque
1597 4355 2162 4438 evenit.0ptandum

2237 3558 2493 3636 ἁμαρτίαν
2553 3553 2853 3630 μετάδοσις,
2932 3554 3067 3610 ὥστε
3112 3577 3177 3631 με
3205 3556 3300 3623 τὴν
3332 3559 3433 3613 ὑπὸ
3476 3566 3570 3614 τοῦ
3622 3561 3843 3635 ἀμαρτω-

2235 3648 2331 3704 λοῦ
2386 3643 2925 3725 προκαταληφθεῖσαν
2981 3642 3227 3722 καθέδραν
3280 3648 3351 3707 ὡς
3417 3646 3676 3725 βλαϐερὰν
3718 3648 3838 3701 ἀπο-

2236 3739 2445 3815 φεύγειν
2489 3754 2505 3814 ς
2555 3733 2635 3788 ’Ἢ
2684 3734 2909 3807 νομὶζειν
2958 3733 3100 3808 ἡμᾶς
3158 3734 3269 3812 χρὴ
3333 3734 3588 3811 καθέδραν
3620 3737 3835 3813 λέγεσθαι

2235 3828 2332 3894 τὴν
2377 3824 2581 3903 ἑδραίαν
2625 3824 2709 3878 καὶ
2772 3824 3002 3897 μόνιμον
3061 3821 3114 3876 ἐν
3166 3829 3232 3898 τῇ
3302 3825 3468 3901 κρίσει
3527 3828 3623 3892 τῆς
3674 3824 3833 3883 κακίας

2234 3911 2500 3991 διατριϐήν
2536 3932 2553 3992 ;
2618 3912 2696 3969 ’Ὀ
2768 3912 3057 3990 φυλακτέον
3114 3912 3272 3990 ἡμῖν,
3311 3911 3446 3968 διότι
3482 3916 3544 3969 τὸ
3574 3913 3841 3994 φιλοπονως

2237 4000 2650 4083 προσδιατρίϐειν
2712 4015 2830 4063 ταῖς
2890 4001 3168 4079 ἁμαρτίαις
3226 4000 3330 4066 ἕξιν
3388 4006 3506 4058 τινα
3574 4005 3845 4067 δυσκίνητον

2237 4094 2364 4156 ταῖς
2397 4092 2607 4173 ψυχαῖς
2663 4094 2907 4167 ἒμποιεϊ.
2971 4090 3274 4147 Παλαιωθέν
3321 4093 3420 4171 γὰρ
3480 4096 3641 4155 πάθος
3666 4096 3843 4169 ψυχῆς,

2249 4187 2337 4237 καὶ
2368 4189 2535 4238 κακοῦ
2566 4180 2767 4255 μελέτη
2826 4182 3004 4259 χρὸνῳ
3033 4178 3385 4255 βεϐαιωθεϊσα
3443 4179 3679 4243 δυσίατὲς
3719 4180 3837 4233 ἐστιν

2250 4270 2285 4338 ἧ
2328 4275 2413 4327 καὶ
2458 4272 2665 4332 ἀνίατος
2697 4271 2993 4342 παντελῶς,
3029 4271 3101 4333 εἷς
3155 4270 3330 4347 φύσιν,
3363 4274 3435 4333 ὡς
3469 4275 3534 4326 τὰ
3565 4270 3747 4341 πολλὰ,
3775 4268 3849 4322 τοῦ

2252 4360 2398 4424 ἔθους
2473 4360 2875 4436 μεθισταμένου,
2954 4361 3133 4439 Εἰχῆς
3168 4360 3264 4422 μὲν
3298 4361 3383 4415 οὖν
3415 4360 3557 4424 ἄξιον
3587 4384 3659 4435 μη
3717 4377 3846 4435 προσ-

514 4452 692 4532 igitur
722 4448 993 4528 fuerit,ut
1019 4463 1091 4505 ne
1112 4445 1472 4522 attingamus
1498 4446 1742 4509 malum.
1770 4448 2043 4513 Attamen
2076 4472 2157 4516 sei

2256 4453 2486 4526 ἅψασθαι
2535 4461 2627 4508 τοὺ
2678 4456 2861 4510 κακοῦ,
2918 4450 3166 4527 Δεύτερος
3225 4447 3277 4503 δὲ
3326 4448 3514 4523 πλους,
3576 4453 3709 4510 εὐθὺς
3737 4446 3846 4522 μετὰ

517 4545 715 4607 cunda
735 4545 1006 4622 superest
1035 4537 1351 4618 navigatio,
1374 4544 1435 4596 ut
1468 4538 1658 4598 statim
1686 4549 1815 4617 post
1840 4546 2168 4624 experien-

517 4634 654 4695 tiam
680 4631 829 4694 illud
856 4638 1130 4708 tanquam
1164 4625 1368 4686 bestia:
1388 4636 1697 4689 venenatas
1716 4629 1946 4709 plagam
1976 4635 2167 4698 decli-

515 4719 1088 4797 nemus,secundum
1111 4714 1493 4777 Salomonem
1520 4716 1594 4778 de
1620 4719 1888 4799 improba
1914 4724 2167 4789 muliere

515 4813 902 4875 scribentem:
932 4806 1026 4869 Ne
1055 4806 1299 4885 inﬁcias
1320 4805 1564 4867 oculum
1589 4813 1758 4869 tuum
1781 4809 1849 4872 in
1873 4828 2029 4894 eam,
2062 4815 2168 4877 sed

514 4905 713 4980 resiti;
740 4919 818 4965 ne
836 4904 1102 4964 moreris
1121 4898 1175 4948 41
1189 4895 1282 4960 .Et
1297 4914 1435 4958 vero
1458 4899 1748 4978 quosdam
1771 4902 2038 4986 novi,qui
2061 4924 2167 4986 per

600 5064 661 5114 40
691 5062 714 5124 l
743 5065 884 5125 Cor.
920 5080 982 5143 ll,
1015 5065 1079 5125 9.
1165 5059 1218 5111 *ί
1253 5061 1430 5122 Prov.
1456 5074 1535 5137 lx,
1568 5059 1670 5124 18.

593 5222 720 5317 ,(26)
758 5223 867 5283 Pro
889 5223 1059 5281 πυκνά
1115 5221 1333 5299 legitur
1361 5220 1425 5282 in
1493 5218 1791 5300 aliquibus
1848 5242 1995 5292 mss.
2052 5252 2157 5286 πυ-

522 5325 722 5460 m???)
752 5382 912 5444 Edit.
944 5385 1224 5463 προτείνει.
1278 5381 1354 5443 Al.
1386 5399 1527 5447 mss.
1565 5402 1685 5446 non
1718 5386 1890 5465 pauci
1946 5392 2160 5465 προτείο

520 5483 685 5523 νιται,

606 5541 728 5619 (28)
755 5540 855 5603 Sic
884 5560 1023 5603 mss.

526 5622 840 5681 sideratur.

604 5701 734 5779 (29)
762 5700 919 5763 Edili
954 5703 1059 5760 ἀπὸ
1089 5703 1261 5769 ξυλού.
1294 5706 1371 5768 Αι
1402 5725 1545 5771 mss.
1577 5709 1683 5765 ἀπὸ
1726 5715 1820 5766 τοῦ
1847 5706 2020 5774 ξύλου.

1057 5543 1325 5625 plurimi.
1359 5543 1585 5607 Vocula
1615 5547 1675 5604 ἐκ
1717 5546 1779 5608 in
1824 5547 1999 5611 editis
2056 5549 2160 5613 de-

2193 4518 2235 4568 D

2252 4545 2351 4608 την
2417 4541 2613 4618 πεῖραν
2657 4539 2836 4615 ὥσπερ
2878 4537 3091 4595 ἰοϐὸλου
3122 4538 3336 4617 πληγὴν
3378 4540 3707 4619 ἀποφεύγειν,
3737 4537 3846 4592 κατὰ

2251 4636 2311 4690 τὸ
2371 4629 2741 4710 γεγραμμένον
2800 4630 2938 4705 παρὰ
2981 4636 3072 4684 τοῦ
3147 4629 3494 4702 Σολομῶντος
3517 4630 3741 4708 περὶτῆς
3766 4649 3843 4701 γ)-

2251 4724 2433 4786 ναικὸς
2506 4719 2603 4787 τῆς
2656 4721 2887 4798 φαύλης,
2920 4716 3000 4774 ὅτι
3073 4719 3161 4776 Μὴ
3219 4717 3515 4795 ἐπιστάσης
3573 4722 3659 4774 σὸν
3725 4716 3845 4789 ὄμμα

2249 4815 2380 4889 πρὸς
2428 4810 2620 4889 αὐτὴν,
2664 4807 2783 4864 ἀλλ’
2828 4805 3180 4877 ἀποπήδησον
3223 4806 3301 4881 μὴ
3357 4806 3667 4887 ἐγχρονίσῃς
3719 4800 3841 4882 (80).

2251 4907 2352 4962 Νὗν
2382 4903 2436 4960 δὲ
2468 4897 2591 4960 οἶδά
2646 4920 2791 4961 τινας
2845 4896 2900 4952 ἐν
2947 4899 3157 4963 νεὸτητι
3214 4897 3345 4975 πρὸς
3404 4899 3470 4952 τὰ
3537 4897 3629 4964 τῆς
3686 4893 3844 4972 σαρκὸς

2326 5229 2443 5305 (30)
2479 5226 2677 5290 Editio
2711 5220 2898 5305 Paris.
2933 5220 3298 5305 {Aﬁxpovicnj
3332 5219 3487 5305 ἐνπῷ
3534 5217 3693 5305 τοπῳ.

2246 5297 2504 5385 illud,i:v
2538 5316 2614 5381 τῷ
2659 5306 2835 5385 «abnth
2867 5303 2928 5362 in
2958 5297 3219 5385 editione
3252 5298 3460 5385 Basil.“
3487 5304 3546 5385 et
3572 5297 3628 5356 in
3660 5301 3842 5385 nostris

2244 5408 2344 5450 sex
2376 5376 2517 5449 mss.
2555 5376 2745 5449 deest.
2794 5376 2876 5443 Ex
2910 5399 3026 5458 quo
3062 5380 3144 5459 tit,
3179 5387 3244 5439 ut
3275 5396 3343 5438 ex
3375 5376 3581 5438 Bibliis
3610 5376 3841 5437 additum

2239 5468 2423 5531 fuisse
2455 5468 2618 5530 credi
2654 5469 2868 5526 merito
2920 5460 3206 5543 possitEt
3237 5459 3358 5543 hoc
3395 5459 3724 5543 notandum,
3758 5464 3842 5529 pro

2239 5552 2491 5630 χρςονίσῃς
2521 5550 2631 5628 legi
2658 5551 2713 5608 in
2742 5537 3003 5605 editio'ne
3048 5538 3231 5601 Basil.
3259 5548 3316 5600 et
3345 5540 3405 5599 in
3458 5537 3668 5618 aliquot
3718 5545 3838 5591 mss.

2239 5633 2556 5712 ἐγχρονίσῃς
2567 5674 2581 5689 .
