4102 6224
187 351 307 418 225

1383 346 1712 410 HOMILIA
1752 342 1834 410 IN
1878 342 2262 410 PSALMUM.
2309 342 2356 410 Ι.

3437 349 3558 413 298

188 492 332 557 πάθη
365 487 880 567 κατολισθήσαντας,
940 488 1025 543 καὶ
1069 485 1231 567 μέχρι
1287 483 1475 546 πολιᾶς
1524 482 1646 563 (31)
1676 483 1834 550 αὐτῆς

1933 499 2080 541 suam
2109 483 2477 560 juventutem
2511 483 2572 545 in
2596 484 2794 546 carnis
2821 484 2955 546 vitia
2977 485 3228 565 delapsi,
3271 487 3342 548 ad
3364 488 3559 568 ipsam-

184 578 271 636 διὰ
301 581 582 649 συνήθειαν
635 585 726 633 τοῦ
779 575 945 633 κακοῧ
1003 591 1126 638 ταῖς
1184 574 1464 652 ἁμαρτίαις
1495 569 1836 651 παραμένον-

185 692 304 731 τας.
377 660 470 730 Ὠς
533 669 632 746 γὰρ
711 669 756 723 οἱ
816 666 868 722 ἐν
944 662 1182 744 βορϐόρῳ
1260 660 1656 738 καλινδούμενοι
1717 662 1834 740 (39.)

186 773 376 840 χοῖροι
409 759 488 814 ἀεὶ
519 756 975 836 προσπλάττουσιν
1009 757 1220 818 ἑαυτοῖς
1261 755 1352 809 τὸν
1404 751 1571 820 πηλόν
1608 773 1619 785 ·
1667 753 1834 816 οὕτως

188 849 335 906 οὗτοι
367 850 428 904 τὸ
458 847 518 903 ἐκ
547 848 644 914 τῆς
705 846 903 914 ἡδονῆς
963 845 1166 924 αἶσχος
1218 841 1333 899 καθ’
1367 842 1594 912 ἑκάστην
1636 841 1835 919 ἡμέραν

189 937 743 1015 προσαναμάσσονται.
812 935 1082 1014 Μακάριον
1142 935 1240 1010 μὶν
1295 939 1382 990 οὖν
1442 935 1504 990 τὸ
1575 935 1653 1008 μὴ
1716 931 1835 988 διας·

190 1028 448 1096 νοηθῆναι
501 1028 559 1081 τὸ
605 1025 834 1102 πανηρόν
872 1043 884 1056 ·
949 1026 991 1081 εἰ
1049 1022 1101 1080 δὲ
1159 1026 1296 1081 κατὰ
1348 1023 1690 1104 συναρπαγὴν
1747 1027 1839 1078 τοῦ

187 1116 387 1197 ἐχθροῦ
421 1114 578 1180 ἐδέξω
607 1121 673 1191 τῇ
728 1119 882 1193 ψυχῇ
930 1113 1268 1190 βουλεύματα
1300 1112 1564 1186 ἀσεϐείας,
1597 1113 1676 1187 μὴ
1708 1112 1839 1185 στῇς

186 1207 272 1263 ἐπὶ
334 1207 428 1273 τῆς
495 1205 774 1282 ἁμαρτίας,
843 1205 896 1260 Εἰ
957 1200 1011 1259 δὲ
1068 1205 1150 1259 καὶ
1207 1212 1363 1259 τοῦτο
1407 1203 1697 1280 πέπονθας,
1757 1200 1835 1276 μὴ

187 1295 484 1376 ὶνιδρυνθῇς
545 1300 622 1367 τῷ
665 1300 835 1367 καιῷ.
886 1293 971 1360 Μὴ
1032 1295 1202 1349 τοίνυν
1255 1293 1509 1360 καθεοθῆς
1561 1292 1645 1348 ἐπὶ
1701 1293 1833 1346 καθ-

190 1387 341 1457 έδρας
369 1386 464 1454 τῆς
493 1386 600 1441 τῶν
630 1382 857 1457 λοιμῶν.
898 1384 954 1439 Εἰ
987 1380 1108 1462 (33)
1168 1382 1391 1449 ἐνόησας
1441 1379 1692 1459 καθέδραν
1721 1380 1836 1436 τίνα

190 1478 351 1557 φησὶν
380 1478 405 1530 ὁ
437 1473 622 1552 λόγος,
654 1471 736 1528 ὅτι
767 1473 863 1540 τὴν
899 1471 1091 1548 διαρκῆ
1126 1472 1265 1550 λέγει
1313 1482 1404 1530 τοῦ
1455 1481 1619 1530 κακοῦ
1671 1492 1836 1550 προσ-

191 1564 365 1644 εδρέαν
392 1564 634 1629 ἓξέτασον
681 1561 866 1618 λοιπὸν
925 1563 1068 1624 τίνας
1118 1563 1365 1636 ὠνόμασε
1419 1563 1538 1627 τοὺς
1591 1560 1834 1635 λοιμούς.

192 1657 331 1711 Φασὶ
385 1653 451 1720 δη
509 1654 599 1709 τὸν
657 1650 844 1725 λοιμὸν
901 1654 946 1707 οἱ
1019 1653 1134 1728 περὶ
1192 1658 1356 1708 ταῦτα
1415 1649 1594 1723 δεινοὶ,
1628 1647 1838 1706 ἐπειδὰν

192 1746 309 1808 ἑνὸς
365 1741 639 1820 ἀνθρώπου
696 1742 729 1808 ἢ
787 1742 1010 1810 κτήνους
1069 1740 1298 1815 ἅψηται,
1332 1742 1466 1798 κατὰ
1496 1739 1723 1795 διάδοσιν
1755 1739 1840 1794 ἐπὶ

197 1836 400 1896 πάντας
468 1832 591 1894 τοὺς
672 1830 979 1907 ἐγγίζὸντας
1056 1826 1392 1904 διανέμεσθαι
1429 1844 1441 1858 ⁸

1922 590 2110 647 mque
2141 573 2416 635 canitiem
2439 573 2500 635 in
2524 574 2782 655 peccatis
2813 583 3054 656 propter
3081 575 3216 637 mali
3239 586 3555 638 consuetu-

1921 660 2121 722 dinem
2151 663 3218 741 perseveraverunt.0uemadmodum
3239 667 3397 728 enim
3417 686 3556 730 sues

1922 751 2019 828 qui
2052 771 2185 812 sese
2215 752 2275 812 in
2308 772 2480 815 cceno
2512 753 3102 831 obvolvunt,semper
3123 756 3306 834 magis
3335 775 3408 818 ac
3436 777 3558 819 ma~

1920 837 2010 917 gis
2031 839 2151 900 luto
2167 854 2600 921 asperguntur:
2634 843 2719 904 sic
2749 843 2787 902 ii
2820 841 3085 923 quotidie
3117 845 3302 921 magis
3342 864 3411 908 ac
3435 866 3553 908 ma-

1919 928 2007 1006 gis
2027 930 2341 1010 voluptatis
2357 931 2470 992 sibi
2497 931 2759 993 dedecus
2777 931 3041 993 inurunt.
3055 934 3360 995 Beatitudo
3377 934 3559 1015 igitur

1921 1026 2010 1077 est
2041 1019 2258 1080 malum
2293 1039 2409 1081 non
2442 1022 2729 1101 cogitasse
2763 1042 2776 1084 :
2830 1023 2878 1082 si
2935 1031 3138 1084 tamen
3159 1022 3387 1086 inimici
3416 1026 3555 1089 dolo

1923 1107 2167 1168 COHSlIi't
2196 1108 2514 1188 impietatis
2536 1111 2835 1191 receperis
2866 1109 2927 1172 in
2959 1111 3179 1184 anima,
3213 1132 3288 1174 ne
3319 1116 3562 1178 steteris

1922 1195 1979 1255 in
2017 1207 2278 1276 peccato.
2307 1200 2470 1272 Quod
2497 1200 2544 1260 si
2569 1199 2744 1261 etiam
2778 1200 2836 1260 id
2871 1200 2977 1262 tibi
3004 1203 3271 1283 contigit,
3304 1203 3364 1264 in
3401 1206 3565 1268 malo

1921 1304 1995 1345 ne
2030 1293 2498 1365 permaneas.Ne
2528 1290 2706 1368 igitur
2727 1290 2954 1352 sederis
2982 1291 3043 1351 in
3076 1293 3358 1354 cathedra
3383 1298 3556 1376 pesti-

1919 1372 2330 1439 lentiaruin.Si
2362 1378 2702 1440 intellexisti
2734 1398 3050 1460 quamnam
3083 1372 3422 1444 cathedram
3456 1385 3557 1445 di-

1921 1474 2012 1525 cat
2033 1464 2650 1546 Scriptura,nimirnm
2668 1469 2902 1549 longam
2922 1469 2980 1529 in
2999 1471 3152 1534 malo
3173 1490 3526 1552 perseveran
3543 1509 3559 1522 -

1899 1553 2089 1634 ,tiam,
2123 1556 2198 1616 de
2221 1566 2437 1618 caetero
2473 1558 2750 1638 exquiras
2776 1558 2948 1619 velim
2994 1578 3142 1641 quas
3190 1561 3561 1641 pestilentias

1924 1646 2211 1704 nominet.
2247 1647 2722 1708 Aiuntharumce
2746 1665 2946 1709 rerum
2979 1650 3151 1729 periti
3176 1661 3423 1730 pestem,
3457 1657 3559 1715 ubi

1925 1753 2104 1793 unum
2127 1736 2904 1817 huminem,autjumentum
2927 1739 3270 1818 attigerit,in
3290 1761 3561 1826 quosque

1518 1830 1669 1907 φύσιν
1741 1830 1839 1908 γὰρ

1933 1825 2225 1903 proximos
2275 1844 2378 1904 per
2397 1827 2556 1887 vices
2599 1845 2874 1906 serpere:
2913 1831 3278 1891 contendunt
3304 1825 3562 1912 namque

195 1923 342 1980 εἶναι
372 1927 472 1986 τῆς
504 1921 659 1976 νόσου
688 1920 960 1992 τοιαύτην,
997 1919 1055 1974 τὸ
1097 1917 1148 1983 ἐξ
1181 1917 1429 1989 αλλήλων
1472 1921 1673 1983 παίντας
1704 1918 1838 1974 ἀνα-

1933 1914 2099 1992 hujus
2132 1914 2322 1976 morbi
2359 1925 2625 1978 naturam
2664 1919 2838 1978 talem
2876 1934 3030 1999 esse,
3065 1927 3130 1980 ut
3179 1939 3388 1983 omnes
3429 1942 3564 1986 sese

193 2010 502 2087 πιμπλάναι
561 2014 658 2076 τῆς
717 2009 1028 2087 ἀρρωστίας,
1091 2016 1328 2066 Τοιοῦτοι
1359 2006 1413 2063 δέ
1440 2009 1577 2072 τινές
1625 2010 1723 2064 εἰσι
1755 2010 1842 2064 καὶ

191 2106 242 2160 οἱ
304 2101 521 2178 ἐργάται
579 2099 672 2166 τῆς
721 2097 965 2173 ἄνομίάς,
1001 2096 1213 2159 ’Ἄλλος
1258 2099 1356 2177 γὰρ
1387 2097 1534 2170 ἄλλῳ
1563 2103 1660 2164 τῆς
1690 2097 1842 2153 νόσου

192 2188 568 2268 μεταδιδόντες
617 2190 953 2244 συδνοσοῦσιν
991 2186 1272 2258 ἀλλήλοις,
1329 2189 1417 2243 καὶ
1473 2186 1840 2244 συναπόλλυν-

194 2304 310 2340 ται.
357 2278 441 2336 ’Ἥ
494 2279 598 2358 οὔχ
651 2281 773 2354 ὁρᾷς
818 2280 936 2340 τοὺς
971 2275 1191 2354 πόρνους
1223 2278 1342 2337 τοὺς
1386 2279 1471 2333 επὶ
1515 2282 1613 2344 τῆς
1645 2277 1839 2354 ἀγορᾶς

196 2369 554 2444 καθημένους,
616 2375 704 2423 καί
770 2365 1176 2444 καταγελῶντας
1243 2373 1348 2422 τῶν
1409 2367 1836 2447 σωφρονούντων,

198 2463 288 2518 καὶ
347 2457 728 2536 διηγουμένους
788 2457 986 2514 έα›τῶν
1035 2457 1099 2512 τὰ
1149 2463 1245 2523 τῆς
1281 2458 1534 2537 αἰσχύνης
1569 2456 1716 2537 ἔργα,
1778 2457 1842 2514 τὰ

195 2559 290 2608 τοῦ
333 2551 553 2612 σκότους
606 2545 1025 2626 ἐπιτηδεύματα,
1088 2548 1271 2603 καὶτὰ
1301 2545 1446 2613 πάθη
1475 2552 1572 2613 τῆς
1627 2546 1841 2619 ἀτιμίας

195 2638 693 2714 ἀπαριθμουμένους
753 2639 825 2699 ὡς
869 2637 1154 2714 ἀριστείας,
1208 2635 1243 2704 ἥ
1273 2659 1419 2699 τινας
1453 2635 1622 2701 ἄλλας
1650 2635 1840 2714 ἀνδρα-

195 2731 388 2806 γαθίας
422 2746 436 2803 ;
475 2726 629 2785 Οὗτοί
686 2728 812 2781 εἰσιν
873 2729 918 2782 οἱ
969 2726 1144 2802 λοιμοὶ
1205 2728 1252 2784 οἱ
1303 2728 1364 2782 τὸ
1396 2723 1534 2782 ἴδιον
1564 2727 1726 2780 κακὸν
1759 2725 1843 2782 ἐπὶ

192 2817 402 2882 πάντας
439 2816 585 2895 ἄγειν
611 2821 1055 2896 φιλονεικοῦντες,
1093 2817 1178 2872 καὶ
1210 2814 1440 2878 πολλοὺς
1473 2815 1685 2880 ἑαυτοῖς
1725 2813 1840 2895 (34)

193 2906 610 2981 παραπλήσιους
661 2903 900 2983 γενέσθαι
989 2904 1444 2984 φιλοτιμούμενοι,
1509 2905 1600 2960 ’ἕνα
1656 2904 1710 2960 ἐν
1779 2912 1847 2982 τῇ

191 2998 448 3068 κοινωνίᾳ
479 2995 584 3053 τῶν
640 2996 817 3051 κακῶν
871 2991 1165 3074 διαφύγωσι
1218 2996 1284 3050 τὰ
1328 2993 1532 3061 ὀνείδη,
1567 2994 1699 3051 Οὔτε
1745 2995 1846 3074 γὰρ

189 3094 294 3163 πῦρ
345 3083 782 3162 εὖκαταπρηστου
838 3080 970 3148 ὕλης
1026 3083 1300 3158 ἁψάμενον
1351 3081 1566 3139 δυνατὸν
1612 3085 1690 3159 μὴ
1724 3083 1846 3163 οὗχὶ

188 3177 276 3232 ἐπὶ
333 3181 510 3231 πᾶσαν
570 3173 730 3240 αὑτὴν
785 3170 1053 3244 διαϐῆναι,
1130 3171 1306 3236 ἄλλως
1369 3193 1425 3228 τε
1479 3171 1576 3228 κᾶν
1608 3173 1843 3252 ἐπιτύχῃ

188 3268 493 3340 πνεύματος
545 3260 795 3343 ἐπιφόρο)
839 3262 938 3328 τὴν
983 3261 1156 3341 φλόγα
1211 3262 1607 3337 διακομίζοντος
1649 3281 1662 3298 ’
1724 3261 1842 3318 οὕτε

190 3358 291 3423 τὴν
350 3355 633 3432 ἁμαρτίαν,
696 3353 810 3414 ἐνὸς
884 3350 1191 3430 ἁψαμένην,
1249 3351 1326 3425 μὴ
1355 3353 1477 3431 οὐχὶ
1509 3352 1591 3406 ἐπὶ
1641 3352 1842 3418 πάντας

191 3445 320 3508 τοὺς
377 3444 683 3520 ἓγγίζοντας
767 3439 1020 3514 διελθεῖν,
1101 3440 1432 3505 ὲξαπτόντων
1509 3440 1672 3508 αὐτὴν
1739 3448 1844 3498 τῶν

196 3533 520 3608 πνευμάτων
607 3533 705 3597 τῆς
791 3530 1071 3608 πονηρίας.
1151 3533 1219 3588 Τὸ
1293 3531 1393 3608 γὰρ
1444 3537 1541 3598 τῆς
1600 3533 1842 3608 πορνείας

197 3632 412 3697 πνεῦμα
456 3623 550 3676 οὒκ
604 3619 854 3699 ἀνέχεται
909 3622 966 3674 ἴεν
994 3625 1074 3691 τῷ
1105 3620 1180 3674 ένὶ
1210 3621 1399 3686 στῆναι
1453 3618 1575 3701 (35)
1608 3621 1706 3688 τὴν
1735 3622 1842 3677 ἅτι-

198 3715 352 3788 μίαν,
388 3710 506 3767 ἀλλ’
538 3712 680 3775 εὐθὺς
722 3708 1006 3778 ἡλικιῶται
1039 3709 1560 3788 συμπαρελήφθησαν
1593 3727 1607 3741 ·
1644 3723 1842 3792 κῶμοι,

199 3804 290 3857 καὶ
325 3801 512 3876 μέθαι,
559 3801 644 3855 καὶ
679 3799 876 3878 αἰσχρὰ
906 3795 1216 3877 διηγήματα
1255 3822 1264 3833 ’
1300 3800 1478 3878 ἑταίρα
1512 3799 1637 3879 (36)
1658 3803 1848 3876 συμπίο

197 3912 386 3958 νουσα,
459 3891 628 3961 τούτῳ
685 3885 1104 3968 προσμειδιῶσα,
1163 3887 1414 3945 κάκεῖνον
1474 3887 1844 3972 διερεθίζουσα,

194 3984 285 4039 καὶ
329 3980 534 4042 πάντας
591 3981 721 4057 πρὸς
782 3977 880 4044 την
934 3975 1097 4043 αὖτὴν
1149 3977 1410 4055 ἁμαρτίαν
1443 3979 1842 4060 συμφλέγουσα.

197 4059 329 4148 ’Δρα
379 4070 568 4147 μικρὸς
626 4070 654 4124 ὃ
683 4067 870 4142 λοιμὸς
915 4067 1088 4139 οὗτος,
1121 4066 1156 4134 ἢ
1187 4068 1350 4144 μικρὰ
1392 4069 1425 4135 ἡ
1471 4059 1699 4131 διάδοσις
1754 4079 1847 4128 τοῦ

198 4168 368 4217 κακοῦ
405 4175 422 4234 ;
457 4160 521 4217 Τί
558 4155 635 4237 δὲ,
684 4159 710 4212 ὁ
767 4159 858 4212 τὸν
907 4155 1238 4222 πλεονέκτην
1295 4153 1494 4232 ζηϐὡν,
1551 4159 1586 4226 ἢ
1618 4161 1645 4214 ὁ
1674 4161 1765 4216 τὸν
1793 4160 1848 4226 ἒξ

198 4249 374 4316 ἄλλης
431 4251 576 4312 τινὸς
623 4249 877 4326 πονηρίας
911 4247 1174 4325 περιφανῆ
1214 4267 1333 4302 τινα
1371 4246 1654 4317 πολιτικὴν
1685 4248 1844 4306 δυνα-

203 4341 382 4396 στείαν
469 4334 945 4415 περιϐεϐλημένον,
1023 4336 1057 4402 ἢ
1131 4333 1292 4391 ἐθνῶν
1339 4337 1628 4413 ἡγεμονίαν
1678 4338 1845 4420 ἔχον-

200 4453 291 4502 τι,
347 4429 386 4496 ἢ
448 4425 814 4505 στρατοπέδων
861 4425 1121 4505 ἄρχοντα,
1184 4428 1306 4481 εἶτα
1369 4440 1487 4490 τοῖς
1549 4429 1846 4510 αἰσχίστοις

202 4521 406 4576 πάθεσν
485 4516 870 4596 ἐμφυρόμενον,
954 4513 1077 4594 οὖχὶ
1167 4515 1296 4592 αὖτῇ
1379 4522 1446 4592 τῇ
1517 4521 1672 4599 ψυχῇ
1756 4523 1846 4577 τὸν

201 4608 396 4684 λοιμὸν
481 4605 833 4686 παρεδέξατο,
937 4605 999 4660 τὸ
1100 4612 1193 4661 τοῦ
1275 4603 1600 4682 ζηλουμένου
1683 4614 1848 4669 καλὸν

202 4701 406 4756 οἰκεῖον
473 4697 839 4771 ποιούμενοςς
901 4696 962 4751 Αἱ
1025 4694 1125 4773 γὰρ
1183 4696 1319 4750 κατὰ
1387 4698 1478 4752 τὸν
1545 4701 1658 4776 βίον
1710 4701 1852 4779 λαμ-

200 4788 468 4859 πρότητες
543 4785 1011 4864 συναναφαίνουσιν
1096 4781 1220 4863 (37)
1280 4785 1498 4852 ἑαυταῖς
1579 4791 1666 4846 καὶ
1727 4796 1848 4860 τοὺς

201 4879 340 4954 βίως
403 4881 510 4931 τῶν
560 4871 927 4952 περιϐλέπτων
962 4893 977 4909 ·
1025 4875 1113 4930 καὶ
1162 4881 1479 4951 στρατιῶται
1534 4878 1632 4954 μὲν
1663 4880 1736 4946 ὠς
1787 4886 1850 4941 τὰ

204 4965 382 5022 πολλὰ
414 4975 531 5026 τοῖς
561 4960 1058 5044 στρατοπεδάρχαις
1119 4962 1484 5040 ἐξομοιοῦνται
1521 4983 1535 4998 ⁸

1593 4969 1638 5024 οἱ
1684 4968 1738 5028 δὲ
1797 4974 1851 5031 ἐν

293 5096 418 5192 (3.1)
442 5093 597 5155 Editi
627 5095 793 5175 μέχρι
825 5093 1092 5162 τελευτῆς.
1126 5095 1207 5157 At
1232 5113 1373 5157 mss.
1409 5105 1666 5177 quatuor
1699 5103 1864 5186 μέχρι

210 5178 612 5339 ποὶξξξὲ).
679 5253 897 5339 _tertius
956 5261 1019 5317 et
1075 5253 1257 5339 COi_S_i_.
1287 5255 1704 5339 κυλινδούμενοι,
1738 5264 1862 5329 Vox

211 5333 414 5421 χοὲροί
454 5333 623 5397 deest
669 5333 736 5421 in
792 5353 933 5421 mss.
969 5335 1296 5421 nonnullis.
1328 5333 1650 5421 Aliquanto
1683 5346 1863 5421 infra,

211 5415 349 5477 κατὰ
384 5417 748 5508 συναρπαγὴν-
780 5424 870 5473 τοῦ
903 5417 1144 5508 ἐχθροῦ,¹
1177 5415 1250 5508 ad
1301 5415 1577 5508 verbum,
1608 5415 1864 5508 subrep-l

212 5503 383 5592 tione
416 5497 656 5559 inimici
684 5519 695 5555 :
735 5496 847 5558 hoc
877 5495 988 5572 est,
1008 5495 1013 5496 ί
1034 5495 1284 5575 fallacia
1304 5507 1357 5560 et
1388 5500 1548 5564 mulo
1565 5495 1706 5570 dolo
1738 5495 1865 5570 iiii-

208 5598 427 5741 πῃ(ξέξῆ
460 5658 559 5741 Sic
607 5677 754 5720 mss.
790 5657 1003 5721 nostri.
1039 5659 1124 5741 At
1141 5659 1291 5741 editi
1323 5665 1438 5720 ἐπεὶ
1472 5666 1539 5726 εἰ,

285 5738 422 5820 (34)
453 5739 554 5801 Sic
587 5757 729 5800 mss.
767 5742 844 5802 Αι
879 5755 1027 5801 vero
1060 5738 1205 5800 editi
1254 5745 1436 5808 αὐτοῖς
1606 5752 1860 5824 γίνεσθαι.

541 5879 806 5942 PATBOL.
853 5879 964 5940 Gn.
1015 5875 1231 5940 XXIX.

1925 2013 2126 2063 mutuo
2147 2005 2498 2082 aegritudine
2524 2005 2816 2085 repleam.
2847 2006 3022 2070 Tales
3056 2009 3252 2089 itaque
3275 2019 3410 2074 sunt
3442 2013 3560 2074 ini-

1923 2091 2159 2172 quitatis
2192 2094 2449 2173 operarii
2502 2093 2646 2157 Nam
2670 2095 2817 2158 alter
2838 2097 3008 2158 alteri
3039 2099 3563 2182 morbumimper-

1924 2180 2140 2242 tientes
2171 2193 2451 2261 aegrotant
2480 2185 2680 2253 simul.
2717 2186 3014 2267 simulque
3046 2198 3318 2267 pereunt.
3353 2180 3564 2254 Nonne

1924 2271 2185 2333 cinaedos
2208 2273 2503 2352 conspicis
2528 2275 2730 2335 inforo
2757 2275 3166 2358 sedentes,qui
3185 2288 3378 2340 castos
3409 2299 3562 2357 quo-

1925 2379 2038 2440 que
2061 2362 2557 2444 irrident,quique
2577 2383 2682 2425 sua
2701 2365 3080 2444 turpitudinis
3096 2385 3281 2445 opera
3313 2388 3562 2430 narran-

1928 2459 2035 2524 tes,
2074 2452 2451 2513 tenebrarum
2477 2454 2668 2514 studia
2684 2464 2741 2514 et
2765 2454 3116 2533 cupiditates
3141 2459 3566 2534 ignominiosos

1929 2549 2202 2620 tanquam
2231 2543 2512 2620 praeclare
2539 2552 2726 2622 gesta,
2760 2553 2858 2604 aut
2886 2545 2999 2605 alia
3025 2547 3295 2624 quaedam
3332 2549 3577 2628 egwgia-

1926 2629 2189 2692 facinora
2215 2640 2718 2694 commemorant?
2746 2637 2944 2696 Pestes
2967 2644 3102 2694 sunt
3130 2637 3191 2716 ii,
3221 2643 3317 2717 qui
3344 2639 3402 2698 in
3435 2658 3562 2699 om-

1927 2722 2460 2783 nestransfundere
2477 2729 2764 2786 conantur
2778 2724 3083 2804 prOprium
3112 2729 3566 2807 morbum,mul-

1928 2818 2138 2891 tosque
2169 2811 2280 2872 sibi
2316 2811 2541 2873 similes
2568 2813 2698 2874 ﬁeri
2728 2831 3087 2893 magnopere
3103 2816 3445 2896 cupiunt,ut
3466 2837 3570 2896 per

1931 2900 2083 2961 hanc
2112 2901 2399 2961 malorum
2420 2902 3016 2966 communicationem
3031 2899 3336 2966 infamiam
3361 2907 3569 2969 vitent.

1929 2987 2073 3050 Nam
2112 3009 2300 3072 neque
2333 2992 2488 3069 ignis
2521 2991 2824 3055 materiam
2875 2994 3276 3074 suscipiendae
3320 2996 3572 3059 ﬂammai

1932 3079 2203 3141 ialaneam
2232 3089 2462 3160 nactus,
2487 3081 2755 3142 cohiberi
2791 3091 3002 3160 potest,
3029 3085 3350 3164 quominus
3380 3087 3571 3148 subsi-

1930 3170 2033 3228 liat
2065 3170 2134 3229 ad
2191 3169 2525 3229 universam
2565 3187 2577 3231 :
2635 3171 2967 3247 maxime,si
3001 3174 3325 3235 vehemens
3362 3183 3570 3236 ventus

1929 3257 2302 3320 transfundat
2325 3259 2647 3322 ﬂammam:
2681 3279 2871 3340 neque
2904 3263 3026 3323 ﬁeri
3049 3271 3330 3343 potest,ut
3355 3282 3570 3344 pecca-

1931 3355 2075 3423 tum,
2103 3349 2258 3428 quod
2295 3368 2474 3408 unum
2509 3348 2767 3426 aliquem
2803 3350 3157 3429 attigerit,ad
3189 3371 3398 3416 omnes
3423 3355 3567 3415 vici-

1930 3456 2036 3499 nos
2062 3458 2174 3497 non
2205 3445 2482 3514 transeat,
2517 3439 2566 3498 si
2602 3438 2884 3518 nequitiae
2905 3439 3150 3519 Spiritus
3180 3441 3325 3504 illud
3350 3461 3569 3505 accen-

1927 3526 2088 3588 dant.
2129 3529 2366 3589 Manere
2401 3525 2558 3588 enim
2594 3527 2652 3588 in
2708 3547 2824 3590 uno
2869 3529 3243 3608 iniquitatem
3280 3551 3397 3593 non
3430 3534 3573 3594 sinit

1929 3617 2170 3692 spiritus
2203 3616 2412 3697 stupri,
2460 3618 2564 3679 sed
2618 3619 2814 3678 statim
2868 3621 3049 3680 coaevi
3101 3622 3571 3697 consociantur;

1929 3706 2416 3786 comessationes,
2497 3707 2833 3783 ebrietates,
2918 3727 3228 3771 sermones
3283 3712 3570 3789 obsceni;

1930 3805 2186 3856 scortum
2219 3805 2591 3876 compotans,
2629 3797 2766 3858 huic
2815 3798 3109 3881 arridens,
3143 3799 3308 3860 illum
3343 3820 3562 3882 provo-

1930 3903 2091 3958 cans,
2117 3885 2188 3946 ad
2220 3885 2377 3946 idem
2414 3895 2719 3965 peccatum
2772 3887 3108 3950 accendens
3153 3909 3385 3952 omnes.
3413 3893 3566 3954 Num

1931 3993 2108 4056 parva
2139 3975 2263 4036 haec
2315 3975 2676 4056 pestilentia,
2723 3995 2864 4037 num
2901 3979 3132 4040 modica
3158 3979 3362 4041 isthaac
3423 3999 3567 4060 pec-

1929 4065 2042 4127 cati
2064 4066 2380 4144 contagio?
2411 4064 2559 4137 Quid
2592 4085 2751 4144 vero,
2783 4067 3050 4148 quisquis
3101 4086 3342 4128 avarum
3376 4088 3570 4131 temu-

1931 4154 2105 4230 latur,
2144 4171 2244 4216 aut
2274 4173 2436 4233 eum,
2460 4156 2559 4234 qui
2592 4174 2699 4236 per
2725 4157 2960 4237 aliquod
2995 4157 3151 4220 aliud
3184 4158 3379 4221 scelus
3403 4178 3575 4219 cons-

1929 4244 2162 4326 picuam
2187 4246 2503 4326 quamdam
2527 4265 2593 4307 ac
2617 4246 2846 4310 civilem
2872 4247 3278 4310 auctoritatem
3311 4248 3570 4328 adeptus

1930 4342 2042 4414 est,
2076 4347 2171 4395 aut
2203 4336 2462 4413 gentium
2497 4336 2672 4396 habet
2709 4336 3047 4419 imperium,
3071 4345 3170 4397 aut
3201 4337 3567 4399 exercituum

1934 4422 2046 4482 dux
2080 4431 2191 4497 est,
2226 4423 2444 4485 deinde
2475 4424 2523 4484 si
2567 4424 2876 4487 atl‘ectibus
2901 4427 3253 4505 turpissimis
3275 4427 3570 4489 contami-

1934 4521 2102 4574 natus
2131 4511 2326 4584 fuerit,
2381 4533 2576 4575 nonne
2608 4515 2667 4574 in
2699 4534 2897 4576 animo
2923 4516 3157 4595 excepit
3185 4517 3276 4576 97
3311 4526 3534 4596 pestem
3556 4566 3571 4596 ,

1936 4609 2084 4678 tum,
2119 4621 2250 4663 cum
2289 4602 2505 4663 malum
2537 4603 2668 4683 ejus
2697 4622 2875 4684 quem
2899 4605 3232 4678 aemulatur,
3265 4606 3569 4686 proprium

1933 4692 2050 4754 sibi
2098 4691 2402 4753 reddidit?
2434 4692 2580 4753 Nam
2635 4703 2692 4753 et
2737 4693 2912 4753 vitam
2946 4711 3152 4754 eorum
3186 4696 3285 4773 qui
3318 4696 3570 4767 clarent,

1933 4800 2137 4845 secum
2173 4781 2489 4842 ostendunt
2520 4781 2635 4842 illae
2657 4783 2799 4862 ipsaa
2829 4781 3150 4861 dignitates
3183 4785 3340 4846 vitae:
3381 4797 3438 4844 et
3466 4785 3576 4844 mi-

1935 4872 2068 4935 lites
2100 4870 2339 4951 quidem
2377 4871 2723 4952 plerumque
2755 4872 3098 4934 consimiles
3128 4880 3269 4933 sunt
3299 4872 3576 4949 ducibus;

1938 4960 2138 5046 populi
2187 4979 2324 5023 vero
2375 4963 2432 5021 in
2486 4959 2818 5024 civitatibus
2874 4961 3178 5024 imitantur
3260 4961 3571 5041 magistra-

1947 5107 2080 5168 Mox
2113 5101 2227 5160 duo
2263 5116 2403 5160 mss.
2439 5095 2780 5175 διαφεύγωσι,

2027 5182 2150 5260 (35)
2186 5177 2367 5242 Coisl.
2404 5196 2536 5239 cum
2573 5177 2739 5260 _Beg.
2806 5177 2974 5240 tertio
3008 5184 3219 5260 στῆναι.
3255 5176 3410 5241 ΕιΙὶιί
3441 5195 3575 5238 cum

1949 5265 2079 5326 aliis
2113 5257 2251 5321 mss.
2289 5266 2506 5326 στῆσαι.
2569 5257 2633 5320 In
2692 5278 2836 5320 mss.
2886 5259 3192 5320 nonnullis
3227 5277 3332 5339 pro
3363 5261 3577 5334 ἀτιμίαν

1947 5344 2163 5424 legitur
2191 5342 2446 5424 églapfilv
2484 5339 2590 5424 :_in
2622 5339 2761 5424 aliis
2781 5339 3133 5419 quibusdam
3165 5341 3407 5424 ἀνομίαι,

2034 5418 2156 5505 (36)
2189 5419 2336 5499 Reg.
2393 5420 2600 5505 tertius
2650 5418 2826 5505 ἑταίρα
2871 5426 3040 5491 τούτῳ
3088 5422 3443 5505 συμπίνουσα,
3479 5418 3584 5476 κά-

1951 5500 2107 5576 κείνῳ
2158 5501 2580 5579 προσμειδιῶσα,
2656 5503 2824 5576 τούτῳ
2907 5500 3329 5579 προσομιλοῦσα,
3389 5502 3584 5556 xime?-

1949 5609 2059 5666 νον»
2094 5592 2205 5666 ei“:

2033 5659 2164 5745 (37)
2196 5659 2293 5724 Sic
2325 5680 2468 5724 mss.
2534 5661 2800 5743 plerique
2851 5679 3082 5724 omnes.
3117 5660 3269 5722 Editi
3304 5660 3591 5735 συνεμφαί-

1950 5763 2147 5804 νουσιν.

3113 5879 3148 5936 8
