4102 6224
466 285 579 351 271

1825 288 1887 350 δ.
1934 285 2219 352 BASILII
2261 284 2506 353 MAGNI

3724 295 3851 359 272

465 417 600 483 culo
623 418 677 480 si
706 418 1116 499 progrederis,
1160 419 1357 507 trahit
1404 425 1463 482 te
1490 421 1563 481 ad
1594 436 1681 496 se,
1717 427 1776 481 et
1805 420 2053 484 adducit
2087 443 2103 498 ;

2212 423 2653 502 πολυπραγμονεῖ.
2738 422 2864 484 Ἐὰν
2947 430 3146 507 προΐῇς
3203 451 3296 486 του
3346 430 3636 505 δωματίου,
3696 431 3847 489 ἕλκει

466 507 519 571 si
550 508 709 569 intus
738 514 795 569 te
819 506 1226 588 absconderis,
1257 514 1395 569 ante
1423 507 1666 570 domum
1702 517 1838 590 stat,
1865 519 1923 571 et
1952 511 2112 575 fores

469 597 682 678 pulsat.
711 600 1009 659 Prasente
1040 614 1246 671 uxore,
1290 595 1473 658 afficit
1528 605 1586 658 te
1620 597 1873 675 pudore,
1908 619 2109 663 coram

468 686 679 752 amicis
707 684 1402 765 imponitcontumeliam
1431 704 1446 748 :
1480 685 1543 749 in
1577 685 1702 748 foro
1730 687 1933 750 fauces
1962 709 2111 752 con-

472 774 731 854 stringit:
758 776 945 835 malus
966 774 1100 836 festi
1132 773 1252 837 diei
1275 792 1582 838 occursus:
1611 777 1791 838 vitam
1826 778 1933 839 tibi
1965 779 2107 841 red-

470 866 556 928 dit
584 863 972 943 injucundam
996 864 1624 928 etintolerabilem.At
1648 868 2105 949 magna,inquit,

470 961 559 1017 est
589 951 1054 1029 necessitas,nec
1074 952 1189 1015 alia
1219 963 1311 1016 est
1344 953 1620 1033 paranda
1638 958 1905 1034 pecuniae
1930 958 2106 1021 ratio.

469 1044 633 1121 Quae,
658 1041 1110 1123 quaaso,utilitas
1132 1060 1206 1105 ex
1228 1042 1519 1104 hodierna
1542 1043 1862 1106 dilatione?
1884 1044 2111 1109 Rursus

469 1133 631 1199 enim
663 1128 862 1192 veniet
891 1131 964 1192 ad
998 1142 1056 1194 te
1081 1141 1400 1211 paupertas
1427 1139 1707 1211 tanquam
1744 1133 1933 1196 bonus
1965 1155 2108 1197 cur-

468 1241 569 1286 sor
596 1220 671 1295 ³⁵,
706 1229 765 1281 et
791 1220 1001 1283 eadem
1035 1220 1359 1283 necessitas
1390 1240 1524 1283 cum
1557 1224 1863 1285 auctuario
1895 1225 2106 1286 aderit.

467 1314 684 1374 Fcenus
714 1311 871 1372 enim
906 1329 1025 1371 non
1058 1310 1298 1373 omnino
1335 1311 1569 1386 liberat,
1623 1312 1728 1373 sed
1761 1314 1993 1375 consilii
2056 1325 2115 1377 et

471 1399 689 1463 mentis
722 1399 982 1479 inopiam
1012 1400 1308 1480 tantisper
1329 1401 1543 1462 tardat.
1579 1404 1887 1465 Patiamur
1935 1404 2112 1465 hodie

472 1489 748 1553 duritiem
783 1489 1170 1569 paupertatis,
1196 1498 1354 1550 etne
1386 1508 1515 1551 eam
1551 1495 1611 1551 in
1648 1492 1783 1552 110
1814 1502 2110 1571 posterum

472 1579 629 1644 diem
665 1578 1105 1657 protrahamus.
1142 1579 1372 1641 Etenim
1427 1579 1474 1640 si
1525 1589 1832 1658 argentum
1887 1582 2116 1644 faenore

473 1689 593 1733 non
624 1668 831 1737 sumis,
861 1668 1040 1730 hodle
1073 1676 1132 1730 et
1164 1678 1366 1747 postea
1395 1669 1577 1730 simili
1613 1670 1791 1731 modo
1824 1671 1943 1732 eris
1976 1690 2087 1751 pau

2197 514 2323 591 πρὸς
2384 513 2568 570 ἑαυτὸν
2626 514 2713 571 καὶ
2763 518 3066 595 κατασύρει⁶
3112 517 3203 574 ἐὰν
3236 518 3381 576 ἔνδον
3418 522 3638 577 σεαυτὸν
3667 544 3846 578 κατα-

2194 604 2423 682 κρύψῃς,
2483 604 2744 681 ὶφὲστηκε
2786 606 2854 680 τῇ
2912 607 3072 686 οἰκίᾳ,
3144 612 3230 664 καί
3279 611 3677 686 θυροκρουστεῐ.
3708 609 3843 668 Ἐπὶ

2194 696 2432 767 γαμετῆς
2482 692 2851 774 καταισχύνει,
2909 694 2992 752 ἐπὶ
3022 697 3186 775 φίλων
3246 696 3561 777 καθυϐρίζει,
3594 698 3649 754 ἐν
3706 713 3839 762 ταῖς

2193 780 2419 857 ἀγοραῖς
2476 782 2658 862 ἄγχει·
2735 785 2901 839 κακὸν
2977 785 3285 861 συνάντημα
3345 788 3558 864 ἑορτῆς·
3617 785 3851 845 ἀϐίωτόν

2196 890 2277 925 σοι
2334 868 2444 938 (40)
2507 872 2894 941 κατασκευάζει
2947 875 3040 929 τὸν
3085 875 3220 951 βίον.
3256 873 3425 931 Ἀλλά
3466 876 3702 954 μεγάλη,
3740 902 3849 955 φη-

2195 960 2297 1031 σὶν,
2354 960 2387 1027 ἡ
2450 958 2683 1038 ἀνάγκη,
2730 962 2817 1018 καὶ
2875 959 3041 1026 οὒδεὶς
3098 965 3259 1041 πόρος
3292 966 3592 1043 χρημάτων
3623 965 3841 1042 ἕτερος.

2193 1048 2252 1104 Τί
2296 1048 2384 1103 οὗν
2454 1050 2514 1106 τὸ
2573 1050 2763 1129 ὄφελος
2823 1050 2883 1107 ἐκ
2930 1059 3023 1108 τοῦ
3070 1054 3167 1120 τὴν
3227 1055 3460 1132 σήμερον
3485 1056 3849 1135 ὑπερθέσθαι,

2197 1136 2361 1192 Πάλιν
2433 1138 2532 1215 γὰρ
2567 1137 2678 1206 ἣξει
2737 1162 2818 1196 σοι
2890 1142 2925 1207 ἡ
2957 1141 3109 1210 πενία
3138 1141 3317 1221 ὥσπερ
3362 1143 3559 1221 ἀγαθὸς
3590 1143 3849 1225 δρομεὺς,

2194 1227 2281 1281 καὶ
2325 1228 2358 1294 ἡ
2388 1226 2521 1294 αὗτή
2553 1228 2760 1306 ἀνάγκη
2808 1230 2941 1304 μετά
2974 1233 3282 1308 προσθήκης
3314 1233 3593 1311 παρέσται,
3632 1236 3703 1291 Τὸ
3736 1236 3847 1311 γὰρ

2199 1313 2348 1380 δάνος
2397 1316 2493 1373 οὐκ
2545 1316 2867 1394 ἀπαλλαγὴν
2898 1319 3161 1393 παντελῆ,
3195 1318 3332 1378 ἀλλά
3388 1323 3581 1399 μικρὰν
3642 1321 3852 1380 ἀναϐοει

2197 1403 2295 1473 λὴν
2351 1406 2449 1474 τῆς
2494 1405 2804 1487 ἀμηχανίας
2848 1410 3143 1489 παρέχεται
3202 1412 3445 1490 Σήμερον
3484 1412 3739 1485 πάθωμεν
3779 1415 3849 1469 τὰ

2198 1494 2257 1549 ὲκ
2301 1500 2396 1561 τῆς
2447 1494 2645 1561 ἐνδείας
2703 1495 2957 1577 δυσχερῆ,
2995 1501 3082 1555 καὶ
3113 1502 3189 1573 μὴ
3220 1500 3593 1573 ἀποτιθώμεθα
3618 1501 3738 1573 (41)
3777 1505 3856 1565 εἷς

2200 1585 2294 1650 νην
2325 1583 2523 1662 αὔριον.
2591 1586 2677 1653 Μὴ
2728 1583 3101 1663 δανεισάμενος
3159 1590 3255 1661 μὲν
3315 1592 3511 1663 ὁμοίως
3542 1589 3635 1666 ἔσῃ
3667 1594 3849 1658 πὲνης

2200 1673 2287 1728 καὶ
2386 1675 2618 1751 σήμερον
2701 1677 2791 1733 καὶ
2847 1679 2978 1753 πρὸς
3036 1678 3095 1733 τὸ
3168 1676 3384 1757 ἐφεξῆς·
3474 1678 3858 1755 δανεισάμενος

472 1778 579 1842 per
614 1776 628 1821 :
666 1758 713 1819 si
745 1776 881 1820 vero
913 1758 1122 1838 sumis,
1147 1757 1373 1820 fceuore
1406 1763 1814 1837 paupertatem
1840 1770 2113 1838 augente,

2212 1759 2255 1816 δὲ
2315 1763 2695 1842 γαλεπώτερον
2722 1764 3133 1846 ἐκτρυχωθήσῃ,
3166 1777 3259 1827 τοῦ
3333 1771 3491 1826 τόκου
3524 1771 3623 1835 τὴν
3671 1772 3859 1825 πενίαν

471 1846 747 1913 acerbius
778 1846 1268 1909 vexabere.Nunc
1299 1846 1543 1927 quidem
1578 1847 1774 1909 nullus
1806 1849 1912 1909 tibi
1948 1850 2120 1911 vertit

472 1937 693 2022 probro
740 1943 1145 2017 paupertatem
1180 1955 1196 2011 ;
1230 1935 1527 2016 siquidem
1587 1938 1806 1997 malum
1842 1946 1931 1999 est
1962 1938 2119 2001 haud

473 2030 872 2092 voluntarium
908 2044 923 2089 :
960 2026 1009 2087 si
1045 2043 1185 2087 vero
1213 2026 1424 2089 fmnori
1454 2024 1640 2087 fueris
1672 2025 1987 2108 obnoxius,
2019 2047 2119 2090 ne-

475 2139 572 2183 mo
604 2118 723 2180 erit
753 2117 853 2198 qui
891 2124 949 2178 te
980 2116 1240 2178 stultitiae
1267 2132 1384 2178 non
1409 2114 1795 2179 condemnet.

558 2208 614 2272 3.
642 2206 843 2289 Itaque
873 2223 951 2267 ne
979 2212 1182 2266 nostra
1203 2203 1451 2268 stultitia
1482 2205 1650 2266 malis
1676 2217 1891 2284 praeter
1916 2207 2122 2268 volun-

474 2308 653 2363 tatem
685 2294 1168 2374 contingentibus
1220 2293 1402 2355 etiam
1456 2294 1673 2356 malum
1726 2295 2118 2358 voluntarium

476 2402 877 2452 accersamus.
909 2383 1085 2446 Stulti
1106 2391 1197 2443 est
1225 2382 1411 2444 animi
1450 2401 1514 2445 se
1547 2401 1651 2461 pro
1682 2403 1859 2464 opum
1894 2386 2124 2448 ratione

477 2496 592 2542 non
621 2472 1114 2553 componere,sed
1149 2472 1393 2534 incerta:
1420 2472 1546 2551 spei
1604 2491 1669 2534 se
1718 2475 2120 2554 committere,

477 2587 546 2631 ac
577 2563 953 2627 manifestum
986 2569 1043 2623 et
1072 2561 1315 2623 evidens
1347 2560 1775 2624 detrimentum
1838 2564 2117 2643 experiri.

475 2660 604 2721 1am
636 2653 943 2736 perpende
972 2652 1131 2715 unde
1182 2650 1265 2713 sis
1319 2650 1649 2713 soluturus.
1703 2654 1857 2715 Num
1916 2671 1985 2714 ex
2051 2653 2127 2716 iis

478 2744 745 2831 pecuniis
775 2760 921 2823 quas
942 2741 1211 2831 accipis?
1242 2739 1358 2831 Sed
1390 2741 1482 2801 hat
1505 2750 1562 2801 et
1593 2742 1664 2804 ad
1693 2742 2121 2806 necessitatem

480 2828 873 2899 cohibendam
899 2838 957 2892 et
982 2830 1052 2892 ad
1080 2828 1437 2891 solutionem
1465 2848 1583 2891 non
1600 2831 1923 2894 sufficiunt.
1954 2832 2122 2905 Quod

481 2929 530 2990 si
558 2940 767 2986 usuras
796 2920 971 2983 etiam
993 2918 1551 2999 reputaveris,uude
1573 2939 1762 3001 usque
1783 2920 1930 2981 adeo
1965 2922 2122 2981 mul-

482 3011 909 3095 tiplicabuntur
940 3007 1231 3087 pecuniae,
1267 3018 1330 3069 ut
1353 3027 1415 3069 ex
1455 3028 1575 3070 una
1605 3018 1766 3090 parte
1791 3011 2124 3071 necessitati
2146 3004 2185 3052 ο

480 3112 597 3169 tuae
626 3100 997 3178 medeantur,
1031 3115 1100 3158 ex
1146 3097 1337 3158 altera
1367 3115 1503 3158 vero
1537 3106 1760 3159 sortem
1824 3100 2124 3179 expleant,

481 3200 886 3276 praetereaque
908 3184 1238 3276 forinsecus
1262 3203 1471 3276 usuras
1503 3187 1771 3264 gignant.
1800 3192 1869 3248 At
1896 3194 2125 3269 nequa-

480 3274 655 3363 quam
687 3277 876 3350 exiis,
936 3291 1072 3351 quaa
1117 3274 1364 3354 accipis,
1422 3284 1693 3337 mutuum
1743 3277 1983 3338 reddes.
2039 3278 2127 3340 An

479 3368 718 3435 aliunde
747 3366 777 3413 9
810 3364 944 3425 [llas
966 3363 1147 3440 igitur
1179 3372 1595 3443 exspectemus
1627 3385 1787 3445 spes,
1824 3386 1957 3445 nec,
1994 3377 2125 3429 tan—

482 3476 659 3541 quam
706 3455 924 3532 pisces,
957 3451 1030 3513 ad
1072 3450 1314 3513 illicium
1362 3471 1775 3534 properemus.
1831 3457 2126 3530 Quemad.

485 3546 725 3610 modum
762 3542 921 3605 enim
969 3541 1053 3602 illi
1106 3559 1223 3601 una
1274 3560 1408 3603 cum
1441 3562 1576 3605 esca
1607 3544 1845 3606 hamum
1871 3555 2075 3608 vorant
2110 3566 2123 3610 :

483 3636 572 3700 sic
599 3653 706 3695 nos
736 3649 845 3712 per
904 3630 1213 3710 pecuniam
1258 3631 1479 3694 faenore
1512 3634 1933 3713 transﬁgimur.
1972 3635 2128 3697 Pau-

485 3733 683 3810 pertas
712 3722 1097 3803 ignominiam
1133 3721 1356 3783 nullam
1391 3724 1747 3797 aﬂ‘ert.Quid
1783 3745 1924 3803 ergo
1960 3728 2130 3788 nobis

486 3814 633 3897 ipsis
663 3810 981 3894 opprobria
1002 3829 1073 3872 ex
1125 3828 1241 3872 aere
1271 3812 1467 3873 alieno
1504 3832 1781 3893 paramus
1811 3821 1838 3877 ?
1868 3814 2131 3878 Vulnera

485 3904 733 3967 vulnere
764 3909 929 3963 curat
959 3918 1159 3981 nemo,
1192 3919 1386 3981 neque
1446 3902 1663 3963 malum
1725 3905 1876 3965 malo
1907 3912 2079 3969 sanat
2113 3926 2127 3981 ;

491 4012 605 4060 nec
657 3992 882 4054 fmnore
931 3990 1276 4052 sublevatur
1334 4000 1672 4070 paupertas.
1753 3993 1928 4056 Dives
1986 4012 2051 4056 es
2103 4002 2131 4058 ’ἓ

576 4175 642 4226 ‘55
670 4174 844 4236 Prov.
867 4185 1033 4249 xnv,
1065 4166 1165 4231 34.

496 4352 784 4417 indicant.
819 4346 1135 4433 Aliquanto
1168 4357 1298 4433 post
1334 4350 1515 4433 editio
1548 4351 1731 4433 Paris.
1758 4349 2132 4433 cumaliqui-

498 4433 617 4496 bus
674 4447 817 4491 mss.
870 4428 1127 4508 ἐφέστηκε
1168 4428 1252 4509 ’τῇ
1312 4430 1521 4504 αὐλαίᾳ,
1576 4428 1693 4492 Sed
1751 4429 1932 4491 Coisl.
2000 4428 2133 4490 cum

499 4512 634 4577 aliis
653 4527 762 4573 sex
795 4526 940 4570 mss.
966 4515 1024 4569 et
1051 4529 1185 4573 cum
1237 4509 1504 4573 editione
1534 4511 1718 4573 Basil.
1779 4511 2037 4590 ἐφέστηκε
2068 4511 2137 4577 τῇ

500 4594 658 4653 οἰκία.

742 4670 891 4747 Reg.
925 4666 1228 4729 secundus
1256 4668 1480 4726 ἀϐίωτόν
1510 4694 1623 4732 σου.

609 4671 687 4734 40
742 4671 891 4747 Reg.
925 4671 1228 4729 secundus
1256 4671 1480 4726 ἀϐίωτόν
1510 4694 1623 4732 σου.

580 4671 711 4833 ίιιίζ
739 4748 837 4812 Sic
867 4748 1133 4829 quinque
1150 4766 1433 4833 msszcuui
1453 4750 1713 4833 ediiione
1746 4750 1922 4833 Basil.
1941 4747 2135 4810 Editio

503 4827 702 4898 Paris."
723 4847 858 4893 cum
886 4827 1027 4891 _uno
1089 4837 1189 4889 aut
1244 4827 1427 4891 altero
1479 4849 1588 4893 ms.
1626 4831 1966 4904 ἀποθώμεθα.
2006 4833 2137 4891 Mox

504 4912 673 4977 Colb.
701 4918 941 4974 octavus
970 4910 1043 4991 εἷς
1076 4911 1139 4966 τὸ
1183 4908 1391 4989 ἐφεξῆς.
1424 4908 1604 4973 Paulo
1635 4919 1770 4991 post
1804 4911 1958 4988 Reg.
2015 4916 2136 4969 ter-

507 4994 627 5056 tius
686 4989 1249 5070 προσεπεκτείναγτοςε
1320 4991 1491 5069 Regii
1563 4989 1772 5053 tertius
1828 4998 1886 5051 et
1944 4996 2140 5050 sextus

510 5068 784 5206 ἒκὲκαλὼιι
856 5093 962 5129 σοι.
1026 5068 1293 5133 Subinde
1350 5068 1496 5151 Rég.
1558 5070 1857 5133 secundus
1905 5078 1999 5128 σοῦ
2044 5072 2138 5137 τὴν

510 5154 542 5206 ἀ
577 5150 774 5206 ουλίαν.

507 5152 774 5210 ἀϐουλίαν.

588 5230 717 5312 (42)
750 5229 1198 5312 Sicmajorpars
1215 5248 1358 5312 mss.
1382 5250 1518 5293 cum
1543 5228 2139 5312 editioneBasil.Edi-

506 5308 755 5374 tio'vero
781 5308 971 5391 Paris.
994 5308 1145 5391 cum
1177 5310 1529 5391 quibusdem
1564 5329 1704 5391 n_i_ss.
1768 5310 2138 5391 ὲπισπώμεθα.

507 5391 737 5455 Ibidem
770 5387 951 5451 editio
974 5389 1161 5451 Paris.
1195 5387 1387 5459 νηπίοις
1419 5392 1549 5453 ἐστι.
1586 5389 1708 5453 Vox
1737 5392 1849 5446 ἔστί
1878 5390 2049 5450 deest
2077 5391 2136 5449 in

512 5471 793 5535 omnibus
822 5486 963 5531 mss.
1009 5477 1069 5533 et
1097 5470 1158 5533 in
1179 5470 1439 5533 editione
1470 5471 1646 5533 Basil.
1694 5469 1921 5533 Ibidem
1957 5472 2138 5526 ἑαυτὸν

514 5551 898 5633 περιστέλλειν,
930 5551 1003 5611 ad
1036 5550 1306 5627 verbum,
1328 5570 1437 5633 pro
1457 5569 1635 5632 opum
1668 5553 1907 5633 ratione
1936 5569 2054 5611 non
2083 5570 2143 5611 se

509 5631 887 5713 contrahere,
910 5649 1032 5693 non
1058 5650 1122 5694 se
1153 5631 1640 5697 coarctare.’Hoc
1690 5640 1800 5707 est,
1834 5632 2144 5710 impensas

508 5712 905 5794 facultatibus
934 5729 1059 5774 non
1079 5713 1306 5794 metiri.

592 5793 718 5875 (43)
749 5791 1151 5871 Interpunctio
1174 5809 1292 5871 qua
1313 5792 1426 5853 hoc
1449 5792 1579 5853 loco
1608 5790 1703 5852 usi
1722 5791 2017 5871 sumus,iu
2032 5808 2141 5853 no-

2204 1854 2723 1928 προσεπιτείναντος.
2794 1857 2887 1913 Καὶ
2933 1858 3020 1911 νῦν
3106 1857 3204 1932 μὲν
3257 1854 3419 1923 οὐδεὶς
3477 1858 3702 1935 ἐγκαλεῖ
3771 1882 3861 1914 σοι

2205 1942 2561 2020 πτωχεύοντι·
2637 1944 2883 2001 ἀκούσιον
2945 1945 3038 2022 γάρ
3089 1947 3149 2001 τὸ
3212 1946 3398 2003 κακόν
3435 1945 3526 2003 ἐάν
3557 1945 3610 2003 δὲ
3671 1949 3861 2009 τόκοις

2203 2031 2480 2096 ὑπεύθυνος
2534 2038 2624 2113 ᾖς,
2679 2035 2775 2090 οὒκ
2817 2032 2957 2089 ἔστιν
3015 2035 3160 2098 ὅστις
3184 2034 3244 2090 οὔ
3294 2035 3563 2111 μέμψεταί
3622 2058 3718 2092 σου
3782 2039 3858 2112 τῇ

2208 2117 2425 2192 ἀϐουλίᾳ
2436 2169 2448 2183 ,
3224 2178 3240 2189 .

2288 2207 2344 2270 3.
2375 2210 2461 2278 Μὴ
2491 2214 2578 2267 οὖν
2608 2212 2739 2290 πρὸς
2769 2224 2887 2274 τοῖς
2930 2212 3201 2275 ἀκουσίοις
3245 2225 3437 2279 κακοῖς
3482 2213 3561 2269 ’ἑτι
3618 2217 3708 2270 καὶ
3768 2218 3870 2271 αὗ-

2203 2300 2438 2373 θαίρετον
2488 2302 2652 2356 κακὸν
2711 2299 2772 2356 ἐκ
2815 2306 2911 2368 τῆς
2938 2300 3200 2376 ἡμετέρας
3256 2302 3436 2365 ἀνοίας
3468 2302 3867 2377 ἑπισπάσώμε-

2206 2392 2270 2443 θα
2310 2386 2462 2465 (42),
2498 2391 2703 2456 Νηπίας
2758 2392 2946 2471 φρενὸς
2998 2390 3074 2465 μὴ
3098 2394 3161 2446 ἒκ
3190 2393 3294 2445 τών
3352 2396 3629 2470 παρόντων
3672 2394 3871 2450 ἑαυτὸν

2208 2476 2594 2554 περιστέλλειν,
2639 2476 2761 2535 ἀλλ’
2809 2476 3027 2549 ἀδήλοις
3055 2477 3259 2536 ἐλπίσιν
3323 2480 3681 2560 ἐπιτρέψαντα
3743 2506 3866 2561 φας

2208 2573 2357 2641 νερᾶς
2414 2564 2622 2643 βλάϐης
2678 2570 2765 2625 καὶ
2844 2567 3218 2647 ἀναντιῤῥήτου
3278 2568 3643 2645 κατατολμᾷν,
3698 2570 3870 2638 ’Ἤδη

2206 2654 2483 2730 βούλευσαι
2528 2655 2685 2713 πόθεν
2734 2656 2852 2737 (43)
2892 2657 3185 2720 ἀποτίσεις,
3242 2655 3363 2737 Ἀφ’
3397 2666 3469 2714 ὦν
3500 2656 3798 2730 λαμϐάνεις
3842 2677 3860 2731 ς

2207 2741 2357 2799 Ἀλλ’
2416 2747 2510 2802 οὐκ
2539 2743 2748 2821 ἐξαρκεῖ
2777 2745 3023 2820 καὶπρὸς
3065 2745 3164 2811 τὴν
3208 2746 3392 2825 χρείαν
3448 2748 3533 2801 καὶ
3567 2750 3697 2821 πρὸς
3749 2749 3861 2813 τὴν

2209 2830 2426 2893 ἔκτισιν,
2470 2831 2597 2889 Ἐὰν
2627 2831 2681 2888 δὲ
2714 2832 2778 2900 δὴ
2810 2836 2897 2889 καὶ
2926 2835 3047 2896 τοὺς
3078 2834 3266 2897 τόκους
3299 2834 3509 2911 λογίσῃ,
3562 2834 3721 2891 πόθεν
3792 2840 3869 2892 τὰ

2209 2922 2467 3000 χρήματα
2494 2923 2566 2984 εὶς
2598 2922 2846 2979 τοσοῦτον
2883 2921 3503 3003 πολυπλασιασθήσεται,
3566 2924 3705 2980 ὥστε
3759 2924 3870 2997 ἰδία

2211 3011 2309 3086 μέν
2380 3032 2473 3067 σου
2544 3012 2845 3088 θεραπεύειν
2877 3014 2974 3078 τὴν
3035 3013 3245 3090 χρείαν,
3283 3010 3383 3091 ἰδίᾳ
3426 3011 3475 3067 δὲ
3552 3013 3865 3091 ἐκπληροῦν

2210 3102 2271 3155 τὸ
2313 3098 2624 3179 κεφάλαιον,
2685 3100 2872 3165 ἔξωθεν
2894 3099 2949 3156 δὲ
2980 3103 3065 3157 καὶ
3096 3101 3282 3164 τόκους
3316 3102 3612 3179 ἀπογεννᾷν
3647 3119 3662 3174 ;
3701 3102 3862 3159 Ἀλλ’

2211 3191 2304 3245 οὒκ
2326 3186 2377 3254 ἒξ
2410 3187 2484 3244 ὧν
2534 3187 2822 3264 λαμϐάνεις
2881 3188 3172 3253 ἀποδώσεις
3230 3194 3290 3246 τὸ
3354 3189 3581 3250 δάνειον.
3637 3191 3870 3269 Ἐτέρω-

2212 3282 2296 3334 θεν
2319 3276 2372 3332 δέ
2418 3297 2433 3357 ς
2484 3276 2719 3341 Ἐκείνας
2770 3278 2858 3334 οὖν
2918 3278 3263 3353 ἀναμένωμεν
3322 3280 3416 3341 τὰς
3468 3278 3709 3359 ἐλπῖδας,
3776 3284 3871 3337 καὶ

2214 3366 2290 3440 μὴ
2349 3365 2605 3441 ἔλθωμεν,
2664 3365 2844 3446 ὥσπερ
2870 3370 2917 3421 υἱ
2947 3369 3125 3447 ἰχθύες
3157 3369 3244 3425 επὶ
3269 3370 3331 3424 τὸ
3375 3368 3580 3446 δέλεαρ,
3632 3368 3863 3447 ’Ὠσπερ

2213 3457 2308 3533 γᾶς,
2340 3455 2536 3511 ἔκεϊνοι
2568 3456 2703 3530 μετά
2759 3461 2854 3523 τῆς
2907 3462 3106 3535 τροφῆς
3159 3459 3219 3513 τὸ
3279 3456 3562 3537 ἄγκιστρον
3619 3460 3860 3514 καταπί-

2211 3550 2414 3616 νοῦσιν,
2455 3541 2593 3599 οὕτω
2617 3546 2699 3599 καὶ
2738 3542 2866 3623 (44)
2915 3546 3081 3618 ἡμεῖς
3151 3542 3233 3601 διὰ
3290 3548 3357 3601 τὰ
3416 3548 3672 3626 χρήματα
3735 3562 3860 3609 τοῖς

2209 3637 2389 3701 τόκοις
2441 3636 2874 3715 περιπειρόμεθα.
2909 3635 3165 3712 Οὗδεμίαν
3197 3639 3457 3717 αἰσχύνην
3490 3642 3547 3696 τὸ
3607 3640 3862 3696 πένεσθαι

2212 3724 2472 3805 προξενεῖ.
2522 3726 2582 3785 Τί
2623 3724 2713 3781 οὖν
2742 3727 2806 3782 τὰ
2850 3726 2910 3782 ἐκ
2979 3734 3070 3784 τοῦ
3124 3726 3350 3807 ὀφείλειν
3409 3727 3581 3795 ὀνείδη
3642 3729 3867 3793 ἑαυτοῖς

2211 3814 2591 3887 προστιθέμεθα
2625 3812 2747 3894 (45)
2787 3830 2803 3888 ;
2837 3812 3013 3879 Οὒδεὶς
3070 3817 3340 3891 τραύματα
3383 3817 3639 3893 τραύματι
3697 3821 3858 3894 θερα-

2212 3905 2382 3979 πεύει,
2442 3901 2557 3959 οὑδὲ
2615 3907 2766 3977 κακῴ
2795 3905 2856 3959 τὸ
2916 3905 3078 3960 κακὸν
3129 3906 3291 3984 ἰᾶται,
3355 3904 3468 3962 οὐδὲ
3532 3908 3717 3961 πενίαν
3778 3908 3873 3961 τό·

2214 4017 2327 4059 κοις
2385 3992 2782 4072 ἐπανορθοῦται.
2840 3992 3095 4057 Πλούσιος
3139 3996 3236 4066 είς
3281 3995 3360 4070 μὴ
3414 3993 3649 4066 δανείζω
3704 3995 3869 4074 (46).

2190 4348 2357 4410 εειῐίε
2386 4365 2527 4410 mss.
2564 4347 2881 4429 reperitur:
2916 4366 3033 4429 qua
3063 4366 3181 4429 non
3212 4346 3519 4429 observata
3555 4347 3872 4429 interpres

2220 4438 2385 4491 vetus
2428 4447 2463 4489 a
2528 4426 2709 4490 sensu
2779 4428 3039 4490 auctoris
3088 4427 3264 4507 longe
3293 4426 3612 4489 aberravit.
3682 4426 3872 4492 Paulo

2221 4516 2352 4590 post
2379 4509 2524 4590 Reg.
2550 4508 2853 4570 secundus
2882 4508 2966 4565 ἐπὶ
3009 4530 3285 4590 τοσοοτον.

2326 4589 2427 4663 44)
2452 4586 2561 4670 ὃξο
2579 4590 2769 4670 major
2799 4605 3112 4670 pars_mss.
3141 4588 3319 4649 Deest
3349 4590 3435 4670 καί
3463 4587 3524 4646 in
3560 4586 3765 4651 editis.

2326 4592 2427 4663 44)
2452 4592 2549 4649 Sic
2581 4592 2769 4670 major
2799 4606 2937 4669 pars
2970 4605 3112 4648 mss.
3141 4592 3319 4649 Deest
3349 4592 3435 4642 καί
3463 4592 3524 4646 in
3560 4592 3765 4651 editis.

2298 4592 2436 4745 $45)
2483 4666 2642 4729 Editi
2720 4686 2853 4730 cum
2926 4666 3073 4747 Reg.
3146 4666 3411 4730 secundo
3472 4671 3867 4745 περιτιθέμεθα.

2220 4751 2365 4827 Reg.
2396 4748 2627 4829 primus
2657 4748 3028 4826 προτιθέμεθα.
3069 4753 3142 4811 At
3175 4748 3437 4829 quinque
3468 4765 3638 4829 mss.
3689 4757 3752 4808 ut
3810 4750 3868 4809 in

2220 4826 2662 4891 textuIIbidem
2701 4846 2841 4891 mss.
2876 4845 3084 4891 omnes
3105 4826 3399 4907 τραύματα.
3466 4826 3623 4888 Editi
3695 4832 3871 4907 τραῦ-

2265 4932 2320 4972 α.

2222 4934 2428 5068 μαί-θθ)
2460 4987 2716 5068 Πλούσιος
2747 4988 2800 5043 εἴ
2836 5007 2851 5067 ;
2901 4988 2979 5063 μὴ
3037 4986 3289 5068 δανείζω,
3346 4986 3699 5068 Ιμθεθηάιιηι
3724 5004 3869 5048 esse

2222 5065 2547 5145 μὴ’δάνειζε,
2575 5066 2662 5130 Ne
2681 5067 2782 5129 des
2802 5065 3059 5145 faenore,
3086 5065 3340 5128 diximus
3368 5067 3430 5127 in
3453 5076 3579 5128 not.
3633 5067 3705 5127 ad
3731 5086 3871 5128 ser-

2223 5167 2463 5211 monem
2511 5147 2779 5239 quintum
2828 5145 3135 5239 Symeonis
3166 5146 3500 5239 Logotlieta:
3529 5164 3671 5286 (pag.
3719 5147 3870 5235 495.

2227 5230 2452 5286 Mnus.
2478 5262 2556 5272 —
2587 5226 3020 5286 LusitBasmus
3044 5245 3104 5286 in
3139 5227 3360 5286 duplici
3392 5244 3525 5286 eius
3573 5245 3665 5286 em
3699 5245 3870 5286 vocis

2227 5230 2452 5291 MARAN.
2478 5226 2556 5272 4
2587 5226 3020 5289 LusitBasilius
3044 5226 3104 5287 in
3139 5227 3360 5306 duplici
3392 5226 3665 5305 ejusdem
3699 5231 3871 5287 vocis

2226 5326 2445 5372 sensu:
2471 5309 2771 5383 δανείζομαι
2797 5308 2955 5368 enim
2991 5326 3105 5368 non
3140 5308 3315 5368 modo
3335 5309 3659 5383 pecuniam
3690 5306 3871 5383 dare,

2222 5390 2326 5452 sed
2340 5388 2515 5451 etiam
2533 5387 2919 5466 acciperesub
2932 5388 3508 5467 fwnoresigniticatzq
3515 5407 3551 5467 u
3561 5405 3653 5467 em
3675 5386 3871 5445 lusum

2223 5470 2430 5531 Latine
2473 5465 2726 5548 reddere
2756 5465 2973 5548 cuique
2992 5468 3194 5529 Latine
3227 5465 3436 5530 Scienti
3471 5465 3708 5548 obvium
3751 5476 3869 5527 est.

2226 5550 2520 5630 siquidem
2541 5546 2785 5630 verbum
2805 5545 3036 5625 faénero
3053 5549 3136 5608 vel
3160 5550 3426 5630 [maeror
3443 5545 3715 5630 eamdem
3730 5564 3870 5630 am-

2228 5625 2571 5708 biguitatem
2585 5646 2653 5689 ac
2670 5627 2967 5703 δανείζομαι
3003 5645 3119 5706 pra;
3139 5647 3204 5708 se
3226 5629 3356 5690 fert.
3396 5625 3667 5708 Λῦτυλεξεὲ
3689 5626 3877 5708 igitur

2226 5706 2599 5790 interpretari
2625 5709 2881 5790 juvaret,
2923 5709 3033 5790 hoc
3061 5707 3258 5790 modo:
3290 5708 3470 5790 Dives
3484 5706 3574 5767 es?
3604 5706 3736 5790 noli
3757 5706 3874 5783 fw-

2225 5786 2447 5855 nerare
2477 5808 2497 5867 ;
2512 5806 2753 5873 pauper
2779 5787 2875 5851 es?
2897 5788 3024 5851 noli
3044 5789 3361 5868 funerari.
3410 5786 3572 5850 Enrr.
3607 5786 3871 5849 ΡΑτιιοι..
