4102 6224
302 358 422 425 2'13

1415 365 1742 428 HOMILIA
1784 365 1835 428 ΙΙ
1881 362 1962 429 ΙΝ
2005 361 2372 428 PSALMUM
2418 367 2581 430 XIV.

3544 369 3668 435 274

304 496 476 562 Πένης
510 496 564 551 εἴ
600 518 614 565 ;
649 497 726 569 μὴ
758 493 1014 567 δανείζου,
1053 499 1109 554 Εἰ
1146 500 1241 572 μὲν
1272 500 1371 578 γὰρ
1425 501 1695 578 εὖπορεϊς,
1724 505 1783 560 οὒ

2047 491 2374 578 Argentum
2441 519 2522 563 ne
2580 519 2749 563 sume
2797 501 3046 564 foenore.
3127 506 3354 583 Pauper
3421 510 3546 566 es?
3599 503 3685 566 Ne

301 592 410 656 ζεις
472 582 839 659 δανείσματος⁶
942 588 984 641 εἷ
1070 585 1123 642 δὲ
1184 585 1330 644 οὐδὲ)
1393 588 1564 668 ἔχεις,
1644 591 1738 646 οὒκ
1815 591 1952 646 ἁπο-

302 676 468 738 τίσεις
525 675 585 730 τὸ
645 672 865 731 δάνειον.
935 677 1020 743 Μὴ
1092 675 1193 750 δῷς
1255 688 1478 738 σεαυτοῦ
1533 681 1625 735 τὸν
1713 680 1825 755 βίον
1885 680 1958 740 εἰς

301 761 725 837 ὑστεροϐουλίαν,
779 765 989 836 μήποτε
1051 768 1348 842 μακαρίσῃς
1433 769 1528 831 τὰς
1581 770 1682 846 πρὸ
1725 773 1832 823 τῶν
1861 768 1957 823 τό·

305 875 414 909 κων
485 854 706 928 ἡμέρας.
743 851 851 908 Ἐνὶ
911 853 1038 930 (47)
1074 855 1245 928 τούτῳ
1277 853 1602 935 διαφέρωμεν
1654 857 1758 912 τῶν
1786 855 1955 915 πλου-

303 940 533 997 τούντων
563 943 609 997 οἱ
645 942 892 1014 πένητες,
950 943 1018 1018 τῇ
1049 943 1355 1020 ἀμεριμνίᾳ.
1423 946 1519 1002 Καὶ
1579 944 1955 1024 καταγελῶμεν

306 1030 477 1086 αὒτών
537 1030 957 1107 ἄγρυπνούντων,
1020 1032 1165 1087 αὐτοὶ
1267 1033 1630 1097 καθεύδοντεςο
1706 1037 1792 1089 καὶ
1852 1041 1956 1090 τῶν

301 1119 646 1175 συνεστώτων
717 1119 798 1175 ἀεὶ
856 1122 945 1177 καὶ
1004 1123 1408 1199 φροντιζόντων,
1488 1125 1634 1182 αὐτοὶ
1703 1125 1954 1202 ἀφροντι-

299 1208 553 1272 στοῦντες
625 1211 714 1264 καὶ
781 1209 1068 1283 ἀνειμένοι.
1133 1211 1190 1269 Ὀ
1282 1212 1460 1286 μέντοι
1559 1212 1784 1291 ὀφείλων
1869 1214 1956 1269 καὶ

297 1296 466 1364 πένης
516 1298 627 1354 ἐστὶ
686 1300 773 1354 καὶ
831 1298 1247 1375 πολυμέριμνος³
1313 1300 1505 1364 ἄϋπνος
1555 1302 1780 1379 νύκτωρ,
1855 1301 1953 1356 ἀΰ-

300 1408 433 1448 πνος
509 1386 626 1460 μεθ’
687 1386 911 1465 ἡμέραν,
981 1387 1192 1452 σύννους
1251 1389 1422 1445 πάντα
1466 1391 1555 1445 τὸν
1590 1390 1808 1468 χρόνον
1869 1398 1954 1446 νῦν

304 1475 404 1550 μὲν
461 1477 558 1543 τὴν
623 1476 812 1531 ἑαυτοῦ
848 1477 1024 1534 οὖσίαν
1059 1478 1497 1553 ἀποτιμώμενος,
1531 1486 1618 1534 νῦν
1662 1477 1839 1541 δὲτὰς
1883 1480 1954 1533 οἷο

307 1567 423 1630 κίας
470 1566 564 1628 τας
593 1565 933 1637 πολυτελεῖς,
980 1566 1104 1630 τοὺς
1148 1567 1338 1645 ἀγροὺς
1381 1575 1484 1624 τῶν
1537 1568 1824 1642 πλουσίων,
1860 1568 1953 1629 τὰς

311 1656 538 1722 ἐσθῆτας
596 1661 702 1709 τῶν
766 1653 1221 1734 ἐντυγχανόντων,
1281 1658 1346 1712 τὰ
1386 1659 1549 1724 σκεύη
1595 1658 1699 1714 τῶν
1731 1659 1954 1713 ἑστιών-

309 1766 419 1800 των
445 1742 598 1822 (48).
636 1745 692 1800 Εἰ
729 1745 1025 1818 ταῦτα.εμὰ
1053 1744 1140 1819 ἦν,
1171 1748 1352 1824 φησὶν,
1406 1745 1731 1822 ἀπεδιδόμην
1761 1748 1918 1804 τόσου

2042 607 2210 650 sume
2241 590 2465 651 faenore
2503 597 2841 670 argentum.
2876 590 3112 653 Etenim
3175 593 3221 652 si
3277 593 3540 673 locuples
3590 613 3678 676 es,

2042 677 2189 739 nihil
2223 677 2328 740 tibi
2357 680 2584 742 faenore
2614 697 2760 758 opus
2806 687 2936 740 est:
2967 680 3015 740 si
3079 699 3214 741 vero
3265 681 3408 743 nihil
3469 682 3679 760 habes,

2043 787 2159 828 non
2187 768 2416 848 pendes
2451 787 2682 830 usuras.
2723 767 2850 829 Noli
2884 777 3041 830 tuam
3071 771 3250 848 ipsius
3304 771 3477 831 vitam
3533 791 3684 835 serae

2043 859 2402 937 paenitentia;
2453 858 2737 938 objicere,
2780 860 3092 939 nequando
3152 859 3280 920 dies
3335 860 3434 939 qui
3489 861 3682 924 fmnus

2043 960 2501 1027 praecesserunt,
2563 946 2767 1008 beatos
2825 948 3153 1011 existimes.
3189 947 3315 1009 Hoc
3375 969 3492 1010 uno
3526 951 3682 1009 divi-

2042 1034 2201 1097 tibus
2260 1053 2550 1115 pauperes
2611 1054 2716 1096 nos
2777 1046 3146 1114 praestamus,
3183 1056 3454 1098 curarum
3481 1041 3678 1100 vacui-

2040 1125 2328 1186 tate.lllos
2349 1134 2470 1184 tum
2499 1123 2954 1204 vigi|.intes,tum
2987 1126 3146 1186 curis
3177 1145 3417 1206 semper
3446 1128 3678 1189 disten-

2040 1221 2132 1273 tos
2155 1231 2223 1273 ac
2245 1212 2530 1276 sollicitos
2549 1213 2890 1275 deridemus
2917 1217 3154 1294 nos,qui
3177 1216 3679 1297 dormimus,qui-

2039 1320 2156 1380 que
2170 1303 2569 1364 sollicitudine
2597 1321 2794 1365 carem
2807 1323 2971 1378 us,ac
3006 1303 3175 1364 liberi
3203 1306 3683 1368 sumus.Debitor

2042 1393 2246 1472 utique
2280 1400 2339 1453 et
2370 1410 2596 1472 pauper
2641 1402 2751 1474 est,
2789 1401 2846 1453 et
2877 1393 3038 1454 curis
3070 1394 3272 1455 multis
3324 1396 3634 1457 coniicitur
3663 1413 3678 1458 :

2039 1490 2244 1544 noctes
2267 1500 2333 1542 ac
2362 1481 2492 1543 dies
2514 1481 2678 1543 ducit
2703 1481 3033 1554 insomnes,
3062 1483 3223 1543 omni
3247 1493 3512 1564 tempore
3527 1486 3684 1564 cogi-

2042 1571 2259 1632 tatione
2292 1570 2547 1633 deﬁxus.
2585 1569 2753 1632 Nunc
2799 1572 3040 1651 quidem
3095 1571 3344 1633 aestimat
3388 1591 3484 1632 res
3515 1591 3674 1649 suas;

2039 1678 2194 1720 nunc
2217 1678 2354 1722 vero
2380 1660 2591 1722 domos
2612 1669 3015 1741 sumptuosas,
3043 1661 3285 1722 divitum
3309 1679 3502 1740 agros,
3523 1683 3680 1740 quo-

2037 1748 2322 1810 rumlibet
2341 1749 2402 1810 in
2425 1759 2818 1830 conspectum
2842 1751 3201 1812 venientium
3233 1759 3442 1823 vestes,
3475 1769 3606 1813 vasa
3624 1760 3683 1814 et

307 1836 398 1890 καὶ
463 1834 640 1912 τόσου,
701 1834 788 1888 καὶ
836 1832 1267 1909 ἁπηλλασσόμι,ν
1298 1843 1391 1892 τοῦ
1420 1836 1601 1906 τόκου,
1656 1844 1828 1894 Ταῦτα
1859 1841 1951 1895 αὖ·-

2041 1839 2472 1918 supellectilem
2505 1857 2711 1901 eorum
2745 1859 2778 1901 a
2816 1840 3033 1920 quibus
3065 1841 3331 1902 convivio
3365 1843 3676 1922 excipitur.

305 1927 405 1981 τοῦ
455 1926 541 1980 καὶ
598 1929 799 2002 νύκτωρ
884 1923 1223 2001 ἐγκ-αθέζεται
1312 1930 1379 2002 τῇ
1439 1924 1643 2006 καρδίᾳ,
1697 1928 1785 1982 καὶ
1837 1920 1954 2001 μεθ’

314 2011 516 2090 ἡμέραν
572 2012 664 2075 τὰς
722 2012 922 2073 ἐννοίας
974 2012 1310 2091 κατείληφεν.
1359 2015 1483 2070 Ἐὰν
1527 2015 1625 2081 τὴν
1657 2016 1811 2092 θύραν
1843 2038 1953 2070 πα-

307 2102 498 2178 τάξῃς,
553 2104 580 2157 ὁ
651 2103 936 2181 χρεώστης
989 2103 1090 2158 ὑπὸ
1118 2103 1216 2169 τὴν
1275 2103 1485 2170 κλίνην,
1536 2104 1783 2184 Σφοδρῶς
1839 2107 1948 2161 εἰσ-

305 2189 500 2268 έδραμὲ
529 2209 633 2254 τις·
667 2198 756 2246 τοῦ
787 2189 841 2245 δὲ,
885 2191 1140 2255 ἐπάταξεν
1189 2191 1313 2270 (49)
1343 2194 1375 2260 ἡ
1429 2192 1637 2270 καρδία,
1698 2193 1953 2249 Τλακτετ

302 2283 332 2336 ὃ
362 2281 555 2350 κύωνς
615 2282 643 2336 ὀ
686 2277 740 2336 δὲ
806 2277 984 2358 ἱδρῶτι
1046 2279 1397 2359 περιῤῥεῖται,
1446 2285 1530 2338 καὶ
1572 2282 1771 2362 ἀγωνίᾳ
1829 2305 1954 2337 συνοο

307 2370 516 2448 ἐχεται,
572 2370 654 2424 κοὶ
713 2382 1030 2446 περισκοπεῖ
1085 2373 1242 2425 πόθεν
1300 2371 1466 2450 φύγῃ.
1512 2370 1696 2428 ’Ὅταν
1739 2373 1773 2438 ἡ
1820 2392 1956 2447 προ-

309 2458 497 2533 θεσμία
547 2459 822 2536 προσάγῃ,
883 2463 1111 2535 μεριμνᾷ
1178 2459 1227 2514 τί
1280 2460 1553 2533 ψεύσεταυ
1607 2459 1763 2516 ποίαν
1812 2458 1956 2514 πλα-·

308 2549 540 2622 σάμενος
596 2546 858 2623 πρόφασιν
940 2549 1029 2601 τὸν
1093 2545 1370 2614 δανειστὴν
1420 2546 1806 2625 διακρούσεται,
1872 2548 1956 2614 Μὴ

315 2637 477 2710 μόνον
507 2634 842 2710 λαμϐάνιοντα
873 2639 1092 2690 σεαυτὸν
1155 2636 1344 2708 ἐννόει,
1378 2637 1514 2691 ἀλλὰ
1548 2639 1633 2692 καὶ
1694 2636 1951 2692 ἅπαιτού-

309 2747 497 2800 μενον.
560 2727 615 2783 Τί
688 2723 968 2797 πολυτὸκῳ
1012 2725 1177 2804 θηρίῳ
1238 2725 1366 2804 (50)
1425 2727 1642 2784 σεαυτὸν
1687 2733 1954 2803 παραζευ-

309 2817 484 2892 γνύιις
524 2833 540 2890 ;
570 2815 701 2878 Τοὺς
733 2813 971 2891 λαγωούς
1031 2836 1162 2892 φασι
1194 2817 1283 2870 καὶ
1314 2815 1508 2872 τίκτειν
1539 2816 1672 2888 ὁμοῦ
1717 2817 1805 2871 καὶ
1833 2815 1947 2892 τρέ-

309 2926 427 2984 φειν
483 2906 572 2960 καὶ
659 2904 1082 2965 ἐπικυΐσκεσθαι,
1138 2906 1233 2961 Καὶ
1291 2918 1408 2967 τοῖς
1482 2903 1830 2984 τοκογλύφοις
1887 2905 1953 2960 τὰ

2038 1927 2175 1989 Haec
2202 1928 2252 1988 si
2288 1946 2418 1989 mea
2447 1938 2669 2007 essent,
2706 1929 2916 2008 inquit,
2953 1930 3095 1990 tanti
3129 1939 3187 1990 et
3216 1935 3358 1990 tanti
3385 1929 3674 1993 diveude-

2038 2026 2374 2097 rem,atque
2400 2016 2692 2079 liberarer
2720 2019 2969 2082 fenore.
3003 2017 3213 2082 Isthaac
3241 2027 3299 2079 et
3319 2028 3491 2080 noctu
3511 2019 3678 2080 cordi

2037 2110 2168 2189 ejus
2199 2110 2483 2184 insident,
2520 2120 2581 2173 et
2613 2110 2869 2171 interdiu
2897 2111 3057 2172 illius
3079 2119 3370 2191 occupant
3393 2121 3677 2177 mentem.

2037 2198 2290 2262 Januam
2323 2200 2371 2260 si
2399 2200 2752 2280 pulsaveris,
2789 2199 3000 2281 irrepit
3029 2200 3137 2261 sub
3170 2200 3386 2264 lecmm
3420 2199 3673 2263 debitor.

2041 2289 2337 2351 Velociter
2354 2289 2615 2351 accurrit
2644 2292 2799 2369 quis,
2827 2298 2886 2352 et
2917 2290 3076 2350 illius
3096 2308 3198 2352 cor
3212 2290 3477 2370 palpitat.
3508 2291 3682 2354 Canis

2038 2377 2256 2438 latrat?
2281 2377 2384 2439 llle
2418 2377 2636 2438 sudore
2666 2377 2906 2457 difﬂuit,
2933 2390 2992 2438 et
3023 2379 3314 2439 anxietate
3336 2380 3676 2458 corripitur;

2039 2484 2278 2545 quaque
2313 2468 2403 2527 via
2432 2465 2632 2546 fugiat,
2655 2466 2970 2546 conspicit.
3005 2466 3115 2529 Ubi
3145 2467 3274 2528 dies
3308 2469 3683 2546 praescriptus

2038 2555 2238 2629 instat,
2275 2555 2447 2617 anxie
2482 2573 2682 2617 secum
2721 2565 2954 2635 reputat
2982 2556 3278 2636 quodnam
3308 2556 3575 2616 dicturus
3608 2557 3682 2618 sit

2039 2645 2445 2715 mendacium,
2483 2653 2541 2706 et
2570 2664 2688 2724 quo
2721 2645 2974 2705 conﬁcto
3007 2653 3291 2726 praetextu
3321 2644 3678 2724 depulsurus

2043 2736 2168 2794 lli
2207 2751 2238 2792 a
2273 2751 2337 2793 se
2377 2738 2450 2794 sit
2483 2734 2864 2795 creditorem.
2899 2734 3026 2796 Non
3052 2745 3245 2796 autem
3279 2735 3471 2813 cogita
3488 2735 3676 2796 solum

2041 2833 2096 2885 te
2126 2823 2425 2903 accipere,
2450 2823 2556 2884 sed
2588 2823 2738 2903 fore,
2773 2836 2833 2885 ut
2867 2827 3045 2886 etiam
3083 2825 3135 2886 id
3170 2825 3322 2905 quod
3345 2824 3673 2903 acceperis,

2037 2931 2069 2974 a
2097 2921 2152 2973 te
2175 2911 2630 2990 exigatur.Quid
2665 2921 2720 2974 te
2745 2915 2873 2995 ipse
2897 2914 3100 2976 bestia;
3121 2914 3561 2976 fecundissimae
3580 2915 3678 2974 ad-

307 2995 566 3073 χρήματα
639 2995 771 3066 ὁμοῦ
807 2991 1097 3063 δανεὶζεται
1129 2994 1216 3049 καὶ
1246 2993 1371 3072 (51)
1405 3000 1650 3070 γεννᾶται
1681 2995 1766 3050 καὶ
1816 2995 1951 3050 ὕπο-

2041 3003 2234 3082 iungis
2259 3007 2285 3065 ?
2309 3002 2568 3082 Lepores
2603 2991 2974 3064 aiuntvsimul
2995 3014 3052 3065 et
3081 3022 3310 3084 parere,
3343 3012 3402 3065 et
3425 3003 3674 3083 nutrire,

307 3083 514 3162 φύεται.
578 3083 736 3141 Οὔπω
768 3084 865 3159 γὰρ
907 3080 1061 3146 ἐδέξω
1133 3084 1205 3144 εἷς
1251 3097 1465 3162 χεῖρας,
1516 3085 1724 3139 καὶτοῦ
1753 3085 1944 3160 παρόν·

305 3195 400 3234 τος
474 3174 642 3247 μηνὸς
714 3173 998 3248 ammon;
1051 3178 1150 3237 την
1180 3171 1449 3250 ἐργασίαν.
1485 3175 1582 3230 Καὶ
1610 3175 1763 3229 τοῦτο
1793 3172 1952 3228 πάλιν

304 3259 596 3339 δανεισθὲν,
661 3260 840 3337 ἓτερον
903 3261 1065 3315 κακὸν
1151 3259 1414 3339 ἐξέθρεψε,
1463 3261 1680 3318 κάκεῖνο
1750 3260 1949 3340 ἕτερον,

303 3351 393 3406 καὶ
424 3352 486 3405 τὸ
544 3351 706 3405 κακὸν
736 3351 808 3411 εἰς
861 3349 1099 3425 ἄπειρον.
1141 3352 1237 3406 Διὰ
1289 3353 1442 3406 τοῦτο
1499 3353 1582 3406 καὶ
1629 3353 1727 3416 τῆς
1781 3373 1952 3429 προσ-

306 3441 527 3516 ηγορίας
588 3439 786 3506 ταύτης
845 3438 1067 3505 ἠξίωται
1097 3441 1157 3494 τὸ
1191 3437 1334 3503 εἶδος
1386 3447 1542 3496 τουτο
1602 3450 1694 3512 τῆς
1755 3441 1950 3497 πλεον-

308 3529 474 3596 εξίας..
509 3532 674 3590 Τόκος
731 3531 854 3606 γὰρ,
891 3531 964 3592 ὡς
991 3533 1168 3602 οἶμαι,
1221 3528 1305 3586 διὰ
1362 3531 1461 3596 τὴν
1512 3529 1829 3608 πολυγονίαν
1864 3534 1956 3587 τοῦ

311 3624 479 3674 κακοῦ
538 3619 980 3696 προσηγόρευται.
1063 3619 1221 3674 Πόθεν
1255 3619 1356 3696 γὰρ
1385 3618 1604 3676 ἄλλοθεν
1643 3641 1657 3688 ς
1696 3621 1778 3677 ’Ἢ
1809 3623 1955 3700 τάχα

311 3707 472 3770 τόκος
525 3705 735 3784 λέγεται
793 3705 876 3763 διὰ
906 3709 998 3767 τὰς
1031 3707 1225 3772 ὠδῖνας
1254 3711 1341 3764 καὶ
1370 3707 1561 3781 λὺπας,
1620 3709 1677 3773 5E;
1710 3709 1955 3784 ἐμποιεῖν

310 3810 436 3860 ταῖς
494 3801 701 3875 ψυχαῖς
768 3799 872 3852 τῶν
931 3796 1317 3872 δανεισαμένων
1371 3795 1496 3877 (52)
1554 3797 1804 3876 πέφυκεν,
1857 3799 1953 3862 Ὧς

309 3887 413 3965 γάρ
470 3889 505 3955 ἡ
574 3886 694 3951 ὠδὶς
778 3893 846 3964 τῇ
903 3892 1181 3964 τικτούσῃ,
1229 3888 1394 3952 οὕτως
1455 3891 1488 3956 ἡ
1541 3892 1829 3966 προθεσμία
1879 3897 1956 3965 τῷ

304 3979 563 4059 ὑπόχρεῳ
610 3979 950 4058 παρίσταται.
1015 3981 1174 4044 Τόκυς
1220 3980 1306 4036 ἐπὶ
1342 3982 1506 4057 τόκῳ,
1555 3987 1800 4056 πονηρῶν
1853 4006 1952 4059 γο-

302 4068 440 4124 νέων
521 4070 753 4147 ποιηρὸν
812 4069 1057 4146 ἔκγονον.
1140 4077 1310 4127 Ταῦτα
1363 4070 1595 4147 Λεγέσθω
1647 4073 1954 4148 γεννήματα

303 4155 559 4236 ἐχιδνῶν,
620 4159 685 4213 τὰ
736 4164 842 4214 τῶν
897 4159 1067 4215 τόκων
1149 4159 1528 4234 cii-itumitum.
1579 4169 1683 4224 Τας
1741 4159 1951 4240 ἐχίδνας

305 4246 532 4325 λέγουσι
593 4248 684 4314 τὴν
751 4247 980 4325 γαστέρα
1047 4255 1147 4314 τῆς
1217 4250 1418 4326 μητρὸς
1482 4247 1810 4314 διεσθιούσας
1868 4251 1952 4306 τί-

309 4339 552 4394 κτεσθαι,
617 4338 713 4394 Καὶ
783 4339 830 4393 οἱ
863 4338 1005 4394 τόκοι
1039 4339 1160 4401 τοὺς
1221 4336 1403 4400 οἴκους
1454 4340 1559 4394 τῶν
1637 4338 1952 4416 ὀφειλόντων

2040 3101 2098 3151 et
2121 3091 2628 3169 superfetare.Sic
2653 3095 2922 3172 pecuniae
2950 3092 3398 3156 fceneratoribus
3420 3091 3595 3153 simul
3620 3101 3680 3153 et

2039 3179 2253 3242 dantur
2271 3183 2340 3241 ad
2369 3181 2717 3261 pendendas
2740 3194 3036 3253 usuras,et
3056 3186 3463 3263 gignuntur,et
3487 3181 3676 3262 pullit-

2038 3269 2183 3330 lant.
2221 3271 2495 3332 Nondum
2532 3270 2690 3332 enim
2725 3272 2784 3331 in
2813 3291 3023 3333 manus
3052 3272 3356 3354 accepisti,
3392 3279 3449 3332 et
3481 3279 3676 3332 tamen

2040 3359 2836 3437 prmsenlismensislucrum
2863 3370 3338 3442 qumstumveate
3353 3368 3681 3440 exposcunt

2039 3447 2108 3509 Et
2139 3449 2264 3510 haec
2300 3451 2552 3530 pecunia
2584 3469 2794 3511 rursus
2849 3452 3074 3514 faenore
3115 3459 3421 3531 occupata,
3458 3449 3675 3510 malum

2039 3538 2288 3599 alterum
2318 3539 2483 3613 aluit,
2523 3549 2578 3600 et
2612 3539 2753 3600 illud
2780 3540 3239 3622 alterum,atque
3262 3541 3348 3600 sic
3373 3539 3588 3600 malum
3615 3545 3673 3598 in

2040 3627 2354 3688 inﬁnitum.
2390 3627 2787 3700 Quamobrem
2816 3631 2928 3691 hoc
2959 3630 3218 3692 avaritia
3241 3648 3423 3710 genus
3467 3648 3536 3690 eo
3564 3646 3676 3688 no-

2041 3716 2196 3776 mine
2221 3716 3082 3798 appollatur.Etenim,opinor,
3109 3720 3406 3794 τόκος,1ιοο
3433 3726 3519 3779 est
3544 3733 3676 3796 par-

2043 3815 2158 3879 tus,
2191 3805 2266 3865 ob
2297 3806 2597 3884 ingentem
2651 3808 2788 3868 mali
2826 3808 3250 3869 fecunditatem
3311 3807 3674 3869 nominatur.

2039 3892 2208 3956 Unde
2236 3894 2393 3955 enim
2423 3894 2703 3958 aliunde?
2733 3899 2845 3958 Aut
2878 3897 3030 3959 forte
3059 3900 3236 3978 τύκος,
3273 3897 3385 3958 hoc
3421 3905 3508 3956 est
3534 3915 3674 3976 par-

2038 3992 2152 4056 tus,
2189 3982 2410 4044 dicitur
2435 3983 2510 4044 ob
2543 3985 2780 4046 dolores
2809 4005 2878 4048 ac
2913 3986 3233 4067 molestias,
3267 4005 3412 4066 quas
3457 3986 3674 4046 animis

2038 4091 2244 4134 eorum
2265 4072 2364 4152 qui
2391 4074 2614 4135 {tenore
2637 4077 3174 4156 acceperunt,solet
3195 4073 3670 4138 creare.Utenim

2038 4162 2422 4243 puerperium
2457 4165 2756 4244 pariturae,
2778 4166 2857 4226 ita
2888 4165 3021 4227 dies
3054 4165 3279 4228 indicta
3299 4163 3556 4225 debitori
3587 4165 3670 4224 in-

2036 4261 2169 4314 stat.
2204 4251 2423 4314 Faanus
2451 4254 2664 4316 femori
2710 4255 2998 4334 additum,
3037 4263 3346 4336 parentum
3379 4253 3669 4316 malorum

2038 4341 2187 4404 mala
2211 4350 2302 4403 est
2331 4342 2580 4404 soboles.
2626 4345 2694 4406 Hi
2731 4345 2827 4404 isti
2874 4363 3188 4405 usurarum
3223 4343 3372 4404 fetus
3402 4343 3676 4402 dicantur

307 4429 627 4508 ἑκφαγόντες
681 4429 1201 4506 ἆπογεννῶνται,’1“ὰ
1256 4429 1531 4507 σπέρματα
1593 4432 1769 4510 χρόνῳ
1817 4434 1938 4511 φύε-

2041 4451 2165 4494 esse
2201 4436 2514 4512 progenies
2535 4435 2892 4514 viperarum.
2926 4435 3099 4496 Aiunt
3135 4435 3387 4513 viperas,
3415 4432 3550 4493 dum
3577 4432 3672 4511 gi-

302 4540 416 4591 ται,
454 4521 542 4573 καὶ
601 4520 664 4573 τὰ
724 4523 833 4588 ζῶα
890 4524 1070 4598 χρόνῳ
1129 4521 1526 4597 τελεσφορεῖται
1601 4523 1627 4575 ὁ
1683 4518 1736 4573 δὲ
1795 4523 1949 4587 vim;

419 4694 518 4776 4⁸7)
551 4693 697 4773 Reg.
735 4694 945 4757 tertius
973 4695 1058 4752 ἐπί
1087 4714 1194 4776 pro
1221 4698 1317 4754 ἐνὶ.
1348 4698 1472 4758 Mox
1509 4693 1672 4757 Colb.
1704 4706 1947 4775 quartus

449 4794 543 4853 eg.
577 4784 779 4836 sextus
810 4777 1100 4851 ἀνιέμενοι.

539 4853 635 4917 Sic
659 4857 1036 4946 Reg._sextus
1051 4863 1108 4946 et
1131 4856 1300 4946 Colb.
1322 4856 1614 4946 septimus
1634 4876 1767 4918 cum
1793 4855 1945 4919 Oliv.

301 4936 462 5002 Editi
489 4955 624 4996 cum
661 4937 862 4997 multis
915 4955 1058 5016 mss,
1085 4936 1607 5000 ἐσθιόντωνζριιυίο
1642 4947 1771 5016 post
1804 4957 1947 5000 mss.

303 5036 426 5079 non
462 5019 629 5093 pauci
669 5017 909 5094 πατάξῃς
937 5019 982 5070 ὃ,
1023 5015 1178 5078 Editi
1207 5037 1344 5078 vero
1376 5019 1581 5092 πατάξῃ
1604 5015 1706 5081 τις,

386 5095 894 5172 449)Ηυηι;1οευιῃ
920 5098 1360 5158 emendandum
1385 5117 1515 5159 esse
1539 5097 1765 5157 censuit
1784 5098 1953 5160 Com-

306 5175 581 5258 beﬁsius,
644 5176 1154 5258 scribendumque
1214 5180 1442 5246 ἐπτόησε
1506 5197 1608 5256 pro
1659 5178 1946 5258 ἐπάταξεν,

304 5262 409 5319 sed
463 5257 593 5335 ejus
622 5257 1029 5319 emendationi
1057 5256 1258 5320 nullus
1290 5279 1396 5320 ms.
1437 5259 1604 5318 favet.
1652 5257 1778 5319 Mox
1808 5256 1950 5319 Col-

304 5337 676 5434 lrertini~duo
708 5339 898 5434 ξετται.
940 5337 1210 5400 Subinde
1239 5339 1380 5419 Reg.
1417 5339 1722 5400 secundus
1754 5341 1954 5412 ψεύση-

307 5442 474 5478 τΖῑ...
524 5441 921 5490 οιακρουσηται,
1577 5443 1580 5446 “

548 5496 703 5558 Editi
737 5507 797 5558 et
829 5501 1014 5561 nostri
1052 5519 1192 5564 mss.
1230 5501 1553 5574 πολυπλόκῳ
1597 5501 1780 5575 θηρίῳ.
1829 5496 1947 5558 Sed

301 5577 784 5656 rectejudicavit
816 5579 902 5639 vir
942 5580 1322 5642 doctissimus
1355 5584 1606 5644 Ducacu~
1641 5578 1946 5656 Anglicam

309 5659 630 5719 lectionem
662 5659 945 5739 πολυτόκῳ
973 5662 1264 5736 aptiorem
1300 5680 1452 5732 esse,
1489 5662 1782 5739 longeque
1814 5657 1951 5718 huic

308 5739 440 5800 loco
455 5738 1080 5820 accommodatiorem.
1106 5741 1186 5802 lta
1207 5741 1365 5802 enim
1389 5738 1704 5820 legendum
1737 5757 1869 5820 esse
1897 5747 1953 5820 et

303 4785 366 4837 et

2034 4542 2151 4601 gnu
2167 4531 2599 4602 ntur,ventrem
2623 4524 2831 4585 matris
2855 4523 3391 4585 corrodered‘ceuus
3413 4540 3672 4602 quoque,

2034 4699 2213 4761 latum
2240 4718 2354 4759 non
2380 4700 2632 4762 obscure
2654 4701 2993 4764 ostendunt.
3019 4700 3138 4763 Nec
3163 4700 3336 4760 aliter
3359 4698 3570 4776 legisse
3597 4697 3662 4757 vi-

2033 4780 2208 4860 detur
2251 4779 2568 4860 interpres,
2598 4782 2696 4860 qui
2727 4782 2967 4844 verterit
2997 4803 3009 4844 :
3054 4780 3314 4859 fecunda
3338 4781 3547 4860 bestia.

2118 4859 2242 4939 (51)
2278 4858 2431 4920 Edili
2464 4869 2521 4921 et
2557 4858 2720 4921 milhi
2757 4881 2896 4921 mss.
2923 4864 3261 4941 τὰχργίματα
3294 4864 3424 4933 ὁμοῦ
3455 4858 3673 4941 δανείζε-

2035 4937 2261 5020 ται-καὶ,
2295 4949 2408 5001 etc.
2436 4941 2549 5002 Sed
2572 4941 2836 5020 illa,tpoo
2857 4937 3162 5012 δανείζεται,
3194 4939 3410 5020 desunt
3434 4937 3674 5000 omnino

2039 5019 2096 5079 in
2121 5018 2266 5100 Reg.
2302 5020 2496 5082 tertio.
2533 5018 2936 5100 Reperiuntur
2965 5021 3280 5100 quidemin
3313 5019 3452 5100 Reg.
3474 5027 3672 5100 sexto,

2038 5099 2142 5160 sed
2177 5100 2440 5159 secunda
2491 5098 2666 5163 manu
2716 5098 3013 5162 duntaxat.
3055 5101 3354 5177 Leguutur
3383 5098 3586 5159 itidem
3615 5098 3674 5158 in

2035 5181 2179 5257 Reg.
2208 5180 2493 5274 secundo,
2515 5183 2618 5272 sed
2651 5183 3092 5274 variispunctis
3123 5190 3318 5270 notata
3347 5188 3482 5270 sunt
3512 5201 3525 5245 ;
3560 5196 3674 5274 qua

2037 5269 2384 5338 punctorum
2402 5263 2728 5336 aluei-tione
2746 5259 3675 5338 iudicavitlibrarius,quisquisis

2035 5352 2148 5418 εει,
2178 5358 2277 5400 eas
2300 5343 2772 5403 vocesdelendas
2805 5361 2955 5404 esse.
2995 5343 3189 5414 Quare
3212 5341 3258 5400 si
3283 5342 3415 5416 quis
3434 5341 3538 5400 has
3571 5358 3668 5399 ex-

2031 5438 2293 5501 pungere
2317 5423 2592 5500 velit,per
2614 5442 2720 5482 nos
2756 5423 2916 5493 licet,
2941 5441 3130 5501 eoque
3155 5421 3521 5499 magisquod
3549 5420 3673 5479 haec

2029 5499 2207 5561 verba
2224 5503 2294 5560 ad
2317 5499 3197 5580 sententiaeintegrilateininiliil
3219 5504 3412 5561 facere
3427 5501 3672 5560 vidcan-

2035 5589 2148 5641 tur.

2113 5659 2228 5729 (5'2)
2265 5661 2439 5744 C0”).
2459 5671 2705 5742 quartus
2735 5669 2941 5744 ψυχαῖς
2974 5670 3078 5720 τῶν
3109 5661 3510 5744 δανειζομένων.
3544 5661 3668 5744 Moti

2040 5741 2182 5818 lieg'.
2213 5738 2519 5824 secundus
2547 5738 3156 5824 undxpspiaeiouut.
3192 5739 3458 5805 Subinde
3504 5738 3669 5799 multi

293 5821 425 5898 ipsa
459 5835 656 5881 usurae
681 5819 933 5902 notio,et
958 5823 1298 5904 exemplum
1323 5817 1544 5904 leporis
1569 5837 1604 5883 ι
1632 5818 1855 5884 Basilio
1873 5817 1956 5879 al—
2038 5817 2182 5881 mss.
2209 5823 2445 5903 ἔγγονον.
