4102 6224
476 269 595 334 2'79
1811 277 1872 340 S.
1919 277 2199 340 BASILII
2241 279 2495 343 MAGNI
3720 285 3850 350 280

474 419 534 474 et
561 410 716 473 bene
745 410 982 492 utrique
1005 409 1342 501 consultum
1366 409 1565 472 fuerit.
1591 409 1722 472 Tibi
1754 413 1912 474 enim
1947 420 2103 476 certe

2199 414 2276 488 μὴ
2306 417 2545 494 βαρύνων
2605 420 2730 477 αὐτὸ
2786 431 2908 482 ταῖς
2970 419 3319 498 προσθήκαις,
3379 421 3466 476 καὶ
3515 421 3844 501 ἀμφοτέροις

477 501 810 564 servabitur
845 501 938 562 :ei
972 518 1134 570 vero,
1169 498 1265 578 qui
1295 501 1615 580 acceperit,
1646 501 1877 564 lucrum
1912 522 1980 565 ex
2004 523 2103 565 usu

2199 502 2297 568 ἕξει
2332 504 2530 568 καλῶς.
2569 509 2658 564 Σοὶ
2712 509 2807 581 μὲν
2865 509 2964 586 γὰρ
3005 507 3218 586 ὑπάρξει
3269 511 3328 566 τὸ
3376 513 3435 566 ὲκ
3465 511 3562 579 τῆς
3595 511 3844 590 φυλακῆς

473 591 914 664 accedet.Quod
946 591 993 650 si
1019 587 1486 681 additamentum
1517 590 1692 652 etiam
1723 593 2006 670 requiris,
2043 593 2103 655 iis

2199 591 2430 670 ἀσφαλές
2469 611 2480 623 ·
2521 603 2594 667 τῷ
2636 595 2690 651 δὲ
2735 595 2947 653 λαϐόντι
2998 599 3057 654 τὸ
3116 597 3174 652 ἐκ
3225 600 3321 665 τῆς
3354 587 3844 681 χρήσεωςνκέρδος,

477 700 608 762 qua;
638 661 950 762 pendenda
971 693 1107 740 sunt
1136 661 1191 743 εἶ’
1209 661 2103 764 Domino,contentus.esto.Ipse

2281 661 2290 670 .
2570 661 2578 667 .
3279 661 3314 665 ρ
3357 661 3408 677 η,
3452 661 3462 669 ,
3588 661 3598 664 -
3693 661 3703 681 ,
3802 661 3843 666 -_

2205 684 2258 738 Εἰ
2291 681 2344 738 δὲ
2399 686 2483 740 καὶ
2541 688 2849 763 προσθήκην
2875 689 3178 767 ἐπιζητεῖς,
3236 687 3514 767 ἀρκέσθητι
3547 705 3665 754 τοῖς
3697 693 3848 770 παρὰ

476 771 768 850 persolvet
800 788 905 848 pro
931 770 1290 849 pauperibus
1337 788 1568 832 usuras.
1622 770 1716 832 Ab
1747 791 1816 833 eo
1850 775 1950 853 qui
1979 791 2118 835 vere

476 857 766 936 benignus
795 857 1340 938 est,benignitatem
1367 871 1645 941 exspecta
1677 861 1818 934 Quae
1841 865 1999 924 enim
2023 883 2116 924 ac-

471 947 618 1026 cipis
650 966 683 1006 a
716 966 998 1028 paupere,
1024 966 1091 1011 ea
1123 968 1360 1011 omnem
1390 951 1838 1012 inhumanitatis
1872 953 2112 1014 modum

468 1043 767 1115 superant.
792 1035 962 1098 Facis
992 1047 1282 1114 quaestum
1319 1058 1387 1100 ex
1415 1039 1874 1111 calamitatibus,
1913 1060 1982 1103 ex
2021 1042 2110 1102 Ia-

469 1123 685 1204 crymis
714 1124 943 1202 colligis
971 1137 1303 1207 argentum,
1336 1128 1560 1189 nudum
1583 1130 1938 1209 strangulas,
1973 1150 2109 1192 ver-

469 1211 644 1276 beras
673 1215 1008 1276 famelicum
1040 1239 1052 1275 :
1080 1237 1370 1298 nusquam
1395 1218 1803 1278 misericordia
1835 1240 1848 1278 :
1884 1236 2109 1300 cogna-

469 1303 644 1363 tionis
677 1304 826 1383 ejus,
861 1325 992 1386 quaa
1022 1326 1154 1368 cum
1191 1307 1457 1369 divexato
1518 1306 1796 1378 habetur,
1835 1309 2110 1387 cogitatio

468 1391 631 1453 nulla
651 1394 912 1454 animum
933 1396 1090 1456 subit
1121 1414 1133 1457 :
1163 1397 1280 1456 imo
1306 1415 1437 1476 qua;
1467 1395 1608 1456 inde
1635 1397 1987 1475 proveniunt
2011 1398 2109 1458 lu-

469 1500 566 1544 cra
579 1481 836 1544 humana
851 1485 1398 1566 appellas.V:e,quaa
1415 1485 1894 1546 dicuntamarum
1911 1486 2106 1562 dulce,

468 1580 525 1633 et
545 1571 718 1635 dulce
739 1592 1005 1635 amarum
1037 1576 1351 1654 38,quique
1378 1575 1868 1636 inhumanitatem
1891 1576 2106 1638 huma-

465 1661 706 1723 nitatem
730 1673 956 1724 vocant.
995 1663 1198 1744 Neque
1246 1683 1382 1725 vero
1420 1671 1719 1744 proliosita
1764 1683 1792 1724 a
1819 1663 2110 1729 Samsone

2199 771 2291 826 τοῦ
2347 775 2549 845 Κυρίου.
2607 775 2770 839 ,ὠτὸς
2843 777 2973 853 ὑπὲρ
3032 782 3136 831 τῶν
3223 777 3466 843 πενήτων
3515 783 3606 836 τὸν
3669 780 3846 837 πλεο-

2199 863 2398 935 νασμόν
2482 863 2744 926 ἀποτίσει,
2821 866 2966 942 Παρά
3053 873 3145 922 του
3231 869 3393 932 ὅντως
3465 868 3847 947 φιλανθρώπου

2197 950 2422 1025 ἀνάμενε
2482 954 2545 1008 τὰ
2605 952 2971 1032 φιλάνθρωπα.
3026 953 3103 1011 "A
3161 957 3260 1034 γὰρ
3306 955 3616 1031 λαμϐάνεις,
3683 967 3850 1014 ταῦτα

2197 1043 2597 1117 μισανθρωπίας
2659 1041 2904 1118 οὗδεμὶαν
2964 1043 3260 1120 ὑπερϐολὴν
3347 1045 3624 1102 ἀπολείπει
3691 1047 3846 1125 (64).

2198 1125 2333 1184 Ἀπὸ
2382 1133 2660 1210 συμτρορῶν
2719 1130 3030 1208 κερδαίνεις,
3084 1135 3189 1189 ἀπὸ
3248 1134 3482 1213 δακρύων
3541 1136 3842 1215 ἀργυρολοι

2196 1232 2339 1297 γεῖς,
2386 1222 2474 1275 τὸν
2531 1224 2730 1298 γυμνὸν
2776 1221 2988 1301 ἄγχεις,
3039 1225 3129 1278 τὸν
3190 1223 3524 1299 λιμώττοντα
3568 1227 3788 1290 τύπτεις
3827 1243 3842 1257 ⁸

2193 1307 2339 1369 ἕλεος
2401 1309 2630 1384 οὖδαμοῦ
2665 1327 2678 1344 ⁸
2741 1311 2912 1368 ἔννοια
2966 1318 3065 1379 τῆς
3123 1318 3424 1390 συγγενείας
3469 1323 3558 1371 τοῦ
3589 1315 3850 1396 πάσχον·

2666 1403 2750 1456 καὶ
2830 1403 2890 1457 τὰ
2965 1401 3197 1457 ἐντεῦθεν
3275 1403 3434 1480 κέρδη
3492 1405 3846 1484 φιλάνθρωπα

2194 1487 2488 1560 ὀνομάζεις,
2529 1491 2653 1547 Οὒαὶ
2686 1493 2731 1545 οἱ
2761 1489 3009 1568 λέγοντες
3064 1494 3122 1547 τὸ
3170 1495 3354 1564 πικρὸν
3404 1492 3590 1572 γλυκὺ,
3634 1499 3724 1550 καὶ
3779 1499 3846 1551 τὸ

2192 1575 2354 1653 γλυκὺ
2385 1577 2570 1654 πικρὸν
2593 1578 2739 1653 (65),
2781 1582 2866 1636 καὶ
2896 1581 2942 1636 οἱ
2975 1581 3072 1647 τὴν
3105 1583 3496 1658 μισανθρωπίαν
3527 1583 3842 1663 φιλανθρω-

2193 1667 2313 1720 πίαν
2345 1669 2842 1744 προσαγορεύοντες.
2879 1668 3006 1726 Οὒδέ
3064 1673 3127 1726 τα
3160 1678 3247 1726 του
3280 1674 3515 1746 Σαμψὼν
3549 1675 3845 1750 αἰνίγματα

2195 1420 2281 1462 τος
2327 1397 2538 1474 οὒδεμία
2576 1418 2588 1430 ⁸

466 1750 928 1814 bombibonibus
957 1757 1467 1835 aanigmata,erant
1498 1753 1877 1832 ejusmodizA
1911 1773 2103 1818 come-

2191 1755 2405 1810 τόιαυτα
2464 1760 2552 1827 ἦν,
2615 1756 2645 1811 ἃ
2716 1756 3039 1834 προεϐάλετο
3102 1773 3218 1816 τοῖς
3279 1761 3618 1834 συμπόταιςο
3694 1763 3842 1819 Ἀπὸ

465 1840 644 1903 dente
665 1845 858 1905 exivit
876 1844 1066 1921 cibus,
1101 1855 1152 1908 et
1181 1863 1212 1906 α
1247 1846 1395 1923 forti
1426 1847 1587 1906 emiit
1619 1844 1795 1905 dulce
1824 1843 1918 1902 39:
1951 1855 2007 1907 et
2032 1845 2104 1906 ab

465 1929 833 1994 inhumnano
854 1935 1189 1997 humanitas
1205 1933 1585 2014 prodiit.N0n
1599 1933 1885 2012 colligunt
1899 1939 1971 1997 de
1983 1937 2107 2016 spi-

462 2023 561 2082 nis
582 2039 947 2103 uvas,neque
966 2025 1040 2086 de
1062 2025 1304 2087 tribulis
1325 2024 1475 2103 ﬁcus
1498 2024 1583 2094 40,
1620 2041 1812 2102 neque
1829 2043 1861 2083 a
1881 2024 2105 2086 tumore

464 2109 910 2192 benignitatem.
963 2115 1177 2178 Omnis
1229 2115 1386 2176 enim
1448 2111 1629 2174 arbor
1663 2112 1922 2173 marcida
1973 2114 2102 2174 fru-

461 2208 593 2262 ctus
623 2203 808 2264 malos
850 2203 1007 2266 facit.
1067 2204 1314 2277 Quidam
1350 2210 1491 2264 sunt
1519 2203 2004 2264 centesimatores
2048 2213 2107 2264 et

461 2290 859 2356 decimato‘res
884 2316 896 2352 :
926 2300 1164 2356 nomina
1194 2294 1284 2356 vel
1315 2291 1519 2354 auditu
1555 2291 1852 2351 horrenda
1882 2311 1897 2366 ;
1929 2311 2103 2353 men-

461 2381 606 2441 strui
638 2381 727 2444 illi
758 2383 1136 2464 repetitores,
1165 2383 1323 2444 velut
1354 2381 1412 2443 hi
1445 2381 1748 2442 dzemones
1779 2381 1880 2461 qui
1907 2383 2100 2443 comi-

461 2469 616 2532 tialis
643 2472 832 2533 morbi
887 2484 1162 2535 auctores
1191 2481 1351 2543 sunt,
1402 2471 1474 2532 ad
1510 2471 1664 2532 luna:
1710 2470 1987 2548 periodos
2041 2472 2100 2532 in

461 2578 752 2640 pauperes
779 2562 1084 2624 invadunt.
1124 2561 1289 2634 Quod
1351 2562 1549 2634 datur,
1587 2560 1640 2619 id
1679 2559 1917 2640 utrique
1951 2561 2105 2622 male

459 2649 640 2725 cedit,
673 2660 732 2713 et
762 2651 948 2724 danti,
987 2665 1044 2714 et
1067 2651 1383 2732 accipienti
1411 2672 1423 2714 :
1461 2650 1596 2712 huic
1624 2648 1867 2726 quidem
1900 2648 1957 2709 in
1993 2668 2099 2728 pe-

460 2740 783 2820 cunias,illi
807 2761 941 2804 vero
968 2743 1026 2804 in
1057 2742 1247 2822 ipsam
1281 2739 1536 2802 animam
1570 2739 1854 2800 damnum
1893 2737 2098 2801 infert.

457 2828 754 2906 Agricola,
781 2831 945 2911 spica
965 2844 1229 2911 accepta,
1280 2847 1486 2891 semen
1519 2847 1725 2888 rursus
1756 2827 1866 2887 sub
1899 2828 2101 2889 radice

457 2936 576 2978 non
601 2929 932 2982 scrutatur:
960 2929 1018 2980 tu
1040 2939 1178 2980 vero
1206 2927 1262 2980 et
1291 2919 1518 2980 fructus
1546 2917 1750 2990 habes,
1787 2925 1846 2978 et
1878 2925 2099 2977 sortem

457 3025 576 3079 non
605 3008 1158 3089 relinquis.Plantas
1176 3012 1502 3087 sineterra;
1539 3007 1672 3068 sine
1695 3012 1928 3067 satione
1965 3025 2095 3066 me-

456 3096 561 3158 tis.
594 3095 697 3160 Cui
728 3117 1040 3176 congeras,
1066 3099 1361 3159 incertum
1397 3096 1631 3168 est.Qui
1665 3095 1738 3156 oh
1770 3115 1978 3156 usuras
2011 3096 2098 3158 la-
2119 3135 2158 3184 ρ

455 3196 938 3266 crymatur,certo
970 3188 1311 3266 agnoscitur
1340 3203 1352 3244 :
1390 3186 1493 3266 qui
1518 3203 1658 3245 vero
1695 3203 1901 3245 earum
1931 3187 2100 3264 copia

453 3274 740 3337 fruiturus
766 3285 874 3347 est,
904 3295 1019 3336 non
1050 3285 1237 3338 certo.
1275 3276 1421 3336 Nam
1457 3273 1751 3335 incertum
1787 3283 1875 3334 est
1903 3284 2095 3335 utrum

454 3381 572 3424 non
604 3363 684 3424 sis
713 3365 846 3425 aliis
876 3364 1211 3425 divitiarum
1250 3380 1420 3424 usum
1456 3362 1869 3434 relicturus,et
1902 3373 2097 3424 tamen

453 3451 559 3512 tibi
589 3453 716 3533 ipse
773 3453 988 3514 malum
1022 3453 1338 3533 iniquitate
1373 3450 1652 3516 ascivisti.
1693 3451 1896 3531 Neque
1920 3452 2100 3530 igitur

452 3540 740 3604 volentem
762 3549 1040 3604 mutuum
1067 3541 1678 3621 accipere,averseris
1697 3539 1744 3582 ⁴¹
1762 3561 1979 3622 .neque
2004 3561 2100 3622 pe-

453 3634 683 3692 cuniam
713 3639 868 3693 tuam
898 3632 1126 3694 foenore
1171 3631 1582 3709 occupaveris.
1616 3629 1700 3692 Ex
1724 3629 1919 3693 Veteri
1951 3642 2006 3693 et
2029 3653 2099 3694 ex

449 3720 612 3782 Novo
642 3721 1026 3784 Testamento
1057 3721 1479 3784 conducibilia
1509 3721 1942 3794 edoctus,bona
1963 3741 2096 3782 cum

450 3829 555 3890 spe
577 3811 646 3871 ad
682 3813 1001 3874 Dominum
1036 3811 1579 3884 habeas,bonorum
1609 3829 1854 3889 operum
1892 3829 2100 3872 usuras

451 3900 574 3962 illic
595 3910 966 3980 recepturus:
997 3902 1057 3962 in
1077 3902 1310 3965 Christo
1334 3903 1472 3963 .Iesu
1497 3900 1746 3961 Domino
1767 3897 2094 3970 nostro,cui

452 3989 638 4068 gloria
658 3997 714 4052 et
745 3990 1062 4072 imperium
1114 3990 1174 4050 in
1201 3990 1416 4052 saacula
1446 3991 1828 4052 saeculorum.
1865 3993 2088 4056 Amen.

2190 1843 2446 1910 ἐσθίοντες
2507 1846 2688 1913 ἐξῆλθε
2761 1849 2981 1925 βρῶσις,
3068 1851 3156 1904 καὶ
3211 1848 3316 1904 ἀπὸ
3371 1851 3591 1928 ἰσχυροῦ
3649 1850 3844 1917 ἐξῆλθε

2189 1931 2355 2007 γλυκύ
2389 1949 2402 1961 ⁹
2466 1935 2552 1988 καὶ
2611 1935 2717 1990 ἀπὸ
2781 1935 3154 2013 μισανθρώπου
3212 1935 3393 2002 ἐξῆλθε
3437 1937 3840 2015 φιλανθρωπία.

2190 2025 2262 2078 0-3
2345 2019 2684 2099 συλλέγουσιν
2797 2025 2900 2080 ἀπὶ
2998 2025 3236 2080 ἀκανθῶν
3325 2025 3616 2101 σταφυλὰς,
3712 2026 3840 2082 0-3δέ

2187 2109 2293 2164 ἀπὸ
2341 2110 2596 2187 τριϐόλων
2654 2119 2806 2185 σῦκα,
2868 2111 2984 2170 οὔδε
3037 2114 3139 2169 ἀπὸ
3189 2114 3360 2169 τόκων
3406 2117 3839 2194 φιλανθρωπίαν,

2190 2204 2296 2254 Πᾶν
2353 2201 2452 2277 γὰρ
2501 2198 2702 2280 δένδρον
2761 2204 2960 2277 σαπρὸν
3039 2204 3270 2281 καρποὺς
3329 2206 3595 2281 πονηροὺς
3654 2221 3835 2264 ποιεῖ.

2185 2288 2630 2368 Ἐκατοστολὸγοι
2661 2293 2746 2346 καὶ
2803 2290 2998 2360 δεκατη
3033 2292 3182 2370 λόγοι
3242 2295 3380 2357 τινες
3445 2294 3568 2376 (66)
3627 2298 3839 2374 φρικτὰ

2185 2381 2274 2436 καί
2308 2382 2622 2450 ἀκουσθῆναι
2675 2385 2910 2458 ὀνόματα
2947 2401 2960 2414 ⁸
3015 2399 3259 2460 μηνιαϊοι
3294 2386 3610 2466 ἀπαιτηταὶ,
3645 2388 3840 2466 ὥσπερ

2187 2472 2232 2526 οἱ
2265 2472 2356 2533 τὰς
2400 2471 2688 2547 ἐπιληψίας
2739 2483 3012 2537 ποιοῦντες
3061 2473 3328 2549 δαίμονες,
3393 2478 3528 2532 κατά
3576 2479 3668 2539 τάς
3727 2500 3835 2533 πε·-

2187 2557 2387 2638 ριόδους
2447 2584 2543 2627 της
2630 2561 2856 2630 σελήνης
2926 2563 3276 2637 ἐπιτιθέμενοι
3361 2566 3484 2630 τοῖς
3546 2581 3832 2647 πτωχοῖς.

2190 2652 2398 2729 Πονηρά
2456 2649 2596 2713 δόσις
2624 2653 2876 2729 ἐκατέρῳ,
2909 2656 2996 2710 καὶ
3025 2662 3098 2727 τῷ
3153 2651 3365 2728 διδόντι,
3403 2657 3490 2710 καὶ
3540 2656 3615 2729 τῷ
3674 2658 3789 2730 λαμ
3815 2691 3835 2706 ο

2185 2737 2394 2796 ϐάνοντι
2433 2756 2446 2770 ’
2494 2748 2570 2814 τῷ
2630 2743 2726 2812 μὲν
2786 2744 2858 2808 εἰς
2890 2744 3170 2823 χρήματα,
3208 2751 3282 2816 τῷ
3312 2743 3363 2798 δὲ
3419 2747 3490 2807 εἷς
3525 2745 3691 2812 αυτὴν
3723 2747 3834 2813 τὴν

2185 2830 2366 2908 ψυχὴν
2418 2831 2642 2908 φέρουσα
2694 2832 2790 2898 τὴν
2820 2835 3013 2906 ζημίαν
3073 2833 3134 2889 Ὀ
3163 2836 3422 2911 γεωργὸς,
3475 2836 3563 2890 τὸν
3619 2836 3834 2914 στάχυν

2185 2919 2384 2995 λαϐὼν,
2444 2922 2505 2975 τὸ
2535 2921 2744 2995 σπέρμα
2779 2922 2932 2978 πάλιν
2963 2924 3065 2978 ὑπὸ
3109 2925 3207 2990 την
3257 2925 3397 3000 ῥίζαν
3446 2924 3539 2980 οὒκ
3591 2923 3777 3000 ἐρευνᾷ
3813 2943 3826 2955 ·

2183 3011 2244 3064 σὺ
2303 3007 2355 3064 δὲ
2401 3012 2489 3066 καὶ
2547 3011 2664 3067 τοὺς
2717 3014 2949 3090 καρποὺς
3021 3013 3195 3092 ἓχεις,
3245 3015 3334 3070 καὶ
3389 3018 3483 3072 οὒκ
3540 3014 3830 3092 ἀφίστασαι

2185 3101 2289 3154 τῶν
2349 3099 2647 3178 Ἀρχαίων,
2711 3098 2883 3158 ’Ἄνευ
2932 3106 3031 3180 γῆς
3091 3104 3328 3181 φυτεύεις
3364 3119 3377 3132 ⁸
3444 3103 3561 3158 ἄνευ
3624 3112 3830 3180 σπορᾶς

2277 3195 2285 3210 I
2480 3189 2517 3213 Η
2574 3189 2595 3206 λ
3095 3193 3105 3211 Ι
3312 3192 3328 3214 9
3477 3193 3491 3210 ‘
3591 3191 3615 3210 δ
3735 3198 3746 3212 ο

2181 3192 2418 3266 θεροζεις.
2524 3188 2751 3260 Λοηλον,
2813 3191 2910 3246 τίνι
2985 3214 3251 3268 συναγεις.
3335 3202 3374 3250 0
3433 3215 3530 3266 μεν
3587 3209 3831 3271 οακρυων

2182 3279 2265 3334 ἐπὶ
2309 3279 2428 3342 τοῖς
2490 3278 2664 3341 τόκοις
2729 3280 2992 3357 πρόδηλος
3032 3297 3044 3310 ⁸
3095 3285 3121 3336 ὁ
3178 3279 3230 3335 δὲ
3284 3280 3569 3337 ἀπολαύειν
3603 3282 3824 3356 μέλλων

2183 3373 2277 3434 τῆς
2309 3367 2414 3423 ἀπὸ
2445 3368 2640 3423 τούτων
2673 3371 2975 3446 περιουσίας
3008 3368 3318 3449 ἀμφῖϐολος.
3359 3368 3608 3436 ”Αδηλον
3639 3372 3742 3448 γὰρ
3777 3375 3820 3428 εἰ

2183 3457 2260 3531 μὴ
2293 3457 2485 3535 ἑτέροις
2515 3460 2613 3525 την
2664 3457 2748 3513 ἐπὶ
2773 3481 2848 3531 τῳ
2877 3458 3089 3532 πλούτῳ
3118 3461 3278 3538 χάριν
3306 3459 3433 3538 (67)
3471 3460 3722 3538 ἀφήσεις,
3763 3467 3826 3519 τὸ

2184 3547 2243 3602 ἐκ
2285 3552 2380 3612 της
2434 3544 2635 3608 ἀδικίας
2681 3548 2842 3603 κακὸν
2902 3555 3104 3622 σεαυτῷ
3145 3551 3482 3627 θησαυρῗσας,
3539 3551 3686 3618 Μήτε
3735 3552 3828 3607 οὖν

2182 3637 2272 3692 τὸν
2375 3634 2593 3691 θέλοντα
2693 3635 3024 3694 δανείσασθαι
3130 3638 3490 3718 ἀποστραφῇς,

2184 3726 2426 3802 ἀργύριόν
2484 3747 2576 3780 σου
2635 3728 2710 3800 μὴ
2771 3724 2872 3801 δῷς
2925 3727 3008 3784 ἐπὶ
3061 3728 3224 3799 τόκνρ,
3287 3727 3402 3800 ἵνα,
3465 3728 3525 3784 ἐκ
3582 3729 3826 3794 Παλαιᾶς

2182 3817 2267 3870 καὶ
2333 3814 2466 3876 Νέας
2535 3817 2804 3885 Διαθήκης
2866 3818 2932 3872 τα
2985 3817 3315 3895 συμφέροντα
3358 3815 3646 3896 διδαχθεὶς,
3702 3819 3829 3894 μετ’

2180 3904 2382 3976 ἀγαθῆς
2428 3906 2524 3968 τῆς
2584 3903 2788 3968 ἐλπίδος
2856 3908 2984 3982 προς
3037 3907 3125 3962 τὸν
3186 3907 3372 3984 Κύριον
3431 3907 3619 3986 ἀπίῃς,
3697 3908 3826 3966 ἐκεῖ

2177 3995 2294 4056 τοὶς
2351 3991 2536 4057 τόκους
2595 4000 2700 4048 τῶν
2753 3995 2960 4073 ἀγαθῶν
3024 3995 3189 4073 ἔργων
3238 3995 3682 4077 ἀποληψόμενος,
3763 3999 3822 4055 ἐν

3578 3642 3665 3695 καὶ
3766 3644 3828 3696 τὸ

454 4087 665 4158 Χριστῷ
689 4079 862 4148 Ἰησοῦ
892 4088 967 4155 τῷ
1001 4081 1170 4158 Κυρίῳ
1194 4083 1368 4154 ἡμῶν,
1403 4087 1448 4154 ᾦ
1470 4083 1503 4148 ἡ
1536 4079 1655 4146 δόξα
1690 4103 1773 4137 και
1803 4081 1864 4137 τό
1901 4083 2088 4161 κράτος
2121 4087 2195 4150 εἷς
2228 4083 2348 4145 τοὺς
2382 4084 2575 4146 αἰῶνας
2607 4089 2712 4139 τῶν
2746 4085 2969 4143 αἰώνων.
3005 4083 3199 4160 Ἀμήν,

457 4224 3764 4248 ——_.__—.___________.______._____._____________________

888 4305 960 4368 IN
1005 4306 1362 4372 PSALMUM
1405 4307 1662 4371 XXVIII.

622 4391 897 4457 Psalmus
927 4398 1125 4459 David
1153 4400 1220 4459 in
1243 4401 1413 4461 exitu
1445 4416 1484 4459 α
1518 4397 1935 4462 tabernaculo.

541 4490 595 4544 ι.
630 4484 900 4547 Psalmus
958 4487 1274 4549 vicesimus
1333 4497 1574 4550 octavus
1619 4488 1802 4552 habet
1855 4489 2094 4569 quidem
2121 4521 2162 4571 ο

453 4581 676 4651 partem
711 4574 1117 4655 inscriptionis
1148 4596 1551 4648 communem;
1597 4578 1874 4641 Psalmus
1905 4578 2092 4652 enim,

452 4659 664 4742 inquit,
698 4665 920 4728 Davidi
957 4665 1179 4729 :habet
1204 4685 1340 4728 vero
1392 4675 1452 4728 et
1480 4667 1704 4748 aliquid
1741 4669 2044 4749 proprium
2078 4688 2094 4744 ;

533 4777 586 4821 33
616 4777 752 4844 Isai.
786 4800 842 4861 γ,
877 4782 976 4846 20.
1061 4781 1116 4825 ³9
1145 4782 1342 4848 Judic.
1376 4802 1493 4858 xw,
1534 4785 1628 4848 14.

533 4903 662 4988 (64)
697 4903 846 4988 Reg.
872 4904 1455 4988 tertiusygzzletzet.
1487 4908 1691 4969 Statim
1717 4907 1885 4971 Colb.
1921 4925 2098 4988 quar-

455 4989 549 5083 tt'ls
584 4983 783 5051 πένητα
816 4983 1029 5065 ἄγχεις.
1071 4983 1295 5045 Ibidem
1352 4987 1506 5048 idem
1538 4990 1724 5050 codex
1754 4983 1956 5066 πνίγειξ
1993 5006 2098 5068 pro

452 5083 668 5123 τυπτεις
682 5112 694 5124 ,

539 5141 662 5220 (65)
697 5141 823 5227 Illa,
853 5147 938 5200 καὶ
969 5147 1028 5202 τὸ
1057 5145 1230 5224 γλυκύ
1259 5149 1470 5227 πικρόν,
1503 5148 1838 5210 addidimus
1869 5166 1938 5208 ex
1971 5149 2097 5210 Be-

454 5219 563 5298 giis
594 5219 859 5284 secundo
890 5236 948 5284 et
979 5219 1164 5286 sexto.
1202 5219 1523 5304 Infra'Re'g.
1547 5229 1844 5290 secundus
1866 5228 1970 5284 ἀπὸ
2003 5250 2092 5301 μι-

454 5304 800 5388 σανθρωπίας.
839 5307 964 5366 Nec
988 5305 1183 5388 aliter
1212 5307 1424 5386 legitur
1469 5309 1524 5368 in
1563 5309 1704 5388 Reg.
1743 5317 1931 5378 sexto,
1985 5307 2089 5366 sed

455 5381 716 5442 secunda
745 5402 942 5447 manu.
981 5387 1135 5446 Editi
1175 5381 1312 5447 vero
1345 5389 1519 5449 etalii
1547 5381 1823 5452 sexvmss.
1859 5391 1962 5443 ἀπὸ
1993 5411 2089 5462 μι-

454 5462 763 5539 σανθρώπου
774 5513 786 5525 ,

539 5541 662 5620 (66)
831 5543 1008 5603 editio
1045 5544 1193 5606 Basil
1231 5567 1428 5629 ,quam
1463 5551 1816 5629 scripturam
1849 5545 2092 5629 exhibet

457 5639 695 5709 quoque
725 5625 1252 5709 Reg.sextu_s,_non
1275 5625 1525 5706 quidem
1559 5625 1747 5709 prima
1779 5626 2091 5702 manu,sed

455 5701 700 5786 antiqua
731 5711 954 5766 tamen.
1009 5701 1206 5766 Editio
1243 5701 1430 5770 Paris.
1485 5701 1600 5772 non
1635 5728 1807 5773 secus
1855 5728 1924 5772 ac
1949 5701 2088 5769 mss.

1715 4784 1768 4829 ⁴⁰
1800 4785 2002 4846 Matth.
2027 4801 2134 4856 vn,
2169 4784 2264 4847 46.

2603 4318 2709 4368 ΕιΣ
2755 4321 2884 4369 TON
2933 4309 3045 4369 KH'
3098 4317 3407 4374 ΨΑΛΜΟΝ.

2417 4397 2654 4473 Ψαλμὸς
2685 4406 2760 4473 τῷ
2794 4396 2950 4454 Δαϐὶδ
2990 4398 3181 4464 ὲξοδίου
3210 4401 3410 4467 σκηνῆς
3443 4399 3599 4480 (68).

2272 4491 2323 4550 ¹·
2389 4485 2448 4546 ’θ
2500 4489 2738 4564 εἶκοστρς
2796 4487 2980 4566 ὄγδοος
3035 4487 3248 4563 ψαλμῶ
3309 4489 3426 4570 ἔχει
3471 4492 3568 4566 μὲν
3613 4492 3702 4546 καὶ
3765 4493 3827 4546 τὸ

2178 4579 2354 4635 κοινὸν
2413 4582 2511 4643 τῆς
2563 4577 2861 4656 ἐπιγραφῆς
2904 4597 2914 4612 ·
2975 4577 3206 4652 Ψαλμὸς
3236 4580 3360 4658 γὰρ,
3407 4582 3560 4658 φησὶ,
3595 4587 3674 4653 τῷ
3707 4591 3823 4634 Δα-

2177 4666 2258 4724 ϐίδ
2292 4685 2304 4697 ⁸
2339 4665 2458 4746 ἔχει
2509 4665 2564 4722 δέ
2607 4688 2654 4722 τι
2691 4669 2776 4722 καὶ
2829 4667 3017 4738 ἰδιάζον
3055 4682 3069 4696 ⁶
3133 4669 3441 4745 πρόσκειται
3499 4671 3624 4746 γὰρ,
3684 4668 3818 4733 Ἐξ-

2350 4781 2400 4826 u
2444 4783 2646 4846 Matth.
2679 4800 2740 4864 ν,
2768 4782 2867 4847 42.

2186 4905 2352 4966 multi
2384 4904 2748 4983 δεκατολόγοι.
2782 4904 2898 4967 Alii
2919 4905 3036 4967 duo
3070 4923 3210 4968 mss.
3248 4905 3648 4984 δεκαστολόγοι.
3685 4910 3819 4970 Μοι

2182 4987 2331 5062 Reg.
2371 4985 2593 5064 primus
2614 4988 2704 5050 τὰς
2727 4986 3033 5062 ἐπιλήψεις.
3071 4984 3338 5048 Subinde
3370 4986 3822 5066 Reg.secundus

2182 5067 2478 5129 ἐπιθέμενοι
2512 5081 2784 5144 πτωχοῖς.

2259 5147 2380 5224 (67)
2403 5145 2500 5207 Sic
2521 5154 2652 5206 octo
2680 5163 2962 5208 mss.cum
2983 5145 3244 5209 editione
3265 5146 3651 5210 Basil.Editio
3673 5164 3818 5210 vero

2177 5226 2367 5289 Paris.
2406 5226 2617 5300 πλούτῳ
2647 5229 2842 5305 χάραν.
2897 5225 3026 5288 Mox
3091 5244 3230 5287 mss.
3262 5245 3380 5288 non
3413 5228 3587 5304 pauci
3615 5229 3695 5284 ἵν’
3726 5232 3810 5292 ὲκ,

2175 5305 2381 5368 Statim
2414 5306 2596 5387 editio
2633 5307 2816 5367 Paris.
2866 5309 3194 5387 συμφέροντα
3234 5331 3338 5365 σοι.
3379 5307 3500 5370 Vox
3534 5332 3616 5366 σοι
3647 5308 3820 5371 abest

2175 5388 2246 5448 ab
2281 5385 2558 5447 omnibus
2592 5405 2732 5450 mss.

2259 5467 2394 5548 (68)
2419 5465 2544 5548 Illa,
2572 5469 2805 5548 ΔΨαλμος
2829 5473 2910 5548 τῷ,
2937 5465 3092 5548 Δῗαὸὶδ
3111 5469 3308 5534 ἒξοδίου
3339 5491 3568 5546 σκηνης,
3607 5469 3820 5548 legun-

2176 5560 2271 5610 tur
2299 5546 2540 5629 quidem
2569 5546 2625 5629 i_n
2658 5546 3014 5629 Colbertinis
3055 5548 3320 5610 secundo
3359 5554 3418 5611 et
3467 5546 3730 5629 septimo
3756 5559 3818 5610 et

2177 5629 2237 5690 in
2271 5625 2538 5689 editione
2569 5625 2886 5690 Parisiensi
2922 5645 2936 5690 :
2969 5629 3075 5690 sed
3110 5631 3170 5691 in
3201 5629 3331 5692 aliis
3363 5639 3495 5692 octo
3521 5625 3642 5692 niss
3702 5628 3814 5690 de-

2178 5715 2334 5771 sunt.
