4102 6224
316 373 428 440 281

1390 368 1713 433 HOMILIA
1757 368 1842 431 IN
1885 364 2248 432 PSALMUM
2296 367 2574 433 XXVIII.

3569 369 3690 434 282

316 514 456 571 οδίου
505 510 730 579 σκηνῆς,
786 509 844 568 Τί
885 507 939 564 δὲ
999 511 1150 564 τοῦτο
1204 507 1369 580 ἐστι,
1447 508 1741 577 Νοήσωμεν
1803 507 1850 562 τί
1892 506 1950 560 τὸ

2037 520 2170 564 nam
2197 503 2458 578 additur,
2491 504 2565 564 In
2587 503 2756 564 exitu
2779 521 2817 562 α
2855 498 3270 565 tabernaculo.
3307 503 3462 577 Quid
3489 515 3684 568 autem

316 605 538 669 ἐξόδιον,
599 603 684 656 καὶ
728 601 803 658 τίς
944 602 1138 667 σκηνὴ,
1191 597 1284 652 ’ἕνα
1329 597 1382 652 ἐν
1433 603 1508 666 τῷ
1539 595 1835 671 βουλήματι
1866 602 1958 652 τοῦ

317 693 534 768 ψαλμοῦ
566 689 868 760 δυνηθῶμεν
922 686 1180 763 γενέσθαι,
1241 688 1373 760 Πρὸς
1429 687 1524 758 μὲν
1557 685 1644 740 οὖν
1677 686 1771 751 τὴν
1804 687 1954 740 ἱστο-

317 785 431 860 ρίαν
463 781 595 845 δόξει
654 791 768 837 τοῖς
828 781 1017 856 ἱερεῦσι
1077 779 1164 831 καὶ
1223 788 1336 839 τοῖς
1372 777 1618 837 Λευίταις
1674 775 1954 855 ὀφειλένοις

314 875 409 929 106
465 871 615 946 ἔργα)
649 866 768 941 (69)
812 869 871 922 τὸ
933 864 1283 942 παράγγελμα
1337 863 1561 920 δίδοσθαι
1607 863 1784 934 10610,
1818 863 1952 918 ὥστε

315 964 620 1035 μεμνῆσθαι
677 964 781 1014 τῶν
843 954 1162 1034 ὀφειλόντων
1216 959 1398 1016 αὺτοῖς
1460 954 1954 1025 παρασκευτσθῆναι

315 1054 449 1129 πρὸς
481 1050 577 1114 τὴν
622 1047 888 1124 λατρείαν,
926 1042 1250 1108 Ἐξοδεύουσι
1308 1044 1406 1120 γὰρ
1461 1043 1565 1098 ἀπὸ
1622 1049 1718 1110 τῆς
1753 1049 1954 1110 σκηνῆς

315 1142 404 1196 καὶ
434 1139 624 1203 ἐξιοῦσι
649 1136 835 1192 λοιπὸν
871 1137 898 1190 ὁ
950 1134 1108 1211 λόγος
1139 1132 1541 1209 διαμαρτύρεται
1576 1131 1722 1187 ἅτινα
1768 1134 1953 1191 αὖτοὺς

314 1229 700 1300 ἐτοιμάσαντας
759 1225 1016 1304 προσῆκε,
1061 1223 1174 1278 τίνα
1225 1221 1450 1300 ἔχοντες
1501 1220 1629 1299 (70)
1685 1223 1810 1293 πρὸς
1855 1223 1954 1288 τὴν

913 1313 1019 1387 ὅτι,
1079 1313 1218 1374 υἱοὺς
1271 1317 1430 1389 κριῶν
1468 1327 1479 1339 ⁸
1529 1309 1632 1382 ὅτι,
1686 1309 1836 1375 δόξαν
1869 1313 1953 1367 καὶ

1395 1398 1469 1455 ὅτι
1485 1448 1500 1478 ,
1533 1398 1763 1474 οὐδαμοῦ
1794 1399 1956 1456 ἀλλα-

317 1318 440 1385 ἑξής
502 1315 803 1383 ἀπαντῆσαι
838 1331 851 1343 ⁸

316 1409 481 1482 τιμήν
512 1424 525 1438 ⁸
563 1405 665 1484 ὅτι,
700 1403 849 1468 δόξαν
881 1403 1101 1470 ὀνόματι
1133 1403 1289 1458 αὐτοῦ
1327 1418 1338 1430 ⁸

316 1506 424 1578 χοῦ
454 1494 785 1573 λατρεύεινῆ
838 1492 892 1548 ἐν
951 1496 1019 1568 τῇ
1077 1490 1212 1567 αὒλῇ
1268 1498 1358 1546 τοῦ
1417 1491 1601 1568 Κυρίου
1661 1492 1833 1546 καὶἒν
1877 1499 1953 1565 τῷ

314 1589 466 1658 τόπῳ
520 1596 612 1643 τοῦ
668 1584 994 1662 άγιάσματος
1053 1585 1312 1658 προσῆκε.
1379 1582 1510 1658 Πρὸς
1544 1579 1596 1634 δὲ
1627 1581 1716 1634 τὸν
1748 1579 1950 1646 ἡμέτε-

312 1699 404 1753 ρον
462 1683 579 1731 νοῦν
612 1677 700 1730 τὸν
745 1673 810 1728 τὰ
850 1669 1030 1746 ὕψηλᾶ
1077 1674 1392 1748 θ’ωροῦντα,
1455 1672 1538 1724 καὶ
1582 1667 1666 1724 διὰ
1722 1674 1819 1734 τῆς
1853 1692 1952 1743 με·

311 1765 606 1844 γαλόφυοῦς
663 1764 748 1819 καὶ
820 1761 1123 1838 πρεπούσης
1189 1767 1256 1835 τῇ
1300 1761 1411 1830 θείᾳ
1475 1765 1652 1837 Γραφῇ
1723 1757 1950 1822 διανοίας

2042 592 2150 652 hoc
2173 600 2290 655 est?
2312 591 2774 654 Consideremus
2795 590 2928 670 quis
2945 591 3023 652 sit
3041 591 3140 652 ille
3171 592 3383 667 exitus,
3418 603 3476 656 et
3493 596 3684 676 quod-

2042 699 2175 741 nam
2224 683 2297 742 sit
2331 681 2473 742 illud
2513 680 2961 742 tabernaculum
2995 688 3058 740 ut
3103 682 3316 741 Psalmi
3347 682 3686 764 intelligen-

2043 771 2180 831 tiam
2214 772 2348 831 IM
2378 771 2616 851 assequi
2647 770 2973 830 valeamus.
3004 768 3171 841 Quod
3221 769 3404 849 igitur
3435 776 3690 853 pertinet

2040 861 2108 920 ad
2138 861 2532 933 liistoriam,id
2567 858 2849 940 przncepti
2864 858 3164 919 videbitur
3193 862 3604 926 sacerdotibus
3631 873 3689 927 et

2041 950 2234 1011 levitis
2261 969 2442 1030 opere
2463 949 2678 1010 funetis
2701 949 2902 1008 datum
2927 958 3152 1028 esse,ut
3174 967 3262 1009 eo:
3284 969 3379 1010 uin
3407 971 3542 1028 quae
3565 973 3597 1014 a
3622 974 3687 1017 se

2038 1039 2111 1099 ad
2145 1039 2543 1101 ministerium
2570 1036 2889 1119 praeparari
2918 1035 3159 1116 debent,
3193 1038 3679 1107 reminiscantur.

2040 1129 2408 1190 Exeuntibus
2432 1128 2591 1189 enim
2624 1147 2656 1188 e
2689 1125 3413 1207 tabernaculo,Scriptura
3431 1148 3566 1191 mox
3585 1132 3686 1192 de-

2037 1217 2245 1299 clarat,
2280 1237 2410 1299 quin
2441 1219 2600 1298 ipsos
2644 1234 2884 1297 parasse
2917 1233 3021 1296 par
3051 1217 3150 1291 sit,
3187 1225 3244 1277 et
3265 1237 3396 1298 quae
3418 1229 3687 1300 oporteat

2038 1307 2283 1381 habere,
2319 1317 2380 1370 ut
2409 1308 2480 1368 ad
2514 1314 2864 1387 sequentem
2890 1305 3050 1366 diem
3104 1307 3483 1385 conveniant,
3512 1311 3685 1372 nimi-

2041 1415 2170 1457 rum
2203 1398 2357 1458 ﬁlios
2387 1399 2665 1469 arietum,
2698 1395 2972 1473 gloriam,
3006 1395 3318 1470 honorem,
3347 1405 3404 1458 et
3434 1399 3683 1477 gloriam

2039 1487 2432 1568 nominiejus;
2461 1488 2626 1560 item,
2668 1503 2964 1565 nusquam
3002 1484 3141 1545 alibi
3167 1485 3279 1546 nisi
3310 1486 3370 1546 in
3405 1489 3541 1550 aula
3573 1490 3685 1554 Do-

2041 1576 2184 1636 mini
2200 1576 2594 1637 etsanctitatis
2609 1575 2735 1636 loco
2753 1577 2973 1635 cultum
2989 1574 3680 1652 exhiberidebereﬂuod

2036 1684 2175 1726 vero
2205 1665 2279 1726 ad
2311 1667 2425 1726 vim
2463 1663 2832 1742 intelligendi
2863 1672 3122 1724 nostram
3149 1668 3686 1746 spectat,sublimia

2036 1757 2748 1836 contemplantem,atque
2771 1755 3082 1833 magniﬁca
3098 1755 3363 1834 quaedam
3385 1776 3452 1818 ac
3467 1759 3682 1822 divinae

311 1857 603 1911 οἷκειοῦντα
661 1855 795 1925 ἡμῖν
852 1851 941 1906 τὸν
1002 1850 1186 1924 νόμον,
1236 1848 1416 1904 ἐκεῖνα
1445 1850 1578 1916 ἡμῖν
1612 1849 1893 1904 ὑποπίπτει
1932 1865 1944 1878 ⁸

2037 1842 2356 1925 Scriptura;
2386 1844 2764 1906 convenienti
2820 1843 3223 1922 intelligentia
3285 1845 3477 1926 legem
3512 1849 3684 1911 nobis

309 1947 424 1999 εὐτε
456 1945 600 2022 κριὸς
629 1943 689 1997 τὸ
719 1939 866 2017 ἅῤῥεν
915 1939 967 1994 ἐν
1017 1952 1134 1998 τοῖς
1191 1939 1476 2015 προ’ἱάτοις
1539 1953 1762 2016 νοεῖται,
1832 1936 1948 1994 οὔτε

310 2034 488 2099 σκηνῆ
517 2034 575 2087 τὸ
625 2032 682 2086 ἐκ
736 2036 832 2096 τῆς
882 2029 1094 2108 ἀψύχου
1137 2030 1334 2094 ταύτης
1389 2026 1520 2093 ὕλης
1555 2029 1946 2104 συμπηγνύμε-

308 2146 401 2179 νον
456 2123 684 2195 οἴκημα,
749 2119 865 2175 ούτε
927 2117 1098 2182 ἔξοδος
1154 2117 1358 2184 σκηνῆς
1430 2119 1461 2184 ἡ
1521 2117 1624 2172 ἀπὸ
1679 2124 1771 2173 τοῦ
1827 2125 1950 2174 ναοῦ

305 2211 678 2289 ἀναχώρησις,
726 2206 862 2262 ἀλλὰ
906 2206 1078 2272 σκηνὴ
1135 2207 1231 2278 μὲν
1283 2206 1421 2279 ἡμῖν
1465 2208 1525 2261 τὸ
1571 2212 1725 2280 σῶμα
1771 2208 1945 2278 10610,

305 2302 379 2361 ὡς
441 2303 466 2354 ὁ
524 2297 849 2359 Ἀπόστολος
897 2297 1038 2370 ἡμᾶς
1098 2293 1290 2360 ἐδίδαξε
1349 2295 1545 2375 λέγων,
1595 2294 1678 2350 ὅτι
1714 2299 1772 2353 Οἱ
1803 2295 1950 2360 ὄντες

307 2389 359 2443 ἐν
411 2395 484 2460 τῷ
542 2387 722 2454 σκήνει
782 2390 1100 2459 στενάζομεν
1137 2404 1150 2418 ⁸
1219 2388 1306 2440 καὶ
1363 2384 1522 2440 πάλιν
1583 2388 1609 2440 ὁ
1691 2384 1902 2459 ψαλμός
1937 2401 1952 2417 ⁸

304 2479 395 2534 καὶ
440 2475 628 2547 μάστιξ
687 2475 781 2532 οὒκ
854 2476 1027 2552 ἑγγιεῖ
1081 2480 1158 2547 τῷ
1233 2473 1546 2547 σκηνώμλτί
1623 2495 1740 2536 σου,
1826 2472 1948 2538 Ἐξ-

306 2565 450 2623 όδιον
493 2563 547 2621 δὲ
593 2566 859 2632 σκηνῆςὴ
916 2565 1022 2619 ἀπὸ
1071 2571 1160 2619 τοῦ
1214 2564 1328 2638 βίου
1358 2565 1542 2618 τούτου
1577 2562 1946 2641 ἀναχώρησις,

304 2657 440 2732 πρὸς
493 2655 560 2722 ἢν
610 2654 1095 2732 παρασκευάζεσθαι
1165 2656 1304 2727 ἡμᾶς
1356 2654 1383 2707 ὃ
1434 2651 1594 2729 λόγος
1657 2659 1945 2730 παρεγγυᾷ,

305 2744 430 2801 τάδε
458 2746 573 2800 τινα
631 2745 718 2799 καὶ
770 2741 891 2798 τάδε
925 2744 1236 2816 κομίζοντας
1292 2745 1370 2815 τῷ
1405 2742 1573 2818 Κυρίῳ
1605 2756 1618 2770 ⁸
1673 2741 1887 2819 ἐπείπερ
1918 2744 1952 2808 η

302 2834 525 2890 ἐνταῦθα
579 2831 794 2911 ἐργασία
826 2831 1040 2911 ai?de
1072 2832 1182 2886 ἐστι
1218 2832 1350 2909 πρὸς
1411 2832 1469 2886 τὸ
1513 2829 1745 2903 μέλλων,
1786 2832 1881 2887 Καὶ
1925 2833 1952 2886 ὁ

303 2923 526 2980 ἐνταῦθα
574 2921 658 2976 διὰ
710 2927 814 2976 τῶν
873 2921 1082 2998 ἀγαθῶν
1135 2920 1302 2997 ἔργων
1330 2919 1446 2994 (71)
1489 2917 1639 2984 δόξαν
1673 2919 1844 2998 φέρων
1868 2917 1955 2974 καὶ

303 3013 470 3086 τιμὴν
498 3017 572 3084 τῷ
627 3012 820 3089 Κυρίῳ,
865 3011 1014 3071 οὗτος
1059 3007 1210 3073 δόξαν
1255 3009 1424 3080 ἑαυτῷ
1451 3009 1538 3062 καὶ
1599 3009 1769 3082 τιμὴν
1819 3009 1954 3064 κατὰ

303 3102 404 3168 τὴν
457 3098 659 3156 δικαίαν
714 3108 805 3156 τοῦ
862 3101 1041 3175 κριτοῦ
1084 3097 1435 3154 ἁνταποδόσιν
1477 3098 1797 3176 θησαυρίζει,
1865 3095 1954 3154 Ἐν

2034 1934 2384 1996 familiarem
2439 1935 2816 2014 reddentem,
2866 1933 2962 1993 illa
3015 1933 3184 1994 nobis
3229 1947 3568 2010 occurrunt,
3617 1949 3682 2000 ut

2033 2043 2234 2100 neque
2249 2024 2404 2084 aries
2424 2043 2546 2084 mas
2571 2025 2722 2085 inter
2742 2041 2879 2083 oves
2904 2023 3458 2102 accipiatur,neque
3480 2028 3683 2090 taber-

2033 2113 2310 2173 naculum
2338 2112 2656 2174 aadiﬁcium
2673 2129 2747 2172 ex
2767 2112 2875 2172 hac
2897 2111 3220 2172 inanimata
3254 2117 3499 2176 materia
3522 2136 3682 2179 com-

2037 2211 2295 2282 pactum,
2332 2220 2525 2282 neque
2573 2203 2765 2262 exitus
2819 2218 2853 2261 a
2891 2200 3272 2262 tabernaculo
3305 2202 3607 2267 discessus
3649 2225 3684 2270 a

2034 2291 2306 2370 templo:
2356 2291 2460 2352 sed
2514 2292 2626 2353 hoc
2687 2299 2952 2352 nostrum
2989 2308 3206 2370 corpus
3238 2290 3682 2358 tabernaculum

2035 2379 2207 2440 nobis
2239 2391 2329 2442 est
2364 2399 2377 2443 :
2415 2391 2478 2442 ut
2514 2399 2620 2440 nos
2645 2379 2844 2440 docuit
2887 2379 3231 2459 Apostolus,
3265 2381 3513 2446 dicens:
3559 2383 3684 2460 Qui

2032 2487 2245 2530 sumus
2273 2471 2337 2530 in
2359 2469 2466 2531 hoc
2487 2467 2876 2530 tabernaculo
2895 2467 3266 2547 ingemiscim
3277 2487 3344 2532 us
3357 2469 3432 2533 ‘2.
3465 2471 3535 2532 Et
3563 2473 3682 2534 ite-

2036 2577 2166 2619 rum
2203 2559 2466 2639 psalmus
2501 2577 2514 2621 :
2551 2557 2632 2619 Et
2663 2557 2982 2638 ﬂagellum
3015 2575 3130 2619 non
3177 2562 3682 2640 appmpinquabit

2037 2647 2418 2709 tabernaculo
2442 2657 2540 2709 tuo
2569 2647 2644 2706 ιδ.
2677 2648 2880 2708 Exitus
2941 2656 3137 2706 autem
3189 2665 3224 2707 a
3274 2648 3679 2733 tabernaculo,

2037 2735 2338 2798 discessus
2370 2736 2442 2798 ab
2486 2737 2596 2798 hac
2644 2737 2755 2797 vita
2786 2744 2898 2809 est,
2933 2739 3007 2795 ad
3041 2753 3217 2811 quem
3252 2737 3342 2798 has
3371 2758 3546 2801 voces
3574 2760 3683 2804 nos

2039 2827 2358 2906 praeparari
2402 2825 2619 2906 jubent
2668 2825 2770 2898 ita,
2807 2833 2868 2886 ut
2916 2835 2974 2886 et
3027 2825 3175 2901 haec,
3211 2835 3268 2887 et
3296 2826 3397 2888 illa
3427 2829 3679 2892 Domino

2037 2915 2358 2976 aﬁeramus
2395 2933 2410 2980 ;
2443 2915 2738 2996 siquidem
2773 2933 2904 2994 quas
2936 2933 3090 2974 nunc
3122 2920 3677 2998 aguntur,viaticum

2036 3003 2108 3064 ad
2127 3004 2379 3065 futuram
2405 3008 2576 3066 vitam
2618 3005 2862 3066 sunt.Et
2884 3003 2984 3082 qui
3009 3005 3106 3065 hic
3137 3004 3385 3081 gloriam
3405 3018 3462 3069 et
3486 3009 3678 3072 bono-

2035 3111 2162 3152 rem
2179 3094 2432 3156 Domino
2459 3112 2564 3174 per
2577 3092 2733 3154 bona
2747 3111 2932 3172 opera
2951 3092 3200 3167 aﬁ‘ert,is
3220 3094 3333 3155 sibi
3357 3097 3604 3174 gloriam
3622 3109 3682 3162 et

306 3189 533 3252 πολλοῖς
589 3188 770 3262 μέντοι
815 3189 921 3244 τῶν
980 3188 1311 3267 ἀντιγράφων
1367 3187 1746 3262 προσκείμενον
1805 3186 1946 3264 εὕρο-

2036 3182 2321 3244 bonorem
2345 3200 2418 3244 ex
2440 3185 2606 3262 juxta
2613 3182 2839 3261 judicis
2859 3183 3350 3246 remuneratione
3379 3190 3674 3266 congerit.

306 3301 406 3354 μεν
439 3281 522 3350 τὸ,
578 3278 864 3355 Ἐνέγκατε
919 3284 997 3351 τῷ
1057 3278 1248 3355 Κυρίῳ,
1301 3279 1398 3332 υἱοὶ
1446 3284 1595 3336 Θεοῦ.
1654 3277 1749 3333 Καὶ
1799 3276 1947 3332 ἐπεί-

307 3389 407 3446 περ
457 3369 516 3423 o6
562 3369 759 3429 παντὸς
819 3365 982 3446 δῶρον
1043 3365 1422 3444 εὗπρόσδεκτον
1483 3372 1557 3438 τῷ
1628 3372 1764 3438 Θεῷ,
1813 3365 1950 3422 ἀλλᾶ

305 3464 400 3514 τοῦ
474 3457 578 3513 ἀπὸ
633 3455 844 3534 καρδίας
917 3456 1274 3533 προσάγοντος
1347 3458 1574 3532 καθαρᾶς
1610 3470 1623 3483 ⁸
1703 3455 1775 3512 O3
1850 3457 1950 3534 γὰρ

306 3545 462 3623 ἄγναὶ
521 3545 672 3625 (72),
725 3546 906 3625 φησὶν,
968 3546 1254 3624 εὖχαὶᾶπὸ
1285 3543 1623 3619 μισθώμ.ιτος
1684 3543 1889 3624 ἑταίρας
1928 3560 1942 3574 ⁸

306 3636 396 3690 καὶ
425 3633 584 3691 πάλιν
639 3633 915 3714 Ἱερεμίας,
976 3638 1062 3701 Μὴ
1113 3635 1294 3714 εὐχαὶ,
1339 3635 1490 3713 φησὶ,
1524 3635 1612 3689 καὶ
1645 3632 1768 3712 κρέα
1820 3633 1948 3712 ἅγια

307 3723 558 3804 ἀφελοῦσί
614 3746 705 3780 σου
782 3725 876 3784 τὰς
961 3724 1173 3796 κακίας,
1249 3723 1285 3784 ἢ
1342 3723 1547 3786 τούτοις
1609 3722 1702 3800 ἔσῃ
1775 3727 1946 3780 καθα-

309 3814 398 3885 ρός
434 3833 450 3894 ;
497 3811 733 3894 διόπερό
790 3815 1002 3890 ψαλμὸς
1058 3813 1310 3892 πρότερον
1340 3814 1484 3888 ἡμᾶς
1517 3811 1762 3888 βούλεται
1807 3813 1947 3876 υἱοὺς

310 3905 451 3958 εἶναι
485 3911 636 3976 Θεοῦ,
672 3903 796 3960 εἶτα
829 3905 947 3959 τότε
979 3903 1214 3975 ἀπαντᾷν
1245 3902 1330 3958 ἐπὶ
1374 3905 1433 3957 τὸ
1470 3902 1838 3978 προκομίζων
1883 3903 1950 3960 τὰ

309 3989 450 4068 δῶρα
481 3999 557 4066 τῷ
587 3993 724 4067 Θεῷ,
757 3994 843 4048 καὶ
874 4000 1035 4048 ταῦτα
1062 3994 1121 4048 οὒ
1163 3993 1228 4046 τὰ
1257 3992 1511 4071 τυχόντα,
1558 3989 1677 4047 ἀλλ’
1701 3991 1799 4048 οἷα
1851 3991 1950 4047 αὒ-

310 4085 400 4144 τὸς
443 4079 734 4147 διετάξατο.
769 4083 1030 4162 Πρότερον
1060 4081 1199 4156 εἰπὲ,
1233 4083 1428 4162 Πάτερ,
1461 4081 1584 4137 ε’ίτα
1615 4080 1842 4148 αίτητον
1888 4083 1953 4137 τὰ

2033 3273 2096 3333 In
2132 3272 2332 3333 multis
2361 3281 2556 3334 autem
2585 3270 3030 3351 exemplaribus
3054 3271 3320 3333 additum
3342 3278 3679 3356 reperimus

2034 3361 2182 3423 illud
2221 3381 2236 3422 :
2270 3361 2498 3440 A/rerte
2533 3361 2815 3441 Domino,
2836 3360 2952 3440 ﬁlii
2985 3360 3118 3423 Dei.
3155 3361 3228 3422 Et
3255 3365 3534 3442 quoniam
3558 3385 3678 3430 non

2033 3450 2296 3529 cujusvis
2327 3453 2549 3513 donum
2582 3449 2702 3512 Deo
2734 3459 3040 3531 acceptum
3077 3459 3186 3526 est,
3237 3452 3342 3514 sed
3388 3455 3538 3533 ejus,
3573 3459 3678 3535 qui

2033 3540 2180 3601 illud
2214 3539 2393 3602 corde
2426 3558 2574 3619 puro
2599 3540 2768 3601 aﬁ‘ert
2794 3560 2807 3602 :
2835 3539 2970 3601 Non
2994 3541 3563 3624 enim,inquit,pura
3581 3565 3680 3608 vo-

2031 3636 2092 3692 ta
2116 3630 2186 3691 de
2214 3630 2480 3691 mercede
2509 3629 2846 3692 meretricis
2877 3626 2966 3705 ﬂ;
3003 3637 3062 3690 et
3101 3648 3308 3692 rursus
3336 3633 3624 3698 .leremias
3659 3659 3675 3701 :

2037 3719 2325 3798 Nunquid
2352 3727 2506 3798 vota,
2541 3718 2758 3798 inquit,
2814 3726 2870 3779 et
2901 3735 3120 3780 carnes
3149 3728 3370 3784 sancta:
3401 3728 3678 3803 auferent

2031 3807 2301 3870 malitias
2333 3814 2605 3888 tuas,aut
2631 3816 2875 3888 propter
2902 3809 3018 3869 ista
3039 3825 3235 3888 purus
3253 3813 3374 3874 eris
3400 3811 3454 3855 ιθ
3477 3823 3504 3877 ‘t
3534 3815 3672 3878 ideo

2037 3898 2298 3979 psalmus
2330 3897 2450 3957 vult
2483 3914 2591 3957 nos
2625 3897 2789 3977 prius
2809 3896 2961 3957 ﬁlios
2981 3897 3085 3957 Dei
3115 3916 3287 3962 esse:
3314 3901 3530 3963 deinde
3556 3914 3676 3966 tan-

2036 3987 2171 4077 dem
2191 3986 2262 4050 ad
2286 3985 2584 4077 afferenda
2602 3985 2724 4046 Deo
2744 3985 2901 4077 dona
2917 3987 3349 4077 accederemec
3367 3992 3672 4077 quaelibet,

2035 4076 2140 4137 sed
2163 4095 2294 4157 quas
2315 4075 2440 4156 ipse
2459 4075 3086 4154 praescripseritl’rius
3109 4075 3428 4158 dic,Pater,
3457 4075 3676 4145 deinde

312 4172 524 4254 ἐφεξῆς.
565 4173 862 4249 Δοκὶμασον
895 4169 950 4228 δὲ
981 4173 1198 4228 σεαυτὸν
1232 4171 1292 4227 ἐκ
1322 4178 1565 4228 ποταποῦ
1610 4171 1723 4246 βίου
1765 4171 1948 4242 ἀπήν-

2037 4175 2170 4246 pete
2195 4183 2326 4246 qure
2354 4172 2702 4254 sequuntur.
2728 4163 3012 4254 Expende
3045 4173 3242 4227 autem
3269 4175 3324 4227 te
3348 4167 3575 4247 ipsum,
3611 4191 3682 4236 ex

310 4285 480 4330 τηκας
519 4280 531 4293 ⁸
591 4264 635 4318 εἰ
684 4261 826 4324 ἅυιος
879 4264 932 4318 εἴ
985 4262 1113 4318 Θεὸν
1172 4263 1262 4316 τὸν
1318 4260 1469 4338 ἅγιον
1501 4260 1700 4338 πατέρα
1725 4251 1950 4319 σεαυτοῦ

2036 4255 2192 4337 quali
2212 4256 2327 4316 vita
2349 4253 2699 4344 accedas,an
2715 4253 2930 4344 dignus
2944 4254 3026 4314 sis
3040 4256 3137 4344 qui
3162 4263 3432 4319 sanctum
3461 4259 3672 4344 Deum,

309 4353 612 4428 ὀνομάζειν,
649 4352 730 4407 Δι’
763 4353 1021 4430 άγιασμοῦ
1074 4349 1214 4406 ἐστιν
1260 4351 1395 4425 ἡμῖν
1426 4351 1459 4418 ἡ
1505 4351 1633 4425 πρὸς
1677 4351 1768 4406 τὸν
1799 4349 1950 4429 ἅγιον

2036 4352 2260 4426 patrem
2295 4351 2458 4404 tuum
2487 4343 2772 4424 appelles.
2806 4341 2907 4432 Est
2941 4343 3112 4404 nobis
3155 4364 3290 4406 cum
3323 4356 3525 4412 sancto
3565 4341 3671 4432 per

309 4443 591 4507 οἰκείωσις.
648 4442 704 4498 Εἰ
763 4440 939 4516 βούλει
999 4439 1078 4495 ἀεὶ
1303 4441 1412 4502 υἱὸς
1462 4445 1555 4496 τοῦ
1597 4441 1748 4518 ἁγίου
1778 4440 1946 4520 εἶναι,

2036 4434 2483 4496 sanctimoniam
2517 4431 2926 4508 necessitudo,
2952 4432 3463 4517 familiaritasque.
3494 4431 3672 4504 Si’vis

311 4530 576 4609 ἁγιασμός
652 4551 709 4586 σε
766 4528 1081 4591 υἱοθετείτω,
1158 4527 1448 4606 Ἐνέγκατε
1508 4529 1596 4584 οὖν
1646 4531 1722 4600 τῷ
1782 4530 1950 4608 Κυρίῳ

2036 4542 2272 4604 semper
2303 4524 2459 4584 ﬁlius
2483 4522 2674 4584 sancti
2697 4540 2853 4599 esse,
2878 4524 3160 4585 sanctitas
3185 4535 3242 4587 te
3271 4527 3386 4588 sibi
3410 4548 3520 4609 pro
3550 4531 3672 4594 ﬁlio

310 4624 420 4699 οὐχ
475 4622 523 4676 οἱ
565 4620 844 4699 τυχόντες,
891 4615 1003 4674 οῦδὲ
1048 4618 1096 4673 οἱ
1139 4617 1199 4672 ὲκ
1227 4623 1333 4673 τῶν
1364 4615 1660 4696 τυχόντων,
1695 4614 1812 4672 ἀλλ’
1847 4617 1950 4673 υἱοὶ

2036 4611 2730 4693 adoptet.Aﬁ‘erteitaque
2754 4609 3006 4673 Domino
3031 4631 3149 4674 non
3168 4615 3436 4700 quilibet,
3476 4639 3672 4699 neque

309 4716 405 4766 106
451 4715 602 4768 Θεοῦ.
666 4706 882 4786 Μεγάλα
941 4706 1125 4783 μέλλει
1184 4705 1467 4778 ὲωιζητεΐν
1529 4706 1592 4763 τὰ
1651 4703 1832 4784 δῶρα·
1867 4703 1950 4761 διὰ

2036 4721 2105 4765 ex
2133 4700 2493 4784 quibuslibet
2511 4701 2916 4783 prognati,sed
2937 4701 3038 4762 ﬁlii
3057 4703 3566 4778 Dei.Quaesiturus
3581 4719 3673 4773 est

309 4807 467 4857 10610
516 4796 778 4876 μεγάλους
839 4796 1112 4875 ἐκλέγεται
1154 4796 1274 4858 τοὺς
1349 4794 1761 4876 προσφέροντας,
1823 4793 1949 4854 "Iv:

2036 4791 2194 4855 dona
2226 4809 2457 4871 magna;
2483 4791 2616 4852 ideo
2643 4808 2888 4870 magnos
2906 4790 3064 4853 viros
3087 4793 3252 4871 eligit
3270 4795 3370 4874 qui
3392 4797 3668 4864 oﬁ‘erant.

310 4889 413 4967 γάρ
467 4910 560 4943 σου
621 4888 698 4962 μὴ
753 4887 880 4964 ῥίψῃ
930 4887 1104 4966 χαμαὶ
1147 4886 1268 4951 τοὺς
1332 4883 1641 4962 λογισμοὺς,
1699 4883 1837 4960 μηδέ
1887 4908 1944 4944 σε

2036 4880 2265 4944 Etenim
2293 4898 2368 4941 ne
2397 4890 2530 4941 tuas
2561 4879 2950 4958 cogitationes
2972 4880 3134 4942 humi
3162 4884 3579 4962 dejiciat,neve
3608 4892 3670 4953 in

309 4977 516 5056 ποιήσῃ
572 4978 718 5054 κριὸν
760 4978 822 5031 τὸ
879 4973 1073 5052 ἄλογον
1129 4983 1283 5032 τοῦτο
1325 4974 1612 5051 τετράπουν
1672 4977 1758 5032 καὶ
1799 4975 1945 5052 βληο

2036 4988 2207 5033 causa
2233 4968 2351 5058 sit,
2374 4987 2484 5031 cur
2519 4969 2767 5030 arietem
2801 4970 3038 5032 brutum
3071 4971 3214 5032 illud
3244 4975 3582 5058 quadrupes
3613 4990 3672 5042 et

308 5069 542 5146 χητικὸν
587 5072 722 5137 ζῶον
773 5065 1070 5144 ἐπιζητεῖν,
1128 5067 1200 5127 ὡς
1253 5065 1312 5120 ἐκ
1383 5068 1478 5130 τῆς
1534 5064 1716 5120 τούτου
1765 5067 1942 5131 θυσίας

2036 5063 2234 5126 balans
2262 5057 2480 5121 animal
2513 5058 2805 5139 inquiras,
2844 5067 3120 5140 tanquam
3146 5062 3255 5126 hac
3284 5063 3399 5127 ista
3429 5057 3668 5132 victima

387 5195 442 5240 *³
469 5197 520 5260 Il
554 5197 691 5261 Cor.
713 5214 775 5278 ν,
807 5205 864 5260 4.
953 5195 1007 5242 ‘3
1037 5196 1197 5260 Psal.
1227 5214 1320 5275 xc,
1360 5196 1447 5262 l0.
1535 5193 1592 5240 “
1621 5200 1792 5263 Prov.
1826 5203 2069 5276 x1x,13.
2157 5195 2453 5260 “Jerem.
2480 5211 2562 5274 x1,
2598 5195 2696 5258 15.

393 5331 513 5411 (69)
545 5334 677 5423 Τοῖς
712 5336 901 5409 ἱερεῦσι
962 5335 1077 5423 καὶ.
1105 5347 1223 5397 τοῖς
1259 5336 1503 5423 Λευίταις
1539 5334 1822 5412 ἀφεμένοις
1860 5344 1947 5393 τοῦ

2066 5417 2080 5423 _
2115 5336 2238 5416 ('72)
2272 5335 2404 5423 Duo
2433 5333 2533 5395 illa
2582 5352 2714 5423 qua;
2766 5333 2862 5423 bic
2890 5335 3271 5423 proferuntur
3300 5342 3660 5423 testimonia,

305 5414 484 5493 ἔργον.
521 5413 726 5496 Verte,
757 5413 1165 5496 sacerdotibus
1223 5420 1281 5476 et
1334 5413 1530 5476 [avitis
1571 5432 1718 5492 opus
1748 5417 1942 5494 negli-
2029 5413 2276 5478 alterum
2303 5435 2335 5476 e
2365 5413 2979 5496 Prioverbiis,alterum
3006 5419 3397 5495 eJeremia,in
3418 5427 3542 5488 suis
3566 5413 3667 5488 no;

301 5499 510 5580 genter
531 5493 913 5580 facientibus.
946 5494 1186 5580 Mansit.
1591 5573 1615 5580 η

2036 5497 2103 5559 iis
2126 5497 2380 5580 illustrat
2429 5493 2870 5580 Ducatus.'_Mo_x
2896 5496 3077 5580 aliqui
3113 5519 3252 5565 mss.
3288 5493 3372 5561 ἐὲπὶ
3401 5514 3478 5580 τῷ
3503 5531 3658 5580 προσ.

387 5573 512 5658 (79)
531 5563 873 5658 Eolbeﬁini
901 5576 1202 5658 secundus
1229 5581 1285 5635 et
1307 5580 1550 5658 quartus
1572 5573 1616 5658 ⁸ἱὶ
1646 5598 1763 5631 τινα
1789 5576 1943 5656 ἕχον.

2059 5657 2062 5658 ί
2111 5579 2228 5656 (73)
2270 5575 2388 5658 Vox_
2420 5579 2500 5632 ἀεί
2531 5575 2699 5637 deest
2723 5575 2782 5636 in
2811 5563 3217 5658 Colbquarto.
3242 5563 3398 5646 lnfra
3419 5563 3664 5648 (ἑοιιὶθῇ

303 5677 424 5734 τας.
459 5651 618 5734 Inl'ra
646 5653 812 5716 Colb.
848 5655 1152 5716 secundus
1179 5651 1397 5730 Θεωρίας
1430 5673 1535 5734 pro
1567 5651 1855 5720 διανοίας.”

2036 5651 2134 5718 tini
2166 5651 2468 5718 secundus
2492 5665 2552 5717 et
2582 5665 2830 5733 quartus
2852 5665 2911 5719 et
2939 5651 3036 5719 alii
3064 5661 3179 5722 duo
3223 5682 3366 5726 mss.
3399 5667 3659 5723 ἱλεοῦσθαι

390 5733 514 5822 (71)
555 5734 649 5822 Sic
707 5739 944 5822 septem
992 5753 1135 5822 mss.
1190 5734 1346 5797 Editi
1393 5733 1532 5796 vero
1577 5753 1713 5797 cum
1743 5734 1944 5815 Regiis

2036 5740 2116 5822 τὸν
2153 5740 2360 5822 Κύριον.
2384 5735 2517 5822 Sed
2559 5735 2660 5798 alii
2691 5756 2791 5800 sex
2838 5755 2980 5804 mss.
3012 5757 3180 5822 aeque
3209 5761 3278 5806 ac
3308 5744 3450 5806 editi
3479 5745 3660 5802 ἱλεοῦ-

303 5813 502 5897 primo
532 5821 592 5877 et
621 5813 828 5895 quarto
858 5815 1036 5874 καλῶν
1067 5817 1258 5896 ἔργων.
1839 5813 1857 5815 ⁷

2036 5821 2140 5876 τθαι
2174 5813 2264 5876 τὸν
2293 5820 2448 5880 Θεόν.
