4102 6224
312 482 435 547 293

1392 484 1717 547 HOMILIA
1759 486 1843 548 IN
1887 481 2251 546 PSALMUM
2300 486 2575 549 XXVIII.

3571 491 3693 555 ‘294

313 618 551 698 πράξεων
624 619 913 697 ενεργείας,
998 622 1026 675 ὁ
1080 626 1315 685 τοιοῦτος
1389 620 1565 676 ἀκούει
1625 620 1956 698 μεγαλοπρε-

2046 622 2351 686 affectibus
2372 622 2548 684 fuerit
2570 620 3206 705 libera,acceperitque
3220 622 3687 703 magnitudinem

313 710 444 778 πής.
477 706 655 765 ’Ὅταν
687 711 774 764 οὖν
804 709 959 788 ψυχὴ
991 707 1287 773 ἀδούλωτος
1316 713 1351 786 ᾖ
1402 715 1478 782 τῷ
1521 711 1819 788 φρονήματι
1863 717 1961 778 τῆς

311 799 529 873 σαρκὸς,
592 798 813 875 μέγεθός
876 797 928 853 δὲ
995 801 1081 855 καὶ
1148 797 1230 878 (2)
1295 798 1486 864 ἁξίωνα
1542 798 1740 875 πρέπον
1801 802 1962 875 ἑαυτῇ

313 886 374 942 ὲκ
427 892 526 952 τῆς
571 888 963 955 συναισθήσεως
1019 906 1125 943 των
1168 890 1473 966 προσόντων
1517 887 1650 964 αὒτῇ
1698 888 1803 945 ἀπὸ
1833 900 1962 947 Θεοῦ

312 972 574 1051 ἀναλάϐῃ,
628 975 682 1030 ἐν
734 977 897 1052 ταύτῃ
942 978 1138 1053 γίνεται
1194 979 1228 1044 ἡ
1280 978 1431 1056 φωνὴ
1487 977 1581 1035 τοῦ
1642 978 1848 1056 Κυρίου,
1901 982 1959 1035 Οἱ

313 1067 404 1119 οῦν
436 1063 792 1144 μεγαλοφυεῖς
854 1066 951 1140 μὲν
1011 1065 1230 1145 ἔχοντες
1288 1067 1381 1128 τὰς
1432 1067 1548 1144 περὶ
1580 1073 1713 1124 Θεοῦ
1738 1067 1961 1143 ἐννοῖκς,

310 1153 533 1228 ὒψηλῶς
593 1153 647 1209 δὲ
701 1157 1091 1233 τεθεωρηκότες
1136 1157 1258 1220 τοὺς
1322 1156 1436 1233 περὶ
1489 1156 1711 1219 κτίσεως
1747 1156 1963 1238 λόγους,

310 1245 399 1299 καὶ
450 1242 752 1311 δυνηθέντες
798 1245 882 1301 ἐπὶ
920 1247 1086 1301 ποσὸν
1148 1252 1273 1323 γοῦν
1333 1243 1611 1301 ἐπιϐαλεῖν
1661 1252 1739 1320 τῷ
1781 1246 1962 1320 ἀγαθῷ

305 1335 404 1408 τῇς
438 1340 525 1389 τοῦ
569 1341 700 1391 Θεοῦ
744 1336 1016 1413 προνοίας,
1056 1335 1144 1390 καὶ
1198 1334 1411 1411 προσέτι
1460 1334 1513 1389 ἐν
1545 1348 1666 1399 ταῖς
1695 1334 1952 1393 δαπάναις

309 1420 573 1501 ἀφειδεῖς,
644 1425 727 1479 καὶ
786 1422 1151 1501 μεγαλόδωροι
1211 1422 1264 1478 ἐν
1313 1431 1389 1498 τῷ
1432 1425 1526 1486 τὰς
1580 1430 1685 1479 τῶν
1718 1421 1955 1502 ἀδελφῶν

310 1514 498 1590 χρείας
545 1512 974 1589 ἐπανορθοῦσθαι,
1011 1516 1153 1569 οὗτοι
1212 1515 1342 1568 εἰσιν
1394 1514 1440 1568 οἱ
1490 1512 1948 1592 μεγαλοπρεπεῖς,

306 1600 364 1656 ἐν
425 1600 514 1663 οἷς
569 1602 602 1667 ἡ
661 1614 812 1676 φωνη
871 1609 964 1657 τοῦ
1024 1602 1205 1679 Κυρίου
1266 1600 1689 1677 ἐμπολιτεύεται.
1725 1604 1810 1663 Τῶ
1843 1603 1952 1658 όίτι

303 1690 405 1767 γὰρ
448 1692 474 1745 ὁ
527 1688 943 1768 μεγαλοπρεπὴς
1002 1692 1232 1768 ὑπερορᾷ
1292 1692 1468 1747 πάντα
1526 1693 1592 1747 τὰ
1647 1696 1951 1765 σωματικὰ,

306 1777 517 1844 οὐδενὸς
578 1780 719 1835 εἶναι
762 1778 880 1844 ἄξια
938 1781 1126 1857 κρίνων
1182 1779 1344 1858 λόγου
1403 1786 1470 1857 τῇ
1512 1780 1793 1858 παραθέσει
1852 1788 1956 1836 τῶν

304 1869 568 1947 ἀοράτων.
633 1871 733 1926 Τὸν
794 1867 1182 1946 μεγαλοπρεπῆ
1241 1867 1453 1945 οῦδεμία
1510 1868 1735 1939 λυπήσει
1796 1872 1953 1947 περί-

2045 730 2113 772 ac
2143 711 2514 790 dignitatem,
2550 731 2681 791 qua;
2711 714 2842 774 119
2866 732 2969 794 pro
2994 713 3335 776 facultatum
3365 734 3400 777 a
3428 711 3554 775 Deo
3579 736 3687 780 ac-

2046 811 2350 875 ceptarum
2384 802 2722 881 cognitione
2746 802 2859 866 sibi
2891 804 3224 875 conveniat,
3257 812 3377 867 tum
3412 807 3470 871 in
3505 804 3604 869 illa
3624 809 3691 869 fit

2045 908 2148 950 vox
2171 890 2427 953 Domini.
2456 891 2855 964 Quamobrem
2878 893 2977 974 qui
2998 894 3307 972 magnifice
3324 898 3586 977 cogitant
3613 898 3690 959 de

2051 981 2193 1052 Deo,
2230 990 2289 1040 et
2338 980 2660 1043 creationis
2706 983 2966 1043 rationes
3023 982 3139 1043 alte
3187 984 3479 1057 speculati
3527 995 3687 1061 sunt,

2046 1079 2102 1130 et
2133 1068 2506 1145 aliquantum
2536 1071 2747 1132 saltem
2782 1072 3104 1133 bonitatem
3154 1073 3543 1151 previdentiae
3581 1074 3691 1136 Dei

2045 1165 2282 1240 assequi
2320 1163 2961 1242 potuere,iusuperque
3001 1161 3163 1240 parci
3197 1180 3315 1223 non
3349 1174 3487 1225 sunt
3516 1164 3575 1227 in
3597 1162 3687 1225 fa-

2043 1248 2273 1307 ciendis
2306 1249 2661 1328 sumptibus,
2695 1260 2750 1310 et
2775 1252 2834 1311 in
2864 1249 3245 1311 snblevandis
3296 1250 3541 1313 fratrum
3575 1271 3688 1314 ne-

2039 1337 2414 1398 cessitatibus
2441 1338 2720 1401 liberales
2758 1349 2930 1411 sunt;
2969 1340 3052 1413 hi,
3090 1346 3352 1420 inquam,
3388 1350 3525 1402 sunt
3556 1359 3687 1403 ma-

2039 1426 2259 1503 gniﬁci,
2291 1431 2345 1487 in
2395 1427 2615 1507 quibus
2646 1448 2752 1489 vox
2812 1428 3048 1490 Domini
3098 1428 3410 1490 inhabitat.
3449 1430 3684 1492 Etenim

2039 1514 2141 1594 qui
2164 1534 2304 1578 vere
2328 1517 2676 1595 magniﬁcus
2708 1528 2816 1593 est,
2858 1536 2953 1580 res
2998 1536 3207 1580 omnes
3236 1536 3557 1600 corporeas
3581 1537 3687 1581 as-

2044 1613 2344 1681 pernatur.
2371 1625 2439 1667 ac
2471 1625 2594 1686 prae
2618 1607 3016 1670 invisibilibus
3046 1627 3148 1668 eas
3169 1607 3307 1669 facit
3332 1607 3524 1668 nihili.
3555 1607 3689 1670 Ad-

2040 1694 2287 1755 versitas
2326 1695 2487 1756 nulla
2519 1698 2895 1776 magniﬁcum
2956 1697 3173 1758 afﬁciet
3222 1696 3483 1773 tristitia,
3528 1696 3689 1758 nulla

2044 1800 2285 1860 prorsus
2310 1784 2462 1844 mala
2493 1794 2631 1846 sunt
2653 1786 2822 1847 illum
2852 1786 3269 1865 perturbatura
3304 1802 3318 1846 :
3356 1804 3549 1866 neque
3573 1786 3675 1846 im-

2044 1870 2366 1949 proborum
2395 1880 2450 1933 et
2470 1874 2991 1953 despiciendorum
3020 1873 3518 1935 homunculorum
3558 1893 3689 1954 pec-

305 1979 491 2019 στασις
529 1977 544 1993 ο
593 1955 708 2015 οῦδὲ
770 1956 909 2022 ὅλως
972 1958 1138 2021 πάθος
1197 1980 1247 2014 τι
1306 1961 1461 2016 αὐτὸν
1512 1958 1803 2037 ὲκταράξει,
1840 1958 1955 2017 οῦδὲ

2044 1968 2167 2019 cata
2202 1979 2335 2020 eum
2394 1962 2878 2035 commovebunt,
2934 1981 3126 2043 neque
3158 1962 3355 2041 ipsum
3388 1962 3686 2042 deprimet

305 2046 681 2125 ἆνθρωπαρίων
770 2046 983 2126 φαύλων
1074 2069 1161 2103 και
1247 2048 1717 2128 εῦκαταφρονήτων
1777 2050 1952 2127 ἁμαρ-

305 2137 524 2210 τήματα
583 2135 785 2203 κινήσει
822 2152 835 2165 ”
887 2134 1002 2192 οὐδὲ
1050 2136 1341 2216 ἀκαθαρσία
1399 2142 1497 2206 τῆς
1553 2139 1743 2212 σαργὸς
1798 2139 1954 2194 αὕτη

306 2225 648 2287 ταπεινώσει,
714 2225 1069 2303 Δυσπρόσιτος
1126 2226 1225 2303 γάρ
1284 2226 1394 2282 ἐστι
1452 2239 1570 2291 ταῖς
1627 2248 1950 2284 ταπεινωτι-

305 2328 426 2375 κοῖς
486 2315 723 2387 πάθεσιν,
813 2312 928 2372 οὐδὲ
1002 2312 1357 2393 προσϐλέπειν
1424 2316 1563 2388 οῦτῷ
1647 2316 1951 2391 δυναμένοις

306 2401 393 2459 διὰ
452 2406 513 2459 τὸ
560 2403 690 2478 ὕψος
716 2408 812 2470 τῆς
844 2404 1089 2480 γνώμης.
1124 2403 1345 2482 Λέγεται
1377 2404 1432 2461 δέ
1460 2427 1540 2469 τις
1571 2408 1658 2461 καὶ
1703 2414 1832 2462 Θεοῦ
1864 2428 1955 2462 με-

303 2491 666 2570 γαλοπρέπεια
704 2512 715 2525 ·
801 2494 873 2555 ὡς
956 2496 1041 2573 τὸ,
1109 2492 1352 2570 Ἐπήρθη
1410 2496 1445 2562 ἡ
1521 2493 1954 2572 μεγαλοπρέπεια

300 2603 396 2637 σου
434 2583 674 2655 ὑπεράνω
714 2588 819 2636 τῶν
874 2583 1130 2661 οὐρανῶν,
1193 2584 1252 2639 Οἱ
1311 2584 1398 2638 οῦν
1442 2583 1508 2638 τὰ
1567 2582 1774 2661 μεγάλα
1833 2586 1950 2662 περὶ

302 2677 441 2727 Θεοῦ
492 2668 817 2743 δοξάζοντες,
864 2680 1008 2729 οῦτοι
1066 2672 1429 2749 ὑπεραίρουσιν
1497 2673 1654 2749 αὐτοῦ
1702 2672 1799 2740 τὴν
1845 2694 1946 2747 με-

2039 2050 2237 2110 caruis
2288 2050 2623 2131 impuritas.
2679 2053 3040 2114 Affectiones
3102 2052 3259 2112 enim
3295 2069 3427 2131 quas
3462 2051 3685 2113 demit-

2040 2145 2193 2211 tunt,
2225 2139 2750 2220 abjiciuntque,vix
2783 2142 3006 2202 aditum
3039 2141 3110 2203 ad
3144 2140 3312 2202 illum
3345 2140 3678 2222 inveniunt,

2037 2245 2172 2288 cum
2209 2246 2282 2288 ne
2307 2228 2579 2307 aspicere
2609 2230 2850 2309 quidem
2895 2230 3089 2309 ipsum
3122 2228 3198 2290 ob
3233 2228 3450 2289 mentis
3481 2230 3685 2293 altitu-

2041 2317 2239 2377 dinem
2273 2326 2517 2397 queant.
2551 2318 2777 2380 Dicitur
2806 2328 3007 2380 autem
3041 2328 3101 2380 et
3131 2317 3401 2397 quaedam
3424 2317 3532 2379 Dei
3570 2338 3685 2381 ma-

2038 2406 2399 2484 gniﬁcentia,
2438 2416 2500 2467 ut
2531 2407 2590 2467 in
2620 2408 2731 2469 hoc
2765 2409 2895 2469 loco
2929 2426 2942 2469 :
2996 2408 3260 2469 Elevata
3290 2414 3373 2467 est
3405 2410 3687 2487 magni/i-

2038 2496 2239 2555 centia
2291 2504 2395 2556 tua
2442 2514 2621 2575 super
2678 2496 2853 2558 cwlos
2899 2497 2974 2557 7‘3.
3010 2496 3122 2569 Qui
3154 2496 3334 2574 igitur
3364 2511 3578 2573 magna
3607 2496 3684 2560 de

2040 2585 2159 2645 Deo
2192 2586 2479 2665 sentiunt,
2515 2586 2572 2646 hi
2607 2586 2791 2666 ipsius
2831 2586 3119 2648 extollunt
3153 2583 3679 2663 magniﬁcentiam.

301 2758 721 2835 γαλοπρὲπειαν,

390 2851 447 2912 5.
494 2850 655 2915 Φωνὴ
720 2848 903 2929 Κυρίου
956 2846 1319 2926 συντρίϐοντος
1389 2848 1623 2927 κέδρους.
1708 2848 1774 2907 Ἦ
1852 2852 1944 2907 κέ-
2109 2853 2163 2913 b.
2192 2852 2439 2915 Vsas.5.
2472 2850 2604 2914 Vua:
2622 2853 3678 2933 Οοηιὶηἰεοηῖνίηθεηῑίεκάνθαρο-

303 2936 425 3017 δρος
457 2938 587 2994 ποτὲ
640 2938 739 3014 μὶν
768 2940 841 3002 ὡς
871 2936 1123 3013 μόνιμον,
1185 2941 1271 2995 καὶ
1319 2941 1537 3015 σήψεως
1575 2939 1806 3017 βέλτιον,
1863 2944 1950 2997 καὶ

2044 2940 2378 3002 drusmodo
2427 2950 2613 3003 utres
2667 2942 2917 3022 stabilis,
2965 2952 3023 3004 et
3075 2946 3412 3024 putredinis
3434 2963 3684 3028 expers,

306 3026 521 3101 εὐῶδες,
584 3030 670 3083 καὶ
726 3038 929 3095 σκέπην
1006 3028 1185 3084 ἱκανὸν
1270 3028 1594 3109 παρέχεσθαι
1654 3032 1796 3108 παρὰ
1854 3032 1949 3098 τῆς

2044 3030 2487 3111 odorataque,et
2510 3030 2583 3092 ad
2617 3030 3004 3110 praebendum
3035 3039 3270 3111 tegmen
3302 3044 3487 3116 aptaa
3509 3026 3683 3096 Scri-

311 3118 527 3197 Γραφῆς
559 3116 859 3173 ἐπαινεῖται
897 3136 911 3152 ο
958 3118 1091 3173 ποτὲ
1119 3114 1174 3172 δὲ
1207 3118 1278 3180 ὡς
1311 3116 1548 3196 ἄκαρπον
1596 3120 1683 3175 καὶ
1715 3117 1952 3194 δυσκαμ-

2044 3126 2208 3197 ptura
2242 3119 2553 3197 laudatur;
2585 3120 2760 3180 modo
2791 3128 2854 3180 ut
2883 3119 3248 3184 infructuosa
3290 3114 3357 3187 et
3386 3142 3542 3204 aegre
3572 3124 3684 3184 fle-

310 3207 411 3271 πὲς
454 3204 823 3281 διαϐάλλεται,
871 3210 944 3266 ὡς
999 3208 1083 3263 καὶ
1114 3208 1289 3263 εἰκόνα
1320 3206 1556 3286 πληροῦν
1586 3218 1680 3268 τοῦ
1708 3207 1947 3271 ἀσεϐοῦς.

2044 3208 2241 3270 xihilis
2265 3210 2659 3289 vituperatur,
2681 3209 2830 3271 adeo
2862 3219 2925 3271 ut
2945 3210 3108 3291 impii
3143 3212 3321 3274 etiam
3356 3214 3681 3290 imaginem

313 3294 477 3353 Εἶδον
546 3297 646 3374 γὰρ
706 3298 798 3353 τὸν
869 3294 1035 3364 ἀσεϐῆ
1098 3297 1528 3374 ὑπερυψούμενον
1584 3300 1673 3355 καὶ
1735 3298 1956 3376 ἐπαιρό-

2046 3299 2214 3371 ferat,
2250 3287 2654 3379 impleatque.
2681 3298 2814 3359 Vidi
2855 3287 3297 3378 enim—impium
3321 3287 3683 3380 exaltatum,

310 3406 473 3460 μενον
516 3389 588 3450 ὼς
631 3387 724 3448 τὰς
781 3384 993 3464 κέδρους
1052 3396 1145 3444 τοῦ
1194 3383 1443 3447 Λιϐάνου.
1503 3388 1629 3445 Καθ’
1689 3388 1717 3443 ὃ
1763 3390 1849 3465 (3)
1897 3390 1956 3444 τὸ

2044 3395 2094 3448 et
2116 3390 2413 3448 eleuatum
2435 3390 2591 3449 sicut
2613 3390 2821 3449 cedros
2834 3386 3061 3450 Libani
3080 3386 3152 3447 π.
3165 3388 3291 3462 Qua
3312 3390 3372 3451 in
3390 3390 3685 3467 significa-

309 3475 707 3549 σημαινόμενον
775 3476 863 3530 καὶ
943 3482 1029 3531 νῦν
1110 3473 1449 3555 παρελήφθη,
1522 3474 1581 3532 Ἦ
1655 3478 1753 3555 γὰρ
1809 3478 1957 3555 φωνὴ

308 3570 405 3619 τοῦ
453 3563 639 3641 Κυρίου
708 3561 966 3641 συντρίϐει
1037 3561 1274 3641 κέδρους,
1331 3564 1553 3639 ’Ὥσπερ
1604 3566 1704 3644 γὰρ
1774 3565 1829 3620 ἐν
1893 3571 1961 3640 τῇ

308 3651 717 3731 μεγαλοπρεπεῖ
801 3658 956 3732 ψυχῇ
1032 3655 1254 3734 γίνεται,
1307 3653 1443 3710 οὕτω
1509 3655 1633 3719 τοὺς
1679 3656 1796 3721 εἰκῆ
1855 3678 1954 3733 φυ-

308 3741 648 3815 σιουμένους,
727 3744 849 3806 τοὺς
922 3743 1231 3822 ἐπαίροντας
1289 3745 1503 3807 ἑαυτοὺς
1576 3744 1630 3800 ἐν
1690 3756 1808 3807 τοῖς
1866 3766 1958 3799 νον

309 3833 617 3908 μιζομένοις
673 3832 925 3908 ὑψώμασι
999 3843 1092 3892 τοῦ
1161 3834 1366 3909 κόσμου
1424 3835 1636 3909 τούτου,
1698 3832 1953 3913 πλούτου,

311 3922 349 3990 ἢ
381 3919 559 3995 δόξης,
622 3922 656 3990 ἢ
712 3921 1040 3998 δυναστείας,
1099 3922 1134 3991 ἢ
1192 3922 1419 3988 κάλλους
1474 3922 1749 3998 σώματος,
1784 3922 1820 3991 ἢ
1862 3921 1957 3978 δυ-

312 4012 550 4087 νάμεως,
610 4012 645 4079 ἢ
724 4011 939 4092 ἰσχύος,
1018 4011 1306 4092 συντρίϐειν
1382 4012 1618 4092 λέγεται.
1677 4013 1773 4071 Καὶ
1829 4033 1955 4067 συν-

314 4104 490 4180 τρίψει
551 4102 737 4181 Κύριος
822 4103 915 4164 τὰς
976 4101 1187 4180 κέδρους
1242 4109 1335 4159 τοῦ
1411 4101 1661 4161 Λιϐάνου.
1726 4104 1784 4160 Οἱ
1841 4115 1958 4166 τοῖς

316 4189 617 4270 ἀλλοτρίοις
659 4191 964 4270 πράγμασιν
1017 4190 1399 4267 ἐπιϐαινοντες,
1445 4194 1535 4249 καὶ
1590 4192 1684 4250 ἀπ’
1744 4191 1958 4250 ἐκείνων

315 4282 532 4344 ἑαυτοῖς
589 4281 684 4349 τὴν
737 4279 1041 4352 ἀλαζονείαν
1108 4282 1447 4360 σκνάγοντες,
1481 4282 1624 4339 οὗτοι
1657 4283 1754 4339 εἱσι
1785 4279 1956 4360 κέδροι

314 4375 409 4424 τοῦ
439 4367 689 4431 Λιϐάνου.
736 4366 955 4447 ’Ὥσπερ
997 4371 1097 4450 γὰρ
1148 4373 1201 4427 αἱ
1245 4369 1440 4448 κέδροι,
1493 4371 1611 4427 καθ’
1644 4371 1832 4435 ἑαυτὰς
1864 4370 1957 4425 οὗ·

315 4480 405 4514 σαι
434 4456 656 4533 ὑψηλαὶ,
712 4458 790 4533 τῷ
846 4458 929 4515 ἐπ’
962 4458 1111 4539 ὅρους
1162 4460 1370 4535 ὑψηλοῦ
1398 4460 1710 4541 πεφυκέναι,
1741 4459 1803 4515 ἐκ
1858 4461 1957 4525 τῆς

314 4548 624 4626 προσθήκης
679 4548 774 4603 τοῦ
802 4547 955 4627 ὅρουο
990 4549 1433 4629 περιφανέστεραι
1479 4551 1712 4628 γίνονται
1750 4568 1762 4581 ·

312 4638 401 4692 καὶ
448 4637 496 4691 οἱ
551 4649 670 4701 τοῖς
729 4641 981 4719 φθαρτοῖς
1022 4646 1115 4694 τοῦ
1173 4639 1378 4715 κόσμου
1406 4640 1713 4718 πράγμασιν
1739 4638 1951 4718 ἐπερει-

313 4722 527 4799 δόμενοι
562 4723 731 4805 κέδροι
764 4726 861 4802 μέν
908 4728 1005 4783 εἰσι
1051 4726 1138 4783 διὰ
1179 4728 1276 4796 τὴν
1308 4727 1618 4800 ἀλαζονείαν
1650 4728 1737 4787 καὶ
1764 4729 1826 4783 τί)
1856 4726 1954 4794 τῆς

314 4811 547 4877 διανοίας
601 4813 836 4893 ἔπαρμα,
888 4813 1115 4875 Λιϐάνου
1174 4814 1229 4872 δὲ
1304 4815 1473 4894 κέδροι
1526 4816 1953 4896 προσαγορεύον-

314 4924 431 4979 ται,
463 4900 547 4960 διὰ
575 4905 636 4959 τὸ
666 4909 743 4978 τῷ
791 4902 1054 4979 ἀλλοτρίῳ
1104 4905 1353 4982 ὺψώματι
1395 4904 1812 4985 ὶπαγάλλεσθαι,
1872 4908 1957 4963 καὶ

314 4994 419 5049 ὑπὸ
468 4998 569 5071 γῆς
592 4995 680 5050 καὶ
737 5000 842 5051 τῶν
895 4995 1098 5072 γηίνων
1155 4996 1508 5075 πραγμάτων,
1570 4998 1688 5052 οἷον
1733 4996 1834 5051 ὑπὸ
1864 5000 1963 5061 τής

315 5088 550 5162 κορυφῆς
606 5091 700 5139 τοῦ
760 5082 1007 5159 Λιϐάνου,
1076 5087 1207 5165 πρὸς
1264 5084 1570 5157 ἀλαζονείαν
1629 5083 1955 5163 ἐπαίρεσθαι,

317 5177 393 5230 Οὐ
443 5173 619 5238 πάσας
674 5171 728 5229 δὲ
784 5175 879 5237 τὰς
939 5172 1150 5254 κέδρους
1183 5174 1438 5254 συντρίϐει
1489 5177 1517 5231 ὁ
1579 5175 1790 5253 Κύριος⁴
1824 5173 1962 5230 ἀλλὰ

316 5264 413 5325 τὰς
460 5270 555 5318 τοῦ
610 5261 856 5326 Λιϐάνου.
903 5262 1129 5333 Ἐπειδὴ
1159 5266 1257 5344 γὰρ
1309 5262 1739 5343 εἷδωλολατρείας
1798 5262 1960 5333 τόπος

314 5356 343 5408 ὁ
407 5348 656 5428 Λίϐανος,
689 5351 807 5410 ὅσαι
839 5356 1012 5434 ψυχαὶ
1041 5354 1341 5433 ἐπαίρονται
1392 5356 1527 5411 κατὰ
1566 5359 1666 5421 τῆς
1713 5353 1961 5433 γνώσεως

396 5514 461 5564 73
491 5513 649 5578 Paul.
679 5528 809 5589 vm,
840 5513 900 5577 2.

399 5652 479 5730 (2)
506 5648 698 5733 Yerba
740 5650 867 5733 illa,
900 5653 1121 5733 μέγεθος
1149 5650 1201 5708 δὲ
1234 5654 1345 5733 καις
1378 5660 1522 5733 etc.,
1550 5653 1627 5714 ita
1656 5655 1961 5733 interpres

314 5741 487 5793 vetus
506 5730 709 5793 Latine
728 5730 1013 5806 reddidit,
1043 5731 1287 5805 utillud,
1318 5734 1424 5790 ἀπὸ
1447 5730 1678 5809 Θεόῡ,θ(1
1714 5730 1960 5796 verbum

316 5812 557 5888 ἀνολάϐῃ
607 5812 902 5888 retulerit,
960 5832 1093 5875 cum
1126 5812 1340 5873 referri
1391 5823 1586 5877 tamen
1630 5815 1703 5876 ad
1754 5831 1961 5875 vocem

317 5892 624 5974 προσόντων
672 5893 885 5955 debeat
918 5915 930 5953 :
985 5912 1102 5974 qua
1144 5911 1319 5973 parva
1360 5894 1718 5976 negligentia
1750 5900 1960 5957 mirum

986 5514 1051 5564 74
1081 5512 1237 5578 Psal.
1268 5530 1461 5586 xxxvr,
1501 5513 1600 5578 35.

2046 3476 2203 3536 tione
2229 3477 2404 3537 etiam
2436 3496 2593 3538 nunc
2645 3486 2887 3557 accepta
2938 3485 3048 3540 est.
3100 3476 3224 3539 Vox
3261 3478 3421 3540 enim
3457 3477 3687 3541 Domini

2044 3564 2364 3645 confringit
2397 3567 2631 3627 cedros.
2668 3564 2742 3628 Ut
2768 3567 2929 3627 enim
2963 3566 3087 3628 haec
3126 3567 3187 3629 in
3222 3569 3533 3648 magnifica
3561 3568 3686 3629 ani-

2046 3673 2139 3715 ma
2169 3657 2233 3717 fit
2270 3677 2282 3718 :
2319 3656 2399 3715 ita
2430 3655 2705 3717 homines
2740 3664 2968 3717 temere
3018 3656 3277 3731 inﬂatos,
3328 3658 3426 3738 qui
3456 3658 3688 3738 seipsos

2044 3744 2404 3813 efferunt.ob
2429 3762 2499 3805 ea
2521 3763 2653 3824 qua:
2672 3746 2732 3805 in
2767 3746 2878 3806 hoc
2914 3746 3136 3807 mundo
3169 3746 3287 3809 alta
3310 3766 3380 3808 ac
3407 3745 3688 3808 sublimia

2045 3842 2343 3914 putantur,
2405 3851 2623 3913 nempe
2675 3833 2750 3895 ob
2810 3834 3065 3909 divitias,
3114 3846 3217 3896 aut
3266 3837 3534 3912 gloriam,
3588 3844 3689 3897 aut

2043 3921 2386 4001 imperium,
2420 3932 2518 3983 aut
2553 3923 2820 4001 corporis
2877 3923 3402 4005 pulchritudinem,
3438 3934 3541 3985 aut
3575 3943 3686 4004 po-

2045 4020 2338 4085 testatem,
2414 4021 2512 4072 aut
2588 4012 2763 4084 vires,
2846 4012 3064 4074 dicitur
3133 4013 3540 4093 confringere.
3605 4013 3685 4075 Et

2044 4100 2383 4179 confringet
2411 4103 2703 4163 Dominus
2732 4103 2942 4164 cedros
2960 4102 3210 4165 Libani.
3244 4102 3474 4164 Alienis
3503 4102 3685 4163 rebus

2043 4191 2146 4271 qui
2182 4190 2470 4265 insident,
2536 4200 2592 4252 et
2647 4209 2718 4253 ex
2769 4198 2856 4251 eis
2902 4191 3146 4269 gloriam
3190 4193 3525 4273 [astumque
3574 4189 3688 4252 sibi

2043 4279 2373 4354 conﬂant,ii
2397 4287 2537 4341 sunt
2565 4279 2731 4341 cedri
2752 4279 3492 4355 Libani-Quemadmodum
3526 4281 3686 4340 cnim

2040 4368 2203 4431 cedri
2265 4387 2371 4448 per
2417 4388 2482 4430 se
2526 4369 2661 4430 ulla;
2709 4388 2843 4430 cum
2902 4371 3039 4440 sint,
3097 4379 3317 4446 tamen,
3372 4379 3688 4451 propterea

2041 4461 2195 4538 quod
2242 4458 2301 4518 in
2344 4461 2460 4521 alto
2497 4468 2697 4519 monte
2747 4468 3093 4534 nascuntur,
3148 4459 3300 4521 ﬁunt
3349 4478 3417 4522 ex
3470 4460 3689 4521 montis

1818 4548 1955 4605 οὕτω
1980 4562 2019 4612 D
2037 4548 2381 4610 accessione
2418 4549 2603 4624 magis
2635 4549 2971 4629 conspicua;
2995 4569 3007 4608 :
3036 4548 3121 4610 sic
3140 4568 3379 4630 quoque
3398 4550 3497 4629 qui
3517 4549 3690 4611 ﬂuxis

2040 4637 2245 4698 mundi
2296 4638 2475 4698 rebus
2536 4637 2880 4712 fulciuntur,
2915 4636 3081 4698 cedri
3138 4638 3377 4719 quidem
3412 4647 3550 4699 sunt
3613 4637 3688 4699 ob

2038 4726 2435 4806 arrogantiam
2468 4744 2537 4787 ac
2591 4728 2804 4787 mentis
2864 4726 3208 4803 elationem,
3243 4728 3348 4789 sed
3404 4734 3691 4788 vocantur

2044 4815 2245 4877 Libani
2279 4814 2467 4895 cedri,
2506 4814 2662 4895 quod
2685 4816 2879 4877 aliena
2907 4815 3257 4895 superbiant
3278 4814 3592 4879 altitudine
3622 4824 3684 4878 et

2043 4915 2258 4967 eterra
2310 4905 2613 4982 rebusque
2664 4904 3051 4965 terrestribus
3082 4912 3364 4983 tanquam
3395 4924 3428 4968 e
3482 4904 3693 4968 Libani

2044 4996 2264 5057 vertice
2293 4996 2366 5055 ad
2399 4995 2613 5057 fastum
2662 5002 2721 5056 et
2755 4992 3097 5074 superbiam
3130 4995 3510 5060 extollantur.
3562 4996 3693 5059 Non

2042 5095 2241 5147 autem
2275 5084 2490 5146 cedros
2512 5083 2858 5154 omnes.sed
2880 5081 3091 5144 Libani
3119 5084 3339 5146 cedros
3371 5083 3694 5166 confringit

2046 5174 2357 5239 Dominus.
2386 5169 2533 5235 Nam
2558 5190 2695 5234 cum
2716 5171 2980 5235 Libanus
3011 5170 3361 5236 idololatrias
3391 5173 3469 5236 sit
3499 5173 3691 5257 locus,

2044 5280 2415 5346 quiscunque
2456 5262 2672 5324 anima:
2742 5280 2809 5324 se
2868 5272 3078 5324 contra
3128 5263 3238 5327 Dei
3289 5263 3692 5343 cognitionem

2046 5352 2327 5428 efferunt,
2354 5350 2447 5413 ba:
2474 5349 2639 5413 cedri
2667 5348 2877 5414 Libani
2908 5360 3418 5434 nuncupantur,et
3437 5370 3692 5417 censen-

2046 5657 2327 5732 quantum
2354 5667 2386 5709 a
2419 5664 2601 5732 διὀρο
2626 5650 2943 5732 aberrarit.

2126 5730 2207 5807 (3)
2243 5729 2341 5793 Sic
2368 5729 2840 5807 mssfnonnulli,
2876 5731 3050 5794 bene.
3090 5731 3282 5795 Editio
3318 5732 3691 5798 Paris.unico

2051 5810 2331 5874 vocabulo
2368 5811 2515 5876 καθό,
