4102 6224
321 350 438 418 297
1421 351 1748 419 HOMILIA
1787 348 1871 419 tu
1913 347 2284 417 PSALMUM
2312 347 2607 417 .xxvm.
3573 353 3692 441 298

315 490 541 551 ’Ἔοικεν
599 501 683 551 οὖν
714 489 798 548 διὰ
841 491 939 567 μὲν
969 492 1028 548 τό
1063 491 1347 567 ἀμυντικὸν
1389 498 1479 549 τοῦ
1533 492 1669 563 ζώου
1722 492 1807 547 επὶ
1854 488 1943 556 τὴν

2036 504 2222 549 cornu
2238 485 2662 566 populisuisﬁ;
2692 494 2776 566 et,
2801 486 3012 551 Cornu
3046 488 3181 567 eius
3212 488 3590 571 multabitur
3615 495 3683 557 in

308 589 413 638 τῶν
473 581 730 661 χειρόνων
789 582 1021 638 εἰκασίαν
1092 579 1183 660 (9)
1240 580 1499 645 πολλάκις
1546 576 1943 658 παραλαμϐάνει

2043 575 2243 657 gloria
2256 573 2311 617 ⁸⁷
2338 595 2353 652 ;
2371 577 2654 638 autetiam
2669 578 2805 657 quia
2817 594 3001 641 cornu
3016 595 3122 657 pro
3135 578 3353 643 virtute
3364 581 3680 663 accipitur,

306 675 449 745 σθαι,
511 672 594 727 διὰ
652 669 705 727 δὲ
776 674 837 727 τὸ
886 672 1147 747 ὑψίκερων
1203 674 1289 729 καὶ
1351 671 1637 751 ἐλευθέριον
1684 673 1816 747 πρὸς
1864 670 1943 736 τὴε

2045 674 2106 725 ut
2119 676 2205 727 est
2222 666 2363 728 illud
2376 687 2389 728 :
2404 669 2971 743 Protectormeus,et
2987 683 3182 731 cornu
3199 668 3421 731 salutis
3433 689 3584 735 mea:
3602 668 3684 749 88;

309 768 397 817 τοῦ
442 760 709 835 βελτίονος
742 760 957 838 ἄγεσθαι
992 762 1246 824 εἰκασίαν.
1284 764 1381 819 Καὶ
1432 761 1595 841 ὅλως,
1647 759 1832 825 ἐπειδὴ
1899 758 1943 813 τί

2044 754 2309 817 Christus
2325 763 2519 817 autem
2544 754 2658 817 Dei
2677 755 2863 817 virtus
2885 763 2975 816 est
2992 753 3078 828 89;
3102 755 3239 818 ideo
3259 758 3565 823 unicornis
3585 780 3690 845 ap-

302 850 462 928 κέρας
498 851 597 907 ὑπὸ
627 854 725 917 τῆς
757 856 793 904 Γ
799 849 966 929 ραφῆς
996 850 1109 906 ἀντὶ
1153 850 1246 919 τῆς
1292 849 1445 918 δόξης
1476 850 1758 931 πολλοιχοῦ
1781 869 1943 927 παρει·

2045 844 2296 923 pellatus
2334 852 2443 919 est,
2481 853 2761 931 tanquam
2794 848 2893 925 qui
2921 862 3105 907 unum
3136 845 3354 909 habeat
3381 866 3590 930 cornu,
3626 844 3687 915 id

305 939 584 1013 λημμένον
645 940 785 996 ’ἐστιν
845 941 1039 1019 εὑρεῖν,
1097 941 1168 1005 ὡς
1210 941 1294 1020 τὸ,
1342 938 1577 1015 ’Υψώσει
1616 940 1774 1018 κέρας
1830 937 1943 994 λαοί

2043 943 2154 1013 est,
2189 952 2366 994 unam
2400 952 2533 995 cum
2564 930 2742 997 Patre
2769 951 3149 996 communem
3175 937 3525 1015 potentiam.

311 1032 472 1086 αὑτοῦ
526 1027 676 1108 (10)·
740 1030 851 1107 καὶ,
904 1031 975 1087 Τὸ
1031 1029 1190 1109 κέρας
1249 1034 1408 1089 αὑτοῦ
1456 1031 1790 1106 ὑψωθήσεται
1833 1027 1887 1083 ἐν
1933 1024 2079 1102 δόξῃ·
2132 1023 2164 1091 ἤ
2219 1026 2301 1081 καὶ
2360 1021 2544 1091 ἐπειδὴ
2599 1024 2659 1079 τὸ
2708 1023 2866 1100 κέρας
2924 1023 3038 1081 ἀντὶ
3103 1022 3377 1099 δυνάμεως
3426 1028 3687 1097 πολλάκις

313 1116 813 1193 παραλαμϐάνεται*
884 1120 958 1182 ὡς
1043 1120 1127 1197 τὸ,
1191 1109 1617 1197 ’Υπερασπιστής
1677 1142 1778 1195 μου
1835 1116 1922 1173 καὶ
1982 1112 2137 1191 κέρας
2198 1114 2464 1192 σωτηρίας
2527 1132 2651 1187 μου·
2716 1113 2945 1190 Χριστὸς
2993 1111 3047 1168 δὲ
3111 1120 3243 1173 Θεοῦ
3298 1112 3539 1192 δύναμις’
3601 1116 3688 1178 διὰ

308 1214 466 1264 τοῦτο
495 1210 568 1270 ὡς
600 1206 653 1263 ἔν
683 1207 829 1287 ἔχων
871 1207 1049 1288 κέρας,
1083 1206 1324 1265 τουτέστι
1357 1208 1481 1284 μίαν
1513 1209 1729 1285 δύναμιν
1760 1207 1906 1287 ἔχων
1937 1203 2034 1271 τὴν
2064 1211 2157 1260 τοῦ
2191 1204 2415 1282 Ηατρὸς,
2451 1201 2757 1281 μονόκερως
2789 1203 3246 1284 προσηγὸρευται,

396 1296 457 1357 6.
534 1297 695 1363 Φωνὴ
791 1298 973 1376 Κυρίου
1042 1295 1420 1362 διακόπτοντος
1500 1298 1675 1378 φλὸγα
1774 1296 1934 1374 πυρός

2124 1293 2184 1353 6.
2216 1289 2396 1353 Vsus.
2421 1293 2481 1354 7.
2514 1290 2644 1353 Vox
2662 1291 2911 1353 Domini
2931 1291 3354 1356 tnterctdentis
3373 1294 3687 1376 ﬂammam

313 1387 551 1453 Διεκόπη
598 1387 694 1461 μὲν
740 1388 822 1441 καῖ
858 1388 991 1442 κατὰ
1033 1386 1129 1452 τὴν
1172 1386 1398 1466 ἱστορίαν
1440 1392 1545 1442 τῶν
1605 1384 1805 1443 παίδων
1852 1385 1943 1440 τῶε

2041 1383 2224 1472 ignis.
2238 1379 2523 1472 [ntercisa
2536 1389 2625 1443 est
2641 1378 2884 1460 quidem
2901 1380 3077 1443 etiam
3091 1380 3244 1472 ignis
3255 1382 3492 1472 ﬂamma
3502 1386 3686 1472 Baby.

308 1483 467 1553 τριῶν
510 1476 562 1532 ἐν
613 1481 681 1550 τῇ
726 1473 1030 1547 Βκϐυλωνίᾳ
1082 1476 1203 1550 (11)
1248 1478 1281 1544 ἡ
1328 1474 1454 1555 φλὸξ
1498 1483 1589 1534 τοῦ
1632 1478 1816 1554 πυρὰς,
1869 1474 1943 1530 ὅτε

2039 1469 2534 1550 lone,secundum
2557 1475 2733 1532 trium
2759 1488 3084 1550 puerorum
3098 1469 3682 1556 historiam9°,quan-

306 1564 662 1643 ὃπεςεξεχύθη
723 1565 822 1638 μὲν
852 1564 1399 1643 τεσσαρακονταεννέα
1459 1566 1662 1646 πήχεις
1694 1570 1728 1633 ἡ
1787 1565 1943 1640 κάμι-

2044 1560 2119 1621 do
2133 1563 2401 1623 caminus
2424 1578 2605 1639 supra
2627 1558 2860 1622 cubitos
2879 1558 3271 1640 quadraginta
3297 1579 3507 1626 novem
3530 1569 3681 1631 etfu-

304 1680 418 1731 νος,
454 1655 717 1733 ἐνεπύριζε
763 1654 817 1710 δὲ
848 1656 967 1719 τοὺς
1018 1655 1196 1730 κύκλῳ
1250 1656 1449 1720 πάντας
1486 1678 1499 1690 ·
1558 1655 1874 1715 διακοπεῖσα
1905 1655 1943 1711 δί

2042 1668 2141 1710 sus
2157 1658 2340 1722 est,ac
2358 1648 2810 1711 circumstantes
2832 1666 3044 1712 omnes
3055 1648 3680 1736 ambussitzediverso,

301 1755 380 1819 τῷ
429 1746 799 1823 προστάγματι
857 1753 949 1802 τοῦ
1010 1753 1164 1816 Θεοῦ,
1214 1754 1422 1819 πνεῦμα
1483 1745 1688 1811 ἐδέξατο
1731 1746 1784 1802 ἐν
1827 1747 1943 1802 ἑαυ-

2043 1739 2250 1800 eadem
2284 1738 2386 1799 Dei
2419 1749 2720 1818 praecepto
2753 1737 3060 1818 intercisa,
3093 1738 3156 1799 in
3197 1756 3266 1802 se
3307 1740 3435 1821 ipsa
3480 1762 3685 1810 auram

304 1835 403 1915 τῇ,
448 1834 664 1902 ἡδίστην
722 1835 994 1902 ἀναπνοὴν
1052 1837 1136 1891 καὶ
1180 1835 1453 1915 ἁνάψῦξιν,
1502 1835 1679 1915 ὥσπερ
1738 1839 1792 1892 ἓν
1835 1842 1943 1908 σκιᾷ

2039 1830 2303 1909 recepit;
2330 1827 2794 1907 respirationem
2821 1828 3336 1910 iucundissimam,
3361 1832 3684 1914 refrigen-

307 1948 412 1982 τινι
445 1932 641 2004 φυτῶν,
674 1923 727 1978 ἐν
777 1929 1017 2001 εἰρηνικῇ
1072 1926 1390 1982 καταστάσει
1437 1927 1784 2006 παρεχομένη
1833 1940 1943 1993 τοῖς

2039 1919 2380 1998 tionemque
2407 1916 2607 1997 pueris
2626 1916 2689 1977 in
2721 1916 3039 2006 tranquillo
3055 1925 3211 2006 statu
3228 1918 3391 1982 velut
3411 1922 3470 1982 in
3486 1924 3684 2006 aliqua

306 2015 510 2072 παισίν.
589 2013 833 2091 Ἐγένετο
891 2015 1015 2091 γὰρ,
1074 2015 1261 2094 φησὶν,
1317 2016 1443 2071 ὡσεὶ
1500 2026 1702 2090 πνεῦμα
1768 2014 1943 2094 δρόσοι

2036 2007 2317 2070 arborum
2337 2006 2551 2068 umbra
2572 2005 2911 2068 constitutis
2930 2005 3339 2085 suppeditans,
3365 2005 3680 2078 exhibens-

304 2102 597 2181 διᾶσῦρίζον
658 2104 800 2177 (12).
866 2102 971 2163 Καὶ
1028 2103 1450 2182 θαυμαστότερόν
1507 2126 1566 2182 γε
1618 2104 1803 2178 πολλῷ
1845 2129 1943 2161 πυ-

2038 2117 2173 2178 que.
2184 2099 2365 2161 Facta
2386 2105 2472 2159 est
2495 2095 3069 2177 enim,inquit,sicut
3085 2097 3342 2177 spiritus
3358 2102 3522 2163 roris
3536 2103 3681 2167 sibi-

303 2195 395 2271 ρὸς
446 2194 595 2272 φύσιν
648 2191 987 2265 διακοπῆναι,
1052 2193 1086 2260 ἢ
1145 2192 1601 2273 καταδιαιρεθῆναι
1651 2196 1750 2262 τὴν
1795 2193 1943 2274 Ἐρυ-

2037 2187 2169 2249 lana
2190 2188 2259 2248 91.
2290 2187 2359 2248 Ει
2381 2193 2543 2248 certe
2568 2186 2753 2247 multo
2777 2184 3189 2274 admirabilius
3210 2194 3301 2248 est
3326 2187 3480 2267 ignis
3505 2201 3677 2257 natu.

301 2284 429 2361 θραν
481 2282 750 2339 θάλασσαν
808 2284 879 2346 εἰς
946 2280 1250 2359 διαιρέσεις,
1304 2282 1456 2339 Ἀλλ’
1510 2281 1657 2359 ὅμως
1703 2285 1737 2351 ἡ
1801 2286 1950 2363 φωνὴ

308 2380 399 2429 τοῦ
455 2370 646 2449 Κυρίου
703 2372 789 2428 καὶ
837 2373 896 2426 τὸ
950 2371 1173 2450 συνεχὲς
1224 2378 1292 2449 τῇ
1349 2373 1499 2451 φύσει
1546 2373 1636 2429 καὶ
1681 2376 1951 2449 ἡνωμένον

303 2468 399 2517 τοῦ
456 2462 622 2539 πυρὸς
679 2458 976 2520 διακόπτει.
1041 2462 1218 2518 Καίτοι
1274 2461 1515 2535 ἄτμητον
1541 2463 1629 2519 καὶ
1658 2461 1951 2541 ἀδιαίρετον

300 2550 554 2613 ἐπινοίαις
591 2548 939 2627 ἀνθρωπίναις
998 2551 1058 2605 τὸ
1108 2559 1210 2625 πῦρ
1262 2550 1403 2606 slva.
1433 2548 1605 2627 δοκεῖ,
1639 2550 1758 2607 ἀλλ’
1804 2553 1950 2627 ὅμως

300 2639 674 2717 προστάγματι
730 2641 915 2708 Κυρίου
969 2637 1100 2718 (13)
1154 2637 1496 2696 διακόπτεται
1551 2641 1637 2696 καὶ
1666 2639 1947 2703 διίσταται,

302 2730 478 2803 Οἶμαι
523 2727 600 2807 δὲ,
635 2726 801 2784 ὅτιτὸ
830 2730 931 2807 πῦρ
957 2729 1018 2784 τὸ
1048 2731 1445 2804 ἡτοιμασμένον
1486 2732 1557 2793 εἰς
1615 2729 1836 2787 κόλασιν
1878 2740 1952 2806 τῷ

303 2817 535 2892 διαϐόλῷ
585 2818 825 2882 καὶτοῖς
854 2817 1105 2897 ἀγγέλοις
1154 2821 1312 2875 αὑτοὺ
1355 2818 1696 2876 διακόπτεται
1727 2827 1794 2896 τῇ
1839 2846 1951 2900 φω-

305 2916 371 2983 νῇ
402 2916 494 2964 τοῦ
530 2909 712 2984 Κυρίου
746 2927 760 2940 ·
802 2907 918 2979 ἵνα,
971 2908 1153 2976 ἐπειδὴ
1183 2906 1270 2965 δύο
1299 2911 1425 2965 εἰσὶν
1452 2912 1508 2965 ἒν
1539 2916 1615 2983 τῷ
1645 2911 1763 2988 πυρὶ
1794 2909 1951 2968 δυνά-

302 3018 449 3072 μεις,
480 2996 514 3063 ἦ
577 3018 633 3052 τε
678 2998 940 3065 καυστικὴ
998 3000 1087 3055 καὶ
1137 3000 1169 3065 ἡ
1230 2999 1527 3079 φωτιστικὴ
1579 2998 1735 3078 (14),
1772 3001 1953 3075 τὸμὲν

296 3086 454 3163 δριμὺ
515 3088 600 3142 καὶ
663 3085 983 3143 κολαστικὸν
1031 3095 1122 3143 τοῦ
1146 3089 1306 3164 πυρὸς
1337 3101 1453 3149 τοῖς
1485 3087 1647 3152 ἀξίοις
1690 3092 1787 3156 τῆς
1818 3091 1951 3146 καύ-

292 3198 433 3239 σεως
498 3178 922 3252 προσαπομείνῃ,
1000 3178 1060 3233 τὸ
1133 3176 1186 3231 δὲ
1251 3178 1571 3254 φωτιστικὸν
1648 3183 1807 3237 αὑτοῦ
1866 3181 1952 3236 καὶ

2033 2295 2157 2338 ram
2186 2276 2667 2356 intercidi,quam
2695 2292 2860 2337 mare
2881 2273 3147 2337 Rubrum
3168 2275 3231 2336 in
3253 2289 3452 2357 partes
3472 2280 3676 2348 dividi.

2032 2367 2304 2429 Attamen
2342 2364 2580 2428 Domini
2607 2383 2715 2426 vox
2740 2364 2938 2444 ignem
2969 2372 3177 2445 suapte
3207 2372 3422 2430 natura
3471 2374 3677 2436 conti-

2037 2475 2218 2517 nuum
2231 2473 2297 2517 ac
2314 2455 2469 2517 sibi!
2483 2455 2525 2513 2
2536 2455 2567 2514 ι
2578 2454 2975 2516 cohzerentem
2990 2453 3674 2541 intercidit.Quanuam

2037 2546 2214 2623 igitur
2238 2545 2391 2624 ignis
2421 2543 2684 2606 consiliis
2740 2542 3019 2605 humanis
3068 2542 3412 2607 insecabilia
3464 2566 3533 2610 ac
3582 2551 3681 2615 in-

2037 2636 2312 2697 dividuus
2344 2633 2581 2695 videtur
2606 2651 2763 2709 esse,
2798 2632 3190 2695 nihilominus
3215 2640 3414 2697 tamen
3442 2636 3678 2706 Domini

2030 2726 2199 2803 jussu
2230 2723 2608 2813 interciditur
2630 2742 2698 2784 ac
2727 2722 3045 2813 dividitur.
3070 2725 3271 2813 Ignem
3310 2734 3537 2805 autem,
3572 2733 3675 2813 qui

2040 2813 2272 2905 diabolo
2297 2812 2603 2905 etangelis
2623 2813 2755 2905 ejus
2774 2812 2835 2873 in
2857 2812 3212 2893 supplicium
3237 2822 3477 2905 paratus
3491 2830 3583 2882 est
3595 2812 3674 2905 οε,

2038 2921 2178 2965 voce
2208 2902 2443 2964 Domini
2472 2901 2753 2972 intercidi
2787 2919 2926 2963 reor
2957 2919 2973 2965 :
3028 2909 3093 2963 ut
3122 2920 3258 2964 cum
3302 2903 3437 2967 dum
3463 2906 3586 2969 sint
3614 2901 3678 2973 in

2037 2995 2171 3073 igne
2221 2993 2547 3067 facultates,
2578 3010 2827 3073 quarum
2868 3009 2985 3053 una
3015 2990 3339 3067 comburit,
3372 2993 3565 3059 altera
3595 2998 3678 3061 il-

2038 3084 2264 3157 lustrat,
2292 3084 2445 3161 ignis
2475 3081 2717 3162 quidem
2749 3081 3059 3161 aSperitas,
3094 3098 3165 3143 ac
3195 3084 3512 3159 torquendi
3546 3106 3678 3168 pro-

2038 3174 2256 3253 prietas
2281 3173 2353 3232 iis
2375 3172 2479 3251 qui
2498 3170 2818 3235 adustione
2838 3170 2999 3250 digni
3019 3179 3156 3232 sunt
3179 3184 3451 3236 servetur
3476 3192 3491 3237 :
3517 3176 3677 3240 illius

294 3266 541 3343 λαμπρὸν
598 3272 665 3341 τῇ
717 3264 1025 3344 φαιδρότητι
1083 3270 1187 3322 τῶν
1247 3266 1671 3346 εὐφραινομένων
1704 3267 1943 3336 ἀποκλη-

2036 3280 2175 3324 vero
2209 3261 2496 3341 splendor
2520 3268 2578 3321 et
2608 3259 2842 3321 claritas
2862 3259 2935 3321 ad
2960 3259 3320 3321 hilaritalem
3345 3280 3554 3325 eorum
3577 3267 3675 3346 qui

294 3359 469 3433 ρωθξλ.
535 3355 696 3420 Φωνὴ
756 3362 843 3410 οὖν
917 3356 1103 3434 Κυρίου
1159 3354 1535 3419 διακόπτοντος
1586 3355 1756 3434 φλόγα
1790 3360 1948 3436 πυρὸς

2036 3354 2229 3412 laetam
2262 3370 2330 3411 ac
2364 3351 2593 3411 beatam
2646 3349 2825 3410 vitam
2884 3350 3074 3410 acturi
3122 3355 3284 3423 sunt,
3317 3349 3674 3422 destinetur.

295 3447 385 3501 καὶ
449 3444 772 3521 μερίζοντος,
830 3445 904 3507 ὡς
962 3444 1208 3521 ἀλαμπὲς
1269 3444 1364 3519 μὲν
1408 3445 1552 3501 εἶναι
1611 3448 1671 3501 τὸ
1721 3447 1820 3526 πῦρ
1851 3454 1943 3515 τῆς

2038 3439 2160 3503 Vox
2175 3441 2351 3518 igitur
2370 3438 2610 3503 Domini
2623 3437 3058 3515 intercidentis,
3082 3456 3153 3501 ac
3167 3438 3483 3503 dividentis
3503 3442 3680 3507 ﬂam-

293 3534 595 3607 κολείσεως,
630 3532 889 3591 ἅκαυστον
918 3532 971 3588 δὲ
1000 3536 1061 3590 τὸ
1094 3540 1205 3612 φῶς
1236 3540 1335 3600 τῆς
1394 3535 1743 3600 ἀναπαόσεως
1806 3538 1943 3596 ἀπο-

2036 3550 2187 3593 mam
2218 3529 2549 3609 ignis,adeo
2569 3537 2630 3590 ut
2649 3528 2928 3608 supplicii
2948 3527 3191 3607 quidem
3215 3528 3371 3608 ignis
3388 3530 3677 3599 obscurus

300 3638 509 3698 μεῖναι⁸
600 3624 763 3690 ψωνὴ
851 3625 1037 3694 Κυρίου
1113 3627 1441 3689 συσσείοντος
1519 3623 1743 3701 ἔρημον,
1828 3626 1943 3684 Ἐπ’

2036 3620 2128 3693 sit,
2165 3621 2261 3680 lux
2322 3636 2460 3681 vero
2516 3616 2830 3694 requietis,
2888 3616 2945 3679 vi
3000 3626 3198 3679 careat
3253 3617 3672 3690 comburendi.

298 3714 568 3791 εὑεργεσίᾳ
613 3718 711 3779 τῆς
761 3714 960 3791 ἒρήμου
1006 3716 1033 3769 ὁ
1091 3716 1407 3789 συσσεισμὸς
1476 3717 1607 3789 αὑτῇ
1660 3716 1802 3793 παρὰ
1860 3725 1943 3773 τοῦ

2037 3708 2219 3770 Vsus.
2245 3708 2299 3767 8.
2343 3707 2471 3769 νοω
2492 3708 2743 3769 Domini
2760 3708 3168 3769 concutientis
3186 3708 3673 3776 desertum.Con-

300 3805 487 3880 Κυρίου
533 3804 921 3877 οἰκονομεῖται,
954 3802 1070 3877 ἵνα,
1121 3801 1492 3878 μεταϐαλοῦσα
1542 3804 1648 3859 ἀπὸ
1693 3811 1785 3860 τοῦ
1815 3804 1943 3883 ἕρη-

2036 3797 2225 3857 cussio
2258 3796 2359 3857 illa
2389 3815 2423 3856 a
2452 3794 2708 3856 Domino
2759 3794 3140 3875 dispensatur
3180 3794 3417 3859 deserto
3449 3798 3511 3861 in
3540 3800 3674 3866 loco

293 3913 393 3967 μσς
430 3897 594 3971 εἶναι,
629 3892 847 3969 γένηται
899 3898 970 3969 γῆ
1026 3892 1441 3972 κατοικουμένη,
1494 3894 1580 3948 καὶ
1636 3893 1941 3968 ἀποθεμένηΙ

2036 3885 2325 3960 beneﬁcii,
2358 3894 2418 3945 ut
2436 3890 2631 3964 ipsum
2649 3884 2775 3963 jam
2796 3891 3194 3964 permutatum
3217 3902 3291 3947 ex
3312 3884 3548 3950 deserto
3572 3891 3674 3954 ﬂat

285 3984 352 4038 τὸ
397 3986 493 4050 τῆς
548 3983 789 4045 ἀτεκνίας
852 3980 1072 4061 ὄνειδος,
1121 3981 1218 4049 τῆς
1280 3978 1627 4046 πολυπαιδίας
1664 3981 1817 4060 λάϐῃ
1846 3986 1936 4040 τὸν

2036 3984 2182 4036 terra
2232 3974 2521 4049 habitata,
2571 3981 2649 4050 et,
2700 3972 2974 4054 deposito
3038 3973 3364 4036 sterilitatis
3423 3975 3666 4060 probro,

286 4071 502 4128 ἔπαινον
547 4070 750 4139 (Πολλὰ
812 4072 912 4150 γὰρ
969 4072 1033 4129 τὰ
1096 4071 1254 4127 τέκνα
1312 4077 1411 4139 τῆς
1457 4071 1678 4149 ἐρήμου,
1732 4072 1934 4148 μᾶλλον

2036 4064 2222 4125 multa!
2246 4064 2619 4125 fecunditatis
2658 4062 2891 4125 laudem
2922 4062 3195 4144 accipiat.
3252 4061 3460 4143 (Multi
3503 4069 3670 4134 enim

283 4162 321 4229 ἢ
380 4167 476 4227 τῆς
541 4162 776 4240 ἐχούσης
847 4163 937 4218 τὸν
1015 4158 1225 4240 ἄνδρα),
1285 4163 1371 4217 καὶ
1426 4168 1533 4217 τῶν
1588 4159 1787 4218 ὑδάτων
1842 4167 1933 4219 τὸὖ

2036 4156 2136 4215 iliz'
2160 4155 2605 4233 (lesertw,magi
2618 4172 2645 4215 s
2661 4170 2838 4232 quam
2852 4156 2981 4232 eius
2998 4170 3132 4233 quae
3155 4153 3332 4216 habet
3346 4159 3549 4219 virum
3566 4154 3663 4237 9⁸),

284 4252 587 4325 πνεύματος
620 4250 986 4329 πληρωθεῖσα,
1017 4250 1235 4328 γένηται
1266 4252 1300 4317 ἡ
1332 4251 1433 4328 πρὸ
1487 4250 1670 4306 τούτου
1732 4249 1930 4328 ἕρημος

2036 4253 2077 4305 ξι
2091 4243 2146 4303 id
2165 4244 2318 4324 quod
2343 4251 2517 4304 antea
2531 4243 2833 4305 desertum
2847 4250 2996 4318 erat,
3025 4250 3229 4323 postea
3240 4243 3410 4324 aquis
3421 4245 3666 4325 spiritus

287 4341 364 4403 εἷς
423 4338 612 4414 λίμνας
671 4337 895 4399 ὑδάτων.
963 4340 1059 4398 Καὶ
1105 4340 1364 4398 συσσείσει
1419 4340 1602 4417 Κύριος
1658 4340 1754 4408 τὴν
1799 4340 1929 4419 ἔρη-

2036 4334 2371 4407 :onfertum,
2403 4332 2465 4393 in
2487 4340 2690 4411 stagna
2708 4350 2995 4410 aquarum
3024 4332 3140 4395 ﬁat.
3168 4332 3254 4394 Et
3278 4336 3668 4400 commovebit

290 4450 395 4503 μον
438 4424 645 4494 Κάδης.
682 4428 752 4485 Οὑ
810 4435 985 4483 πᾶσαν
1015 4435 1103 4484 οὖν
1162 4426 1359 4505 ἔρημον
1417 4429 1443 4482 ὁ
1497 4428 1681 4505 Κύριος
1736 4431 1943 4486 συσσεί-

2036 4424 2326 4485 Dominus
2346 4424 2646 4485 desertum
2677 4421 2889 4485 Gades.
2919 4421 3123 4503 Itaque
3154 4422 3455 4484 desertum
3485 4443 3665 4490 omne

292 4538 375 4571 σει
426 4515 577 4596 (15),
614 4516 751 4573 ἀλλὰ
808 4518 912 4585 τὴν
964 4515 1174 4589 Κάδης,
1226 4516 1487 4597 τουτέστι,
1534 4518 1624 4573 τὸν
1649 4518 1937 4595 ἁγιασμόν·

2036 4532 2145 4573 non
2170 4511 2999 4593 commovebitDominus,sed
3014 4511 3317 4575 desertum
3329 4512 3541 4590 Gades,
3552 4514 3664 4581 hoc

290 4606 471 4671 Κάδης
554 4608 653 4685 γὰρ
723 4608 984 4684 ἁγιασμὸς
1077 4607 1443 4683 ἑρμηνεύεται,
1532 4608 1696 4674 Φωνὴ
1756 4609 1942 4687 Κυρίου

2036 4611 2137 4676 est,
2165 4601 2698 4665 sanctiﬁcationem
2726 4624 2739 4661 :
2763 4601 2954 4675 Gades
2986 4602 3147 4663 enim
3184 4608 3294 4683 est,
3324 4602 3380 4663 si
3411 4604 3543 4682 quis
3571 4605 3660 4669 in-

290 4696 710 4771 καταρτιζομένη
772 4696 1020 4775 ἐλάφους.
1100 4695 1366 4772 Ὀμότιμα
1437 4697 1549 4775 χρὴ
1621 4718 1732 4761 τοις
1803 4721 1939 4776 προ-

2036 4699 2404 4774 Lerpretetur,
2435 4692 2859 4772 saiwtiﬁcatio.
2914 4694 3098 4755 Vsus.
3133 4693 3196 4756 9.
3238 4690 3368 4754 Vox
3404 4693 3657 4759 Domini

368 4853 433 4904 86
452 4852 873 4938 Bsal.cx_1.vui,
906 4855 1018 4938 14.Δ
1090 4853 1339 4938 εἵρξει.
1384 4872 1502 4938 cxi,
1533 4858 1593 4920 9.
1678 4856 1743 4908 88
1770 4859 1931 4925 Psal.
1955 4871 2098 4920 xvn.
2126 4853 2183 4918 3.
2270 4853 2333 4904 89
2362 4853 2542 4917 lCor.
2577 4870 2615 4928 1,
2652 4850 2756 4914 24.
2838 4851 2903 4903 90
2929 4854 3077 4916 Dan.
3102 4869 3186 4927 Iu,
3214 4856 3316 4916 s7.
3400 4855 3456 4905 94
3482 4854 3634 4920 ibid.

278 4936 384 4999 50.
469 4934 1053 5011 92Matth.xxv,41.
1138 4934 1566 5013 9315a.L1v,'l.
3275 4980 3283 4989 .

2012 5096 2340 5163 sibilo.Sed
2360 5112 2517 5175 aegre
2535 5094 2647 5175 fert
2667 5093 2918 5175 Ducaaus
2936 5095 3316 5159 Tilmannum
3332 5098 3407 5161 de
3425 5117 3533 5162 suo
3554 5119 3655 5166 vo-

368 5096 455 5175 (9)
489 5094 634 5176 Reg.
670 5096 967 5176 secundus
1015 5098 1101 5153 Eni
1129 5103 1235 5152 τῶν
1271 5098 1533 5176 χειρόνων
1576 5100 1799 5172 εἰκασίᾳ.

2013 5200 2143 5242 cem
2170 5173 2740 5257 ﬂammaiaddidisse
2766 5194 2780 5239 :
2807 5173 3207 5257 Combeﬁsius
3222 5195 3363 5241 vero
3388 5178 3652 5245 additam

370 5176 491 5255 (10)
523 5175 746 5257 Totum,
771 5175 942 5257 illud,
977 5175 1411 5252 παρειλημμένον
1440 5177 1591 5233 ’ἐστιν
1609 5181 1805 5257 εὑρεῖν,
1854 5183 1927 5245 ὡς

287 5260 372 5330 τὸ,
410 5258 649 5332 ’Υψώσει
690 5256 846 5333 κέρας
898 5256 1028 5314 λαοῦ
1072 5257 1250 5335 αὑτοῦ,
1284 5257 1344 5317 in
1397 5257 1616 5319 nostris
1649 5256 1927 5321 undecim

287 5355 438 5399 mss.
464 5337 863 5399 desideratur.
896 5335 1115 5399 Videre
1146 5346 1234 5398 est
1264 5338 1378 5399 hoc
1424 5337 1554 5399 loco
1603 5338 1663 5399 in
1696 5358 1838 5401 mss.
1873 5352 1930 5401 et

285 5419 438 5479 alias
470 5417 632 5497 parvi
668 5417 971 5497 momenti
1024 5416 1399 5492 variationes,
1434 5434 1583 5497 quas
1618 5419 1842 5481 referre
1873 5430 1936 5482 ut

280 5496 516 5573 inutile,
552 5498 635 5558 ita
654 5496 831 5558 fuerit
862 5496 1203 5558 molestum.

363 5580 486 5659 (lli
502 5577 840 5659 Dolbertini
873 5576 1175 5659 secundus
1208 5587 1267 5640 et
1285 5584 1530 5659 quartus
1561 5578 1613 5635 ὲν
1648 5584 1715 5656 τῇ
1758 5580 1933 5637 Βαϐυ-

276 5659 435 5721 λῶνι.
468 5657 595 5719 Mox
628 5658 774 5720 editi
798 5658 1181 5738 ὑπερεξεχόθη.
1212 5657 1318 5721 Δι’
1339 5676 1546 5737 magar
1604 5677 1738 5739 pars
1763 5663 1931 5739 ὑπερ...

275 5740 401 5805 εξεγ
414 5740 504 5805 έθη
517 5780 530 5795 .

2014 5281 2141 5345 eain
2170 5260 2351 5345 fuisse
2370 5256 2443 5317 ad
2478 5264 2736 5345 mentem
2768 5256 2972 5319 Basilii
3023 5258 3302 5345 afﬁrmat.
3338 5260 3519 5345 Plura
3548 5265 3649 5345 qui

2012 5341 2186 5410 volet,
2220 5337 2529 5420 scriptoris
2562 5336 2869 5419 utriusque
2898 5346 3070 5401 notas
3096 5340 3295 5419 legere
3326 5336 3569 5420 poterit.

2103 5420 2229 5499 (l3)
2260 5418 2712 5499 Colb.‘quartus
2742 5420 3109 5499 προστάγματι
3145 5418 3298 5486 Θεοῦ.

2103 5496 2119 5579 ζ
2127 5496 2229 5577 14)
2260 5498 2358 5561 Sic
2389 5496 2532 5560 editi
2564 5506 2635 5586 et
2654 5506 2773 5586 tres
2791 5517 2934 5586 mss.
2960 5496 3035 5562 At
3063 5518 3166 5563 sex
3194 5500 3296 5564 alii
3319 5521 3462 5565 mss.
3493 5506 3653 5586 φωτί-

2018 5590 2174 5653 ζουσα
2212 5597 2330 5660 pro
2345 5581 2662 5660 φωτιστική.
2714 5581 2895 5643 Paulo
2938 5588 3070 5660 post
3105 5599 3254 5645 mss.
3297 5591 3430 5647 octo
3460 5581 3647 5643 δ’σὺσ-

2016 5658 2252 5735 σειτμόξτ.
2289 5658 2444 5722 Εάίιί
2475 5661 2503 5715 ὁ
2546 5662 2786 5736 σεισμός.

2089 5741 2212 5823 (15)
2237 5738 2335 5823 Sic
2358 5738 2771 5823 multimss_.At
2789 5739 2931 5823 editi
2952 5759 3088 5823 cum
3112 5743 3468 5823 quibusdam
3496 5761 3639 5807 mss.

389 5803 645 5900 ‘12)vllla.
681 5819 901 5898 Εγένετο
959 5819 1081 5899 γὰρ,
1117 5822 1300 5900 φησιν,
1354 5819 1479 5875 ὡσεὶ
1536 5820 1744 5896 πνεῦμα
1794 5820 1917 5899 δρό-

2038 5803 2250 5883 υέσείέι.
2285 5803 2491 5884 Statim
2519 5819 2619 5882 ubi
2661 5821 2875 5900 legitur
2902 5820 2964 5883 in
3006 5803 3386 5886 editisiet—‘in
3418 5803 3641 5885 nostris

278 5896 381 5959 σου
407 5896 557 5956 Stoico
593 5896 840 5976 {consic
901 5896 1151 5961 verterat
1180 5896 1553 5962 Tilmannus:
1581 5900 1781 5964 Facta
1811 5896 1919 5984 est,

278 5982 508 6059 inquit,
545 5922 792 6059 ﬂamma
820 5979 1014 6046 veluti
1039 5985 1298 6059 spiritus
1319 5985 1475 6046 roris
1488 5983 1922 6059 suavtspirans

2036 5921 2148 5967 uss.
2184 5901 2624 5983 καταρτιζομένη,
2665 5896 2892 5968 editum
2920 5901 3254 5966 invenimus
3281 5902 3439 5982 apud
3490 5900 3643 5965 LXX

2036 5983 2470 6059 ηαταρτιζομένου,

276 5982 508 6062 inquit,

589 5996 792 6045 amma
820 5979 1014 6046 veluti
1039 5985 1298 6063 spiritus
1319 5985 1475 6046 roris
1488 5979 1922 6066 suavtspirans

2036 5979 2470 6065 asapuﬁouévoo.
