4102 6224
449 363 567 430 299
1809 357 1872 421 S.
1916 354 2200 420 BASILII
2244 349 2497 418 MAGNI
3725 345 3851 411 300

454 521 813 587 prwparans
835 516 1069 587 cervos.
1092 496 1217 587 Qua
1237 497 1313 559 de
1340 493 1773 587 praeparatione
1791 511 2103 587 cervorum

2215 492 2411 570 ίγουσιν
2444 484 2765 552 ἀποδοθῆναι
2816 482 2947 564 (46)
3003 486 3092 540 καὶ
3140 484 3207 540 τὰ
3264 486 3380 563 περὶ
3438 490 3528 540 τοῦ
3580 504 3847 561 καταρτι-

460 572 602 676 perv
623 608 793 655 ocem
834 585 1071 650 Domini
1118 584 1271 676 facta
1322 572 1841 676 dicuntur,_etiain
1892 581 2105 676 eodem

2215 589 2335 657 τμοῦ
2395 584 2501 635 τῶν
2552 574 2787 655 ἐλάφων,
2836 574 2893 630 ὃν
2937 574 2970 640 ἡ
3025 572 3178 654 φωνὴ
3227 579 3320 629 106
3376 573 3559 651 Κυρίου
3608 574 3845 650 ἐνεργεῖ,

460 661 638 748 modo
668 698 784 762 quo
820 678 1015 758 priora
1042 673 1399 754 explicanda
1428 681 1588 735 sunt.
1615 671 1905 762 Quoniam
1936 671 2111 749 igitur

2220 670 2348 727 Επεὶ
2391 667 2563 723 τοίνυν
2620 667 2654 732 ἡ
2725 663 2918 743 ἔλαφος
2976 663 3225 729 τοιαύτης
3301 661 3459 741 ἔτυχε
3517 664 3614 728 τῆς
3666 684 3847 717 κατα-

460 752 765 838 cervusita
793 752 835 828 av
854 775 1063 827 natura
1083 752 1213 826 com
1223 772 1460 844 paratus
1479 772 1589 842 est,
1612 770 1675 823 ut
1692 760 1915 822 nullam
1930 779 1963 821 a
1977 778 2103 820 ser-

2215 759 2387 826 ικευῆς
2438 758 2510 817 ὡς
2555 754 2807 833 κρείττων
2865 752 2989 833 (17)
3032 752 3177 809 εἶναι
3222 754 3321 818 τῆς
3378 752 3439 807 ἐκ
3464 758 3571 807 τῶν
3604 752 3845 829 ἑρπετῶν

459 861 724 935 pentibus
747 856 985 926 accipiat
1001 840 1359 911 noxamiimo
1381 840 1779 921 vero,utaium
1798 853 1960 935 tiqui
1980 852 2101 906 haec

2215 846 2426 920 ἰλάϐης,
2460 845 2596 901 ἀλλά
2640 847 2726 900 καὶ
2765 844 3115 921 καθαρτήριον
3170 846 3304 918 αὐτῇ
3355 842 3517 911 ἐστιν,
3571 840 3643 903 ὤς
3683 862 3846 919 φασιν

463 925 1094 1021 observavere,viperaa
1113 956 1251 999 esus
1287 937 1403 998 vim
1420 936 1549 1016 ejus
1567 932 2111 1016 purgandihabeat,

2215 942 2245 995 ii
2302 938 2366 994 τὰ
2422 934 2641 993 τοιαῧτα
2695 933 3079 1011 τετηρηκότες,
3116 933 3178 989 τὸ
3224 937 3325 999 τῆς
3370 925 3588 1011 ἐχίδνης
3619 931 3845 1007 βρῶμα,

463 1044 521 1097 et
549 1030 833 1111 quoniam
866 1019 1154 1091 venenata
1175 1026 1375 1088 omnia
1406 1024 1686 1086 animalia
1701 1041 1834 1083 cum
1861 1022 2031 1083 malis
2053 1031 2111 1083 et

2215 1030 2368 1085 τάντα
2397 1025 2452 1083 δὲ
2488 1031 2554 1082 τᾶ
2582 1021 2767 1081 ἰοϐόλα
2797 1023 2928 1101 πρὸς
2958 1023 3055 1091 τὴν
3085 1025 3189 1078 τῶν
3248 1027 3493 1097 πονηρῶν
3548 1021 3637 1076 καὶ
3686 1019 3844 1075 ἀντι-

461 1109 725 1187 adversis
746 1117 1061 1180 virtutibus
1091 1123 1676 1196 comparautur,cum
1701 1112 1990 1175 Dominus
2011 1110 2108 1171 di-

2215 1116 2455 1191 ιειμένων
2484 1113 2755 1187 δυνάμεων
2787 1112 2967 1168 είκὸνα
3010 1109 3335 1186 λαμϐάνεται
3380 1111 3510 1189 (18)
3557 1113 3665 1181 (106
3729 1119 3841 1165 Κυ-

461 1212 726 1277 catznedt
737 1207 903 1271 vobis
915 1214 1266 1289 potestatem
1283 1204 1773 1281 calcandisupra
1785 1206 2106 1289 sea-petita,

2215 1207 2300 1263 ιίου
2361 1203 2609 1283 λέγοντος
2642 1216 2657 1231 ⁸
2728 1199 2942 1257 Δέδωκα
2999 1202 3129 1274 ὑμῖν
3199 1201 3297 1269 τὴν
3354 1198 3587 1265 ἐξουσίαν
3644 1210 3844 1254 πατεῖν

461 1310 517 1365 et
532 1301 902 1380 scorpiones,
916 1286 971 1357 et
982 1314 1163 1377 super
1180 1312 1419 1358 omnem
1436 1294 1715 1354 virtutem
1727 1286 2109 1380 inimici9‘;et

2220 1294 2369 1350 πάνω
2424 1292 2622 1372 ὄφεων,
2682 1290 2770 1346 καὶ
2848 1288 3139 1368 σκορπίων,
3199 1290 3287 1344 καὶ
3360 1288 3445 1344 ἐπὶ
3504 1294 3681 1343 πᾶσαν
3744 1288 3846 1353 τὴν

464 1409 596 1454 cum
612 1376 822 1451 rursus
837 1376 1101 1468 psalmus
1115 1385 1426 1464 Propheta:
1443 1378 1967 1463 promittat28uper
1978 1383 2109 1455 (ιδρί

2215 1386 2407 1459 ἱύναμιν
2453 1388 2546 1437 106
2602 1380 2795 1459 ἐχθροῦ
2828 1394 2841 1408 '
2906 1380 2993 1435 καὶ
3044 1380 3137 1434 106
3192 1383 3411 1453 ψαλμοῦ
3465 1376 3626 1433 πάλιν
3660 1378 3843 1453 ἑπαγ-

464 1481 597 1543 dem
619 1486 673 1541 et
693 1466 1389 1540 basiliscumambulabis
1412 1470 1743 1547 “mecesse
1782 1479 1874 1530 est
1891 1476 2102 1528 utcum

2215 1471 2513 1546 ἐλλομένου
2563 1476 2640 1543 τῷ
2695 1469 2966 1546 προφήτῃ,
3027 1467 3108 1523 ὅτι
3143 1466 3262 1524 Ἐπὶ
3318 1466 3510 1523 ἀσπίδα
3538 1468 3627 1522 καὶ
3678 1467 3846 1541 βασι-

465 1586 687 1631 nomen
719 1567 873 1628 cervi
907 1568 963 1627 in
1000 1564 1307 1645 Scriptura
1339 1564 1635 1635 audimus,
1662 1576 1999 1622 sermonem
2031 1556 2102 1617 ad

2215 1568 2368 1622 ,ίσκον
2413 1560 2668 1637 ἐπιϐήσῃ)
2699 1580 2714 1597 ·
2776 1560 3008 1638 ἀνάγκη,
3043 1560 3168 1617 ὅταν
3200 1560 3393 1639 ἐλάφου
3425 1557 3592 1633 ὄνομα
3619 1558 3841 1614 ἀκούω-

467 1658 775 1721 meliorem
808 1655 1261 1717 similitudinem
1295 1653 1621 1714 trahamus.
1668 1648 1816 1711 Nam
1873 1648 2106 1712 Montes

2215 1676 2287 1711 ιεν
2319 1653 2375 1709 ἐν
2403 1658 2474 1729 τῇ
2529 1656 2734 1731 Γραφῇ,
2768 1651 2905 1728 ωρὸς
2935 1650 3032 1716 τὴν
3065 1648 3309 1725 βελτίονα
3355 1650 3529 1705 εἰκόνα
3556 1651 3646 1705 τὸν
3678 1648 3845 1726 λόγον

467 1750 697 1810 excelsi
722 1744 1006 1836 centviswi
1025 1746 1165 1836 item
1196 1765 1210 1805 :
1238 1743 1562 1835 Desiderat
1585 1757 1799 1835 cervus
1815 1738 1896 1829 od
1915 1740 2107 1836 [opth

2221 1743 2387 1804 λκειν.
2448 1741 2599 1819 ’Ὄρη
2656 1741 2755 1818 γὰρ
2824 1739 2889 1795 τὰ
2947 1738 3129 1814 ὑψηλά
3187 1752 3307 1803 ταῖς
3392 1738 3607 1816 ἐλάφοις
3645 1754 3657 1766 '
3727 1741 3841 1807 καὶ,

464 1825 852 1907 aquarum”.
874 1816 1132 1889 Proinde
1148 1844 1282 1887 cum
1308 1832 1366 1886 et
1380 1824 1575 1902 justus
1597 1825 1789 1880 omnis
1812 1818 1870 1878 in
1894 1816 2109 1909 altissi-

2216 1835 2472 1889 Επιποθεϊ
2521 1832 2554 1898 ἡ
2632 1829 2825 1909 ἔλαφος
2897 1830 2985 1884 ἐπὶ
3060 1830 3153 1893 τὰς
3216 1830 3392 1906 πηγὰς
3446 1834 3546 1883 τῶν
3606 1826 3840 1889 ὑδάτων,

468 1906 581 1979 mis
602 1913 1233 1995 commoretur,Jua:ta
1246 1929 1492 1992 scopum
1504 1926 1855 1991 persequens
1876 1907 1952 1967 ad
1977 1906 2109 1997 bra-

2215 1922 2339 1979 Επεὶ
2383 1923 2471 1977 οὖν
2530 1921 2617 1976 καὶ
2672 1926 2776 1984 πᾶς
2821 1916 3019 1981 δίκαιος
3071 1918 3125 1973 ἐν
3155 1918 3392 1993 ὑψηλοῖς
3440 1918 3555 1997 ἔχει
3601 1919 3698 1985 τὴν
3732 1916 3848 1973 δια-

475 2007 630 2068 νίιιτη
643 2022 917 2085 superna
928 2000 1527 2077 vocationtsmﬁtiam
1544 1999 1616 2060 ad
1628 1998 1980 2089 poculentos
1993 1996 2113 2057 fon-

2215 2009 2405 2089 εριϐἠν,
2454 2010 2602 2067 Κατά
2660 2010 2860 2065 σκοπὸν
2904 2006 3109 2065 διώκων
3156 2007 3249 2065 ἐπὶ
3298 2010 3360 2065 τὸ
3411 1996 3661 2085 βραϐεῖον
3713 2008 3841 2084 (19)

476 2113 559 2160 tes
573 2093 854 2170 accurrit,
884 2092 1194 2171 theologica
1226 2089 1520 2172 principia
1551 2088 1742 2169 prima
1770 2087 2105 2166 requirens.

2215 2087 2289 2166 τῆς
2360 2099 2469 2155 ἄνω
2516 2097 2782 2173 κλήσεως,
2836 2100 2924 2157 καὶ
2998 2099 3126 2177 πρὸς
3185 2100 3280 2161 τὰς
3329 2098 3583 2172 ποτίμους
3650 2099 3840 2173 πηγὰς

468 2183 677 2245 Trahit
692 2191 887 2245 autem
911 2199 1124 2245 cervus
1139 2182 1261 2243 oris
1283 2179 1377 2241 sui
1403 2178 1794 2258 respiratione
1822 2184 2111 2237 venenata

2215 2189 2494 2268 ινατρέχει,
2549 2188 2641 2250 τὰς
2690 2188 2903 2266 πρώτας
2960 2188 3131 2266 ἀρχὰς
3176 2193 3274 2254 τῆς
3305 2186 3578 2264 θεολογίας
3624 2186 3839 2257 ἀναζηο

466 2273 747 2336 animalia
769 2272 1076 2344 latitantia,
1106 2288 1296 2351 eaque
1326 2270 1380 2328 vi
1410 2268 1653 2350 spiritus
1678 2266 1768 2327 sui
1789 2285 1822 2327 e
1853 2264 2111 2357 latibulis

2215 2284 2324 2336 εῶν.
2374 2276 2569 2336 ’Ἕλκει
2603 2276 2656 2332 δὲ
2686 2280 2720 2345 ἠ
2754 2277 2947 2357 ἔλαφος
2972 2284 3040 2353 τῇ
3069 2278 3309 2352 ἀναπνοῇ
3350 2277 3441 2333 106
3473 2278 3741 2350 στόματος
3772 2280 3841 2333 τὰ

469 2361 694 2426 educit.
727 2360 1239 2433 Quemadmodum
1271 2358 1449 2438 igitur
1478 2365 1721 2418 sauctus
1740 2355 1936 2435 aquila
1956 2355 2108 2446 dici-

2215 2369 2494 2425 κολευοντα
2522 2373 2626 2424 τῶν
2660 2365 2903 2440 ἰοϐόλων,
2939 2368 3025 2423 καὶ
3057 2366 3162 2423 ἀπὸ
3220 2366 3325 2422 τῶν
3376 2364 3711 2423 καταδύσεων
3746 2367 3837 2428 τε-

468 2459 589 2530 tur,
620 2450 779 2531 quod
810 2449 1089 2513 sublimia
1116 2457 1298 2528 petat,
1321 2458 1382 2508 et
1419 2446 1738 2535 plurimum
1773 2465 1807 2506 a
1835 2453 1993 2508 terra
2023 2445 2111 2504 di-

2215 2458 2305 2533 ἱγει
2359 2463 2427 2534 τῇ
2473 2457 2559 2533 βίᾳ
2611 2464 2703 2513 τοῦ
2744 2457 3065 2532 πνεύματος,
3127 2454 3351 2535 ’Ὥσπερ
3403 2456 3491 2513 οὗν
3522 2456 3674 2518 ἀετὸς
3708 2454 3833 2527 (2οι

468 2547 583 2602 stet
608 2562 623 2618 ;
648 2538 1233 2616 etquemadmodum
1261 2537 1479 2599 dicitur
1506 2537 1631 2597 ovls
1659 2534 1733 2625 ob
1770 2543 2109 2625 mansuetu-

2215 2547 2403 2624 ιἐγετσιι
2463 2548 2490 2602 ὁ
2542 2545 2693 2623 ἅγιος
2747 2544 2831 2601 διὰ
2894 2544 2955 2602 τό
3004 2534 3426 2625 μετεωροπόρον,
3479 2548 3565 2601 καὶ
3622 2543 3707 2599 διὰ
3774 2548 3838 2601 τὸ

469 2629 672 2692 dinem
729 2638 789 2692 et
835 2646 1035 2691 rerum
1091 2645 1331 2690 suarum
1374 2624 1976 2688 communicationem
2007 2644 2021 2697 ;
2054 2633 2111 2685 et

2215 2636 2477 2713 ῐιηρμένον
2536 2635 2641 2690 ἀπὸ
2670 2639 2771 2713 γῆς
2802 2633 2886 2690 ἐπὶ
2914 2634 3105 2690 πλεῖον
3140 2652 3156 2669 ·
3204 2637 3291 2690 καὶ
3320 2635 3393 2695 ὡς
3445 2631 3711 2711 πρόϐατον
3746 2633 3833 2689 διὰ

468 2717 626 2780 aries
653 2718 729 2780 ob
756 2717 1081 2798 imperium
1118 2738 1133 2798 ;
1166 2724 1225 2778 et
1248 2715 1528 2778 columba
1554 2723 1796 2795 propter
1826 2713 2109 2774 innocen-

2215 2727 2253 2779 τὸ
2284 2722 2484 2801 ἥμερον
2514 2726 2603 2780 καὶ
2649 2721 2991 2799 μεταδοτικὸν
3045 2724 3117 2779 ὦν
3166 2722 3284 2802 ἔχει
3312 2738 3326 2752 ·
3365 2724 3451 2778 καὶ
3481 2725 3623 2795 κριὸς
3658 2721 3743 2778 διὰ
3776 2725 3837 2778 τὸ

470 2806 614 2869 tiam
644 2829 657 2865 :
684 2808 762 2869 ita
790 2825 1033 2886 quoque
1067 2805 1292 2868 dicitur
1315 2823 1524 2867 cervus
1545 2803 1619 2865 ob
1643 2822 1771 2865 eam
1801 2821 1975 2884 quam
2008 2804 2107 2864 ha-

2215 2811 2526 2889 λιγεμονικόν
2562 2829 2578 2845 ⁸
2620 2814 2707 2869 καὶ
2735 2814 3014 2892 περιστερά
3064 2810 3147 2868 διὰ
3188 2814 3248 2868 τὸ
3293 2812 3489 2867 ἄκακον
3521 2828 3535 2841 ⁸
3583 2812 3725 2868 οὕτω
3753 2814 3845 2868 καὶ

470 2895 571 2958 bet
597 2896 882 2958 adversus
911 2914 1086 2976 prava
1118 2895 1599 2977 repugnantiam.
1636 2894 1783 2956 Ideo
1827 2903 1885 2954 et
1934 2894 2108 2952 Salo-

2215 2902 2397 2982 ἔλαφος
2428 2902 2512 2958 διὰ
2543 2903 2639 2969 τὴν
2669 2902 2799 2981 πρὸς
2828 2902 2895 2957 τὰ
2936 2903 3140 2981 πονηρά
3182 2901 3508 2961 ἐναντίωσιν,
3561 2904 3656 2957 At?)
3686 2904 3776 2957 καὶ
3806 2904 3833 2957 ὁ

470 3002 609 3047 mon
624 2983 1345 3058 ait:Cervusamt'citz'a,et
1366 2982 1572 3063 pullus
1602 2989 1840 3071 tuorum
1865 2987 2107 3061 gratia-

2215 2990 2449 3067 ἰολομών
2501 3014 2663 3071 φησιν
2694 3006 2709 3022 ⁸
2787 2990 3039 3070 ’Ἔλαφος
3092 2990 3291 3070 φιλίας,
3351 2992 3439 3046 καὶ
3493 2989 3675 3052 πῶλος
3732 2997 3843 3045 σῶν

468 3072 1663 3153 ηινηοοηῖαὺαιειυνιθοιιηιθθ.Νοείιιιιεῐη
1679 3070 1851 3132 docet
1876 3067 2168 3132 memu-C
2197 3082 2434 3161 χαρίτων
2481 3067 2733 3157 ὁμιλείτω
2792 3103 2873 3137 σοι
2910 3097 2924 3112 ο

467 3170 631 3227 ratos
654 3181 859 3226 cervos
886 3161 958 3224 ad
988 3162 1299 3240 theologia:
1320 3161 1654 3224 doctrinam
1681 3179 1813 3222 esse
1838 3161 2106 3222 idoneos.

548 3354 609 3415 7.
651 3352 783 3412 129
820 3350 946 3414 Vox
975 3350 1224 3414 Domini
1258 3367 1624 3431 praeparans
1671 3368 1902 3413 cervos.
1961 3350 2106 3411 Cum

2982 3078 3237 3137 διδάσκων
3288 3082 3426 3156 ἡμᾶς
3478 3084 3597 3144 τοῦς
3648 3104 3843 3159 προειο

2197 3169 2468 3246 ρημὲνους
2532 3169 2759 3249 ἐλάφους
2814 3168 3140 3237 ἐπιτηδείους
3194 3169 3335 3227 εἶναι
3386 3172 3518 3249 πρὸς
3563 3170 3843 3249 Θεολογίας

2194 3256 2554 3319 διδασκαλίαν.

2274 3348 2338 3411 7,
2398 3349 2562 3416 Φωνὴ
2626 3350 2812 3427 Κυρίου
2861 3348 3279 3427 καταρτιζομένη
3352 3349 3596 3430 ἐλάφους.
3659 3348 3841 3408 ’Ὅταν

468 3443 646 3522 igitur
658 3441 997 3522 quempiam
1012 3439 1118 3502 Dei
1131 3439 1437 3502 hominem
1456 3439 1789 3519 perfectum
1806 3451 1860 3502 et
1876 3440 2109 3501 absolu-

2215 3437 2276 3492 ὗν
2332 3435 2533 3511 ἴδωμέν
2570 3460 2687 3494 τινα
2711 3437 2980 3516 ἄνθρωπον
3026 3445 3157 3495 Θεοῦ
3187 3437 3388 3495 τέλειον
3441 3440 3520 3494 καὶ
3574 3461 3836 3517 κατηρτιο

469 3539 592 3594 tum
624 3528 970 3609 viderimus,
1004 3528 1320 3591 utilitatem
1346 3547 1415 3590 ex
1448 3529 1577 3607 ejus
1604 3547 1923 3607 congressu
1943 3546 2106 3609 quae-

468 3628 691 3674 ramus.
726 3608 871 3670 Nam
902 3628 1077 3671 cervo
1130 3617 1421 3690 praesente
1471 3610 1836 3688 serpentium
1880 3608 2111 3687 fugatur

472 3698 695 3761 malitia
725 3698 945 3761 omnis.
976 3697 1107 3761 Non
1133 3700 1294 3760 enim
1330 3699 1510 3779 hujus
1540 3698 1815 3759 animalis
1864 3700 2107 3759 odorem

469 3788 763 3852 virulenta
792 3788 1115 3849 animantia
1138 3788 1466 3869 perferunt,
1489 3797 1553 3849 ut
1581 3806 1711 3868 qua:
1740 3788 1832 3849 vel
1866 3790 1936 3849 ad
1973 3806 2107 3850 cor-

470 3895 653 3942 nuum
686 3876 1062 3939 cervinorum
1093 3878 1350 3940 suﬂitum
1383 3878 1691 3940 secedant.
1719 3878 1804 3939 Et
1827 3878 2112 3943 reuelabit

470 3966 791 4030 condensa.
836 3966 1101 4030 Primum
1133 3984 1243 4028 vox
1276 3966 1511 4030 Domini
1538 3977 1828 4047 praeparat
1859 3986 2063 4029 cervos
2092 3990 2106 4030 ε

472 4055 693 4119 deinde
723 4057 949 4118 revelat
968 4055 1273 4118 condensa
1306 4056 1740 4128 loca,vidclicet
1761 4058 2111 4127 consita,at-

477 4161 593 4227 que
614 4144 834 4225 agresti
861 4162 930 4205 ac
953 4144 1321 4206 infructuosa
1354 4145 1604 4206 materia
1634 4146 1995 4208 condensata
2018 4170 2033 4222 ;
2055 4150 2113 4209 in

474 4252 606 4315 qua:
636 4234 764 4296 loca
792 4233 1071 4295 animalia
1098 4242 1388 4296 venenata
1434 4235 1692 4297 maxime
1740 4236 2009 4317 recipere
2050 4256 2115 4299 se

2192 3526 2406 3605 σμένον,
2462 3527 2561 3593 τὴν
2612 3527 2718 3583 ἀπὸ
2774 3533 2873 3595 τῆς
2919 3526 3128 3602 ὁμιλίας
3180 3530 3337 3587 αὑτοῦ
3368 3526 3629 3607 ὠφέλειαν
3661 3550 3837 3602 μετα-

2194 3615 2494 3691 διώκωμεν.
2549 3613 2742 3674 ’Ὅπου
2806 3618 2906 3695 γὰρ
2934 3615 3130 3695 ἐλάφου
3178 3619 3457 3695 παρουσία,
3490 3617 3838 3698 φυγαδεύεται

2193 3712 2338 3761 πᾶσα
2389 3712 2492 3762 τῶν
2523 3705 2759 3784 ἑρπετῶν
2807 3708 2841 3774 ἡ
2888 3707 3069 3780 κακία,
3122 3711 3195 3766 O6
3236 3708 3335 3785 γὰρ
3364 3706 3506 3787 φέρει
3536 3708 3634 3774 τὴν
3664 3709 3843 3781 ὀσμὴν

2194 3802 2286 3857 τοῦ
2313 3795 2449 3866 ζώου
2478 3796 2545 3852 τὰ
2580 3795 2793 3876 ίοϐόλα,
2825 3795 2957 3853 ὅπου
3004 3818 3065 3875 γε
3114 3798 3199 3852 καὶ
3256 3810 3375 3861 τοῖς
3422 3798 3634 3873 κέρασιν
3668 3802 3843 3856 αὐτῶν

2194 3883 2649 3960 ὑποθυμιωμένοις
2723 3887 3026 3965 ὑποχωρεῖ.
3102 3886 3198 3943 Καὶ
3291 3884 3625 3960 ἀποκαλύψει
3716 3885 3836 3964 δρυ-

2197 3974 2329 4048 μούς
2381 3972 2536 4052 (21).
2592 3980 2813 4053 Πρῶτον
2864 3977 2900 4043 ἡ
2952 3976 3102 4054 φωνὴ
3132 3982 3222 4033 106
3254 3978 3439 4052 Κυρίου
3472 3977 3843 4053 καταρτίζεται

2194 4063 2285 4127 τὰς
2334 4060 2555 4143 ἐλάφους
2584 4081 2601 4099 ⁸
2634 4062 2825 4121 ἔπειτα
2856 4063 3217 4121 ἀποκαλύπτει
3264 4062 3505 4142 δρυμοὺς,
3533 4086 3654 4141 τοᾳς
3693 4088 3839 4141 συμο

2198 4151 2386 4230 φύτους
2416 4153 2504 4207 καὶ
2552 4152 2658 4209 ἀπὸ
2716 4153 2901 4231 ἀγρίας
2948 4155 3035 4209 καὶ
3084 4154 3320 4232 ἀκάρπου
3365 4153 3495 4220 ὕλης
3548 4177 3843 4211 πεπυκνω-

2196 4238 2387 4314 μένους
2440 4240 2660 4314 τόπους,
2712 4242 2800 4306 οἶς
2864 4241 3096 4316 μάλιστα
3154 4244 3499 4323 προσφεύγειν
3558 4245 3625 4299 τὰ
3660 4244 3850 4301 ίοϐόλα

476 4323 691 4413 solent.
725 4320 1014 4413 Quoniam
1044 4322 1227 4413 igitur
1270 4341 1375 4404 per
1404 4324 1895 4404 pmparationem
1927 4344 1961 4386 a
1994 4326 2110 4387 Do-

2215 4330 2445 4410 τέφυκεν.
2498 4332 2646 4389 Ἐπεὶ
2703 4340 2791 4390 06v
2822 4332 2927 4401 ἤδη
2962 4333 3295 4390 τετελείωται
3327 4333 3409 4390 διὰ
3459 4336 3550 4390 τὸν
3578 4336 3722 4413 παρά
3754 4344 3850 4393 106

476 4411 639 4474 mino
656 4411 865 4474 factam
882 4412 1006 4491 jam
1031 4411 1339 4475 absolutus
1362 4431 1577 4474 cervus
1609 4422 1721 4483 est,
1745 4414 1845 4494 qui
1878 4416 1929 4476 ei
1960 4417 2110 4477 assi-

2215 4419 2384 4498 {uplou
2447 4442 2731 4500 γενομενον
2792 4426 3158 4497 καταατισμὸν
3216 4426 3250 4491 ἡ
3306 4423 3535 4504 ἔλαφος,
3590 4427 3617 4481 ὀ
3661 4411 3849 4504 ’ταύτῃ

479 4501 715 4563 milatur
738 4501 934 4581 justus
984 4502 1205 4563 revelat
1262 4502 1586 4576 condensa,
1622 4510 1685 4563 ut
1731 4503 1861 4564 vitae
1899 4515 2115 4566 nostra)

2215 4510 2544 4585 νμοιούμενος
2581 4510 2779 4576 δίκαιος
2834 4511 3202 4569 ἀποκαλύπτει
3264 4514 3385 4574 τοὺς
3432 4501 3695 4590 δρυμοὺς,
3751 4501 3848 4570 ἵνα

477 4598 857 4671 corruptores
884 4591 1031 4652 nudi
1062 4600 1119 4652 et
1147 4590 1409 4672 expediti
1443 4590 1825 4669 objiciantur.
1882 4591 1950 4653 Et
1979 4594 2118 4673 quia

479 4679 746 4760 Lignum
762 4680 1122 4760 omne,quod
1133 4698 1254 4743 non
1267 4680 1417 4759 facit
1426 4682 1691 4758 fructum
1714 4683 2117 4755 bonum,exci-

2212 4600 2399 4675 γυμνοὶ
2457 4603 2545 4657 καὶ
2615 4600 2818 4677 ἕτοιμοι
2875 4599 3239 4681 παραδοθῶσιν
3315 4606 3361 4658 οἱ
3412 4604 3681 4681 φθαρτικοὶ
3746 4608 3847 4670 τῆς

2216 4693 2360 4758 ζωῆς
2428 4691 2603 4765 ἡμῶν,
2687 4692 2785 4749 Καὶ
2857 4689 3041 4758 ἐπειδὴ
3116 4698 3223 4747 Πᾶν
3285 4691 3433 4757 ξύλον
3506 4715 3583 4766 μη
3662 4700 3850 4748 ποιοῦν

563 4814 796 4879 NLuc.
821 4830 881 4895 x,
918 4812 1013 4878 19.
1043 4813 1107 4866 95
1135 4814 1292 4877 Psal.
1327 4832 1420 4897 xc,
1452 4815 1549 4880 t3.
1600 4815 1664 4866 96
1698 4817 1855 4879 Psal.
1883 4832 2007 4891 cui,
2045 4819 2115 4880 18

2221 4822 2247 4869 7
2276 4821 2431 4885 Psal.
2458 4840 2577 4900 xu,
2611 4824 2673 4887 2.
2722 4824 2786 4875 98
2814 4823 3075 4905 Philipp.
3108 4842 3196 4899 ni,
3232 4827 3326 4888 14.
3367 4825 3619 4887 99Prov.
3656 4842 3716 4899 v,
3748 4827 3845 4889 t9.

571 4946 684 5025 (16)
714 4945 800 5008 Ita
832 4945 1005 5027 Regii
1034 4948 1329 5027 secundus
1361 4954 1419 5009 et
1440 4956 1680 5027 quartus
1711 4966 1845 5008 cum
1881 4948 2121 5012 Colber-

490 5031 615 5089 tino
645 5035 833 5089 sexto.
866 5025 1023 5088 Editi
1053 5045 1189 5089 cum
1250 5025 1545 5094 aliquibus
1604 5046 1747 5090 mss.
1802 5030 2124 5094 ἀποδουναι.

492 5105 761 5187 Subinde
789 5104 958 5187 Colb.
980 5104 1017 5166 2
1045 5109 1296 5187 τοιαύτης
1320 5104 1510 5187 ἔλαχε,
1532 5126 1650 5168 non
1670 5108 1898 5169 diverso
1925 5128 2127 5173 sensu.

2292 4954 2412 5036 (20)
2445 4956 2512 5018 In
2542 4956 2774 5019 duobus
2816 4973 2958 5019 mss.
3020 4956 3239 5036 legitur
3294 4958 3471 5034 ὥσπερ
3514 4957 3613 5034 γὰρ
3664 4957 3847 5020 aut—.01.

2213 5034 2423 5096 Statim
2448 5043 2567 5097 tres
2598 5056 2740 5098 mss.
2789 5034 3140 5114 κιῃρημένον.
3172 5036 3293 5099 Alii
3325 5054 3465 5097 mss.
3500 5054 3634 5097 cum
3667 5037 3850 5098 editis

2214 5115 2518 5197 διῃρμέγον.
2553 5117 2735 5180 Paulo
2771 5125 2905 5197 post
2932 5116 3099 5179 Colh.
3138 5124 3379 5197 quartus
3435 5114 3612 5177 habet
3661 5121 3850 5195 σοφίας

576 5184 1654 5274 (1.7)NotatDucaeussimilequiddam
1672 5188 1744 5249 do
1766 5189 1958 5250 cervis
1977 5192 2131 5272 apud
2219 5184 2325 5274 pro
2339 5184 2549 5274 φιλίας,

494 5264 753 5348 Plinium
787 5267 1042 5348 narrari,
1074 5276 1133 5329 et
1162 5268 1315 5348 apud
1348 5264 1674 5331 Elianum.

571 5347 696 5429 ()8)
725 5347 817 5429 ita
842 5346 1108 5429 quinque
1136 5346 1279 5429 mss.
1314 5366 1446 5409 cum
1484 5348 1744 5411 editione
1776 5348 2129 5415 Dasileensi.

508 5424 696 5514 ιόίῑὶο
724 5424 913 5514 Paris:
973 5424 1687 5514 παραλαμϐάνεται.-Ιῐιῖι“ἃ
1748 5430 1919 5514 illud,
1952 5433 2135 5514 πάλιν,

2304 5274 2598 5356 (21)Hunc
2614 5276 2807 5356 locum
2830 5276 3347 5356 legitAugustinus
3361 5276 3443 5337 ita
3457 5284 3520 5337 ut
3535 5276 3847 5356 vertimus.

2220 5352 2490 5437 Vulgata,
2503 5357 2573 5418 Et
2588 5355 2873 5419 reuelabit
2888 5352 3210 5437 condehso.
3222 5356 3406 5419 Paulo
3422 5364 3553 5435 post
3573 5354 3853 5437 ubi_legi-

2220 5435 2406 5515 tur_in
2441 5435 2646 5497 multis
2677 5455 2818 5499 mss.
2856 5446 2913 5497 et
2940 5436 2999 5497 in
3035 5436 3215 5500 editis
3247 5439 3562 5515 συμφύτους,
3598 5435 3855 5498 habetur

491 5510 661 5571 deest
679 5507 739 5567 in
763 5503 1001 5569 duobus
1027 5503 1167 5569 mss.
1190 5506 1457 5571 Subinde
1478 5503 1936 5587 Reg.secundus
1968 5513 2116 5572 ἀκού-

2220 5515 2281 5576 in
2298 5513 2516 5578 Catena
2538 5516 2899 5580 Corderiana
2922 5518 3276 5596 ἀσυμφύτους,
3301 5503 3429 5578 sine
3460 5503 3676 5579 ordine
3703 5535 3851 5579 oon-

740 5662 1071 5728 Colbertini
1117 5665 1413 5728 secundus
1442 5676 1500 5730 et
1532 5678 1774 5749 quartus
1806 5670 1889 5728 ἐπὶ
1932 5674 1992 5728 τὸ
2017 5670 2126 5729 ἅνω

496 5745 651 5809 Βοαϐ.
705 5743 905 5808 bidem
929 5761 1036 5804 vox
1056 5744 1154 5809 ἆργ
1166 5744 1227 5809 ἀς
1248 5749 1655 5809 atvnozraoho
1682 5750 1905 5809 omissa
1934 5752 2126 5809 fuerat

496 5743 909 5830 βρίθῃιβίάθῐὲ
929 5761 1036 5830 V0}
1056 5744 1227 5824 ἀρχάς
1248 5763 1283 5806 a
1297 5743 1655 5830 typographo
1682 5750 1905 5815 omissa
1934 5752 2126 5816 fuerat

497 5822 561 5891 in
578 5825 842 5891 editione
868 5822 1056 5886 Paris.

2207 5596 2476 5658 sita.Etsi
2495 5604 2689 5659 autem
2726 5597 3020 5678 scriptura
3052 5597 3225 5678 plane
3256 5597 3489 5658 diversa
3516 5606 3852 5678 est.sensus

2208 5681 2413 5737 tamen
2444 5678 2657 5740 eodem
2693 5675 2872 5739 redit.
2898 5675 3067 5749 Quod
3094 5678 3254 5739 enim
3286 5695 3321 5738 a
3344 5685 3550 5737 natura
3563 5677 3697 5738 sine
3718 5687 3854 5737 arte

2209 5755 2578 5899 prlodtucitur,
2612 5758 2669 5820 id
2724 5760 3065 5839 promiscue
3124 5766 3186 5820 et
3229 5759 3358 5819 sine
3414 5757 3627 5818 ordine
3680 5757 3851 5819 nasci

2209 5853 2274 5898 so
2299 5853 2333 5898 ο
2371 5885 2385 5899 .

2208 5853 2385 5901 εοιθι.
