4102 6224
285 390 399 454 31³7
1398 388 1725 452 HOMILIA
1767 384 1847 450 IN
1893 384 2277 452 PSALMUM.
2324 385 2539 453 XXIX.
3535 395 3656 461 318

278 527 486 605 ἀρετὰς,
548 523 998 589 ἐπακολουθοῦσας
1058 537 1177 588 ταῖς
1235 527 1295 580 ἒκ
1356 524 1745 602 θεωρημάτων,
1788 524 1932 583 Κατὰ

2030 540 2171 596 mur,
2207 542 2341 606 quae
2367 523 2743 587 formidanda
2773 532 2932 602 sunt,
2966 535 3066 588 aut
3099 546 3219 590 non
3255 529 3652 596 formidanda.

278 617 377 694 γὰρ
424 616 523 682 τὴν
583 615 904 693 συμμετρίαν
963 615 1049 669 καὶ
1108 614 1360 690 ἁρμονίαν
1428 621 1533 670 τῶν
1590 619 1690 681 τῆς
1743 615 1924 694 ψυχῆς

2030 611 2230 704 Verum
2250 614 2415 676 aiunt
2437 615 2947 695 pulchritudinem
2965 635 3033 677 ac
3055 617 3241 679 robur
3261 620 3506 683 virtutes
3519 642 3653 704 spe-

275 704 662 782 θεωρημάτῶν,
715 703 843 758 ἔνιοι
903 709 1007 758 τῶν
1054 704 1230 778 σουρῶν
1296 704 1577 771 νενοήκασί
1609 705 1668 758 τὸ
1700 702 1919 767 κάλλος·

2030 703 2312 761 :ulatrlces
2330 718 2445 761 non
2460 719 2740 770 esse,cum
2763 705 3365 774 sintspeculatricibus
3384 702 3659 780 posterio-

273 797 411 850 κατὰ
479 791 533 848 δὲ
583 797 644 850 τὸ
699 792 1114 850 ἀποτελεστικὸν
1166 801 1272 848 τῶν
1349 790 1793 867 ὑποϐαλλομένων
1868 794 1927 848 ἐκ

2030 794 2288 854 'es.Nam
2305 808 2374 851 ex
2389 791 2800 852 convenientia
2818 793 3284 873 harmoniaquel
3301 798 3657 862 QBcontem-

274 887 380 939 τῶν
429 885 768 959 θεωρητικῶν
826 883 1050 958 ἀρετῶν,
1103 883 1200 949 τὴν
1262 884 1418 961 ίσχῦν
1468 881 1926 951 νενοήκασι.11λὴν

2030 879 2334 943 )Iationum
2349 879 2884 958 anirnaa.sapientes
2897 880 3135 959 quidem
3155 884 3652 961 pulchritudinem

279 974 368 1028 ἵνα
439 974 528 1028 καὶ
580 972 776 1034 κάλλος
850 971 1158 1048 ἐπιγένηται
1220 978 1287 1046 τῇ
1342 977 1520 1050 ψυχῇ,
1579 974 1667 1028 καὶ
1711 972 1926 1046 δύναμις

2040 969 2442 1029 ntellexerunt
2475 992 2486 1024 :
2516 979 2572 1029 at
2590 986 2731 1029 vero
2756 986 2825 1029 ex
2849 969 2903 1028 vi
2927 969 3222 1032 efficiente
3246 993 3452 1037 eorum
3472 997 3606 1056 quae
3625 999 3658 1040 a

277 1068 384 1118 τῶν
445 1060 668 1118 δεόντων
729 1060 1122 1133 ἐπιτελεστικὴ,
1183 1062 1321 1123 θείας
1375 1062 1444 1124 εἰς
1502 1068 1653 1116 τοῦτο
1709 1061 1930 1140 χάριτος

2030 1057 2331 1120 virtutibus
2348 1057 2847 1138 speculatricibus
2863 1064 3488 1142 proponuntur,robur
3502 1087 3657 1128 com-

280 1153 573 1230 χρῄζομεν,
610 1149 703 1214 Ὠς
768 1151 936 1206 τοίνυν
981 1150 1090 1205 ἅνω
1148 1148 1388 1227 εἴρηκεν,
1451 1148 1576 1207 ’Ὅτι
1634 1152 1745 1220 ζωὴ
1776 1149 1830 1203 ἐν
1859 1157 1934 1222 τῷ

2030 1148 2200 1208 menti
2233 1157 2390 1207 sunt.
2413 1149 2840 1207 Verumtamen
2865 1154 2926 1206 ut
2956 1157 3014 1208 et
3035 1148 3218 1211 decor
3237 1152 3450 1214 animm
3480 1175 3656 1219 acce—

279 1240 542 1314 θελήματι
600 1243 778 1297 αὐτοῖν
843 1238 984 1295 οὕτω
1042 1246 1128 1294 νὺν
1189 1241 1320 1313 ὑψοϊ
1392 1241 1480 1293 τὸν
1540 1240 1670 1293 Θεὸν
1717 1237 1800 1294 διὰ
1828 1244 1928 1304 τῆς

2030 1238 2137 1308 iat,
2172 1249 2229 1296 et
2260 1235 2415 1297 adsit
2451 1237 2530 1296 vis
2563 1255 2768 1297 eorum
2819 1255 2950 1316 qua;
2980 1237 3160 1299 officii
3204 1251 3342 1303 sunt
3369 1246 3654 1323 eerctrix,

281 1332 621 1410 εὐχαριστίας
676 1329 846 1408 λέγων
893 1329 1061 1406 λέγω)
1126 1327 1270 1407 (65),
1305 1327 1385 1383 ὅτι
1444 1327 1534 1384 Ἐν
1565 1335 1640 1402 τῷ
1670 1327 1929 1404 θελήματί

2030 1325 2184 1386 iobis
2198 1325 2269 1384 ad
2293 1326 2406 1386 hoc
2428 1343 2579 1403 Opus
2603 1333 2693 1386 est
2715 1324 2915 1385 divina
2935 1328 3142 1404 gratia.
3178 1327 3251 1392 Ut
3277 1331 3456 1411 igitur
3481 1347 3653 1398 antea

281 1443 375 1477 σου
411 1421 686 1500 παρέσχου
720 1427 812 1493 ,τῷ
855 1418 1046 1475 κᾶλλει
1079 1441 1177 1493 μου
1221 1417 1461 1491 δύναμιν,
1502 1417 1672 1481 Καλὸς
1705 1418 1798 1492 μὲν
1829 1419 1928 1496 γὰρ

2031 1415 2180 1489 lixit,
2209 1413 2515 1488 Quoniam
2541 1416 2668 1476 vita
2700 1417 2766 1474 in
2796 1416 3115 1478 voluntate
3161 1421 3290 1496 eius
3321 1424 3445 1484 :sic
3502 1444 3659 1491 nunc

284 1509 434 1585 ἤμην
475 1512 612 1565 κατὰ
669 1511 768 1576 τὴν
823 1511 998 1588 φύσιν,
1051 1509 1274 1571 ἀσθενὴς
1327 1505 1381 1563 δὲ
1442 1506 1526 1563 διὰ
1570 1510 1630 1563 τὸ
1689 1508 1740 1572 ἐξ
1812 1508 1934 1563 ἐπι-

2030 1503 2201 1564 Deum
2226 1504 2542 1582 gratiarum
2571 1503 2807 1565 actione
2839 1505 3052 1565 exaltat
3075 1491 3281 1569 dicens
3312 1528 3324 1572 :
3353 1511 3427 1574 In
3452 1515 3656 1577 uolun‘

284 1597 480 1666 ϐουλῆς
537 1607 628 1657 τ›ὕ
703 1598 874 1678 ὄφεως
953 1601 1277 1675 νεκρωθῆναι
1353 1605 1429 1671 τῷ
1515 1597 1928 1673 παραπτώματι,

2030 1602 2131 1654 rate
2163 1602 2264 1656 tua
2295 1595 2640 1672 praestitisti
2669 1594 2880 1656 decori
2912 1614 3038 1655 meo
3075 1600 3382 1662 uirtutem.
3412 1605 3660 1666 Pulcher

286 1689 374 1762 Τῷ
422 1688 509 1743 οὖν
553 1687 736 1743 κάλλει
783 1711 907 1766 μου,
961 1687 988 1742 ὃ
1047 1688 1189 1764 παρὰ
1222 1693 1314 1743 σοῦ
1346 1683 1531 1742 ἔλαϐον
1577 1686 1636 1741 ἐκ
1665 1686 1759 1754 τῆς
1795 1686 1933 1764 πρώ-

2030 1682 2258 1762 1uidem
2292 1701 2452 1744 eram
2485 1683 2814 1743 secundum
2847 1691 3156 1763 naturam;
3187 1690 3291 1749 sed
3315 1690 3651 1768 languidus.

282 1801 384 1845 της
441 1777 791 1856 κατασκευῆς,
850 1779 1178 1856 προσέθηκας
1217 1776 1433 1852 δύναμιν
1464 1778 1562 1844 τὴν
1621 1785 1728 1833 τῶν
1779 1776 1930 1833 δεόν-

283 1890 392 1923 των
438 1870 735 1945 πρακτικήν
783 1864 926 1947 (66).
992 1866 1141 1936 Καλή
1201 1868 1298 1943 μὲν
1353 1867 1440 1922 οὖν
1497 1873 1639 1923 πᾶσα
1692 1868 1844 1946 φυγὴ
1895 1869 1928 1934 ἡ

284 1957 338 2013 ἐν
398 1959 730 2036 συμμετρίαᾳ
781 1960 888 2013 τῶν
937 1957 1142 2012 οἰκείων
1201 1954 1470 2031 δυνάμεων
1549 1955 1921 2034 ’θεωρουμένη-

283 2046 490 2111 κάλλος
557 2046 608 2101 δὲ
677 2047 952 2118 ἀληθινὸν,
1010 2049 1097 2102 καὶ
1165 2046 1584 2123 ἐρασμιώτατον,

281 2140 376 2194 τον
437 2143 549 2192 νοῦν
603 2135 976 2212 κεκαθαρμένῳ
1033 2137 1320 2214 θεωρητὸς),
1367 2137 1426 2191 τὸ
1485 2138 1600 2214 περὶ
1651 2137 1749 2202 τὴν
1791 2136 1931 2191 θείαν

285 2229 374 2282 καὶ
430 2227 690 2303 μακαρίαν
749 2227 920 2305 φύσιν.
980 2229 1052 2283 Οὐ
1100 2229 1123 2280 ὃ
1168 2225 1466 2288 ἒνατενίσας
1541 2239 1662 2288 ταῖς
1720 2247 1940 2300 μαρμα-

1640 2048 1786 2121 μόνῳ
1858 2049 1932 2118 τῷ

289 2318 488 2393 ρυγαῖς
548 2317 633 2371 καὶ
688 2327 810 2378 ταῖς
873 2316 1082 2394 χάρισί,
1138 2313 1533 2389 μεταλαμϐάνει
1585 2338 1634 2371 τι
1695 2313 1794 2368 ἀω³
1843 2317 1940 2372 αὐ-

286 2413 400 2478 τοῦ,
450 2405 628 2481 ὥσπερ
685 2405 789 2460 ἀπό
845 2426 986 2467 τινος
1031 2405 1229 2483 βαφῆς,
1281 2403 1480 2480 αἴγλην
1538 2405 1655 2460 τινα
1714 2403 1940 2480 ἀνθηρὰν

315 2497 331 2516 9
435 2495 448 2512 Ἰ
773 2493 796 2513 Ἰ
1207 2493 1227 2514 Ἰ
1477 2493 1507 2511 Ιῒ
1684 2516 1695 2525 .
1754 2494 1767 2514 ‘
1829 2516 1832 2526 ἶ
1891 2501 1909 2508 -

289 2516 364 2558 εις
395 2516 493 2561 την
521 2494 715 2551 οἰκείαν
763 2498 886 2568 οψιν
917 2494 1415 2572 ἁναχρωννυμενος.
1515 2497 1641 2550 Οθεν
1687 2515 1772 2548 και
1803 2501 1942 2548 Μου-

291 2585 419 2664 σῆς,
471 2591 546 2658 τῷ
594 2583 980 2663 μετειληφέναι
1045 2590 1136 2639 τοῦ
1189 2582 1414 2642 κάλλοδς
1478 2582 1676 2638 ἐκείνου
1755 2582 1808 2637 ἐν
1863 2590 1940 2656 τῷ

290 2672 508 2748 ὁμιλεῖν
563 2678 699 2748 Θεῷ,
755 2670 1002 2738 ἐδοξάσθη
1056 2673 1118 2728 τὸ
1170 2671 1478 2748 πρόσωπον,
1513 2669 1573 2727 Ὀ
1624 2673 1710 2726 οὖν
1756 2670 1938 2726 αἰσθό-

292 2785 454 2838 μενος
510 2767 606 2829 τῆς
665 2761 852 2818 ἑαυτοῦ
889 2761 1103 2840 ἀρετῆς,
1157 2762 1253 2828 τὴν
1304 2763 1683 2839 εὖχαριστικην
1741 2760 1936 2825 ταύτην

288 2852 476 2931 ἀφίησι
538 2853 740 2930 φωνήν,
801 2852 983 2929 Κύριε,
1048 2851 1101 2905 ἐν
1158 2858 1234 2924 τῷ
1317 2849 1578 2922 θελήματί
1648 2871 1739 2905 σου
1799 2871 1938 2927 παρ-

294 2943 464 3021 έσχοο
526 2950 600 3014 τῷ
647 2939 831 2996 κάλλει
911 2962 1017 3014 μαυ
1096 2940 1333 3012 δύναμιν
1403 2937 1602 3016 Ὠσπερ
1687 2937 1739 2993 δὲ
1823 2951 1942 3000 ταῖς

291 3035 659 3108 θεωρητικαῖς
722 3030 936 3108 ἀρεταῖς
989 3030 1308 3107 ἀνθεώρητοι
1356 3027 1714 3101 ἆκολουθούσι,
1766 3027 1826 3082 τό
1887 3049 1944 3083 τε

293 3119 496 3183 κάλλος
547 3122 633 3174 καὶ
702 3121 736 3187 ἡ
795 3117 1012 3192 δύναμις
1049 3168 1065 3192 ,

291 3210 614 3287 ἀθεώρητοι²
667 3206 702 3274 ἤ
759 3229 816 3262 τε
875 3210 1166 3286 αἰσχρότης
1224 3209 1311 3263 καὶ
1363 3209 1392 3275 ἦ
1444 3207 1704 3264 ἀσθένεια.
1753 3208 1811 3264 Τί
1842 3207 1940 3285 γὰρ

293 3300 595 3377 ἀωρότερον
653 3297 740 3352 καὶ
793 3293 1178 3375 εἰδεχθέστερον
1229 3302 1414 3376 χυχῆς
1471 3296 1760 3370 ἐμπαθοῦςς
1821 3294 1939 3352 ’Ἴδε

292 3410 384 3462 μοι
440 3388 532 3441 τὸτ
577 3385 925 3460 θυμούμενον,
988 3386 1074 3440 καὶ
1133 3385 1225 3451 τὴν
1297 3387 1352 3440 ἐν
1429 3386 1570 3457 αὒτῷ
1625 3384 1937 3463 ἀγριότητα.

295 3475 494 3531 Θέασαι
551 3475 642 3530 τὸν
691 3472 1040 3552 λυπούμενον,
1101 3475 1183 3529 καἶ
1241 3475 1304 3529 τὸ
1363 3473 1416 3529 ἐν
1494 3475 1634 3546 αὐτῷ
1692 3477 1940 3531 ταπεινὸν

293 3566 384 3622 καὶ
445 3564 834 3638 συμπεπτωκὸς
892 3567 991 3629 τῆς
1047 3563 1256 3642 ψυχῆς.
1310 3564 1410 3619 Τὸν
1469 3560 1521 3615 δε
1581 3561 1847 3638 λαγνείαις
1907 3563 1942 3631 ἢ

311 3652 743 3732 γαστριναργίαις
799 3651 1223 3708 ὑποπεπτωκότα
1258 3700 1271 3721 ,
1325 3650 1356 3718 ἢ
1425 3649 1603 3730 φόϐοις
1664 3650 1943 3726 ἐπτοημέ-

309 3765 424 3822 νον,
476 3743 552 3805 τίς
603 3741 662 3796 ἂν
705 3741 790 3798 καὶ
839 3739 1169 3820 προσϐλέψαι
1203 3741 1514 3820 ἀνάσχοιτο;
1574 3737 1944 3806 διαϐαινούσης

299 3832 466 3910 μέγρι
538 3837 645 3886 τῶν
697 3831 937 3907 περάτων
991 3840 1084 3889 τοῦ
1133 3829 1380 3905 σώματος
1441 3830 1539 3897 τῆς
1598 3831 1732 3884 κατὰ
1763 3830 1944 3908 ψυχὴν

297 3922 605 3983 διαθέσεως·
665 3919 842 3999 ὥσπερ
873 3922 960 3976 οὖν
990 3923 1078 3976 καὶ
1122 3921 1186 3977 τὰ
1233 3919 1351 3998 (67)
1417 3918 1554 3999 ἴχνη
1587 3926 1678 3975 τοῦ
1718 3917 1945 3982 κάλλους

297 4015 401 4077 τῆς
454 4015 636 4089 ψυχῆς
693 4009 748 4064 ἐν
805 4010 873 4084 τῇ
922 4010 1241 4065 καταστάσει
1273 4008 1364 4064 τοῦ
1395 4009 1546 4086 ἁγίου
1595 4005 1940 4086 διαφαίνεται,

298 4100 633 4179 Προνοητέον
663 4099 832 4155 τοίνυν
887 4107 979 4155 τοῦ
1027 4097 1256 4162 κάλλους
1306 4102 1466 4173 ἡμῖν,
1512 4096 1603 4153 ’ίνα
1633 4099 1718 4152 καὶ
1751 4097 1776 4151 ὁ
1811 4119 1944 4172 νυμ-

299 4193 418 4272 φίος
450 4191 619 4266 Λόγος
651 4186 1037 4263 ἀποδεξάμενος
1093 4189 1236 4263 ἡμᾶς
1287 4187 1444 4264 εἴπῃο
1510 4185 1664 4253 ’Ὀλη
1723 4185 1864 4252 καλῆ
1907 4188 1942 4254 ἡ

299 4280 526 4347 πλησίον
558 4301 683 4354 μου,
723 4278 810 4333 καὶ
841 4280 1030 4351 μῶμος
1061 4279 1155 4333 οὔκ
1186 4275 1324 4332 ἔστιν
1355 4280 1408 4332 ὲν
1438 4277 1540 4338 σοί,

2017 1781 2333 1852 propterea
2360 1773 2514 1851 quod
2538 1790 2609 1833 ex
2644 1772 2939 1850 serpentis
2969 1773 3205 1837 insidiis
3229 1791 3468 1856 peccato
3494 1801 3658 1845 mor-

2018 1870 2152 1922 tuus
2175 1879 2360 1924 eram.
2386 1860 2827 1922 Pulchritudini
2860 1879 2998 1940 ergo
3031 1883 3202 1940 meae,
3226 1885 3399 1948 quam
3427 1891 3498 1933 ex
3525 1874 3659 1935 tein

2017 1954 2208 2030 prima
2237 1951 2542 2013 creatione
2580 1951 2808 2030 accepi,
2834 1951 3114 2013 addidisti
3141 1955 3651 2034 virtutem,eorum

2018 2059 2147 2120 quae
2163 2040 2235 2102 ad
2251 2040 2507 2101 ofﬁcium
2525 2039 2826 2130 pertinent
2839 2040 3472 2109 efficientemPulchra
3487 2050 3662 2130 igitur

2024 2138 2112 2190 est
2127 2130 2325 2190 anima
2343 2130 2702 2218 omnis,quaa
2722 2128 2785 2218 in
2800 2131 3173 2218 propriarum
3188 2134 3471 2198 virtutum
3487 2128 3660 2218 εγω..

2025 2218 2231 2279 metris
2271 2217 2657 2296 conspicitur.
2688 2217 3070 2279 Pulchritudo
3099 2231 3293 2283 autem
3327 2217 3659 2300 vera,ama-

2025 2307 2460 2383 bilissimaque,
2490 2325 2668 2384 quam
2701 2307 2748 2366 is
2778 2305 2942 2367 solus
2991 2310 3096 2385 qui
3142 2329 3346 2388 puram
3403 2329 3658 2379 mentem

2025 2397 2202 2458 habet
2225 2396 2616 2477 contemplari
2643 2404 2858 2476 potest,
2881 2397 3040 2458 circa
3061 2399 3319 2463 divinam
3341 2423 3408 2465 ac
3433 2405 3661 2469 beatam

2025 2494 2293 2548 naturam
2327 2486 2617 2547 consistit.
2675 2486 2856 2574 Gujus
2905 2487 3162 2565 fulgores
3194 2501 3252 2552 et
3298 2495 3515 2571 gratias
3567 2499 3665 2574 qui

2023 2576 2251 2637 intente
2272 2575 2680 2655 conspexerit,
2704 2573 2776 2634 ab
2807 2593 2876 2635 ea
2903 2581 3061 2636 velut
3091 2578 3163 2640 ab
3195 2579 3390 2662 aliqua
3415 2573 3668 2647 tinctura

2025 2663 2298 2724 nonnihil
2323 2662 2931 2736 mutuatur,f1oridum
2953 2667 3269 2740 quemdam
3285 2671 3662 2750 splendorem

2028 2755 2084 2812 in
2119 2753 2422 2832 propriam
2457 2752 2664 2813 faciem
2699 2752 3074 2832 imprimens.
3129 2754 3297 2819 Unde
3353 2769 3410 2820 et
3453 2761 3664 2842 MoySIs

2027 2843 2208 2904 facies
2230 2843 2406 2903 simul
2424 2851 2598 2923 atque
2629 2861 2705 2902 ex
2731 2842 3009 2904 familiari
3034 2864 3166 2905 cum
3189 2846 3310 2908 Deo
3341 2868 3664 2930 congressu

2030 2932 2492 3014 pulchritudinis
2521 2931 2680 2992 illius
2719 2931 3008 3011 particeps
3035 2934 3166 3011 fuit,
3197 2937 3514 3002 clariticata
3547 2954 3660 3005 est.

2028 3020 2285 3083 Proinde
2318 3022 2550 3083 virtutis
2577 3039 2698 3082 sua}
2722 3022 2822 3101 qui
2840 3022 3117 3084 conscius
3140 3037 3250 3100 est,
3286 3028 3440 3090 hanc
3462 3049 3664 3093 vocem

1148 3123 1312 3180 οὕτως
1399 3121 1494 3174 εἰσί
1565 3140 1704 3180 τινες
1763 3118 1941 3173 κακίαι

2030 3120 2224 3188 grates
2253 3110 2684 3190 rependentem
2709 3109 2941 3172 emittit:
2972 3113 3246 3188 Domine,
3271 3118 3336 3178 in
3358 3122 3670 3182 voluntate

2024 3209 2129 3262 tua
2141 3201 2832 3280 prcestitistz‘decorimeo
2849 3201 3664 3274 virtutemQuemadmodum

2024 3298 2222 3352 autem
2241 3309 2327 3351 eae
2351 3291 2594 3350 virtutes
2616 3306 2746 3368 quae
2775 3288 2838 3348 in
2869 3293 3372 3371 contemplatione
3397 3298 3526 3359 sita;
3545 3318 3665 3360 non

2025 3389 2182 3461 sunt,
2215 3380 2458 3440 virtutes
2483 3377 2908 3457 speculatrices
2933 3392 3292 3460 sequuntur,
3322 3399 3462 3465 puta
3485 3391 3668 3450 decor

2026 3478 2084 3530 et
2112 3469 2452 3531 roburzsic
2482 3476 2619 3529 sunt
2669 3467 2940 3544 quaedam
2993 3470 3128 3531 vitia
3178 3477 3668 3556 contemplationi

2027 3578 2147 3620 non
2169 3557 2931 3637 subjecta,nempef<editas
2949 3567 3006 3618 et
3022 3559 3481 3636 debilitas.Quid
3506 3567 3665 3627 enim

2029 3646 2398 3709 invenustius
2428 3665 2497 3708 ac
2527 3646 2858 3708 deformius
2882 3646 3078 3708 dedita
3107 3650 3417 3714 affectibus
3441 3655 3668 3718 anima?

2027 3736 2679 3818 Vide,quaeso,iratum,
2708 3744 2765 3795 et
2788 3753 2916 3796 eam
2944 3756 3120 3817 quam
3154 3759 3277 3820 pra;
3297 3761 3360 3804 se
3381 3743 3496 3807 fert
3517 3747 3666 3808 feri-

2032 3835 2233 3890 tatem.
2270 3828 2527 3889 Tristem
2587 3842 2662 3917 ac_
2713 3833 2986 3917 maestum
3049 3833 3386 3912 considera,
3422 3836 3671 3917 ejusque

2031 3917 2454 3979 demissionem
2485 3921 2543 3975 et
2568 3913 2752 3974 animi
2781 3915 3178 3993 abjectionem
3229 3920 3485 3987 intuere.
3520 3913 3665 3997 Quis

2030 4025 2163 4068 vero
2185 4005 2423 4067 libidini
2441 4012 2541 4065 aut
2565 4003 2716 4083 gulae
2743 4003 3190 4089 inservientem,
3221 4024 3326 4071 aut
3346 4017 3668 4078 terroribus

2029 4102 2498 4174 consternatum,
2521 4094 2610 4154 vel
2636 4093 2907 4172 aspicere
2931 4107 3108 4171 queat
3129 4105 3156 4159 ‘8
3181 4117 3316 4161 cum
3347 4102 3470 4165 haec
3489 4105 3671 4167 animi

2028 4185 2260 4247 affectio
2281 4185 2354 4247 ad
2385 4192 2652 4246 extrema
2667 4201 2856 4274 usque
2879 4186 3146 4264 corporis
3157 4192 3672 4274 pervadat,quem-

2027 4275 2348 4338 admodum
2365 4295 2397 4338 e
2414 4273 2716 4337 contrario
2742 4274 2989 4354 vestigia
3011 4279 3190 4340 etiam
3211 4273 3680 4361 pulchritudinis

298 4369 515 4430 animae
535 4367 597 4428 in
618 4365 733 4426 viri
763 4365 952 4455 sancti
975 4364 1181 4455 habitu
1207 4364 1622 4455 resplendent.
1659 4364 2074 4455 Comparanda
2103 4365 2302 4446 itaque
2337 4365 2509 4428 nobis
2534 4373 2622 4455 est
2641 4363 2845 4425 isthaec
2896 4365 3297 4449 pulchritudo,
3331 4381 3390 4435 ut
3422 4393 3678 4455 sponsus

301 4457 568 4519 Verbum
600 4453 934 4536 approbans
957 4473 1066 4516 nos
1095 4454 1252 4517 dicat
1283 4475 1297 4515 :
1343 4453 1489 4517 Tota
1508 4454 1788 4537 pulchra,
1812 4457 2107 4536 proxima
2139 4473 2308 4534 mea,
2334 4463 2393 4519 et
2423 4453 2662 4518 macula
2692 4473 2813 4518 non
2833 4463 2922 4519 est
2952 4461 3016 4521 in
3047 4471 3100 4524 te
3127 4465 3211 4525 38.

382 4550 443 4608 6.
505 4545 875 4622 Ἀπέστρεψας
935 4543 988 4599 δὲ
1048 4547 1108 4600 τὸ
1166 4545 1450 4622 πρόσωπόν
1511 4567 1626 4620 σου,
1680 4547 1767 4602 καὶ
1818 4545 1940 4626 ἐγε-

2109 4545 2167 4605 6.
2203 4545 2496 4637 Apertist-i'
2526 4552 2729 4637 autem
2747 4550 2966 4624 [aciem
3010 4557 3195 4629 tuam,
3232 4563 3292 4619 et
3312 4559 3512 4637 factus
3541 4578 3676 4622 sum

300 4638 468 4706 νήθην
551 4633 962 4713 τεταραγμένος.
1016 4633 1176 4698 ’Ἕως
1261 4633 1358 4710 μὲν
1440 4632 1552 4708 ὅτε,
1638 4636 1819 4714 φησὶν,
1895 4638 1946 4692 αἱ

303 4728 522 4788 ἆκκτνες
563 4729 661 4790 τῆς
711 4723 1006 4793 ἐπισκοπῆς
1050 4746 1142 4780 σου
1203 4721 1515 4800 ἑπέλαμπόν
1565 4747 1654 4800 μοι
1690 4771 1706 4799 ,
1767 4724 1820 4782 ἐν
1853 4729 1944 4784 εὖ-

389 4891 444 4936 ³³
469 4892 638 4956 Cant.
663 4908 750 4974 ιν,
781 4893 845 4955 7.

389 5053 520 5135 (ὃὸ)
556 5054 705 5129 Reg.
759 5052 1064 5117 secundus
1114 5055 1168 5111 ἐν
1220 5061 1296 5130 τῷ
1331 5053 1592 5135 θελήματί
1642 5072 1754 5112 σου⁶
1820 5055 1957 5113 οὕτω

312 5133 562 5210 νῦνῦψνοϊ
592 5136 683 5189 τὸν
733 5135 863 5215 Θεδν
917 5135 998 5192 διὰ
1042 5141 1141 5202 τῆς
1199 5133 1423 5215 χάριτος
1483 5134 1677 5213 λέγων.
1729 5135 1956 5199 Ibidem

311 5215 493 5282 editio
546 5220 751 5276 nostra
805 5211 992 5277 Paris.
1044 5211 1352 5296 παράὰᾗόυ.
1415 5211 1582 5278 Multi
1637 5234 1779 5280 mss.
1812 5241 1956 5298 παρ-

312 5301 498 5378 ἐσχουΑ.

393 5371 529 5458 (66)
544 5371 716 5458 Regii
743 5373 1305 5458 primus,secundus
1327 5385 1384 5440 et
1401 5377 1641 5458 quintus
1665 5394 1798 5458 cum
1823 5376 1954 5441 Col—

315 5453 566 5520 beﬂlﬂis
596 5453 802 5535 (ιυξειιο
853 5466 910 5518 et
952 5453 1116 5520 sexto
1166 5457 1381 5535 δύναμιν
1418 5453 1519 5526 τὴν
1569 5465 1676 5514 τῶν
1735 5457 1960 5515 δεόντων

312 5531 812 5618 παρεκτικήνγὶζη
843 5555 914 5600 ea
941 5556 1072 5618 quas
1101 5531 1436 5616 o/ﬁcii'sunt
1461 5538 1850 5616 largiente-112.
1883 5540 1961 5600 At

315 5615 437 5681 tres
459 5615 558 5677 alii
578 5631 724 5698 inse.
750 5616 924 5698 Regii
948 5615 1003 5680 et
1019 5615 1245 5698 septem
1271 5615 1598 5682 Colbertini
1625 5637 1759 5680 eum
1785 5619 1958 5680 editis

316 5707 375 5761 et
404 5714 538 5760 cum
571 5693 788 5774 Catena
819 5693 1181 5761 Corderiana
1223 5699 1439 5774 δύναμιν
1464 5701 1564 5766 τὴν
1601 5707 1706 5755 τῶν
1736 5699 1960 5757 δεόντων

314 5775 654 5860 πρακτικήνλ
669 5771 798 5860 Yim
822 5798 1029 5843 eorum
1052 5797 1185 5859 qua:
1209 5771 1395 5860 ofﬁcii
1415 5786 1562 5860 sunt
1583 5780 1957 5858 eﬁcctricem.

316 5853 533 5944 Apum
559 5853 802 5938 quidem
838 5869 898 5925 et
925 5853 1202 5924 idoneam
1246 5853 1645 5923 's'ententiam'
1684 5879 1754 5922 ex
1799 5869 1960 5924 utra-

2028 4635 2734 4727 conturlmlus._0uandiu
2749 4638 3103 4720 enim,inqui
3114 4652 3152 4720 t,
3165 4635 3549 4727 inspectionis
3565 4659 3678 4713 tua;

2027 4724 2180 4787 radii
2209 4723 2360 4786 mihi
2380 4725 2756 4803 aifulsere,in
2781 4737 2934 4792 statu
2958 4732 3130 4795 firmo
3149 4723 3323 4818 atque
3355 4740 3674 4816 tranquillo

2041 5074 2156 5155 que
2176 5056 2446 5155 lectione
2477 5058 2631 5155 effici
2653 5079 2830 5155 posse
2856 5072 3088 5155 constat
3113 5086 3126 5130 :
3153 5069 3257 5132 sed
3282 5071 3426 5155 quin
3448 5095 3677 5155 πρακτιοο

2045 5141 2142 5230 ﬁni
2176 5138 2294 5230 legi
2325 5148 2623 5230 oporteat,
2651 5138 2906 5230 dubitari
2938 5166 3057 5208 non
3091 5169 3264 5230 posse
3294 5138 3674 5218 arbitramur.

2041 5218 2274 5305 Etenim
2296 5222 2344 5282 si
2368 5218 2516 5282 nihil
2547 5221 2868 5305 aliud,ipsa
2898 5239 3060 5288 certe
3083 5218 3370 5295 orationis
3390 5237 3580 5298 series
3602 5237 3682 5299 ita

2042 5299 2361 5382 legendum
2385 5299 2746 5382 esseaperte
2764 5299 3049 5371 ostendit.
3076 5309 3219 5373 Cum
3241 5313 3399 5375 enim
3425 5317 3686 5379 Basilius

2043 5380 2219 5473 paulo
2252 5388 2388 5473 ante
2403 5380 2744 5473 scrip—serit,
2783 5397 2870 5473 και
2905 5387 3120 5473 δξξναμις
3151 5397 3254 5451 τῶν
3312 5394 3534 5454 δεόντων
3567 5399 3682 5457 ἐπι-

2041 5460 2347 5552 τελεστικῇ,
2384 5460 2585 5552 debuit
2615 5460 2782 5541 sane,
2815 5467 2864 5527 si
2895 5467 3008 5530 sibi
3034 5460 3314 5536 constare
3345 5477 3551 5552 voluit,
3587 5479 3684 5542 hic

2043 5543 2341 5618 πρακτικήν
2367 5541 2650 5621 scribere,
2681 5553 2744 5606 ut
2768 5566 2878 5609 vox
2907 5568 3024 5610 una
3075 5553 3244 5616 alteri
3295 5541 3551 5618 omnino.
3581 5541 3680 5620 re-

2043 5621 2350 5719 spondeat.
2404 5620 2548 5719 Nam
2608 5629 2668 5682 τὸ
2732 5628 3122 5690 ἐπιτελεστικόν
3183 5644 3243 5697 et
3272 5641 3332 5693 τὸ
3390 5642 3682 5719 πρακτικόν

2046 5701 2400 5796 plane‘id‘em
2433 5703 2632 5796 valere
2664 5725 2863 5796 nemo,
2898 5714 3133 5796 opinor,
3162 5716 3423 5796 negabit.

2093 5781 2248 5884 ’(67)
2284 5780 2380 5844 Sic
2420 5792 2552 5846 octo
2590 5804 2729 5851 mss.
2769 5780 2856 5852 Δι’
2882 5780 3066 5855 editio
3113 5780 3298 5859 l’ari's.
3358 5799 3535 5877 ὥσπερ
3593 5800 3678 5855 καὶ

2045 5885 2133 5925 τα,
