4102 6224
256 363 374 430 325

1367 358 1685 427 ΗΟΜΙΙΛΑ
1733 362 1812 429 lN
1858 361 2214 428 PSALMUM
2263 365 2511 430 XXXII.

3504 365 3622 435 326

261 504 537 582 γενόμενοι
571 508 648 576 τῷ
682 501 873 578 Κυρίῳ,
909 499 994 554 καὶ
1023 498 1250 556 καθόσον
1293 498 1451 572 ἐσμὲν
1500 497 1726 571 δυνατοὶ,
1762 523 1896 556 κατ-

2011 503 2283 563 nudatio.
2295 503 2808 576 Quemadmodum
2831 522 2933 583 pes
2948 504 3218 567 obtortus
3232 507 3434 568 calceo
3456 518 3621 571 recto

256 593 568 655 οπτεύοντες
629 591 788 646 αὒτοῦ
845 591 911 645 τὰ
966 591 1251 662 θαυμάσια,
1323 589 1462 644 οὕτω
1521 591 1904 667 συναγάγωμεν

258 683 318 739 ἐκ
366 688 466 748 τῆς
526 681 742 758 θεωρίας
827 690 951 739 ταῖς
1027 676 1263 755 καρδίαις
1346 680 1501 752 ἡμῶν
1558 681 1898 754 εὖφροσύνην.

257 774 388 836 Τοῖς
449 771 614 829 εύθέσι
674 770 863 848 πρέπει
934 769 1132 828 αῗνεσις
1169 782 1182 796 ⁸
1248 768 1426 844 ὥσπερ
1485 767 1700 834 σκολιὸς
1773 779 1902 828 ποῦς

259 864 394 940 ὀρθῷ
436 859 738 935 ὑποδήματι
794 860 888 914 οὒκ
943 857 1308 934 ἐναρμόζεται,
1373 856 1538 918 οὕτως
1610 858 1724 914 οὐδὲ
1768 881 1902 937 καρ-

255 948 390 1014 διαις
452 947 844 1026 ἔνδιαστρόφοις
911 949 946 1014 ἡ
1017 946 1221 1009 αἵνεσις
1301 954 1391 1002 τοῦ
1440 954 1571 1003 Θεοῦ
1625 948 1903 1026 ἐπιπρέπει

255 1040 409 1117 (82).
453 1041 551 1095 Διὰ
578 1048 755 1111 τοῦτο,
789 1038 975 1112 οἶμαι,
1023 1039 1094 1099 ὼς
1129 1036 1186 1092 οὔ
1217 1035 1510 1114 πρέποντος
1559 1038 1636 1110 τῷ
1677 1041 1902 1112 στόματι

255 1134 360 1186 τῶν
390 1127 654 1204 δαιμόνων
685 1135 777 1184 τοῦ
809 1129 925 1206 περὶ
979 1133 1070 1182 τοῦ
1130 1131 1378 1202 Σωτῆρος
1409 1125 1588 1205 λόγου,
1649 1127 1896 1205 ἀφαιρεῖ-

256 1241 342 1275 ται
375 1220 546 1274 αὒτῶν
572 1217 670 1283 τὴν
716 1216 971 1295 ἐξουσίαν,
1022 1215 1116 1270 ’ἕνα
1165 1215 1241 1290 μὴ
1284 1217 1506 1292 φανερὸν
1551 1216 1706 1272 αὐτὸν
1736 1218 1902 1284 ποιή-

256 1331 414 1366 σωσι.
463 1305 565 1368 Καὶ
615 1313 691 1380 τῷ
751 1307 952 1362 Πύθωνι
1015 1306 1042 1360 ὀ
1097 1303 1301 1367 Παῦλος
1375 1305 1617 1384 ἐπιτιμᾷ,
1674 1305 1764 1360 ἵνα
1826 1306 1903 1380 μὴ

255 1399 362 1454 ἀπὸ
440 1396 735 1471 ἀκαθάρτου
807 1399 834 1451 6
890 1396 1040 1461 ἅγιος
1100 1398 1434 1460 συνιστῆται.
1515 1393 1764 1451 Τοιοῦτον
1819 1396 1904 1449 καὶ

255 1489 338 1553 τὸ,
410 1487 496 1560 Τῷ
548 1483 601 1540 δὲ
673 1483 974 1564 ἀμαρτωλῷ
1044 1484 1200 1540 εἶπεν
1243 1485 1272 1539 6
1330 1485 1482 1546 Θεός.
1545 1481 1672 1540 "Iv:
1730 1483 1780 1539 τί
1846 1485 1906 1538 σὺ

255 1574 482 1653 ἐκδιηγῇ
561 1577 624 1632 vi:
706 1573 1040 1648 δικαιώματα
1099 1590 1252 1648 μου;
1332 1571 1743 1648 Φιλοτιμώμεθα
1821 1574 1908 1628 οὖν

255 1679 447 1745 φυγεῖν
504 1671 611 1721 πᾶν
657 1662 874 1720 σκολιὸν
929 1663 1081 1741 ἔργον
1139 1663 1226 1718 καὶ
1315 1660 1764 1740 στραγγαλιῶδες,
1822 1661 1909 1718 καὶ

253 1755 676 1830 κατορθώσωμεν
735 1754 809 1815 ὡς
871 1752 992 1818 εὖθῆ
1049 1752 1244 1808 κανόνα
1301 1754 1392 1807 τὸν
1434 1754 1553 1807 νοῦν
1595 1753 1752 1826 ἡμῶν
1825 1745 1910 1806 καὶ

1989 610 2102 650 non
2139 594 2484 671 adaptatur:
2515 593 2594 654 ita
2621 613 2812 674 neque
2833 594 3091 655 distortis
3122 597 3623 659 cordibuslauda-

1987 681 2067 740 tio
2096 684 2198 743 Dei
2222 683 2518 744 convenit.
2543 682 2931 762 Quapropter,
2959 684 3477 765 Opinor,quoniam
3503 706 3628 748 ser-

1990 789 2084 830 mo
2117 772 2213 850 qui
2239 772 2314 834 de
2338 771 2650 834 Servatore
2683 772 2932 833 habetur
2956 774 3289 836 daemonum
3321 795 3388 836 os
3406 795 3524 839 non
3551 779 3624 838 de

1988 861 2334 934 cet,idcirco
2355 863 2441 922 eis
2458 862 2666 922 adimit
2687 863 3123 937 facultatem,ut
3150 882 3224 925 ne
3245 866 3622 927 manifestum

1985 947 2179 1028 ipsum
2225 951 2463 1012 faciant.
2491 950 2561 1011 Et
2585 952 2902 1030 Pythonem
2937 953 3204 1032 increpat
3235 952 3447 1016 Paulus
3461 953 3538 1029 ‘9,
3564 966 3626 1017 ut

1987 1055 2060 1096 ne
2089 1039 2161 1098 ab
2193 1039 2428 1118 impuro
2461 1047 2700 1100 sanctus
2726 1042 3345 1104 ccmmendetur.Tale
3376 1054 3464 1104 est
3486 1045 3622 1126 hoc,

1984 1128 2293 1189 Peccatori
2311 1136 2512 1190 autem
2535 1129 2695 1191 dixit
2723 1131 2879 1192 Deus
2908 1151 2920 1192 ε
2948 1131 3145 1205 Quare
3170 1139 3234 1192 tu
3254 1151 3502 1196 enm-ras
3515 1137 3624 1214 ju-

1986 1218 2182 1278 stitias
2213 1235 2372 1278 meas
2392 1217 2445 1259 5°
2465 1219 2490 1276 ?
2514 1218 2813 1279 Conemur
2841 1217 3019 1295 igitur
3053 1219 3254 1298 fugere
3277 1241 3455 1284 omne
3477 1242 3627 1304 opus

1989 1304 2295 1385 obliquum
2319 1325 2386 1366 ac
2413 1316 2765 1386 tortuosum;
2794 1316 2971 1387 atque
3003 1319 3259 1372 mentem
3288 1321 3549 1374 nostram
3573 1324 3630 1375 et

1986 1393 2168 1454 animi
2186 1395 2484 1474 judicium
2508 1397 2566 1456 in
2593 1397 2832 1457 modum
2852 1407 3031 1458 rectze
3047 1400 3266 1476 regula)
3281 1400 3625 1483 dirigamus,

1993 1493 2055 1543 ut
2080 1503 2212 1544 cum
2239 1486 2382 1545 recti
2413 1485 2936 1559 fuerimus,(leceat
2956 1506 3062 1548 nos
3087 1488 3324 1550 Domini
3349 1490 3625 1566 laudatio,

1992 1571 2074 1632 [ta
2104 1574 2263 1634 enim
2299 1574 2524 1652 peccati
2557 1584 2758 1635 auctor
2786 1593 3057 1654 serpens,
3084 1575 3360 1656 obliquus
3389 1579 3626 1652 dicitur,

1993 1662 2286 1740 etgladius
2299 1663 2401 1724 Dei
2425 1664 2727 1725 inducitur
2745 1664 2805 1724 in
2825 1664 3142 1724 draconem
3158 1677 3499 1744 serpentem
3520 1677 3630 1728 tor-

1997 1758 2227 1811 tuosum
2246 1751 2318 1830 5‘,
2346 1753 2504 1828 quod
2528 1753 2720 1832 spiras
2736 1772 2802 1813 ac
2824 1753 3078 1815 divortia
3100 1756 3159 1814 in
3192 1755 3405 1816 itinere
3430 1757 3628 1818 faciat.

253 1845 316 1900 τὸ
376 1842 648 1922 κριτήριον
704 1843 802 1909 τῆς
853 1846 1064 1920 ψυχῆς,
1143 1840 1237 1896 ἵνα
1294 1840 1602 1917 γινομένοις
1640 1842 1775 1914 ἡμῖν
1818 1841 1907 1896 εύ-

2004 1840 2229 1901 Etenim
2257 1841 2395 1901 dum
2427 1842 2723 1920 serpentis
2739 1849 2959 1903 tractus
2982 1843 3242 1920 ducitur,
3265 1845 3322 1904 in
3347 1855 3502 1907 terra
3533 1846 3628 1906 in-

253 1932 398 1989 θέσιν
459 1932 728 2011 ἐπιπρὲψῃ
776 1934 810 1998 ἡ
874 1930 1075 1992 α’ίνεσις
1133 1936 1225 1985 τοῦ
1280 1930 1487 2006 Κυρίου,
1536 1927 1756 2007 ’Ὣσπερ
1808 1931 1907 2007 γὰρ

255 2025 282 2077 ὁ
337 2025 428 2088 τὴν
498 2021 756 2099 ἅμαρτίαν
804 2019 1253 2096 καθηγησάμενος
1313 2018 1430 2098 ὄφις
1480 2017 1695 2082 σκολιὸς
1747 2018 1906 2095 λέγε-

254 2132 369 2184 ται,
404 2113 490 2166 καὶ
546 2110 803 2187 ἐπάγεται
845 2111 878 2175 ἠ
911 2117 1003 2165 τοῦ
1053 2114 1184 2163 Θεοῦ
1223 2107 1468 2185 μάχαιρα
1525 2107 1610 2162 ἐπὶ
1639 2109 1731 2163 τὸν
1775 2106 1905 2175 δρά-

257 2221 422 2257 κοντα
453 2201 546 2256 τὸν
603 2197 720 2278 ὄφιν
777 2196 902 2276 (83)
945 2199 1038 2253 τὸν
1086 2196 1323 2270 σκολιόν,
1387 2196 1466 2252 ὅτι
1497 2195 1700 2260 πολλὰς
1733 2195 1906 2251 ἐκκλί-

259 2312 370 2353 σεις
432 2292 517 2345 οιαὶ
553 2290 813 2367 ἐκτροπὰς
870 2289 924 2343 ἐν
969 2293 1037 2363 τῇ
1097 2290 1285 2362 πορείᾳ
1315 2299 1582 2348 ποιεῖται,
1614 2287 1908 2364 Συρόμενος

259 2381 362 2457 γὰρ
419 2381 446 2433 6
499 2376 656 2439 ὄλκὸς
701 2384 794 2433 τοῦ
824 2379 996 2457 ὄφεως
1050 2373 1349 2447 ἀνωμάλως
1379 2381 1446 2451 τῇ
1488 2375 1560 2453 γὴ
1587 2375 1910 2453 ἐπισύρεται,

261 2466 440 2532 ἄλλως
498 2467 786 2546 ὁρμώντων
838 2472 944 2522 τὼν
994 2465 1309 2544 ἔμπροσθεν,
1369 2466 1454 2520 καὶ
1514 2463 1753 2541 πλαγίως
1786 2464 1912 2542 ἐφε-

259 2557 513 2631 πομένων
572 2563 677 2611 τῶν
745 2554 892 2627 ἑξῆς,
951 2556 1039 2610 καὶ
1098 2553 1258 2610 πάλιν
1337 2559 1443 2610 τῶν
1501 2555 1721 2630 οὒραίων
1781 2556 1912 2629 πρὸς

156 2681 165 2686 -
258 2649 322 2702 τὸ
381 2647 614 2704 ἐναντίον
667 2645 1059 2705 ἀπονευόντων.
1097 2643 1274 2699 ’Ὥστε
1321 2645 1348 2698 6
1381 2644 1478 2716 μὲν
1508 2643 1586 2716 τῷ
1615 2642 1729 2720 ὄφει
1777 2643 1912 2698 ἑπόη

262 2758 424 2811 μενος
483 2734 694 2791 σκολιὸν
753 2736 836 2806 καὶ
896 2731 1177 2807 ἀνώμαλον
1237 2733 1326 2788 καὶ
1382 2731 1787 2804 ἐναντιωμάτων
1817 2731 1914 2805 γέ-

261 2847 436 2893 μοντα
478 2826 567 2880 τὸν
624 2825 735 2900 βίον
774 2824 962 2880 ἑαυτοῦ
1005 2821 1313 2887 ἐπιδείξεται
1350 2839 1362 2852 °
1425 2822 1453 2874 6
1502 2819 1553 2874 δὲ
1587 2821 1756 2875 ὀπίσω
1799 2818 1912 2880 Κυ-

263 2915 378 2993 ρίου
408 2920 500 2969 τοῦ
544 2921 676 2971 Θεοῦ
707 2913 1062 2990 πορευόμενος
1095 2911 1294 2974 εὐθείας
1351 2922 1591 2965 ποιεῖται
1635 2911 1727 2971 τὰς
1787 2909 1916 2986 (84)

261 3001 508 3083 τρίϐους,
570 3005 658 3059 καὶ
717 3004 870 3080 ὀρθὰς
923 3003 1018 3066 τὰς
1077 3001 1299 3077 τροχιὰς
1355 3004 1461 3054 τῶν
1511 2996 1688 3054 ποδῶν
1732 3000 1908 3057 αὺτοῦ.

267 3093 435 3159 Εύθὴς
495 3093 594 3171 γὰρ
669 3094 856 3170 Κύριος
935 3093 962 3146 6
1044 3091 1174 3154 Θεὸς
1249 3087 1428 3163 ἡμῶν,
1487 3089 1574 3144 καὶ
1632 3087 1974 3174 εὐθύτηοαςϐ

263 3179 382 3238 εἷδε
439 3183 500 3237 τὸ
543 3181 832 3258 πρόσωπον
889 3180 1070 3237 αὐτοῦ.
1135 3177 1260 3235 Ἐὰν
1314 3175 1402 3233 δύο
1478 3176 1696 3240 κανόνες
1746 3175 1913 3243 ἄλλ-ἧ-

261 3271 388 3335 λοις
471 3269 856 3347 παρατιθῶσιν,
928 3271 963 3336 ἡ
1051 3269 1265 3333 εὐθύτης
1349 3267 1519 3322 αὐτῶν
1598 3267 1910 3343 συναρμόζει

263 3359 528 3430 ἀλλήλοις
564 3379 577 3393 ·
613 3359 703 3415 ἐὰν
738 3358 794 3414 δὲ
849 3357 1162 3437 διάστροφον
1208 3355 1358 3421 ξύλον
1403 3355 1584 3412 κανόνι
1615 3358 1908 3431 παρατεθῇ,

1989 1930 2298 2009 aequaliter
2319 1930 2716 2009 imprimitur:
2755 1949 2887 1991 cum
2920 1931 3092 1992 aliter
3125 1934 3451 2007 procedant
3473 1944 3630 1996 ante-

1991 2018 2179 2079 riores
2203 2019 2746 2098 partes,etoblique
2768 2021 3159 2096 insequantur
3172 2032 3631 2102 consequentes,

1989 2118 2042 2163 et
2065 2121 2293 2163 rursum
2314 2109 2514 2164 caudae
2535 2118 2723 2178 partes
2738 2110 2796 2164 in
2819 2113 3169 2166 contrarium
3189 2113 3636 2182 vergant.Quare

1991 2196 2090 2276 qui
2117 2206 2456 2276 serpentem
2488 2198 2780 2274 sequitur,
2816 2217 2982 2259 suam
3009 2197 3185 2260 vitam
3219 2200 3636 2281 obliquamin-

1995 2285 2400 2364 aequalemque
2433 2296 2490 2346 et
2519 2287 3042 2348 contrarietatibus
3067 2288 3349 2350 refertam
3377 2290 3632 2352 demon-

1996 2373 2243 2435 strabit:
2278 2373 2377 2448 qui
2409 2392 2547 2435 vero
2578 2393 2733 2454 pone
2781 2373 3092 2436 Dominum
3154 2380 3339 2439 Deum
3389 2380 3632 2454 incedit,

1997 2472 2192 2522 rectas
2223 2462 2464 2522 semitas
2494 2472 2550 2523 et
2605 2473 2767 2525 recte
2820 2464 3066 2541 vestigia
3127 2466 3341 2544 pedum
3395 2485 3634 2530 suorum

2000 2550 2157 2611 facit.
2195 2550 2411 2612 Rectus
2442 2552 2600 2612 enim
2652 2553 2943 2612 Dominus
2983 2552 3146 2614 Deus
3171 2562 3466 2634 noster,et
3504 2575 3640 2636 quas

1997 2648 2159 2701 recta
2177 2648 2316 2700 sunt
2330 2640 2485 2700 vidit
2499 2642 2685 2717 facies
2699 2641 2991 2720 ipsiusm‘.
3004 2642 3242 2718 Regulae
3265 2643 3399 2705 duae
3417 2645 3468 2705 si
3474 2647 3496 2724 j
3509 2654 3639 2708 uxta

1999 2747 2065 2789 se
2089 2728 2482 2801 collocentur,
2510 2747 2713 2790 earum
2742 2731 3032 2790 rectitude
3059 2733 3214 2792 inter
3233 2751 3298 2793 se
3314 2735 3593 2796 convenit
3621 2756 3637 2816 ;

2000 2819 2049 2877 si
2073 2836 2211 2879 vero
2236 2817 2545 2878 distortum
2595 2819 2818 2898 lignum
2850 2819 2920 2879 ad
2975 2821 3238 2898 regulam
3285 2831 3636 2902 apponatur,

1999 2907 2305 2968 obtortum
2330 2907 2629 2987 reperitur
2654 2916 2816 2969 recto
2841 2927 2959 2969 non
2983 2913 3638 2988 congruere.Quoniam

2000 2997 2180 3075 igitur
2214 3009 2372 3059 recta
2402 3005 2490 3058 est
2519 2998 2625 3058 Dei
2657 2997 2938 3077 laudatio,
2966 3009 3131 3060 recto
3155 3017 3305 3078 Opus
3331 3001 3637 3074 estcorde,

1999 3087 2052 3147 ei
2068 3095 2129 3146 ut
2146 3086 2272 3147 laus
2287 3087 2598 3146 conveniat
2616 3105 2744 3147 com
2756 3087 3219 3168 petatqueﬂued
3234 3091 3284 3150 si
3297 3108 3469 3151 nemo
3494 3091 3642 3152 valet

1999 3176 2203 3236 dicere
2239 3174 2555 3237 Dominum
2603 3177 2802 3238 Jesum
2837 3177 2951 3236 nisi
2985 3177 3044 3236 in
3091 3175 3309 3255 Spiritu
3340 3189 3543 3240 sancto
3562 3179 3636 3255 ⁵³,

1997 3263 2292 3344 quomodo
2325 3265 2590 3343 proferes
2621 3265 2879 3345 laudem,
2923 3284 3056 3325 cum
3088 3277 3316 3327 rectum
3367 3269 3639 3346 Spiritum

1996 3373 2114 3414 non
2147 3353 2366 3415 habeas
2392 3360 2449 3413 in
2486 3353 2600 3416 tuis
2634 3353 2962 3416 visceribus
2994 3356 3338 3417 innovatum
3373 3357 3423 3400 ⁵³
3453 3365 3480 3420 ⁸(

263 3451 664 3528 ἀσυνάρμοστον
749 3448 1038 3524 εὑρίσκεται
1124 3452 1202 3519 τῷ
1255 3446 1390 3522 ὀρθῷ
1446 3445 1508 3499 τὸ
1566 3441 1841 3521 στρεϐλόν,
1921 3442 2068 3500 Ἐπεὶ
2126 3452 2214 3499 οὖν
2273 3446 2426 3512 εύθής
2486 3445 2626 3499 ἐστιν
2684 3447 2717 3510 ἡ
2778 3445 2869 3500 τοῦ
2947 3453 3079 3503 Θεοῦ
3154 3446 3381 3526 αἴνεσις,
3447 3450 3642 3514 εὐθείας

265 3540 427 3619 χρεία
465 3535 701 3615 καρδίας,
749 3537 842 3592 ἵνα
886 3535 1156 3613 ἐπιπρέψῃ
1191 3533 1324 3609 αύτῇ
1353 3535 1442 3589 καὶ
1474 3533 1752 3610 ἐφαρμόσῃ
1779 3535 1805 3587 6
1837 3533 1955 3603 (85)
1991 3537 2164 3596 αἶνος,
2205 3535 2258 3589 Εἰ
2309 3531 2362 3586 δὲ
2395 3531 2560 3594 οὐδεὶς
2593 3532 2804 3588 δύναται
2863 3535 3033 3589 εἰπεῖν
3107 3536 3290 3612 Κύριον
3347 3535 3553 3602 ἰησοῦν
3598 3539 3642 3592 εἰ

266 3630 348 3700 μὴ
407 3627 462 3683 ἐν
511 3627 774 3702 Πνεύματι
818 3627 973 3704 ἁγίῳ,
1007 3628 1119 3690 πῶς
1150 3623 1211 3680 ἂν
1242 3623 1464 3700 ἐνέγκῃς
1501 3623 1591 3678 τὸν
1618 3621 1798 3701 αἶνον,
1833 3623 1909 3694 μὴ
1964 3621 2109 3701 ἔχων
2161 3625 2221 3676 τὸ
2262 3623 2404 3686 εῦθὲς
2457 3629 2663 3696 πνεῦμα
2719 3623 3046 3697 ἐγκαινισθέν
3107 3624 3160 3676 ἐν

265 3737 368 3776 σου
401 3738 417 3790 ;

353 3805 409 3866 ‘2.
487 3802 939 3881 Ἐξομολογεϊσθε
1018 3803 1093 3876 τῷ
1182 3802 1354 3879 Κυρίῳ
1440 3802 1494 3856 ἐν
1581 3802 1790 3877 κιθάρα,
1863 3800 1920 3856 ἐν

272 3895 557 3972 ψαλτηρίῳ
640 3891 951 3974 δεκαχόρεῳ
1018 3892 1224 3967 ψάλατε
1311 3889 1472 3962 αύτῷ.
1535 3895 1795 3969 Προτερον
1867 3890 1920 3944 ἐν

270 3985 461 4063 κιθάρᾳ
532 3987 616 4040 δεῖ
667 3981 1154 4061 ἐξομολογήσασθαι
1211 3979 1339 4059 (86)
1390 3982 1466 4052 τῷ
1524 3981 1735 4058 Κυρίῳ·
1791 4002 1919 4036 του-

269 4076 438 4148 τέστι,
500 4075 593 4136 τὰς
652 4071 736 4128 διὰ
806 4079 898 4129 τοῦ
977 4070 1227 4146 σώματος
1291 4069 1555 4145 ἐνεργείας
1633 4067 1918 4126 ἀποδοῦναι

273 4165 622 4241 ἐναρμονίως,
673 4159 891 4227 Ἐπειδή
948 4161 1048 4239 γὰρ
1106 4177 1162 4213 εν
1211 4161 1288 4230 τῷ
1327 4158 1533 4231 σώματι
1578 4159 1913 4236 ἡμάρτομεν,

273 4255 364 4310 ὅτε
396 4252 810 4332 παρεστήσαμεν
865 4250 933 4305 τὰ
977 4247 1118 4324 μέλη
1156 4248 1312 4322 ἡμῶν
1363 4245 1518 4302 δοῦλα
1569 4252 1636 4322 τῇ
1692 4247 1919 4323 ἁμαρτίᾳ

274 4347 349 4408 εἰς
394 4344 492 4410 τὴν
542 4341 789 4416 ἀνομίαν,
844 4340 920 4413 τῷ
971 4338 1180 4413 σώματι
1238 4338 1325 4392 καὶ
1381 4334 1916 4414 ἐξομολογησώμεθα,

3220 3639 3335 3687 τοῖς
3398 3626 3642 3703 ἑγκάτοις

2083 3800 2141 3858 ‘2.
2171 3796 2359 3860 Vens.
2391 3797 2455 3858 2.
2488 3799 2879 3876 Conﬁtemini
2913 3799 3175 3861 Domina
3208 3807 3271 3861 in
3294 3802 3555 3883 cit/cara,
3582 3805 3646 3864 in

2001 3888 2289 3968 psalterio
2311 3889 2508 3949 decem
2531 3889 2896 3949 chordarum
2912 3889 3155 3967 psallite
3177 3890 3560 3952 illi.Primum
3586 3893 3645 3951 in

2006 3977 2232 4038 cithara
2261 3976 2511 4038 Domino
2532 3979 2804 4038 confiteri
2828 3985 3062 4057 oportet
3087 4002 3101 4050 ;
3130 3979 3240 4046 hoc
3263 3981 3649 4060 est,corporis

2003 4067 2268 4127 actiones
2311 4067 2606 4127 concinne
2630 4067 2967 4129 absolvere.
2995 4067 3284 4139 Quoniam
3319 4069 3474 4128 enim
3517 4072 3650 4128 155

2003 4155 2063 4215 in
2089 4173 2340 4234 corpore
2375 4157 2774 4234 peccavimus,
2801 4175 2935 4218 cum
2969 4171 3174 4218 nostra
3195 4158 3460 4218 membra
3483 4177 3652 4219 serva

2005 4252 2246 4324 peccato
2276 4244 2348 4305 ad
2383 4245 2750 4325 iniquitatem
2790 4245 3175 4325 praebuimus,
3203 4264 3452 4326 corpore
3474 4248 3648 4308 etiam

2003 4333 2418 4406 confiteamnr,
2442 4334 2651 4395 eodem
2680 4343 2908 4394 utentes
2933 4333 3327 4396 instrumento
3351 4336 3422 4396 ad
3447 4355 3651 4416 pecca-

275 4441 354 4508 τῷ
386 4436 530 4502 αύτῷ
559 4429 888 4510 κεχρημένοι
946 4428 1154 4507 ὀργάνῳ
1211 4427 1342 4504 πρὸς
1372 4425 1472 4493 τήν
1513 4423 1784 4520 άνάλυσιν.
1822 4430 1913 4490 τῆς

2009 4430 2132 4481 tum
2164 4422 2605 4483 dissolvendum
2642 4425 2726 4483 54.
2750 4421 3126 4485 Conviciatus
3154 4441 3217 4483 es
3243 4430 3270 4486 ?
3304 4423 3650 4487 benedicas.

278 4523 566 4602 ἁμαρτίας,
627 4509 1061 4596 Ἐλοιδόρησας;
1142 4515 1458 4594 εὒλόγησον.
1533 4512 1913 4602 Ἐπλεονέκτη-

2007 4509 2290 4602 ῌτὶρυίειί
2341 4511 2580 4574 aliena?
2627 4511 2883 4574 reddito.
2919 4510 3251 4602 inebriatus
3283 4533 3345 4574 es
3370 4517 3394 4573 ’ί
3421 4516 3649 4596 jejuna.

279 4633 377 4675 σας
400 4601 423 4686 ί;
464 4607 678 4674 ἀπόδος·
738 4605 1061 4683 Ἐμεθύσθης
1123 4603 1290 4683 (87);
1347 4604 1659 4672 νήστευσον.
1699 4601 1925 4673 Ἦλαζο-

279 4699 494 4774 νεύσω;
579 4696 960 4763 ταπεινώθητι.
1067 4691 1440 4774 Ἐφθόνησαςς
1528 4691 1918 4770 παρακάλεσον,

279 4789 644 4870 Ἐφόνευσαςς
721 4786 1056 4866 μαρτύρησον
1085 4798 1100 4813 ⁸
1157 4783 1193 4850 ἢ
1250 4783 1315 4838 τὰ
1369 4779 1780 4857 ἰσοδυναμοῦντα
1851 4787 1926 4855 τῷ

363 4951 427 5000 49
453 4948 585 5013 Act.
619 4961 743 5019 xvr,
779 4946 881 5008 18.
968 4945 1032 4997 50
1060 4942 1218 5007 Psal.
1253 4958 1416 5020 XLIX,
1451 4944 1544 5006 16.
1629 4942 1686 4994 81
1723 4943 1815 5005 [sa
1843 4959 2036 5015 xxvn,
2073 4947 2129 5001 t.

287 5033 352 5084 53
380 5029 539 5093 Psal.
569 5027 758 5106 L,19.
845 5026 909 5078 δι
939 5027 1114 5090 Rom.
1141 5041 1224 5101 νι,
1256 5023 1356 5084 19.

364 5192 484 5266 (82)
508 5189 594 5252 Re
641 5237 652 5249 .
681 5187 892 5252 tertius
920 5195 1050 5245 Θεοῦ
1078 5185 1290 5266 πρέπει.

371 5273 498 5332 (83)
533 5210 731 5332 Egitio
761 5266 952 5330 Paris.
1001 5271 1091 5324 τὸν
1120 5267 1260 5332 ὅφιν,

371 5263 498 5357 (88)
533 5263 731 5333 Editio
761 5266 955 5357 Paris.
1001 5271 1095 5357 τὸν
1120 5263 1260 5357 ᾂφιν.
1294 5263 1474 5357 Deest
1524 5264 1822 5357 articulus
1871 5270 1929 5326 in

285 5347 592 5433 omnibus,
627 5367 777 5432 quos
813 5350 956 5410 mihi
999 5347 1238 5430 quidem
1268 5347 1471 5408 videre
1500 5347 1770 5425 contigit,
1821 5364 1930 5407 co-

288 5434 546 5498 dicibus.

401 5514 502 5575 84)
536 5510 704 5575 Colb.

376 5515 502 5594 (84)
536 5515 704 5575 Colb.
741 5521 988 5590 quartus
1018 5521 1164 5565 ποιεῖ
1194 5515 1312 5570 τὰς.
1898 5585 1932 5597 η

375 5595 506 5676 (85)
538 5591 706 5655 Colb.
740 5602 985 5670 quartus
1017 5593 1114 5676 καὶ.
1144 5591 1450 5676 ἐφαρμοσθῇ
1505 5589 1573 5676 ιτ).¹
1603 5588 1738 5676 Mor
1766 5583 1933 5662 Regii

288 5666 504 5742 tertius
525 5682 582 5734 et
599 5666 800 5733 sextus
819 5689 951 5730 cum
975 5669 1236 5730 editione
1253 5666 1804 5745 Basil.conjunctim
1827 5691 1939 5730 πως

286 5751 807 5837 ἀνενέγκῃςΕύίιὶο
841 5751 1180 5837 Paris.cum
1205 5746 1374 5837 Reg.“
1378 5748 1586 5837 quinto
1619 5748 1937 5837 separatim

287 5841 350 5895 ἃν
384 5825 633 5914 ἐνέγκῃς.
666 5831 809 5914 Beg.
841 5832 1141 5892 secundus
1171 5825 1796 5914 cum;_Colb._septi_mo
1821 5831 1938 5914 3m):

287 5851 350 5895 ἂν
384 5851 633 5914 ἐνεγκῃς.
666 5851 750 5894 ne
796 5879 809 5892 .
841 5851 1141 5892 secundus
1171 5851 1304 5889 cum
1333 5851 1502 5888 uom.
1538 5851 1796 5907 sepumu
1827 5851 1937 5888 πως

284 5919 612 5994 ἀνενέγκας.
651 5851 819 5976 Coiﬁ.
853 5923 1098 5992 quartus
1146 5916 1262 5972 πῶς
1291 5909 1354 5964 ἅν
1385 5907 1632 5987 ἐνενὲγκη
1666 5911 1752 5964 τὸν
1783 5910 1937 5964 αἶνον

741 5521 988 5590 quartus
1018 5521 1164 5565 ποιεῖ
1194 5509 1312 5570 τάς.

2008 4599 2315 4679 Superbus
2346 4602 2554 4664 fuisti?
2585 4611 2708 4664 esto
2743 4601 3005 4663 humilis.
3041 4602 3303 4664 Invidisti
3324 4610 3352 4665 ?
3381 4603 3652 4668 obsecra.

2008 4688 2349 4753 Occidisti?
2373 4693 2716 4772 martyrium
2739 4691 3003 4772 perferas
3031 4710 3047 4766 ;
3074 4691 3162 4752 vel
3195 4693 3350 4770 quod
3379 4695 3654 4775 martyrio

2011 4797 2115 4859 par
2145 4789 2254 4859 est,
2291 4799 2398 4860 per
2428 4781 2866 4842 confessionem
2901 4798 3115 4859 corpus
3140 4790 3304 4842 tuum
3335 4783 3550 4862 afﬂige.
3588 4789 3658 4848 Et

2216 4941 2482 5004 51'Psal.
2519 4942 2872 5016 xei,16;x,
2914 4943 2972 5005 8.
3058 4941 3117 4994 59
3164 4941 3187 5003 Ι
3242 4943 3380 5005 Cor.
3441 4961 3544 5020 xu,
3593 4945 3653 5010 3.

2014 5187 2042 5242 ὁ
2073 5187 2253 5260 μὴ...
2291 5184 2344 5240 ἐν
2375 5195 2492 5246 τοῖς
2554 5181 2797 5261 ἐγκάτοις
2854 5187 3010 5242 αὐτοῦ
3043 5202 3058 5264 ς
3126 5185 3437 5260 Quomodo
3473 5187 3523 5248 i8
3552 5189 3662 5266 qui

2015 5283 2140 5327 non
2165 5266 2368 5338 habet,
2395 5272 2510 5324 etc.

2092 5348 2215 5421 (86)
2247 5347 2329 5407 lta
2360 5343 2622 5424 quinque
2657 5361 2938 5405 mss.cum
2968 5343 3232 5406 editione
3267 5347 3441 5410 Basil.
3476 5347 3658 5410 editio

2017 5443 2156 5486 vero
2185 5425 2371 5486 Paris.
2407 5432 2465 5484 et
2517 5424 2786 5484 nonnulli
2837 5441 2992 5505 mss._
3035 5425 3495 5505 ἐξομολογεῖσθαι,
3532 5429 3662 5491 Mox

2022 5505 2165 5587 editi
2198 5523 2334 5587 cum
2397 5506 2538 5583 Reg.
2602 5513 2807 5587 quarto
2857 5503 3149 5587 άποδοῦμι
3209 5503 3558 5587 ἐναρμονίως,
3590 5514 3664 5573 At

2019 5585 2118 5646 alii
2150 5586 2410 5665 quinque
2446 5603 2585 5646 mss.
2621 5585 2938 5663 ἐναρμονίως
2967 5584 3294 5665 ἀποδιδόναι,

2102 5663 2229 5745 χδῗ)
2269 5665 2410 5741 lleg.
2446 5665 2745 5725 secundus
2777 5683 2908 5724 cum
2943 5663 3111 5745 Colb.
3147 5667 3351 5744 quinto
3384 5669 3661 5741 ἑμέθυσας,

2023 5747 2146 5808 Alii
2179 5743 2463 5806 mss.cum
2492 5745 2667 5805 editis
2693 5745 3005 5821 ἐμεθύσθης.
3041 5743 3249 5806 Statim
3294 5748 3460 5810 Colb.
3497 5749 3669 5826 quin-

2026 5841 2118 5888 lus
2150 5826 2521 5897 ἠλαζονεύθηε.
