4102 6224
489 320 606 388 331
1860 320 1919 383 S.
1968 314 2242 382 BASILII
2284 321 2499 385 MAGN
2507 320 2529 383 Ι
3751 311 3869 377 332

501 458 661 523 velut
693 457 806 519 sibi
840 455 1199 519 assidentem
1228 463 1287 518 et
1314 462 1453 518 ante
1483 456 1714 536 regium
1736 454 1953 536 judicii
1975 454 2173 515 thro-t

2261 457 2591 531 λεημοσύνην
2677 457 2761 514 καὶ
2841 457 3032 533 κρίσιν.
3123 455 3292 511 Οἱονεὶ
3372 450 3627 531 πάρεδρον
3698 450 3875 524 ἑαυτῷ

501 567 643 611 num
667 554 919 608 stantem
953 543 1365 623 constituit,ita
1393 545 1662 623 singulos
1690 544 1931 607 adducit
1962 545 2016 604 in
2036 544 2135 621 ju-

2261 542 2350 624 39)
2382 547 2480 614 τὴν
2512 545 2876 620 ἐλεημοσύνην
2905 543 3294 617 ποιησάμενος,
3343 543 3430 597 καὶ
3464 539 3873 617 προϐληθεϊσαν

504 637 748 700 dicium.
786 634 858 698 Si
888 635 1237 712 iniquitates
1256 634 1694 713 observaveris,
1734 631 2140 711 Domine,Do'

2261 641 2299 704 ῷ
2341 634 2600 710 βασιλικῷ
2620 638 2718 703 τῆς
2749 634 2970 712 κρίσεως
2994 633 3185 709 θρόνῳ,
3219 629 3359 688 οὕτω
3389 630 3615 707 παράγει
3648 630 3724 691 εἰς
3756 629 3874 705 κρί-

504 730 838 804 mine,quis
860 722 1177 784 sustinebat
1204 720 1260 765 ⁸³
1277 723 1307 769 9
1338 726 1546 802 Neque
1575 722 1981 784 misericordia
2011 721 2142 782 sine

2262 747 2308 779 ιν
2364 723 2610 783 ἕκαστον.
2676 723 2804 781 Ἐὰν
2892 722 3113 798 ἀνομίας
3198 717 3606 798 παρατηρήσῃς,
3688 719 3873 797 Κύριε,

501 814 754 897 judicio,
780 830 975 890 neque
998 811 1291 891 judicium
1350 819 1479 875 sine
1510 813 1947 874 misericordia.
1990 811 2143 873 Ante

2261 816 2405 891 Ldpts,
2465 814 2542 878 τίς
2586 814 2995 886 ὑποστήσεταις
3048 810 3179 869 Οὔτε
3236 814 3270 878 ἡ
3330 809 3669 884 ἐλεημοσύνη
3714 808 3873 884 ἄκρι-

501 902 793 984 judicium
828 901 1009 980 igitur
1037 900 1227 980 diligit
1254 901 1750 973 misericordiam,
1788 910 1845 962 et
1876 909 2008 979 post
2038 898 2146 958 mi-

2262 927 2343 977 ος,
2393 902 2511 960 οὔτε
2564 905 2599 971 ἡ
2644 903 2812 981 κρίσις
2843 902 3178 977 ἀνελεήμων.
3217 902 3322 979 Πρὸ
3352 904 3450 968 τῆς
3500 900 3724 974 κρίσεως
3784 898 3875 953 οὖν

508 989 927 1065 sericordiam,
964 991 1119 1052 venit
1150 991 1222 1051 ad
1242 991 1558 1069 judicium.
1596 990 1730 1052 Haac
1761 999 1959 1052 autem
1995 990 2151 1049 inter

2261 1000 2413 1071 εγαπᾷ
2492 991 2883 1069 ἐλεημοσύνην,
2962 993 3046 1048 καὶ
3131 992 3266 1065 μετά
3347 991 3449 1057 τὴν
3507 988 3880 1061 ἐλεημοσύνην

510 1100 576 1143 se
606 1079 926 1158 coniuncta
958 1089 1094 1140 sunt
1127 1096 1141 1142 :
1179 1079 1586 1142 misericordia
1606 1098 1740 1140 cum
1767 1078 1995 1159 judicio
2035 1099 2046 1135 :
2076 1095 2151 1137 ne

2263 1105 2448 1162 ρχεται
2518 1082 2603 1139 ἐπὶ
2670 1084 2767 1139 τὸν
2842 1083 3032 1160 κρίσιν.
3101 1091 3275 1141 Ταῦτα
3322 1078 3377 1136 δὲ
3437 1078 3699 1148 ἀλλήλοις
3747 1099 3880 1132 συν-

511 1179 611 1233 aut
635 1167 1045 1232 misericordia
1074 1168 1197 1230 sola
1232 1169 1536 1232 mollitiem
1586 1168 1801 1248 pariat,
1856 1176 1957 1229 aut
1980 1166 2150 1247 judi-

513 1260 670 1324 cium
704 1257 897 1321 solum
932 1258 1146 1319 afferat
1172 1256 1823 1337 desperationem.Vult
1854 1260 1932 1318 tui
1968 1258 2152 1317 mise-

512 1348 635 1412 reri
655 1348 1045 1427 judex,teque
1067 1347 1517 1409 miserationum
1537 1364 1780 1407 suarum
1802 1346 1997 1407 facere
2019 1362 2150 1425 par-

2234 1171 2493 1244 έζευκται,
2529 1174 2556 1228 6
2590 1171 2735 1229 ἕλεος
2768 1172 2905 1246 μετὰ
2935 1177 3035 1238 τῆς
3066 1173 3310 1250 κρίσεως*
3341 1170 3435 1225 ἵνα
3478 1170 3615 1243 μήτε
3646 1170 3674 1223 6
3725 1166 3881 1229 ἔλεος

2235 1262 2395 1336 μόνος
2467 1262 2774 1328 χαυνότητα
2827 1261 3126 1337 ἐμποιήσῃ,
3188 1260 3329 1334 μήτε
3410 1260 3550 1333 μόνη
3604 1258 3642 1325 ἡ
3706 1257 3882 1331 κρίσις

2236 1350 2538 1427 ἀπόγνωσιν
2593 1350 2964 1427 ἐνεργάσηται,
3045 1348 3300 1406 Βσύλεταί
3364 1371 3423 1405 σε
3491 1347 3737 1425 ἐλεῆσαι,
3790 1344 3884 1401 καὶ

517 1436 754 1517 ticipem
782 1458 796 1497 :
831 1436 882 1496 si
914 1436 1087 1497 modo
1123 1446 1252 1517 post
1283 1445 1587 1516 peccatum
1626 1436 1849 1516 reperit
1878 1444 1932 1498 te
1958 1434 2157 1494 humi—

2261 1445 2345 1495 τῶν
2379 1439 2565 1496 ἑαυτοῦ
2590 1441 2875 1518 οἰκτιρμῶν
2931 1437 3246 1512 μεταδοῦναι
3293 1441 3321 1494 6
3365 1440 3547 1516 κριτής
3580 1453 3597 1468 ⁶
3632 1435 3757 1493 ἀλλ’
3786 1435 3882 1490 ξαν

519 1526 1011 1608 lem,contritum,
1048 1544 1221 1604 prava
1237 1543 1418 1606 opera
1437 1524 1686 1586 multum
1718 1525 2155 1604 deplorantem,

2261 1530 2365 1606 ;ὺρῃ
2421 1550 2481 1584 σε
2537 1530 2673 1604 μετὰ
2744 1530 2842 1597 τὴν
2899 1530 3159 1607 ἁμαρτίαν
3232 1530 3503 1598 ταπεινὸν,
3557 1547 3880 1601 συντετριμ⁹

517 1636 588 1679 ac
620 1635 690 1680 ea
719 1634 852 1696 quae
872 1614 1022 1677 clam
1054 1616 1209 1679 facta
1237 1624 1375 1676 sunt
1398 1615 1767 1694 evulgantem
1796 1614 1945 1675 citra
1975 1612 2161 1693 pudo-

2261 1618 2421 1690 ιένον,
2455 1617 2630 1675 πολλά
2652 1616 3090 1693 μετακλαύσαντα
3138 1618 3226 1675 ἐπὶ
3246 1631 3361 1679 τοῖς
3384 1628 3647 1695 πονηροῖς
3670 1616 3883 1693 ἔργοις,

520 1724 675 1786 rem,
704 1714 1007 1784 rogantem
1044 1707 1254 1767 fratres
1306 1705 1408 1766 tibi
1458 1714 1521 1766 ut
1566 1705 1682 1765 sint
1709 1705 2052 1782 adiumento
2081 1702 2155 1763 ad

2261 1708 2306 1764 ςὰ
2361 1706 2625 1785 γενόμενα
2684 1710 2858 1788 κρυφῆ
2915 1708 3350 1788 ἁνεπαισχύντως
3424 1704 3887 1781 δημοσιεύσαντιι⁹

520 1770 930 1874 οοοίρίοηνάοηι
966 1793 1279 1857 medelam.
1318 1793 1448 1858 Uno
1480 1794 1659 1855 verbo
1691 1793 1741 1854 si
1772 1770 2159 1855 commisera-

2261 1770 2500 1864 ἶεηθέντα
2535 1770 2774 1878 ἁδελφῶν
2798 1770 2905 1876 ’(ι)
2935 1770 3232 1875 ωγκαμῖϊν
3260 1819 3345 1853 σοι
3378 1770 3507 1876 πρὸς
3562 1800 3661 1862 τὴν
3705 1770 3883 1865 ἴασιν,

522 1884 684 1947 tione
720 1883 853 1944 155
878 1882 1121 1961 dignum
1173 1883 1405 1959 viderit,
1452 1882 1691 1944 abunde
1716 1880 1819 1943 tibi
1851 1900 2014 1942 suam
2041 1882 2157 1941 im-

2261 1886 2383 1951 ἱλως
2410 1885 2637 1943 ἐλεεινόν
2670 1908 2727 1944 σε
2771 1887 3057 1964 γενόμενον
3087 1886 3175 1943 ἐὰν
3202 1885 3316 1964 ἴδῃ,
3370 1885 3593 1966 ἄφθονόν
3650 1908 3735 1941 σοι
3787 1884 3892 1949 τὴν

523 1974 816 2055 pertietur
875 1971 1385 2044 misericordiam;
1439 1973 1488 2031 si
1545 1989 1682 2033 vero
1740 1988 1841 2031 cor
1875 1971 2163 2050 pmnitere

525 2062 818 2142 nescium,
850 2070 1109 2124 mentem
1136 2060 1477 2142 superbam,
1515 2061 1779 2122 animum
1823 2060 2017 2121 futuro
2048 2079 2162 2121 sae-

526 2151 660 2214 culo
694 2169 810 2211 non
842 2149 1215 2225 credentem,
1258 2169 1327 2211 ac
1378 2149 1604 2211 nullum
1644 2148 1855 2228 judicii
1889 2152 2162 2208 timorem

527 2239 925 2318 conspexerit,
963 2247 1101 2300 tunc
1132 2239 1190 2298 in
1217 2249 1275 2300 te
1300 2238 1597 2319 judicium
1647 2236 1833 2311 diligit
1897 2240 1980 2299 lta
2005 2240 2166 2299 enim

528 2331 722 2392 bonus
748 2347 816 2390 ac
852 2328 1146 2389 humanus
1181 2328 1445 2390 medicus
1477 2326 1752 2389 fomentis
1783 2328 1946 2406 prius
1967 2345 2036 2388 ac
2069 2344 2169 2387 re-

530 2419 746 2482 mediis
767 2417 1049 2479 mollibus
1083 2426 1373 2478 tumorem
1430 2416 1642 2478 sedare
1672 2425 1922 2477 conatur
1960 2435 1973 2476 :
2009 2425 2168 2495 post-

531 2527 708 2588 quam
738 2526 872 2569 vero
896 2506 1109 2568 viderit
1131 2506 1345 2568 molem
1382 2505 1529 2567 nihil
1552 2506 2062 2586 remittere,atque
2086 2506 2172 2566 in-

532 2598 797 2661 duratam
825 2595 1000 2657 reniti
1027 2617 1043 2669 ;
1069 2606 1190 2656 tum
1216 2595 1453 2657 demum
1489 2594 1728 2675 rejectis
1757 2597 1891 2657 oleo
1922 2614 1989 2657 ac
2020 2594 2168 2656 mol-

533 2686 684 2748 liore
717 2686 963 2747 curandi
993 2686 1248 2764 ratione,
1283 2685 1425 2747 ferri
1463 2703 1634 2747 usum
1662 2684 1925 2748 adhibet.
1966 2684 2174 2764 Diligit

533 2776 713 2855 igitur
743 2774 1212 2838 misericordiam
1239 2776 1297 2836 in
1322 2773 1785 2855 paenitentibus:
1820 2773 2007 2849 diligit
2034 2793 2174 2835 vero

536 2865 597 2927 in
621 2865 933 2926 obstinatis
955 2862 1423 2944 judicium.Tale
1452 2863 1595 2943 quid
1630 2863 1810 2925 Isaias
1833 2863 2006 2924 etiam
2035 2863 2176 2925 dicit

540 2956 705 3019 Deo:
742 2953 1171 3016 Misericordia
1202 2962 1308 3015 tua
1335 2957 1404 3015 in
1442 2954 1675 3033 pondus
1695 2949 1771 3011 οι.
1806 2955 1951 3015 Nam
1986 2963 2043 3015 et
2074 2953 2176 3015 ille

2244 1975 2428 2035 ἐαυτοῦ
2502 1975 2868 2050 ἐλεημοσύνην
2944 1974 3272 2055 ἐπιχορηγεϊ
3307 1992 3320 2006 ⁸
3408 1975 3498 2032 ἐὰν
3555 1975 3610 2031 δὲ
3668 1971 3893 2049 καρδίαν

2247 2064 2634 2139 ἀμετανόητον,
2719 2066 2966 2143 φρόνημα
3041 2066 3399 2146 ὑπερήφανον,
3475 2065 3727 2122 ἀπιστίαν
3797 2070 3899 2118 τοῦ

2252 2154 2439 2219 αἰῶνος
2484 2161 2575 2211 τοῦ
2632 2153 2949 2232 μέλλοντος,
3011 2151 3233 2234 ἀφοϐίαν
3292 2157 3388 2221 τῆς
3460 2157 3709 2232 κρίσεως,
3771 2152 3897 2208 τότε

2254 2243 2435 2321 ἀγαπᾷ
2494 2242 2581 2300 ἐπὶ
2626 2244 2710 2300 σοὶ
2761 2244 2860 2310 τὴν
2917 2246 3109 2322 κρίσιν,
3162 2242 3262 2308 Ὠς
3312 2246 3411 2322 γὰρ
3439 2245 3620 2321 ἱατρὸς
3652 2240 3901 2316 ἐμμελὴς

2256 2332 2341 2387 καὶ
2421 2330 2789 2411 φιλάνθρωπος
2848 2331 3256 2406 καταντλήμασι
3345 2336 3597 2411 πρότερον
3653 2334 3743 2388 καὶ
3790 2352 3898 2387 πε-

2257 2420 2614 2498 ριπλάσμασιν
2657 2421 2890 2483 ἁπαλοῖς
2945 2428 3194 2499 πειρᾶται
3246 2422 3594 2479 καταστεῖλαι
3636 2424 3697 2478 τὸ
3730 2419 3903 2486 οἴδη-

2254 2532 2329 2585 μα
2362 2525 2377 2541 ⁸
2436 2511 2569 2569 ἐπὰν
2611 2509 2665 2566 δὲ
2823 2510 2915 2588 ἴδῃ
2966 2509 3257 2576 ἀνενδότως
3289 2513 3374 2568 καὶ
3404 2511 3650 2589 σκληρῶς
3680 2512 3906 2567 ἀντιτυ-

2256 2606 2453 2656 ποῦντα
2483 2601 2571 2657 τὸν
2605 2598 2787 2679 ὄγκον,
2841 2600 2996 2676 ῥίψας
3030 2602 3089 2656 τὸ
3135 2599 3314 2657 ἔλαιον
3360 2602 3448 2656 καὶ
3483 2601 3582 2667 τὴν
3641 2598 3905 2675 μαλακὴν

2255 2690 2497 2766 ἀγωγην,
2571 2693 2798 2769 αἱρεῖται
2857 2689 3046 2746 λοιπὸν
3104 2693 3202 2756 τὴν
3261 2698 3356 2747 τοῦ
3400 2688 3612 2769 σιδήρου
3669 2691 3900 2769 χρῆσιν,

2260 2778 2468 2855 Ἀγαπᾷ
2524 2778 2613 2835 οὖν
2691 2777 3059 2852 ἐλεημοσύνην
3140 2780 3225 2836 ἐπὶ
3284 2787 3389 2837 τῶν
3442 2782 3847 2855 μετανοούντων
3886 2797 3899 2808 ·

2257 2868 2439 2945 ἀγαπᾷ
2467 2866 2633 2925 δὲκαὶ
2663 2869 2831 2948 κρίσιν
2882 2869 2968 2925 ἐπὶ
3012 2870 3118 2926 τῶν
3170 2868 3482 2929 ἁνενδότων.
3540 2872 3793 2929 Τοιοῦτόν
3850 2891 3904 2925 τι

2257 2959 2344 3013 καὶ
2398 2960 2427 3013 6
2484 2956 2713 3023 Ἡσαΐας
2771 2957 2914 3034 λέγει
2974 2962 3051 3032 τῷ
3111 2962 3249 3038 Θεῷ,
3298 2958 3377 3017 ὅτι
3430 2959 3492 3017 Ἠ
3557 2958 3907 3033 ἐλεημοσύνη

539 3041 1009 3107 misericordiam
1042 3060 1175 3105 cum
1192 3042 1423 3122 judicio
1444 3041 1687 3103 exhibet
1707 3043 1964 3121 ejus,qui
1999 3042 2172 3122 libra,

2261 3070 2353 3104 σου
2397 3048 2469 3111 είς
2528 3049 2761 3121 σταθμόν
2825 3045 2940 3126 (3).
3005 3049 3102 3106 Καὶ
3159 3049 3258 3127 γὰρ
3310 3050 3559 3112 κάκεῖνος
3618 3050 3718 3115 τὴν
3768 3051 3910 3123 μετά

539 3141 599 3194 et
628 3147 878 3192 numero
908 3147 976 3191 ac
1006 3131 1270 3211 pondere
1319 3147 1425 3210 pro
1465 3132 1754 3210 cujusque
1777 3130 1988 3191 merito
2024 3130 2178 3192 vices

537 3220 835 3303 rependit.

623 3397 1111 3462 4.Misoricordia
1130 3398 1371 3461 Domini
1382 3395 1565 3477 pleno
1586 3405 1670 3460 est
1692 3405 1884 3459 terra.
1921 3396 2027 3457 Hic
2049 3397 2178 3459 dis-

539 3489 746 3570 juncta
793 3498 884 3549 est
959 3505 993 3549 a
1041 3487 1276 3566 judicio
1337 3486 1768 3549 misericordia.
1828 3488 1969 3548 Snla
2019 3488 2177 3548 enim

548 3576 957 3641 misericordia
985 3575 1224 3639 Domini
1264 3576 1438 3656 plena
1467 3585 1559 3638 est
1601 3585 1778 3649 terra,
1834 3576 2066 3657 judicio
2120 3580 2178 3638 in

547 3666 929 3730 constitutum
961 3673 1196 3747 tempus
1215 3675 1533 3728 reservato.
1593 3665 1703 3729 Hic
1746 3666 1949 3745 itaque
1996 3668 2179 3729 mise-

548 3755 805 3820 ricordia
833 3764 923 3817 est
953 3757 1081 3818 sine
1133 3755 1364 3837 judicio
1395 3775 1409 3817 :
1467 3775 1586 3817 non
1617 3756 1773 3817 enim
1808 3756 1966 3817 venit
1996 3756 2178 3836 utju-

551 3844 710 3909 dicet
736 3844 1159 3917 mundum,sed
1180 3846 1441 3907 utsalvet
1460 3846 1745 3908 mundum
1768 3844 1854 3904 65.
1892 3846 2015 3907 lllic
2043 3864 2179 3907 vero

551 3953 670 3997 non
701 3944 792 3997 est
842 3932 1252 3995 misericordia
1291 3933 1609 4015 judicium,
1665 3945 1978 4016 propterea
2021 3937 2176 4016 quod

550 4026 728 4087 homo
759 4024 1094 4086 asordibus
1128 4042 1309 4103 purus
1362 4025 1613 4105 reperiri
1663 4035 1937 4106 nequeat,
1992 4030 2040 4085 si
2090 4025 2180 4086 vel

2260 3137 2479 3213 κρίσεως
2531 3135 2896 3211 ἐλεημοσύνην
2969 3138 3277 3216 παρίστησι,
3356 3141 3497 3217 ζυγῷ
3554 3140 3641 3196 καὶ
3697 3139 3912 3218 ἀριθμῷ

2260 3228 2347 3283 καὶ
2404 3228 2622 3301 σταθμῶ
2676 3226 2811 3283 κατὰ
2868 3227 2966 3295 τὴν
3040 3227 3264 3287 ἑκάστου
3324 3227 3470 3293 ἀξίαν
3525 3228 3912 3306 ἀντιμετροῦνο

2262 3337 2374 3378 τος.

2341 3405 2402 3468 4.
2457 3411 2561 3464 Τοῦ
2614 3402 2795 3468 ἐλέους
2882 3406 3067 3484 Κυρίου
3124 3405 3341 3483 πλήρης
3406 3409 3441 3474 ἠ
3491 3414 3586 3485 γῇ.
3653 3406 3915 3465 Ἐνταῦθα

2264 3493 2551 3567 διέζευκται
2596 3494 2703 3550 ἀπὸ
2736 3500 2829 3560 τῆς
2876 3496 3098 3567 κρίσεως
3139 3498 3167 3553 ό
3226 3494 3400 3561 ἔλεος.
3448 3496 3619 3552 Μόνου
3677 3498 3781 3574 γὰρ
3820 3505 3917 3553 τοὺ

2265 3584 2441 3647 ἐλέους
2504 3584 2687 3651 Κυρίου
2730 3582 2942 3662 πλήρης
2998 3586 3032 3652 ἡ
3093 3585 3189 3659 γῆ,
3252 3584 3347 3652 τῆς
3408 3588 3631 3662 κρίσεως
3696 3588 3773 3649 εἰς
3820 3589 3917 3642 τὸν

2263 3672 2556 3751 ὡρισμένον
2610 3674 2793 3751 καιρὸν
2880 3675 3289 3749 ταμιευθείσης.
3346 3673 3602 3732 Ἐνταῦθα
3658 3676 3757 3750 μὲν
3822 3682 3915 3732 οὖν

2264 3762 2410 3822 ἔλεός
2457 3763 2568 3819 ἐστι
2633 3764 2801 3841 χωρὶς
2854 3765 3074 3841 κρίσεως
3106 3779 3120 3793 ⁸
3183 3766 3243 3821 οὐ
3301 3764 3401 3843 γὰρ
3444 3764 3603 3830 ἦλθεν
3631 3764 3725 3821 ἵνα
3755 3766 3911 3843 κρίνῃ

2264 3856 2353 3910 τὸν
2393 3855 2622 3927 κόσμον,
2672 3850 2794 3908 ἀλλ’
2853 3851 2949 3909 ἵνα
2988 3854 3141 3930 σώσῃ
3201 3854 3292 3910 τὸν
3350 3853 3575 3928 κόσμον,
3632 3852 3787 3911 Ἐκεί
3856 3854 3915 3909 δὲ

2263 3942 2358 3999 οὒκ
2398 3941 2539 3998 ἔστιν
2595 3942 2631 4008 ἡ
2663 3940 2827 4018 κρίσις
2886 3944 3053 4021 χωρὶς
3106 3941 3305 4013 ἐλέους,
3370 3940 3450 3999 ειὰ
3509 3944 3573 3999 τὸ
3630 3943 3709 4016 μὶ.
3758 3941 3916 3999 δύνα-

2264 4036 2379 4089 σθαι
2438 4029 2709 4108 ἄνθρωπον
2760 4033 2986 4109 καθαρὸν
3040 4033 3307 4109 εὑρεθῆναι
3366 4032 3472 4089 ἀπὸ
3527 4033 3712 4109 ῥύπου,
3789 4057 3911 4107 μη-

550 4132 729 4178 unam
760 4113 919 4175 diem
951 4110 1462 4187 vixerit60.Quare
1478 4116 1529 4177 si
1559 4115 1696 4192 quis
1729 4115 2009 4177 malitiam
2044 4134 2173 4194 quos

2266 4119 2321 4177 δὲ
2365 4121 2455 4179 ἐὰν
2501 4121 2596 4192 μία
2638 4118 2874 4197 ἡμέραῇ
2920 4125 3018 4187 τῆς
3066 4120 3320 4199 γενέσεως
3377 4123 3535 4179 αὐτοῦ
3588 4122 3915 4201 (4).⁹Ὠστε

554 4204 699 4265 tidie
722 4212 1114 4284 grassantem,
1143 4213 1200 4265 et
1228 4204 1431 4284 fragile
1463 4205 1768 4266 hominum
1813 4223 2021 4283 genus,
2077 4206 2173 4264 ha-

2269 4212 2361 4267 ξάν
2405 4231 2483 4272 τις
2514 4207 2607 4286 ἴδῃ
2653 4209 2752 4276 τὴν
2800 4210 2987 4266 κακίαν
3036 4210 3295 4285 ὁσημέραι
3338 4211 3659 4287 νεμομένην,
3715 4214 3806 4268 καὶ
3857 4214 3921 4268 τὸ

558 4294 676 4355 bita
732 4301 1110 4372 peccatorum
1168 4294 1419 4368 ratione,
1498 4294 1831 4355 innumeris
1902 4294 2173 4356 mortibus

2276 4301 2527 4378 ἐπίκηρον
2569 4298 2722 4377 γένος
2777 4304 2882 4355 τῶν
2939 4300 3229 4379 ἀνθρώπων
3288 4299 3429 4366 ἄξιον
3494 4322 3691 4378 μυριων
3748 4303 3925 4357 θανα-

559 4381 805 4460 dignum
838 4381 1057 4462 videat,
1081 4382 1473 4447 admirabitur
1493 4383 1726 4445 divitias
1752 4383 2029 4445 bonitatis
2058 4383 2163 4446 Dei

2276 4412 2405 4461 των,
2439 4388 2561 4445 ὅσον
2614 4388 2700 4445 ἐπὶ
2750 4403 2869 4454 τοῖς
2927 4389 3272 4464 ἁμαρτήμασι
3316 4391 3607 4470 τυγχάνον,
3659 4392 3926 4467 θαυμάσει

559 4471 971 4551 patientiaque
998 4472 1203 4553 ipsius,
1239 4482 1297 4533 et
1346 4473 1603 4536 lenitatis
1655 4473 1739 4531 67.
1778 4476 1934 4537 Sane
1967 4474 2106 4535 dum
2136 4475 2173 4534 it

2276 4482 2367 4536 τὸν
2388 4478 2616 4538 πλοῦτον
2645 4484 2742 4546 τῆς
2771 4480 3144 4559 χρηστότητος
3172 4487 3266 4535 τοῦ
3297 4487 3449 4551 Θεου,
3481 4482 3561 4535 καὶ
3594 4485 3691 4546 τῆς
3714 4480 3928 4559 ἀνοχῆς

562 4570 720 4621 terra
749 4560 1407 4633 sumus,misericordia
1431 4580 1582 4643 opus
1614 4562 1783 4625 nobis
1810 4561 2073 4625 estNam
2094 4583 2173 4645 qu

2283 4570 2439 4626 αὒτοῦ
2466 4570 2555 4625 καὶ
2601 4574 2701 4636 τῆς
2753 4568 3138 4647 μακροθυμίας.
3184 4567 3273 4626 Ἐν
3317 4575 3385 4645 τῇ
3433 4571 3506 4647 γῇ
3553 4570 3735 4643 μέντοι
3778 4568 3934 4635 ὄντες

562 4648 622 4709 in
655 4647 820 4709 oculis
852 4650 1364 4731 versantur,digni
1393 4653 1665 4728 sunt,qui
1698 4653 1850 4714 beati
1877 4652 2173 4733 praedicen

2284 4680 2375 4715 του
2403 4657 2579 4720 ἐλέους
2623 4659 2915 4738 χρῇζομεν,
2971 4660 3031 4715 Οἱ
3088 4659 3187 4736 γὰρ
3243 4660 3298 4713 ἐν
3328 4665 3404 4731 τῴ
3434 4659 3637 4736 οὐρανῷ
3665 4667 3760 4715 τοι]
3814 4682 3931 4733 μα·-

566 4745 686 4809 tur,
709 4755 825 4798 non
865 4755 1119 4819 quorum
1175 4739 1591 4805 misereamur.
1624 4741 1739 4805 Aut
1771 4742 2032 4803 fortassis
2062 4759 2165 4821 pro

2287 4747 2583 4825 καρίζεσθαί
2641 4749 2794 4818 εἰσιν,
2851 4745 2970 4803 ἀλλ’
3025 4748 3147 4827 οὗχὶ
3190 4755 3283 4805 τοῦ
3339 4746 3601 4803 ἐλεεῖσθαι
3652 4747 3810 4812 ἄξιοι.
3845 4746 3931 4803 ’Ἦ

566 4834 704 4907 pter
719 4827 1278 4892 condemnationem
1294 4830 1353 4891 in
1372 4848 1481 4893 nos
1501 4831 1578 4893 ob
1592 4841 1901 4913 peccatum
1919 4830 2173 4911 prolatan

2288 4835 2436 4914 τάχα
2477 4833 2562 4892 διὰ
2601 4836 2700 4904 τὴν
2737 4834 2798 4893 ἐκ
2826 4841 2924 4903 τῆς
2955 4834 3214 4913 ἁμαρτίας
3250 4837 3382 4909 ἡμῖν
3411 4835 3795 4915 ἐπενεχθεῖσαν
3827 4858 3935 4892 κα-

645 4962 710 5014 ϐδ
739 4964 897 5027 Psal.
931 4980 1130 5041 cum,
1164 4964 1224 5029 3.
1310 4964 1375 5017 64
1404 4968 1516 5032 Isa.
1548 4985 1755 5050 xxvm,
1785 4970 1880 5034 17.
1918 4967 2171 5031 “Mean.

2266 5018 2281 5045 ,
2322 4971 2414 5034 t7.
2457 4965 2524 5019 66
2548 4967 2685 5032 Job.
2721 4985 2837 5049 xxv,
2869 4967 2930 5049 4,
2967 4968 3026 5042 5,
3057 4969 3245 5045 Ῑιιωια
3268 4966 3452 5029 LXX.
3490 4965 3743 5031 67Rom.
3771 4984 3837 5043 ιι,
3872 4970 3932 5032 4.

651 5099 775 5180 (99)
808 5098 1086 5162 Nonnulli
1117 5118 1264 5163 mss.
1297 5102 1504 5166 ἑαυτου.
1537 5104 1655 5166 Alii
1712 5107 1902 5180 ἑαυτῷ.
1958 5106 2084 5167 Nec
2133 5103 2215 5165 ita

577 5179 1171 5265 multopostseptem
1202 5200 1345 5245 mss.
1379 5188 1759 5265 παρατηρήσῃ.
1793 5179 1915 5265 Reg
1970 5198 2214 5265 quartus

575 5267 632 5319 et
663 5256 1156 5339 Colb'.septi'mus
1186 5280 1322 5323 cum
1376 5256 1553 5325 editis
1597 5256 1656 5326 et
1685 5256 1818 5327 cum
1856 5256 2011 5326 taxtu
2044 5283 2212 5326 sacro
2298 5256 2430 5328 cum
2464 5265 2562 5326 hic
2593 5282 2791 5326 sermo
2821 5256 3024 5326 sit'de
3074 5262 3349 5324 molliore
3397 5256 3645 5323 cu'randi
3679 5262 3935 5333 ratione,

575 5338 983 5431 παρατηρήσῃς.
1012 5340 1171 5431 Infra
1196 5340 1338 5421 Reg.
1367 5345 1668 5431 secundus
1691 5347 2027 5431 ’ἐργάζηταιη
2094 5425 2141 5431 __

2297 5348 2496 5431 oleum
2530 5345 2993 5431 praetermissum
3028 5362 3142 5431 non
3170 5342 3616 5431 oportuit,quod
3641 5342 3702 5403 in
3729 5342 3940 5422 primis

642 5416 745 5507 ,(1)
782 5420 933 5507 Reg.
978 5420 1220 5507 quintus
1248 5416 1381 5507 cum
1406 5424 1582 5488 Coll).
1618 5416 1811 5507 primo
1835 5416 2173 5505 iactemua

2300 5426 2371 5487 ad
2408 5416 2910 5507 talemtractandi
2946 5423 3186 5485 modum
3212 5416 3538 5502 'pertinere
3586 5416 3794 5484 notum
3824 5433 3939 5483 est.

579 5495 759 5587 aliter
785 5495 1019 5587 videtur
1046 5498 1261 5587 legisse
1292 5495 1721 5587 interpres,qui
1745 5516 1933 5587 vertat
1959 5495 1986 5567 ε’
2002 5506 2068 5567 Si
2095 5506 2173 5587 ρ’(

2385 5506 2474 5587 (3)
2508 5504 2676 5587 tiolb.
2709 5515 2952 5587 quartus
2982 5508 3056 5570 εἰς
3090 5495 3365 5587 σταθμιον,

581 5583 735 5666 tr_em
766 5576 1261 5666 or_averis.Editio
1276 5576 1867 5666 _Psris.cum'multis
1896 5576 2173 5659 mss.,&6sl

2384 5576 2475 5666 (4)
2513 5586 2658 5663 Reg.
2695 5576 3000 5647 secundus
3048 5592 3105 5645 et
3154 5576 3334 5666 Colb.
3361 5583 3585 5666 primus
3615 5589 3712 5650 τῆς
3746 5587 3944 5661 γεννή-

580 5656 1065 5745 ethLA-liquanto
1101 5670 1236 5745 post
1268 5659 1697 5745 C_olb.__primus
1728 5668 1813 5722 ἐπὶ
1844 5674 1936 5723 σοῦ
1965 5656 2086 5734 τήν.

2306 5656 2468 5730 σεωςί
2495 5656 2631 5728 Mai
2659 5665 2829 5727 Colb.
2886 5674 3132 5745 quartus
3160 5666 3246 5721 καὶ
3292 5656 3680 5743 *τὸ-ἐπίκαιρον,
3712 5656 3945 5743 (impo-

662 5739 749 5818 (2)
785 5739 934 5816 Reg.
969 5737 1270 5799 secundus
1303 5737 1557 5801 ἔπειθ”ἄν
1607 5745 1685 5807 δέ.
1738 5746 1870 5808 Mox
1902 5746 2046 5807 editi
2088 5761 2173 5805 cu]

2309 5747 2576 5809 rarium.

2297 5102 2651 5184 quibusdam
2680 5107 2919 5184 mss.~:6v
2949 5103 3123 5162 ἔλεον.
3158 5100 3592 5184 Αιίϐοιοογιὶοί
3622 5101 3939 5184 pri_muset

2298 5180 2549 5263 Quartus
2578 5202 2712 5245 cum
2739 5183 3101 5264 Regquarto
3126 5185 3187 5264 το
3204 5180 3678 5264 ἔλαιονρριίῑηο.
3699 5180 3935 5264 Etenim
