4102 6224
296 393 414 459 333
1395 391 1724 455 HOMILIA
1765 387 1844 455 ΙΝ
1889 387 2141 453 PSALM
2163 389 2264 451 UM
2317 385 2558 452 XXXII.
3558 383 3676 451 334

295 527 512 594 ταδίκην
545 527 615 606 γῆ
647 527 912 606 λεγόμεθα
967 529 1133 602 ἡμεῖς
1186 531 1232 584 οἱ
1281 527 1598 591 ἀκούσαντες
1631 527 1771 604 παρὰ
1815 531 1939 582 Θεοῦ

2029 528 2188 581 terra
2217 521 2470 582 .licimus
2493 540 2598 582 nos
2619 519 2719 602 qui
2740 519 2882 582 illud
2902 541 2935 581 a
2963 519 3082 581 Deo
3101 521 3456 582 audivimus:
3489 521 3678 583 Terra

291 620 374 697 τὸ,
427 621 502 686 Γή
535 619 612 691 εἴ,
652 621 736 674 καὶ
769 619 842 679 εἰς
888 615 988 694 γῆν
1048 615 1318 692 ἀπελεύσῃ
1352 633 1366 646 ⁸
1422 618 1477 671 0‘2
1508 613 1728 695 πλήρεις
1782 617 1939 692 ἐσμὲν

2028 627 2106 676 es.
2147 620 2202 672 et
2230 613 2294 671 in
2317 620 2547 673 terram
2566 612 2684 674 ibis
2699 612 2782 668 68.
2797 615 2975 670 Porro
2995 611 3204 690 repleti
3229 628 3434 671 sumus
3453 611 3558 672 Dei
3578 613 3678 672 mi-

291 713 395 763 τιῦν
427 709 713 784 οἰκτιρμῶν
752 713 846 764 τοῦ
916 713 1048 762 Θεοῦ
1084 721 1096 735 ⁶
1156 707 1386 784 Νεκροὺς
1445 706 1545 782 γὰρ
1597 703 1754 769 ὄντας
1804 709 1939 783 ἡμᾶς

2028 700 2448 774 serationibus;
2471 719 2605 761 cum
2631 703 2789 762 enim
2828 701 3052 761 liortuz'
3074 718 3336 761 essemus
3359 697 3591 760 delictis
3621 709 3680 760 et

284 809 415 858 ’ταῖς
474 797 752 874 ἁμαρτίαις
828 797 912 852 καὶ
983 808 1101 858 τοῖς
1174 795 1598 870 παραπτώμασιν
1658 792 1939 864 ἐλεήσαςὸ

2028 791 3075 868 peccatismisertusDeusvivi/ioavit
3093 807 3200 850 nos
3213 789 3674 851 cumChristoﬂ9.

293 888 421 951 Θεὸς
478 885 904 955 συνεζωοποίησε
963 891 1039 956 τῷ
1109 885 1340 962 Χριστῷ,
1394 886 1481 960 Τῷ
1553 884 1699 962 λόγῳ
1759 885 1944 963 Κυρίου

295 978 342 1032 oi
407 963 614 1054 οὐρανοὶ
697 975 1115 1046 ἐστερεώθησαν,
1205 979 1292 1029 καὶ
1381 977 1458 1048 τῷ
1537 976 1795 1049 πνεύματι
1852 975 1946 1031 106

295 1065 568 1139 στόματος
640 1065 799 1121 αὐτοῦ
855 1069 999 1119 πᾶσα
1069 1063 1104 1131 ἡ
1165 1061 1380 1138 δύναμις
1468 1065 1662 1124 αὐτῶν.
1740 1069 1844 1119 Ποῦ
1897 1067 1944 1119 οἱ

295 1155 359 1209 τὸ
411 1160 622 1228 Πνεῦμα
693 1151 1126 1222 ἐξουθενοῦντεςς
1175 1158 1276 1208 ποῦ
1335 1153 1382 1208 οὶ
1439 1155 1758 1232 χωρίζοντες
1816 1152 1944 1209 αὐτὸ

298 1243 403 1299 ἀπό
462 1247 560 1310 τῆς
618 1240 1002 1319 δημιουργικῆς
1048 1239 1365 1319 δυνάμεως;
1412 1250 1516 1299 ποῦ
1558 1244 1605 1299 οἱ
1661 1247 1759 1309 τῆς
1813 1243 1942 1322 πρὸς

305 1331 510 1408 Πατέρα
583 1331 670 1386 καὶ
756 1331 874 1385 Υἱὸν
953 1331 1231 1408 συναφείας
1313 1331 1440 1386 αὖτὸ
1523 1328 1943 1405 διατέμνοντεςς

303 1420 672 1476 ’Λκουέτωσαν
703 1426 796 1475 τοῦ
839 1418 1053 1493 ψαλμοῦ
1098 1418 1346 1496 λεγοντος
1383 1436 1396 1448 ·
1445 1423 1534 1493 Τῷ
1582 1418 1727 1496 λὸγῳ
1763 1422 1944 1498 Κυρίου

727 1507 1142 1586 ἐστερεώθησαν,
1237 1509 1324 1563 καὶ
1395 1515 1471 1582 τῷ
1533 1510 1782 1565 πνεύκατι
1854 1520 1946 1568 τοῦ

303 1597 567 1672 στόματος
645 1598 804 1654 αῦτοῦ
879 1604 1025 1653 πᾶσα
1103 1599 1137 1664 ἠ
1225 1595 1442 1666 δύναμις
1530 1600 1726 1658 αὗτῶν.
1816 1600 1945 1657 Οῧτε

303 1690 404 1767 γὰρ
441 1688 608 1764 Λόγος
639 1686 753 1767 (5),
803 1689 833 1752 ἦ
877 1688 1032 1754 κοινὴ
1084 1687 1215 1753 αῦτη
1260 1685 1439 1761 λαλιὰ,
1491 1689 1864 1762 νομισθήσεται
1896 1688 1946 1755 ἐξ

303 1513 348 1566 οἱ
438 1509 638 1586 οὐρανοὶ

2027 876 2280 941 Vansﬁ.
2325 879 2506 940 Verbo
2533 879 2768 941 Domini
2785 880 2915 941 cali
2938 879 3350 958 ﬁrmutisunt,
3381 885 3436 938 et
3459 883 3678 954 spiritu

2025 969 2151 1029 oris
2164 970 2295 1045 eius
2313 971 2509 1030 omnis
2522 965 3078 1030 virtuseorumﬂlii
3105 976 3243 1028 sunt
3265 969 3362 1046 qui
3387 966 3674 1044 Spiritum

2025 1056 2470 1120 ﬂoccifaciunt?
2503 1057 2604 1118 ubi
2625 1066 2762 1119 sunt
2793 1059 2893 1138 qui
2947 1056 3112 1118 illum
3147 1075 3178 1117 a
3213 1057 3474 1136 potentia
3505 1075 3676 1119 crea-

2031 1147 2176 1207 trice
2207 1147 2517 1225 separant"
2534 1146 2635 1208 ubi
2659 1148 2974 1228 quiipsum
3004 1165 3038 1208 a
3058 1148 3248 1208 Patris
3279 1165 3346 1206 ac
3380 1145 3511 1208 Filii
3539 1165 3680 1206 con-

2021 1235 2329 1314 jnnctiuue
2363 1235 2686 1298 dirimunt?
2715 1236 2975 1298 Audiant
3008 1235 3296 1314 psalmum
3329 1234 3622 1294 dicentem
3660 1257 3672 1294 :

2039 1323 2221 1386 Verbo
2241 1328 2481 1387 Domini
2493 1325 2629 1387 caeli
2647 1328 2876 1406 ﬁrmati
2891 1335 3056 1398 sunt,
3087 1334 3142 1386 et
3159 1326 3380 1404 spiritu
3402 1327 3529 1385 oris
3550 1326 3677 1398 eius

2027 1417 2223 1475 omnis
2239 1418 2433 1477 virtus
2448 1416 2894 1495 eorum.Neque
2913 1417 3072 1476 enim
3098 1415 3352 1475 Verbum
3380 1413 3674 1474 existima-

2029 1501 2192 1564 bitur
2210 1504 2547 1565 communis
2571 1505 2693 1566 haec
2747 1505 2963 1565 locutio
3009 1521 3302 1583 esse,quae
3325 1521 3393 1562 ex
3418 1502 3675 1562 nomini-

2029 1591 2140 1652 bus
2169 1612 2236 1652 ac
2263 1594 2623 1654 dictionibus
2646 1593 2919 1655 consistit
2953 1615 2965 1656 :
2995 1611 3192 1670 neque
3213 1592 3469 1673 Spiritus
3502 1609 3679 1670 vapor

2029 1681 2090 1742 in
2123 1699 2259 1743 aera
2284 1684 2551 1756 diffusus;
2579 1682 2681 1743 sed
2709 1694 2764 1743 et
2798 1681 3249 1762 Verbum,quod
3285 1682 3343 1742 in
3381 1680 3676 1760 principio

301 1778 579 1852 ὀνομάτων
615 1779 700 1833 καὶ
758 1778 1011 1854 ῥημάτων
1058 1778 1155 1843 τὴν
1207 1778 1453 1832 σύστασιν
1484 1776 1708 1857 ἔχουσα,
1739 1777 1852 1835 οὔτε
1883 1781 1939 1835 τὸ

2029 1781 2154 1830 erat
2179 1773 2332 1852 apud
2364 1775 2548 1835 Deum
2592 1773 2676 1844 70,
2705 1783 2761 1832 et
2815 1772 3077 1852 Spiritus
3106 1782 3368 1851 sanctus,
3393 1773 3491 1851 qui
3525 1770 3678 1832 hanc

304 1874 514 1940 Πνεῦμα
540 1865 696 1940 ἀτμὶς
743 1867 814 1930 εἷς
845 1865 972 1944 ἀέρα
1003 1864 1332 1944 διαχεομένη
1368 1881 1382 1895 ⁵
1421 1865 1558 1922 ἀλλὰ
1588 1869 1673 1924 καὶ
1718 1869 1885 1946 Λόγος
1917 1871 1939 1925 ὁ

2029 1863 2266 1939 proprie
2293 1864 2536 1923 sortitus
2558 1872 2648 1922 est
2669 1860 3673 1941 appellationem.Quemadmodum

299 1957 352 2012 ἐν
386 1957 530 2034 ἀρχῇ
572 1956 644 2011 ὢν
701 1957 832 2033 πρὸς
892 1957 980 2010 τὸν
1040 1957 1194 2027 Θεὸν,
1229 1956 1316 2011 καὶ
1349 1958 1558 2030 Πνεῦμα
1589 1958 1650 2012 τὸ
1679 1957 1854 2036 ἅγιον,
1916 1960 1939 2014 ὃ

2028 1949 2201 2028 igitur
2235 1949 2488 2012 Verbum
2515 1951 2708 2030 opifex
2741 1951 2993 2011 ﬁrmavit
3021 1951 3260 2028 caelum,
3299 1951 3385 2011 sic
3418 1947 3674 2028 Spiritus

294 2044 436 2105 ἰδίως
498 2051 598 2110 τῆς
651 2044 1010 2123 προσηγορίας
1063 2044 1260 2109 ταύτης
1304 2045 1624 2124 τεῑῦχηκεν.
1656 2045 1750 2107 Ὠς
1796 2049 1939 2104 οῦνὸ

2028 2040 2122 2118 qui
2158 2059 2225 2100 ex
2253 2040 2396 2108 Deo.
2424 2041 2580 2119 quia
2612 2042 2787 2101 Patre
2838 2038 3130 2119 procedit,
3165 2040 3276 2099 hoc
3310 2047 3420 2111 est,
3455 2039 3554 2118 qui
3605 2056 3674 2098 ex

297 2133 625 2210 δημιουργὸς
685 2138 857 2211 Λόγος
912 2133 1200 2212 ἑστερέωσε
1260 2135 1352 2189 τὸν
1403 2135 1642 2212 οὖρανόν,
1692 2136 1829 2192 οὕτω
1880 2139 1942 2195 τὸ

303 2230 516 2296 Πνεῦμα
562 2225 622 2279 τὸ
665 2223 724 2278 ἐκ
777 2223 869 2278 τόῦ
931 2229 1084 2302 Θεοῦ,
1125 2223 1152 2278 ὃ
1196 2224 1338 2300 παρὰ
1379 2224 1474 2280 τοῦ
1520 2227 1720 2301 Πατρὸς
1771 2229 1941 2284 ἔκπο-

298 2320 502 2391 ρεύεται
541 2312 853 2393 (τουτέστιν,
887 2313 914 2368 ὃ
973 2312 1034 2369 ἐκ
1094 2319 1185 2368 τοῦ
1218 2314 1482 2387 στόματος
1514 2315 1696 2386 αὖτοῦ,
1743 2315 1836 2372 ἵνα
1867 2318 1943 2390 μὴ

295 2405 404 2458 τῶν
448 2403 634 2468 ἔξωθέν
664 2425 713 2459 τι
759 2404 845 2457 καὶ
900 2407 1006 2458 τῶν
1059 2403 1366 2477 κτισμάτων
1415 2403 1540 2459 οὐτὸ
1585 2406 1790 2485 κρίνῃς,
1823 2404 1944 2462 ἀλλ’

298 2497 372 2555 ὡς
408 2493 466 2548 ἐκ
499 2500 629 2549 Θεοῦ
658 2491 790 2570 ἕχον
820 2493 914 2558 τὴν
963 2491 1256 2546 ὑπόστασιν
1301 2490 1576 2568 δοξάζῃς),
1611 2495 1819 2558 ἁπάσας
1849 2497 1942 2557 τὰς

300 2583 356 2636 ἐν
385 2585 526 2652 αὕτιῇ
553 2579 799 2654 δυνάμεις
848 2578 1186 2658 συνεπέφερε,
1243 2583 1328 2653 Τῷ
1377 2583 1464 2637 οῦν
1521 2582 1781 2639 Πνεύοιατι
1834 2589 1942 2638 πᾶ-

297 2693 366 2726 σα
396 2670 432 2736 ἦ
463 2671 676 2744 άύναμις
735 2673 768 2737 ἡ
833 2669 1143 2746 ἐπουράνιος
1192 2668 1269 2748 (6)
1302 2669 1592 2743 ἐστερεώθη
1629 2688 1642 2700 ⁸
1677 2671 1942 2747 τουτέστιν

296 2761 358 2815 τὸ
391 2759 599 2814 εὔτονον
645 2759 729 2813 καὶ
787 2758 978 2834 πάγιον
1037 2758 1123 2812 καὶ
1168 2755 1381 2833 βέϐαιον
1426 2764 1480 2813 ἑν
1532 2760 1804 2834 ἁγιασμῷ,
1857 2761 1944 2817 καὶ

297 2849 446 2924 πάσῃ
501 2853 568 2922 τῇ
611 2848 885 2924 πρεπούσῃ
939 2859 1064 2909 ταῖς
1107 2847 1276 2924 ἱεραῖς
1327 2844 1606 2922 δυνάμεσιν
1646 2849 1828 2926 ἀρετῇ,
1884 2851 1944 2906 ἐκ

291 2942 392 3004 τῆς
422 2944 516 2993 τοῦ
561 2938 860 3011 Πνεύματος
915 2935 1220 3014 ἐπικουρίας
1275 2935 1514 3015 ἔχουσιν,
1585 2937 1799 2994 Ἐνθάδε
1845 2938 1943 3013 μὲν

296 3035 386 3083 οῦν
431 3032 640 3099 Πνεῦμα
685 3027 952 3099 στόματος
1013 3028 1171 3082 αὐτοῦ
1219 3025 1614 3104 ἀναγέγραπται

2024 2145 2128 2188 ore
2148 2127 2307 2188 illius
2329 2140 2412 2188 est
2443 2130 2526 2207 (ut
2552 2147 2624 2189 ne
2649 2128 2843 2207 ipsum
2872 2137 3175 2189 externam
3205 2128 3522 2204 quamdam
3545 2143 3671 2186 rem

2022 2226 2120 2278 aut
2150 2232 2484 2278 creaturam
2520 2235 2650 2279 esse
2665 2217 2924 2296 judices,
2960 2218 3063 2278 sed
3091 2229 3367 2298 tanquam
3404 2219 3668 2297 hyposta-

2024 2305 2131 2368 sim
2168 2326 2234 2367 ex
2273 2306 2392 2366 Deo
2420 2306 2737 2368 habentem
2769 2307 3114 2388 glorifices),
3147 2326 3357 2368 omnes
3386 2307 3515 2386 ejus
3546 2306 3671 2364 vir-

2025 2403 2180 2456 tutes
2202 2396 2377 2455 simul
2405 2395 3105 2476 intulitJtaquecmlestis
3123 2396 3316 2457 omnis
3335 2397 3522 2456 virtus
3544 2392 3674 2474 Spi-

2027 2483 2141 2544 ritu
2177 2485 2403 2545 firmata
2427 2493 2516 2545 est
2550 2504 2564 2544 :
2597 2484 2708 2545 hoc
2740 2493 2854 2553 est.
2884 2485 3268 2565 soliditatem,
3294 2485 3672 2546 firmitatem-

2028 2593 2144 2652 que
2176 2586 2234 2636 et
2256 2575 2671 2638 constantiam.
2718 2574 2778 2635 in
2812 2575 3141 2649 sanctitate,
3178 2583 3236 2635 et
3265 2575 3428 2634 omni
3460 2573 3674 2633 virtute

2028 2665 2214 2726 sacris
2245 2664 2632 2743 potestatibus
2655 2664 3143 2741 conveniente,ex
3180 2663 3433 2744 Spiritus
3458 2661 3672 2724 auxilio

2026 2754 2219 2815 habet.
2256 2755 2361 2816 Hic
2411 2756 2592 2834 igitur
2619 2754 2878 2834 Spiritus
2921 2754 3041 2815 oris
3083 2755 3212 2834 ejus
3242 2754 3497 2834 scriptus
3557 2761 3668 2815 est.

2025 2841 2404 2905 Inveniemus
2427 2853 2622 2905 autem
2641 2843 2782 2905 alibi
2805 2844 3138 2905 etVerbum
3167 2843 3289 2905 oris
3318 2843 3503 2924 ipsius
3538 2843 3674 2902 156

2025 2932 2272 3006 dictum,
2313 2943 2374 2995 ut
2423 2932 2782 3013 intelligatur
2839 2932 3106 2994 Salvator
3163 2934 3317 3012 ipse,
3351 2940 3410 2993 et
3431 2941 3671 2992 sanctus

1651 3042 1664 3058 ο
1713 3029 1997 3104 εῦρήσο-Α
2025 3021 2153 3100 ejus
2175 3023 2433 3101 Spiritus
2464 3041 2530 3082 ex
2568 3025 2762 3084 Patre.
2820 3021 3111 3097 Quoniam
3167 3023 3340 3101 igitur
3397 3019 3673 3083 Servator

293 3139 394 3190 μεν
426 3114 479 3170 δὲ
507 3115 752 3195 ἀλλαχοῦ
806 3116 894 3172 καὶ
944 3117 1111 3190 Λόγον
1159 3115 1421 3190 στόματος
1448 3118 1604 3172 αὖτοῦ
1635 3119 1931 3196 εἰρημένον,

2028 3091 2283 3171 Verbum
2313 3112 2548 3173 Domini
2582 3120 2763 3183 est,et
2791 3091 3051 3192 spiritus
3073 3091 3316 3173 sanctus
3347 3112 3466 3172 oris
3487 3111 3672 3190 ipsius

289 3206 388 3259 ’ἕνα
419 3209 585 3281 νοηθῇ
616 3208 642 3261 ὁ
677 3206 866 3281 Σωτὴρ
900 3205 1001 3276 (7),
1063 3205 1148 3259 καὶ
1204 3206 1264 3259 τὸ
1319 3204 1470 3278 ἅγιον
1524 3209 1682 3262 αῦτοῦ
1728 3207 1940 3282 Πνεῦμα

289 3299 357 3350 ὲκ
389 3302 481 3351 τοῦ
515 3297 742 3373 Πατρὸ;.
783 3293 931 3351 Ἐπεὶ
969 3300 1057 3350 οῦν
1104 3295 1274 3370 Λόγος
1306 3293 1402 3367 μὲν
1437 3294 1622 3370 Κυρίου
1661 3296 1688 3350 ὀ
1721 3297 1934 3368 Σωτὴρ,

291 3386 382 3439 καὶ
416 3390 626 3458 Πνεῦμα
680 3386 772 3439 106
830 3383 1096 3453 στόματος
1157 3384 1314 3441 αὐτοῦ
1370 3383 1429 3438 τό
1489 3383 1643 3458 ἅγιον
1700 3391 1934 3464 Πνεῦμα,

292 3473 566 3552 ἀμφότερα
617 3471 670 3528 δὲ
729 3473 1032 3549 συνήργησε
1099 3478 1166 3547 τῇ
1211 3469 1379 3526 κτίσει
1424 3479 1528 3527 τῶν
1570 3473 1800 3549 οὖρανῶν
1851 3476 1938 3530 καὶ

295 3570 402 3618 τῶν
446 3561 500 3616 ἒν
545 3563 728 3622 αῦτοῗς
761 3559 1056 3636 δυνάμεων,
1091 3557 1175 3615 διὰ
1205 3567 1359 3616 τοῦτο
1409 3560 1621 3636 εἴρηται
1660 3581 1671 3591 ·
1714 3569 1795 3635 Τῴ
1829 3565 1936 3618 Λό-

295 3674 377 3728 γῳ
466 3653 651 3725 Κυρίου
735 3653 785 3706 οἱ
888 3651 1093 3726 οὐρανοὶ
1177 3648 1607 3726 ἐστερεώθησαν,
1697 3651 1781 3706 καὶ
1865 3659 1940 3725 τῷ

299 3741 570 3814 Πνεύματι
639 3747 732 3796 τοῦ
818 3739 1086 3814 στόματος
1173 3741 1330 3796 αὐτοῦ
1407 3744 1552 3794 πᾶσα
1629 3741 1662 3807 ἡ
1722 3736 1938 3811 δύναμις

296 3831 490 3886 αῦτῶν.
557 3827 716 3888 Οὐδὲν
775 3830 873 3906 γὰρ
913 3828 1209 3905 ἁγιάζεται,
1267 3829 1309 3883 εἷ
1344 3828 1421 3902 μὴ
1453 3827 1546 3904 (8)
1594 3834 1656 3904 τῇ
1685 3830 1940 3906 παρουσίᾳ

293 3921 389 3974 τοῦ
449 3919 776 3992 Πνεῦματος.
815 3915 1087 3995 ’Λγγέλων
1138 3918 1260 3994 γοῦν
1291 3917 1390 3983 τὴν
1433 3917 1532 3989 μὲν
1563 3919 1634 3978 εἷς
1684 3920 1744 3974 τὸ
1789 3919 1936 3974 εἶναι

294 4007 524 4086 πάροδον
575 4009 601 4063 ὁ
663 4005 983 4083 δημιουργὸς
1049 4005 1222 4082 Λὸγος
1282 4008 1307 4061 ὁ
1363 4007 1592 4072 ποιητὴς
1641 4012 1740 4062 τῶν
1800 4005 1938 4062 ὅλων

293 4097 631 4174 παρείχετο·
690 4099 782 4150 τὸν
842 4095 1106 4173 ἀγιασμὸν
1163 4091 1215 4148 δὲ
1273 4096 1450 4159 αὖτονς
1517 4097 1579 4150 τὸ
1637 4101 1849 4170 Πνεῦμα
1879 4097 1940 4152 τὸ

291 4187 444 4263 ἅγιον
477 4183 842 4264 συνεπέφερεν.
915 4187 986 4241 06
1033 4185 1132 4261 γὰρ
1181 4185 1361 4252 νήπιοι
1411 4184 1707 4247 κτισθέντες
1757 4187 1802 4242 οἱ
1834 4186 1937 4263 ἅγ-

291 4273 467 4353 γελοι,
501 4273 624 4330 εἶτα
661 4273 1025 4335 τελειωθέντες
1072 4273 1137 4347 τῇ
1171 4271 1291 4327 κατ’
1348 4269 1530 4349 ὀλίγον
1571 4273 1797 4352 μελέτῃ,
1845 4273 1936 4330 οῦ-

291 4386 397 4428 τως
459 4363 592 4427 ἄξιοι
657 4368 754 4429 τῆς
817 4370 906 4418 τοῦ
952 4363 1255 4435 Πντύματος
1309 4359 1585 4441 ὑποδοχῆς
1629 4364 1931 4440 γεγὸνασιν·

2022 3198 2279 3278 Spiritus
2305 3213 2413 3280 est,
2453 3213 2703 3281 uterque
2724 3209 2919 3263 autem
2946 3201 3004 3261 in
3037 3201 3201 3263 caelis
3233 3209 3518 3262 eteorum
3550 3199 3670 3260 vir-

2022 3290 2254 3352 tutibus
2279 3292 2552 3352 creandis
2583 3291 2801 3370 pariter
2853 3309 3095 3371 operam
3141 3291 3414 3369 contulit,
3447 3289 3669 3350 idcirco

2020 3379 2242 3440 dictum
2274 3380 2589 3442 est:Verbo
2605 3379 3003 3442 Dominioaeli
3017 3381 3252 3459 ﬁrmati
3271 3388 3496 3459 sunt,et
3527 3379 3668 3456 Spi-

2022 3471 2145 3532 ritu
2159 3477 2288 3532 oris
2300 3473 2359 3548 ej
2365 3488 2432 3531 us
2450 3473 2642 3532 omnis
2655 3471 2847 3531 virtus
2863 3487 3067 3532 eorum
3080 3470 3263 3532 .Nibil
3279 3469 3437 3531 enim
3460 3469 3674 3530 sancti-

2023 3565 2196 3619 tatem
2229 3560 2722 3640 adipiscitur,nisi
2749 3578 2860 3639 per
2890 3557 3148 3639 Spiritus
3175 3560 3362 3621 sancti
3397 3577 3665 3640 praesen-

2024 3649 2184 3709 tiam.
2223 3651 2426 3723 Itaque
2477 3649 2632 3729 quod
2685 3649 2877 3726 angeli
2907 3658 3068 3723 sunt,
3101 3650 3174 3710 ab
3200 3650 3416 3728 opifice
3472 3648 3666 3710 Verbo

2023 3738 2434 3798 universtirum
2465 3738 2774 3800 conditore
2803 3737 3024 3799 habent
3058 3756 3071 3800 :
3101 3738 3188 3800 eis
3217 3757 3355 3800 vero
3379 3739 3665 3800 sanctita-

2020 3835 2135 3887 tem
2166 3828 2418 3900 Spiritus
2443 3837 2681 3888 sanctus
2704 3828 3179 3908 impertivit.Non
3213 3830 3374 3890 enim
3413 3828 3668 3889 infantes

2021 3917 2200 3976 creati
2227 3928 2362 3977 sunt
2392 3918 2614 3992 angeli,
2649 3917 2869 3980 deinde
2895 3919 3171 3997 paulatim
3209 3918 3489 3980 exercitio
3523 3935 3665 3996 per-

2020 4005 2184 4074 fecti,
2217 4008 2300 4067 sic
2337 4007 2478 4068 facti
2509 4017 2644 4068 sunt
2675 4007 2835 4087 digni
2869 4007 2968 4087 qui
2991 4005 3277 4088 Spiritum
3297 4007 3666 4085 reciperent;

2021 4097 2124 4155 sed
2156 4097 2213 4156 in
2241 4095 2426 4176 prima
2450 4098 2894 4176 constitutione,
2925 4106 2980 4158 et
3013 4115 3128 4157 una
3159 4115 3292 4158 cum
3325 4093 3669 4156 substantia:

2022 4203 2142 4245 sua:
2175 4186 2338 4264 quasi
2373 4187 2626 4248 mixtura
2683 4187 2934 4247 infusam
2971 4185 3232 4246 habuere
3265 4185 3660 4247 sanctitatem.

2023 4272 2397 4353 Quapropter
2429 4276 2600 4335 etiam
2635 4293 2788 4354 aegre
2814 4275 2885 4334 ad
2917 4274 3198 4334 malitiam
3224 4281 3572 4334 convertere
3603 4291 3668 4334 se

2023 4374 2288 4443 possunt,
2324 4366 2543 4445 quippe
2574 4372 2671 4445 qui
2705 4364 2868 4427 illico
2890 4363 3307 4444 sanctimonia,
3337 4363 3510 4425 veluti
3544 4363 3665 4424 tin-

289 4452 412 4509 ἀλλ’
445 4455 498 4508 ἐν
546 4457 614 4528 τῇ
665 4451 850 4532 πρώτη
908 4451 1152 4506 συστάσει
1213 4452 1300 4506 καὶ
1344 4456 1420 4522 τῷ
1475 4453 1628 4506 οἱονεὶ
1673 4453 1935 4532 φυράματι

2028 4462 2183 4513 ctura
2207 4455 2457 4534 quadam
2493 4453 2857 4514 corroborati
2919 4453 3056 4526 sint,
3101 4453 3564 4532 firmitatemque
3604 4453 3664 4511 in

287 4546 389 4608 τῆς
450 4541 626 4604 οῦαίας
670 4545 839 4599 αῦτιῦν
896 4537 1423 4617 συγκαταϐληθεῖσαν
1478 4541 1554 4616 (9)
1612 4541 1776 4620 ἔσχον
1838 4543 1937 4607 τὴν

2028 4539 2232 4603 virtute
2264 4563 2330 4604 ac
2358 4544 2744 4606 constantiam
2782 4542 2938 4604 dono
2995 4542 3253 4621 Spiritus
3283 4542 3469 4604 sancti
3502 4559 3668 4603 acce-

287 4630 574 4708 ἆγιὸτητα.
616 4632 708 4685 Διὸ
753 4633 841 4685 καὶ
872 4627 1246 4702 δυσμετάθετοί
1275 4629 1372 4683 εἱσι
1423 4631 1554 4706 πρὸς
1585 4630 1795 4703 κακίαν,
1842 4630 1934 4685 e6—
2022 4631 2244 4710 perint,

287 4721 403 4798 θὺς,
437 4720 588 4775 οἱονεὶ
629 4719 774 4799 βαφῇ
794 4740 921 4796 τινι,
984 4724 1058 4791 τῷ
1120 4718 1370 4794 ἁγιασμῳ
1413 4718 1797 4798 στομωθὲντες,
1849 4721 1937 4776 καὶ
1987 4722 2048 4776 τὸ
2079 4723 2304 4795 μόνιμον
2355 4726 2427 4785 εἰς
2478 4724 2669 4800 ἀρετὴν
2700 4730 2766 4800 τῇ
2795 4722 2963 4800 δωρεᾷ
3007 4725 3097 4778 τοῦ
3144 4723 3300 4799 ἁγίου
3360 4722 3664 4796 Πνεύματος

295 4808 537 4888 ἔχοντες,

371 4941 438 4992 68
465 4942 614 5005 Gen.
651 4957 741 5016 Ill,
775 4941 867 5004 19.
952 4939 1016 4989 69
1046 4939 1266 5020 Ephes.
1297 4956 1360 5016 ιι,
1389 4941 1447 5003 5.

378 5077 461 5158 (5)
497 5074 686 5136 Editio
719 5074 906 5158 P_aris.
933 5079 960 5132 ὃ
994 5074 1187 5158 Λόγος.
1223 5074 1339 5134 Sed
1375 5073 1544 5158 deest
1563 5075 1849 5158 articulus
1875 5079 1936 5140 in

291 5153 394 5219 sex
430 5153 710 5217 mss..\lox
744 5155 888 5231 Reg.
912 5153 1209 5217 secundus
1244 5162 1451 5229 Πνεῦμα
1483 5157 1542 5211 τό
1572 5155 1724 5232 ἅγιον
1754 5158 1933 5235 ἀτμίς.

376 5237 460 5314 (6)
493 5235 663 5297 Colb.
703 5236 932 5316 primus
955 5242 987 5301 ir.
1019 5237 1276 5314 οὖράνιος.

381 5317 465 5397 (7)
497 5317 640 5392 Reg.
679 5315 884 5397 tertius
912 5316 1005 5371 ἵνα
1057 5317 1348 5397 νομισθῇὸ
1400 5315 1610 5397 Σωτήρ,
1661 5316 1782 5397 δ’οχ
1835 5323 1935 5376 αὖ-

292 5393 411 5467 τοῦ,
445 5393 576 5476 qua;
603 5396 867 5475 proxime
917 5402 1213 5472 sequitur,
1270 5394 1438 5476 deest
1468 5393 1762 5476 in‘tnultis
1796 5415 1939 5459 mss.

295 5477 416 5540 Sed
451 5471 766 5558 éam_'male
799 5471 1078 5558 omissam
1113 5493 1244 5535 esse
1283 5493 1316 5558 a
1346 5471 1604 5534 librariis
1636 5487 1938 5558 putamus,

297 5566 422 5619 tum
455 5556 609 5637 quod
646 5557 706 5637 in
739 5556 1660 5637 multisaliismss.legatur,tum
1687 5556 1940 5620 maxime

339 5637 455 5698 uod
475 5635 825 5698 inveniatur
853 5642 910 5696 in
946 5635 1248 5696 Eusebio:
1303 5652 1334 5695 a
1388 5652 1505 5712 quo
1556 5641 1741 5695 totum
1789 5637 1936 5698 illud

317 5713 814 5814 iagmentummti
830 5717 888 5777 in
916 5714 1257 5814 praefatipne
1279 5713 1484 5814 pstend
1493 5714 1765 5814 itumsum
1776 5726 1936 5796 ptum

295 5790 413 5860 est:
442 5797 627 5858 Aliter
656 5790 728 5858 de
755 5796 881 5876 illo,
916 5790 1351 5876 ἒκῗτοῦᾷυατρός,
1378 5790 1938 5876 Ῑυιιίοιιηιὶιιηιόθη-

292 5894 520 5942 scmus.
571 5877 718 5940 Cum
771 5874 932 5939 enim
977 5874 1149 5956 illud,
1192 5877 1256 5935 tm
1283 5881 1377 5931 106
1408 5879 1638 5952 Πατρός,
1675 5875 1831 5938 desit
1878 5880 1940 5942 in

1534 4939 1800 5005 7010an.
1839 4960 1878 5018 ι,
1921 4945 1974 5006 1.

2021 5083 2223 5142 multis
2257 5100 2424 5155 mss.,
2461 5099 2570 5142 nec
2602 5078 2828 5158 legatur
2856 5096 3096 5158 quoque
3117 5076 3667 5158 inﬂammentariis

2024 5162 2284 5236 Eusebii,
2322 5161 2378 5221 id
2417 5163 2531 5223 huc
2566 5156 2766 5240 inepte
2787 5156 3144 5221 accersitum
3177 5156 3358 5219 fuisse
3385 5157 3539 5219 haud
3568 5159 3662 5220 in-

2013 5241 2174 5322 juria
2205 5241 2368 5302 credi
2405 5251 2614 5322 potest.

2105 5324 2179 5401 (8)
2223 5322 2373 5382 Editi
2405 5318 2462 5382 et
2490 5324 2636 5399 Reg.
2679 5327 2879 5401 sextus
2909 5326 2968 5380 et
2999 5318 3167 5401 Colb.
3224 5318 3464 5401 quintus
3486 5320 3528 5401 εἰ
3559 5320 3660 5390 μή.

2026 5397 2198 5465 Deest
2235 5407 2275 5458 εἰ
2310 5404 2366 5463 in
2417 5397 2652 5463 Eusebii
2688 5397 3164 5479 Commentariis,
3222 5397 3279 5459 et
3310 5398 3368 5458 in
3402 5397 3668 5479 quinque

2027 5501 2146 5543 mss
2210 5485 2339 5545 Mox
2399 5483 2578 5542 editio
2633 5480 2818 5544 Paris.
2879 5483 2904 5535 ὁ
2963 5477 3280 5556 δημιουργὸς
3312 5477 3587 5535 τιῦνίὸλων
3639 5481 3666 5533 ὁ

2022 5567 2251 5630 ποιητὴς
2286 5565 2452 5639 Λόγος
2499 5562 3132 5641 παρείχετομιξοοίυεθ.
3166 5558 3557 5641 Restituimus
3606 5565 3667 5617 et

2023 5660 2093 5702 ex
2126 5652 2328 5703 uisset
2354 5637 2419 5702 ex
2444 5637 2588 5720 ipsis
2608 5637 2848 5703 Eusebii
2865 5640 3320 5720 commentariis
3341 5637 3660 5718 pristinum

2023 5741 2091 5782 ac
2121 5725 2448 5795 genuinum
2472 5719 2801 5782 verborum
2832 5719 3127 5781 ordinem.
3165 5731 3168 5734 ’

2105 5804 2192 5881 (‘3)
2223 5803 2391 5865 tjolb.
2426 5813 2670 5883 quartus
2721 5799 3288 5883 συγκατσιϐληθείσης,Δ
3323 5817 3438 5883 non
3472 5803 3655 5883 recte.

2023 5877 2205 5948 Paulo
2232 5895 2366 5966 post
2391 5877 2654 5967 quinque
2675 5877 2820 5945 mss.
2851 5885 2924 5950 ὡς
2956 5883 3142 5944 ἀσκόν.
3183 5877 3340 5943 Editi
3365 5879 3510 5939 ὡσεί.
