4102 6224
413 273 536 339 363
1765 266 1825 328 S.
1874 266 2064 330 BASI]

2152 269 2154 327 ί
2199 269 2252 328 Μ
2260 264 2444 330 AGNI
3673 264 3796 328 364

418 407 743 471 auditionis
777 408 911 468 ﬁnis
933 403 1073 468 est?
1102 402 1365 465 Liberari
1393 420 1461 463 ex
1495 400 1775 463 omnibus
1809 397 2064 463 tribula-

2152 404 2386 477 κοσμικά
2442 411 2627 474 ζητεῖν
2679 402 2826 482 (83),
2888 412 2978 461 τοῦ
3033 405 3271 461 τοιούτω
3333 406 3367 471 ἠ
3419 403 3624 480 κραυγή
3680 404 3803 458 εἱσο

421 497 707 576 tionibus,
738 496 888 558 adeo
912 505 973 556 ut
998 513 1113 556 non
1146 494 1230 554 sis
1258 492 1576 571 sauciatus,
1603 508 1722 551 non
1743 489 2060 573 frangaris,

2152 494 2382 560 ακουστὴ
2439 500 2516 567 τῷ
2578 495 2771 572 Κυρίῳ.
2836 494 2896 550 Τί
2954 493 3040 549 οὖν
3084 496 3144 548 τὸ
3175 491 3325 558 τέλος
3356 491 3453 558 τῆς
3482 491 3644 559 ἀκοῆς
3677 512 3695 565 ;
3728 494 3803 550 T6

420 607 616 668 neque
629 586 824 650 carnis
843 585 1079 646 aﬂ‘ectui
1094 580 1630 661 manciperis.Quis
1651 579 1828 658 igitur
1853 581 2064 643 modus

2152 583 2397 660 ῥυσθῆναι
2459 583 2565 639 ἀπὸ
2613 582 2798 639 πασῶν
2827 589 2931 639 τῶν
2995 581 3224 658 θλίψεων
3273 582 3531 660 ἄτρωτον,
3569 582 3647 655 μὴ
3670 588 3800 644 ὑπο.

421 696 528 756 per
550 695 726 757 quem
744 674 1030 735 liberatur
1047 669 1610 751 pauper?tVEns.8.)
1633 670 1854 731 Castra
1877 678 2063 732 meta-

2152 671 2562 746 κατακλιθέντα,
2631 671 2766 747 μηδὲ
2848 670 3154 731 δουλεύοντα
3210 678 3287 746 τῷ
3344 673 3642 752 φρονήματι
3702 675 3802 739 τῆς

424 765 587 827 bitur
607 764 856 841 angelus
892 762 1143 822 Domini
1169 763 1234 822 in
1257 760 1516 822 circuitu
1538 760 1878 821 timentium
1901 778 2063 841 eum,

2160 763 2375 840 σαρκός.
2442 762 2529 826 Τίς
2561 768 2652 818 οὖν
2715 761 2803 817 καὶ
2832 763 2858 817 6
2887 762 3080 840 τρόπος
3108 759 3175 817 δι’
3206 769 3263 817 06
3289 761 3463 838 ῥύεται
3489 762 3515 816 6
3547 762 3798 839 πτωχόςς

423 861 480 916 et
501 856 720 932 eripiet
745 868 865 912 eos.
901 852 1334 929 lnterpretatus
1357 856 1444 910 est
1465 867 1642 928 quem
1667 847 1826 909 dicat
1851 867 2064 930 paupe.

2160 848 2502 930 Παρεμϐαλετ
2577 849 2810 929 ἅγγελος
2885 851 3067 928 Κυρίου
3163 848 3339 924 κύκλῳ
3416 856 3519 906 τῶν
3599 847 3799 930 φοϐου-

419 961 570 1022 rem,
597 943 901 1002 timentem
922 940 1204 1002 videlicet
1227 938 1577 1001 Dominum.
1609 937 1842 1000 Idcirco
1865 939 1966 1019 qui
1992 939 2064 1003 ti-

2159 941 2330 1017 μένων
2398 941 2575 999 αὐτὸν.
2637 942 2724 996 καὶ
2782 940 2990 1017 ῥύσεται
3051 939 3258 1003 αὐτούς.
3294 937 3627 1016 Ἠρμήνευσε
3679 940 3800 996 τίνα

423 1031 768 1104 met,adhuc
793 1030 850 1089 in
884 1029 1042 1091 servi
1074 1028 1285 1090 ordine
1318 1037 1412 1090 est
1446 1048 1460 1091 :
1496 1026 1597 1108 qui
1620 1043 1763 1089 vero
1787 1029 2064 1091 charitate

2157 1029 2299 1108 λέγει
2358 1031 2447 1086 τὸν
2504 1031 2752 1110 πτωχὸν,
2787 1031 2876 1086 τὸν
2906 1027 3227 1108 φοϐούμενον
3260 1031 3350 1084 τὸν
3385 1030 3590 1106 Κύριον,
3649 1029 3798 1084 Διότι

421 1120 722 1203 perfectus
746 1120 982 1199 est,jam
1015 1118 1087 1180 ad
1108 1118 1213 1178 ﬁlii
1240 1117 1590 1196 dignitatem
1616 1116 2064 1181 ascendit.Hinc

2155 1122 2181 1176 6
2223 1117 2549 1199 φοϐούμενος
2582 1118 2655 1175 ἔτι
2731 1119 2784 1175 ἐν
2837 1119 2903 1194 τῇ
2929 1128 3020 1177 τοῦ
3049 1117 3238 1176 δούλου
3269 1117 3410 1184 τάξει
3455 1118 3618 1176 ἐστίν.
3650 1115 3711 1175 Ὀ
3744 1115 3798 1173 δὲ

420 1229 630 1273 servus
663 1209 837 1270 etiam
876 1226 1098 1289 pauper
1123 1207 1364 1283 dicitur,
1395 1215 1708 1287 prepterea
1731 1207 1885 1286 quod
1918 1207 2064 1269 nihil

2152 1211 2250 1265 ὑπὸ
2305 1209 2402 1277 τῆς
2468 1210 2684 1287 ἀγάπης
2732 1207 3140 1284 τετελειωμένος
3213 1210 3343 1286 πρὸς
3400 1211 3499 1274 τὴν
3551 1217 3642 1267 τοῦ
3681 1209 3798 1263 υἱοῦ

421 1300 600 1364 habet
618 1297 1030 1380 propriiztilius
1045 1315 1181 1358 vero
1192 1297 1320 1376 jam
1345 1296 1508 1358 dives
1529 1302 1642 1376 est,
1677 1296 1839 1373 quod
1871 1295 2064 1359 bono-

2152 1298 2338 1355 λοιπὸν
2364 1299 2512 1364 ἀξίαν
2569 1297 2824 1376 ἀνέδραμε
2876 1298 3029 1379 (84),
3069 1298 3261 1376 Διόπερ
3304 1301 3330 1354 ὁ
3355 1299 3453 1373 μὲν
3486 1297 3670 1359 δοῦλος
3703 1300 3797 1353 καὶ

421 1410 553 1452 rum
579 1400 962 1470 paternorum
981 1388 1057 1448 sit
1080 1385 1516 1449 bmres.Castra
1539 1385 1719 1463 igitur
1739 1387 2064 1449 metabitur

2152 1390 2371 1466 πτωχὸς
2403 1386 2635 1465 λέγεταί,
2687 1395 2764 1463 τῷ
2820 1387 2984 1464 μηδὲν
3042 1387 3181 1445 ’ίδιον
3255 1387 3425 1467 ἕχει-θ’
3478 1391 3506 1442 6
3563 1385 3621 1442 δὲ
3682 1388 3796 1445 υἱὸς

423 1479 930 1559 angelusDomim’
949 1479 1011 1538 in
1031 1477 1294 1537 circuitu
1310 1476 1655 1538 timentium
1669 1475 2064 1538 eum.Assidel

2152 1475 2256 1545 ἢδη
2316 1479 2402 1534 καὶ
2461 1475 2736 1552 πλούσιος,
2797 1483 2874 1550 τῷ
2931 1476 3264 1555 κληρονόμος
3297 1477 3436 1533 εἶναι
3464 1484 3568 1533 τῶν
3598 1499 3795 1553 πατρι-

422 1569 670 1649 angelus
689 1566 937 1649 cuilibet
959 1566 1018 1627 in
1041 1565 1360 1649 Dominum
1395 1564 1685 1649 credenti,
1717 1564 1830 1649 nisi
1862 1583 1972 1649 nos
1993 1566 2064 1626 il-

2152 1572 2261 1623 κῶν
2308 1568 2540 1644 ἀγαθῶν.
2621 1565 2962 1645 Παρεμόαλεϊ
3027 1575 3114 1624 οὖν
3164 1565 3391 1644 ἅγγελος
3453 1568 3638 1644 Κυρίου
3697 1567 3798 1621 κύ-

426 1645 548 1712 lum
611 1647 894 1729 operibus
945 1646 1139 1728 pravis
1168 1645 1497 1724 abigamus.
1557 1645 2064 1718 Quemadmodum

2153 1654 2266 1727 κλῳ
2308 1661 2413 1711 τῶν
2501 1653 2842 1735 φοϐουμένων
2923 1656 3102 1715 αὐτόν.
3183 1657 3345 1712 Παντὶ
3421 1657 3800 1712 πεπιστευκότι

426 1740 586 1800 enim
601 1738 796 1798 fumus
807 1753 948 1817 apes
963 1735 1214 1813 fugat,et
1228 1734 1379 1824 fetor
1396 1733 2064 1824 columbasexpellitzsic

2155 1746 2226 1808 εἰς
2278 1746 2370 1801 τὸν
2417 1742 2611 1821 Κύριον
2664 1743 2887 1823 ἅγγελος
2939 1745 3264 1824 παρεδρεύει,
3313 1746 3403 1801 ἐὰν
3449 1748 3660 1821 μήποτε
3697 1751 3798 1804 αὖ·

425 1828 701 1908 angelum
725 1827 856 1887 vitae
879 1832 1093 1887 nostrae
1116 1823 1423 1886 custodem
1441 1822 1823 1903 lacrymabile
1844 1841 1912 1885 ac
1928 1842 2064 1902 gra-

2152 1835 2242 1889 τὸν
2288 1835 2452 1908 ἡμεῖς
2501 1836 2569 1890 ἐπ
2625 1839 2730 1890 τῶν
2750 1822 3207 1913 γπονηρῶνήὲργων
3256 1833 3661 1910 ἀποδιώξωμεν.
3700 1834 3802 1900 Ὠς

423 1919 664 1980 veolens
695 1923 1004 1998 peccatum
1032 1911 1456 2004 abigit.0pera
1486 1912 1774 2004 custodite
1788 1913 2064 2004 angelicae

2152 1923 2250 2001 γὰρ
2307 1924 2401 1986 σὰς
2453 1921 2704 1998 μελίσσας
2759 1911 2954 1989 καπνὸς
3017 1911 3312 2004 φυγαδεύει,
3365 1926 3450 1981 καὶ
3503 1926 3600 1986 τὰς
3640 1946 3801 2003 περι-

426 2009 601 2086 digna
634 2007 694 2066 in
730 2013 827 2066 tua
859 2005 1056 2066 anima
1081 2003 1129 2063 si
1165 2003 1478 2076 babeas,et
1506 2020 1677 2063 mens
1711 2001 1772 2062 in
1803 2003 2067 2064 veritatis

427 2096 932 2177 contemplatione
993 2094 1158 2156 dives
1185 2093 1244 2153 in
1274 2103 1332 2154 te
1362 2092 1670 2164 inhabitet,
1725 2091 1800 2152 ob
1833 2091 2064 2154 divitias

423 2187 842 2269 praeclarorum
877 2201 1125 2265 operum
1156 2181 1575 2258 virtutis,Deus
1596 2183 1931 2244 necessario
1949 2183 2061 2244 sti-

424 2277 726 2358 pulatores
757 2274 863 2336 tibi
895 2284 952 2336 et
983 2273 1260 2334 custodes
1281 2271 1793 2353 constituit,teque
1815 2273 2061 2350 angelo-

423 2387 554 2429 rum
590 2365 918 2428 communit
947 2363 1241 2425 custodia.
1277 2361 1599 2425 Considera
1628 2369 1821 2423 autem
1846 2371 2064 2443 quanta

423 2457 501 2518 sit
529 2456 876 2536 angelorum
910 2451 1638 2532 natura,quandoquidem
1657 2451 2064 2514 exercituitoti

427 2555 484 2608 et
541 2547 749 2607 castris
780 2541 1076 2624 frequenti
1123 2542 1309 2604 milite
1348 2540 1588 2603 refertis
1633 2542 1882 2621 angelus
1911 2559 2062 2603 unus

423 2635 1088 2716 comparatur.Propter
1110 2630 1581 2707 magnitudinem
1610 2631 1785 2708 igitur
1803 2632 1934 2711 ejus
1964 2631 2062 2712 qui

427 2734 481 2788 te
507 2725 784 2800 custodit,
821 2723 1110 2787 Dominus
1135 2731 1328 2783 castra
1352 2718 1459 2782 tibi
1480 2721 1742 2801 impertit
1774 2741 1788 2784 :
1827 2730 2066 2802 propter

424 2815 826 2877 fortitudinem
879 2831 1016 2874 vero
1047 2811 1266 2890 angeli,
1311 2809 1496 2872 tutela
1527 2809 1715 2892 ipsius
1745 2829 1855 2872 ceu
1891 2829 2062 2872 muro

422 2904 734 2966 undelibet
765 2913 821 2966 te
853 2902 1069 2964 munit.
1102 2900 1250 2962 Nam
1311 2899 1482 2980 illud,
1528 2898 1600 2961 In
1631 2901 1914 2972 circuitu,
1952 2901 2064 2962 hoc

2151 2012 2338 2089 στεράς
2399 2011 2622 2068 δυσωδία
2670 2012 2954 2078 ἐξελαύνειο
3021 2013 3160 2069 οὕτω
3189 2015 3275 2070 καὶ
3323 2015 3411 2069 τὸν
3456 2013 3665 2091 φύλακα
3696 2020 3801 2080 τῆς

2147 2103 2289 2172 ζωῆς
2361 2104 2514 2176 ἡμῶν
2568 2100 2790 2181 ἄγγελον
2834 2104 2868 2170 ἠ
2913 2102 3237 2181 πολύδακρυς
3271 2104 3357 2159 καὶ
3402 2101 3642 2170 δυσώδης
3677 2103 3792 2183 ἀφ-

2151 2191 2349 2258 ίστησίν
2409 2191 2660 2271 ἁμαρτία.
2690 2189 2815 2249 Ἐἀν
2848 2191 2985 2272 ἔχῃς
3017 2192 3069 2250 ἐν
3103 2199 3169 2269 τῇ
3192 2198 3347 2272 ψυχῇ
3379 2190 3496 2258 ἄξια
3549 2192 3798 2272 φυλακῆς

2146 2281 2445 2359 ἀγγελικῆς
2507 2280 2655 2359 ἔργα,
2693 2285 2776 2339 καὶ
2826 2283 2944 2348 νοῦς
3001 2283 3247 2348 πλούσιος
3271 2283 3323 2339 ἐν
3368 2295 3484 2345 τοῖς
3527 2289 3625 2349 τῆς
3661 2282 3803 2350 ἀλη-

2144 2373 2285 2434 θείας
2343 2373 2677 2450 θεωρήμασιν
2737 2373 2916 2450 ἐνοικῇ
2975 2396 3056 2429 σοι
3101 2371 3183 2428 διὰ
3230 2375 3321 2428 τὸν
3394 2372 3626 2429 πλοῦτον
3686 2380 3801 2430 τῶν

2146 2460 2339 2535 τιμίων
2393 2460 2558 2540 ἔργων
2602 2462 2697 2529 τῆς
2756 2462 2972 2540 ἀρετῆς,
3032 2463 3332 2540 ἀναγκαίως
3393 2463 3648 2542 φρουρούς
3713 2487 3800 2520 σοι

2147 2552 2234 2606 καὶ
2263 2550 2500 2630 φύλακας
2549 2552 2999 2630 παρακαθίστησιν
3059 2555 3086 2607 6
3131 2553 3285 2631 Θεὸς,
3340 2553 3426 2607 καὶ
3486 2556 3798 2632 περιτειχί-

2147 2647 2223 2710 ζει
2278 2660 2338 2695 σε
2393 2639 2603 2719 φυλακῇ
2647 2639 2913 2718 ἀγγέλων.
2963 2639 3162 2697 Σκόπει
3214 2639 3267 2696 δὲ
3302 2640 3463 2710 ἡλίκη
3523 2639 3632 2696 ἐστὶ
3689 2649 3800 2697 τῶν

2148 2727 2390 2806 ἀγγέλων
2447 2731 2480 2796 ἡ
2541 2731 2716 2808 φὺσις·
2751 2729 2830 2786 ὅτι
2879 2730 2989 2804 ὅλῳ
3040 2728 3376 2804 στρατοπέδῳ
3421 2731 3506 2786 καὶ
3566 2752 3794 2808 παρεμ-

2147 2815 2280 2894 ϐολῇ
2321 2817 2719 2898 πολυανθρώπῳ
2773 2821 3144 2898 παρεικάζεται
3204 2823 3230 2876 6
3263 2824 3346 2882 εἶς
3380 2819 3630 2898 ἅγγελος,
3696 2823 3804 2876 Διά

2147 2907 2243 2981 μὲν
2305 2914 2394 2964 οὖν
2441 2910 2501 2962 τό
2551 2908 2768 2986 μέγεθος
2827 2916 2916 2966 τοῦ
2948 2909 3308 2988 φυλάσσοντός
3360 2931 3417 2964 σε
3448 2907 3802 2986 παρεμϐολήν

421 2995 614 3076 ipsum
671 2993 984 3074 signiﬁcat.
1034 2989 1548 3065 Quemadmodum
1610 2989 1766 3050 enim
1829 2989 2064 3052 urbium

2152 3017 2233 3051 σοι
2293 2997 2563 3076 χαρίζεται
2596 2999 2622 3052 ὃ
2656 2998 2864 3074 Κύριος’
2901 2995 2984 3053 διὰ
3027 2997 3080 3053 δὲ
3112 2999 3209 3066 τὴν
3255 2999 3410 3077 ἰσχὺν
3439 3008 3532 3057 τοῦ
3565 2998 3802 3075 ἀγγέλου

423 3085 580 3147 muri
601 3084 664 3146 in
685 3083 936 3146 circuitu
986 3079 1148 3142 omni
1197 3098 1267 3142 ex
1297 3087 1469 3160 parte
1502 3078 1916 3156 circumducti,
1945 3099 2060 3141 un-

421 3175 735 3255 decunque
768 3171 1030 3234 hostium
1064 3170 1317 3231 assultus
1347 3175 1589 3232 arcent:
1629 3169 1711 3228 ita
1743 3175 1917 3230 etiam
1949 3187 2063 3230 an-

423 3265 592 3344 gelus
621 3273 678 3327 et
709 3260 1085 3346 praemunita
1142 3259 1363 3333 fronte,
1397 3265 1458 3319 et
1499 3277 1534 3320 a
1565 3265 1729 3338 tergo
1781 3259 2062 3341 custodit,

426 3376 539 3420 nec
561 3354 886 3437 quidquam
947 3349 1226 3437 utrinque
1267 3346 1696 3410 incustoditum
1752 3348 2062 3426 relinquit.

425 3447 509 3510 Ea
531 3436 606 3506 de
635 3459 812 3505 causa
841 3438 1078 3501 Cadent
1107 3457 1149 3498 α
1182 3436 1367 3500 latere
1401 3446 1502 3500 tuo
1535 3437 1720 3514 mille,
1756 3447 1816 3501 et
1856 3441 2066 3505 decem

427 3536 654 3602 militia
699 3552 738 3594 α
765 3531 1001 3594 dextris
1035 3529 1150 3590 tuis
1177 3526 1232 3570 ⁵³
1262 3548 1277 3608 ;
1313 3527 1386 3588 ad
1420 3535 1477 3590 te
1515 3535 1711 3590 autem
1757 3548 1833 3591 ne
1895 3532 2069 3612 plaga

425 3627 670 3708 quidem
687 3621 1032 3708 cujusquam
1051 3617 1239 3708 nostis
1253 3616 2065 3700 apprOpinquabit,quoniam

425 3707 652 3798 angelis
685 3712 805 3774 suis
838 3707 1137 3798 mandabit
1169 3708 1243 3798 de
1274 3714 1355 3798 te.

2148 3086 2305 3141 οἱονεὶ
2375 3089 2716 3166 περιτειχίζει
2788 3109 2845 3143 σε
2905 3088 3160 3144 πάντοθεν
3186 3094 3253 3164 τῇ
3281 3087 3374 3144 ἀπ’
3407 3090 3561 3144 αὐτοῦ
3611 3088 3795 3166 63?:-

2148 3173 2282 3248 λείᾳ.
2343 3183 2507 3234 Τοῦτο
2563 3177 2663 3255 γὰρ
2720 3179 2966 3253 σημαίνει
3011 3180 3094 3252 τὸ,
3163 3177 3372 3250 Κὺκλῳ.
3405 3177 3630 3255 ’Ὥσπερ
3690 3178 3793 3254 γὰρ

2149 3268 2196 3321 οἱ
2251 3267 2354 3322 τῶν
2427 3264 2635 3322 πόλεων
2696 3264 2988 3347 περίϐολοι,
3034 3266 3214 3341 κύκλῳ
3253 3269 3449 3333 πάσαις
3480 3266 3614 3346 (85)
3640 3289 3793 3344 περι-

2149 3354 2402 3430 κείμενοι,
2491 3355 2744 3413 πᾶντόθεν
2827 3358 2919 3422 τας
2990 3362 3094 3414 τῶν
3151 3356 3422 3432 πολεμίων
3483 3353 3790 3434 προσϐολὰς

2150 3445 2508 3524 ἀπείργουσιν
2571 3445 2708 3502 οὕτω
2765 3447 2852 3502 καὶ
2909 3447 2936 3502 6
2991 3445 3247 3526 ἅγγελος,
3295 3448 3382 3502 καὶ
3456 3448 3794 3524 προτειχίζει

2150 3531 2210 3588 ἐκ
2259 3556 2363 3591 των
2428 3533 2745 3614 ἔμπροσθεν,
2791 3535 2878 3592 καὶ
2915 3534 3355 3613 ὀπισθοφυλακεῖ,
3417 3538 3504 3592 καὶ
3552 3533 3672 3592 οὐδὲ
3734 3537 3801 3592 τὰ

2152 3624 2467 3704 ἑκατέρωθεν
2539 3625 2814 3706 ἀφύλακτα
2869 3625 3200 3684 καταλείπει.
3249 3627 3345 3681 Διά
3381 3628 3537 3682 τοῦτο
3592 3631 3796 3681 Hace!-

2151 3737 2236 3772 ται
2267 3715 2324 3771 ἐκ
2377 3722 2469 3772 τοῦ
2539 3715 2747 3780 κλίτους
2801 3738 2896 3773 σου
2952 3715 3157 3796 χιλιὰς,
3219 3717 3305 3771 καὶ
3359 3717 3547 3792 μυριὰς
3593 3715 3653 3771 ἐκ
3703 3714 3798 3769 δε-

425 3796 546 3878 tua}.
591 3821 704 3862 σου’
739 3803 870 3880 πρὸς
914 3802 973 3856 σὲ
1029 3797 1082 3855 δὲ
1140 3796 1256 3855 οεδδέ
1278 3797 1466 3876 πληγή
1527 3821 1671 3864 τινος
1717 3807 1821 3857 τῶν
1877 3801 1999 3882 (86)
2062 3803 2267 3884 ἐχθρῶν
2321 3806 2520 3887 ἑγγιετ,
2591 3805 2672 3864 ὅτι
2716 3819 2834 3870 τοῖς
2864 3805 3113 3884 ἀγγέλοις
3164 3805 3324 3862 αὑτοῦ
3353 3803 3646 3861 ἓντελεῐται
3681 3805 3802 3883 περὶ

427 3908 542 3959 σοῦ.

510 3989 570 4048 ὃ.
596 3982 784 4047 Vsus.
812 3978 1212 4052 9.0ustate,et
1231 3974 1430 4038 videte
1449 3978 1962 4056 quoniamsuavis
1984 3988 2072 4044 est

2234 3983 2292 4046 6.
2357 3985 2641 4046 Γεύσασθε.
2699 3985 2784 4041 καὶ
2859 3982 2999 4040 ἴδετε
3061 3983 3140 4039 ὅτι
3199 3983 3437 4064 χρηστὸς
3493 3984 3520 4038 6
3581 3983 3801 4060 Κύριος.

435 4077 748 4143 Dominus.
767 4069 971 4135 Multis
992 4067 1053 4128 in
1085 4065 1232 4155 locis
1264 4063 1732 4142 observavimus,
1762 4068 2064 4132 facultates

2155 4073 2440 4155 Πολλαχοῦ
2487 4076 2876 4153 τετηρήκαμεν,
2963 4072 3043 4130 ὅτι
3121 4063 3235 4136 τοῖς
3313 4071 3496 4138 ἔξωθεν
3576 4071 3800 4146 μέλεσιν

431 4173 647 4232 animat
693 4161 903 4223 iisdem
955 4154 1300 4218 nominibus
1330 4164 1506 4235 atque
1536 4163 1780 4217 externa
1804 4158 2064 4222 membra

2152 4154 2447 4240 ὁμωνύμως
2502 4167 2553 4220 αἱ
2609 4164 2700 4232 τῆς
2735 4169 2920 4244 ψυχῆς
2981 4163 3457 4241 προσαγορεύονται
3516 4159 3796 4236 δυνάμεις.

431 4254 740 4338 appellari.
767 4253 917 4312 Cum
949 4244 1461 4338 autem__Dominus
1494 4252 1694 4338 noster
1712 4248 2064 4338 panisiverus

2152 4244 2300 4310 Ἐπεὶ
2357 4252 2410 4308 δὲ
2469 4251 2623 4332 ἄρτος
2655 4254 2794 4310 ἐστὶν
2846 4252 3092 4320 ἀληθινὸς
3125 4254 3151 4308 6
3183 4250 3374 4330 Κύριος
3421 4254 3599 4326 ἡμῶν,
3637 4253 3726 4307 καὶ
3764 4255 3794 4319 ἦ

435 4334 748 4421 εἶιζθιθῇοε
763 4356 901 4401 caro
915 4353 1092 4398 verus
1105 4334 1549 4409 cibus;necesse
1568 4335 2064 4419 estMQvolupta-

2158 4341 2282 4421 σὰρξ
2339 4344 2496 4400 αὺτοῦ
2526 4342 2729 4414 ἀληθής
2773 4343 2882 4401 ἐστι
2940 4344 3158 4422 βρῶσις⁶
3201 4341 3408 4419 ἀνάγκη
3455 4341 3554 4407 τὴν
3601 4339 3805 4408 ἡδονην

434 4448 552 4500 tem
576 4429 792 4494 laetitiae
817 4428 985 4508 panis
1009 4442 1117 4506 per
1145 4433 1382 4505 gustum
1413 4424 1782 4504 spiritualem
1810 4428 1870 4488 in
1902 4427 2064 4491 nobis

2155 4431 2250 4499 τῆς
2302 4432 2621 4512 εὐφροσύνης
2679 4440 2768 4490 τοῦ
2820 4431 2976 4511 ἄρτου
3031 4429 3115 4487 διὰ
3140 4433 3370 4509 γεύσεως
3414 4432 3549 4504 ἡμῖν
3592 4430 3799 4498 νοητῆς

429 4515 1136 4608 gigni.Quemadmodum
1170 4513 1362 4576 mellis
1385 4521 1601 4608 natura
1621 4534 1736 4576 non
1757 4534 1924 4597 usque
1940 4534 2064 4578 ser-

2155 4521 2468 4599 ὲγγίνεσθαι,
2525 4519 2619 4586 Ὠς
2674 4525 2766 4579 τοῦ
2815 4522 3030 4598 μέλιτος
3061 4522 3094 4588 ἡ
3153 4521 3302 4600 φύσις
3333 4522 3393 4577 06
3420 4526 3671 4576 τοσοῦτον
3713 4527 3793 4594 τῷ

433 4603 709 4692 mone,ac
738 4609 868 4688 ipso
899 4614 1104 4685 gustus
1123 4622 1307 4665 sensu
1334 4603 1944 4692 exhiberiinexpertis
1972 4626 2064 4687 po-

2155 4609 2298 4689 λόγῳ
2338 4609 2546 4667 δύναται
2592 4617 2924 4689 παραστῆναι
2986 4610 3110 4691 (87)
3161 4623 3279 4674 τοῖς
3333 4611 3592 4688 ἀπείροις,
3659 4609 3789 4665 ὅσον

432 4711 570 4769 test:
604 4691 690 4762 sic
721 4715 915 4778 neque
947 4693 1208 4757 cmlestis
1239 4691 1401 4754 verbi
1428 4692 1659 4756 bonitas
1693 4695 2064 4758 documentis

2152 4699 2242 4756 ἀπ’
2313 4703 2476 4767 αὐτῆς
2531 4703 2629 4768 τῆς
2676 4701 2812 4758 κατὰ
2863 4702 2964 4770 τὴν
3011 4707 3190 4778 γεῦσιν
3241 4700 3556 4769 αἰσθήσεως*
3614 4697 3791 4762 οῧτως

431 4795 591 4858 clare
612 4787 826 4869 exponi
852 4784 1216 4866 potest.uisi,
1247 4781 1618 4862 dogmatibus
1633 4786 1896 4849 veritatis
1925 4785 2064 4848 diu-

2152 4787 2262 4846 οὐδὲ
2321 4791 2355 4857 ἡ
2416 4790 2727 4870 χρηστότης
2785 4798 2880 4848 τοῦ
2934 4789 3170 4867 οὐρανίου
3203 4787 3362 4866 λόγου
3413 4787 3646 4865 ἐναργῶς
3679 4810 3799 4843 πα-

430 4886 550 4950 tius
573 4873 1521 4958 examinatis,bonitatemDomiui
1545 4875 1844 4954 possimus
1866 4883 2064 4939 nostra

2152 4876 2425 4957 ραδοθῆναι
2451 4877 2810 4944 διδασκαλίαις
2839 4879 2962 4958 (88)
2996 4877 3233 4954 δύναται,
3290 4878 3379 4934 ἐὰν
3428 4877 3531 4953 μὴ,
3593 4877 3662 4934 τά
3693 4877 3799 4944 τῆς

509 5043 564 5090 ⁵³
591 5040 750 5106 Psal.
782 5056 883 5115 xc,
903 5041 965 5103 7.

521 5203 645 5285 (83)
675 5201 775 5264 Sic
793 5206 1029 5292 septem
1045 5195 2078 5292 _m88:‘A_t_9di.licppovet_v.nggpitl-
2219 5201 2365 5292 _l86)
2393 5203 2481 5292 ita
2535 5207 2799 5292 quinque
2847 5218 2997 5292 mss.
3044 5199 3231 5292 Baulo
3265 5199 3438 5292 aliter
3495 5197 3712 5292 legitur
3741 5199 3805 5292 in

432 5277 549 5367 que
607 5277 749 5343 mss.
785 5277 1131 5367 &1t6_1ta_trt6v.
1187 5277 1740 5367 Εάί-ξίηξκλπασῷν.
1803 5277 2064 5367 Subinde

2159 5277 2356 5356 editis,
2393 5282 2505 5344 hoc
2539 5277 2718 5347 mode
2745 5304 2759 5346 :
2796 5285 2921 5362 πρὸς
2949 5283 3007 5367 σὲ
3038 5279 3092 5337 δὲ
3125 5285 3220 5367 οὐκ
3261 5281 3437 5367 inter
3465 5279 3582 5367 ορῥὲ
3613 5277 3808 5367 πληγή

430 5357 1239 5445 quinque_mss.8_ou)e60vta.
1293 5357 1445 5420 Editi
1495 5358 1873 5421 δουλεύσαντα.
1920 5362 2064 5438 Reg.

2156 5385 2301 5427 τινος
2331 5368 2604 5445 16v_,_etc.
2645 5367 2794 5445 Reg.
2831 5357 3040 5425 tertius
3071 5364 3201 5445 πρὸς
3256 5357 3315 5417 σὲ
3333 5357 3545 5445 ἒὲῇοτξδὲ
3608 5357 3808 5445 πληγή

431 5438 1062 5523 (ᾗιιίιιῲξδουλωθένταἶ
1225 5519 1259 5523 Α
1450 5521 1479 5523 ζ
1743 5519 1754 5523 Δ

2159 5465 2238 5507 τις
2267 5451 2394 5505 τῶν.
2433 5442 2562 5506 Mox
2593 5438 2768 5510 mss:
2785 5463 2889 5506 sex
2919 5456 3035 5506 τοῖς
3071 5438 3280 5507 ἔξωθεν.
3333 5439 3496 5503 Edili
3526 5452 3644 5502 τοῖς
3677 5438 3806 5504 ἔξω,

517 5521 636 5603 (84)
663 5522 811 5599 Reg.
841 5519 1140 5603 secundus
1152 5519 1427 5603 ivitpapa.
1450 5521 1596 5600 Reg.
1621 5519 1832 5582 tertius
1853 5520 2064 5600 ἔδραμε.

2154 5523 2287 5586 Mox
2310 5523 2429 5586 duo
2477 5542 2629 5588 mss.
2663 5524 2846 5593 ἐπειδὴ
2873 5524 3049 5603 ἄρτος.

430 5601 552 5685 Alii
585 5599 901 5685 ms_s.__c_um
933 5599 1112 5661 editis
1141 5600 1424 5685 ἀνέδραμε.
1912 5599 1918 5600 ί

2230 5603 2355 5685 (87)
2383 5606 2528 5684 Reg.
2555 5605 2808 5685 quintus
2841 5599 3210 5685 παραστῆσαι,
3235 5618 3370 5685 non
3385 5599 3465 5685 ita
3488 5607 3674 5685 recte.

508 5682 640 5761 (85)
659 5679 815 5744 Editi
847 5688 904 5744 et
931 5687 1053 5742 tres
1089 5697 1231 5742 mss.
1263 5683 1484 5748 πάσαις,
1507 5681 1622 5744 Alii
1647 5690 1769 5746 tres
1803 5699 1947 5745 mss,
1968 5686 2064 5740 πά.

2234 5679 2357 5768 (88)
2394 5679 2501 5749 Sid
2525 5679 2752 5768 septem
2780 5679 3105 5750 mss.Editi
3137 5680 3471 5745 διδασκαλίας
3505 5680 3712 5760 λόγοις,

432 5783 526 5840 στι.
