4102 6224
202 347 320 413 365

1292 347 1622 413 HOMILIA
1667 348 1748 413 IN
1793 346 2159 411 PSALMUM
2203 344 2484 413 XXXIII.

3466 351 3587 420 366

187 484 441 551 ἀληθείας
510 482 751 561 δόγματα
801 481 887 540 ἐπὶ
944 481 1104 541 πλέον
1159 484 1553 560 βατανίσαντες,
1585 480 1818 551 δυνηθῶ-

1909 481 2175 562 ipsorum
2188 484 2555 564 experientia
2569 502 2685 566 app
2698 485 3325 551 rebeudere.Gustate
3342 498 3545 554 autem
3559 540 3573 569 ,
3604 492 3611 499 ’

189 594 288 648 μεν
331 578 399 647 τῇ
458 571 624 644 οἰκείᾳ
668 571 821 650 πείρᾳ
872 572 969 639 τὴν
1013 571 1365 652 χρηστότητα
1395 569 1723 629 καταλαϐεῖν
1752 574 1844 629 τοῦ

191 663 405 741 Κυρίου,
482 661 743 717 Γεύσασθε
785 659 863 740 δὲ,
928 660 1077 735 εἶπε,
1136 664 1224 719 καὶ
1286 662 1408 741 οὐχὶ
1466 660 1835 737 ἐμπλήσθητε·

186 751 319 809 διοτι
352 758 440 809 νῦν
470 751 567 827 μὲν
597 750 657 808 ἐκ
688 749 879 831 μέρους
912 751 1273 829 γινώσκομεν,
1325 753 1415 809 καὶ
1468 749 1537 807 δι’
1582 751 1840 827 ἐσόπτρου

184 842 454 918 βλέπομεν
506 842 593 898 καὶ
651 841 957 919 αἰνίγματος
1001 842 1102 909 τὴν
1158 841 1410 912 ἀλήθειαν
1468 839 1561 907 ἥξε
1608 840 1663 897 δέ
1708 862 1837 900 ποτε

184 931 277 989 ὅτε
340 934 368 988 ὁ
410 937 499 988 νῦν
548 928 811 1009 ἀῤῥαϐὼν,
849 932 936 988 καὶ
976 932 1038 989 τὸ
1081 939 1253 1009 γεῦμα
1284 938 1441 988 τοῦτο
1484 936 1583 998 τῆς
1612 931 1837 1011 χάριτος

187 1024 264 1085 εἰς
321 1020 637 1087 τελειότητα
692 1023 727 1088 ἡ
781 1033 877 1096 μϊν
925 1025 1024 1088 τῆς
1085 1019 1430 1085 ἀπολαύσεως
1487 1021 1831 1090 καταντήσει“

184 1109 411 1189 ’Ὥσπερ
440 1108 494 1167 δὲ
522 1112 571 1167 οἱ
620 1119 1019 1190 πομαχοῦντες
1047 1112 1136 1167 καὶ
1161 1113 1209 1167 οἱ
1239 1110 1535 1185 κακόσιτοι,
1572 1110 1839 1189 ἀποστρε-

184 1201 408 1280 φόμενοι
436 1200 503 1256 τὰ
539 1200 704 1279 σιτία,
762 1202 864 1256 ὑπὸ
916 1206 1023 1257 τῶν
1080 1202 1273 1280 ἰατρῶν
1329 1200 1712 1279 θεραπεύονται
1770 1201 1832 1256 τὸ

182 1288 527 1369 δυσάρεστον,
587 1288 953 1368 διεγειρόντων
1002 1291 1096 1355 τὰς
1140 1290 1335 1369 ὀρέξεις
1394 1288 1479 1349 διά
1518 1311 1659 1354 τινος
1705 1288 1832 1346 ἔπι-

1924 570 2133 652 inquit.
2163 590 2277 633 non
2308 580 2505 636 autem
2535 574 2936 655 impleamini.
2969 574 3115 638 Nam
3144 596 3305 640 nunc
3326 578 3571 660 quidem

1924 679 1995 722 ex
2017 668 2184 742 parte
2214 664 2714 742 coguoscimus,et
2736 682 2842 744 per
2862 666 3169 745 speculum
3197 685 3266 730 ac
3301 686 3406 748 per
3431 668 3575 732 aani-

1922 767 2058 826 gma
2087 749 2358 812 videmus
2402 750 2785 814 veritatem“
2814 774 2829 815 :
2864 754 3059 819 veniet
3106 761 3303 818 autem
3338 762 3574 839 tempus

1922 857 2056 900 cum
2082 858 2345 919 praesens
2369 841 2645 915 arrhabo,
2665 851 2723 903 et
2744 842 2841 904 bic
2863 844 3059 922 gratias
3088 855 3295 922 gustus
3325 847 3396 907 ad
3432 865 3573 927 per-

1921 928 2133 991 fectam
2165 930 2511 992 fruitionem
2545 930 2720 993 nobis
2773 941 3031 996 veretur.
3068 930 3138 997 Ut
3168 938 3326 995 enim
3376 935 3417 996 ii
3471 938 3575 1018 qui

1922 1020 2229 1108 stomacho
2258 1020 2539 1082 laborant
2570 1028 2978 1103 nauseantque
3006 1031 3346 1086 aversantes
3377 1025 3568 1108 cibos,

1921 1106 1994 1168 ab
2026 1106 2137 1169 hac
2160 1109 2407 1171 molesta
2428 1110 2743 1173 aﬂ'ectione
2769 1119 3057 1174 curantur
3074 1113 3453 1196 amedicis,si
3474 1106 3576 1197 apl-

1922 1198 2244 1276 petentiam
2266 1200 2529 1262 excitent
2553 1218 2661 1280 per
2681 1202 3001 1277 quemdam
3023 1201 3293 1264 ciborum
3313 1223 3570 1283 appara-

1918 1295 2067 1364 tum;
2101 1288 2253 1349 adeo
2281 1296 2556 1368 ut,sensu
2589 1309 2695 1369 per
2723 1290 2887 1352 illam
2911 1290 3283 1354 condituram
3316 1293 3571 1371 irritato,

179 1378 478 1448 τηδεύσεως
508 1384 607 1447 τῆν
638 1378 691 1437 ἐν
739 1392 856 1442 τοῖς
915 1380 1212 1460 βρώμασιν,
1262 1379 1424 1453 ὥστε,
1455 1380 1557 1436 ὑπὸ
1587 1384 1686 1447 τῆς
1721 1401 1818 1436 κα-

1915 1377 2259 1455 appetentia
2290 1377 2477 1458 magis
2498 1398 2567 1442 ac
2598 1381 2783 1459 magis
2812 1398 3054 1460 semper
3077 1389 3385 1459 augeatur:
3405 1383 3481 1445 ita
3514 1391 3575 1446 et

180 1471 391 1548 ρυκείας
444 1469 651 1536 ἐκείνης
709 1468 1077 1545 ἐρεθιζομένης
1162 1473 1262 1535 τῆς
1338 1470 1631 1539 αἰσθήσεως
1673 1516 1689 1548 ,
1747 1469 1818 1524 ἀεῖ

1916 1464 1977 1525 in
2010 1466 2190 1528 verbo
2218 1468 2660 1549 veritatis,Ipsa,
2686 1469 3276 1550 inquit,experientia
3307 1472 3379 1533 ad
3403 1471 3571 1536 insa-

176 1561 317 1637 πρὸς
366 1560 429 1616 τὸ
470 1558 659 1617 πλεῖον
719 1557 851 1639 (89)
896 1558 1244 1616 ἐπιτείνεσθαι
1303 1560 1398 1621 τὰς
1431 1556 1654 1637 ὀρέξεις
1693 1557 1818 1614 οὕτιι

1917 1554 2181 1618 tiabilem
2206 1560 2535 1638 appetitum
2582 1577 2682 1620 vos
2714 1577 2957 1639 semper
3000 1560 3569 1639 provocabit.ldcir-

174 1650 269 1705 καὶ
320 1648 404 1705 ἐπὶ
456 1658 551 1708 τοῦ
600 1647 759 1727 λόγου
811 1649 909 1717 τῆς
954 1648 1229 1729 ἀληθείας,
1268 1649 1434 1727 Αὐτὴ,
1481 1649 1663 1728 φησὶν,
1694 1649 1818 1722 ὑμᾶι

1915 1645 2407 1727 co,ait,Gustute,
2433 1660 2497 1707 ut
2520 1647 2677 1709 beati
2699 1646 2829 1708 sitis
2856 1665 3094 1727 semper
3124 1647 3465 1711 esurientes
3482 1650 3571 1712 si-

174 1740 214 1805 ἡ
244 1750 408 1816 πεῖρα
433 1740 565 1808 πρὸς
596 1738 657 1794 τὸ
689 1738 981 1816 ἀκόρεστον
1010 1741 1107 1806 τῆς
1142 1736 1417 1809 ἐπιθυμίας
1475 1736 1555 1793 ἀεὶ
1584 1758 1818 1814 προσκα·

1918 1734 2252 1816 tientesque
2268 1736 2827 1815 justitiam.Beatus
2851 1739 2948 1797 vir
2969 1739 3077 1817 qui
3099 1744 3306 1817 sperat
3320 1744 3387 1800 in
3407 1757 3565 1805 eum.

173 1827 415 1887 λέσεται.
455 1828 553 1884 Διὰ
578 1834 754 1900 τοῦτο,
793 1829 946 1907 φησὶ,
979 1828 1259 1901 Γεύσασθε,
1320 1823 1414 1884 ἵνα
1445 1827 1701 1905 μακάριοι
1731 1825 1818 1903 γέ-

1914 1821 2028 1895 Qui
2052 1824 2275 1903 jugiter
2302 1824 2469 1887 verbi
2494 1825 2795 1889 desiderio
2827 1826 3156 1901 tenetur,in
3179 1826 3341 1889 nulla
3372 1846 3439 1890 re
3456 1829 3572 1891 alia

175 1920 339 1983 νησθε
388 1917 469 1973 ἀεὶ
501 1924 784 1982 πεινῶντες
810 1919 899 1974 καί
928 1916 1189 1992 διψῶντες
1217 1918 1315 1984 την
1337 1914 1818 1983 δικαιοσύνὴν.Μα-

1915 1931 2092 1993 quam
2116 1913 2178 1974 in
2207 1912 2459 1975 Domino
2492 1932 2661 1993 spem
2678 1922 2954 1995 reponet.
2980 1916 3326 1993 (Vnas.10.)
3348 1916 3571 1980 Timete

174 2007 361 2083 κάριος
392 2006 527 2084 ἀνὴρ
562 2004 623 2071 ὃς
656 2005 854 2078 ἐλπίζει
896 2006 984 2063 ἐπ’
1016 2006 1192 2069 αὐτόν.
1243 2007 1303 2063 Ὀ
1361 2006 1440 2062 ἀεὶ
1499 2005 1552 2063 ἐν
1584 2004 1818 2079 ἐπιθυμίς

1917 2004 2483 2078 Dominum,omnes
2501 2005 2700 2065 sancti
2718 2008 2849 2080 ejus
2865 2024 2880 2063 :
2896 2010 3186 2084 quoniam
3197 2013 3420 2071 nonest
3438 2010 3572 2071 ino-

172 2099 252 2152 ὦν
288 2101 381 2151 τοῦ
411 2094 594 2173 λόγου,
627 2095 712 2152 ἐπ’
752 2094 897 2153 οὐδὲν
953 2094 1130 2175 ἕτερον
1186 2096 1404 2165 θήσεται
1448 2096 1545 2162 τὴν
1577 2091 1763 2150 ἐλπίδα
1794 2093 1818 2149 ἲ

1912 2094 2017 2172 pia
2037 2094 2391 2156 timentibus
2412 2091 2623 2156 eum.N
2632 2092 2703 2154 isi
2726 2094 2906 2156 timor
2922 2094 3246 2157 instituerit
3263 2097 3443 2159 vitam
3466 2118 3569 2161 uo-

171 2187 264 2241 ἒπὶ
292 2185 382 2240 τὸν
429 2185 635 2264 Κύριον.
668 2183 948 2256 Φοϐήθητε
980 2186 1070 2243 τὸν
1131 2185 1341 2264 Κύριον,
1373 2185 1569 2248 πάντες
1597 2186 1645 2241 οἱ
1674 2183 1818 2261 ἅγιοι

1903 2183 2508 2257 stram,sanctimonia
2524 2182 2587 2243 in
2600 2201 2849 2263 corpore
2864 2185 3200 2265 comparari
3215 2203 3337 2247 non
3350 2194 3568 2271 potest,

175 2274 357 2332 αὐτοῦ’
433 2274 514 2331 ὅτι
571 2279 666 2334 οὒκ
731 2273 873 2332 ἔστιν
948 2274 1225 2352 ύστέρημα
1296 2286 1416 2339 τοϊς
1474 2272 1818 2354 φοϐουμένοις

1909 2270 2171 2350 Conﬁge,
2199 2272 2412 2351 inquit,
2439 2273 2664 2334 timore
2687 2280 2789 2334 tuo
2806 2290 3016 2335 carnes
3044 2292 3204 2337 meas
3223 2274 3303 2336 ⁵⁵.
3336 2270 3569 2348 Quem-4

178 2366 360 2424 αὐτόν.
422 2361 548 2421 Ἐὰν
591 2366 669 2440 μὴ
727 2362 888 2445 φόϐος
921 2362 1143 2441 παιδεύῃ
1173 2366 1328 2440 ἡμῶν
1360 2364 1459 2431 τὴν
1490 2364 1632 2435 ζωὴν
1670 2360 1818 2442 (90),

1908 2359 2233 2421 admodum
2264 2361 2423 2422 enim
2457 2361 2560 2442 qui
2583 2361 2763 2423 clavis
2798 2362 3062 2423 transﬁxi
3091 2371 3254 2445 sunt,
3294 2366 3566 2427 membra

174 2454 468 2535 ἀμήχανον
510 2454 901 2535 κάτορθωθῆναι
957 2456 1049 2510 τὸν
1108 2455 1374 2533 ἀγιασμὸν
1402 2454 1457 2510 ἐν
1485 2459 1560 2527 τῷ
1589 2453 1818 2528 σώματι.

1912 2450 2182 2529 corporis
2212 2448 2286 2511 ad
2310 2450 2604 2529 agendum
2630 2449 2964 2513 immobilia
2996 2451 3261 2516 habent:
3303 2453 3391 2515 sic
3420 2473 3571 2536 quo-

178 2542 507 2611 Καθῆλωσον
599 2545 722 2623 γὰρ,
803 2546 956 2623 φησὶ,
1039 2543 1099 2601 ἐκ
1174 2553 1268 2602 τοῦ
1350 2540 1515 2623 φόϐου
1587 2563 1681 2598 σου
1736 2543 1818 2604 τὰς

1912 2556 2044 2598 rum
2075 2540 2271 2601 anima
2297 2539 2496 2603 divino
2552 2540 2762 2604 timore
2805 2549 3078 2622 correpta
3106 2553 3219 2618 est,
3251 2542 3295 2605 ii
3325 2562 3566 2606 omnem

178 2631 379 2711 σάρκας
441 2655 567 2708 μου.
628 2631 723 2697 Ὠς
771 2634 871 2711 γὰρ
930 2635 977 2690 οἰ
1023 2634 1126 2690 ὑπὸ
1169 2652 1277 2703 τῶν
1334 2631 1481 2700 ἥλων
1533 2629 1818 2706 διαπιπαρ·

1914 2627 2391 2706 pertubationem
2413 2647 2485 2692 ex
2506 2629 2736 2710 peccati
2767 2630 3177 2692 affectionibus
3204 2634 3565 2713 provenien-

179 2723 331 2798 μένοι
388 2724 454 2780 τὰ
506 2722 646 2797 μέλη
704 2730 796 2781 τοῦ
850 2723 1097 2799 σώματος
1169 2722 1399 2789 ἀκίνητα
1454 2721 1643 2801 ἔχουσι
1701 2722 1818 2797 πρὸς

1916 2724 2033 2778 tem
2070 2717 2233 2779 vitat.
2260 2716 2519 2781 Timenti
2553 2718 2755 2800 itaque
2786 2738 2906 2781 non
2938 2728 3029 2782 est
3045 2720 3277 2802 inopia;
3310 2723 3423 2784 hoc
3453 2730 3564 2805 est,

178 2813 470 2890 ἐνέργειαν,
504 2811 670 2877 οὕτως
709 2817 755 2870 οἱ
786 2817 861 2888 τῷ
914 2814 1036 2886 θείῷ
1084 2809 1232 2892 φόϐῳ
1262 2812 1359 2879 τὴν
1390 2812 1576 2892 ψυχὴν
1636 2831 1818 2867 κατει-

1914 2806 2014 2886 qui
2051 2824 2157 2886 per
2177 2807 2455 2869 timorem
2473 2808 2548 2869 ab
2571 2808 2737 2870 omni
2789 2808 3073 2871 indecora
3095 2818 3154 2873 et
3175 2810 3443 2874 absurda
3463 2831 3570 2875 ac-

177 2902 449 2977 λημμένοι
510 2909 684 2960 πᾶσαν
738 2904 837 2969 τὴν
902 2902 965 2958 ἐκ
1011 2903 1115 2960 τῶν
1170 2904 1349 2959 παθῶν
1405 2907 1505 2969 τῆς
1572 2900 1818 2978 ἀμαρτίας

1918 2894 2076 2998 tione
2106 2898 2431 2998 arcetur,ei
2459 2897 2886 2998 nihildeestad
2911 2899 3238 2980 quamlibet
3260 2902 3566 2966 virtutem.

166 2991 465 3072 ἐνόχλησιν
534 2990 894 3072 διαφεύγουσι.
956 2999 1043 3067 Τῷ
1074 2992 1163 3050 οὗν
1194 2989 1504 3070 φοϐουμένῳ
1532 2991 1629 3048 οὒκ
1682 2990 1818 3046 ἐστιν

1914 2987 2015 3045 sed
2053 2985 2354 3066 perfectus
2376 2987 2663 3061 est,nullo
2695 2986 2851 3049 bono
2870 2989 3147 3051 humanae
3177 2998 3404 3053 naturae
3426 3009 3568 3053 con-

160 3081 460 3159 ὑστέρημα⁶
540 3082 803 3162 τουτέστι,
864 3084 995 3153 πρὸς
1085 3078 1329 3157 οὐδεμίαν
1404 3080 1599 3155 ἀρετὴν
1675 3078 1821 3135 ἐστιν

164 3167 399 3237 ὲλλιπὴς
456 3173 483 3227 ὁ
533 3172 635 3228 ὑπὸ
687 3178 780 3229 τοῦ
842 3169 1007 3252 φόϐου
1065 3171 1170 3227 ἀπὸ
1216 3170 1394 3237 πάσης
1452 3170 1652 3229 ἀτόπου
1679 3169 1821 3248 πρά-

166 3258 297 3326 Ξεως
348 3258 707 3337 κωλυόμενος,
762 3259 898 3318 ἀλλά
957 3260 1163 3324 τέλειός
1222 3261 1359 3334 ἐστι,
1424 3258 1654 3332 μηδενὸς
1714 3264 1822 3315 τῶν

163 3347 564 3407 ἐπιϐαλλόντων
617 3354 683 3428 τῇ
734 3350 1037 3427 ἀνθρωπίνῃ
1084 3349 1235 3429 φύσει
1283 3348 1462 3405 καλῶν
1514 3347 1819 3405 ἀπολειπό-

166 3460 357 3512 μενος.
391 3438 487 3502 Ὠς
518 3440 618 3518 γὰρ
651 3441 745 3497 οὒκ
774 3438 884 3496 ἔστι
936 3438 1134 3504 τὲλειος
1195 3438 1250 3493 ἐν
1280 3438 1595 3513 ’τῷ-σώματι
1627 3436 1757 3516 (91)
1794 3439 1819 3493 ὃ

168 3528 225 3584 ἔν
272 3551 379 3585 τινι
419 3539 566 3607 μέρει
592 3535 700 3585 τῶν
730 3530 1033 3608 ἀνάγκαίων
1085 3527 1463 3604 ἓλλιμπάνων,
1514 3525 1634 3583 ἀλλ’
1687 3527 1820 3583 ἀτε-

163 3617 271 3688 λής
330 3617 440 3674 ἐστι
506 3618 626 3675 καθ’
692 3619 721 3675 ὃ
778 3617 1036 3676 ἐλλείπει’
1094 3616 1231 3675 οὕτω
1284 3619 1373 3673 καὶ
1422 3619 1449 3673 ὁ
1517 3617 1634 3694 περὶ
1691 3615 1817 3690 μίαν

162 3709 271 3765 τῶν
341 3711 571 3765 ἒντολῶν
664 3714 1135 3789 καταφρονητικῶς
1192 3705 1543 3782 διακείμενος,
1603 3703 1687 3763 διὰ
1755 3705 1817 3759 τὸ

161 3800 412 3876 ὑστερεῖν
471 3800 662 3879 αὐτῆς,
716 3798 912 3868 ἀτελής
997 3801 1109 3854 ἔστι
1193 3797 1329 3854 κατά
1404 3798 1464 3853 τὸ
1539 3794 1813 3873 ἐλλεῖπον,

165 3888 230 3947 Ὀ
271 3886 327 3944 δὲ
402 3889 494 3945 τὸν
571 3878 775 3946 τέλειον
825 3886 987 3967 φόϐον
1062 3886 1389 3967 ἀνειληφὼς,
1451 3887 1542 3943 καὶ
1616 3885 1790 3943 πάντα
1883 3882 2279 3949 καταπτήσσων
2334 3878 2402 3935 δι’

1215 3978 1319 4056 οὒχ
1366 3974 1466 4042 ἔξει
1537 3973 1592 4031 δὲ
1702 3972 1996 4053 ὑστέρημα,
2072 3977 2149 4044 τῷ
2210 3968 2295 4025 ἐπὶ
2378 3969 2553 4026 πάντα
2611 3969 2836 4049 διαρκῶς
2908 3985 3159 4052 παρεῖναι
3230 3975 3372 4046 αὒτῷ
3452 3975 3547 4030 τὸν

165 3999 324 4039 σεται
394 3984 472 4052 τῷ
538 3976 766 4055 μηδενὸς
823 3979 1106 4058 ὑπερορᾷν’

163 4066 361 4147 φόϐον,

1908 3075 2169 3136 venienti
2183 3075 2605 3141 destitutus.Ut
2619 3077 2777 3138 enim
2795 3078 3093 3158 perfectus
3106 3086 3166 3141 in
3183 3099 3435 3161 corpore
3446 3101 3568 3143 non

1906 3168 2021 3237 est,
2057 3165 2155 3226 cui
2180 3164 2379 3245 aliqua
2416 3184 2555 3246 pars
2587 3170 2931 3230 necessaria
2949 3167 3238 3249 desit,sed
3270 3169 3561 3250 imperfe-

1905 3264 2039 3315 ctus
2062 3263 2153 3317 est
2174 3254 2503 3316 secundum
2534 3273 2663 3316 eam
2689 3255 3003 3332 quaadeest
3026 3260 3367 3337 partem:ita
3383 3258 3562 3321 etiam

1903 3348 2004 3424 qui
2057 3343 2145 3403 vel
2177 3361 2361 3404 unum
2421 3352 2787 3425 praeceptum
2821 3353 3199 3427 aspernatur,
3246 3354 3562 3428 propterea

1902 3432 2061 3513 quod
2097 3450 2167 3494 eo
2199 3440 2383 3508 caret,
2422 3432 2811 3515 imperfectus
2856 3443 2944 3497 est
2968 3436 3136 3515 juxta
3160 3436 3219 3499 id
3263 3437 3420 3518 quod
3450 3436 3559 3498 de-
3596 3444 3599 3451 ’

1902 3522 2045 3584 ﬁcit.
2080 3520 2321 3602 Contra,
2345 3528 2448 3603 qui
2485 3523 2823 3602 perfectum
2848 3524 3126 3587 timorem
3174 3526 3456 3607 suscepit,
3490 3544 3559 3588 ac

1898 3613 2100 3672 omnia
2119 3611 2460 3673 timetcircu
2480 3630 2569 3672 ms
2580 3621 2752 3692 pecto
2766 3613 3105 3688 metu,nihil
3120 3616 3556 3696 peccabit,cum

1901 3700 2049 3761 nihil
2073 3708 2439 3775 contemnat;
2474 3700 2735 3780 inopiam
2780 3711 2980 3764 autem
3013 3721 3151 3765 nom
3183 3704 3551 3785 experietur,

1899 3794 2181 3871 quoniam
2215 3796 2505 3868 perpetuo
2537 3790 2593 3850 ei
2624 3790 2791 3852 adest
2823 3797 3001 3854 timor
3030 3792 3092 3854 in
3123 3794 3432 3859 omnibus.

2502 3878 2798 3953 εὐλάϐειαν,
2888 3881 3034 3942 οὐδὲν
3094 3883 3193 3959 μὲν
3290 3886 3543 3964 ἁμαρτή-

239 4156 307 4218 7.
368 4155 619 4214 Πλούσιοι
702 4154 1049 4237 ἒπτῶχευσαν
1131 4159 1218 4213 καὶ
1287 4156 1580 4213 ἓκείνασαν·
1641 4155 1689 4211 οἱ
1759 4152 1815 4210 δὲ

1943 4149 2229 4214 7.VEns.l
2244 4149 2271 4210 l
2288 4148 2541 4211 .Divz’tes
2558 4157 2863 4230 eguerunt
2883 4158 2939 4213 et
2958 4152 3547 4232 esurierunt;inquz‘-

156 4245 503 4316 ίκζητοῦντες
612 4248 703 4303 τὸν
830 4246 1017 4323 Κύριον
1127 4247 1222 4304 οὐκ
1345 4244 1804 4313 ἐλαττωθήσονται

153 4338 358 4399 παντὸς
420 4335 638 4413 ἀγαθοῦ.
722 4331 1081 4405 Οίκοδομείτω
1169 4334 1265 4409 μὲν
1332 4335 1477 4409 ἡμᾶς
1520 4334 1607 4389 καὶ
1673 4332 1804 4411 πρὸς

156 4424 260 4493 τὴν
311 4424 704 4504 καταφρόνησιν
762 4426 855 4480 τοῦ
912 4432 1221 4499 σωματικοῦ
1273 4421 1503 4481 πλούτου
1546 4424 1574 4479 ὁ
1616 4419 1801 4500 λόγος,

155 4517 221 4572 τὸ
270 4512 521 4572 ἀϐέϐαιον
574 4518 674 4581 τῆς
746 4516 850 4571 τῶν
895 4513 1195 4593 χρημάτων
1257 4513 1561 4592 περιουσίας
1593 4508 1804 4568 ἐκδιδά-

152 4625 326 4667 σκων.
390 4604 806 4679 Εὐμετάπτωτος
836 4604 935 4682 γὰρ
966 4604 994 4661 ὁ
1023 4600 1246 4679 πλοῦτο,
1306 4604 1394 4659 καὶ
1454 4602 1609 4659 οἱονεὶ
1662 4606 1804 4677 κῦμα

236 4765 299 4815 δι
333 4766 356 4826 Ι
398 4760 533 4826 Cor.
573 4780 699 4839 xm,
729 4761 828 4828 12.
913 4764 977 4815 55
1003 4763 1167 4827 Psal.
1196 4780 1399 4844 cxvm,
1438 4761 1574 4825 120.

196 4924 367 5060 λ(89)
420 4922 504 4985 Ita
551 4923 820 5006 quinque
905 4942 1048 4986 mss.
1126 4922 1288 4986 Editi
1346 4940 1486 4986 vero
1539 4925 1670 5002 πρὸς
1750 4925 1812 4979 τὸ

235 5018 445 5060 εἴστον-

150 5018 445 5066 πλεῖστον,

233 5086 365 5165 (90)
424 5083 709 5146 Nonnulli
760 5103 901 5147 mss.
964 5084 1132 5168 φόϐος
1191 5087 1347 5161 ἡμῶν
1423 5083 1655 5141 παιδεύει
1708 5086 1805 5153 τὴν

147 5168 366 5327 congii.
400 5244 815 5327 EditjoiParis.
846 5245 1051 5327 τέλειος
1083 5244 1137 5301 ὲν
1160 5249 1238 5327 τῷ
1267 5242 1813 5327 σῴματιφθνίεϐιαδ

147 5334 219 5388 in
237 5323 716 5406 corpore.Editio
734 5324 985 5389 Basil.et
1007 5323 1194 5388 nostri
1227 5324 1509 5386 undecim
1542 5341 1688 5386 mss.
1720 5325 1812 5381 τέ-

147 5408 297 5469 λειος
326 5407 381 5462 ἐν
398 5412 476 5469 τῷ
498 5408 689 5469 Καρίῳ.
717 5406 1019 5469 perfectus
1053 5414 1121 5469 ιη
1162 5402 1514 5467 Dominoln
1537 5422 1653 5469 quo
1680 5403 1811 5469 ori-

144 5408 297 5472 λειος
326 5407 381 5462 ἐν
398 5412 476 5479 τῷ
498 5408 689 5485 Καρίῳ,
714 5406 1019 5487 perfectus
1053 5414 1121 5469 ιη
1162 5406 1514 5467 Dominan
1537 5422 1653 5494 quo
1680 5406 1808 5495 pri-

148 5505 317 5548 mum
346 5492 530 5546 miror
553 5487 871 5549 lectionem
891 5486 1323 5559 Basileeusem,
1349 5501 1537 5564 quam,
1557 5492 1808 5564 ineptis-

146 5570 368 5629 simam
403 5582 539 5627 esse
561 5585 735 5655 nemo
762 5567 1213 5655 inﬁciabiturdn
1240 5572 1326 5626 tot
1354 5563 1661 5655 codicibus
1685 5575 1805 5625 tam

145 5654 500 5728 constanter
524 5647 779 5728 reperiri
807 5670 821 5711 :
849 5647 1807 5728 deinde,qua_auctoritate,_quove

145 5726 505 5823 testimonio
530 5723 755 5823 editum
773 5727 910 5823 sit‘a
931 5723 1311 5823 typograpbis
1332 5723 1808 5823 Pariensli‘busnév

143 5818 226 5887 τῷ
259 5808 497 5889 σώματι,
531 5826 663 5874 cum
697 5810 833 5890 ejus
861 5804 1134 5874 leciionis
1175 5804 1483 5889 nusquam
1539 5805 1660 5869 ulla
1710 5804 1813 5867 ﬁat

1887 4245 2093 4302 rentes
2114 4245 2313 4301 autem
2336 4237 2664 4301 Dominum
2682 4256 2806 4302 non
2828 4242 3178 4303 minuentur
3198 4243 3361 4303 omni
3376 4241 3549 4313 bono,

1891 4328 2000 4391 Hic
2029 4345 2228 4389 sermo
2263 4325 2645 4389 abundantiae
2678 4328 3037 4408 pecuniariae
3087 4330 3547 4393 inconstantiam

1890 4418 2291 4497 edocens,nos
2322 4425 2476 4478 etam
2500 4416 2572 4477 ad
2607 4418 2948 4498 corporales
2988 4418 3229 4481 divitias
3255 4436 3550 4499 spernen-

1888 4507 1994 4571 das
2014 4506 2297 4569 aediﬁcet.
2327 4504 2475 4567 Nam
2507 4506 2682 4570 facile
2712 4505 3059 4571 dilabuntur
3095 4508 3337 4589 divitia),
3362 4516 3421 4570 et
3442 4508 3544 4570 in-

1882 4603 2009 4661 star
2029 4595 2202 4660 undae
2224 4595 2283 4659 vi
2305 4602 2614 4659 ventorum
2657 4598 2774 4660 huc
2812 4597 2957 4661 illuc
3009 4598 3206 4662 solent
3235 4596 3545 4662 difﬂuere.

1899 4924 2145 5002 mentio,
2172 4936 2365 5002 neque
2396 4918 2555 5002 apud
2590 4918 3136 5002 Ducaaumtnequg
3164 4918 3352 5002 (quod
3378 4919 3546 5002 equi-

1894 5001 2029 5061 dem
2058 4997 2438 5079 sciamfapud
2460 5015 2821 5079 quemquam
2857 4997 3065 5063 alium'.
3092 4997 3393 5079 Suspicari
3420 4997 3542 5064 for-
3614 5028 3621 5033 ·

1890 5090 2047 5143 tasse
2100 5076 2283 5161 possit
2323 5076 2866 5162 quispiam,_'unum
2914 5079 3174 5162 aliquem
3210 5076 3540 5146 librarium

1888 5156 2507 5253 scriptum‘reperiss'e
2529 5159 2591 5220 in
2620 5158 2820 5253 aliquo
2844 5156 3139 5253 codiceév
3162 5170 3302 5253 χρῷ,
3324 5164 3541 5253 incor-

1893 5239 2065 5333 pore,
2096 5239 2199 5302 sed
2231 5240 2306 5333 de
2335 5256 2467 5319 suo,
2500 5239 2659 5333 quod
2691 5239 2814 5333 vitii
2854 5242 3082 5333 aliquid
3110 5239 3363 5333 subesse
3389 5241 3538 5333 falso

1896 5321 2288 5403 existimaret,
2346 5337 2453 5400 pro
2510 5322 2566 5378 ὲν
2624 5329 2745 5401 χρῷ
2806 5321 3079 5403 posuisse
3107 5323 3159 5379 ἐν
3206 5329 3293 5403 ,τῷ
3342 5325 3537 5402 Κυρίῳ,

1896 5402 2156 5482 hincque
2181 5400 2559 5482 factumesse
2580 5408 2645 5460 ut
2668 5400 2836 5464 error
2852 5421 2923 5465 ex
2940 5421 3058 5464 uno
3081 5402 3292 5465 codice
3315 5403 3376 5464 in
3395 5400 3543 5468 alios

1896 5500 2029 5544 sese
2057 5478 2547 5559 iransluderit.Ut
2570 5488 2635 5542 ut
2666 5482 2790 5545 haec
2820 5482 3136 5559 sunt,nibil
3162 5484 3221 5544 in
3250 5491 3538 5546 contextu

1894 5562 2237 5646 mutandum
2265 5558 2633 5646 censuimus.
2657 5566 2743 5627 Eo
2775 5558 2982 5646 magis»,
3018 5563 3178 5646 quod
3202 5563 3276 5646 ad
3298 5582 3543 5646 sensum

1893 5642 2041 5733 nihil
2072 5640 2313 5715 referat,
2347 5640 2470 5703 sive
2523 5642 2579 5698 ἐν
2611 5652 2752 5726 χρῷ,
2798 5640 2923 5707 sive
2953 5640 3006 5703 ἑν
3035 5640 3137 5721 ’τῷ
3177 5644 3386 5723 σώματι
3442 5643 3541 5708 le-

1892 5740 2076 5806 geris.
