4102 6224
488 342 605 410 367

1849 349 1910 410 S.
1960 341 2238 410 BASILII
2281 348 2337 409 Μ
2344 345 2530 410 AGNI

3753 338 3886 404 368

490 477 609 542 Aut
627 479 782 542 forte
797 480 972 542 etiam
987 479 1224 540 divitem
1239 479 1384 540 dicit
1403 480 1690 558 populum
1708 478 2129 554 Israeliticum.

2221 483 2320 541 ὑπὸ
2359 484 2458 552 τῆς
2493 481 2618 562 (92)
2652 481 2766 558 βίας
2805 482 2913 538 τῶν
2943 480 3154 555 ἀνέμων
3187 477 3382 535 ἄλλοτε
3437 481 3568 556 πρὸς
3598 476 3736 533 ἄλλα
3767 477 3882 551 μέν

489 587 738 649 quorum
763 579 850 631 est
880 567 1118 647 adoptio
1135 585 1203 629 ac
1234 567 1469 629 divinus
1500 569 1980 650 eultus,quorum
1997 582 2134 637 sunt

489 659 936 740 promissiones,
965 677 1038 718 ex
1073 657 1293 736 quibus
1325 665 1463 719 sunt
1497 666 1692 737 patres
1711 657 1786 722 ⁵⁸.
1824 662 1895 723 Hi
1937 663 2134 740 itaque

490 747 566 810 ob
599 755 899 827 peccatum
926 747 986 808 in
1008 746 1325 810 Dominum
1345 747 1673 810 admissum
1706 745 2132 827 eguerunt.Qui

490 855 629 898 vero
659 836 895 896 illorum
929 835 1061 897 loco
1097 836 1496 916 inquisierunt
1522 838 1990 914 Dominum,non
2016 840 2133 901 mi-

488 933 746 988 nuentur
775 924 940 987 omni
992 925 1177 988 bono.
1222 925 1356 987 Ιδο
1387 925 1689 1006 Eguerunt
1743 937 1944 990 autem
1978 949 2132 1010 quo-

486 1013 802 1074 dammodo
827 1021 886 1074 et
906 1017 1595 1093 esurierunt.Postquam
1625 1017 1786 1079 enim
1815 1036 2028 1098 panem
2056 1021 2135 1079 vi-

488 1113 560 1165 tae
578 1103 630 1145 57
661 1104 1111 1180 interfecerunt,
1149 1111 1304 1168 venit
1329 1125 1511 1186 super
1531 1106 1691 1186 ipsos
1722 1107 1912 1169 fames
1936 1110 2127 1188 panis:

487 1201 546 1255 et
566 1202 873 1274 postquam
898 1194 1046 1256 fonti
1076 1213 1243 1275 aquas
1267 1195 1409 1257 viva;
1445 1195 1499 1238 ⁵⁸
1528 1205 1800 1260 struxere
1851 1197 2126 1278 insidias,

485 1285 736 1346 accessit
766 1284 838 1345 ad
871 1283 990 1346 illis
1019 1285 1173 1357 sitis,
1200 1304 1267 1346 ac
1315 1286 1673 1366 suppliciirm
1706 1286 1833 1348 sitis
1859 1287 2019 1366 ipsos
2050 1288 2133 1349 in-

486 1374 674 1436 vasit:
729 1373 914 1434 fames
944 1383 1163 1448 autem,
1203 1393 1318 1436 non
1355 1376 1526 1454 panis
1576 1374 1901 1456 sensibilis,
1939 1395 2132 1457 neque

486 1464 616 1525 sitis
637 1481 827 1541 aquae,
854 1463 957 1524 sed
987 1463 1172 1525 fames
1196 1463 1480 1526 audiendi
1509 1463 1752 1526 verbum
1783 1466 2019 1528 Domini
2049 1466 2128 1529 59.

487 1555 809 1634 Eguerunt
831 1557 1042 1633 itaque
1057 1560 1110 1615 et
1142 1555 1510 1617 esurierunt.
1536 1555 1610 1616 At
1630 1573 1770 1616 vero
1782 1556 1883 1635 qui
1909 1574 1976 1616 ex
1994 1576 2132 1635 gen-

489 1643 647 1705 tibus
671 1642 985 1705 Dominum
1008 1643 1311 1722 inquirere
1333 1643 1690 1724 didicerunt,
1712 1662 1824 1706 non
1850 1649 2129 1709 minuen—

2215 594 2282 651 ρη
2314 574 2562 652 πεφυκὼς
2593 569 2894 649 μεταρρεῖν,
2936 571 3030 628 Καὶ
3084 567 3333 625 πλούσιον
3393 568 3536 644 λέγει
3580 568 3731 646 τάχα
3780 569 3880 623 τὸν

2216 662 2454 742 Ἰσραήλ·
2529 666 2602 718 ὧν
2661 664 2694 729 ἡ
2745 662 2972 718 υἱοθεσία
3026 661 3061 727 ἡ
3117 657 3375 733 λατρεία,
3457 661 3531 713 ὧν
3591 660 3640 713 αἱ
3695 660 3879 732 ἑπαγ-

2218 752 2412 830 γελίαι,
2445 752 2495 818 ἐξ
2523 754 2598 808 ὧν
2629 753 2674 808 οἷ
2705 749 2952 828 πατέρες.
2993 748 3146 807 Οὗτοι
3178 748 3351 803 τοίνυν
3395 745 3480 802 διὰ
3539 747 3639 812 τὴν
3671 748 3746 808 εἷς
3779 748 3874 801 τὸν

2222 843 2406 918 Κύριον
2436 841 2692 919 ἀμαρτίαν
2736 839 3109 918 ἑπτώχευσαν.
3147 841 3205 895 Οἱ
3237 834 3291 892 δὲ
3321 835 3439 892 ἀντ’
3498 836 3714 893 ἐκείνων
3772 835 3871 890 ἐκ·

2215 932 2544 1002 ζητήσαντες
2588 932 2681 986 τὸν
2753 929 2938 1008 Κύριον
3000 927 3096 983 οὒκ
3150 925 3609 994 ἐλαττωθήσονται
3670 925 3874 987 παντὸς

2216 1021 2436 1098 ἀγαθοῦ.
2485 1018 2869 1099 Ἐπτώχεδσαν
2929 1017 2984 1073 δὲ
3037 1038 3153 1080 πως
3210 1017 3300 1072 καὶ
3351 1013 3486 1094 (93)
3561 1015 3875 1075 ἐπείνασαν.

2217 1107 2434 1177 Ἐπειδὴ
2486 1110 2585 1188 γὰρ
2629 1108 2940 1166 ἀπέκτειναν
2993 1107 3082 1162 τὸν
3139 1105 3294 1183 ἄρτον
3353 1110 3453 1170 τῆς
3498 1109 3669 1182 ζωῆς,
3717 1102 3872 1170 ἦλθεν

2213 1197 2297 1255 ἔπ’
2333 1200 2516 1261 αὖτοὺς
2550 1202 2577 1255 ὁ
2607 1197 2764 1270 λιμὸς
2797 1204 2885 1254 τοῦ
2929 1195 3108 1272 ἅρτου³
3165 1197 3252 1251 καὶ
3310 1192 3494 1261 ἐπειδὴ
3543 1190 3868 1250 ἐπιϐούλευ-

2215 1311 2314 1344 σαν
2421 1295 2575 1366 πηγῇ
2621 1291 2712 1345 τοῦ
2754 1284 2940 1350 ὕδατος
2990 1292 3080 1341 τοῦ
3121 1291 3345 1362 ζῶντος,
3398 1282 3556 1352 ἦλθεν
3619 1287 3802 1346 αὐτοῖς
3833 1285 3868 1350 ἦ

2213 1378 2360 1453 δίψα,
2396 1379 2485 1434 καὶ
2513 1376 2735 1443 ἐπετέθη
2775 1374 2897 1454 (94)
2949 1375 3136 1438 αὒτοῖς
3166 1375 3199 1441 ἡ
3233 1374 3292 1428 ἐκ
3322 1373 3420 1441 τῆς
3478 1371 3642 1447 δίψης
3692 1371 3867 1427 κύλα-

2216 1483 2326 1526 σις’
2361 1465 2517 1533 λιμὸς
2549 1464 2602 1522 δὲ
2631 1467 2752 1546 οῦχὶ
2782 1462 2938 1542 ἄρτου
2989 1465 3265 1542 αἰσθητοῦ,
3317 1460 3431 1522 οῦδὲ
3479 1460 3604 1535 δίψα
3648 1459 3861 1541 ὕδατος,

2214 1554 2350 1611 ἀλλὰ
2377 1554 2535 1630 λιμὸς
2565 1563 2656 1613 τοῦ
2702 1555 2925 1612 ἀκοῦσαι
2976 1551 3135 1630 λόγον
3209 1552 3416 1630 Κυρίου,
3477 1549 3866 1628 Ἐπτὼχευσαν

2217 1645 2312 1719 μὲν
2370 1647 2457 1700 οῦν
2515 1646 2601 1701 καὶ
2659 1644 2966 1700 ἐπείνασαν.
3025 1645 3084 1700 Οἱ
3145 1641 3322 1700 μέντοι
3381 1639 3482 1696 ἀπὸ
3539 1642 3646 1696 τῶν
3706 1639 3868 1695 ἐθνῶν

489 1739 584 1795 tur
619 1732 736 1793 ullo
755 1731 1280 1796 bono.Perfectum
1316 1732 1558 1794 omnino
1581 1733 1798 1794 bonum
1825 1733 1984 1796 Deus
2005 1737 2130 1816 ipse

2221 1734 2468 1808 μαθόντες
2521 1733 2770 1804 ὲκζητεϊν
2825 1734 2916 1788 τὸν
2979 1731 3163 1808 Κύριον
3233 1731 3326 1787 οὒκ
3410 1730 3868 1797 ἑλαττωθήσονται

490 1831 725 1902 est,quo
751 1840 865 1882 non
899 1821 1547 1902 minuenturquotquot
1572 1822 1888 1903 exquirunt
1910 1825 2126 1904 ipsum.

488 1909 617 1972 Non
644 1909 804 1971 enim
826 1910 1758 1992 mihiquispiamineruditus,qui
1784 1931 2127 1992 perversum

487 2000 559 2062 de
591 1999 744 2060 bono
795 2017 862 2060 ac
897 2002 1047 2060 malo
1075 2000 1365 2078 judicium
1399 2000 1573 2079 ferat,
1609 1999 1830 2061 bonum
1864 2010 2131 2066 nominet

488 2088 761 2167 eum,qui
789 2088 1148 2169 voluptatem
1183 2090 1599 2170 temporariam
1632 2097 1809 2171 atque
1840 2111 1956 2153 una
1987 2112 2124 2155 cum

487 2180 753 2259 corporis
785 2179 1166 2258 corruptione
1200 2187 1604 2241 transeuntem
1624 2179 1941 2253 habeLQui
1967 2185 2123 2244 enim

487 2286 801 2346 corporeas
836 2285 977 2348 opes
999 2277 1055 2329 et
1080 2268 1499 2348 praerogativas
1521 2270 1870 2349 corporales
1905 2270 1965 2332 in
1987 2272 2127 2334 boni

485 2358 754 2420 ordinem
787 2357 1024 2436 redigit,
1058 2357 1109 2418 is
1140 2359 1532 2419 reverendum
1583 2368 1642 2419 et
1673 2359 1784 2420 soli
1822 2359 1944 2422 Deo
1975 2381 2124 2423 con-

482 2447 729 2508 veniens
763 2465 976 2509 nomen
1008 2446 1082 2508 ad
1132 2466 1229 2508 res
1280 2447 1423 2509 viles
1468 2456 1526 2508 et
1567 2447 1790 2509 nullius
1844 2453 2130 2514 momenti

483 2536 852 2612 transfert,et
873 2537 1047 2596 simul
1071 2536 1132 2596 in
1155 2537 1638 2599 contrarietatem
1667 2537 1893 2600 incidet
1915 2542 2131 2619 gravis-

485 2627 716 2688 simam.
755 2627 869 2688 Aut
895 2624 1051 2686 enim
1086 2625 1244 2686 dicet
1272 2625 1592 2706 apostolos,
1628 2636 1946 2707 propterea
1972 2631 2126 2711 quod

484 2734 602 2776 non
634 2714 1034 2794 inquisierunt
1087 2714 1428 2789 Dominum,
1480 2724 1788 2777 assecutos
1846 2735 1963 2779 non
1996 2737 2129 2782 esse

487 2803 818 2882 corporalia
838 2802 1122 2865 bona:aut
1145 2804 1197 2864 si
1229 2822 1361 2864 eum
1397 2804 1945 2886 inquirentes,talia
1981 2808 2135 2871 bona

487 2911 604 2954 non
623 2894 1435 2973 compararunt,Scripturam
1455 2893 1642 2973 ipsam
1671 2894 2134 2979 accusabit,qua:

2215 1823 2411 1886 παντὸς
2439 1822 2658 1900 ἀγαθοῦ,
2710 1823 2780 1878 Τὸ
2831 1819 3142 1877 παντέλειαν
3199 1819 3392 1896 ἀγαθὸν
3450 1820 3604 1880 αὐτός
3667 1817 3807 1874 ἐστιν
3841 1820 3869 1873 ὂ

2215 1911 2363 1976 Θεός²
2398 1914 2459 1968 οὗ
2516 1913 2612 1968 ούκ
2655 1909 3117 1979 ἐλαττωθήσονται
3175 1909 3369 1973 πάντες
3427 1910 3472 1964 οἱ
3525 1907 3868 1978 ἐκζητῶντες

2216 2001 2392 2057 αὐτόν.
2443 2002 2533 2068 Μὴ
2564 2001 2663 2078 γάρ
2695 2003 2786 2074 μοί
2835 2022 2915 2062 τις
2977 1996 3313 2070 ἀπαίδευτος,
3375 1995 3675 2072 ἀδιάκριτον
3718 1996 3866 2075 ἔχων

2213 2092 2304 2146 τὸν
2347 2092 2465 2166 περὶ
2498 2098 2588 2147 τοῦ
2634 2090 2830 2167 ἀγαθοῦ
2887 2091 2972 2145 καὶ
3025 2095 3189 2145 κακοῦ
3236 2087 3394 2144 τόπον
3455 2086 3606 2165 (95),
3671 2087 3867 2162 ἀγαθὸν

2211 2181 2514 2255 ὀνομαζέτω
2604 2182 2694 2236 τὸν
2791 2179 3118 2256 πρόσκαιρον
3203 2177 3401 2257 ἔχοντα
3464 2178 3562 2244 τὴν
3620 2175 3863 2232 ἀπόλαυ-

2211 2289 2291 2322 σιν
2344 2266 2464 2346 (96)
2513 2267 2600 2323 καὶ
2658 2273 2726 2343 τῇ
2781 2271 2945 2345 φθορᾷ
3004 2267 3094 2323 τοῦ
3153 2266 3402 2340 σώματος
3446 2265 3864 2345 συναπερχομὲ-

2211 2379 2332 2424 νην,
2362 2357 2421 2412 Ὀ
2453 2357 2552 2435 γὰρ
2583 2359 2674 2413 τὸν
2707 2359 3014 2431 σωματικὸν
3044 2355 3268 2415 πλοῦτον
3313 2357 3400 2412 καὶ
3450 2356 3516 2416 τὰ
3576 2358 3862 2428 σωματικά

2216 2447 2591 2525 προτερήματα
2617 2449 2689 2510 εἰς
2721 2446 2820 2513 τὴν
2871 2449 2962 2502 τοῦ
3016 2447 3211 2522 ἀγαθοῦ
3273 2445 3414 2510 τάξιν
3470 2446 3742 2522 κατάγων,
3794 2448 3869 2508 εἰς

2213 2537 2503 2614 πράγματα
2533 2535 2722 2611 εὖτελῇ
2768 2537 2856 2591 καὶ
2909 2532 3114 2599 οὐδενὸς
3159 2534 3322 2614 λόγου
3370 2534 3482 2600 ἄξία
3513 2534 3629 2611 ἄγει
3661 2535 3720 2590 τὸ
3769 2556 3866 2590 σε·

2215 2627 2344 2697 μνὸν
2391 2626 2475 2682 καὶ
2530 2625 2676 2699 μόνῳ
2709 2631 2822 2699 Θεῷ
2853 2623 3050 2703 πρέπον
3095 2623 3290 2703 ὄνομα,
3320 2625 3404 2680 καὶ
3437 2623 3547 2698 ἅμα
3600 2622 3860 2679 ἐναντιώ-

2217 2737 2341 2789 ματι
2387 2713 2763 2794 χαλεπωτάτῶ
2794 2726 3187 2787 περιπεσεῖται,
3221 2711 3305 2768 ’Ἢ
3351 2714 3450 2792 γὰρ
3472 2714 3591 2775 τοὺς
3622 2713 3869 2768 ἀποστό-

2217 2802 2338 2866 λους
2383 2802 2518 2883 ἰρεῐ,
2568 2805 2707 2881 παρά
2762 2805 2822 2858 τὸ
2893 2806 2970 2878 μὴ
3029 2802 3318 2874 ἐκζητῆσαι
3374 2804 3464 2858 τὸν
3524 2802 3736 2879 Κύριον,
3791 2803 3870 2874 μὴ

2216 2892 2569 2972 τετυχηκέναι
2627 2894 2733 2949 τῶν
2811 2895 3128 2967 σωματικῶν
3189 2892 3420 2969 ἀγαθῶν·
3496 2893 3530 2958 ἢ
3581 2893 3624 2946 εἰ
3699 2894 3867 2960 id“-

485 2982 629 3044 dicit
658 3000 761 3044 eos
791 2982 892 3062 qui
915 2982 1231 3043 Dominum
1265 2983 1770 3064 inquirunt,bono
1797 2986 1960 3047 nullo
2005 2988 2131 3051 des.

2222 2985 2432 3045 τοῦντες
2481 2982 2855 3062 ἀπετύγχανον
2886 2982 2990 3038 τῶν
3020 2982 3279 3039 τοιούτων
3323 2981 3554 3060 ἀγαθῶν,
3597 2981 3693 3048 τῆς
3730 2988 3870 3058 Γρα-

488 3071 767 3134 titui.Sed
799 3082 855 3133 et
880 3073 1276 3153 inquisierunt
1301 3076 1486 3137 sancti
1524 3074 1939 3156 Dominum,et
1969 3095 2134 3138 com-

488 3163 887 3244 prehensione
904 3164 1032 3244 ejus
1055 3166 1151 3243 qui
1180 3164 1499 3244 inquisitus
1519 3174 1757 3244 est,non
1789 3179 2131 3242 caruerunt,

487 3270 682 3333 neque
705 3251 948 3314 bonisin
967 3261 1186 3315 (eterna
1202 3260 1410 3335 requie
1431 3254 1854 3336 repositissunt
1875 3257 2130 3337 spoliati.

487 3340 790 3422 Siquidem
809 3342 882 3402 de
896 3341 1013 3402 illis
1030 3341 1203 3404 bonis
1224 3343 1340 3406 dici
1360 3347 1595 3424 proprie
1610 3345 1797 3425 possit
1812 3346 1953 3408 illud
1968 3347 2131 3426 ,Om-

487 3432 557 3493 ni
574 3430 746 3494 bono.
781 3432 928 3493 Nam
962 3449 1265 3510 corporea)
1303 3433 1634 3515 voluptates
1668 3433 1798 3512 plus
1842 3437 2130 3499 molestiae

489 3539 667 3602 quam
689 3520 1077 3601 jncunditatis
1100 3522 1340 3586 habent.
1378 3525 1874 3586 Procreantenim
1907 3526 2128 3606 nuptiae

489 3608 891 3689 sterilitatem,
926 3609 1291 3687 viduitatem,
1321 3621 1546 3693 stupra;
1570 3610 1937 3691 agricultura
1967 3614 2122 3676 infe-

489 3697 874 3770 cunditatem;
901 3709 1233 3762 mercatura
1248 3702 1574 3781 naufragia;
1609 3700 1826 3763 divitiae
1846 3702 2118 3779 insidias;

493 3785 723 3850 deliciae
743 3789 1100 3870 satietasque
1125 3798 1181 3851 et
1211 3790 1464 3852 assiduaa
1491 3790 1848 3871 voluptatem
1896 3793 2135 3855 morbos

491 3876 685 3939 varios
707 3896 773 3939 ac
794 3877 1030 3940 diversa
1052 3879 1431 3941 aﬁ‘ectionum
1453 3897 1657 3960 gnera.
1692 3881 1913 3942 Paulus
1935 3887 2136 3962 utique

489 3975 548 4030 et
572 3966 911 4043 inquirebat
935 3965 1346 4048 Dominum,et
1377 3968 1523 4031 nihil
1547 3968 1706 4030 enim
1735 3967 2132 4031 defuitbono-

484 4053 874 4119 rum.Verum
898 4057 1032 4132 quis
1048 4058 1317 4135 corporis
1343 4058 1667 4126 molestias,
1695 4058 1756 4118 in
1776 4059 1990 4139 quibus
2023 4078 2132 4140 per

491 4152 675 4208 totam
690 4163 858 4208 suam
870 4151 1043 4205 vitam
1063 4145 1738 4225 vixit,annumerat?Ter
1752 4148 1930 4226 virgis
1946 4167 2132 4211 cassus

493 4234 798 4310 est,semel
813 4232 1334 4313 estlapidatus,ter
1347 4236 1720 4314 naufragium
1735 4236 2130 4303 fecit.noctem

2223 3077 2328 3150 φῆς
2386 3073 2549 3138 αὐτῆς
2605 3073 2966 3149 κατηγορήσει
3039 3070 3299 3147 λεγούσης
3368 3069 3592 3144 μηδενὸς
3670 3069 3875 3148 ἀγαθοῦ

2221 3160 2560 3218 ἐλαττοῦσθαι
2618 3163 2739 3223 τοὺς
2773 3160 3090 3232 ἐκζητοῦτας
3155 3161 3247 3217 τὸν
3300 3160 3509 3234 Κύριον,
3570 3157 3736 3221 Ἀλλὰ
3782 3161 3876 3215 καὶ

2218 3250 2490 3321 ἐξεζήτουν
2520 3252 2567 3307 οἱ
2597 3249 2740 3328 ἅγιοι
2770 3252 2861 3307 τὸν
2895 3250 3106 3329 Κύριον,
3137 3251 3224 3305 καὶ
3270 3254 3366 3316 τῆς
3414 3251 3572 3308 αὐτοῦ
3625 3255 3719 3304 τοῦ
3759 3257 3873 3319 ζη-

2215 3341 2471 3402 τουμένου
2500 3339 2862 3416 καταλήψεως
2919 3344 3012 3398 οὒκ
3055 3339 3403 3412 ἠλαττοῦντο,
3437 3336 3553 3398 οὐδὲ
3590 3344 3690 3394 τῶν
3721 3338 3868 3393 ἀπο-

2213 3430 2474 3503 κειμένων
2519 3429 2572 3485 ὲν
2604 3437 2672 3504 τῇ
2705 3430 2886 3501 αίωνίᾳ
2944 3430 3236 3486 ἀναπαύσει
3268 3427 3404 3506 (97)
3435 3429 3641 3506 ἀγαθῶν
3710 3427 3870 3483 ἐστε·-

2210 3521 2468 3598 ρήθησαν.
2545 3521 2668 3597 Περὶ
2728 3519 2940 3575 ἐκείνων
2999 3519 3097 3596 γὰρ
3146 3517 3356 3596 λέγοιτο
3402 3517 3462 3572 ἂν
3533 3518 3724 3594 κυρίως
3776 3520 3866 3587 τὸ,

2211 3610 2412 3670 Παντὸς
2513 3608 2733 3685 ἀγαθοῦ.
2824 3609 2885 3665 Αἱ
2957 3609 3058 3686 γὰρ
3157 3608 3455 3683 σωματικαὶ
3548 3606 3871 3670 ἀπολαύσεις

2206 3696 2396 3753 πλεῖον
2438 3697 2499 3752 τὸ
2554 3695 2804 3775 ὀδυνηρον
2854 3696 3038 3776 ἔχουσι
3092 3704 3183 3752 τοῦ
3235 3694 3414 3762 ἡδέος.
3449 3697 3494 3750 οἱ
3549 3696 3718 3772 γάμοι
3768 3716 3870 3755 τας

2218 3784 2511 3866 ἀπαιδίαις,
2570 3787 2664 3850 τας
2723 3787 2974 3866 χηρείας,
3029 3787 3121 3850 τὰς
3177 3784 3482 3865 διαφθοράς·
3530 3787 3577 3839 αῖ
3615 3787 3873 3862 γεωργίαι

2218 3875 2316 3942 τὴν
2369 3876 2656 3952 ἀκαρπίαν*
2713 3877 2765 3932 αἱ
2823 3875 3072 3954 ἐμπορίαι
3131 3876 3197 3932 τὰ
3253 3875 3493 3952 ναυάγια·
3541 3878 3592 3932 οἱ
3647 3872 3873 3931 πλοῦτοι

2217 3965 2310 4027 τὰς
2370 3963 2674 4029 ἐπιϐουλάς·
2724 3969 2776 4022 αἱ
2837 3967 3024 4043 τρυφαὶ
3081 3965 3166 4021 καὶ
3223 3967 3269 4021 οί
3326 3965 3496 4039 κόροι,
3537 3966 3623 4020 καὶ
3655 3964 3706 4018 αἱ
3739 3986 3874 4018 συν-

2217 4068 2370 4133 εχετς
2404 4054 2726 4118 ἀπολαύσεις
2777 4059 2836 4113 τὸ
2887 4054 3130 4112 ποικίλον
3161 4060 3264 4110 τῶν
3295 4053 3639 4128 νοσημάτων,
3686 4055 3772 4108 καὶ
3807 4056 3876 4108 τὸ

2215 4143 2486 4209 πολυειδὲς
2564 4146 2669 4202 τῶν
2735 4149 2941 4210 παθῶν.
3003 4143 3206 4207 Παῦλος
3267 4143 3446 4217 μέντοι
3524 4144 3611 4199 καὶ
3682 4141 3876 4212 ἐξεζήκ

2214 4255 2296 4289 τει
2335 4233 2465 4312 (98)
2493 4235 2585 4290 τὸν
2618 4236 2826 4314 Κύριον,
2862 4236 2951 4291 καὶ
2998 4232 3143 4290 οῦδὲν
3195 4232 3346 4289 αύδὲν
3379 4235 3519 4306 αύτῷ
3551 4231 3730 4287 ἔλειπε
3763 4235 3876 4288 τῶν

492 4342 561 4387 ac
577 4322 734 4385 diem
754 4323 1122 4403 inprofundo
1146 4324 1352 4403 egit,in
1372 4324 1687 4386 itineribus
1710 4327 1964 4404 smpe,in
1980 4328 2131 4388 fame

2221 4324 2452 4400 ἀγαθῶν,
2491 4327 2674 4381 Καίτοι
2703 4326 2781 4388 τίς
2811 4324 2874 4380 ἂν
2923 4322 3327 4402 ἐξαριθμήσαιτο
3368 4323 3434 4378 τὰ
3478 4329 3568 4379 τοῦ
3614 4322 3877 4395 σώματος

493 4411 1004 4492 etsiti,injejuniis
1017 4413 1478 4494 saepe,inlabore
1492 4417 1915 4496 etaerumna,in
1931 4434 2134 4478 neces-

492 4501 766 4569 sitatibus
783 4521 940 4583 saepe
959 4499 1034 4564 θο.
1048 4505 1241 4584 Usque
1253 4504 1325 4565 ad
1341 4514 1666 4566 extremam
1683 4506 1888 4567 horam
1905 4513 1964 4566 et
1989 4525 2133 4568 esu-

492 4595 900 4660 rienshomo,et
910 4594 1184 4661 sitiens,et
1199 4597 1389 4653 nudus
1401 4611 1467 4653 ac
1481 4596 1737 4668 colaphis
1751 4596 2036 4670 caesu503,q
2044 4613 2138 4657 uo-

572 4703 836 4790 ξϐμῐίοω.
873 4722 955 4790 ix,
980 4707 1083 4770 45.
1165 4705 1418 4769 57.10am
1453 4725 1533 4781 vr,
1567 4708 1668 4771 48.
1752 4709 1816 4759 58
1843 4707 2015 4772 Joan.
2061 4724 2140 4785 Iv,
2174 4712 2250 4770 10
2279 4727 2450 4790 seqq.
2535 4709 2802 4774 59Amos
2832 4726 2952 4787 vni,
2984 4711 3082 4772 ll.

495 4783 546 4828 ⁸⁸
571 4789 599 4850 Ι
629 4786 768 4849 Cor.
804 4803 881 4860 ιν,
921 4783 1014 4848 fl.

580 4904 707 4986 (92)
741 4909 888 4985 Reg.
924 4906 1228 4971 secundus
1259 4909 1362 4964 ἀπὸ
1397 4913 1519 4975 τῆς.
1555 4906 1683 4970 Mox
1715 4907 1857 4972 editi
1879 4909 2134 4988 πεφυκός.

499 4985 572 5050 At
592 4985 822 5069 septem
857 5004 1002 5048 mss.
1041 4988 1311 5069 πεφυκώς.

580 5065 702 5145 (93)
733 5065 914 5130 Deest
945 5069 1031 5150 καί
1059 5065 1434 5150 ἱειέιΙὶιιιιὶδυε
1462 5086 1604 5131 mss.
1623 5071 1758 5133 Mox
1779 5070 1947 5150 Regii
1967 5085 2139 5149 quar-

503 5152 596 5206 tus
625 5155 682 5206 et
711 5156 914 5208 sextus
939 5150 972 5218 ῂ
991 5147 1172 5223 λιμός.

582 5226 710 5304 (04)
739 5227 832 5309 lta
857 5245 1002 5289 mss.
1036 5247 1155 5290 non
1179 5232 1370 5309 pauci.
1406 5227 1554 5290 Editi
1587 5228 1744 5296 ἦλθεν
1767 5229 1852 5287 ἐπ’
1894 5229 2078 5292 αὐτοὺς
2110 5230 2144 5298 ἡ

503 5305 650 5384 δίψα,
685 5307 903 5374 ἔπετέοη
914 5357 927 5369 ,

585 5385 860 5468 (95)]118,
896 5387 1184 5467 ἀδιέκριτον
1215 5389 1492 5468 ἔχων.....
1525 5391 1802 5462 τόπονβὶϐ
1846 5395 2144 5468 interpre-

506 5435 662 5526 tat‘ur
685 5435 1301 5542 ἶῖοωίιείὶεἱιῖεᾙαιίᾶ
1328 5487 1544 5531 sanum
1568 5435 2140 5550 habensjudiciam:

504 5562 683 5630 quam
715 5550 1262 5627 interpretationem
1305 5558 1443 5630 satis
1485 5549 1792 5630 probatum
1812 5549 2140 5630 iriintelli-

504 5623 782 5712 gentibus
813 5623 976 5707 puto,
1012 5646 1145 5712 cum
1181 5635 1269 5691 vix
1294 5623 1538 5691 dubium
1572 5650 1702 5694 esse
1759 5637 1967 5712 possit,
2001 5629 2142 5712 quin

502 5704 617 5846 11126
676 5704 830 5770 loco'
865 5725 973 5770 VOX
1024 5709 1186 5775 τόπος
1233 5728 1338 5792 pro
1418 5729 1561 5774 voce
1633 5704 1901 5796 κριτῆριον
1953 5704 2146 5790 bdslla

503 5802 532 5846 8
584 5830 600 5846 .

503 5802 600 5848 ειι.

2219 4412 2454 4492 ὀχληρὰ,
2509 4413 2598 4477 οἷς
2654 4415 2797 4491 παρὰ
2857 4413 3028 4470 πάντα
3077 4415 3170 4468 τὸν
3223 4413 3395 4471 ἐαυτῶ
3450 4412 3563 4488 βίον
3623 4414 3874 4485 συνέζης

2219 4503 2336 4581 Τρὶς
2415 4501 2745 4581 ὲῤῥαϐδίσθη,
2822 4501 2958 4568 ἅπαξ
3035 4502 3307 4581 ἐλιθάσθη,
3382 4503 3489 4580 τρὶς
3544 4501 3874 4581 ἔναυᾶγησε,

2219 4591 2550 4671 νυχθήμερον
2604 4592 2660 4648 ἐν
2735 4598 2811 4666 τῷ
2868 4593 3006 4669 βυθῷ
3053 4592 3372 4670 πεποίηκεν,
3435 4591 3487 4646 ἐν
3547 4589 3873 4667 ὁδοιπορίαις

3170 4709 3236 4760 60
3263 4707 3316 4772 Il
3342 4709 3482 4773 Cor.
3509 4725 3590 4789 ιι,
3627 4707 3730 4783 25,
3767 4709 3872 4774 27.

2302 4909 2426 4989 (96)
2455 4909 2610 4973 Editi
2639 4920 2699 4972 et
2730 4916 2914 4974 nostri
2955 4909 3236 4974 undecim
3295 4927 3438 4972 mss.
3477 4911 3569 4966 τὸν
3598 4909 3873 4987 πρόσκαι-

2223 5012 2312 5067 ρον
2337 4990 2537 5070 ἕχοντα
2568 4993 2665 5060 τὴν
2696 4990 3136 5054 ἂπόλαυσιν.88ἀ
3156 4998 3242 5053 vir
3272 4989 3872 5052 doctissimnsidem-

2223 5087 2340 5150 que
2370 5070 2915 5134 conﬂdentissimus
2944 5071 3341 5134 Combeiisius
3371 5088 3477 5132 suo
3501 5071 3768 5150 periculo
3793 5070 3878 5132 le-

2222 5155 2276 5228 gi
2313 5151 2433 5233 vult
2456 5154 2516 5233 τρ
2547 5155 2866 5232 πρόσκαιρον
2901 5153 3079 5233 ἕχον.,
3107 5151 3168 5214 id
3201 5149 3461 5233 quodita
3489 5149 3620 5229 ipse
3664 5149 3875 5213 Latine

2228 5229 2572 5313 reddididit,
2592 5229 2829 5296 Bonum
2862 5229 3193 5313 nuncupat,
3216 5229 3378 5313 quod
3399 5240 3876 5313 temperance!»

2226 5310 2412 5402 habet
2414 5310 2865 5402 facunditatem
2878 5359 2889 5372 .
2913 5313 3031 5402 Alii
3049 5310 3340 5402 quidlibet
3362 5310 3476 5372 sibi
3499 5310 3688 5402 licere
3709 5320 3878 5402 puta.

2228 5397 2446 5473 verint;
2475 5401 2535 5453 at
2559 5393 2730 5454 nobis
2761 5392 2968 5473 religio
2991 5392 3164 5455 fuerit
3195 5393 3490 5454 editorum
3511 5392 3691 5452 simul
3711 5401 3877 5453 ettot

2227 5470 2500 5554 codicum
2529 5492 2672 5537 mss.
2706 5470 3115 5536 auctoritatem
3141 5489 3448 5554 spernere.

2309 5551 2428 5623 (97)
2459 5552 2598 5634 Reg.
2631 5555 2855 5634 tertius
2883 5555 3067 5627 ἀῖωνίᾲ
3099 5551 3408 5633 ἀπολαύσει,
3443 5562 3502 5614 et
3535 5554 3612 5611 ita
3649 5551 3878 5631 legitur

2231 5634 2284 5694 in
2323 5633 2600 5714 margine
2630 5633 2775 5714 Reg.
2809 5634 3084 5698 secundi.

2313 5712 2431 5790 (98)
2457 5717 2544 5777 Ita
2571 5733 2673 5777 sex
2707 5712 2848 5780 mss.
2884 5716 2962 5778 At
2995 5714 3140 5778 editi
3165 5715 3362 5787 ἐξήτει.
3386 5715 3531 5792 Reg.
3567 5713 3876 5776 secundus

2227 5793 2453 5867 ὲκζήτει.
