4102 6224
338 279 445 343 371

1683 282 1743 344 S.
1798 280 2078 343 BASILII
2120 280 2371 345 MAGNI

3595 283 3718 348 372

341 415 718 480 intolerabile
747 414 966 480 Christi
991 413 1705 495 tribunal,qumso,cogita
1732 435 1746 478 :
1772 414 1834 477 in
1868 435 1966 498 qut

2068 413 2247 476 ’Ὅταν
2293 416 2493 495 μέλλῃς
2522 417 2609 474 ἐπί
2649 438 2766 473 τινα
2801 420 2971 496 ὖρμᾷν
3019 418 3298 498 ἁμαρτίαν,
3332 418 3586 485 ἐννόησόν
3614 442 3717 495 μοι

340 508 618 587 ριωεὶᾱοι
647 507 885 589 quidem
912 503 1094 583 judex
1119 502 1181 564 in
1209 503 1325 565 alto
1356 504 1611 585 quodam
1647 512 1705 566 et
1737 504 1980 568 sublimi

339 596 781 680 throno,omnis
807 612 945 657 vero
966 604 1239 655 creatura
1257 593 1332 655 ob
1348 594 1671 674 gloriosum
1694 598 1824 673 ejus
1843 615 1983 657 con-

336 696 604 768 spectum
631 684 1100 748 contremiscens
1122 692 1291 759 astat;
1320 687 1439 746 imo
1452 704 1591 747 vero
1616 685 1875 747 futurum
1892 693 1981 748 est

337 788 401 840 ut
430 776 645 853 singuli
672 775 1280 847 adducamur,eorum
1305 794 1439 855 qum
1460 776 1521 837 in
1543 776 1661 839 vita
1682 773 1981 855 egerimus

337 884 583 929 examen
614 861 1131 925 subituri.Deinde
1164 864 1352 945 ei,qui
1378 866 1563 927 multa
1586 866 1740 928 mala
1760 883 1864 946 per
1885 864 1979 927 vi-

335 964 450 1016 tam
486 951 1265 1034 perpetraverit,horribiles
1292 954 1534 1030 quidam
1558 974 1625 1017 ac
1646 954 1981 1018 morosian-

334 1044 448 1125 geli
479 1042 766 1118 assident,
801 1041 997 1121 ignem
1034 1060 1103 1103 ex
1141 1044 1328 1105 oculis
1386 1045 1748 1126 emittentes,
1782 1047 1978 1126 ignem

332 1135 655 1215 spirantes,
690 1140 935 1212 propter
966 1132 1150 1193 animi
1183 1133 1598 1207 acerbitatem,
1635 1136 1795 1199 nocti
1822 1136 1978 1197 vultu

330 1222 578 1297 similes,
621 1221 898 1284 ob-faciei
931 1220 1309 1285 tetricitatem
1342 1225 1726 1287 ethominum
1748 1226 1975 1289 odium.

330 1313 544 1377 Postea
565 1313 765 1375 animo
799 1313 903 1373 tibi
930 1313 1116 1391 ﬁngas
1136 1312 1477 1376 barathrum
1508 1314 1979 1395 profundum,te-

332 1403 549 1465 nebras
565 1405 639 1464 im
650 1401 1279 1485 penetrabiles,ignem
1301 1404 1635 1485 splendoris
1651 1411 1975 1486 expertem,

328 1494 445 1554 vim
478 1492 717 1573 quidem
753 1490 967 1554 urendi
989 1491 1049 1551 in
1073 1493 1343 1554 tenebris
1368 1492 1822 1575 habentem,sed
1847 1495 1980 1557 luce

329 1583 701 1644 destitutum:
728 1580 985 1644 subinde
1012 1581 1300 1643 vermium
1333 1581 1627 1663 quoddam
1656 1601 1845 1663 genus
1875 1603 1976 1647 ve-

329 1680 609 1734 nenatum
638 1690 707 1733 ac
740 1670 1140 1745 carnivorum,
1167 1672 1351 1733 edens
1382 1672 1824 1749 insatiabiliter,
1861 1693 1978 1737 nec

2064 506 2240 564 ἐκεϊνο
2268 509 2331 563 τὸ
2370 507 2584 591 φρικτὸν
2644 508 2730 564 καὶ
2779 506 3093 565 ἆνόποιστον
3145 518 3238 568 τοῦ
3289 515 3512 587 Χριστοῦ
3555 508 3721 567 δικα-

2063 600 2309 677 στήριον,
2372 599 2424 654 ἐν
2476 606 2521 670 ᾦ
2582 598 2957 678 προκαθέζεται
3022 601 3116 661 μὲν
3175 597 3262 656 ὶπὶ
3320 600 3504 676 θρόνου
3562 603 3716 665 τινὸς

2062 687 2271 764 ὕψηλοῦ
2328 689 2413 745 καὶ
2469 688 2770 767 ἓπηρμένου
2829 691 2855 744 6
2900 689 3107 767 κριτὴς,
3139 688 3443 768 παρέστηκε
3474 688 3526 745 δὲ
3559 696 3719 747 πᾶσα

2065 780 2099 846 ἡ
2151 780 2321 842 κτίσις
2350 779 2720 856 ὑποτρέμουσα
2748 778 2843 846 τὴν
2893 778 3203 858 ἐπιφανειαν
3257 780 3417 837 αὐτοῦ
3469 780 3566 848 τὴν
3622 779 3719 836 ἔν-

2065 865 2211 934 δοξον
2250 887 2264 902 ⁶
2323 868 2649 945 παράγεσθαι
2701 866 2755 923 δὲ
2807 867 3076 945 μέλλομεν
3125 868 3246 925 καθ’
3306 868 3398 926 ἕνα
3425 870 3497 930 εἰς
3526 868 3715 934 ἐξέτα-

2066 981 2148 1014 σιν
2200 965 2306 1015 τῶν
2355 955 2695 1035 βεϐιωμένων
2751 960 2913 1033 ἡμῖν.
2977 959 3116 1015 Εἶτα
3172 960 3248 1025 τῶ
3298 958 3473 1015 πολλὰ
3501 959 3720 1038 πονηρὰ

2063 1048 2384 1116 πεποιηκότι
2444 1049 2583 1106 κατὰ
2610 1050 2700 1104 τὸν
2735 1049 2845 1123 βίον
2877 1046 3089 1129 φοϐεροί
3131 1070 3271 1112 τινες
3330 1047 3417 1104 καὶ
3448 1061 3718 1125 κατηγεῐς

2062 1139 2405 1216 παρίστανται
2461 1136 2703 1217 ἄγγελοι,
2766 1144 2866 1215 πῦρ
2897 1136 3207 1214 βλέποντες,
3262 1147 3366 1217 πῦρ
3407 1137 3713 1195 ἀναπνέονο

2061 1249 2172 1301 τες,
2233 1226 2317 1285 διὰ
2372 1228 2470 1296 τὴν
2522 1229 2735 1307 πικρίαν
2792 1233 2891 1295 τῆς
2937 1227 3315 1306 προαιρέσεως,
3349 1229 3495 1285 νυκτὶ
3522 1228 3717 1286 ἐοικό-

2062 1340 2149 1381 τες
2178 1319 2243 1374 τὰ
2286 1317 2567 1396 πρόσωπα,
2626 1317 2709 1374 διὰ
2759 1319 2821 1375 τὸ
2872 1320 3111 1398 κατηφὲς
3161 1319 3248 1375 καὶ
3297 1318 3707 1395 μισάνθρωπον.

2064 1412 2199 1465 Εἶτα
2254 1409 2509 1487 βάραθρον
2568 1409 2720 1484 βαθὺ,
2792 1409 2882 1465 καὶ
2944 1409 3136 1469 σκότος
3198 1406 3572 1487 ἀδιεξόδευτον,
3620 1409 3716 1464 καὶ

2062 1507 2162 1578 πῦρ
2192 1497 2435 1572 ἀλαμπὲς
2470 1514 2485 1530 ⁸
2534 1497 2589 1554 ἐν
2631 1501 2709 1571 τῷ
2738 1498 2914 1554 σκότει
2945 1497 3045 1564 τὴν
3077 1498 3174 1571 μὲν
3215 1497 3509 1564 καυστικὴν
3540 1494 3717 1553 δύνα-

2062 1608 2152 1661 μιν
2182 1586 2336 1667 ἕχον,
2370 1588 2430 1643 τὸ
2460 1585 2515 1642 δὲ
2545 1586 2743 1666 φέγγος
2804 1586 3173 1665 ἀφῃρημένον,
3234 1586 3373 1643 Εἶτα
3404 1583 3714 1655 σκωλήκων

2061 1675 2213 1752 γένος
2262 1675 2470 1734 ἰοϐόλον
2520 1678 2609 1733 καὶ
2666 1677 3023 1754 σαρκοφάγον,
3070 1674 3361 1745 ἀπλήστως
3392 1674 3584 1747 ἐσθίον,
3617 1676 3714 1731 καὶ

329 1779 587 1843 unquam
615 1759 1406 1835 exsatiatum,intolerabiles
1428 1763 1667 1826 dolores
1682 1763 1966 1825 morsibus

2064 1764 2331 1841 μηδέποτε
2399 1767 2797 1845 κορεννυμένον,
2840 1763 3134 1845 ἀφορήτους
3206 1761 3390 1826 ὀδύνας
3448 1763 3710 1839 ἐμποιοῦν

328 1852 623 1913 inducens
656 1870 669 1915 :
708 1860 1010 1933 postremo
1032 1852 1393 1932 supplicium
1416 1852 1681 1915 omnium
1709 1854 1966 1929 gravissi‘

2061 1861 2129 1933 τῇ
2185 1853 2538 1932 καταϐρώσει.
2581 1864 2717 1913 Εἶτα
2746 1860 2844 1922 τήν
2890 1860 3073 1912 πασῶν
3105 1851 3504 1933 χαλεπωτάτην
3529 1852 3712 1908 κόλα-

330 1941 809 2022 mum,probrum
838 1941 982 2003 illud
1018 1949 1076 2002 et
1101 1942 1361 2005 dedecus
1382 1960 1505 2003 sem
1515 1942 1966 2022 piternum.Hasc

2060 1967 2169 2018 σιν,
2199 1948 2290 2002 τὸν
2322 1943 2619 2019 ὀνειδισμὸν
2650 1944 2854 2001 ἐκεῖνον
2887 1944 2974 1999 καὶ
3006 1944 3101 2011 τὴν
3135 1943 3394 2022 αἰσχύνην
3438 1943 3538 2008 τὴν
3568 1942 3712 1999 αἰώ-

330 2031 566 2102 time.et
599 2032 711 2093 hoc
736 2032 950 2093 timore
975 2031 1448 2112 eruditus,quasi
1468 2032 1636 2093 freno
1658 2032 1916 2112 quodam
1944 2051 1966 2094 ε

2061 2057 2193 2099 νιον,
2255 2041 2430 2092 Ταῦτα
2476 2030 2641 2113 φοϐοῦ
2674 2051 2687 2064 ·
2751 2033 2839 2089 καὶ
2887 2033 3059 2105 τούτῳ
3099 2039 3175 2105 τῷ
3218 2029 3367 2111 φόϐῳ
3392 2029 3715 2106 παιδευόμε-

330 2121 525 2201 pravis
561 2121 1064 2203 concupiscentiis
1084 2130 1245 2184 tuam
1269 2122 1486 2185 cohibe
1514 2121 1966 2187 animam.Hunc

2058 2146 2169 2202 νος,
2226 2124 2382 2179 οἱονεὶ
2414 2121 2624 2203 χαλινῷ
2666 2144 2766 2178 τινι
2798 2122 3064 2179 ἇνάκοπτε
3094 2122 3192 2189 τὴν
3241 2122 3427 2201 ψυχὴν
3470 2121 3577 2177 ἀπὸ
3607 2124 3711 2190 τῆς

328 2210 567 2272 Domini
595 2214 868 2273 timorem
907 2209 1040 2272 152
1072 2213 1385 2274 docturum
1438 2229 1501 2272 se
1534 2230 1646 2273 nos
1680 2219 1847 2290 pater
1874 2212 1966 2273 ille

2057 2214 2187 2293 πρὸς
2218 2214 2285 2269 τὰ
2342 2212 2515 2291 φαῦλα
2576 2212 2881 2287 ἐπιθυμίας.
2931 2214 3126 2269 Τοῦτον
3154 2213 3245 2269 τὸν
3277 2209 3440 2290 φόϐον
3470 2217 3562 2268 τοῦ
3595 2221 3709 2270 Κυ-

329 2301 599 2379 promisit
627 2322 642 2377 ;
675 2321 793 2363 non
826 2302 1345 2366 indiscriminatim
1371 2300 1613 2377 quidem
1634 2300 1966 2377 docturum,

2057 2305 2165 2381 ρίου
2193 2300 2455 2363 διδάσκειν
2500 2303 2647 2379 ἡμᾶς
2677 2304 2704 2358 6
2734 2302 2911 2379 πατὴρ
2936 2301 3294 2379 ἐπηγγείλατο
3320 2316 3335 2332 ’
3384 2303 3488 2380 οὔχ
3517 2298 3707 2365 ἁπλῶς

325 2389 429 2451 sed
461 2408 583 2465 eos,
620 2392 723 2472 qui
776 2390 830 2452 ei
861 2392 1200 2454 auscultare
1248 2391 1471 2455 volunt.
1508 2410 1626 2452 non
1659 2391 1761 2453 diu
1791 2391 1966 2453 colla-

2056 2392 2338 2466 διδάσκειν,
2404 2391 2541 2448 ἀλλὰ
2584 2392 2709 2457 τοὺς
2757 2391 2969 2449 ἀκούειν
3027 2393 3185 2449 αὐτοῦ
3232 2390 3697 2469 προαιρουμένους.

318 2497 476 2560 psos,
517 2480 620 2543 sed
656 2499 783 2562 eos,
820 2480 921 2564 qui
956 2492 1201 2562 propter
1228 2480 1436 2543 salutis
1464 2480 1831 2542 desiderium
1862 2499 1965 2544 ac-

2052 2487 2109 2541 οῦ
2128 2474 2258 2546 ’τοὺς
2287 2482 2493 2560 μακρὰν
2549 2480 2918 2544 ἀποπεσόντας
2963 2480 3072 2559 (6),
3104 2478 3242 2536 ἀλλᾶ
3294 2481 3415 2544 τοὺς
3459 2478 3529 2536 δι’
3574 2480 3707 2537 ἔπι-

319 2578 587 2631 currunt:
615 2589 731 2633 non
753 2581 1074 2635 ewtraneos
1100 2591 1138 2634 a
1178 2572 1575 2635 Testamentis
1594 2570 1680 2650 64,
1706 2572 1812 2632 sed
1837 2589 1961 2645 eos,

2052 2573 2233 2647 θυμίαν
2294 2573 2387 2629 τοῦ
2435 2575 2670 2638 σωθῆναι
2720 2570 3152 2651 προστρέχοντας
3178 2587 3194 2602 ⁶
3242 2574 3301 2629 οὗ
3345 2570 3468 2633 τοὺς
3528 2568 3707 2635 ξένους

316 2658 417 2739 qui
443 2677 512 2721 ex
548 2659 907 2740 baptismate
956 2661 1139 2724 verbo
1185 2660 1522 2742 adoptionis
1554 2661 1608 2723 ei
1659 2660 1966 2739 conjuncti

2052 2670 2153 2720 τῶν
2214 2664 2517 2735 Διαθηκῶν,
2571 2660 2707 2717 ἀλλὰ
2753 2661 2873 2723 τοὺς
2918 2660 2978 2716 ἐκ
3046 2669 3140 2719 τοῦ
3189 2659 3557 2736 βαπτίσματος
3601 2665 3708 2728 τῆς

315 2757 472 2813 sunt.
506 2752 851 2828 Propterea,
882 2751 1103 2832 inquit,
1138 2751 1359 2823 venite;
1392 2751 1506 2812 hoc
1535 2758 1644 2824 est,
1676 2768 1783 2831 per
1813 2749 1966 2810 bona

2052 2752 2303 2814 υἱοθεσίας
2350 2748 2741 2825 οἰκειουμένους
2797 2758 2876 2824 τῷ
2930 2749 3101 2827 λόγῳ.
3169 2750 3267 2805 Διὰ
3322 2755 3499 2823 τοῦτο,
3546 2751 3705 2830 φησὶ,

318 2856 501 2919 opera
530 2839 1001 2921 apprOpinquate
1050 2839 1123 2902 ad
1170 2839 1426 2919 me,filii,
1458 2839 1623 2919 digni
1653 2838 1835 2901 habiti
1865 2838 1966 2919 qui

2052 2840 2191 2900 δεῦτε
2227 2858 2240 2873 ’
2287 2841 2552 2913 τουτέστι,
2586 2839 2671 2897 διὰ
2699 2846 2805 2896 τῶν
2841 2841 3052 2918 ἀγαθῶν
3087 2838 3256 2917 ’έργων
3285 2837 3534 2918 έγγίσατέ
3580 2862 3704 2914 μοι,

318 2946 425 3008 per
453 2930 969 3004 regenerationem
1005 2929 1111 2992 ﬁlii
1162 2929 1311 2991 lucis
1342 2929 1555 2991 essetis
1582 2928 1669 2989 65.
1714 2928 1960 3002 Audite,

2052 2932 2225 3004 τέκνα,
2273 2933 2371 2988 υἱοὶ
2428 2932 2602 3009 φωτὸς
2675 2929 2917 3008 γενέσθαι
2973 2928 3057 2986 διὰ
3132 2929 3228 2997 τῆς
3288 2927 3706 3006 παλιγγενεσίας

313 3035 415 3078 vos
444 3018 545 3099 qui
577 3037 752 3080 aures
782 3019 979 3081 cordis
1012 3019 1246 3081 habetis
1261 3025 1519 3099 apertas;
1545 3021 1818 3108 timorem
1844 3017 1964 3108 Do-

2052 3018 2477 3085 καταξιωθέντες,
2544 3017 2855 3093 Ἀκούσατε,
2935 3022 2981 3074 οἱ
3037 3017 3258 3098 ἔχοντες
3324 3019 3392 3074 τὰ
3457 3020 3571 3075 ὦτα
3627 3018 3706 3095 (7)

312 3109 469 3170 mini
493 3109 707 3172 docebo
737 3126 883 3185 vos;
938 3128 1073 3170 eum
1133 3108 1413 3170 videlicet
1446 3127 1621 3189 quem
1657 3107 1823 3169 vobis
1850 3105 1964 3167 ali-

2052 3110 2142 3177 τῆς
2228 3107 2442 3187 καρδίας
2521 3109 2826 3186 ἐνεῳγμένα
2858 3124 2873 3140 ⁶

314 3204 536 3276 quanto
567 3206 705 3260 ante
740 3198 1191 3278 descripsimus.

393 3375 915 3452 9.Vsns.13.Quis
932 3383 1019 3439 est
1039 3377 1212 3439 homo
1232 3377 1339 3458 qui
1350 3376 1476 3439 vult
1490 3373 1965 3453 vitam,diligens

313 3466 443 3528 dies
459 3467 664 3528 videre
684 3466 863 3529 bonos
883 3472 912 3528 ?
934 3465 995 3529 Si
1020 3467 1177 3546 quis,
1204 3465 1418 3546 inquit,
1456 3466 1578 3527 vult
1610 3466 1809 3537 vitam,
1842 3483 1960 3527 non

314 3574 697 3618 communem
722 3556 896 3629 hanc,
939 3574 1113 3635 quam
1144 3562 1202 3616 et
1251 3553 1423 3615 bruta
1452 3555 1672 3637 vivunt,
1705 3557 1807 3619 sed
1831 3575 1960 3620 eam

313 3666 449 3723 quas
480 3663 622 3709 vere
669 3645 789 3707 vita
813 3653 925 3726 est,
958 3653 1015 3705 et
1062 3652 1250 3705 morte
1281 3663 1401 3705 non
1433 3644 1759 3709 dirimitur.
1793 3645 1960 3708 Nunc

314 3736 472 3799 enim
484 3734 1047 3816 ,inquit,morimini,
1059 3732 1134 3796 Et
1147 3736 1273 3797 vita
1291 3741 1502 3797 nostra
1518 3742 1602 3799 est
1615 3737 1964 3800 abscondita

310 3844 444 3888 cum
461 3825 697 3887 Christo
712 3826 779 3887 in
796 3825 913 3887 Deo
941 3846 954 3883 :
978 3840 1116 3886 cum
1136 3841 1274 3886 vero
1290 3822 1565 3886 Christus
1576 3827 1959 3907 apparuerit,

311 3917 440 3979 vita
458 3919 837 3987 nostra,tunc
858 3921 911 3975 et
938 3931 1042 3975 vos
1055 3913 1424 3993 apparebitis
1438 3931 1578 3976 cum
1598 3917 1729 3996 ipso
1748 3922 1813 3976 in
1836 3915 1969 3997 glo-

310 4008 409 4068 ria
428 4003 516 4069 66.
548 4003 733 4083 Igitur
760 4020 900 4066 vere
961 4003 1079 4064 vita
1129 4010 1220 4065 est
1248 4003 1537 4076 Christus,
1576 4012 1633 4066 et
1662 4014 1861 4067 nostra
1901 4011 1963 4066 in

311 4101 440 4175 ipso
471 4092 843 4156 conversatio
891 4091 1010 4153 vita
1041 4110 1179 4153 vera
1208 4101 1322 4154 est.
1352 4089 1643 4154 Similiter
1670 4102 1869 4157 autem
1904 4102 1963 4156 et

309 4183 439 4245 dies
468 4183 567 4245 alii
600 4192 736 4244 sunt
779 4182 1106 4263 boni,quos
1138 4182 1199 4243 in
1254 4180 1650 4261 promissione
1683 4185 1963 4264 proponit

311 4270 784 4352 ProphetaQuis
798 4271 1074 4334 esthomo
1089 4270 1335 4351 quivult
1349 4272 1819 4352 vitamdiligens
1831 4275 1961 4337 dies

2967 3106 3141 3165 Φόϐον
3235 3109 3421 3187 Κυρίου
3508 3106 3707 3173 διδάξω

2044 3200 2179 3273 ὑμᾶς
2218 3217 2229 3231 ’
2292 3204 2497 3273 τοῦτον,
2549 3198 2609 3255 ὃν
2648 3204 2824 3277 μικρῷ
2859 3198 3083 3277 πρόσθεν
3128 3200 3155 3254 6
3200 3196 3361 3276 λόγος
3419 3199 3550 3273 ὑμῖν
3594 3198 3707 3254 ὅπα

2048 3289 2277 3367 ἔγραψεν
2290 3336 2304 3350 ,

2125 3377 2189 3440 9.
2249 3379 2334 3443 Τίς
2415 3378 2560 3434 ἐστιν
2627 3375 2896 3456 ἅνθρωπος
2976 3381 3006 3435 6
3098 3376 3265 3435 θέλων
3343 3378 3488 3448 ζωὴν
3558 3376 3705 3455 ἀγα-

2044 3474 2159 3524 πῶν
2212 3464 2417 3545 ἡμέρας
2489 3465 2621 3523 ἰδεῖν
2680 3467 2932 3544 ἀγαθᾶςς
3014 3467 3080 3525 Εἴ
3154 3488 3234 3532 τις
3300 3465 3464 3545 θέλει,
3542 3468 3704 3545 φησὶ,

2043 3558 2208 3632 ζωὴν,
2272 3561 2333 3616 οὒ
2386 3558 2483 3625 τὴν
2527 3556 2719 3624 κοινὴν
2775 3558 2975 3624 ταύτην
3027 3557 3093 3626 ἣν
3144 3558 3233 3614 καὶ
3277 3557 3342 3613 τὰ
3395 3555 3567 3634 ἄλογα
3608 3563 3701 3633 ζῇ,

2044 3645 2181 3702 ἀλλὰ
2211 3646 2310 3713 τὴν
2341 3645 2509 3709 ὄντως
2538 3647 2681 3717 ζωὴν
2714 3646 2813 3712 τὴν
2852 3647 3062 3720 θανάτῷ
3115 3646 3194 3722 μὴ
3242 3644 3398 3702 διαιιο
3411 3646 3698 3715 πετομένην.

2046 3742 2148 3793 Νῦν
2192 3736 2315 3813 γὰρ,
2380 3735 2562 3812 φησὶν,
2598 3734 2985 3811 ἀποθνήσκετε,
3040 3737 3139 3795 Καὶ
3177 3738 3212 3803 ἡ
3256 3735 3369 3807 ζωὴ
3411 3737 3563 3811 ἡμῶν
3608 3734 3701 3814 (8)

2044 3823 2330 3902 κέκρυπται
2388 3824 2478 3880 σὺν
2536 3829 2612 3898 τῷ
2665 3831 2876 3903 Χριστῷ
2933 3825 2987 3880 ὲν
3036 3825 3113 3899 τῷ
3164 3831 3281 3899 Θεῷ
3310 3841 3325 3856 ⁸
3384 3823 3509 3880 ὅταν
3560 3823 3617 3880 δὲ
3671 3827 3703 3882 6

2047 3922 2267 3990 Χριστος
2363 3917 2639 3994 φανερωθῇ
2671 3963 2687 3988 ,
2776 3916 2811 3983 ἡ
2895 3915 3008 3986 ζωὴ
3105 3916 3260 3991 ἡμῶν
3295 3961 3312 3986 ,
3400 3915 3522 3971 τότε
3608 3907 3701 3972 καὶ

2043 4005 2199 4079 ὑμεῖς
2265 4004 2357 4059 σὺν
2414 4007 2557 4078 αὐτῷ
2637 4006 3070 4083 φανερωθήσεσθε
3143 4004 3199 4061 ἐν
3276 4001 3425 4080 δόξῃ.
3487 4004 3694 4065 Οόκοῦν

2044 4095 2130 4150 καὶ
2159 4095 2193 4162 ἡ
2223 4093 2388 4156 ὅντως
2422 4095 2532 4164 ζωή
2585 4095 2613 4150 6
2670 4095 2918 4171 Χριστὸς,
2978 4096 3066 4151 καὶ
3113 4095 3148 4163 ἡ
3197 4093 3432 4171 ἡμετέρα
3460 4093 3514 4150 ἐν
3547 4096 3694 4169 αῦτῷ

2042 4182 2284 4260 διαγωγὴ
2328 4183 2439 4253 ζωή
2473 4181 2613 4240 ἐστιν
2646 4182 2894 4252 ἀληθινὴ,
2954 4180 3184 4258 Ὀμοίως
3226 4181 3282 4239 δὲ
3334 4183 3421 4238 καὶ
3450 4185 3503 4238 αἱ
3538 4183 3693 4257 ἡμέ-

2043 4294 2127 4353 ραι
2159 4271 2313 4328 ἄλλαι
2376 4274 2502 4328 εἰσὶν
2560 4273 2771 4352 ἀγαθαὶ,
2824 4271 2886 4337 ἃς
2944 4273 2998 4330 ἐν
3029 4272 3324 4352 ἐπαγγελίᾳ
3380 4273 3699 4352 προτίθησιν

310 4347 515 4425 υιίάονθ
539 4347 749 4423 bonos?
778 4361 917 4422 Dies
946 4347 1116 4422 enini
1136 4361 1316 4440 hujus
1341 4362 1571 4435 saeculi,
1600 4347 1737 4423 mali
1768 4371 1907 4425 sunt
1942 4383 1955 4424 :

2052 4347 2070 4420 5
2141 4363 2450 4441 Προφήτης.
2510 4347 2620 4427 Τίς-
2668 4347 2811 4419 ἐστιν
2874 4347 3242 4442 ἄνθρωπος’-ὁ
3312 4347 3479 4419 θέλων
3524 4364 3695 4438 ζωὴν,

310 4450 607 4532 siquidem
627 4460 685 4512 et
703 4451 815 4513 hoc
839 4452 1435 4531 saaculum,mensura
1451 4469 1587 4512 cum
1615 4450 1692 4512 sit
1725 4452 1953 4529 mundi,

311 4540 386 4602 de
406 4560 524 4619 quo
551 4541 774 4604 dictum
808 4549 901 4604 est
936 4562 950 4603 :
976 4539 1245 4603 Mundus
1286 4546 1444 4602 totus
1461 4542 1527 4601 in
1549 4543 1823 4621 maligno
1842 4558 1957 4622 po-

311 4636 465 4693 situs
495 4639 585 4694 est
610 4632 694 4707 67,
732 4639 954 4693 natura;
985 4629 1214 4711 mundi,
1238 4648 1415 4711 quem
1448 4629 1779 4708 dilnetitur,
1804 4632 1956 4693 assi-

313 4718 572 4786 milatur.
607 4720 681 4783 Hi
700 4728 897 4783 autem
921 4719 1048 4782 dies
1062 4725 1259 4800 partes
1279 4726 1417 4783 sunt
1438 4719 1620 4799 hujus
1644 4721 1954 4802 temporis.

312 4810 683 4893 Quapropter
705 4810 847 4872 dicit
889 4809 1210 4891 Apostolus
1239 4829 1253 4870 :
1287 4809 1677 4873 Rcdimentes
1698 4816 1955 4893 tempus,

309 4902 607 4979 quoniam
636 4902 767 4963 dies
797 4900 949 4963 mali
975 4905 1121 4963 sunt
1138 4898 1506 4981 38.1temque
1535 4899 1743 4964 Jacob:
1782 4900 1951 4978 Dies,

308 4989 829 5070 inquit,annorum
841 5006 1111 5053 meorum
1119 4992 1304 5071 pauci
1317 4998 1376 5053 et
1392 4991 1551 5053 mali
1566 4997 1706 5053 sunt
1724 4989 1810 5055 69.
1834 4989 1953 5052 Ita-

2042 4452 2263 4531 ἀγαπῶν
2329 4450 2533 4530 ἡμέρας
2592 4450 2722 4508 ἰδεῖν
2784 4452 3028 4529 ἀγαθάς
3091 4454 3154 4509 Αἱ
3221 4452 3323 4531 γὰρ
3365 4459 3457 4509 τοῦ
3501 4452 3695 4517 αἰῶνος

2039 4543 2224 4601 τούτου
2270 4541 2464 4619 ἡμέραι
2537 4546 2787 4619 πονηραὶ,
2837 4538 3023 4608 ἐπειδῆ
3089 4540 3181 4598 καί
3232 4544 3260 4598 6
3330 4542 3459 4598 αἰὼν
3509 4544 3690 4622 οὗτος,

2040 4652 2131 4688 του
2185 4631 2389 4707 κόσμου
2443 4630 2637 4711 μέτρον
2692 4631 2972 4712 ὑπάρχων,
3038 4634 3155 4708 περὶ
3197 4630 3258 4688 οὗ
3314 4630 3553 4710 εἴρηται,
3609 4632 3695 4689 ὅτι

2042 4722 2101 4781 Ὀ
2153 4724 2354 4797 κόσμος
2397 4720 2519 4787 ὅλος
2549 4720 2603 4778 ἐν
2629 4727 2706 4795 τῷ
2752 4725 2975 4800 πονηρῷ
3028 4734 3233 4795 κεῖται,
3291 4729 3693 4801 συναφομοιοῦ-

2038 4834 2125 4868 ται
2182 4818 2249 4889 τῇ
2294 4810 2443 4891 φύσει
2487 4817 2578 4868 τοῦ
2616 4811 2821 4885 κόσμου
2880 4811 2937 4866 ὃν
2988 4813 3264 4891 ἓκμετρεϊ.
3301 4809 3449 4890 Μέρη
3479 4809 3535 4866 δὲ
3595 4819 3692 4868 τοῦ

2039 4902 2236 4981 χρόνου
2295 4900 2477 4957 τούτου
2533 4901 2587 4956 αἱ
2650 4898 2838 4979 ἡμέραι
2883 4898 3060 4963 αὗται,
3123 4901 3221 4959 Διὰ
3265 4906 3420 4957 τοῦτο
3464 4922 3628 4979 φησιν
3659 4904 3688 4958 6

2038 4989 2372 5055 Ἀπόστολος
2410 5007 2425 5022 ⁶
2514 4988 2997 5069 Ἐξαγοραζόμενοι
3079 4991 3170 5046 τὸν
3241 4990 3444 5066 καιρὸν,
3501 4989 3582 5047 ὅτι
3640 4992 3694 5048 αἱ

388 5149 453 5200 64
471 5149 693 5231 Ephes,
724 5168 791 5232 ιι,
814 5150 907 5216 12.
992 5150 1058 5203 65
1084 5150 1108 5210 Ι
1139 5149 1354 5213 Thess.
1400 5168 1456 5230 v,
1488 5150 1548 5213 5.
1634 5148 1701 5200 66
1730 5149 1959 5214 Coloss.

2052 5168 2077 5226 :,
2112 5153 2173 5227 3,
2228 5150 2289 5214 4.
2372 5148 2496 5211 671
2549 5151 2720 5215 Joan.
2779 5166 2837 5225 ν,
2875 5149 2971 5213 19.
3057 5148 3123 5201 68
3185 5148 3406 5232 Ephes.
3463 5167 3517 5226 v,
3586 5150 3686 5215 l6.

311 5227 375 5280 69
405 5227 556 5295 Gen.
591 5227 788 5309 XLVII,
809 5232 870 5297 9.

393 5392 480 5471 (6)
528 5395 660 5457 Τοὺς
717 5394 924 5471 μακρὰν
969 5389 1359 5464 ἀποπεσόντας,
1421 5398 1635 5454 verte:
1693 5407 1792 5453 €08
1848 5393 1955 5473 qui

305 5474 701 5553 proculqlopsi
729 5479 897 5535 sunt.
934 5474 1172 5553 MARAN.

394 5556 473 5695 (7)
503 5549 920 5632 Ιιειίηεε.,ιιοιι
945 5552 1135 5632 pauci.
1154 5549 1314 5614 Editi
1336 5549 1556 5630 ἔχοντες
1580 5550 1952 5614 ὧτα.Ιι)ἱάειιι

420 5633 480 5695 b.
516 5633 745 5695 nrimus
768 5633 1105 5695 ἠνεῳγμὲνα.

308 5633 480 5699 Colb.
516 5633 745 5709 primus
768 5633 1105 5709 ἠνεῳγμένα.

393 5715 477 5799 (8)
506 5710 604 5782 Sic
627 5720 843 5779 mss.et
862 5712 1046 5777 editio
1079 5711 1403 5776 Basil.cum
1428 5710 1666 5791 vulgato
1692 5713 1957 5796 Scriptu-

2037 5410 2126 5474 ra;
2151 5399 2335 5457 textu.
2362 5390 2557 5454 Editto
2590 5391 2803 5474 Paris._
2830 5391 2942 5474 ζωὴ
2973 5393 3145 5467 ὑμῶν.
3195 5389 3305 5474 Illa
3346 5409 3477 5469 qua;
3506 5392 3689 5474 paulo

2040 5473 2195 5536 infra
2219 5474 2519 5554 leguntur,
2574 5472 2693 5528 τότε
2725 5471 2826 5554 καὶΔ
2847 5473 3007 5554 ξιμεῖς
3034 5474 3123 5528 σὺν
3171 5472 3313 5547 αὒτῷ
3370 5471 3687 5554 φανερωθή-

2034 5521 2195 5612 ἇὲἐόἔ
2216 5521 2698 5635 treaties;
2727 5521 3057 5635 magis};
3069 5521 3347 5635 ῌυὲἱιᾶἑῖιί
3362 5521 3685 5635 ὧέέῖῗὲἒει

2034 5630 2515 5717 ιεροιὶιιιιιιιι·’ίιι
2543 5632 2679 5696 aliis
2704 5630 2956 5714 perinde
2984 5630 3164 5715 atque
3193 5634 3252 5696 in
3277 5631 3475 5697 editis.
