4102 6224
222 284 339 350 373

1309 274 1634 339 HOMILIA
1676 271 1761 333 IN
1804 265 2167 331 PSALMUM
2216 265 2493 330 XXVIII.

3487 254 3604 320 374

217 422 413 501 ἡμέραι
466 419 693 497 πονηραί
745 417 866 492 εἰσι,
936 415 1032 474 Καὶ
1063 415 1092 471 6
1122 412 1316 472 Ἰακώϐ
1343 413 1399 470 δὲ
1457 410 1566 491 (9),
1613 412 1683 501 ᾼι
1715 406 1854 501 ἡμέ.

1966 421 2062 501 [ue
2093 426 2252 471 nunc
2282 411 2343 472 in
2378 412 2489 475 vita
2520 431 2638 475 non
2669 409 3011 484 sumus,sed
3042 408 3104 469 in
3137 400 3598 501 morteldcirco

218 498 340 594 ραι,
388 510 541 591 φησὶ,
611 512 719 564 τῶν
743 593 747 594 ν
770 505 904 561 ἐτῶν
968 526 1071 578 μου
1111 504 1291 583 μικραὶ
1319 504 1407 560 καὶ
1437 500 1687 578 πονηραί,
1722 498 1867 557 Οὐκ-

219 589 324 661 se;
393 589 480 658 νῦν
546 596 643 672 μὲν
706 593 800 652 οὒκ
832 594 991 657 ἐσμὲν
1064 593 1119 649 ἐν
1176 600 1315 671 ζωῇ,
1373 589 1492 647 ἀλλ’
1539 590 1593 647 ἓν
1636 589 1864 663 θανάτῳ,

222 692 319 749 Διὸ
378 689 464 745 καὶ
499 684 697 766 ηὔχετο
761 686 788 740 6
814 682 1164 762 Ἀπὸστολος,
1202 682 1396 761 λέγων·
1433 682 1521 746 Τίς
1552 702 1620 755 με
1658 678 1866 758 ῥύσεται

218 782 283 840 ἐκ
328 777 421 837 τοῦ
482 776 731 844 σώματος
821 781 913 830 τοῦ
979 773 1203 830 θανάτου
1274 772 1508 850 τούτους
1568 767 1760 835 ’Ἄλλη
1814 767 1869 824 δέ

216 869 299 934 τίς
358 866 469 923 ἐστι
522 865 660 944 ζωὴ,
720 863 849 939 πρὸς
903 861 965 928 ἤν
997 866 1156 919 καλεῖ
1203 864 1345 936 ἡμᾶς
1391 859 1622 938 ὸλὸγος·
1660 860 1749 916 καὶ
1783 865 1869 915 νῦν

218 960 320 1036 μὲν
380 957 432 1012 αἱ
494 953 687 1034 ἡμέραι
717 954 871 1028 ἡμῶν
932 952 1183 1029 πονηραὶ,
1258 949 1410 1007 ἄλλαι
1447 948 1502 1006 δέ
1555 949 1695 1012 τινές
1741 949 1871 1005 εἰσιν

220 1047 437 1127 ἀγαθαὶ,
495 1042 557 1109 ἃς
616 1041 699 1108 νὺξ
759 1042 819 1099 οὒ
872 1039 1171 1098 διακόπτειο
1204 1039 1353 1097 ἔσται
1386 1040 1486 1118 γὰρ
1533 1042 1560 1095 6
1609 1040 1737 1104 Θεὸς
1769 1041 1869 1096 αὗ-

216 1144 329 1195 τῶν
371 1141 481 1215 φῶς
538 1132 772 1212 αἰώνιον,
824 1129 1193 1204 καταλάμπων
1238 1130 1397 1193 αὐτὰς
1454 1135 1531 1204 τῷ
1575 1129 1710 1208 φωτὶ
1770 1127 1868 1194 τῆς

218 1228 408 1283 ἑαυτοῦ
462 1221 638 1289 δόξης.
702 1221 790 1288 Μὴ
814 1220 1009 1299 τοίνυν,
1045 1217 1173 1274 ὅταν
1204 1219 1438 1295 ἀκούσῃς
1470 1221 1684 1295 ἡμερῶν
1728 1217 1870 1293 ἀγα-

218 1320 348 1389 θῶν,
402 1314 498 1382 τὴν
551 1311 768 1369 ἐνταῦθά
823 1331 911 1366 σοι
968 1310 1189 1385 νομίσῃς
1252 1309 1394 1379 ζωὴν
1429 1308 1483 1364 ἐν
1530 1305 1872 1385 ἐπαγγελίαις

219 1406 563 1484 προκεῖσθαι.
615 1400 848 1477 Φθαρταὶ
901 1398 1001 1477 γάρ
1032 1399 1161 1453 εἰσιν
1221 1400 1396 1472 αὗται,
1448 1396 1509 1463 ἅς
1542 1401 1568 1455 6
1624 1396 1873 1462 αἰσθητὸς

1955 497 2133 559 etiam
2166 500 2979 583 orabatApostolus,dicens:
3013 500 3166 575 Quis
3195 515 3287 559 me
3317 490 3603 583 liberabit

1953 590 2024 650 de
2038 608 2289 672 corpore
2302 581 2519 655 mortis
2544 592 2723 672 hujus
2743 591 2961 654 7°?Alia
2976 599 3171 652 autem
3195 585 3461 668 quaedam
3485 581 3602 642 vita

1954 681 2143 754 est,ad
2178 700 2355 762 quam
2377 691 2590 744 vocant
2620 702 2728 745 nos
2750 683 2956 744 isthmc
2984 678 3253 753 verba;et
3282 692 3439 737 nunc
3460 672 3598 753 qui-

1953 770 2093 831 dem
2124 770 2254 833 dies
2286 772 2470 834 nostri
2493 772 2631 834 mali
2663 780 2823 844 sunt,
2882 771 2983 832 alii
3012 787 3149 831 vero
3181 765 3420 848 quidam
3465 768 3601 823 sunt

1953 858 2278 941 boni,quos
2301 881 2414 924 nox
2443 879 2560 924 non
2593 859 3048 925 intercidit.Erit
3079 857 3402 921 enimDeus
3434 853 3601 933 ipso-

1953 968 2084 1012 rum
2111 952 2207 1013 lux
2230 952 2728 1032 sempiterna,eos
2750 952 2955 1027 gloriae
2976 968 3097 1012 suas
3118 949 3249 1009 luce
3272 945 3598 1032 illustrans.

1953 1041 2045 1103 Ne
2078 1040 2255 1120 igitur
2277 1031 2408 1103 cum
2445 1042 2709 1104 audieris
2740 1042 2868 1103 dies
2907 1041 3117 1112 bonos,
3141 1041 3489 1118 praesentem
3516 1031 3602 1093 is—

1956 1137 2071 1192 tam
2088 1131 2264 1192 vitam
2290 1131 2592 1194 existimes
2608 1132 2714 1193 tibi
2739 1132 2987 1213 proponi
3004 1130 3064 1191 in
3080 1147 3183 1210 pro
3194 1122 3601 1213 missionibus.

1954 1218 2100 1282 Nam
2127 1238 2274 1301 quos
2304 1220 2432 1283 dies
2462 1222 2550 1283 sol
2573 1211 2876 1284 sensibilis
2896 1218 3197 1302 peragit,ii
3216 1222 3352 1278 sunt
3370 1211 3598 1275 caduci:

1957 1309 2103 1371 nihil
2136 1318 2331 1372 autem
2366 1311 2658 1373 caducum
2691 1310 2906 1392 poterit
2938 1328 3069 1372 esse
3102 1303 3465 1369 conveniens
3495 1302 3601 1363 do-

1960 1418 2102 1460 num
2134 1400 2531 1479 corruptionis
2563 1400 2811 1481 experti.
2850 1399 3084 1463 Etenim
3107 1397 3156 1459 si
3182 1395 3379 1458 anima
3399 1409 3607 1454 corru-

223 1493 379 1563 ἤλιος
429 1490 802 1570 ἀπεργάζεται⁸
880 1486 1028 1546 οὐδὲν
1115 1485 1170 1543 δὲ
1230 1489 1455 1567 φθαρτὸν
1540 1486 1875 1565 ἁρμοζόντως

1966 1488 2155 1568 ptioni
2187 1509 2557 1572 nequaquam
2593 1490 2850 1553 obnoxia
2898 1498 3009 1569 est,
3042 1506 3153 1549 nec
3186 1485 3359 1548 etiam
3393 1500 3605 1545 corru-

219 1585 283 1640 ἄν
334 1581 499 1662 δῶρον
554 1579 762 1658 γένοιτο
817 1584 895 1651 τῷ
954 1574 1227 1657 ἀφθάρτῳ.
1266 1578 1323 1633 Εἰ
1388 1577 1489 1655 γὰρ
1538 1576 1794 1654 ἄφθαρτος
1840 1574 1873 1641 ἦ

1966 1579 2150 1659 ptioni
2175 1580 2427 1642 obnoxia
2459 1581 2673 1643 fuerint
2696 1581 2884 1661 ipsius
2904 1579 3083 1642 dona.
3104 1576 3384 1638 Praeterit
3405 1580 3599 1662 autem

222 1660 420 1753 ψυχὴ,
456 1668 690 1750 ἄφθαρτα
734 1671 897 1733 αὐτῆς
944 1667 1028 1722 καὶ
1081 1666 1146 1722 τὰ
1177 1667 1505 1745 χαρίσματα.
1564 1666 1660 1724 Καὶ
1726 1670 1875 1742 Παρ-

1966 1668 2169 1749 ﬁgura
2195 1670 2376 1749 huius
2401 1672 2609 1733 mundi
2628 1669 2705 1732 Ἠ.
2726 1660 2907 1743 Ουοὰ
2936 1669 2986 1730 si
3013 1672 3099 1730 lex
3135 1664 3404 1727 umbram
3427 1660 3607 1753 habet

221 1763 342 1841 άγει
388 1761 450 1817 τὸ
500 1763 695 1838 σχῆμα
772 1763 863 1812 τοῦ
940 1756 1144 1831 κόσμου
1222 1756 1434 1815 τούτου.
1499 1758 1555 1813 Et
1615 1753 1668 1810 δὲ
1725 1754 1875 1811 σκιὰν

1966 1742 2294 1822 futurorum
2346 1760 2636 1822 bonorum
2658 1759 2733 1836 '79,
2768 1760 3008 1839 eﬂingas
3028 1757 3201 1819 velim
3225 1753 3424 1817 animo
3451 1751 3603 1841 sab-

220 1849 400 1930 ἔχειδ
466 1849 629 1923 νόμος
652 1851 760 1902 τῶν
822 1843 1129 1920 μελλόντων
1194 1844 1427 1923 ἀγαθῶν,
1455 1842 1562 1900 νόει
1616 1844 1706 1920 μοί
1758 1865 1875 1899 τινα

1966 1848 2095 1912 bata
2141 1849 2413 1927 quadam
2440 1850 2726 1930 jucunda,
2781 1859 3004 1921 sancta,
3034 1867 3101 1910 ex
3126 1843 3363 1908 aeternis
3393 1840 3605 1903 diebus

222 1938 473 1997 Σάϐϐατα
520 1935 768 2015 τρυφερὰ,
831 1936 981 2014 ἃγια,
1059 1933 1118 1990 ἐκ
1171 1940 1279 1991 τῶν
1352 1934 1576 1991 αἰωνίων
1636 1934 1873 2011 ἡμερῶν,

1966 1939 2238 2013 conﬂata,
2288 1948 2605 2000 nascentes
2628 1940 2821 2018 lunas,
2846 1938 2995 2000 festa
3027 1958 3040 1994 :
3072 1935 3176 1997 sed
3206 1931 3467 2010 intelligo
3497 1930 3601 2005 ita,

222 2028 535 2104 νεομηνίας,
597 2024 806 2101 ἑορτάςο
868 2024 956 2080 καὶ
1016 2022 1123 2080 νόει
1156 2044 1247 2093 μοι
1298 2020 1453 2088 ἀξίως
1482 2029 1575 2079 τοῦ
1631 2042 1869 2095 πνευμα-

1966 2036 2025 2091 ut
2047 2028 2239 2108 legem
2258 2027 2626 2108 spiritualem
2646 2018 3457 2107 decet.(Vsas.14.)Prohibe
3478 2021 3606 2079 lin-

221 2116 375 2175 τικοῦ
418 2116 606 2192 νόμου.
666 2119 874 2170 Παῦσον
976 2115 1075 2178 τὴν
1154 2111 1403 2192 γλῶσσάν
1461 2134 1554 2168 σου
1610 2111 1716 2167 ἀπὸ
1775 2130 1873 2166 κα·-

1966 2136 2141 2197 quam
2158 2126 2327 2180 tuum
2339 2136 2377 2180 α
2394 2120 2643 2192 malo,et
2655 2120 2715 2180 ια
2726 2118 2825 2180 bia
2839 2124 2941 2180 tua
2954 2134 3028 2177 ne
3040 2108 3603 2195 loquanturdolum.

220 2217 340 2283 κοῦ,
414 2210 502 2264 καὶ
577 2205 739 2284 χείλη
801 2224 892 2259 σου
948 2212 1041 2263 τοῦ
1134 2204 1211 2279 μὴ
1295 2201 1528 2271 λαλῆσαι
1586 2199 1764 2258 δόλον.
1816 2200 1873 2256 Εἰ

1966 2207 2020 2271 Si
2046 2207 2134 2270 vis
2178 2207 2239 2268 in
2269 2206 2485 2269 diebus
2505 2226 2637 2269 esse
2658 2205 2911 2280 bonis,si
2931 2205 3124 2284 diligis
3154 2204 3354 2281 vitam,
3378 2216 3604 2279 praece-

218 2295 398 2376 βούλει
452 2296 507 2352 ἐν
564 2307 685 2356 ταῖς
743 2291 970 2370 ἡμέραις
1038 2291 1277 2371 γενέσθαι
1338 2304 1462 2355 ταῖς
1505 2290 1763 2370 ἀγαθαῖς,
1828 2289 1871 2344 εἰ

219 2389 434 2469 ἆγαπᾷς
464 2388 559 2455 τὴν
584 2386 750 2458 ζωὴν,
788 2385 1012 2451 ποίησον
1041 2384 1142 2452 τὴν
1173 2380 1393 2451 ἐντολὴν
1414 2387 1513 2450 τῆς
1543 2383 1686 2453 ζωῆς
1718 2380 1873 2460 (10).

219 2479 283 2538 Ὀ
365 2478 465 2557 γὰρ
545 2473 769 2553 ἀγαπῶν
856 2495 952 2553 με,
1035 2474 1187 2551 φησὶ,
1274 2472 1367 2534 τὰς
1450 2469 1669 2535 ἐντολάς
1776 2491 1878 2546 μου

219 2569 469 2647 τηρήσει.
530 2563 725 2644 Πρώτη
770 2560 824 2618 δὲ
854 2560 1044 2630 ἐντολὴ
1080 2563 1159 2633 τὸ,
1208 2564 1415 2618 παῦσαι
1475 2560 1576 2628 τὴν
1633 2558 1878 2639 γλῶσσαν

222 2658 330 2715 ἀπὸ
358 2653 548 2728 κακοῦ,
602 2654 685 2710 καὶ
735 2650 900 2731 χείλη
931 2650 1023 2708 τοῦ
1056 2652 1132 2727 μὴ
1165 2649 1395 2718 Ααλῆσαι
1428 2648 1610 2706 δόλόν.
1672 2647 1879 2729 Σχεδὸν

222 2749 323 2828 γὰρ
392 2747 426 2814 ἡ
488 2742 879 2824 προχειροτάτη
911 2742 998 2798 καὶ
1056 2740 1389 2816 πολύτροπος
1421 2740 1659 2818 ἁμαρτία
1706 2741 1740 2807 ἡ
1796 2736 1881 2793 διὰ

223 2837 477 2918 γλώσσης
550 2835 691 2891 ἔστὶν
774 2832 1149 2912 ἒνεργουμένη,
1256 2831 1594 2911 Ὠργίσθηςς
1666 2830 1753 2886 καὶ
1844 2831 1878 2897 ἡ

225 2925 445 3006 γλῶσσα
497 2921 781 3003 προτρέχει
825 2921 917 2979 Ἐν
949 2920 1248 2991 ἐπιθυμίαις
1280 2921 1336 2978 εἴ
1364 2940 1379 3002 ς
1408 2921 1496 2977 καὶ
1554 2920 1651 2987 τὴν
1684 2918 1872 2997 γλῶσ-

1959 2305 2123 2379 ptum
2151 2298 2283 2358 vitm
2301 2292 3305 2377 perﬁce.Quienim,inquit,diligit
3326 2307 3439 2364 me,
3448 2305 3607 2367 pra:-

1962 2394 2131 2467 ceptu
2154 2404 2285 2449 mea
2318 2386 2578 2449 servabit
2608 2386 2690 2449 73.
2728 2386 2987 2447 Primum
3012 2390 3208 2446 autem
3245 2385 3605 2461 praeceptum

1966 2474 2404 2557 est,prohibere
2431 2475 2691 2555 linguam
2717 2494 2751 2537 a
2781 2476 3023 2556 malo,et
3052 2474 3228 2545 labia,
3247 2489 3322 2531 ne
3353 2470 3605 2550 loquan—

1964 2574 2057 2627 tur
2078 2565 2303 2628 dolum.
2337 2563 2656 2628 Peccatum
2688 2565 2848 2628 enim
2879 2565 3037 2645 quod
3070 2582 3174 2645 per
3204 2562 3462 2639 linguam
3495 2557 3607 2618 ad—

1968 2654 2242 2727 mittitur,
2279 2654 2545 2715 omnium
2580 2654 2707 2717 fere
2743 2653 3267 2715 familiarissimum
3292 2656 3403 2721 est,
3426 2656 3606 2724 atque

1970 2743 2370 2824 multiplicem
2394 2743 2642 2806 formam
2672 2744 2870 2806 habet.
2895 2743 3087 2805 Iratus
3118 2761 3183 2804 es
3204 2740 3231 2805 ?
3255 2741 3374 2821 jam
3409 2737 3608 2814 lingua

1966 2833 2297 2914 praecurrit.
2331 2834 2750 2914 Concupiscis?
2774 2834 2948 2895 etiam
2973 2840 3108 2894 ante
3134 2829 3606 2907 omnialinguam

1964 2922 2148 2985 habes
2161 2923 2331 3001 quasi
2350 2924 2671 3004 quamdam
2689 2924 2885 2987 lenam
2906 2920 3609 2996 etconciliatricem,pec-

226 3037 323 3073 σαν
378 3014 528 3092 ἔχεις
583 3014 683 3091 πρὸ
738 3011 950 3073 πάντων
1021 3013 1177 3067 οἱονεί
1240 3032 1352 3070 τινα
1408 3012 1730 3088 μαστρωπὸν
1787 3012 1875 3065 καὶ

1966 3012 2076 3074 cati
2117 3011 2250 3073 155
2293 3012 2671 3092 adjutricem,
2707 3032 2775 3075 ac
2798 3013 3114 3075 verborum
3137 3008 3436 3073 lenocinio
3466 3024 3606 3086 pro-

223 3106 566 3184 προαγωγὸν,
626 3100 1245 3182 συγκαταπρασσομένην
1317 3106 1385 3177 τῇ
1441 3101 1690 3180 ἁμαρτίᾳ,
1736 3102 1873 3156 καθ-

222 3191 646 3273 υποκρὶνομένην
733 3190 854 3263 UH
913 3190 1033 3254 τοὺς
1114 3190 1365 3257 πλησίον.
1420 3191 1516 3248 Καὶ
1574 3188 1739 3247 ὅπλοδ
1792 3211 1873 3245 σοι

228 3285 360 3363 πρὸς
414 3283 511 3349 τὴν
578 3279 779 3336 ἀδικίαν
849 3281 884 3348 ἠ
942 3278 1180 3357 γλῶσσα,
1244 3282 1323 3355 μὴ
1381 3279 1447 3336 τὰ
1497 3278 1603 3335 ἀπὸ
1651 3277 1862 3359 καρδίας

226 3370 586 3451 φθεγγομένη,
646 3366 782 3428 ἀλλὰ
840 3369 906 3423 τὰ
934 3369 1065 3446 πρὸς
1110 3367 1323 3435 ἀπάτην
1373 3367 1729 3446 προφέρουσα.
1773 3368 1869 3424 Καὶ

224 3462 276 3517 τί
333 3458 416 3517 δεῖ
468 3460 641 3516 πάντα
700 3456 950 3536 τῷλόγῳ
1011 3455 1270 3522 ἐπεξιέναι
1334 3457 1435 3513 τῶν
1484 3454 1568 3512 διὰ
1625 3456 1874 3533 γλώσσης

227 3548 729 3629 ἁμαρτανομένων;
768 3546 1120 3626 Πεπλήρωται
1152 3548 1307 3622 ἡμῶν
1378 3549 1403 3600 6
1457 3546 1567 3623 βίος
1611 3550 1715 3600 τῶν
1772 3544 1877 3600 ὀιπὸ

225 3639 480 3718 γλώσσης
541 3637 883 3712 πταισμάτων
957 3636 1110 3715 (12),
1168 3634 1556 3716 Αἰσχρολογία,
1613 3637 1872 3713 εὒτραπε-

226 3728 339 3801 λὶα,
414 3726 737 3807 μωρολογία,
800 3725 864 3783 τὰ
922 3729 1018 3785 οὐκ
1071 3725 1367 3805 ἀνήκοντα,
1399 3721 1742 3797 καταλαλιαὶ,
1778 3721 1877 3778 λό-

227 3839 325 3897 γος
374 3817 563 3897 ἀργὸς,
616 3815 872 3893 ἐπιορκίαι
944 3814 1089 3894 (13),
1165 3812 1632 3893 ψευδομαρτυρίαι,
1701 3813 1877 3869 πάντα

227 3913 396 3965 ταῦτα
450 3908 516 3962 τὰ
571 3904 733 3978 κακὰ,
808 3904 895 3960 καὶ
925 3902 1002 3960 ἔτι
1032 3903 1200 3961 πλείω
1233 3904 1462 3983 τούτων,
1493 3908 1590 3970 τῆς
1624 3902 1875 3981 γλώσσης

228 3996 342 4055 ἐστὶ
392 3994 852 4074 δηκιουργήματα.
911 3995 971 4051 Οἱ
1078 3991 1132 4049 δὲ
1194 3993 1498 4072 ἀνοίγοντες
1571 3994 1629 4049 τὸ
1705 3994 1877 4067 στόμα

228 4086 368 4144 κατὰ
423 4086 519 4153 τῆς
558 4082 712 4150 δόξης
771 4091 863 4141 τοῦ
908 4089 1060 4157 Θεοῦ,
1122 4085 1208 4139 καὶ
1252 4081 1454 4139 ἀδικίαν
1486 4085 1558 4147 είς
1620 4084 1679 4139 τὸ
1744 4080 1875 4158 ὕψος

228 4175 539 4252 λαλοῦντες,
598 4172 745 4247 ἄλλῳ
772 4174 872 4229 τινὶ
929 4174 1028 4241 τὴν
1084 4170 1327 4229 ἀσέϐειαν
1355 4174 1443 4230 καὶ
1475 4175 1598 4254 οὐχὶ
1645 4180 1722 4249 τῷ
1794 4174 1881 4250 ὀρ-

229 4267 381 4345 γάνῳ
408 4271 508 4333 τῆς
532 4262 785 4344 γλώςσης
823 4261 1129 4341 ἐργάζονται
1167 4282 1183 4343 ς
1233 4260 1452 4330 Ἐπειδὴ
1485 4265 1573 4318 οὖν
1628 4263 1720 4320 Ἐκ
1774 4268 1881 4319 τῶν

1960 3103 2154 3164 ximos
2188 3101 2645 3165 subducentem.
2681 3102 2833 3176 Quin
2867 3104 3044 3165 etiam
3077 3102 3277 3180 lingua
3305 3114 3606 3161 armorum

1961 3191 2092 3253 loco
2127 3191 2233 3253 tibi
2263 3200 2353 3253 est
2389 3192 2462 3254 ad
2496 3192 3037 3272 iniquitatem,cum
3071 3209 3145 3254 ex
3168 3190 3354 3252 corde
3383 3206 3502 3249 non
3526 3184 3612 3246 lo-

1962 3285 2181 3361 quitur,
2209 3281 2315 3342 sed
2347 3281 2728 3344 fraudulenta
2756 3280 3142 3363 proponit.Et
3167 3278 3306 3360 quid
3344 3294 3491 3357 opus
3522 3282 3613 3337 est

1960 3370 2153 3433 verbis
2186 3371 2465 3452 persequi
2507 3373 2704 3434 omnia
2730 3373 2951 3452 linguae
2972 3368 3377 3453 peccata?Vita
3406 3373 3609 3427 nostra

1962 3461 2180 3523 referta
2214 3470 2308 3525 est
2334 3461 2554 3542 linguas
2574 3455 3610 3535 delictis.Verbaobscena,scurrili-

1960 3556 2068 3630 tas,
2099 3550 2266 3612 stulti
2280 3551 2689 3633 loquium,alia
2714 3571 2832 3614 non
2853 3547 3609 3618 convenientia,obtrecta-

1960 3639 2175 3720 tiones,
2211 3640 2441 3703 otiosus
2470 3659 2692 3714 sermo,
2730 3642 3013 3722 perjuria,
3061 3640 3211 3702 falsa
3244 3635 3609 3717 testimonia,

1961 3729 2163 3790 omnia
2193 3730 2322 3791 haec
2351 3731 2530 3805 mala,
2565 3740 2625 3793 et
2655 3730 2748 3792 his
2767 3732 2962 3793 adhuc
2995 3731 3188 3810 plura,
3230 3728 3444 3807 linguas
3473 3732 3611 3787 sunt

1962 3818 2345 3897 opiﬁcia.Qui
2374 3837 2511 3882 vero
2528 3820 2925 3882 adversusDei
2946 3819 3189 3899 gloriam
3224 3836 3289 3879 os
3309 3815 3607 3896 aperiunt,

1959 3914 2018 3969 et
2045 3908 2435 3990 iniquitatem
2460 3910 2520 3971 in
2549 3911 2850 3973 excelsum
2874 3904 3429 3989 eﬂ‘utiuntmerquid
3449 3902 3610 3964 aliud

1962 3998 2072 4058 nisi
2113 4016 2219 4078 per
2242 3998 2462 4078 lingua;
2493 4000 2961 4063 instrumentum
2979 3998 3340 4079 impietatem
3374 3992 3610 4073 perﬁci-

1968 4086 2124 4147 unt?
2157 4089 2449 4161 Quoniam
2474 4089 2655 4169 igitur
2684 4090 2920 4153 Extuis
2949 4089 3145 4152 verbis
3165 4082 3610 4163 iustiﬁcaberis,

1966 4182 2022 4239 et
2054 4195 2130 4239 ex
2160 4180 2352 4241 verbis
2383 4182 2507 4242 tuis
2557 4179 3072 4244 condemnaberis
3116 4177 3200 4251 74,
3232 4171 3481 4255 prohibe
3511 4172 3623 4233 lin-

1964 4284 2143 4345 guam
2174 4277 2333 4330 tuam
2366 4288 2399 4330 a
2430 4269 2609 4350 malo,
2631 4288 2742 4332 nec
2775 4270 3085 4331 thesauros
3113 4266 3313 4344 lingua
3344 4261 3617 4324 mendaci

230 4353 412 4431 λόγων
485 4375 579 4409 σου
639 4352 990 4427 δικαιωθήσῃ,
1076 4352 1163 4407 καὶ
1222 4352 1283 4407 ἐκ
1345 4357 1450 4408 τῶν
1523 4349 1698 4429 λόγων
1788 4374 1875 4407 σου

1967 4357 2184 4450 efﬁcias
2240 4377 2440 4450 vanos.
2477 4349 2846 4439 InsUperqne
2887 4356 3146 4438 prohibe
3184 4353 3341 4417 labia
3385 4360 3504 4450 tua,
3538 4369 3616 4412 ne

230 4444 627 4523 κατακριθήσῃ,
688 4449 889 4499 παῦσον
935 4441 1036 4508 τὴν
1085 4439 1333 4518 γλῶσσάν
1392 4462 1483 4498 σου
1530 4440 1634 4496 ἀπὸ
1692 4442 1875 4515 καγοῦ,

230 4534 322 4590 καὶ
353 4534 431 4609 μὴ
463 4532 751 4610 ἐνεργήσας
796 4530 1196 4606 θησαυρίσματα
1243 4528 1466 4607 γλώσσῃ
1526 4530 1717 4605 ψευδεῖ
1770 4531 1882 4604 μά·-

227 4643 380 4684 ταια,
419 4627 624 4678 Παῦσον
656 4618 709 4676 δὲ
740 4620 827 4678 καὶ
883 4619 948 4675 τὰ
1005 4618 1168 4698 χείλη
1226 4640 1318 4675 σου
1374 4617 1465 4675 τοῦ
1494 4616 1593 4694 ’μὴ
1650 4617 1879 4687 λαλῆσαι

228 4709 408 4768 δόλον’
444 4712 555 4767 ἀντὶ
583 4717 696 4791 τοῦ,
725 4708 901 4768 ’Ὄλον
929 4710 991 4765 τὸ
1022 4708 1243 4788 ὄργανον
1278 4711 1333 4765 εδ
1377 4710 1505 4787 πρὸς
1547 4709 1643 4777 τὴν
1690 4707 1877 4768 διακο-

1968 4446 2287 4527 loquantur
2316 4446 2545 4509 dolum:
2572 4450 2684 4510 hoc
2717 4456 2826 4521 est,
2868 4454 3057 4509 totum
3084 4461 3370 4524 organum
3394 4441 3465 4503 ad
3494 4458 3617 4502 ser-

1971 4537 2163 4597 monis
2192 4555 2403 4598 munus
2437 4536 2543 4599 tibi
2576 4556 2793 4599 conces
2814 4556 2942 4599 sum
2974 4555 3009 4598 a
3039 4552 3214 4617 prava
3271 4529 3617 4613 operatione

1975 4644 2285 4687 coerceas.
2314 4625 2415 4687 Est
2436 4633 2633 4687 autem
2678 4626 2851 4689 dolus
2885 4626 3178 4689 occultum
3237 4621 3614 4694 maleﬁcium,

1970 4714 2080 4777 sub
2118 4716 2460 4777 ofﬁciorum
2487 4717 2686 4797 specie
2718 4717 2984 4797 proximo
3018 4716 3268 4777 illatum.

227 4801 345 4857 νίαν
378 4799 471 4857 τοῦ
502 4798 668 4878 λόγου
698 4822 780 4857 σοι
811 4796 1087 4874 δεδομένον
1118 4797 1406 4878 σχολάζειν
1435 4797 1541 4854 ἀπὸ
1600 4803 1701 4866 τῆς
1757 4809 1993 4883 πονηρᾶς
2064 4798 2325 4885 ἐνεργείας
2382 4796 2632 4873 ποίησον,
2699 4796 2866 4864 ’Ἔστι
2916 4805 2972 4862 δὲ
3030 4809 3058 4861 6
3114 4802 3263 4868 δόλος
3334 4802 3620 4859 κακοποιία

229 4889 456 4969 λαθραία
478 4888 533 4946 ἐν
576 4890 932 4967 προσποιήσει
962 4894 1068 4945 τῶν
1100 4886 1421 4965 βελτιόντων
1453 4909 1529 4962 τῳ
1566 4886 1793 4956 πλησίον
1826 4895 2249 4975 προσφερομένη,

311 5049 377 5100 ’⁷ο
398 5046 578 5116 Rom.
608 5066 711 5124 vu,
740 5048 842 5111 24.
928 5046 978 5091 ἠ
1005 5046 1028 5110 l
1064 5048 1203 5112 Cor.
1231 5065 1363 5126 νηί,
1392 5047 1492 5113 31.
1578 5047 1633 5092 ’⁷2
1655 5047 1837 5113 Hebr.

1974 5056 2030 5116 1.
2117 5053 2172 5099 ⁷³
2193 5053 2369 5119 Joan.
2404 5072 2522 5138 xxv,
2548 5055 2650 5119 23.
2732 5056 2795 5105 ⁷4
2820 5054 3030 5119 Matth.
3061 5069 3165 5134 xu,
3196 5050 3296 5114 3'7.

324 5209 405 5291 (9)
434 5209 633 5275 Editio
664 5210 853 5274 Paris.
888 5208 1084 5270 Ἰακώϐ
1112 5231 1198 5270 σε.
1245 5208 1327 5272 At
1355 5216 1475 5272 tres
1506 5227 1649 5273 mss.
1704 5210 1875 5270 Ἰακὼί

1992 5214 2071 5277 tio
2104 5214 2287 5280 Basil.
2332 5217 2879 5295 καθυποκριναμὲνην.
2923 5213 2997 5276 Αι
3043 5232 3183 5278 mss.
3234 5218 3617 5292 καθυποκρινο-

230 5310 370 5448 os.“
384 5371 445 5452 Ο)
479 5371 564 5453 Ita
592 5380 824 5453 septem
858 5369 1191 5453 mss.Editi
1225 5391 1363 5435 vero
1409 5370 1640 5447 τήρησον
1662 5373 1765 5453 ,τὰς
1795 5379 1893 5441 τῆς

227 5459 382 5526 ζωῆς
405 5450 643 5519 ἔντολάς.
664 5450 888 5517 ’διθιίω
923 5450 1110 5513 editio
1138 5453 1327 5516 Basil.
1365 5458 1424 5515 et
1448 5452 1723 5515 nonnulli
1752 5471 1895 5516 mss.

231 5532 486 5613 γλῶσσάν
516 5557 685 5599 σου...
720 5532 882 5611 ’χείλη
916 5556 1033 5596 σου.
1070 5532 1297 5597 Vocula
1331 5556 1425 5591 σου
1459 5531 1629 5596 deest
1659 5533 1722 5595 in
1765 5534 1895 5596 edi-

233 5613 404 5678 tione
432 5613 619 5677 Paris.
650 5622 707 5678 et
737 5616 796 5678 in
823 5613 1335 5694 aliisgquibusdam
1364 5630 1508 5676 mss.

321 5696 447 5777 (11)
482 5696 701 5759 Nostra
733 5694 917 5759 editio
948 5692 1140 5760 Paris.
1171 5694 1732 5773 καθυποκλινομένην.
1756 5694 1896 5760 Edi-

1978 5319 2165 5371 μενην,

2066 5376 2114 5456 (l
2130 5377 2191 5452 2)
2221 5376 2417 5440 Editio
2447 5377 2627 5440 Basil.
2664 5384 2719 5439 et
2745 5384 2864 5437 tres
2897 5394 3033 5436 mss.
3083 5382 3186 5434 τῶν
3230 5376 3337 5433 ἀπὸ
3367 5373 3614 5456 γλώσσης

1981 5454 2347 5532 πταισμάτων.
2432 5457 2620 5519 Editio
2708 5456 2899 5520 Paris.
2944 5461 3049 5513 τῶν
3079 5458 3184 5514 ἀπὸ
3233 5458 3329 5524 τῆς
3362 5454 3614 5534 γλώσσης

1981 5560 2072 5599 πτ.
2108 5537 2228 5601 Alii
2259 5543 2517 5614 quatuor
2537 5548 2595 5600 et
2618 5556 2759 5601 mss.
2798 5544 2899 5594 τῶν
2942 5537 3032 5595 ἀπ’
3065 5539 3227 5606 αὐτῆς
3258 5560 3347 5595 πτ.

2061 5618 2178 5693 (13)
2210 5617 2458 5701 Codices
2487 5620 2749 5701 quinque
2782 5636 2925 5683 mss.
2958 5618 3241 5698 ἐπιορκίαι.
3288 5614 3444 5679 Editi
3473 5628 3607 5675 cum

1980 5699 2128 5780 Reg.
2161 5707 2367 5781 quarto
2396 5699 2659 5783 ἐπιορκία,
