4108 6220
319 338 436 405 377
1418 326 1745 395 HOMILIA
1784 328 1865 392 IN
1911 324 2276 389 PSALMUM
2320 325 2606 413 XXXIII.
3572 324 3687 401 37s

320 472 511 550 τόπον,
543 470 594 527 αἱ
625 468 723 541 μὲν
774 465 1033 549 ὀφθαλμοὶ
1083 464 1352 538 λέγονται,
1388 467 1465 538 τῷ
1512 464 1608 531 τὴν
1663 463 1988 531 ἐπισκοπὴνλ

2092 459 2224 537 culi,
2258 460 2416 541 quod
2448 458 2855 550 concreditum
2887 459 2973 521 eis
3009 459 3087 520 sit
3110 476 3325 522 munus
3358 458 3694 550 nosinspi-

322 561 475 638 ἡμῶν
496 548 873 633 πιστευθῆναι,
935 556 989 612 αἱ
1031 553 1083 612 δὲ
1113 557 1247 627 ὦτα,
1284 554 1360 628 τῷ
1388 552 1779 633 παραδέχεσθαι
1809 556 1963 629 ἡμῶν

2092 550 2269 623 iendi,
2304 550 2436 612 alia;
2464 548 2832 631 aures,quod
2860 560 3090 611 nostras
3122 568 3333 630 preces
3362 549 3692 631 excipiant.

321 654 414 716 τὰς
446 648 675 719 δεήσεις.
729 656 832 706 Νῦν
891 646 979 702 οὖν
1017 646 1117 712 τὴν
1176 644 1471 711 ἐποπτικην
1516 644 1667 717 ἡμῶν
1713 641 1957 719 δύναμιν,

2092 643 2223 704 {unc
2251 640 2433 720 igitur
2465 642 2787 721 potentiam
2816 658 2948 720 quae
2968 658 3075 700 nos
3099 638 3364 720 inspicit,
3393 650 3455 703 et
3486 649 3697 723 poten-

320 743 409 798 καὶ
478 740 582 806 τὴν
639 743 745 795 τῶν
807 740 981 816 εὒχῶν
1040 732 1453 807 ἀντιληπτικὴν,
1487 734 1786 813 ὀφθαλμοὺς
1819 733 1964 790 εἶπει

2093 747 2187 790 am
2219 749 2350 811 qua:
2374 748 2583 810 preces
2631 729 2900 810 suscipit,
2937 729 3142 791 oculos
3191 730 3339 792 dixit
3371 738 3428 792 et
3486 748 3683 793 aures.

324 832 411 888 καί
488 831 625 890 ὠτα.
700 824 993 906 Ὀφθαλμοὶ
1069 824 1157 881 οὖν
1230 824 1415 901 Κυρίου
1512 822 1597 879 ἐπὶ
1682 821 1961 903 δικαίους,

2092 818 2234 882 lculi
2261 822 2454 900 igitur
2475 819 2724 882 Domini
2747 837 2927 900 super
2937 820 3158 899 justas,
3185 828 3239 881 et
3272 837 3448 883 aures
3476 821 3603 899 ejus
3628 822 3697 883 in

324 921 410 976 καὶ
459 919 573 977 ὦτα
650 918 806 975 αὐτοῦ
886 916 958 977 εἱς
1045 911 1225 981 δέησιν
1293 913 1487 972 αὐτῶν.
1552 910 1769 979 Ἐπειδὴ
1824 918 1969 969 πᾶσα

2092 927 2255 971 reces
2285 910 2817 983 eorum.Quoniam
2842 911 3037 970 omnis
3050 907 3202 988 justi
3223 908 3376 970 actio
3404 909 3577 989 digna
3602 917 3700 972 est

326 1005 507 1087 πρᾶξις
559 1008 652 1063 τοῦ
707 1003 907 1061 δικαίου
959 1001 1074 1068 ἀξία
1125 1002 1222 1069 τῆς
1272 1001 1489 1075 θεωρίας
1550 1009 1643 1057 τοῦ
1694 1007 1847 1079 Θεοῦ²
1884 1003 1968 1057 καί

2094 1017 2183 1060 ua;
2211 1019 2245 1060 a
2274 996 2397 1059 Deo
2429 999 2798 1079 inspiciatur,
2828 1005 2882 1060 et
2906 1016 3084 1060 omne
3104 996 3519 1075 verbum,cum
3545 999 3696 1061 nihil

326 1105 428 1155 πᾶν
487 1098 659 1177 ῥῆμα²
720 1103 798 1171 τῷ
853 1092 1020 1171 μηδὲν
1105 1093 1279 1173 ἀργῶς
1364 1094 1607 1171 λέγεσθαι
1682 1093 1823 1166 παρὰ
1878 1099 1971 1149 τοῦ

2093 1090 2241 1150 tiose
2272 1107 2305 1150 a
2327 1090 2488 1169 justo
2522 1089 2776 1166 dicatur,
2812 1097 3120 1151 actuosum
3146 1098 3235 1150 est
3263 1096 3321 1151 et
3354 1090 3696 1165 eﬂicax,id-

326 1185 548 1261 δικαίου,
611 1185 821 1264 ἐνεργόν
866 1183 978 1241 ἐστι
1037 1185 1122 1240 καί
1182 1181 1508 1261 ἔμπρακτον,
1558 1182 1642 1240 διὰ
1694 1189 1846 1239 τοῦτο
1888 1183 1967 1238 ἀεὶ

2092 1179 2210 1241 irco
2233 1181 2463 1259 justum
2494 1198 2735 1261 semper
2767 1179 3033 1259 conspici
3065 1187 3122 1241 et
3154 1197 3393 1260 semper
3427 1179 3699 1241 exaudiri

328 1277 611 1357 ἑφορᾶσθαι
659 1276 748 1331 καὶ
800 1274 880 1330 ἀεὶ
931 1273 1287 1330 εἷσακούεσθαι
1345 1277 1435 1329 τὸν
1494 1272 1691 1330 δίκαιον
1736 1274 1763 1329 ὁ
1807 1272 1966 1352 λόγος

2095 1289 2179 1331 asc
2202 1269 2301 1332 illa
2315 1268 2498 1331 verba
2522 1270 3012 1349 docent.(VEns.l
3027 1270 3056 1329 7
3070 1277 3105 1343 .)
3123 1269 3335 1331 Vultus
3359 1279 3563 1331 autem
3574 1270 3691 1332 D0-

327 1366 479 1445 φησί,
532 1364 825 1440 Πρόσωπον
902 1362 957 1419 δὲ
1030 1362 1216 1440 Κυρίου
1276 1362 1361 1418 ἐπὶ
1428 1365 1709 1427 ποιοῦντας
1779 1362 1915 1420 κακᾶ
1946 1408 1965 1439 ,

2092 1360 2206 1420 vini
2234 1376 2417 1439 super
2440 1359 2731 1438 facientes
2750 1358 2931 1433 mala,
2960 1366 3023 1419 ut
3046 1358 3261 1437 perdat
3288 1358 3361 1419 de
3385 1366 3556 1421 terra
3580 1376 3701 1421 me-

325 1464 418 1514 τοῦ
503 1453 863 1531 ἒξολοθρεῦσαι
921 1456 982 1509 ὲκ
1052 1456 1153 1531 γῆς
1208 1454 1268 1507 τὸ
1367 1452 1705 1528 μνημόσυνον
1771 1453 1963 1509 αὒτῶν⁰

2092 1452 2307 1510 loriam
2332 1464 2570 1511 eorum.
2606 1447 2878 1511 Arbitror
2906 1457 3174 1527 apertum
3207 1465 3276 1509 ac
3307 1449 3695 1527 conspicuum

329 1544 619 1624 Πρόσωπον
675 1542 799 1624 (20)
881 1544 1044 1618 αῖμαι
1110 1542 1209 1607 τὴν
1281 1540 1821 1621 πεπιιρῤησιασμὲνην
1882 1543 1968 1599 καὶ

2092 1537 2288 1598 lomini
2318 1536 2389 1598 ad
2416 1537 2709 1617 judicium
2740 1538 3060 1600 adventum
3092 1535 3213 1598 dici
3241 1536 3491 1601 vultum.
3528 1538 3692 1610 Qua-

327 1637 553 1713 φανερὰν
606 1642 700 1691 τοῦ
756 1634 939 1713 Κυρίου
977 1632 1261 1707 ἐπιδημίαν
1319 1633 1416 1700 τὴν
1473 1633 1557 1689 ἐπὶ
1601 1639 1698 1701 τῆς
1744 1634 1967 1713 κρίσεως

2093 1636 2295 1706 ropter
2324 1634 2381 1687 et
2411 1626 2568 1688 oculi
2594 1626 2853 1702 Dominl,
2884 1626 3042 1687 velut
3084 1625 3277 1687 adhuc
3325 1626 3560 1688 eminus
3591 1645 3701 1688 nos

326 1723 595 1803 λέγεσθαι.
651 1726 743 1780 Διὸ
817 1725 906 1779 καὶ
962 1722 1223 1803 ὀφθαλμοὶ
1298 1722 1507 1803 Κυρίου,
1572 1725 1643 1789 ὡς
1701 1723 1781 1781 ’ἐτι
1846 1722 1967 1802 (ἓ1)

2092 1716 2443 1797 ispicientis,
2447 1717 2673 1795 justum
2700 1716 2919 1778 intueri
2943 1717 3219 1777 dicuntur
3237 1714 3285 1757 εί
3320 1736 3336 1794 ;
3359 1722 3485 1797 ipse
3503 1724 3699 1777 autem

330 1812 593 1892 πόῤῥωθεν
644 1814 1057 1876 ἐπισκοποῦντος
1087 1812 1254 1889 ἡμᾶς,
1290 1810 1593 1869 ἐπιϐλέπειν
1637 1816 1725 1870 τὸν
1771 1813 1967 1870 δίκαιον

2092 1807 2257 1867 'ultus
2288 1805 2504 1868 dicitur
2532 1809 2933 1887 appariturus,
2964 1807 3044 1867 ad
3096 1825 3334 1869 omnem
3373 1806 3701 1887 iniquitatis

330 1902 596 1982 εἴρηνταν
630 1906 758 1960 αὑτὸ
828 1901 882 1959 δὲ
928 1904 989 1961 τὸ
1038 1903 1323 1982 πρόσωπον
1384 1901 1825 1982 ἐπιφαινήσεσθαι²
1890 1904 1978 1961 ἐπὶ

2092 1896 2412 1959 nemoriam
2446 1896 2521 1957 de
2549 1906 2707 1958 terra
2738 1896 3080 1961 delendam.
3104 1898 3262 1959 Cave
3293 1898 3455 1959 enim
3480 1896 3701 1976 cogites

328 1995 391 2049 τὸ
424 1991 781 2072 ἑξολοθρεῦσαι
815 1993 875 2048 ἐκ
905 1994 1005 2071 γῆς
1036 1999 1139 2049 πᾶν
1223 1994 1283 2047 τὸ
1341 1996 1437 2059 τῆς
1468 1995 1722 2072 πονηρίας
1755 1994 1975 2070 μνημόσ-

2092 1987 2168 2049 )ei
2195 1987 2414 2048 vultum
2447 1986 2736 2066 corporali
2782 1986 2984 2067 specie
3034 2004 3168 2047 esse
3227 1986 3687 2049 conformatum.

330 2105 507 2145 συνον,
571 2083 657 2151 Μή
702 2084 802 2163 γὰρ
860 2106 949 2158 μοι
1004 2087 1320 2157 σωματικῶς
1391 2080 1851 2158 διαπεπλασμένον
1911 2085 1970 2139 τὸ

2092 2075 2339 2157 ιιίοιιιιὶη
2356 2076 2684 2156 itaquoque
2699 2074 3022 2137 absurdum
3047 2076 3349 2139 videbitur
3364 2076 3525 2156 quod
3537 2074 3701 2139 Scri-

335 2171 621 2251 πρὸσωπον
652 2180 743 2228 τοῦ
787 2179 919 2229 Θεοῦ
975 2174 1173 2247 νοήσῃς
1205 2169 1353 2250 (22)·
1412 2170 1525 2227 ἐπεὶ
1585 2171 1718 2228 οὕτω
1775 2196 1835 2252 γε
1886 2176 1968 2230 καὶ

2099 2173 2227 2228 tura
2255 2166 2423 2241 dixit,
2457 2183 2729 2228 seorsum
2766 2165 3004 2247 quidem
3024 2165 3227 2228 oculos
3258 2184 3398 2228 esse
3423 2168 3523 2246 qui
3542 2166 3701 2245 justo

328 2260 526 2340 ἄλογον
585 2262 727 2319 εἶναι
787 2260 920 2326 δόξει
971 2264 1031 2317 τὸ
1081 2263 1224 2340 παρὰ
1274 2266 1371 2327 τῆς
1427 2267 1635 2340 Γραφῆς
1668 2264 1968 2342 εἰρημένον,

2092 2255 2398 2335 (fulgeant,
2428 2274 2702 2318 seorsum
2732 2274 2872 2318 vero
2915 2256 3131 2318 vultum
3164 2256 3265 2337 qui
3291 2259 3352 2319 in
3384 2257 3574 2318 malos
3608 2261 3706 2316 in-

326 2349 430 2423 ἰδίᾳ
486 2352 581 2426 μὲν
639 2350 939 2432 ὀφθαλμοὺς
983 2351 1243 2431 ὑπάρχειν
1302 2349 1701 2425 ἑπιλάμποντάς
1746 2358 1822 2426 τῷ
1885 2351 1970 2409 δι-

2092 2354 2251 2406 entus
2274 2346 2371 2410 sit.
2395 2343 2467 2406 Et
2484 2362 2627 2407 vero
2649 2362 2849 2427 neque
2871 2345 3025 2408 oculi
3049 2345 3181 2407 sine
3201 2346 3363 2408 vultu
3385 2355 3551 2425 sunt,
3587 2362 3703 2407 ne—

330 2442 483 2516 γαίῳ,
518 2440 621 2513 ἰδίᾳ
651 2439 705 2497 δὲ
750 2444 811 2498 τὸ
841 2450 1126 2519 πρόσωπον
1181 2442 1562 2523 ἐπιφερόμενον
1626 2456 1745 2509 τοῖς
1793 2467 1970 2512 πονη-

2101 2454 2174 2497 ue
2197 2436 2392 2497 vultus
2422 2453 2638 2517 expers
2668 2443 2758 2497 est
2787 2435 3119 2523 oculorum.
3155 2437 3349 2499 Homo
3372 2435 3552 2515 igitur
3581 2452 3703 2496 non

330 2543 467 2610 ροτς.
534 2531 715 2589 Καίτοι
767 2529 883 2589 οὔτε
941 2530 1200 2610 ὀφθαλμοὶ
1259 2521 1427 2611 χωρὶς
1485 2533 1772 2612 προσώπου
1818 2532 1969 2613 (23),

2092 2524 2278 2586 idebit
2300 2524 2511 2586 faciem
2530 2523 2788 2599 Domini,
2817 2533 2876 2586 et
2904 2521 3162 2585 vivet“:
3200 2524 3397 2605 angeli
3426 2542 3563 2586 vere
3595 2541 3701 2613 eo-

331 2618 449 2677 οὔτε
473 2622 758 2699 πρόσωπον
791 2618 1075 2700 ὀφθαλμῶν
1126 2621 1267 2677 ἐστιν
1338 2620 1581 2701 ἄμοιρον.
1645 2612 1971 2703 ’Ἄνθρωπος

2092 2633 2196 2677 λιιιη
2228 2616 2326 2695 qui
2350 2614 2411 2675 in
2435 2614 2699 2677 Ecclesia
2724 2613 2923 2695 pusilli
2946 2623 3356 2703 sunt,semper
3379 2613 3585 2677 vident
3613 2612 3706 2674 fa-

328 2710 428 2784 μέν
478 2713 567 2767 οὗν
620 2716 678 2769 οὺ
722 2711 799 2782 μὴ
859 2709 951 2787 ἴδῃ
1005 2711 1065 2766 τὸ
1117 2712 1403 2788 πρόσωπον
1451 2713 1659 2791 Κυρίου,
1694 2702 1975 2785 καὶίζήσε-

2097 2705 2215 2767 iem
2240 2705 2430 2768 Patris
2446 2705 2653 2779 nostri,
2678 2705 2776 2785 qui
2807 2706 2867 2765 in
2900 2703 3067 2766 cmlis
3098 2716 3189 2766 est
3207 2702 3283 2764 ⁸³.
3320 2702 3512 2777 Quare
3538 2721 3701 2765 nunc

330 2820 444 2858 ταιο
477 2802 525 2857 οἱ
572 2799 625 2856 δὲ
657 2797 873 2879 ἄγγελοι
922 2806 1027 2856 τῶν
1087 2802 1142 2856 ἐν
1198 2800 1267 2877 τῇ
1321 2798 1612 2874 Ἐκκλησία
1669 2810 1871 2883 μικρῶν
1894 2802 1977 2860 διὰ

2092 2795 2302 2878 ιυίάειη
2335 2796 2465 2857 ﬁeri
2498 2813 2615 2857 non
2644 2802 2859 2875 potest,
2895 2802 2958 2857 ut
2987 2814 3120 2869 nos,
3151 2794 3427 2875 gloriosae
3456 2792 3703 2857 visionis

331 2891 530 2952 παντὸς
566 2889 819 2967 βλέπουσι
849 2891 909 2946 τὸ
938 2890 1223 2967 πρόσωπον
1268 2898 1361 2947 τοῦ
1404 2892 1609 2971 Πατρὸς
1658 2894 1813 2960 ἡμῶν
1844 2892 1972 2974 (24)

2092 2885 2467 2968 spectum,ob
2481 2885 2675 2947 carnis
2689 2884 3060 2947 debilitatem
3077 2904 3184 2948 nos
3201 2884 3705 2961 circumdantem,

330 2985 424 3035 τοῦ
446 2981 500 3035 ἓν
532 2978 655 3042 τοῖς
719 2979 983 3047 οὒρανοϊς.
1038 2980 1182 3036 Διότι
1242 2987 1328 3037 νῦν
1380 2980 1476 3055 μὲν
1532 2986 1779 3061 χωρῆσαι
1830 2985 1975 3061 ἡμᾶς

2092 2976 2583 3058 ,pprehendamus
2611 2994 2628 3053 ;
2658 2976 2852 3056 angeli
2908 2995 3072 3061 vero,
3107 2977 3269 3056 quod
3312 2976 3543 3039 nullum
3583 2974 3705 3038 tale

331 3070 430 3136 τὴν
476 3067 598 3125 θέαν
640 3074 737 3136 τῆς
789 3066 994 3134 ἐνδόξου
1049 3070 1353 3150 ἐπιφανείας
1413 3068 1496 3125 διὰ
1554 3076 1653 3138 τὴν
1711 3072 1982 3132 ἀσθένειαν

332 3164 433 3226 τῆς
463 3161 656 3238 σαρκὸς
687 3159 785 3227 τὴν
818 3159 1191 3239 περικειμένην
1247 3162 1382 3236 ἡμῖν
1424 3160 1734 3241 ἀμήχανον
1770 3165 1817 3220 οἱ
1848 3164 1979 3240 μέν·

333 3270 416 3305 τοι
464 3248 705 3330 ἄγγελοι,
762 3257 839 3325 τῷ
897 3248 1063 3326 μηδὲν
1120 3249 1268 3330 ἔχειν
1324 3250 1683 3328 προκάλυμμα
1712 3261 1980 3314 τοιοῦντον

334 3339 708 3418 παραπλήσιον
764 3344 832 3417 τῇ
878 3340 1109 3418 ἡμετέρᾲ
1165 3343 1343 3421 σαρκὶ,
1394 3340 1485 3397 ὑπ’
1548 3340 1755 3408 οὐδενὸς
1815 3346 1982 3422 ἐμπο-

336 3427 560 3500 δίζονται
630 3430 896 3498 διηνεκῶς
985 3430 1294 3502 ἑνατενίζειν
1371 3436 1448 3505 τῷ
1540 3434 1811 3511 προσώπῳ
1880 3441 1976 3505 τῆς

336 3517 491 3585 δόξης
552 3526 645 3577 τοῦ
687 3519 840 3582 Θεοῦ.
905 3519 1082 3577 ’Ὥστε
1112 3522 1196 3577 καὶ
1226 3522 1413 3597 ἡμεῖς,
1461 3520 1674 3578 ἐπειδὰν
1706 3525 1981 3603 γενώμεθα

338 3612 435 3667 νὶοὶ
465 3612 559 3680 τῆς
591 3612 953 3689 ἀναστάσεως,
990 3613 1108 3670 τότέ
1139 3612 1645 3691 καταξιωθησόμεθα
1688 3618 1784 3685 τῆς
1826 3620 1981 3697 πρόσ-

339 3722 487 3757 ωπον
545 3703 675 3779 πρὸς
730 3703 1015 3782 πρόσωπον
1072 3703 1341 3781 γνώσεως.
1406 3705 1532 3762 Τότε
1582 3703 1635 3760 δὲ
1666 3707 1841 3783 οἱμὲν
1899 3707 1975 3765 δί-

340 3814 480 3848 καιοι
552 3791 607 3847 ἐν
658 3791 969 3871 ἀγαλλιάσει
1038 3794 1138 3859 τῆς
1186 3793 1304 3859 θέας
1352 3795 1446 3849 τοῦ
1502 3794 1787 3873 προσώπου
1846 3820 1982 3856 κατ-

2065 3067 2464 3128 velamentum
2477 3066 2700 3127 habent
2715 3065 2879 3127 carni
2898 3074 3114 3130 nostrae
3131 3065 3533 3132 consimilem
3546 3064 3711 3128 nulla

2067 3156 2477 3238 impediuntur
2505 3154 2825 3236 quominus
2854 3156 3067 3219 faciem
3108 3156 3314 3237 glorise
3359 3154 3465 3218 Dei
3492 3155 3712 3234 jugiter

2065 3245 2771 3329 contemplentur.0uare
2798 3254 2857 3309 et
2877 3265 3011 3322 nos,
3041 3256 3426 3328 posteaquam
3448 3244 3555 3307 ﬁlii
3574 3243 3712 3307 facti

2066 3336 2358 3399 fuerimus
2389 3335 2871 3417 resurrectionis,
2904 3345 3042 3398 tunc
3062 3355 3132 3398 ea
3152 3355 3287 3417 qua;
3316 3347 3406 3397 est
3434 3334 3609 3397 facile
3634 3333 3709 3395 ad

2064 3427 2276 3490 faciem
2293 3426 2635 3504 cognitione
2646 3425 3219 3506 dignabimur.’l‘unc
3237 3428 3397 3489 enim
3410 3425 3712 3506 justicon-

2066 3525 2335 3598 spectum
2358 3515 2599 3597 quidem
2620 3516 2813 3579 vultus
2828 3516 2887 3577 in
2912 3516 3308 3579 exsultatione
3330 3532 3710 3595 consequen-

2069 3616 2187 3683 tur,
2214 3614 2560 3687 peccatores
2605 3624 2743 3668 vero
2784 3607 2841 3667 in
2858 3606 3088 3687 judicio
3116 3628 3132 3688 ;
3158 3625 3293 3668 cum
3324 3606 3593 3667 futurum
3612 3604 3710 3678 sit,

2073 3707 2140 3759 ut
2170 3704 2477 3778 peccatum
2510 3714 2687 3758 omne
2709 3696 2872 3777 justa
2892 3696 3001 3759 Dei
3031 3696 3327 3760 sententia
3345 3694 3713 3761 extermine-

2072 3797 2189 3854 tur.

340 3880 748 3952 ἀξιωθήσονται·
781 3886 827 3938 οἱ
857 3881 911 3938 δὲ
945 3880 1069 3964 (25)
1128 3882 1433 3960 ἁμαρτωλοὶ
1462 3885 1517 3939 ἒν
1547 3886 1735 3965 κρίσει,
1769 3888 2072 3963 μελλούσης
2105 3880 2527 3960 ἐξολοθρεύεσθαι
2572 3880 2714 3959 παρὰ
2770 3884 2867 3947 τῆς
2913 3878 3116 3944 διγαίας
3176 3882 3395 3960 κρίσεως
3427 3882 3521 3934 τοῦ
3584 3882 3714 3936 Θεοῦ

342 3972 521 4038 πάσης
544 3976 642 4039 τῆς
672 3972 953 4051 ἁμαρτίας.

426 4061 524 4124 42.
586 4059 900 4142 Ἐκέκραξαν
957 4066 1001 4119 οἱ
1061 4061 1278 4145 δίκαιοι,
1364 4066 1451 4122 καὶ
1528 4068 1555 4122 ὁ
1626 4067 1810 4146 Κύριος
1869 4071 1985 4128 εἰσ-

2158 4069 2251 4131 12.
2284 4060 2466 4125 Vsus.
2517 4059 2614 4123 18.
2656 4059 3103 4123 Clamaverunl
3132 4060 3312 4138 justi,
3342 4065 3398 4121 et
3427 4058 3718 4121 Dominus

344 4150 571 4220 'Iptoussv
617 4150 811 4225 αὐτῶν,
871 4154 958 4209 καὶ
1007 4152 1068 4209 ἐκ
1123 4158 1309 4209 πασῶν
1372 4155 1477 4212 τῶν
1522 4153 1751 4232 θλίψεων
1816 4161 1987 4217 αὐτῶν

2092 4154 2394 4221 exaudivit
2420 4168 2540 4227 eos,
2568 4156 2623 4213 et
2651 4167 2729 4213 ea:
2759 4151 3036 4213 omnibus
3083 4146 3583 4211 tribulationibus
3612 4164 3714 4210 eo-

346 4238 595 4319 ἒῤῥύσατο
652 4242 864 4305 αὐτούς.
902 4243 1086 4311 Νοητή
1136 4249 1241 4300 τῶν
1290 4242 1501 4302 δικαίων
1556 4248 1591 4314 ἡ
1654 4250 1884 4329 κραυγὴ,
1930 4250 1986 4306 ἐν

2092 4265 2209 4310 'um
2240 4244 2517 4307 liberavit
2546 4259 2664 4304 eos.
2702 4240 3001 4322 Spiritalis
3021 4248 3113 4301 est
3128 4239 3433 4329 justorum
3464 4239 3717 4329 clamor,

346 4337 424 4422 τῷ
465 4336 683 4408 κρυπτῷ
724 4336 821 4398 τῆς
878 4329 1090 4407 καρδίας
1148 4332 1249 4401 τὴν
1309 4333 1710 4415 μεγαλοφωνίαν
1760 4328 1981 4418 ἔχουσα,

2092 4357 2129 4399 n
2153 4334 2390 4399 occulto
2414 4331 2615 4395 cordis
2634 4349 2877 4395 recessu
2898 4348 3102 4393 vocem
3126 4330 3301 4392 altam
3326 4328 3714 4422 edens,quip-

346 4416 611 4496 δυναμένη
657 4420 925 4502 ἐφικέσθαι
982 4419 1108 4502 (26)
1169 4422 1258 4479 καὶ
1301 4423 1476 4480 αὐτῶν
1524 4430 1631 4481 τῶν
1699 4416 1852 4483 ὤτων
1896 4427 1988 4485 τοῦ

2092 4446 2146 4490 )e
2176 4424 2279 4507 qui
2310 4423 2383 4485 ad
2405 4422 2566 4504 ipsas
2588 4422 2762 4484 etiam
2796 4422 2903 4485 Dei
2925 4438 3099 4483 aures
3139 4426 3317 4502 queat
3346 4418 3715 4499 pertingere.

349 4515 503 4570 Θεοῦ.
567 4506 627 4567 Ὀ
699 4512 800 4591 γὰρ
856 4509 1066 4591 μεγαλα
1116 4513 1301 4584 αἰτῶν,
1359 4517 1446 4571 καὶ
1504 4516 1621 4595 περῖ
1668 4516 1985 4595 ἐπουρανίων

2092 4506 2375 4589 ὶαίίοῐιὶω
2404 4531 2617 4594 magna
2638 4512 2808 4595 petit,
2841 4520 3314 4594 apprecaturque
3344 4508 3632 4585 ccelestia,
3666 4507 3719 4569 is

350 4598 666 4682 εὐχόμενος²
741 4603 890 4666 οὗτος
942 4601 1145 4679 κοάζει,
1221 4603 1307 4661 καὶ
1365 4602 1629 4673 ἀκουστὴν
1687 4604 1988 4684 ἆναπέμπεί

2092 4604 2288 4669 damst
2307 4610 2367 4667 et
2386 4621 2596 4686 preces
2625 4621 2760 4683 qua
2788 4601 3182 4667 exaudiantur
3209 4600 3283 4663 ad
3309 4601 3497 4664 Deum
3518 4610 3720 4662 trans-

432 4756 481 4803 θί
516 4757 672 4825 Psal.
706 4776 912 4840 χχχιιι,
941 4760 1040 4826 16.
1124 4757 1182 4843 εξ
1206 4762 1398 4825 Exod.
1429 4775 1640 4842 χχχιιι,
1673 4766 1775 4831 20.
1862 4764 1919 4811 ⁸⁸
1944 4770 1988 4835 Μ

2093 4770 2156 4834 h.
2186 4784 2352 4844 xvm,
2379 4771 2478 4831 to.

436 4922 568 5003 (20)
602 4921 763 4986 Editi
784 4940 920 4984 cum
950 4940 1070 4984 uno
1099 4940 1209 4985 ms.
1246 4927 1530 5003 πρόσωπον
1552 4925 1628 4991 δέ.
1654 4926 1720 4990 In
1742 4928 1996 5003 reliquis

350 5020 497 5067 vero
530 5002 680 5065 mss.
704 5003 913 5066 vocula
931 5004 988 5060 δέ
1012 5002 1325 5068 omittitur.
1353 5006 1719 5081 Ibidem,ubi
1739 5010 1799 5071 in
1822 5002 1997 5075 editis

362 5083 600 5170 legitur,
636 5087 734 5170 τὴν
783 5084 1324 5170 πεπσιῤῥησιασμένην
1376 5089 1464 5146 καὶ
1511 5087 1761 5170 φοϐεράν,
1789 5099 1997 5154 mani-

357 5166 673 5252 {extumus
688 5164 1141 5252 formidabilem
1160 5164 1798 5252 adventumscriptum
1828 5171 1998 5236 inve-

362 5246 558 5334 nimus
579 5246 641 5308 in
665 5264 874 5308 novem
897 5264 1042 5308 mss.
1076 5248 1182 5334 τὴνΔ
1206 5246 1741 5334 πεπαῤῥησιασμὲνην
1771 5255 1860 5312 καὶ
1888 5277 1998 5334 φα-

361 5328 859 5408 νερᾴνλαρρνιιιηι
891 5335 946 5389 et
974 5330 1361 5408 conspicuum
1384 5328 1737 5396 adventum.

604 5406 754 5488 Octo
808 5425 949 5470 mss.
985 5406 1064 5465 διὸ
1116 5406 1380 5488 όφθαλμοὶ
1424 5412 1524 5488 μὲν
1576 5415 1649 5479 ὡς
1709 5412 1808 5475 ἔτι,
1871 5411 1999 5477 Mox

368 5486 542 5547 multi
575 5506 716 5549 mss.
744 5487 829 5545 ἐπὶ
854 5496 953 5563 τῷ.

446 5567 567 5643 (2‘2)
591 5566 748 5631 Editi
778 5567 1054 5645 ἐννοόσῃς.
1090 5569 1169 5650 At
1198 5579 1426 5650 septem
1461 5590 1604 5635 mss.
1635 5573 1998 5649 νοήσῃς.Δ1ἰ-

364 5655 592 5727 quanto
624 5656 757 5736 post
788 5666 929 5736 mss.
965 5665 1079 5736 sex_
1095 5649 1197 5723 ἰδίᾳ
1226 5649 1344 5736 γᾴρ.
1382 5652 1543 5736 Editi
1569 5653 1669 5736 ἰδίᾳ
1695 5654 1815 5730 μέν.
1848 5656 1995 5736 Reg.

364 5676 592 5727 quam!)
624 5676 757 5730 μυδι
788 5676 929 5713 ιιιδδ.
965 5676 1065 5710 δυχ
1097 5676 1197 5723 ιοιᾳ
1226 5676 1294 5732 γα
1332 5700 1344 5716 .
1382 5676 1543 5714 nam
1572 5676 1669 5727 ιοιᾳ

356 5737 603 5811 quartus
633 5736 691 5793 et
718 5726 889 5795 Golb.
929 5729 1219 5813 septimus
1245 5676 1348 5806 18in;
1375 5733 1694 5814 ὀφθαλμούς.

2161 4930 2292 5014 (23)
2325 4927 2483 4993 Editi
2514 4930 2683 5014 χωρὶς
2706 4936 2799 5014 τοῦ
2828 4925 3142 5014 προσώπου.
3166 4924 3241 5014 A_t
3273 4939 3416 4985 mss.
3437 4937 3557 5014 non
3583 4936 3731 5001 pau-

2084 5014 2138 5096 ci
2170 5000 2682 5096 npoaé’inou.
2722 5000 3035 5096 Mog'loco
3083 5004 3439 5096 verborum.
3466 5000 3730 5096 illorum,

2084 5081 2214 5153 οὔτεν
2255 5081 2541 5171 πρόσωπον
2597 5088 2883 5170 ὀφθαλμῶν
2943 5086 3085 5143 ἐστιν
3146 5086 3393 5165 ἄμοιρον,
3423 5081 3642 5161 legitur
3671 5081 3733 5143 in

2085 5173 2346 5237 editione
2403 5168 2584 5234 Basil.
2638 5169 2755 5228 οὔτε
2805 5168 3090 5237 πρόσωπον
3140 5168 3307 5237 ’χωρίς
3356 5168 3500 5222 ἔστιν
3528 5160 3731 5237 ὀφθαλ-

2085 5173 2346 5239 editione

2093 5264 2208 5333 μῶν
2217 5304 2231 5318 .

2176 5332 2305 5416 (94)
2338 5332 2421 5394 [ta
2451 5348 2595 5393 mss.
2624 5338 2878 5413 septem.
2903 5327 3061 5393 Editi
3091 5345 3227 5390 cum
3249 5327 3397 5404 Reg.
3422 5332 3590 5386 sexto
3613 5329 3731 5381 Πα-

2092 5415 2211 5496 τρὸς
2248 5415 2443 5496 αὐτῶν3

2180 5494 2297 5574 (95)
2324 5494 2383 5551 Οἱ
2414 5490 2981 5574 8é,etc.Peccatores
3011 5492 3081 5574 in
3099 5484 3609 5574 iudicio._Supple
3632 5483 3736 5541 ἀπὺ

2086 5567 2288 5653 κοινοῦς
2348 5577 2452 5639 τῆσ
2499 5572 2620 5636 θέας
2680 5581 2773 5629 τοῦ
2855 5571 3142 5652 προσώπου
3221 5567 3730 5653 καταξιωθήσονται,

2086 5642 2413 5733 conspectu
2467 5650 2670 5715 vultus
2700 5642 3147 5733 dignabuutur,
3183 5651 3288 5713 sed
3327 5642 3732 5712 tremebundi'.

2173 5731 2297 5813 (25)
2324 5731 2473 5811 Reg.
2507 5732 2722 5796 tertius
2750 5731 3045 5816 δυναμένην
3077 5733 3369 5815 ἐφικέσθαι.

2403 5168 2584 5234 Basil.
2638 5160 2781 5228 οὕτέ
2805 5168 3090 5249 πρόσωπον
3140 5160 3307 5248 χωρίς
3356 5160 3505 5222 ἔστιν
3528 5160 3731 5243 ὀφθαλ-
