2054 3110
238 158 298 191 379

902 158 934 190 S.
957 158 1097 191 BASILII
1127 160 1252 192 MAGNI

1872 162 1934 196 380

240 226 340 258 mittit.
357 226 574 258 Clamaverunt
587 225 690 265 itaque
704 225 796 264 iusti;
809 224 882 256 nihil
898 226 1057 268 abjectum,

1103 230 1141 264 τῷ
1164 231 1221 265 Θεῷ
1243 228 1292 261 τὴν
1315 228 1411 268 εὖχὴν.
1430 225 1590 268 Ἐκέκραξαν
1608 229 1653 258 οὖν
1674 230 1698 259 οἱ
1727 229 1853 259 δίκαιοι”ο
1871 231 1931 260 ὖδὲν

240 272 316 303 nihil
331 270 572 309 terrenum,nihil
583 269 696 301 humile
708 270 1062 313 inquisierunt.Propter-

242 326 279 348 ea
293 326 395 348 vocem
410 318 542 357 ipsorum
557 314 688 355 suscepit
705 316 860 354 Dominus,
880 316 948 347 155
972 324 1002 348 et
1027 327 1062 349 ex

243 362 382 393 omnibus
395 359 638 392 tribulationibus
652 369 755 391 eorum
771 360 907 391 liberavit
920 370 982 393 eos.
999 361 1060 393 Ta-

242 416 311 438 men
323 410 449 437 nontam
461 415 512 437 eos
525 414 541 436 a
557 404 647 436 rebus
660 405 794 437 adversis
809 405 954 447 liberavit,
972 416 1060 447 quam

241 460 292 482 eos
300 455 471 482 eventorum
482 450 608 481 victores
615 450 834 490 eti‘ecit.(VsRs.
850 451 1013 491 19.)Prope
1021 454 1063 483 est

241 495 393 527 Dominus
399 496 438 527 iis
445 496 498 535 qui
504 495 637 527 contrito
644 499 715 526 sunt
723 495 856 535 corde,et
864 495 992 527 humiles
1002 496 1063 536 spi-

238 542 301 572 ritu
308 539 609 580 salvabit.Suaipsius
616 539 750 571 bonitate
756 540 894 571 omnibus
905 543 1063 581 appropin-

237 590 306 627 quat
321 586 464 617 Dominus
479 595 485 615 :
505 594 558 616 nos
576 594 645 616 vero
657 594 848 616 removemus
863 588 1060 626 nosmetipsos

238 640 291 672 per
306 634 473 671 peccatum.
490 630 569 662 Ecce
584 631 677 670 enim,
692 630 801 670 inquit,
815 632 868 670 qui
879 631 1060 672 elongautse

237 676 291 707 abs
303 676 486 717 tc,peribunt
497 686 533 710 ss.
549 675 735 716 Quapropter
746 676 860 716 Moyses
875 676 937 707 Deo
948 685 1058 717 appro-

236 724 381 762 pinquare
390 719 499 751 dicitur
507 720 534 742 ⁸⁵
547 731 555 759 ;
566 723 597 752 et
607 721 630 750 si
645 720 695 760 qui
706 720 780 751 alius
790 720 817 751 ei
827 721 932 752 similis
944 725 1059 761 est,per

238 765 379 805 praeclara
389 765 520 796 facinora
536 768 565 795 et
581 765 714 796 actiones
729 764 820 795 bonas
832 764 893 795 Deo
903 773 994 805 prope
1004 774 1056 795 ac-

236 810 328 841 cedit.
345 808 413 846 Haec
420 814 518 841 autem
531 809 623 841 verba
639 809 826 850 prophetiam
839 809 981 840 adventus
995 810 1056 841 Do-

237 855 310 886 mini
327 855 422 895 palam
439 854 603 895 continent,
616 853 865 894 consentiuntque
873 864 939 885 cum
953 855 1057 894 priori—
1069 873 1087 898 Β

236 899 302 931 bus.
320 900 383 931 Illic
397 902 478 930 enim
493 898 666 930 dicebatur:
689 898 794 930 Vultus
817 899 942 930 Domini
964 908 1058 940 super

234 944 379 984 facientes
391 946 484 982 mala,
497 944 554 975 hoc
566 947 621 981 est,
633 943 698 983 ejus
709 944 740 974 in
751 943 867 983 judicio
881 948 1059 984 conspectus

235 989 273 1020 ad
282 989 511 1030 disperdendam
520 997 639 1019 omnem
651 988 836 1027 iniquitatem
849 988 967 1020 [isthic
976 998 1058 1031 vero,

237 1034 333 1075 Prope
342 1038 385 1066 est
396 1034 540 1065 Dominus
546 1034 585 1064 iis
594 1043 611 1073 q
617 1034 647 1064 ui
661 1034 791 1064 contr-ito
799 1036 870 1065 sunt
880 1034 978 1074 corde,
997 1034 1057 1065 Do-

236 1080 311 1110 mini
322 1079 352 1110 in
362 1079 616 1110 carneadventum
627 1078 1059 1119 praenuntiat,appropinquan-

237 1128 295 1155 tem
305 1124 378 1165 jam,
392 1128 421 1155 et
432 1133 492 1154 non
505 1123 609 1163 procul
621 1123 792 1155 distantem.
804 1123 902 1163 Atque
914 1123 1001 1163 hujus
1014 1124 1058 1155 rei

234 1169 322 1200 faciat
337 1168 389 1200 tibi
414 1168 502 1199 ﬁdem
533 1167 690 1208 prophetia
714 1167 961 1208 Isaiae:Spiritus
977 1169 1057 1199 enim

235 1214 357 1245 Domini
366 1222 461 1254 super
468 1221 531 1244 me:
548 1216 675 1252 propter
682 1212 760 1252 quod
772 1215 860 1244 unxit
869 1221 1058 1254 mezevauge-

234 1259 330 1291 lizare
344 1257 525 1299 pauperibus
532 1258 617 1288 misit
626 1266 800 1298 mc,sanare
809 1258 952 1289 contritas
958 1259 1054 1299 corde,

231 1304 401 1345 praedicare
410 1304 536 1343 captivis
545 1302 802 1342 remissionem,et
811 1305 895 1334 emis
908 1303 1007 1334 visum
1017 1302 1054 1335 ⁸⁸.

233 1350 308 1380 Cum
332 1348 413 1380 enim
442 1348 577 1378 medicus
606 1348 778 1378 mitteretur
800 1348 936 1379 contritis
953 1349 1054 1385 corde,

238 1393 611 1435 Prope,inquit,Domtnus
622 1396 683 1424 est:
695 1392 779 1423 vobis
794 1392 859 1423 dico
869 1393 920 1433 qui
929 1393 1056 1424 humiles

234 1439 431 1479 estis,quique
443 1438 548 1469 fastum
564 1441 698 1468 vestrum
710 1437 958 1476 contrivistis,vos
968 1437 1055 1468 simul

232 1484 446 1521 laetiﬁcaturus,
458 1488 487 1514 et
498 1492 551 1523 per
565 1482 706 1523 gaudium
722 1491 823 1513 rerum
839 1482 1002 1513 futurarum
1018 1482 1054 1513 ad

233 1528 422 1560 tolerantiam
437 1528 625 1559 inducturus.
654 1527 799 1558 Contritio
829 1531 928 1558 autem
956 1527 1085 1564 cordisc

234 1574 404 1615 exstirpatio
417 1574 666 1604 esthumanarum
680 1571 964 1611 cogitationum.Qui
976 1581 1054 1612 prai-

235 1619 330 1650 sentia
345 1617 536 1658 contempsit,
553 1627 586 1648 ac
607 1625 639 1649 se
664 1616 731 1657 ipse
754 1618 805 1648 Dei
825 1616 937 1648 addixit
951 1617 1053 1661 verbo,

233 1668 427 1701 mentemque
440 1671 524 1693 suam
546 1661 581 1692 ad
600 1671 649 1693 eas
665 1661 861 1701 cogitationes
875 1671 941 1702 qua:
955 1661 1054 1692 homi-

233 1717 302 1740 nem
319 1711 471 1748 superant,
488 1716 522 1738 ac
548 1706 641 1746 magis
665 1706 771 1737 divina;
791 1710 872 1746 sunt,
889 1706 1012 1747 appulit,
1030 1706 1055 1737 is

233 1753 336 1794 utique
350 1752 440 1783 fuerit
451 1752 502 1793 qui
510 1751 670 1783 contritum
682 1760 735 1782 cor
745 1751 959 1792 habet,quique
967 1760 1054 1782 suum

232 1807 285 1829 cor
309 1796 486 1829 sacriﬁcium
510 1796 588 1837 quod
604 1805 621 1826 a
643 1797 768 1828 Domino
794 1805 854 1827 non
877 1796 1052 1836 despicitur,

232 1842 341 1875 eﬁecit.
361 1842 419 1873 Cor
434 1842 514 1873 enim
528 1842 692 1873 contritum
708 1844 736 1872 et
761 1840 960 1872 humiliatum
976 1841 1055 1872 Deus

231 1895 287 1916 non
294 1885 547 1923 despiciet87.Propc
554 1889 591 1914 est
600 1885 689 1922 igitur
695 1885 826 1914 Dominus
834 1885 957 1914 contritis
964 1885 1053 1919 corde,

231 1936 259 1964 et
264 1932 392 1964 humiles
398 1932 514 1973 Spiritu
520 1931 723 1968 saloabit.Qui
730 1931 803 1962 nihil
810 1930 1053 1972 habetelationis,

231 1986 329 2018 neque
342 1977 379 2008 ob
395 1977 486 2008 ullam
512 1985 575 2007 rem
603 1976 763 2007 humanam
793 1976 937 2016 superbit,
954 1976 1003 2007 hic
1026 1980 1055 2007 et

231 2023 375 2054 contritus
392 2026 436 2053 est
447 2021 549 2062 corde,
563 2024 592 2052 et
602 2020 724 2052 humilis
739 2021 857 2061 spiritu.
870 2021 921 2052 Est
933 2020 1054 2062 quidem

230 2067 353 2099 humilis
369 2071 399 2098 et
413 2067 438 2097 is
451 2066 501 2107 qui
517 2066 548 2096 in
565 2071 685 2106 peccato
702 2065 845 2104 ambulat,
860 2075 928 2097 cum
945 2075 1053 2106 pecca-

233 2115 296 2143 tum
313 2111 447 2143 omninm
466 2111 598 2142 maxime
609 2111 753 2142 humilem
769 2111 885 2142 reddat.
896 2111 972 2142 Hinc
984 2111 1057 2142 dici-

233 2166 300 2188 mus
314 2156 500 2188 humiliatam
515 2165 582 2188 esse
597 2161 627 2187 et
638 2166 702 2188 eam
719 2166 785 2196 quae
800 2160 939 2196 corrupta
955 2160 1010 2194 est,
1022 2165 1057 2187 ac

1102 272 1295 312 μικροπρεπὲς,
1317 272 1370 302 ὥδὲ
1386 274 1493 314 γήϊνον,
1518 273 1576 302 οὐδὲ
1592 276 1721 304 ταπεινὸν
1743 275 1927 312 ἐπιζήτησιν·

1105 318 1153 345 Διὰ
1187 321 1263 346 τοῦτο
1300 320 1384 348 αότῶν
1415 318 1573 358 παρεδέξατο
1602 320 1650 354 τὴν
1673 321 1793 361 φωνὴνδ
1820 323 1930 362 Κύριος,

1102 363 1145 390 καὶ
1171 362 1201 390 ἐκ
1222 366 1315 391 πασῶν
1339 366 1391 391 τῶν
1420 363 1535 401 θλίψεων
1568 365 1655 393 αὐτῶν
1677 365 1799 405 ἐρρύσατο
1820 367 1928 398 αὕτα-ἲς·

1103 409 1133 437 οὗ
1148 408 1272 436 τοσοῦτον
1288 408 1428 436 ἀπολλύων
1441 409 1534 441 αὐτοὺς
1546 413 1598 438 τῶν
1609 409 1748 450 ὀχληρῶν,
1764 410 1827 440 ὅσον
1843 412 1929 451 κρείτ-

1103 463 1181 484 τονας
1226 456 1278 482 τῶν
1320 452 1517 491 συμϐαινόντων
1568 456 1782 491 κατασκευάζων,
1830 455 1930 496 Ἐγγὺς

1103 496 1198 536 Κύριος
1239 505 1297 530 τοῖς
1337 499 1568 538 συντετριμμένοις
1606 500 1655 534 τὴν
1704 500 1810 540 καρδίαν
1828 525 1837 541 ,
1884 502 1931 530 καὶ

1104 543 1163 574 τοὺς
1198 543 1339 575 ταπεινοὺς
1372 544 1409 581 τῷ
1446 545 1577 583 πρεύμασί
1631 544 1723 577 σώσει,
1754 548 1793 584 Τῇ
1834 546 1931 575 ἑαυτοῦ

1102 587 1246 626 ἂγαθότητι
1276 591 1359 616 πᾶσιν
1382 589 1490 627 ἐγγίζει·
1531 589 1697 628 μακρύνομεν
1740 589 1767 618 δὲ
1814 591 1926 622 ἑαυτοὺς

1102 633 1185 670 ἡμεῦς
1215 631 1257 661 διὰ
1285 633 1334 667 τῆς
1365 633 1508 672 ἁμαρτίας.
1531 633 1599 662 Ἰδοὺ
1623 635 1684 674 γὰρ,
1708 635 1800 675 φησὶν,
1818 636 1843 663 οἱ
1867 647 1924 672 μα-

1100 678 1238 716 κρύνοντες
1283 678 1390 710 ἑαυτοὺς
1429 678 1482 706 ἀπὸ
1520 682 1592 719 σοῦ,
1635 679 1822 711 ἀπολοῦνται..
1874 681 1926 708 Διὰ

1098 726 1175 751 τοῦτο
1207 725 1323 756 Μωῦσῆς
1353 723 1466 762 ἐγγίζειν
1491 723 1596 763 λέγεται
1623 727 1662 761 τῷ
1683 727 1752 761 Θεῷ·
1782 725 1826 753 καὶ
1841 724 1924 755 εἴτις

1098 766 1179 799 ἄλλος
1203 767 1388 807 παραπλήσιος
1413 768 1518 808 ἐκείνῳ,
1558 767 1592 796 δι’
1623 767 1846 809 ἆνδραγαθήματα
1877 770 1924 797 καὶ

1097 812 1202 851 πραίξεις
1230 812 1328 851 ἀγαθὰς
1354 812 1432 852 ἐγγὺς
1467 813 1567 852 γίνεται
1603 813 1649 842 τοῦ
1680 817 1758 844 Θεοῦ,
1788 819 1924 854 Αντικρυς

1098 857 1125 885 δὲ
1148 857 1294 897 ποφητείαν
1321 856 1379 898 ἔχει
1408 858 1421 885 ὁ
1444 857 1524 897 λογος
1559 861 1609 892 τῆς
1634 857 1775 896 ἰπιδημίας
1799 864 1847 888 τοῦ
1864 864 1921 888 Κυ-

1101 903 1165 942 ρίου,
1195 903 1238 930 καὶ
1272 902 1412 942 σύμφωνος
1436 906 1474 940 τῷ
1498 903 1654 943 προάγοντι.
1680 902 1756 932 Ἐκεῖ
1796 904 1845 942 μὲν
1871 904 1922 943 γὰρ

1101 946 1219 986 ἐλέγετο·
1260 947 1406 986 Πρόσωπον
1450 946 1510 987 (27)
1552 948 1645 986 Κυρίου
1691 946 1733 975 ἐπὶ
1778 949 1920 979 ﬁdicina:

1101 991 1181 1020 κακά·
1210 991 1357 1029 τουτέστιν,
1385 992 1402 1025 ἡ
1426 990 1566 1032 ἐπιφάνεια
1597 993 1676 1021 αὖτοῦ
1700 992 1768 1021 κατὰ
1795 992 1845 1026 τὴν
1862 992 1925 1031 κρί-

1102 1047 1143 1065 σιν
1167 1036 1209 1064 ἐπὶ
1233 1036 1374 1076 ἀφανισμῷ
1401 1036 1490 1069 πάσης
1506 1037 1635 1076 πονήρίας
1654 1037 1807 1075 γενήσεται·
1825 1035 1922 1065 ἐνταῦ-

1099 1082 1141 1117 θα,
1181 1080 1276 1119 Ἐγγὺς
1312 1081 1326 1109 ὁ
1364 1081 1456 1118 Κύριος
1499 1087 1557 1113 τοῖς
1596 1081 1826 1121 συννετριμμὲνοις
1873 1081 1925 1115 τὴν

1100 1125 1217 1165 καρδίαν,
1254 1126 1303 1159 τὴν
1345 1124 1487 1163 ἐπιδημίαν
1516 1125 1565 1159 τὴν
1601 1129 1648 1154 τοῦ
1680 1127 1773 1165 Κυρίου
1806 1125 1856 1160 τὴν
1896 1126 1924 1154 ἐν

1100 1170 1178 1210 σάρκὲ
1203 1168 1391 1209 προαγγέλλει,
1428 1169 1582 1209 ἐγγίζουσαν
1611 1169 1673 1207 ἤδη,
1701 1171 1746 1198 καὶ
1768 1170 1798 1198 οὗ
1813 1171 1920 1209 μακρὰν

1100 1216 1293 1254 ἀφεστηκυῖαν.
1320 1215 1368 1243 Καὶ
1394 1215 1471 1243 τοῦτό
1486 1226 1529 1243 σοι
1556 1215 1651 1243 πιστὸν
1673 1215 1703 1243 ἔκ
1729 1217 1791 1249 τῆς.
1806 1214 1924 1244 Ἠσαίου

1099 1261 1260 1300 προφητείας
1288 1259 1415 1299 γενέσθω,
1446 1259 1552 1298 Πνεῦμα
1576 1260 1625 1299 γὰρ
1654 1259 1746 1298 Κυρίου
1775 1259 1819 1288 ἐπ’
1857 1260 1921 1300 ἐμὲ,

1098 1306 1128 1334 οὗ
1168 1305 1255 1333 ἕνεκεν
1297 1303 1388 1344 ἕχρισέ
1424 1313 1470 1342 με·
1514 1303 1730 1343 εὐαγγελίσασθαι
1789 1312 1919 1345 πτωχοῖς

1097 1348 1248 1378 ἀπέσταλκά
1306 1359 1351 1387 με,
1400 1349 1504 1377 tinem
1559 1349 1621 1381 τοὺς
1681 1348 1922 1388 συντετριμμένους

1096 1395 1146 1428 τὴν
1172 1393 1278 1433 καρδίαν
1294 1417 1302 1433 ,
1349 1392 1456 1433 κηρύξαι
1496 1392 1681 1433 αἰχμαλώτοις
1714 1393 1806 1433 ἄφεσιν
1825 1418 1834 1430 ,
1878 1395 1923 1422 καὶ

1097 1438 1209 1478 τυφλοῖς
1238 1437 1394 1475 ἀνάϐλεψιν.
1418 1436 1530 1472 Ἐπειδή
1573 1438 1622 1477 γὰρ
1651 1438 1739 1476 ἰατρὸς
1782 1438 1921 1467 ἀπεστέλ-

1096 1483 1158 1512 λετο
1198 1483 1251 1512 τῶν
1293 1482 1524 1521 συντετριμμένων
1565 1483 1615 1516 τὴν
1657 1482 1774 1522 καρδίαν,
1812 1483 1924 1522 Ἐγγὺς,

1096 1530 1172 1569 φησὶ,
1194 1528 1286 1568 Κύριός
1316 1528 1397 1556 ἐστιν·
1425 1528 1491 1566 ὑμῖν
1519 1527 1591 1567 λέγω
1618 1533 1677 1560 τοῖς
1697 1534 1842 1559 παπεινοῒς
1874 1530 1923 1557 καὶ

1096 1574 1265 1613 συντρίψειαν
1291 1573 1390 1601 ἑαυτῶν
1418 1573 1449 1601 τὸ
1478 1572 1603 1612 φρόνημα
1631 1571 1708 1610 (28),
1736 1574 1922 1611 εὖθυμοποιῶν

1095 1619 1162 1656 ὑμᾶς
1177 1618 1222 1647 καί
1235 1619 1272 1649 εὶς
1284 1617 1464 1656 μακροθυμίαν
1479 1617 1581 1657 ὲνάγων
1665 1620 1739 1657 χαρᾷ
1764 1619 1817 1646 τῶν
1832 1629 1922 1656 προσ-

1097 1663 1266 1702 δοκωμένων.
1284 1663 1449 1703 Συντριμμός
1477 1660 1503 1690 δὲ
1519 1661 1626 1698 καρδίας
1648 1662 1717 1691 ἐστὶν
1734 1664 1749 1690 ὁ
1769 1662 1919 1703 ἀφονισμὸς

1096 1710 1149 1738 τῶν
1177 1708 1346 1748 ἀνθρωπίνων
1375 1707 1523 1746 λογισμῶν,
1562 1706 1592 1736 ’0
1624 1708 1829 1747 καταφρονήσας
1866 1711 1923 1736 τῶν

1095 1753 1171 1794 τῇδε,
1187 1753 1232 1781 καὶ
1260 1751 1436 1783 ἀποδεδωκὼς
1465 1752 1558 1780 ἑαυτὸν
1573 1755 1611 1789 τῷ
1626 1751 1699 1791 λόγῳ
1713 1757 1759 1781 τοῦ
1774 1755 1852 1792 Θεοῦ,
1875 1754 1923 1782 καὶ

1096 1798 1257 1838 ἐμπαρέχων
1282 1798 1376 1825 ἑαυτοῦ
1399 1797 1430 1825 τὸ
1458 1796 1618 1835 ἡγεμονικὸν
1639 1802 1699 1828 τοῖς
1728 1796 1793 1835 ὑπὲρ
1815 1795 1922 1836 ἄνθρω-

1095 1855 1146 1873 πον
1175 1843 1218 1872 καὶ
1240 1841 1381 1881 θειοτέροις
1411 1840 1552 1880 νοήμασιν,
1582 1840 1658 1873 οὗτος
1682 1840 1714 1868 ἂν
1743 1841 1788 1874 ε’ἰη
1816 1842 1829 1869 δ
1854 1852 1923 1869 συν-

1096 1887 1273 1927 τετριμμένην
1301 1887 1375 1926 ἕχων
1397 1886 1447 1920 τὴν
1476 1884 1594 1925 καρδίαν,
1624 1885 1668 1913 καὶ
1702 1886 1817 1920 ποιήσας
1833 1885 1920 1920 αὐτὴν

1095 1932 1184 1961 θυσίαν
1214 1932 1261 1960 οὒκ
1290 1929 1501 1968 ἐξουδενωμένην
1530 1931 1581 1958 ὑπὸ
1607 1933 1652 1959 τοῦ
1666 1928 1773 1969 Κυρίου.
1807 1929 1923 1970 Καρδίαν

1095 1977 1145 2017 γαρ
1281 1975 1507 2015 συντετριμμένην
1544 1975 1589 2003 καὶ
1626 1974 1859 2012 τεταπεινωμένην
1906 1977 1923 2004 δ

1096 2023 1162 2054 Θεὸς
1198 2023 1245 2051 οὐκ
1284 2019 1461 2053 ἐξουδενῶσει,
1503 2019 1599 2059 Ἐγγὺς
1639 2019 1684 2048 οὖν
1730 2019 1823 2058 Κύριος
1859 2027 1922 2052 τοῖς

1097 2065 1327 2106 συντετρίμμένοις
1368 2065 1417 2098 τὴν
1455 2063 1574 2103 καρδίαν,
1605 2064 1650 2091 καὶ
1688 2063 1750 2095 τοὺς
1777 2065 1921 2096 ταπεινοὺς

1096 2115 1135 2150 τῷ
1162 2111 1292 2148 πνεύματι
1316 2110 1408 2141 «licet.
1433 2109 1463 2138 ὀ
1493 2108 1577 2147 μηδὲν
1611 2108 1684 2149 ἔχων
1708 2108 1826 2149 ἔπαρμα,
1850 2109 1921 2147 μηδέ

1097 2159 1199 2197 φρονῶν
1213 2155 1256 2184 ἆπί
1277 2167 1328 2184 τινι
1357 2158 1410 2183 τῶν
1438 2154 1619 2194 ἀνθρωπίνων,
1647 2155 1723 2186 οὗτος
1750 2153 1795 2182 καὶ
1822 2165 1921 2183 συντε-

232 2201 409 2241 virginitatis
422 2200 651 2232 sanctimoniam
666 2201 776 2231 amisit.
794 2199 844 2231 Sic
858 2200 988 2240 Amnon,
1005 2200 1054 2231 in-

1097 2201 1239 2241 τριμμὲνος
1264 2200 1319 2229 ἐστὶ
1341 2202 1375 2238 τῇ
1396 2197 1500 2239 καρδίᾳ,
1517 2198 1562 2226 καὶ
1582 2198 1706 2231 ταπεινὸς
1720 2200 1759 2234 τῷ
1772 2198 1919 2236 πνεύματι”

233 2246 372 2287 quit,vim
385 2244 516 2276 Thamar
524 2245 657 2277 inferens
667 2246 709 2285 88,
723 2245 907 2277 Humiliavit
916 2244 1052 2285 ipsum“.

233 2290 695 2332 Quicunqueigituraltitudinem
702 2300 736 2322 ac
742 2290 956 2322 sublimitatem
962 2291 1055 2323 animi

233 2336 373 2373 amisere,
387 2345 441 2376 per
453 2340 606 2376 peccatum
623 2336 653 2367 in
671 2340 779 2367 terram
794 2335 917 2376 dejecti,
930 2339 959 2367 et
968 2333 1054 2374 quasi

233 2383 384 2421 prostrati,
403 2390 462 2411 non
479 2380 566 2411 aliter
580 2380 751 2420 gradientes
771 2389 860 2422 quam
884 2384 1051 2421 serpentes,

233 2425 428 2465 decumbunt;
440 2434 567 2466 cumque
575 2424 665 2456 iidem
673 2425 754 2456 nullo
765 2423 853 2456 modo
865 2424 1054 2464 surrigerese

232 2469 509 2510 possint,humiliati
517 2474 586 2501 sunt
597 2469 731 2510 quidem,
742 2479 802 2501 non
812 2473 910 2500 tamen
922 2469 1027 2509 spiritu
1042 2478 1050 2500 :

231 2524 292 2545 non
305 2515 383 2545 enim
394 2514 550 2546 laudabilis
560 2518 606 2546 est
616 2515 735 2546 illorum
746 2513 970 2551 humilitas.Qui
981 2522 1052 2545 vero

231 2559 343 2590 habent
356 2560 481 2599 spiritus
492 2560 587 2591 sancti
595 2560 732 2600 gratiam,
743 2559 823 2591 haud
839 2559 921 2590 inviti
933 2568 965 2589 se
973 2558 1055 2600 ipso:

1095 2245 1179 2275 ’Ἔστι
1197 2246 1246 2284 μὲν
1263 2245 1387 2276 ταπεινὸς
1414 2244 1459 2272 καὶ
1474 2244 1488 2272 δ
1502 2243 1570 2271 κατᾶ
1590 2244 1640 2277 τὴν
1656 2242 1786 2282 ἁμαρτίαν
1804 2244 1920 2283 πορευό-

1096 2302 1188 2330 μενος,
1208 2290 1274 2319 διότι
1296 2288 1477 2322 ταπεινωτική
1512 2287 1630 2326 μάλιστα
1658 2289 1764 2316 πάντων
1784 2287 1801 2321 ἡ
1830 2289 1921 2328 ἀμαρ-

1094 2337 1149 2365 τία.
1180 2336 1250 2365 Καθδ
1279 2335 1322 2365 καὶ
1346 2334 1396 2367 τὴν
1425 2332 1591 2373 ὶφθαρμένην
1613 2332 1656 2361 καὶ
1678 2331 1848 2361 ἀπολέσασαν
1871 2334 1919 2362 τὸν

1095 2383 1145 2415 τῆς
1170 2381 1308 2420 παρθενίας
1331 2379 1464 2418 ἀγιασμὸν
1493 2377 1607 2417 λέγομεν
1635 2378 1833 2408 ταπεινοῦσθαι.
1869 2377 1919 2411 Ὠς

1096 2427 1110 2455 δ
1134 2424 1254 2463 ’Δμνὼη
1298 2424 1390 2464 φησὶν,
1420 2423 1568 2454 ἐπαναστὰς
1595 2424 1630 2460 τῇ
1658 2422 1763 2461 Θάμαρ,
1788 2421 1918 2451 Ἐταπιί-

1093 2481 1176 2499 νωσεν
1200 2470 1295 2505 αὒτήν.
1309 2468 1394 2498 ’Ὀοοἱ
1413 2467 1457 2496 οὗν
1486 2468 1517 2495 τὸ
1544 2467 1686 2504 ἀνάστημα
1715 2466 1803 2494 καὶτὸ
1818 2465 1919 2507 διαρμα

1093 2518 1143 2549 τῆς
1158 2517 1251 2555 ψυχῆς
1267 2512 1469 2543 ἀπολωλέκασιν
1487 2510 1563 2552 (30),
1580 2512 1631 2540 ὑπὸ
1645 2512 1695 2546 τῆς
1711 2510 1842 2550 ἁμαρτίας
1861 2523 1918 2540 γα-

1094 2559 1269 2594 ταϐληθέντες
1297 2559 1334 2592 εἷς
1356 2559 1422 2598 γῆυ,
1447 2557 1491 2585 καὶ
1509 2557 1587 2585 οἱονεὶ
1607 2555 1798 2596 ἑδαφισθέντες,
1814 2557 1917 2595 ὁμοίως

273 2643 304 2686 8}
330 2643 408 2675 Psal.
434 2653 525 2686 Lxxn,
555 2645 606 2677 27.
649 2646 682 2672 85
708 2643 802 2677 Exod.
831 2653 910 2682 xxiv,
939 2643 971 2676 2.
1012 2642 1046 2670 86
1073 2643 1132 2677 Ιει.
1160 2653 1221 2686 in,
1251 2645 1279 2677 1.
1320 2643 1352 2669 8⁷
1366 2641 1446 2675 Psal.
1466 2640 1565 2680 1.,19.
1606 2639 1846 2681 88IlReg.x1n,
1863 2641 1918 2676 14.

231 2683 263 2709 89
279 2685 366 2715 Deut.
379 2692 452 2724 xxxi,
468 2684 518 2716 29.

273 2764 337 2804 (27)
353 2765 401 2795 Sic
418 2774 488 2798 mss.
506 2775 557 2798 sex
571 2766 651 2798 Editi
666 2767 807 2807 πρόσωπον
829 2766 868 2798 δε,

274 2807 337 2845 (28)
357 2807 429 2847 Beg.
448 2808 554 2838 tertius
564 2808 596 2835 τὰ
609 2808 778 2847 φρονήματα.

274 2846 337 2888 (99)
354 2845 430 2888 Editi
448 2848 507 2888 γὰρ,
527 2845 624 2888 metu;
634 2847 725 2888 Deest
739 2847 818 2888 φησίν
833 2846 864 2877 in
875 2855 951 2888 mss.

274 2887 337 2926 (30)
353 2885 393 2916 Ita
404 2885 696 2927 quinque'mssEditi
707 2885 775 2918 cum
787 2886 860 2925 Reg.
869 2886 1052 2919 ἀπολώλασιν.

1093 2766 1160 2797 Mox
1171 2766 1246 2807 Reg.
1258 2763 1407 2807 secundus
1428 2762 1607 2807 συγκρτςτονσι
1620 2761 1663 2807 δῇ
1676 2760 1919 2807 έίῇᾳιιιιιιοροιι

1095 2815 1132 2838 ex
1147 2801 1280 2839 mssﬁoo
1294 2806 1447 2842 Πνεύματας
1462 2801 1510 2833 τοῦ
1523 2803 1611 2843 ἁγίου.
1643 2801 1721 2834 Εάίίὶ
1746 2810 1813 2833 cum
1839 2801 1917 2844 ne“.

1096 2850 1179 2878 sexto
1195 2849 1241 2876 τοῦ
1255 2846 1330 2886 ἀγίου
1346 2844 1511 2883 “vstitu-:06;
