4108 6220
335 347 448 414 381

1452 344 1782 411 HOMILIA
1822 343 1908 411 IN
1951 344 2325 411 PSALMUM
2367 341 2649 406 XXXIII.

3597 339 3716 406 382

334 491 416 560 τῷ
458 480 572 563 ὄφει
629 479 1083 562 συμπορευόμενοι
1139 483 1518 560 συγκόπτουσι,
1578 482 1655 556 μὴ
1708 480 1980 560 δυνάμενοι

2066 482 2406 554 humiliant,
2442 477 2894 560 subjiciuntque
2921 477 3341 542 inferioribus:
3374 478 3597 560 quippe
3615 479 3718 560 qui

337 574 696 654 ἀνορθωθῆναι
749 575 821 636 εἰς
888 574 950 628 τὸ
1020 571 1299 646 παντελὲς,
1377 571 1517 629 οὗτοι
1573 574 1980 633 τεταπείνω-οται

2066 573 2227 652 juxta
2255 570 2605 652 Apostolum
2636 569 2838 634 dicant
2879 587 3012 632 esse
3043 588 3106 631 se
3139 569 3480 649 quorumvis
3525 567 3627 648 qui
3657 569 3718 629 in

337 664 461 740 μὲν,
497 667 555 722 οὗ
599 662 706 737 μὴν
751 669 827 736 τῷ
877 662 1134 736 πνεύματι
1169 679 1183 694 ⁸
1237 661 1295 717 οὒ
1339 663 1438 739 γὰρ
1467 661 1718 730 ἐπαινετὴ
1750 665 1920 721 αὐτῶν
1948 666 1983 732 ἡ

334 754 672 814 ταπείνωσις.
714 750 880 809 ³³οσοι
909 749 963 806 δὲ
993 749 1212 830 ἔχοντες
1264 752 1362 818 τὴν
1390 757 1485 808 τοῦ
1532 752 1837 825 Πνεύματος
1893 761 1985 810 τοῦ

332 841 482 921 ἆγίου
537 842 720 922 χάριν,
795 841 1005 904 ἑκόντες
1087 841 1302 905 ἑαυτοὺς
1387 841 1797 899 ὑποταπεινοῡσι
1866 856 1983 909 τοῖς

331 929 754 1004 ὑποδεεστέροις,
816 931 952 987 κατὰ
1027 932 1116 987 τὸν
1177 928 1504 986 Ἀπόστολον
1556 928 1801 1008 λέγοντες
1855 934 1980 992 ἑαυ-

330 1021 450 1086 τώς
492 1024 633 1076 εἶναι
678 1019 891 1083 δούλους
945 1024 1104 1076 τινῶν
1161 1020 1214 1076 ἐν
1275 1025 1486 1099 Χριστῷ
1532 1016 1683 1099 (31)>
1717 1023 1806 1077 καὶ
1837 1022 1982 1077 Πάν-

329 1131 436 1166 των
512 1111 792 1189 περίψημα
854 1107 952 1173 ἕως
1040 1107 1157 1189 ἄρτι
1188 1123 1204 1140 ⁸
1281 1110 1368 1166 καὶ
1430 1107 1631 1166 πάλιν⁸
1715 1107 1811 1175 Ὠς
1877 1133 1982 1168 πε-

330 1199 695 1278 ρικαθάρματα
765 1206 857 1256 τοῦ
943 1200 1150 1275 κόσμου
1233 1197 1562 1277 ἐγενήθημεν
1598 1216 1613 1231 ⁸
1688 1203 1735 1256 οἱ
1817 1223 1980 1261 πνευ-

332 1289 571 1364 ματικῶς
738 1287 1054 1345 ταπεινώσει
1110 1289 1468 1369 κεχρημένοι,
1515 1288 1732 1346 πάντων
1765 1291 1980 1356 ἑαυτοὺς

333 1387 607 1442 ποιοῦντες
659 1378 946 1458 ἒσχάτους,
993 1377 1087 1434 ’ίνα
1127 1378 1344 1435 πάντων
1391 1383 1588 1458 πρῶτοι
1619 1379 1875 1457 γένωνται
1927 1380 1980 1437 ἐν

330 1471 400 1544 τῇ
442 1465 685 1544 βασιλείᾳ
726 1473 832 1524 τῶν
887 1471 1146 1547 οὐρανῶν.
1205 1468 1430 1533 Τούτους
1475 1470 1564 1524 καὶ
1623 1471 1898 1544 μακαρίζει
1952 1473 1980 1526 6

334 1557 529 1635 Κύριος
596 1555 769 1635 λέγων
799 1575 816 1591 ⁸
878 1557 1135 1633 Μακάριοι
1209 1557 1256 1612 οἱ
1299 1559 1512 1638 πτωχοὶ
1563 1564 1640 1632 τῷ
1693 1560 1978 1635 πνεύματι.

334 1644 533 1702 Πολλαὶ
606 1647 657 1702 αἱ
746 1643 950 1722 θλίψεις
1022 1652 1128 1702 τῶν
1195 1644 1432 1727 δικαίων,
1498 1649 1586 1705 καὶ
1658 1648 1718 1705 ἐκ
1794 1656 1980 1707 πασῶν

2069 662 2301 726 Christo
2313 659 3116 740 sunt,servos90.et0mnium
3131 661 3625 734 reiectamentum
3637 657 3718 720 ad

2066 751 2225 814 hunc
2242 769 2428 829 usque
2445 751 2602 812 diem
2621 749 2673 799 91
2705 770 2719 829 ;
2755 759 2812 811 et
2841 749 3055 810 iterum
3097 767 3110 811 :
3149 746 3463 828 Tanquam
3479 765 3716 828 purga-

2066 853 2265 904 menta
2279 842 2488 903 mundi
2500 840 2651 918 facti
2666 837 3080 911 sumus92.Qui
3095 837 3426 900 secundum
3441 836 3716 916 spiritum

2068 932 2399 993 humilitate
2433 939 2699 1010 utuntur,
2734 948 2865 990 sese
2926 928 3192 990 omnium
3229 927 3452 988 faciunt
3483 933 3719 1006 postre-

2070 1021 2568 1101 mos,utprimiin
2615 1039 2797 1099 regno
2831 1019 3116 1080 ccelorum
3141 1016 3376 1079 ﬁant93.
3414 1020 3539 1080 Hos
3564 1035 3717 1096 prae-

2068 1110 2224 1171 dicat
2241 1130 2478 1191 quoque
2494 1110 2697 1172 beatos
2725 1109 3277 1182 Dominus,dicens:
3301 1107 3478 1169 Beati
3494 1124 3719 1187 paupe-

2066 1218 2159 1262 res
2173 1200 2690 1280 spiritu94.(Vens
2725 1198 3073 1277 20.)Multoe
3098 1197 3717 1276 tribulationesjusto-

2065 1299 2289 1352 rum.et
2314 1308 2388 1352 ea:
2406 1289 2678 1350 omnibus
2698 1289 2792 1349 his
2828 1288 3114 1350 liberavit
3150 1305 3249 1348 eos
3282 1286 3604 1348 Dominus.
3640 1287 3718 1347 In

2065 1381 2366 1460 omnibus,
2400 1380 2614 1459 inquit,
2650 1378 2785 1437 156
2809 1377 3263 1438 tribulationem
3283 1377 3588 1455 patimur,
3614 1375 3720 1437 sed

2063 1488 2181 1532 non
2219 1476 2635 1547 angustiamur
2651 1468 2733 1526 95.
2765 1469 3082 1545 Propterea
3113 1466 3288 1526 etiam
3320 1464 3605 1526 Dominus
3639 1464 3722 1524 ait

2064 1561 2372 1640 discipulis
2391 1559 2550 1621 suis:
2577 1560 2650 1619 In
2674 1558 2899 1619 mundo
2915 1573 3265 1635 pressuram
3309 1553 3541 1618 habetis
3564 1573 3584 1632 ;
3615 1554 3719 1617 sed

2063 1651 2481 1728 con/idite,ego
2503 1651 2616 1710 vici
2637 1648 2926 1709 mundum
2947 1645 3031 1706 96.
3070 1644 3263 1716 Quare
3284 1650 3332 1704 si
3365 1644 3599 1724 quando
3631 1646 3719 1702 vi-

334 1735 506 1793 αὒτῶν
555 1735 764 1811 ῥύσεται
847 1735 1038 1802 αὐτοὺς
1095 1739 1124 1793 6
1178 1737 1388 1814 Κύριος.
1439 1735 1529 1794 Ἐν
1588 1739 1766 1814 παντὶ,
1826 1741 1976 1818 φησὶ,

2066 1740 2223 1802 deris
2241 1741 2434 1818 justos
2466 1740 2523 1799 in
2547 1737 2793 1812 morbis,
2831 1738 2890 1797 in
2934 1737 3202 1815 corporis
3245 1733 3720 1797 detruncationi-

330 1823 656 1900 θλιϐόμενοι,
745 1823 867 1882 ἀλλ’
957 1828 1017 1883 οὒ
1092 1813 1605 1906 στενοχωρουμένοι,
1672 1813 1769 1883 Διᾶ
1827 1813 1979 1884 τοῦτό

2066 1830 2199 1910 bus,
2234 1813 2289 1889 in
2312 1829 2774 1909 propinquorum
2809 1813 3222 1900 amissio—ne,in
3247 1825 3716 1904 plagis,inigno-

328 1936 461 1994 φησι
518 1917 606 1972 καὶ
661 1917 691 1971 6
750 1915 946 1993 Κύριος
999 1927 1114 1979 τοῖς
1171 1917 1362 1974 ἑαυτοῦ
1399 1919 1670 1991 μαθηταῖς
1707 1932 1722 1948 ⁸
1771 1917 1860 1974 Ἐν
1904 1925 1981 1993 τῷ

325 2005 519 2081 κόσμῳ
567 2004 742 2080 θλίψιν
787 2005 944 2084 ἔχετε
975 2020 990 2034 ⁸
1056 2004 1192 2062 ἀλλὰ
1255 2009 1522 2084 θαρσεῖτε,
1563 2008 1673 2084 εγὼ
1730 2007 1981 2074 νενίκηκα

325 2096 420 2151 τὸν
463 2095 690 2171 κόσμον,
724 2091 904 2151 ’Ὢστε
952 2094 1042 2153 ἐὰν
1103 2093 1226 2173 ἴδῃς
1260 2097 1389 2153 ποτὲ
1421 2095 1477 2151 ἐν
1508 2097 1712 2178 νόσοις,
1759 2097 1813 2154 ὲν
1853 2095 1976 2178 (32)

325 2183 603 2261 πηρώσεσι
635 2184 909 2259 σώματος,
941 2183 998 2242 ἐν
1031 2183 1274 2261 ἀποϐολῇ
1308 2191 1414 2242 τῶν
1447 2186 1679 2261 οἰκείων,
1727 2186 1782 2244 ἐν
1829 2185 1977 2254 πλη-

325 2286 480 2350 γαῖς,
513 2272 568 2328 ἐν
598 2273 856 2354 ἀτιμίαις,
890 2273 944 2330 ἐν
1003 2275 1150 2352 πάσῃ
1209 2273 1376 2348 ἐνδείᾳ
1423 2277 1510 2332 καὶ
1553 2277 1831 2354 ὑστερήσει
1876 2282 1982 2333 τῶν

333 2363 635 2442 ἀναγκαίων
681 2364 803 2426 τοὺς
862 2361 1090 2427 δικαίους
1131 2365 1494 2444 ὑπάρχοντας,
1551 2366 1840 2441 μνήσθητι,
1901 2365 1982 2423 ὅτι

335 2450 534 2510 Πολλαὶ
579 2453 631 2508 αἱ
686 2451 891 2528 θλίψεις
942 2459 1047 2510 τῶν
1103 2451 1342 2534 δικαίων,
1404 2457 1491 2512 καὶ
1541 2455 1600 2512 ἐκ
1643 2453 1980 2535 πασῶν

331 2543 507 2600 αὒτῶν
563 2544 772 2620 ῥύσεται
828 2543 1012 2606 αὐτοὺς
1071 2547 1098 2602 6
1165 2545 1375 2624 Κύριος.
1436 2545 1498 2604 Ὀ
1556 2545 1611 2602 δε
1673 2546 1844 2626 λέγων
1905 2548 1982 2622 μὴ

330 2633 552 2712 πρέπειν
609 2641 685 2708 τῷ
727 2630 911 2707 δικαίῳ
958 2635 1059 2702 τὴν
1098 2635 1298 2711 θλίψιν,
1331 2634 1476 2695 οὐδὲν
1528 2635 1704 2716 ἕτερον
1744 2636 1886 2716 λέγει
1945 2637 1981 2706 ἣ

331 2726 414 2802 μὴ
472 2727 717 2804 ἁρμόζειν
805 2728 880 2800 τῷ
957 2726 1163 2803 ἀθλητῇ
1235 2729 1328 2782 τὸν
1401 2727 1829 2806 ἀνταγωνιστήν,
1891 2729 1981 2796 Μὴ

331 2815 733 2893 ἀγωνῖζόμενος
762 2813 819 2872 δὲ
850 2817 878 2873 6
909 2814 1145 2883 ἀθλητὴς
1195 2816 1342 2879 τίνας
1389 2814 1489 2882 ἕξει
1549 2819 1654 2874 τῶν
1709 2819 1981 2898 στεφάνων

329 2907 430 2969 τὰς
494 2907 814 2981 ὑποθεσεις;
873 2903 1028 2973 ’Ἦδη
1107 2903 1161 2961 δὲ
1216 2905 1466 2985 τέταρτον
1531 2905 1742 2986 λέγεται
1803 2908 1858 2964 ἐν
1908 2915 1984 2984 τῷ

2065 1920 2286 1992 miniis,
2326 1919 2381 1979 in
2437 1919 2597 1978 omni
2652 1917 2848 1996 inopia
2909 1935 2975 1976 ac
3008 1933 3208 1976 rerum
3244 1915 3715 1976 necessariarum

2064 2018 2321 2089 egestate
2351 2008 2625 2086 detineri,
2662 2024 2892 2066 memor
2919 2005 3105 2065 fueris
3134 2003 3290 2083 quod
3329 2006 3529 2066 Multi:
3575 2009 3717 2065 sunt

2067 2099 2900 2176 tribulationesjustorum,et
2919 2094 3160 2174 quodex
3175 2092 3554 2155 omnibushis
3574 2091 3714 2155 libe-

2067 2190 2222 2250 rabit
2245 2207 2340 2250 eos
2361 2190 2676 2253 Dominus.
2714 2185 2827 2256 Qui
2857 2192 3053 2246 antem
3075 2182 3389 2259 dicitjusto
3412 2201 3532 2242 non
3563 2200 3711 2243 con-

2068 2280 2272 2339 venire
2309 2279 2778 2355 tribulationem,
2818 2275 2962 2335 nihil
2987 2273 3147 2334 aliud
3180 2272 3325 2333 dicit
3347 2271 3459 2332 nisi
3482 2270 3716 2334 athleta

2065 2387 2185 2429 non
2217 2384 2552 2444 congruere
2578 2364 3006 2426 adversarium.
3046 2361 3161 2423 Sed
3192 2361 3427 2423 athletze
3461 2379 3577 2421 non
3607 2360 3718 2422 de-

2065 2458 2320 2518 certanti
2342 2476 2470 2536 qua:
2492 2463 2666 2516 erunt
2685 2454 3030 2515 occasiones
3046 2452 3563 2513 coronarum?.lam
3579 2468 3714 2511 vero

2066 2554 2274 2627 quater
2295 2547 2354 2606 in
2380 2547 2499 2606 hoc
2529 2544 2754 2623 psalmo
2779 2542 3142 2620 dicitur,qua
3171 2541 3404 2601 ratione
3435 2558 3536 2601 eos
3566 2557 3716 2620 quos

2066 2636 2353 2699 Dominus
2381 2634 2636 2695 liberare
2671 2635 2811 2696 vult.
2851 2651 2884 2691 a
2907 2630 3294 2692 tribulatione
3322 2629 3560 2692 liberet.
3591 2627 3720 2692 Pri-

2068 2746 2228 2788 mum
2249 2726 2405 2786 enim
2428 2724 2723 2802 (\’eas.5):
2757 2723 3081 2801 Exquisivi
3105 2721 3514 2795 D0minum,ct
3536 2737 3720 2781 exau-

2065 2819 2221 2879 divit
2241 2822 2414 2889 me,et
2429 2831 2504 2874 ea:
2517 2830 2655 2873 omn
2669 2813 2796 2871 ibus
2811 2810 3302 2871 tribulationibus
3320 2810 3470 2871 meis
3489 2809 3720 2888 eripuit

2067 2925 2187 2978 me;
2209 2903 2474 2966 secundo
2499 2901 2800 2972 (Vensﬂ):
2826 2903 2936 2962 llic
2953 2918 3187 2979 pauper
3205 2898 3578 2972 clamavit,et
3603 2895 3720 2957 Do-

331 2995 545 3072 ψαλμῷ
595 2999 786 3072 τούτῳ,
847 2996 960 3053 τίνα
1022 2999 1215 3076 τρόπον
1272 2999 1378 3054 ἀπὸ
1437 2997 1665 3074 θλίψεως
1728 3000 1902 3078 ῥύεται
1955 3003 1980 3057 6

2069 3004 2269 3059 minus
2299 2993 2619 3064 exaudivit
2649 3000 2875 3060 eum.et
2903 3008 2983 3051 ea;
3010 2986 3720 3078 omnibustribulationi-

331 3088 553 3165 Κύριος,
613 3088 700 3151 οὓς
748 3087 838 3143 ἐὰν
892 3087 1019 3167 θέλῃ
1058 3087 1332 3165 ῥύσασθαι,
1383 3094 1597 3166 Πρῶτον
1668 3077 1766 3165 μὲν
1821 3091 1922 3170 γάρ
1956 3108 1969 3123 ⁸

2066 3090 2168 3150 bus
2191 3086 2324 3162 ejus
2351 3087 2623 3145 salvavit
2647 3100 2806 3158 eum;
2829 3080 3001 3170 tertio
3022 3077 3368 3170 (VEBSJS):
3396 3077 3718 3170 Clamave—

323 3174 660 3247 Ἐξεζήτησα
716 3178 806 3233 τὸν
892 3177 1106 3252 Κύριον,
1193 3178 1281 3234 καὶ
1361 3176 1624 3247 ἐπήκουσέ
1682 3167 1844 3254 μω,
1887 3167 1976 3237 καὶ

2066 3185 2209 3240 runt
2209 3179 2241 3252 j
2248 3175 2447 3252 usti,et
2474 3172 2781 3233 Dominus
2799 3169 3116 3231 exaudivit
3140 3175 3326 3247 eos,et
3348 3185 3422 3229 ea:
3444 3167 3724 3229 omnibus

325 3264 391 3322 ἐκ
450 3266 634 3323 πασῶν
689 3272 796 3323 τῶν
851 3264 1078 3342 θλίψεών
1145 3289 1246 3342 μου
1303 3265 1554 3345 ὲρῤύσατό
1626 3289 1693 3340 με
1727 3283 1740 3298 ⁸
1795 3267 1975 3326 δεύτε-

2067 3260 2572 3329 iribulationibus
2643 3276 2844 3321 eorum
2897 3257 3174 3319 liberavit
3241 3272 3360 3318 eos.
3412 3255 3717 3317 Postremo

323 3375 422 3434 ρον
470 3352 525 3411 δὲ
598 3355 760 3413 πάλιν
792 3372 806 3386 ⁸
893 3358 1057 3419 Οὗτος
1114 3358 1142 3412 6
1197 3356 1421 3436 πτωχὸς
1486 3355 1753 3436 ἒκέκραξε,
1809 3361 1897 3416 καὶ
1951 3362 1979 3416 δ

2067 3356 2270 3430 (VERS.
2305 3355 2439 3427 20):
2486 3350 2693 3413 Multo:
2739 3348 3165 3410 tribulatione:
3182 3349 3525 3423 justorum,
3561 3354 3615 3408 et
3646 3345 3718 3408 de

326 3445 515 3523 Κύριος
587 3447 896 3516 εἷσήκουσεν
967 3445 1145 3523 αὐτοῦ,
1209 3448 1294 3503 καὶ
1357 3449 1418 3502 εκ
1475 3453 1660 3504 πασῶν
1699 3455 1804 3505 τῶν
1862 3449 1976 3507 θλί-

2066 3444 2350 3509 omnibus
2378 3441 2473 3503 his
2496 3439 2774 3502 liberavit
2802 3456 2898 3500 eos
2929 3439 3247 3499 Dominus.

321 3541 471 3610 ψεων
541 3536 697 3593 αὐτοῦ
752 3535 950 3594 ἔσωσεν
989 3535 1170 3594 αὐτόν’
1222 3538 1310 3594 καὶ
1387 3538 1577 3615 τρίτον⁶
1666 3537 1987 3620 Ἐκέκραξαν
2047 3544 2093 3599 οἱ
2153 3535 2366 3606 δίκαιοι,
2431 3534 2516 3587 καὶ
2574 3534 2600 3587 6
2651 3531 2832 3608 Κύριος
2891 3530 3198 3597 εἰσήκουσεν
3261 3527 3454 3606 αὐτῶν,
3515 3529 3602 3583 καὶ
3652 3527 3712 3582 ἐκ

321 3631 510 3681 πασῶν
561 3631 668 3683 τῶν
708 3625 938 3703 θλίψεων
967 3631 1139 3687 αὐτῶν
1161 3625 1410 3706 ἒρῥύσατο
1449 3627 1656 3691 αὐτούς’
1723 3618 2174 3690 καὶντελευτατονο
2219 3622 2499 3681 Πολλαὶαὶ
2549 3620 2753 3695 θλίψεις
2817 3625 2920 3674 τῶν
2953 3618 3187 3693 δικαίων,
3256 3619 3341 3672 καὶ
3410 3619 3473 3672 ἒκ
3525 3624 3711 3674 πασῶν

322 3711 501 3770 αὐτῶν
543 3715 752 3792 ῥύσεται
779 3717 965 3780 αὖτοὺς
993 3719 1020 3774 6
1050 3717 1261 3797 Κύριος,

403 3801 508 3864 13.
583 3804 848 3867 Φυλάσσει
933 3804 1128 3886 Κύριος
1194 3807 1368 3865 πάντα
1452 3808 1519 3864 τὰ
1577 3809 1708 3868 όστᾶ
1755 3814 1926 3870 αὗτῶν
1959 3831 1974 3847 ⁸

2149 3805 2244 3866 13.
2281 3801 2463 3865 Vens.
2495 3798 2882 3860 21.(]ιι.ςιοάἱε
2911 3797 3201 3858 Dominus
3225 3798 3433 3886 omnia
3455 3814 3589 3859 ossa
3616 3813 3711 3860 eo-

325 3893 385 3950 ἓν
441 3893 496 3960 ἐξ
570 3895 741 3952 αὐτῶν
825 3898 885 3954 οὒ
971 3885 1393 3972 συντριϐήσεται.
1465 3899 1694 3978 Πότερον
1759 3899 1842 3958 δεῖ
1897 3902 1980 3958 ἐπὶ

2066 3914 2204 3959 rum
2225 3909 2416 3954 unum
2445 3910 2522 3950 ea:
2552 3890 2644 3951 his
2688 3907 2813 3950 non
2844 3895 3209 3950 conteretur.
3250 3885 3402 3947 Num
3432 3886 3492 3946 in
3516 3887 3716 3948 littera

324 3989 428 4052 τῆς
498 3983 691 4050 λέξεως
736 4001 945 4068 μεῖναι,
993 3988 1080 4045 καὶ
1130 3988 1445 4067 ἀρκεσθῆναι
1485 3987 1553 4064 τῇ
1581 3974 1720 4047 κατὰ
1746 3991 1807 4047 τὸ
1842 3991 1979 4072 πρό-

2066 3987 2297 4048 haerere
2329 3986 2582 4061 Oportet,
2619 3986 2677 4040 et
2716 3997 2786 4039 ea
2818 3980 3057 4040 notione
3101 3994 3231 4056 quae
3260 3974 3455 4072 statim
3475 3974 3715 4072 aud-itui

325 4095 517 4154 χειρον
557 4063 970 4154 προσπιπτούσῇ
1000 4091 1122 4142 ταῖς
1155 4063 1350 4141 ἆκοαῖς
1376 4063 1537 4155 ἡμῶν
1575 4078 1771 4162 ἐννοίᾳ,
1803 4063 1895 4138 ὅτι*
1915 4081 1980 4140 τὰ

2066 4083 2269 4137 nostro
2303 4070 2584 4150 illabitur,
2620 4077 2966 4130 contentum
3000 4086 3159 4162 esse,
3218 4065 3374 4145 quod
3434 4063 3711 4126 videlicet

325 4162 457 4220 ὀστᾶ
490 4171 678 4242 ταῦτα,
711 4167 778 4223 τὰ
819 4166 920 4234 τῆς
965 4167 1160 4247 σαρκὸς
1213 4168 1678 4246 ὕποστηρίγματα,
1730 4156 1791 4230 οἶδ
1851 4193 1978 4228 συν-

2066 4166 2268 4227 isthazc
2283 4162 2584 4242 justorum
2608 4176 2764 4234 ossa,
2793 4159 2990 4221 carnis
3013 4156 3219 4221 fulcra.
3250 4174 3369 4216 non
3393 4160 3714 4216 conteren-

323 4249 638 4338 τριϐήσεται
669 4257 775 4310 τῶν
806 4243 1046 4312 δικαίων
1075 4253 1159 4312 διὰ
1200 4257 1299 4326 τὴν
1328 4243 1470 4336 παρὰ
1491 4243 1594 4318 *τοῦ
1653 4243 1840 4338 Κυρίου
1882 4258 1978 4317 δε-

2066 4263 2161 4316 tur
2191 4253 2265 4313 ob
2299 4252 2491 4313 datam
2525 4248 2691 4311 sibia
2721 4250 2977 4310 Domino
2997 4245 3331 4338 custodiam
3355 4243 3384 4303 ‘I
3417 4247 3714 4338 utrum

322 4337 551 4417 δομὲνην
583 4345 764 4408 αὐτοῖς
812 4341 1054 4424 φυλακήν
1088 4363 1106 4424 ;
1158 4345 1258 4403 Καὶ
1313 4333 1540 4422 πότερον
1569 4333 1763 4416 ζῶντος
1819 4347 1980 4422 μόνον

2066 4343 2204 4424 iusti
2230 4360 2387 4417 ossa,
2419 4339 2687 4421 quandiu
2720 4339 2878 4402 vivet
2909 4340 3102 4398 solum
3127 4343 3185 4395 et
3218 4334 3278 4395 in
3305 4338 3420 4396 vita
3444 4333 3713 4396 diversa-

318 4431 411 4486 καὶ
458 4432 514 4487 ὲν
571 4434 647 4506 τῷ
690 4432 788 4509 βίῳ
837 4435 1198 4513 τυγχάνοντος
1257 4433 1582 4512 ἇσύντριπτα
1633 4441 1726 4494 τοῦ
1779 4433 1980 4493 δικαίου

2066 4431 2677 4507 bitur,custodientur
2694 4447 2727 4490 a
2746 4428 3002 4490 fractura
3024 4424 3191 4486 omni
3213 4424 3436 4488 illaesa?
3454 4442 3529 4487 an
3552 4424 3716 4505 justo

318 4504 733 4599 φυλαχθήσεται
762 4504 1024 4599 (34)”τὰ
1070 4523 1200 4580 ὀστᾶ
1231 4541 1249 4601 ;
1299 4521 1334 4592 ἢ
1365 4504 1454 4580 καὶ
1506 4522 1857 4590 ἀπολυθέντος
1889 4534 1980 4584 τοῦ

2066 4504 2244 4587 etiam
2302 4523 2573 4601 corporis
2624 4518 2853 4591 vinculo
2903 4515 3195 4597 exsoluto,
3256 4514 3420 4577 nulla
3447 4504 3718 4576 fractura)

315 4605 524 4684 δεσμοῦ
564 4616 658 4666 τοῦ
701 4621 1035 4694 σωματικοῦ,
1068 4610 1234 4689 μηδὲν
1291 4611 1468 4670 αἴτιον
1527 4613 1979 4691 ἐπισυμϐήσεσθαι

2067 4632 2243 4677 causa
2263 4613 2461 4674 futura
2478 4609 2584 4672 sit?
2602 4609 2784 4690 Atqui
2817 4609 3183 4688 experientia
3202 4605 3520 4666 didicimus
3537 4602 3720 4665 multa

315 4695 602 4777 συντριϐἧς
643 4707 721 4776 τῷ
777 4699 962 4778 δικαίῳ
996 4722 1014 4779 ;
1079 4703 1178 4762 Καὶ
1209 4703 1316 4780 μὴν
1365 4703 1540 4762 πολλὰ
1583 4707 1973 4782 μεμαθήκαμεν

2066 4723 2191 4768 ossa
2214 4699 2647 4782 justorum,qui
2665 4717 2798 4761 sese
2826 4696 3135 4779 quibusvis
3157 4694 3592 4776 suppliciorum
3609 4711 3716 4772 ge-

317 4785 410 4844 ιπὶ
469 4791 569 4857 τῆς
617 4791 801 4866 πείρας
857 4792 987 4849 όστό.
1029 4789 1244 4851 δικαίων
1286 4793 1725 4875 συντετριμμὲνα,
1769 4799 1876 4852 τῶν
1917 4793 1972 4853 ἐν

2066 4793 2306 4856 aeribus
2338 4808 2442 4870 pro
2473 4788 2609 4851 dato
2645 4789 2720 4850 de
2750 4788 2982 4850 Christo
3018 4784 3357 4875 testimonio
3371 4782 3710 4875 tradidere,

314 4889 442 4942 τοῖς
494 4876 623 4956 ὑπὲρ
687 4879 787 4948 τῆς
847 4881 918 4948 εἷς
995 4883 1220 4963 Χριστὸν
1291 4872 1572 4964 μαρτυρίας
1631 4872 1974 4964 παραδόντων

2066 4883 2313 4946 contrita
2337 4889 2518 4960 atque
2530 4878 2895 4940 comminuta
2921 4872 3266 4939 fuisse.Jam
3288 4872 3450 4937 enim
3478 4879 3537 4934 et
3565 4890 3711 4950 quo-

322 4965 542 5053 ὲαυτοὺς
587 4969 862 5034 παντοίοις
909 4969 1075 5028 εἴδεσι
1129 4973 1483 5048 παθημάτων.
1547 4970 1698 5042 ’Ἤδη
1742 4974 1842 5053 γάρ
1883 4996 1970 5032 τι-

2066 4973 2331 5037 rumdam
2364 4987 2539 5031 crura
2592 4968 3016 5044 confregerunt
3058 4972 3506 5045 persecutores.
3531 4971 3713 5053 atque

317 5074 427 5111 νων
483 5052 608 5133 (55)
638 5057 726 5115 καὶ
758 5057 925 5128 σκέλη
968 5057 1226 5126 κατέαξαν
1277 5064 1324 5118 οἱ
1355 5059 1662 5138 διώκοντες,
1720 5052 1972 5143 καὶίχεῖ-

2066 5081 2269 5125 manus
2301 5080 2370 5123 ac
2413 5059 2608 5139 capita
2638 5057 2818 5121 clavis
2848 5074 3007 5136 saepe
3041 5054 3484 5117 transﬁxerunt.
3518 5052 3594 5115 Et
3626 5060 3714 5114 ta-

1012 5178 1284 5247 “ICor.
1317 5181 1522 5258 lv,t3.
1607 5179 1839 5245 "ibid.
1923 5180 2220 5249 93Mattli.
2279 5201 2378 5259 xx,
2409 5183 2509 5245 16.
2597 5181 2971 5254 9‘Mattb.v,
2995 5178 3056 5242 3.
3141 5174 3301 5239 9511
3356 5175 3491 5239 Cor.
3535 5191 3619 5258 Iv,
3675 5174 3715 5238 8

405 5370 548 5464 )_
569 5376 738 5440 Facit
767 5397 934 5443 more
965 5399 1070 5444 suo
1096 5381 1537 5464 gombeﬁsius,
1557 5387 1624 5442 ut
1647 5381 1869 5464 aliquid
1912 5381 1980 5464 ad

2073 5391 2203 5448 σῶν.
2238 5383 2363 5464 Νεο
2394 5382 2471 5444 ita
2494 5381 2679 5443 multo
2714 5385 2851 5464 post
2881 5375 3049 5464 Colb.
3084 5375 3402 5464 primusfi
3432 5376 3510 5451 μὴ
3538 5377 3715 5458 ἁρμό-

316 5453 660 5550 arbitrium
685 5478 858 5524 suum
879 5461 1210 5550 mn_tet.Ubi
1232 5462 1414 5550 igitur
1429 5453 1679 5542 legimus
1696 5453 1766 5525 et'
1781 5463 1842 5550 in
1869 5463 1980 5550 edi.

2072 5472 2218 5550 ζειν.Δ
2239 5462 2624 5550 Reg._tertius
2649 5464 2692 5518 εἷ
2715 5453 2804 5537 ’μὴ
2839 5460 2916 5537 μὴ
2965 5453 3236 5536 ἀρμδζειν.
3262 5454 3378 5521 Alii
3401 5473 3545 5520 mss.
3576 5453 3714 5521 cum

315 5541 398 5596 tis
435 5542 494 5598 et
555 5541 618 5598 in
654 5542 1110 5623 mss.omnibus,
1133 5541 1302 5623 xxviii»;
1371 5544 1423 5601 tv
1455 5541 1687 5623 Χριστῷ,
1718 5545 1846 5605 vult
1875 5543 1980 5622 legi

2076 5544 2255 5609 editis
2278 5546 2312 5613 ἢ
2337 5541 2421 5620 μὴ
2443 5546 2570 5621 ἀρμ.

319 5623 610 5713 oportere
635 5622 741 5679 τῶν
764 5623 826 5713 ἐν
849 5630 1079 5713 Χριστῷ.
1113 5622 1426 5704 Vulgatam
1459 5622 1779 5687 lectionem
1832 5624 1980 5688 reti-

2155 5625 2279 5713 (ξέ)
2304 5623 2483 5713 _Colb.
2519 5622 2749 5713 primus
2779 5622 3236 5713 ουλαχθήσονται,

315 5695 587 5760 nendam
624 5718 760 5766 esse
793 5695 1094 5771 duximus.
1235 5695 1267 5704 ⁷

2157 5695 2281 5771 (35l
2304 5706 2390 5767 Ita
2412 5695 2554 5766 mss.
2590 5711 2746 5766 octo.
2793 5695 2962 5764 Εάίίῖ
2983 5725 3141 5760 τινων
3173 5704 3366 5766 αὐτῶν.
3400 5702 3535 5766 Mox
3570 5698 3716 5765 editi

397 5776 524 5868 (Si?)
549 5777 918 5868 Edilivdcoic
951 5787 987 5857 ἢ
1018 5787 1097 5852 ἐν.
1133 5785 1314 5850 Deest
1340 5781 1462 5868 iiin
1492 5792 1727 5868 septem
1753 5803 1903 5868 mss.

2074 5776 2345 5867 Καίτοιγε.
2375 5787 2552 5850 Deest
2581 5807 2642 5865 γε
2672 5783 2736 5847 in
2764 5782 2987 5848 nostris
3016 5799 3160 5848 mss.

398 5855 530 5943 (33)
559 5861 734 5945 Regii
759 5855 1058 5934 tertius—et
1083 5874 1333 5952 quartus
1377 5855 1616 5948 δικαίων,
1645 5866 1767 5927 ἀλλ’
1793 5867 1854 5925 ἑκ
1878 5887 1980 5926 πα-

2275 5855 2287 5867 .
2597 5855 2608 5865 .
3611 5909 4101 6037 IN
