4108 6220
330 369 444 435 393

1465 360 1787 427 HOMILIA
1831 361 1911 424 IN
1958 360 2326 424 PSALMUM
2376 357 2590 419 XLIV.

3591 344 3709 421 394

329 502 571 578 λέγεσθαι
602 509 765 560 ταῦτα
810 500 1048 578 περὶτοῦ
1100 502 1156 555 ἓν
1198 498 1346 579 ἀρχῇ
1393 496 1542 562 ὄντος
1614 503 1746 579 πρὸς
1819 495 1976 560 αὐτὸν

2070 511 2208 555 sona
2234 491 2426 554 Patris
2450 490 2525 552 de
2554 486 2755 579 Verbo
2785 484 2941 579 apud
2972 485 3168 579 ipsum
3202 484 3261 545 in
3293 481 3587 579 principio
3610 501 3713 545 ex-

330 594 521 669 Λόγου,
585 589 641 648 ὅν
712 591 772 647 ἐκ
845 591 944 656 τῆς
1007 591 1163 647 οἱονεὶ
1220 587 1432 663 καρδίας
1491 591 1580 646 καὶ
1639 591 1814 648 αὐτῶν
1868 598 1974 648 τῶν

330 680 682 761 σπλάγχνων³
752 681 899 759 φασὶ,
943 681 1216 758 προήγαγε
1267 676 1420 758 (62)⁸
1472 680 1559 736 καὶ
1628 682 1733 738 ἀπὸ
1775 682 1973 760 ἀγαθῆς

330 768 539 848 καρδίας
572 771 764 848 ἁγαθὸς
793 767 952 845 λόγος
1024 766 1312 846 προῆλθεν·
1371 765 1492 842 ἐμοὶ
1537 765 1591 822 δὲ
1619 766 1769 826 δοκεῖ
1810 771 1974 826 ταῦτα

330 860 414 916 ἐπὶ
472 861 532 915 τὸ
587 859 920 938 προφητικὸν
976 857 1319 936 ἀναφέρεσθαι
1379 856 1688 932 πρόσωπον,
1750 860 1825 921 Τὰ
1874 859 1972 936 γὰρ

332 947 520 1027 ἐφεξῆς
578 957 682 1026 τοῦ.
730 948 893 1024 ῥητοῦ
951 945 1125 1002 οὖκέτι
1159 947 1353 1020 ὅμοίως
1385 945 1678 1019 ἐξομαλίζει
1716 949 1849 1023 ἡμῖν
1877 949 1974 1014 τὴν

332 1038 449 1114 περὶ
489 1045 585 1095 τοῦ
655 1037 858 1115 Πατρὸς
918 1032 1192 1112 ἐξήγησιν,
1249 1034 1377 1092 Οὔτε
1422 1034 1521 1112 γὰρ
1575 1033 1635 1088 ἄν
1694 1034 1817 1115 περί
1875 1040 1974 1102 τῆς

334 1127 520 1184 ἑαυτοῦ
581 1126 830 1203 γλώσσης
887 1125 914 1180 6
950 1123 1128 1200 Πατὴρ
1161 1126 1338 1195 εἶπεν,
1370 1122 1450 1178 ὅτι
1500 1122 1623 1203 (63)
1667 1124 1728 1181 Ἠ
1759 1123 1977 1201 γλῶσσά

336 1237 437 1290 μου
558 1213 797 1289 κάλαμος
871 1213 1228 1291 γραμματέως
1331 1212 1644 1293 όξυγράφου,
1760 1211 1980 1292 ἐὶραῖος

336 1303 517 1361 κάλλει
575 1306 718 1383 παρὰ
817 1304 938 1367 τοὺς
993 1303 1130 1364 υἱοὺς
1200 1309 1308 1358 τῶν
1360 1301 1670 1381 ἀνθρώπων.
1745 1303 1818 1360 Οὔ
1882 1304 1980 1380 γὰρ

2057 582 2305 644 sistente
2337 580 2481 642 dici:
2519 575 3009 656 quod,inquiunt,
3043 575 3202 636 velut
3234 592 3303 635 ex
3334 571 3515 634 corde
3547 580 3605 633 et
3637 590 3709 634 ex

2058 671 2202 752 ipsis
2225 671 2556 732 visceribus
2588 667 2910 748 produxit;
2962 671 3139 744 atque
3190 682 3258 724 ex
3318 662 3473 724 bono
3526 662 3708 724 corde

2058 760 2277 823 bonum
2293 760 2532 821 verbum
2554 754 3100 837 prodiit.Mibivero
3121 752 3393 813 videntur
3415 753 3541 812 haec
3570 752 3698 812 l6!

2056 850 2126 911 ad
2154 849 2463 930 Propheta:
2509 864 2822 929 personam
2854 841 3167 904 referenda
3202 859 3360 902 esse.
3398 839 3543 902 Nam
3578 859 3711 918 quae

2059 942 2212 1000 hanc
2243 940 2530 1018 deinceps
2561 935 2920 997 sententiam
2948 938 3425 1011 sequuntur,non
3452 930 3713 1009 amplius

2059 1047 2224 1109 teque
2247 1029 2477 1108 planam
2505 1025 2785 1087 exhibent
2803 1021 2974 1082 nobis
2989 1021 3061 1080 de
3087 1020 3254 1080 Patre
3281 1019 3709 1109 narrationem.

2059 1108 2262 1194 Neque
2295 1118 2452 1178 enim
2506 1117 2579 1176 de
2614 1134 2718 1175 sua
2778 1112 2966 1191 ipsius
2997 1110 3197 1188 lingua
3229 1112 3401 1169 Pater
3446 1108 3661 1168 dixerit
3694 1129 3707 1168 :

2069 1209 2297 1284 Lingua
2328 1226 2472 1269 mea
2503 1208 2781 1267 cata-mus
2804 1202 3024 1263 scribae
3045 1199 3328 1261 velociter
3371 1199 3710 1261 scribent-is.

2064 1297 2642 1375 Vens.3.8peciosus
2671 1297 2875 1371 forma
2909 1309 3044 1368 prae
3073 1287 3218 1367 ﬁliis
3240 1287 3714 1349 hominumNon

335 1397 392 1449 εκ
421 1394 514 1461 τῆς
543 1379 674 1473 πρὸς
707 1393 826 1457 τοὺς
858 1392 1161 1469 ἀνθρώπους
1211 1379 1532 1470 συγκρίσεως
1575 1392 1673 1459 τὴν
1704 1379 1979 1470 ὑπεροχὴν

2070 1387 2221 1448 enim
2257 1383 2713 1466 pulchritudinis
2743 1379 3140 1462 praestantiam
3165 1397 3231 1438 ex
3257 1379 3518 1438 humana
3539 1394 3713 1439 com-

334 1491 425 1540 τοῦ
453 1481 680 1548 κάλλους
712 1481 857 1561 ἔχει.
908 1485 1002 1539 Καὶ
1031 1481 1234 1560 προϊών
1269 1498 1422 1559 φησι·
1462 1482 1559 1537 Διά
1602 1488 1755 1538 τοῦτο

2070 1483 2369 1558 paratione
2396 1472 2793 1536 mutuatur.Et
2820 1487 3168 1551 progressus
3191 1468 3272 1528 ait
3293 1466 3366 1528 3‘:
3388 1466 3715 1546 Propterea

334 1595 393 1630 σε
449 1575 476 1629 ὁ
549 1574 700 1652 Θεὸς,
762 1575 789 1629 ὁ
861 1572 990 1633 Θεός
1046 1592 1160 1648 σου,
1217 1569 1393 1626 ἔλαιον
1450 1557 1856 1648 ἀγαλλιάσεως-,ν
1910 1571 1981 1628 Οὔ

2070 1569 2258 1627 unxit
2280 1574 2333 1626 te
2363 1567 2540 1640 Deus,
2571 1565 2734 1624 Deus
2761 1569 2918 1634 tuus,
2951 1561 3076 1621 oleo
3098 1558 3351 1620 lwtitioe.
3391 1557 3520 1618 Non
3555 1558 3714 1618 enim

336 1663 437 1739 γάσ
493 1647 952 1742 εἴπεν³”Ἐχρισά
983 1682 1041 1716 σε
1063 1647 1171 1738 ἐγὼ
1200 1661 1228 1716 ὁ
1263 1661 1412 1726 Θεὸς,
1449 1647 1595 1739 ἀλλ’,
1631 1659 1874 1739 ’Ἔχρισέ
1898 1679 1978 1716 σε·

2070 1655 2235 1735 dixit,
2270 1656 2417 1716 Unxi
2455 1663 2510 1714 te
2534 1673 2640 1731 ego
2667 1655 2848 1742 Deus,
2883 1650 3016 1742 sed,
3046 1648 3233 1710 Uri-xit
3257 1657 3308 1707 te
3341 1648 3490 1708 Deus
3519 1670 3533 1719 ;
3567 1647 3715 1709 adeo

337 1753 472 1809 ὥστε
545 1751 605 1808 ἐκ
651 1753 836 1809 τούτου
889 1751 1235 1827 παρίστασθαι
1295 1749 1472 1827 ἕτερον
1518 1738 1659 1806 εἶναι
1691 1738 1752 1805 τίδ
1805 1748 1981 1806 διαλε-

2070 1753 2131 1806 ut
2157 1762 2228 1806 ex
2263 1746 2376 1805 hoc
2401 1749 2630 1803 constet
2652 1741 2826 1801 aliam
2853 1757 2980 1799 esse
3005 1738 3344 1817 loquentem
3371 1755 3712 1816 personam.

337 1842 560 1920 γόμενον
619 1840 925 1918 πρόσωπον.
977 1846 1142 1895 Ποῖον
1199 1841 1288 1894 οὖν
1321 1826 1439 1895 ἐστε
1470 1849 1624 1898 τοῦτο
1654 1837 1690 1906 ἦ
1747 1842 1774 1895 6
1834 1846 1978 1918 Προ-

2070 1835 2212 1907 Quaa
2244 1833 2422 1912 igitur
2445 1833 2570 1893 hazc
2596 1830 2826 1904 est,nisi
2852 1829 3145 1907 Propheta
3168 1826 3716 1920 ipse,qui_afllatum

335 1933 509 2011 φήτης
553 1933 581 1986 6
644 1930 900 2010 χωρήσας
935 1929 1031 1996 τὴν
1053 1935 1144 1986 τοῦ
1173 1928 1320 2006 ἁγίου
1353 1928 1652 2002 Πνεύματος
1703 1930 1778 1993 εἰς
1822 1929 1980 1985 αὐτὸν

2070 1922 2318 2004 Spiritus
2350 1923 2534 1983 sancti
2571 1921 2631 1980 in
2661 1939 2725 1981 se
2757 1920 3039 2011 diffusum
3076 1917 3344 2011 recepit?
3391 1916 3719 2011 Eructavit

335 2019 625 2098 γενομένην
667 2020 932 2096 ενὲργειαν
969 2037 985 2092 ;
1019 2015 1386 2094 Ἐξηρεύξατο,
1449 2020 1629 2097 φησὶν,
1698 2020 1731 2086 ἡ
1792 2015 1978 2096 καρδία

338 2133 438 2185 μου
469 2107 626 2186 λόγον
684 2108 900 2184 ἀγαθόν.
977 2105 1194 2174 Ἐπειδιῖ
1220 2107 1319 2184 γὰρ
1349 2109 1382 2174 ἡ
1433 2109 1596 2185 ἒρυγή
1643 2107 1752 2163 ἐστι
1813 2113 1977 2162 πνεῦ-

339 2221 413 2272 μα
444 2198 657 2274 κρύφιον
687 2197 823 2253 κατά
877 2196 975 2261 τὴν
1032 2196 1175 2266 ζέσιν
1233 2200 1332 2262 τῆς
1389 2201 1589 2274 τροφῆς
1639 2193 1977 2273 ἀποῤῥηγνυ-

336 2287 510 2362 μένων
561 2293 667 2343 τῶν
697 2283 1058 2365 πομφολύγων
1091 2287 1176 2340 ἐπὶ
1205 2286 1264 2339 τὸ
1330 2283 1439 2340 ἂνω
1512 2282 1920 2362 διαπνεόμενον,
1955 2286 1981 2339 6

338 2377 546 2455 τραφεὶς
596 2382 672 2448 τῷ
721 2380 877 2445 ζῶντι
923 2373 1064 2452 ἄρτῳ
1105 2380 1182 2447 τῷ
1226 2373 1287 2429 ἐκ
1315 2375 1408 2429 τοῦ
1437 2374 1652 2451 οὐρανοῦ
1695 2369 1982 2429 καταϐάντι

337 2466 422 2521 καὶ
481 2462 670 2520 διδόντι
723 2465 866 2534 ζωὴν
917 2465 995 2536 τῷ
1045 2463 1255 2542 κόσμῳ,
1291 2464 1378 2519 καὶ
1409 2463 1436 2518 ὁ
1467 2461 1792 2537 ἐμπλησθεὶς
1825 2464 1982 2518 παντὶ

337 2555 532 2632 ῥήματι
584 2551 982 2630 ἐκπορευομένῳ
1025 2551 1109 2608 διὰ
1153 2561 1418 2626 στόματος
1480 2559 1634 2625 Θεοῦ,
1694 2552 1828 2610 κατά
1885 2551 1982 2618 τὴν

336 2645 434 2712 τῆς
503 2647 713 2720 Γραφῆς
781 2644 978 2713 συνήθη
1037 2642 1414 2721 τροπολογίαν,
1469 2644 1504 2710 ἡ
1559 2655 1819 2722 τραφεῖσα
1865 2653 1983 2703 τοῖς

2066 2003 2169 2074 cer
2190 2009 2890 2091 meum,inquit,verbum
2918 2003 3308 2068 bonumCum
3333 2004 3488 2065 enim
3516 2012 3718 2065 ructus

2066 2104 2238 2163 ﬂatus
2264 2103 2335 2162 sit
2376 2101 2665 2175 occultus,
2706 2100 2829 2179 qui,
2857 2096 3036 2158 bullis
3087 2095 3161 2155 ob
3193 2095 3414 2175 sumpti
3447 2093 3719 2154 alimenti

2067 2191 2360 2252 fervorem
2406 2189 2882 2269 erumpentibus,
2919 2205 3154 2247 sursum
3181 2203 3385 2245 versus
3407 2183 3666 2244 dil‘tlatur
3699 2205 3715 2255 ;

2067 2280 2169 2357 qui
2230 2280 2482 2340 nutritus
2535 2287 2623 2338 est
2656 2297 2807 2357 pane
2869 2276 2971 2335 illo
3029 2274 3281 2347 vivente,
3325 2272 3424 2353 qui
3458 2273 3531 2334 de
3564 2272 3717 2334 coelo

2066 2368 2628 2446 descendit,datque
2648 2370 2816 2426 vitam
2845 2366 3063 2425 mundo
3085 2361 3224 2432 39,et
3254 2364 3414 2423 omni
3437 2360 3616 2422 verbo
3649 2380 3722 2423 ex

2067 2476 2170 2519 ore
2195 2458 2296 2519 Dei
2328 2457 2657 2536 prodeunte
2681 2455 2733 2496 33
2757 2463 3050 2515 saturatus
3071 2454 3348 2529 est,juxta
3371 2459 3718 2511 consuetam

2069 2546 2387 2626 Scripturie
2411 2541 3327 2623 tropologiam,anima,inquam,
3361 2540 3546 2601 sacris
3565 2558 3720 2600 enu-

2067 2637 2200 2698 trita
2223 2633 3044 2714 disciplinis,convenientem
3071 2629 3283 2690 eduliis
3296 2636 3531 2690 ructum
3554 2629 3720 2690 emit-

338 2729 502 2813 ίεροϊς
545 2719 832 2807 μαθήμασι
936 2719 1115 2810 ψυχῆ,
1194 2731 1493 2811 πρόσφορον
1550 2719 1681 2796 τοῖς*
1737 2731 1981 2809 βρώμασι

2070 2726 2157 2786 tit.
2189 2727 2567 2803 Quapropter
2613 2741 2748 2813 cum
2783 2720 3066 2813 spiritalis
3113 2727 3289 2792 esset,
3341 2719 3720 2813 optimusque

338 2826 586 2900 προὶεται
631 2819 731 2888 τὴν
792 2819 1007 2898 ἐρυγήν,
1067 2820 1162 2876 Διά
1215 2807 1414 2900 τοῦτο,⁷
1446 2818 1631 2887 ἐπειδὴ
1676 2807 1869 2896 λογικὴ
1921 2817 1981 2884 ἧν

2070 2813 2561 2892 cibusPropheta
2580 2811 2822 2872 verbum
2845 2810 3064 2870 bonum
3086 2807 3538 2870 eructat.Bouis
3560 2807 3720 2869 enim

339 2896 425 2966 καὶ
463 2910 633 2988 ἀγαθῆ
660 2911 692 2977 ἧ
723 2896 914 2989 τροφὴ,
950 2907 1111 2986 λόγον
1140 2909 1335 2987 ἀγαθὸν
1377 2896 1701 2988 ἐξερεύγεται
1762 2911 1788 2964 6
1854 2914 1981 2986 Προ-

2070 2905 2242 2966 homo
2256 2923 2328 2965 ex
2345 2903 2496 2964 bono
2516 2902 2717 2963 cordis
2735 2902 2825 2962 sui
2850 2902 3136 2962 thesauro
3153 2898 3372 2960 bonum
3391 2896 3716 2977 profert“.

339 2986 539 3078 φήτηςξ
590 2999 650 3057 Ὀ
736 2986 841 3077 γὰρ*
899 2986 1120 3076 ἀγαθὸς
1180 2986 1473 3078 ἅνθρωπος.
1528 2997 1588 3054 ἐκ
1645 3007 1738 3056 τοῦ
1783 2997 1981 3074 ἀγαθοῦ

2073 2993 2418 3067 Qumramus
2446 2992 2646 3069 itaque
2671 3000 2729 3051 et
2759 3009 2866 3050 nos
2891 3009 2923 3050 a
2943 2990 3121 3052 verbo
3145 2987 3368 3068 cibum,
3402 2986 3474 3048 ad
3499 2987 3722 3050 anima-

337 3077 598 3162 θησαυροῦ
658 3088 751 3156 τῆς
829 3086 1041 3164 καρδίας
1101 3077 1282 3147 αὐτοῦ
1327 3088 1573 3168 προφέρει
1644 3089 1704 3143 τὸ
1761 3086 1980 3164 ἀγαθόν.

2071 3103 2199 3145 rum
2229 3091 2560 3142 nostrarum
2606 3082 2973 3141 saturitatem
3017 3078 3266 3154 (Justus
3289 3079 3474 3152 enim,
3505 3077 3717 3157 inquit,

340 3181 665 3252 Ζητήσωμεν
714 3177 804 3233 οὖν
865 3147 949 3232 καὶ
1004 3179 1165 3250 ἡμεῖς
1197 3179 1296 3244 τὴν
1339 3147 1563 3233 ἀιπίτιοῦ
1593 3174 1755 3254 λόγου
1787 3147 1981 3254 τροφὴν

2071 3173 2380 3235 comedens
2404 3170 2612 3250 implet
2638 3176 2904 3230 animam
2928 3187 3102 3230 suam
3124 3169 3225 3247 3⁵),
3265 3173 3328 3227 ut
3357 3185 3461 3246 pro
3491 3147 3723 3229 ratione

341 3270 413 3330 εἷς
455 3266 729 3346 πλήρωσιν
785 3269 891 3323 τῶν
932 3270 1125 3345 ψυχῶν
1200 3265 1981 3345 fuit}:(Aix1t0;;7&p,'cpnciv,

2072 3282 2276 3326 eorum
2310 3260 2530 3340 quibus
2569 3259 2810 3330 alimur,
2855 3278 2972 3318 non
3030 3257 3290 3336 vulgare,
3344 3256 3448 3317 sed
3499 3255 3722 3316 bonum

341 3357 547 3424 ἐσθίων,
611 3354 909 3430 ἐμπίπλησι
994 3357 1091 3422 τὴν
1162 3356 1348 3435 ψυχὴν
1397 3344 1634 3434 αὐτοῦ),
1705 3353 1794 3409 ἵνα
1853 3354 1981 3409 κατὰ

2073 3351 2318 3412 verbum
2355 3350 2714 3410 emittamus.
2767 3345 2911 3408 Nam
2948 3347 3139 3408 malus
3173 3347 3373 3417 homo,
3430 3344 3720 3424 dogmatis

343 3447 440 3512 την
494 3445 779 3522 ἀναλογίαν
835 3445 910 3501 ὧν
965 3444 1287 3524 τρεφόμεθα,
1335 3447 1394 3502 οὒ
1425 3446 1515 3500 τὸν
1539 3444 1774 3522 τυχόντα
1801 3442 1981 3520 λόγον,

2077 3443 2269 3522 pravis
2296 3438 2611 3514 enutritus,
2641 3456 2707 3496 ex
2731 3437 2910 3498 corde
2937 3454 3176 3514 pravum
3203 3435 3447 3496 verbum
3466 3441 3718 3495 eructat.

339 3534 475 3590 ἀλλά
524 3537 718 3612 ἀγαθὸν
775 3533 1200 3608 ἀναπέμπωμεν,
1232 3533 1292 3592 Ὀ
1349 3535 1447 3612 γὰρ
1493 3533 1718 3611 πονηρός
1781 3530 1986 3610 ἅνθρω-

342 3647 466 3697 πος,
524 3625 625 3680 ὑπὸ
702 3627 995 3703 μοχθηρῶν
1045 3622 1322 3700 δογμάτων
1381 3623 1719 3701 ἀνατραφεὶς,
1783 3619 1984 3695 ἐξερεύ-

343 3737 491 3793 γεται
544 3722 613 3792 τῇ
637 3713 816 3792 καρδίᾳ
876 3713 1034 3792 λόγον
1087 3717 1342 3793 πονηρὸν.
1420 3715 1534 3793 Οὐχ
1577 3717 1699 3790 ὁρᾷς
1731 3715 1895 3769 ὁποῖα
1923 3712 1989 3768 τὰ

345 3807 583 3881 στόματα
640 3811 746 3861 τῶν
805 3808 1080 3884 αἱρετικῶν
1109 3804 1449 3883 ἄπερεύγεται
1484 3824 1500 3884 ;
1535 3808 1608 3868 ὡς
1641 3803 1857 3882 χαλεπά
1900 3801 1987 3858 καὶ

343 3892 571 3967 δυσώδη,
647 3893 851 3961 πολλὴν
920 3917 1038 3950 τινα
1066 3895 1160 3962 τὴν
1215 3894 1268 3948 ἐν
1326 3895 1402 3968 τῷ
1454 3894 1597 3970 βάθει
1671 3891 1823 3948 νόσον
1881 3895 1986 3946 τῶν

342 3983 534 4040 ἀθλίων
618 3990 1068 4062 κατηγοροῦντας
1154 3983 1212 4041 Ὀ
1273 3984 1372 4062 γὰρ
1433 3984 1660 4061 πονηρὸς
1719 3979 1988 4059 ἅνθρωπος

341 4075 403 4129 εκ
458 4080 550 4129 τοῦ
609 4079 844 4151 πονηροῦ
910 4077 1173 4150 θησαυροῦ
1205 4079 1302 4139 τῆς
1362 4069 1573 4150 καρδίας
1632 4073 1789 4128 αὐτοῦ
1849 4091 1985 4146 προ-

341 4163 482 4242 φέρει
512 4184 573 4218 το
603 4163 858 4228 πονηρόν.
909 4163 995 4229 Μὴ
1030 4161 1094 4229 δὴ
1141 4165 1252 4234 οὖν,
1287 4163 1614 4236 κνηθόμενος
1658 4162 1756 4228 τὴν
1789 4159 1987 4236 ἀκοὴν,

2073 3533 2201 3594 Νοιι
2231 3530 2393 3590 vides
2419 3527 2620 3604 qualia
2647 3535 2918 3587 eructent
2948 3545 3052 3586 ora
3072 3525 3522 3587 haereticorum?
3546 3541 3724 3604 quam

2072 3619 2291 3700 gravia,
2328 3637 2502 3697 quam
2537 3616 2737 3688 fetida,
2776 3635 3053 3694 magnum
3086 3614 3402 3695 quemdam
3447 3612 3722 3673 morbum

2072 3710 2127 3769 in
2154 3709 2360 3768 intimo
2409 3706 2764 3765 miserorum
2802 3705 3040 3766 illorum
3073 3713 3313 3784 pectore
3344 3701 3664 3763 indicantia
3701 3700 3728 3762 ἲ

2072 3797 2224 3859 Nam
2254 3795 2459 3855 malus
2481 3794 2654 3856 homo
2677 3813 2756 3855 ea:
2780 3794 2934 3854 malo
2957 3793 3154 3852 cordis
3170 3793 3257 3852 sui
3275 3793 3558 3854 thesauro
3578 3809 3723 3871 pro-

2068 3886 2190 3964 fert
2206 3882 2605 3945 malum33.Ne
2627 3883 2807 3960 igitur
2827 3882 3100 3961 pruriens
3123 3881 3390 3953 auribus,
3414 3895 3726 3940 coacerves

2073 3975 2176 4035 tibi
2208 3975 2517 4051 magistros
2539 3972 2614 4043 37,
2647 3971 2747 4051 qui
2782 3971 3111 4031 visceribus
3139 3970 3253 4030 tuis
3309 3967 3580 4029 morbum
3625 3968 3723 4026 in-

2073 4065 2227 4125 ferre
2252 4063 2506 4135 valeant,
2539 4061 2766 4141 tibique
2801 4079 3112 4141 pravorum
3132 4058 3454 4120 verborum
3489 4064 3724 4117 ructum

2075 4171 2302 4225 creare,
2320 4152 2392 4211 ob
2407 4171 2539 4232 quae
2568 4151 2626 4211 in
2653 4150 2976 4228 diejudicii
3002 4148 3562 4210 condemnationem
3591 4147 3728 4206 sub-

341 4251 705 4329 ἒπισωρεύσῃς
750 4253 956 4326 σεαυτῷ
986 4248 1352 4324 διδασκάλους,
1415 4250 1569 4308 νόσον
1607 4250 1981 4329 ἐνεργάσασθαι

2078 4244 2265 4303 iturus
2286 4241 2492 4302 sis/ia:
2525 4241 2724 4302 verbis
2748 4241 2905 4300 enim
2934 4244 3077 4310 tuis,
3106 4237 3318 4317 inquit,
3338 4234 3725 4316 justi/icabe-

341 4353 460 4402 τοῖς
517 4339 852 4421 σπλάγχνοις
903 4363 997 4397 σου
1064 4339 1404 4414 δυναμένους,
1464 4342 1552 4396 καὶ
1602 4341 1852 4416 πονηρῶν
1908 4352 1981 4392 σοι

2075 4334 2230 4401 ris,et
2249 4348 2309 4384 ex
2327 4330 2498 4386 verbis
2522 4329 2629 4384 tuis
2647 4325 3291 4383 condemnaberis.380ico
3311 4343 3400 4396 ego
3425 4339 3582 4396 opera
3607 4339 3722 4380 mea

341 4431 596 4507 ῥηματων
876 4411 1200 4510 προξενῆσαι
1222 4411 1474 4510 (64),νδι’
1532 4429 1604 4485 ὧν
1667 4411 1886 4504 μέλλεις
1926 4427 1979 4482 ὲν

2070 4419 2216 4495 regi.
2243 4415 2491 4476 Maxime
2516 4413 2758 4510 adducit
2793 4432 2920 4510 nos,
2958 4422 3018 4472 ut
3047 4411 3360 4489 Propheta)
3409 4425 3727 4490 personam

341 4522 410 4595 τῇ
439 4518 612 4597 ἡμέρᾳ
665 4525 765 4587 τῆς
811 4521 1030 4598 κρίσεως
1097 4517 1558 4590 καταδικάζεσθαι.
1608 4519 1708 4576 Ἐκ
1736 4519 1835 4596 γὰρ
1877 4517 1981 4572 τῶν

2070 4506 2558 4580 intelligamus,et
2585 4503 2696 4563 hoc
2721 4502 2990 4563 verbum:
3047 4503 3192 4562 Dico
3216 4518 3323 4580 ego
3355 4515 3544 4578 opera
3594 4515 3729 4559 mea

345 4590 688 4687 λόγωνοου,
753 4590 904 4690 φησὶ,
967 4607 1317 4686 δικαιωθήσῃ,
1379 4611 1466 4666 καὶ
1523 4609 1584 4664 ἐκ
1652 4590 1760 4665 τῶν
1809 4590 1981 4684 λόγων

2070 4598 2199 4673 regi
2232 4615 2244 4656 :
2287 4595 2396 4655 hoc
2435 4601 2546 4671 est,
2600 4591 2947 4654 Conﬁtebor
2969 4590 3184 4670 judici,
3224 4598 3281 4650 et
3325 4595 3727 4650 accusatorem

345 4719 438 4754 σω
507 4696 962 4776 καταδικασθήσῃ.
1055 4697 1209 4778 Λέγω
1266 4699 1373 4777 ἐγὼ
1429 4700 1493 4754 τὰ
1551 4698 1676 4778 ἔργα
1757 4719 1859 4773 μου
1913 4701 1981 4768 τῷ

2070 4693 2457 4756 antevertam,
2490 4701 2596 4762 per
2628 4699 2878 4761 operum
2907 4680 3284 4759 propriorum
3340 4678 3730 4738 delationem.

344 4785 580 4862 βασιλεῖ.
617 4789 757 4844 Πάνυ
813 4790 1070 4867 προσάγει
1142 4791 1284 4863 ἡμᾶς
1343 4794 1410 4865 τῇ
1459 4788 1660 4861 διανοίᾳ
1701 4794 1794 4844 τοὺ
1853 4807 1986 4863 προ-

348 4884 574 4955 φητικοῦ
631 4879 916 4956 προσώπου
951 4879 1038 4936 καὶ
1097 4887 1250 4936 τοῦτο
1277 4880 1337 4934 τὸ
1393 4879 1563 4957 ῥῆμα·
1600 4878 1756 4956 Λέγω
1784 4875 1893 4955 ’ἐγὼ
1922 4873 1986 4929 τὰ

349 4964 476 5042 ἔργα
525 4988 625 5040 μου
684 4973 762 5040 τῷ
836 4966 1073 5044 βασιλεῖ·
1134 4967 1248 5023 ἀντὶ
1309 4975 1420 5043 τοῦ,
1482 4966 1986 5044 Ἐξομολογήσομαι

347 5062 427 5128 τῷ
471 5062 654 5133 κριτῇ,
684 5060 773 5114 καὶ
836 5055 1190 5136 προλαμϐάνω
1219 5059 1311 5113 τὸν
1363 5059 1684 5136 κατήγορον,
1749 5055 1834 5110 διὰ
1891 5053 1986 5120 τῆς

349 5146 466 5223 περὶ
523 5150 629 5201 τῶν
675 5144 811 5204 ἰδίων
843 5147 1009 5226 ἔργων
1057 5145 1407 5226 ἀπαγγελίας.
1458 5146 1714 5214 Ἐντολὴν
1745 5146 1844 5224 γὰρ
1906 5145 1986 5199 εἱ-

2073 4773 2190 4855 lpsi
2218 4773 2374 4834 enim
2413 4771 2757 4831 mandatum
2785 4770 3149 4848 accepimus,
3186 4767 3342 4846 quod
3376 4767 3461 4827 sic
3494 4763 3721 4855 habet}

2077 4851 2186 4927 Dic
2210 4872 2269 4924 tu
2304 4863 2541 4940 primus
2576 4862 2932 4938 iniquitates
2984 4866 3144 4934 tuas,
3180 4865 3247 4918 ut
3270 4856 3625 4936 justiﬁceris
3648 4851 3724 4917 39.

2072 4958 2311 5031 Lingua
2333 4967 2467 5011 mea
2498 4948 2769 5010 calamus
2825 4947 3035 5008 scribta
3065 4945 3351 5008 velociter
3392 4944 3726 5007 scribentis.

2072 5039 2585 5118 Quemadmodum
2605 5038 2867 5099 calamus
2880 5037 3070 5097 instru
3085 5046 3285 5100 mentu
3299 5055 3355 5097 m
3372 5043 3462 5098 est
3479 5033 3732 5111 scripto-

2071 5136 2455 5211 rium,‘quem
2488 5127 2665 5209 periti
2696 5126 3009 5208 cujusdam
3046 5143 3260 5188 manus
3293 5131 3494 5189 movet
3519 5123 3589 5185 ad
3609 5122 3734 5186 for-

428 5377 484 5428 51
515 5375 683 5439 Joan.
719 5395 811 5450 xv,
849 5379 907 5440 8.
993 5379 1052 5428 39
1071 5378 1246 5441 Joan.
1283 5397 1366 5448 v1,
1398 5378 1498 5440 33.
1586 5377 1640 5421 33
1673 5377 1844 5439 Deut.
1878 5393 2002 5449 VIII,
2033 5365 2578 5450 3',Mattti:1v,:i_._
2618 5365 2683 5413 54
2713 5362 3051 5450 Μεῑιὴηξιι,
3092 5363 3189 5428 35.
3275 5362 3339 5413 55
3374 5362 3544 5423 Prov.
3590 5375 3722 5437 xm,

351 5459 454 5520 25.
538 5457 603 5508 ³6
627 5443 834 5520 Mattli.
868 5475 975 5532 χιι,
1009 5459 1107 5524 35.
1190 5459 1252 5510 37
1287 5443 1528 5523 Il'Tim.
1560 5475 1638 5530 ιν,
1674 5457 1730 5522 3.
1815 5457 1881 5508 58
1909 5456 1981 5519 Με

2070 5443 2110 5513 ιζ
2152 5466 2256 5527 x11,
2287 5446 2386 5510 37.
2471 5445 2678 5506 3915a.
2716 5443 2999 5519 xuuﬁlﬁ.

438 5670 556 5754 (62)
595 5673 741 5754 Reg.
769 5677 1068 5754 secundus
1089 5677 1438 5754 σπλάγχνων,
1467 5677 1990 5754 φησὶρροσήγλγεν,

444 5752 566 5832 (63)
601 5752 699 5817 Sic
725 5752 989 5836 quinque
1017 5775 1158 5819 mss.
1196 5752 1372 5819 Deest
1391 5752 1561 5816 'o'ri'in
1592 5752 1791 5817 editis.

2156 5666 2285 5744 (Μ)
2337 5661 2432 5744 Sic
2459 5661 2632 5744 Regii
2666 5660 2962 5744 secundus
3014 5671 3072 5721 et
3105 5658 3322 5722 tertius
3376 5673 3507 5717 cum
3556 5652 3728 5715 Colb.

2083 5740 2293 5830 primo.
2326 5740 2515 5804 Editio
2552 5741 2739 5805 Paris.
2767 5742 3126 5820 προξενοῦσαι,
