  <div class='ocr_page' id='page_1' title='image "/cluster/home/n/w/nwhite01/storage/ocr_20150623/29/hvd.32044054128665/624.png"; bbox 0 0 4108 6220; ppageno 0'>
   <div class='ocr_carea' id='block_1_1' title="bbox 263 377 3648 459">
    <p class='ocr_par' dir='ltr' id='par_1_1' title="bbox 263 377 3648 459">
     <span class='ocr_line' id='line_1_1' title="bbox 263 377 3648 459; baseline -0.003 0"><span class='ocrx_word' id='word_1_1' title='bbox 263 391 390 459; x_wconf 87' lang='lat'><strong>397</strong></span> <span class='ocrx_word' id='word_1_2' title='bbox 1428 385 1753 451; x_wconf 79' lang='lat' dir='ltr'><strong>HOMILIA</strong></span> <span class='ocrx_word' id='word_1_3' title='bbox 1797 384 1880 447; x_wconf 91' lang='lat' dir='ltr'><strong>IN</strong></span> <span class='ocrx_word' id='word_1_4' title='bbox 1925 382 2287 446; x_wconf 79' lang='lat' dir='ltr'><strong>PSALMUM</strong></span> <span class='ocrx_word' id='word_1_5' title='bbox 2333 383 2546 447; x_wconf 85' lang='lat' dir='ltr'><strong>XLIV.</strong></span> <span class='ocrx_word' id='word_1_6' title='bbox 3532 377 3648 448; x_wconf 83' lang='lat'><strong>398</strong></span> 
     </span>
    </p>
   </div>
   <div class='ocr_carea' id='block_1_2' title="bbox 263 515 1891 602">
    <p class='ocr_par' dir='ltr' id='par_1_2' title="bbox 263 516 1891 602">
     <span class='ocr_line' id='line_1_2' title="bbox 263 516 1891 602; baseline -0.006 -19"><span class='ocrx_word' id='word_1_7' title='bbox 263 533 352 601; x_wconf 79' lang='grc' dir='ltr'>τῷ</span> <span class='ocrx_word' id='word_1_8' title='bbox 406 526 614 600; x_wconf 86' lang='grc' dir='ltr'>σταυρῷ</span> <span class='ocrx_word' id='word_1_9' title='bbox 690 527 783 581; x_wconf 83' lang='grc' dir='ltr'><strong>τοῦ</strong></span> <span class='ocrx_word' id='word_1_10' title='bbox 865 521 1112 602; x_wconf 77' lang='grc' dir='ltr'>Χριστοῦ,</span> <span class='ocrx_word' id='word_1_11' title='bbox 1183 521 1272 582; x_wconf 77' lang='grc' dir='ltr'><strong>οῖς</strong></span> <span class='ocrx_word' id='word_1_12' title='bbox 1330 518 1632 598; x_wconf 75' lang='grc' dir='ltr'><strong>ἐφανερώθη</strong></span> <span class='ocrx_word' id='word_1_13' title='bbox 1691 516 1776 575; x_wconf 77' lang='grc' dir='ltr'><strong>διὰ</strong></span> <span class='ocrx_word' id='word_1_14' title='bbox 1825 519 1891 575; x_wconf 56' lang='lat' dir='ltr'><strong>to?</strong></span> 
     </span>
    </p>
   </div>
   <div class='ocr_carea' id='block_1_3' title="bbox 1981 515 3630 602">
    <p class='ocr_par' dir='ltr' id='par_1_3' title="bbox 1999 515 3630 595">
     <span class='ocr_line' id='line_1_3' title="bbox 1999 515 3630 595; baseline 0.002 -18"><span class='ocrx_word' id='word_1_15' title='bbox 1999 515 2294 578; x_wconf 87' lang='lat' dir='ltr'><strong>cationem</strong></span> <span class='ocrx_word' id='word_1_16' title='bbox 2313 517 2620 579; x_wconf 76' lang='lat' dir='ltr'><strong>stultitiam</strong></span> <span class='ocrx_word' id='word_1_17' title='bbox 2653 516 2962 579; x_wconf 87' lang='lat' dir='ltr'><strong>nominant</strong></span> <span class='ocrx_word' id='word_1_18' title='bbox 2989 517 3090 580; x_wconf 64' lang='lat'><strong>4‘:</strong></span> <span class='ocrx_word' id='word_1_19' title='bbox 3127 535 3235 578; x_wconf 87' lang='lat' dir='ltr'><strong>nos</strong></span> <span class='ocrx_word' id='word_1_20' title='bbox 3269 535 3406 580; x_wconf 85' lang='lat' dir='ltr'><strong>vero</strong></span> <span class='ocrx_word' id='word_1_21' title='bbox 3439 519 3540 595; x_wconf 87' lang='lat' dir='ltr'><strong>qui</strong></span> <span class='ocrx_word' id='word_1_22' title='bbox 3567 520 3630 581; x_wconf 88' lang='lat' dir='ltr'><strong>in</strong></span> 
     </span>
    </p>
   </div>
   <div class='ocr_carea' id='block_1_4' title="bbox 266 605 1891 694">
    <p class='ocr_par' dir='ltr' id='par_1_4' title="bbox 266 609 1891 694">
     <span class='ocr_line' id='line_1_4' title="bbox 266 609 1891 694; baseline -0.004 -20"><span class='ocrx_word' id='word_1_23' title='bbox 266 620 581 694; x_wconf 83' lang='grc' dir='ltr'>Πνεύματος</span> <span class='ocrx_word' id='word_1_24' title='bbox 643 619 708 675; x_wconf 73' lang='grc' dir='ltr'>τὰ</span> <span class='ocrx_word' id='word_1_25' title='bbox 753 619 854 674; x_wconf 79' lang='grc' dir='ltr'>ὑπὸ</span> <span class='ocrx_word' id='word_1_26' title='bbox 909 625 1003 674; x_wconf 88' lang='grc' dir='ltr'><strong>τοῦ</strong></span> <span class='ocrx_word' id='word_1_27' title='bbox 1033 613 1163 671; x_wconf 83' lang='grc' dir='ltr'>Θεοῦ</span> <span class='ocrx_word' id='word_1_28' title='bbox 1197 609 1510 693; x_wconf 68' lang='grc' dir='ltr'><strong>χαρισθέντα</strong></span> <span class='ocrx_word' id='word_1_29' title='bbox 1540 613 1699 685; x_wconf 78' lang='grc' dir='ltr'>ἡμῖν,</span> <span class='ocrx_word' id='word_1_30' title='bbox 1733 612 1828 668; x_wconf 76' lang='grc' dir='ltr'><strong>οῦκ</strong></span> <span class='ocrx_word' id='word_1_31' title='bbox 1858 611 1891 667; x_wconf 58' lang='grc' dir='ltr'>ἐι</span> 
     </span>
    </p>
   </div>
   <div class='ocr_carea' id='block_1_5' title="bbox 1981 605 3636 694">
    <p class='ocr_par' dir='ltr' id='par_1_5' title="bbox 1996 605 3636 687">
     <span class='ocr_line' id='line_1_5' title="bbox 1996 605 3636 687; baseline 0.002 -21"><span class='ocrx_word' id='word_1_32' title='bbox 1996 624 2172 670; x_wconf 82' lang='lat' dir='ltr'><strong>cruce</strong></span> <span class='ocrx_word' id='word_1_33' title='bbox 2193 606 2410 670; x_wconf 75' lang='lat' dir='ltr'><strong>Christi</strong></span> <span class='ocrx_word' id='word_1_34' title='bbox 2431 607 2754 686; x_wconf 81' lang='lat' dir='ltr'><strong>gloriamur</strong></span> <span class='ocrx_word' id='word_1_35' title='bbox 2777 607 3080 687; x_wconf 66' lang='lat' dir='ltr'><strong>45,quibus</strong></span> <span class='ocrx_word' id='word_1_36' title='bbox 3096 605 3469 668; x_wconf 80' lang='lat' dir='ltr'><strong>manifestata</strong></span> <span class='ocrx_word' id='word_1_37' title='bbox 3496 616 3636 670; x_wconf 91' lang='lat' dir='ltr'><strong>sunt</strong></span> 
     </span>
    </p>
   </div>
   <div class='ocr_carea' id='block_1_6' title="bbox 262 695 1891 784">
    <p class='ocr_par' dir='ltr' id='par_1_6' title="bbox 262 699 1890 784">
     <span class='ocr_line' id='line_1_6' title="bbox 262 699 1890 784; baseline -0.005 -21"><span class='ocrx_word' id='word_1_38' title='bbox 262 707 542 772; x_wconf 74' lang='grc' dir='ltr'>διδακτοῖς</span> <span class='ocrx_word' id='word_1_39' title='bbox 597 707 928 780; x_wconf 78' lang='grc' dir='ltr'><strong>ἀνθρωπίνης</strong></span> <span class='ocrx_word' id='word_1_40' title='bbox 1001 704 1184 784; x_wconf 88' lang='grc' dir='ltr'>σοφίας</span> <span class='ocrx_word' id='word_1_41' title='bbox 1245 702 1448 780; x_wconf 82' lang='grc' dir='ltr'>λόγοις,</span> <span class='ocrx_word' id='word_1_42' title='bbox 1506 699 1756 774; x_wconf 82' lang='grc' dir='ltr'>οἴδαμεν,</span> <span class='ocrx_word' id='word_1_43' title='bbox 1829 702 1890 756; x_wconf 83' lang='grc' dir='ltr'><strong>ὅτ</strong></span> 
     </span>
    </p>
   </div>
   <div class='ocr_carea' id='block_1_7' title="bbox 1981 695 3633 784">
    <p class='ocr_par' dir='ltr' id='par_1_7' title="bbox 1996 695 3633 776">
     <span class='ocr_line' id='line_1_7' title="bbox 1996 695 3633 776; baseline 0.001 -20"><span class='ocrx_word' id='word_1_44' title='bbox 1996 715 2100 775; x_wconf 90' lang='lat' dir='ltr'><strong>per</strong></span> <span class='ocrx_word' id='word_1_45' title='bbox 2129 696 2413 776; x_wconf 83' lang='lat' dir='ltr'><strong>Spiritum</strong></span> <span class='ocrx_word' id='word_1_46' title='bbox 2438 715 2668 776; x_wconf 51' lang='lat' dir='ltr'><strong>eaquae</strong></span> <span class='ocrx_word' id='word_1_47' title='bbox 2688 696 2904 757; x_wconf 88' lang='lat' dir='ltr'><strong>donata</strong></span> <span class='ocrx_word' id='word_1_48' title='bbox 2925 705 3063 757; x_wconf 89' lang='lat' dir='ltr'><strong>sunt</strong></span> <span class='ocrx_word' id='word_1_49' title='bbox 3083 695 3257 757; x_wconf 89' lang='lat' dir='ltr'><strong>nobis</strong></span> <span class='ocrx_word' id='word_1_50' title='bbox 3287 714 3320 756; x_wconf 90' lang='lat' dir='ltr'><strong>a</strong></span> <span class='ocrx_word' id='word_1_51' title='bbox 3352 698 3633 770; x_wconf 90' lang='lat' dir='ltr'><strong>Deo,non</strong></span> 
     </span>
    </p>
   </div>
   <div class='ocr_carea' id='block_1_8' title="bbox 263 791 1910 878">
    <p class='ocr_par' dir='ltr' id='par_1_8' title="bbox 263 791 1910 878">
     <span class='ocr_line' id='line_1_8' title="bbox 263 791 1910 878; baseline -0.004 -25"><span class='ocrx_word' id='word_1_52' title='bbox 263 796 498 856; x_wconf 81' lang='grc' dir='ltr'>πλουσία</span> <span class='ocrx_word' id='word_1_53' title='bbox 549 803 705 878; x_wconf 70' lang='grc' dir='ltr'>χάρις</span> <span class='ocrx_word' id='word_1_54' title='bbox 745 795 886 852; x_wconf 81' lang='grc' dir='ltr'>ἐστὶν</span> <span class='ocrx_word' id='word_1_55' title='bbox 915 792 1241 868; x_wconf 75' lang='grc' dir='ltr'>ἑκκεκυμένη</span> <span class='ocrx_word' id='word_1_56' title='bbox 1293 791 1433 868; x_wconf 79' lang='grc' dir='ltr'>παρὰ</span> <span class='ocrx_word' id='word_1_57' title='bbox 1479 797 1609 847; x_wconf 88' lang='grc' dir='ltr'>Θεοῦ</span> <span class='ocrx_word' id='word_1_58' title='bbox 1651 793 1737 847; x_wconf 76' lang='grc' dir='ltr'><strong>ἱεπὶ</strong></span> <span class='ocrx_word' id='word_1_59' title='bbox 1793 803 1910 853; x_wconf 79' lang='grc' dir='ltr'>τοῖς</span> 
     </span>
    </p>
   </div>
   <div class='ocr_carea' id='block_1_9' title="bbox 261 879 1912 964">
    <p class='ocr_par' dir='ltr' id='par_1_9' title="bbox 261 879 1912 964">
     <span class='ocr_line' id='line_1_9' title="bbox 261 879 1912 964; baseline -0.005 -22"><span class='ocrx_word' id='word_1_60' title='bbox 261 889 388 964; x_wconf 86' lang='grc' dir='ltr'>περὶ</span> <span class='ocrx_word' id='word_1_61' title='bbox 439 893 661 963; x_wconf 76' lang='grc' dir='ltr'><strong>Χριστοῦ</strong></span> <span class='ocrx_word' id='word_1_62' title='bbox 716 884 918 962; x_wconf 87' lang='grc' dir='ltr'>λόγοις,</span> <span class='ocrx_word' id='word_1_63' title='bbox 962 884 1056 938; x_wconf 78' lang='grc' dir='ltr'>Διά</span> <span class='ocrx_word' id='word_1_64' title='bbox 1099 889 1252 938; x_wconf 86' lang='grc' dir='ltr'>τοῦτο</span> <span class='ocrx_word' id='word_1_65' title='bbox 1295 883 1349 936; x_wconf 72' lang='grc' dir='ltr'>ὲν</span> <span class='ocrx_word' id='word_1_66' title='bbox 1408 879 1572 956; x_wconf 85' lang='grc' dir='ltr'>ὀλίγῳ</span> <span class='ocrx_word' id='word_1_67' title='bbox 1623 886 1697 953; x_wconf 80' lang='grc' dir='ltr'>τῷ</span> <span class='ocrx_word' id='word_1_68' title='bbox 1729 881 1912 958; x_wconf 81' lang='grc' dir='ltr'>χρόνῳ</span> 
     </span>
    </p>
   </div>
   <div class='ocr_carea' id='block_1_10' title="bbox 259 967 1908 1054">
    <p class='ocr_par' dir='ltr' id='par_1_10' title="bbox 259 967 1908 1054">
     <span class='ocr_line' id='line_1_10' title="bbox 259 967 1908 1054; baseline -0.004 -24"><span class='ocrx_word' id='word_1_69' title='bbox 259 981 444 1030; x_wconf 80' lang='grc' dir='ltr'>πᾶσαν</span> <span class='ocrx_word' id='word_1_70' title='bbox 488 973 682 1054; x_wconf 81' lang='grc' dir='ltr'>σχεδὸν</span> <span class='ocrx_word' id='word_1_71' title='bbox 744 975 840 1042; x_wconf 67' lang='grc' dir='ltr'><strong>τήθ</strong></span> <span class='ocrx_word' id='word_1_72' title='bbox 897 971 1210 1046; x_wconf 72' lang='grc' dir='ltr'>οἰκουμένην</span> <span class='ocrx_word' id='word_1_73' title='bbox 1279 967 1458 1036; x_wconf 78' lang='grc' dir='ltr'>διῆλθε</span> <span class='ocrx_word' id='word_1_74' title='bbox 1519 970 1578 1026; x_wconf 86' lang='grc' dir='ltr'><strong>τὸ</strong></span> <span class='ocrx_word' id='word_1_75' title='bbox 1635 969 1908 1046; x_wconf 74' lang='grc' dir='ltr'>κήρυγμα,</span> 
     </span>
    </p>
   </div>
   <div class='ocr_carea' id='block_1_11' title="bbox 257 1058 1908 1141">
    <p class='ocr_par' dir='ltr' id='par_1_11' title="bbox 257 1058 1908 1141">
     <span class='ocr_line' id='line_1_11' title="bbox 257 1058 1908 1141; baseline -0.004 -22"><span class='ocrx_word' id='word_1_76' title='bbox 257 1063 453 1131; x_wconf 66' lang='grc' dir='ltr'>ἐπειδὴ</span> <span class='ocrx_word' id='word_1_77' title='bbox 502 1064 726 1120; x_wconf 80' lang='grc' dir='ltr'>πλουσία</span> <span class='ocrx_word' id='word_1_78' title='bbox 787 1065 871 1119; x_wconf 82' lang='grc' dir='ltr'><strong>καὶ</strong></span> <span class='ocrx_word' id='word_1_79' title='bbox 926 1061 1149 1141; x_wconf 76' lang='grc' dir='ltr'>ἄφθονος</span> <span class='ocrx_word' id='word_1_80' title='bbox 1193 1061 1227 1127; x_wconf 75' lang='grc' dir='ltr'>ἡ</span> <span class='ocrx_word' id='word_1_81' title='bbox 1278 1059 1434 1139; x_wconf 75' lang='grc' dir='ltr'>χάρις</span> <span class='ocrx_word' id='word_1_82' title='bbox 1491 1058 1779 1138; x_wconf 76' lang='grc' dir='ltr'><strong>ἐκκέχυται</strong></span> <span class='ocrx_word' id='word_1_83' title='bbox 1825 1058 1908 1114; x_wconf 80' lang='grc' dir='ltr'>ἐπὶ</span> 
     </span>
    </p>
   </div>
   <div class='ocr_carea' id='block_1_12' title="bbox 256 1146 1908 1232">
    <p class='ocr_par' dir='ltr' id='par_1_12' title="bbox 256 1146 1908 1232">
     <span class='ocr_line' id='line_1_12' title="bbox 256 1146 1908 1232; baseline -0.004 -23"><span class='ocrx_word' id='word_1_84' title='bbox 256 1155 388 1214; x_wconf 79' lang='grc' dir='ltr'>τοὺς</span> <span class='ocrx_word' id='word_1_85' title='bbox 417 1155 651 1232; x_wconf 77' lang='grc' dir='ltr'>κήρυκας</span> <span class='ocrx_word' id='word_1_86' title='bbox 681 1159 772 1210; x_wconf 86' lang='grc' dir='ltr'><strong>τοῦ</strong></span> <span class='ocrx_word' id='word_1_87' title='bbox 809 1150 1150 1229; x_wconf 79' lang='grc' dir='ltr'>Εῦαγγελίου,</span> <span class='ocrx_word' id='word_1_88' title='bbox 1183 1151 1272 1212; x_wconf 75' lang='grc' dir='ltr'>οὓς</span> <span class='ocrx_word' id='word_1_89' title='bbox 1333 1150 1420 1204; x_wconf 88' lang='grc' dir='ltr'><strong>καὶ</strong></span> <span class='ocrx_word' id='word_1_90' title='bbox 1468 1146 1629 1226; x_wconf 78' lang='grc' dir='ltr'>χείλη</span> <span class='ocrx_word' id='word_1_91' title='bbox 1683 1154 1908 1225; x_wconf 79' lang='grc' dir='ltr'><strong>Χριστοῦ</strong></span> 
     </span>
    </p>
   </div>
   <div class='ocr_carea' id='block_1_13' title="bbox 257 1237 1912 1321">
    <p class='ocr_par' dir='ltr' id='par_1_13' title="bbox 257 1237 1912 1321">
     <span class='ocr_line' id='line_1_13' title="bbox 257 1237 1912 1321; baseline -0.004 -23"><span class='ocrx_word' id='word_1_92' title='bbox 257 1243 543 1317; x_wconf 74' lang='grc' dir='ltr'><strong>ὠνόμασεν</strong></span> <span class='ocrx_word' id='word_1_93' title='bbox 588 1245 621 1308; x_wconf 77' lang='grc' dir='ltr'>ἡ</span> <span class='ocrx_word' id='word_1_94' title='bbox 697 1243 899 1321; x_wconf 79' lang='grc' dir='ltr'>Γραφή.</span> <span class='ocrx_word' id='word_1_95' title='bbox 961 1241 1057 1295; x_wconf 86' lang='grc' dir='ltr'>Διά</span> <span class='ocrx_word' id='word_1_96' title='bbox 1113 1247 1265 1297; x_wconf 87' lang='grc' dir='ltr'>τοῦτο</span> <span class='ocrx_word' id='word_1_97' title='bbox 1321 1237 1374 1292; x_wconf 85' lang='grc' dir='ltr'>ἐν</span> <span class='ocrx_word' id='word_1_98' title='bbox 1435 1239 1912 1317; x_wconf 74' lang='grc' dir='ltr'>εὐκαταφρονήτως</span> 
     </span>
    </p>
   </div>
   <div class='ocr_carea' id='block_1_14' title="bbox 259 1326 1912 1408">
    <p class='ocr_par' dir='ltr' id='par_1_14' title="bbox 259 1326 1912 1408">
     <span class='ocr_line' id='line_1_14' title="bbox 259 1326 1912 1408; baseline -0.004 -20"><span class='ocrx_word' id='word_1_99' title='bbox 259 1329 533 1397; x_wconf 77' lang='grc' dir='ltr'>λεξειδίοις</span> <span class='ocrx_word' id='word_1_100' title='bbox 591 1330 726 1387; x_wconf 81' lang='grc' dir='ltr'>πολὺ</span> <span class='ocrx_word' id='word_1_101' title='bbox 757 1333 817 1387; x_wconf 86' lang='grc' dir='ltr'><strong>τὸ</strong></span> <span class='ocrx_word' id='word_1_102' title='bbox 866 1330 1079 1408; x_wconf 80' lang='grc' dir='ltr'>ἀγωγὸν</span> <span class='ocrx_word' id='word_1_103' title='bbox 1127 1326 1256 1407; x_wconf 80' lang='grc'><strong>(70)</strong></span> <span class='ocrx_word' id='word_1_104' title='bbox 1311 1327 1397 1383; x_wconf 83' lang='grc' dir='ltr'>καὶ</span> <span class='ocrx_word' id='word_1_105' title='bbox 1455 1327 1586 1404; x_wconf 88' lang='grc' dir='ltr'>πρὸς</span> <span class='ocrx_word' id='word_1_106' title='bbox 1647 1326 1912 1402; x_wconf 85' lang='grc' dir='ltr'>σωτηρίαν</span> 
     </span>
    </p>
   </div>
   <div class='ocr_carea' id='block_1_15' title="bbox 259 1417 1912 1500">
    <p class='ocr_par' dir='ltr' id='par_1_15' title="bbox 259 1417 1912 1500">
     <span class='ocr_line' id='line_1_15' title="bbox 259 1417 1912 1500; baseline -0.004 -24"><span class='ocrx_word' id='word_1_107' title='bbox 259 1419 591 1500; x_wconf 76' lang='grc' dir='ltr'>ὀλκὸν,ἕχει</span> <span class='ocrx_word' id='word_1_108' title='bbox 655 1427 741 1476; x_wconf 86' lang='grc' dir='ltr'><strong>τοῦ</strong></span> <span class='ocrx_word' id='word_1_109' title='bbox 800 1417 1116 1496; x_wconf 80' lang='grc' dir='ltr'>Εὒαγγελίου</span> <span class='ocrx_word' id='word_1_110' title='bbox 1166 1419 1229 1472; x_wconf 84' lang='grc' dir='ltr'><strong>τὸ</strong></span> <span class='ocrx_word' id='word_1_111' title='bbox 1286 1417 1552 1493; x_wconf 74' lang='grc' dir='ltr'>κήρυγμα.</span> <span class='ocrx_word' id='word_1_112' title='bbox 1612 1417 1710 1473; x_wconf 84' lang='grc' dir='ltr'><strong>Καὶ</strong></span> <span class='ocrx_word' id='word_1_113' title='bbox 1767 1421 1912 1472; x_wconf 81' lang='grc' dir='ltr'>πᾶσα</span> 
     </span>
    </p>
   </div>
   <div class='ocr_carea' id='block_1_16' title="bbox 259 1503 1910 1590">
    <p class='ocr_par' dir='ltr' id='par_1_16' title="bbox 259 1503 1910 1590">
     <span class='ocr_line' id='line_1_16' title="bbox 259 1503 1910 1590; baseline -0.004 -26"><span class='ocrx_word' id='word_1_114' title='bbox 259 1512 423 1590; x_wconf 70' lang='grc' dir='ltr'>ψυχὴ</span> <span class='ocrx_word' id='word_1_115' title='bbox 454 1511 776 1589; x_wconf 71' lang='grc' dir='ltr'>κεκράτηται</span> <span class='ocrx_word' id='word_1_116' title='bbox 809 1507 1068 1586; x_wconf 81' lang='grc' dir='ltr'>δόγμασιν</span> <span class='ocrx_word' id='word_1_117' title='bbox 1127 1507 1426 1579; x_wconf 62' lang='grc' dir='ltr'>ἀκινήτοις,</span> <span class='ocrx_word' id='word_1_118' title='bbox 1474 1503 1558 1561; x_wconf 81' lang='grc' dir='ltr'>διὰ</span> <span class='ocrx_word' id='word_1_119' title='bbox 1599 1511 1698 1571; x_wconf 79' lang='grc' dir='ltr'>τῆς</span> <span class='ocrx_word' id='word_1_120' title='bbox 1744 1506 1910 1584; x_wconf 77' lang='grc' dir='ltr'>χάρι-</span> 
     </span>
    </p>
   </div>
   <div class='ocr_carea' id='block_1_17' title="bbox 258 1592 1904 1679">
    <p class='ocr_par' dir='ltr' id='par_1_17' title="bbox 258 1592 1904 1679">
     <span class='ocr_line' id='line_1_17' title="bbox 258 1592 1904 1679; baseline -0.003 -24"><span class='ocrx_word' id='word_1_121' title='bbox 258 1622 356 1663; x_wconf 80' lang='grc' dir='ltr'><strong>τος</strong></span> <span class='ocrx_word' id='word_1_122' title='bbox 408 1602 540 1679; x_wconf 86' lang='grc' dir='ltr'>πρὸς</span> <span class='ocrx_word' id='word_1_123' title='bbox 586 1601 687 1666; x_wconf 77' lang='grc' dir='ltr'>τὴν</span> <span class='ocrx_word' id='word_1_124' title='bbox 741 1597 1028 1655; x_wconf 89' lang='grc' dir='ltr'>ἀσάλευτον</span> <span class='ocrx_word' id='word_1_125' title='bbox 1081 1598 1152 1659; x_wconf 81' lang='grc' dir='ltr'><strong>εἰς</strong></span> <span class='ocrx_word' id='word_1_126' title='bbox 1190 1597 1412 1672; x_wconf 83' lang='grc' dir='ltr'>Χριστὸν</span> <span class='ocrx_word' id='word_1_127' title='bbox 1453 1596 1628 1652; x_wconf 89' lang='grc' dir='ltr'>πίστιν</span> <span class='ocrx_word' id='word_1_128' title='bbox 1657 1592 1904 1670; x_wconf 81' lang='grc' dir='ltr'>βεϐαιου-</span> 
     </span>
    </p>
   </div>
   <div class='ocr_carea' id='block_1_18' title="bbox 261 1681 1910 1768">
    <p class='ocr_par' dir='ltr' id='par_1_18' title="bbox 261 1681 1910 1768">
     <span class='ocr_line' id='line_1_18' title="bbox 261 1681 1910 1768; baseline -0.004 -24"><span class='ocrx_word' id='word_1_129' title='bbox 261 1689 426 1764; x_wconf 61' lang='grc' dir='ltr'>μένην..</span> <span class='ocrx_word' id='word_1_130' title='bbox 491 1689 658 1746; x_wconf 84' lang='grc' dir='ltr'>’Ὅθεν</span> <span class='ocrx_word' id='word_1_131' title='bbox 715 1689 873 1768; x_wconf 85' lang='grc' dir='ltr'>φησὶν</span> <span class='ocrx_word' id='word_1_132' title='bbox 918 1689 946 1742; x_wconf 81' lang='grc' dir='ltr'>ὁ</span> <span class='ocrx_word' id='word_1_133' title='bbox 1001 1684 1328 1748; x_wconf 80' lang='grc' dir='ltr'>Ἀπόστολος</span> <span class='ocrx_word' id='word_1_134' title='bbox 1358 1700 1374 1716; x_wconf 81' lang='grc'><strong><em>⁸</em></strong></span> <span class='ocrx_word' id='word_1_135' title='bbox 1431 1683 1510 1740; x_wconf 83' lang='grc' dir='ltr'><strong>Δι’</strong></span> <span class='ocrx_word' id='word_1_136' title='bbox 1547 1687 1608 1740; x_wconf 81' lang='grc' dir='ltr'>οὗ</span> <span class='ocrx_word' id='word_1_137' title='bbox 1648 1681 1910 1757; x_wconf 77' lang='grc' dir='ltr'>ἐλάϐομεν</span> 
     </span>
    </p>
   </div>
   <div class='ocr_carea' id='block_1_19' title="bbox 262 1771 1903 1858">
    <p class='ocr_par' dir='ltr' id='par_1_19' title="bbox 262 1771 1903 1858">
     <span class='ocr_line' id='line_1_19' title="bbox 262 1771 1903 1858; baseline -0.004 -24"><span class='ocrx_word' id='word_1_138' title='bbox 262 1778 431 1858; x_wconf 76' lang='grc' dir='ltr'>χάριν</span> <span class='ocrx_word' id='word_1_139' title='bbox 460 1779 549 1834; x_wconf 79' lang='grc' dir='ltr'><strong>καὶ</strong></span> <span class='ocrx_word' id='word_1_140' title='bbox 579 1777 884 1843; x_wconf 76' lang='grc' dir='ltr'>ἀποστολὴν</span> <span class='ocrx_word' id='word_1_141' title='bbox 916 1777 989 1836; x_wconf 75' lang='grc' dir='ltr'>εἷς</span> <span class='ocrx_word' id='word_1_142' title='bbox 1019 1776 1263 1841; x_wconf 79' lang='grc' dir='ltr'>ὑπακοὴν</span> <span class='ocrx_word' id='word_1_143' title='bbox 1292 1774 1517 1830; x_wconf 72' lang='grc' dir='ltr'>πίστεως</span> <span class='ocrx_word' id='word_1_144' title='bbox 1556 1790 1570 1804; x_wconf 82' lang='lat'><strong><em>°</em></strong></span> <span class='ocrx_word' id='word_1_145' title='bbox 1603 1774 1689 1830; x_wconf 83' lang='grc' dir='ltr'><strong>καὶ</strong></span> <span class='ocrx_word' id='word_1_146' title='bbox 1719 1771 1903 1832; x_wconf 74' lang='grc' dir='ltr'>πάλι-ι’</span> 
     </span>
    </p>
   </div>
   <div class='ocr_carea' id='block_1_20' title="bbox 1993 783 3636 866">
    <p class='ocr_par' dir='ltr' id='par_1_20' title="bbox 1993 783 3636 866">
     <span class='ocr_line' id='line_1_20' title="bbox 1993 783 3636 866; baseline 0.002 -22"><span class='ocrx_word' id='word_1_147' title='bbox 1993 784 2266 845; x_wconf 84' lang='lat' dir='ltr'><strong>indoctis</strong></span> <span class='ocrx_word' id='word_1_148' title='bbox 2327 786 2600 846; x_wconf 71' lang='lat' dir='ltr'><strong>humanae</strong></span> <span class='ocrx_word' id='word_1_149' title='bbox 2640 785 2946 866; x_wconf 61' lang='lat' dir='ltr'><strong>sapientiai</strong></span> <span class='ocrx_word' id='word_1_150' title='bbox 3001 785 3196 845; x_wconf 85' lang='lat' dir='ltr'><strong>verbis</strong></span> <span class='ocrx_word' id='word_1_151' title='bbox 3224 784 3309 863; x_wconf 63' lang='grc'><strong>46,</strong></span> <span class='ocrx_word' id='word_1_152' title='bbox 3359 783 3636 848; x_wconf 84' lang='lat' dir='ltr'><strong>novimus</strong></span> 
     </span>
    </p>
   </div>
   <div class='ocr_carea' id='block_1_21' title="bbox 1992 873 3634 953">
    <p class='ocr_par' dir='ltr' id='par_1_21' title="bbox 1992 873 3634 953">
     <span class='ocr_line' id='line_1_21' title="bbox 1992 873 3634 953; baseline 0.002 -21"><span class='ocrx_word' id='word_1_153' title='bbox 1992 876 2233 952; x_wconf 77' lang='lat' dir='ltr'><strong>gratiam</strong></span> <span class='ocrx_word' id='word_1_154' title='bbox 2267 891 2420 953; x_wconf 86' lang='lat' dir='ltr'><strong>eam,</strong></span> <span class='ocrx_word' id='word_1_155' title='bbox 2457 893 2586 953; x_wconf 59' lang='lat' dir='ltr'><strong>quae</strong></span> <span class='ocrx_word' id='word_1_156' title='bbox 2607 875 2778 935; x_wconf 91' lang='lat' dir='ltr'><strong>aDeo</strong></span> <span class='ocrx_word' id='word_1_157' title='bbox 2807 874 2867 934; x_wconf 91' lang='lat' dir='ltr'><strong>in</strong></span> <span class='ocrx_word' id='word_1_158' title='bbox 2893 874 3124 934; x_wconf 89' lang='lat' dir='ltr'><strong>traditis</strong></span> <span class='ocrx_word' id='word_1_159' title='bbox 3155 873 3229 934; x_wconf 89' lang='lat' dir='ltr'><strong>de</strong></span> <span class='ocrx_word' id='word_1_160' title='bbox 3255 873 3486 936; x_wconf 86' lang='lat' dir='ltr'><strong>Chrlsto</strong></span> <span class='ocrx_word' id='word_1_161' title='bbox 3520 875 3634 936; x_wconf 92' lang='lat' dir='ltr'><strong>do-</strong></span> 
     </span>
    </p>
   </div>
   <div class='ocr_carea' id='block_1_22' title="bbox 1993 961 3633 1043">
    <p class='ocr_par' dir='ltr' id='par_1_22' title="bbox 1993 961 3633 1043">
     <span class='ocr_line' id='line_1_22' title="bbox 1993 961 3633 1043; baseline 0.002 -22"><span class='ocrx_word' id='word_1_162' title='bbox 1993 965 2202 1024; x_wconf 77' lang='lat' dir='ltr'><strong>ctrinis</strong></span> <span class='ocrx_word' id='word_1_163' title='bbox 2236 964 2446 1024; x_wconf 69' lang='lat' dir='ltr'><strong>diliusa</strong></span> <span class='ocrx_word' id='word_1_164' title='bbox 2468 963 2842 1043; x_wconf 78' lang='lat' dir='ltr'><strong>fuit,divitem</strong></span> <span class='ocrx_word' id='word_1_165' title='bbox 2870 981 3023 1025; x_wconf 90' lang='lat' dir='ltr'><strong>esse.</strong></span> <span class='ocrx_word' id='word_1_166' title='bbox 3047 961 3444 1034; x_wconf 84' lang='lat' dir='ltr'><strong>Quamobrem</strong></span> <span class='ocrx_word' id='word_1_167' title='bbox 3471 963 3633 1025; x_wconf 81' lang='lat' dir='ltr'><strong>brevi</strong></span> 
     </span>
    </p>
   </div>
   <div class='ocr_carea' id='block_1_23' title="bbox 1994 1051 3637 1132">
    <p class='ocr_par' dir='ltr' id='par_1_23' title="bbox 1994 1051 3637 1132">
     <span class='ocr_line' id='line_1_23' title="bbox 1994 1051 3637 1132; baseline 0.002 -20"><span class='ocrx_word' id='word_1_168' title='bbox 1994 1065 2262 1132; x_wconf 84' lang='lat' dir='ltr'><strong>tempore</strong></span> <span class='ocrx_word' id='word_1_169' title='bbox 2287 1053 2344 1112; x_wconf 91' lang='lat' dir='ltr'><strong>in</strong></span> <span class='ocrx_word' id='word_1_170' title='bbox 2370 1056 2709 1113; x_wconf 90' lang='lat' dir='ltr'><strong>universum</strong></span> <span class='ocrx_word' id='word_1_171' title='bbox 2745 1071 2928 1132; x_wconf 90' lang='lat' dir='ltr'><strong>prope</strong></span> <span class='ocrx_word' id='word_1_172' title='bbox 2972 1061 3264 1113; x_wconf 90' lang='lat' dir='ltr'><strong>terrarum</strong></span> <span class='ocrx_word' id='word_1_173' title='bbox 3298 1051 3502 1114; x_wconf 91' lang='lat' dir='ltr'><strong>orbem</strong></span> <span class='ocrx_word' id='word_1_174' title='bbox 3537 1053 3637 1116; x_wconf 85' lang='lat' dir='ltr'><strong>illa</strong></span> 
     </span>
    </p>
   </div>
   <div class='ocr_carea' id='block_1_24' title="bbox 1995 1141 3637 1222">
    <p class='ocr_par' dir='ltr' id='par_1_24' title="bbox 1995 1141 3637 1222">
     <span class='ocr_line' id='line_1_24' title="bbox 1995 1141 3637 1222; baseline 0.001 -20"><span class='ocrx_word' id='word_1_175' title='bbox 1995 1143 2331 1221; x_wconf 81' lang='lat' dir='ltr'><strong>praedicatio</strong></span> <span class='ocrx_word' id='word_1_176' title='bbox 2351 1142 2638 1220; x_wconf 86' lang='lat' dir='ltr'><strong>pervenit,</strong></span> <span class='ocrx_word' id='word_1_177' title='bbox 2673 1150 2984 1222; x_wconf 87' lang='lat' dir='ltr'><strong>propterea</strong></span> <span class='ocrx_word' id='word_1_178' title='bbox 3000 1143 3155 1220; x_wconf 85' lang='lat' dir='ltr'><strong>quod</strong></span> <span class='ocrx_word' id='word_1_179' title='bbox 3174 1142 3337 1202; x_wconf 89' lang='lat' dir='ltr'><strong>dives</strong></span> <span class='ocrx_word' id='word_1_180' title='bbox 3360 1149 3419 1202; x_wconf 91' lang='lat' dir='ltr'><strong>et</strong></span> <span class='ocrx_word' id='word_1_181' title='bbox 3446 1141 3637 1203; x_wconf 88' lang='lat' dir='ltr'><strong>abun-</strong></span> 
     </span>
    </p>
   </div>
   <div class='ocr_carea' id='block_1_25' title="bbox 1997 1230 3634 1312">
    <p class='ocr_par' dir='ltr' id='par_1_25' title="bbox 1997 1230 3634 1312">
     <span class='ocr_line' id='line_1_25' title="bbox 1997 1230 3634 1312; baseline 0.002 -21"><span class='ocrx_word' id='word_1_182' title='bbox 1997 1233 2141 1291; x_wconf 87' lang='lat' dir='ltr'><strong>dans</strong></span> <span class='ocrx_word' id='word_1_183' title='bbox 2173 1231 2361 1311; x_wconf 81' lang='lat' dir='ltr'><strong>gratia</strong></span> <span class='ocrx_word' id='word_1_184' title='bbox 2393 1232 2576 1291; x_wconf 71' lang='lat' dir='ltr'><strong>effusa</strong></span> <span class='ocrx_word' id='word_1_185' title='bbox 2597 1239 2685 1291; x_wconf 87' lang='lat' dir='ltr'><strong>est</strong></span> <span class='ocrx_word' id='word_1_186' title='bbox 2717 1231 2774 1291; x_wconf 91' lang='lat' dir='ltr'><strong>in</strong></span> <span class='ocrx_word' id='word_1_187' title='bbox 2806 1230 3100 1308; x_wconf 84' lang='lat' dir='ltr'><strong>Evangelii</strong></span> <span class='ocrx_word' id='word_1_188' title='bbox 3135 1249 3462 1310; x_wconf 78' lang='lat' dir='ltr'><strong>praecones,</strong></span> <span class='ocrx_word' id='word_1_189' title='bbox 3485 1251 3634 1312; x_wconf 84' lang='lat' dir='ltr'><strong>quos</strong></span> 
     </span>
    </p>
   </div>
   <div class='ocr_carea' id='block_1_26' title="bbox 1995 1319 3626 1399">
    <p class='ocr_par' dir='ltr' id='par_1_26' title="bbox 1995 1319 3626 1399">
     <span class='ocr_line' id='line_1_26' title="bbox 1995 1319 3626 1399; baseline 0.001 -19"><span class='ocrx_word' id='word_1_190' title='bbox 1995 1323 2168 1381; x_wconf 87' lang='lat' dir='ltr'><strong>etiam</strong></span> <span class='ocrx_word' id='word_1_191' title='bbox 2206 1320 2420 1383; x_wconf 87' lang='lat' dir='ltr'><strong>Christi</strong></span> <span class='ocrx_word' id='word_1_192' title='bbox 2460 1320 2613 1382; x_wconf 84' lang='lat' dir='ltr'><strong>labia</strong></span> <span class='ocrx_word' id='word_1_193' title='bbox 2661 1319 2966 1399; x_wconf 84' lang='lat' dir='ltr'><strong>Scriptura</strong></span> <span class='ocrx_word' id='word_1_194' title='bbox 2997 1320 3321 1380; x_wconf 88' lang='lat' dir='ltr'><strong>nominavit</strong></span> <span class='ocrx_word' id='word_1_195' title='bbox 3349 1320 3430 1381; x_wconf 73' lang='grc'><strong>47.</strong></span> <span class='ocrx_word' id='word_1_196' title='bbox 3469 1320 3626 1394; x_wconf 88' lang='lat' dir='ltr'><strong>Qua-</strong></span> 
     </span>
    </p>
   </div>
   <div class='ocr_carea' id='block_1_27' title="bbox 1998 1409 3631 1490">
    <p class='ocr_par' dir='ltr' id='par_1_27' title="bbox 1998 1409 3631 1490">
     <span class='ocr_line' id='line_1_27' title="bbox 1998 1409 3631 1490; baseline 0.004 -24"><span class='ocrx_word' id='word_1_197' title='bbox 1998 1419 2239 1490; x_wconf 83' lang='lat' dir='ltr'><strong>propter</strong></span> <span class='ocrx_word' id='word_1_198' title='bbox 2267 1409 2573 1488; x_wconf 85' lang='lat' dir='ltr'><strong>Evangelii</strong></span> <span class='ocrx_word' id='word_1_199' title='bbox 2610 1409 2949 1487; x_wconf 61' lang='lat' dir='ltr'><strong>prmdicatio</strong></span> <span class='ocrx_word' id='word_1_200' title='bbox 2982 1409 3042 1469; x_wconf 88' lang='lat' dir='ltr'><strong>in</strong></span> <span class='ocrx_word' id='word_1_201' title='bbox 3079 1409 3631 1490; x_wconf 86' lang='lat' dir='ltr'><strong>contemptibilibus</strong></span> 
     </span>
    </p>
   </div>
   <div class='ocr_carea' id='block_1_28' title="bbox 1995 1497 3626 1577">
    <p class='ocr_par' dir='ltr' id='par_1_28' title="bbox 1995 1497 3626 1577">
     <span class='ocr_line' id='line_1_28' title="bbox 1995 1497 3626 1577; baseline 0.004 -21"><span class='ocrx_word' id='word_1_202' title='bbox 1995 1498 2373 1560; x_wconf 81' lang='lat' dir='ltr'><strong>dictiunculis</strong></span> <span class='ocrx_word' id='word_1_203' title='bbox 2397 1499 2510 1557; x_wconf 89' lang='lat' dir='ltr'><strong>vim</strong></span> <span class='ocrx_word' id='word_1_204' title='bbox 2548 1497 2790 1558; x_wconf 90' lang='lat' dir='ltr'><strong>multam</strong></span> <span class='ocrx_word' id='word_1_205' title='bbox 2824 1497 3003 1558; x_wconf 81' lang='lat' dir='ltr'><strong>habet</strong></span> <span class='ocrx_word' id='word_1_206' title='bbox 3037 1499 3431 1577; x_wconf 90' lang='lat' dir='ltr'><strong>persuadendi</strong></span> <span class='ocrx_word' id='word_1_207' title='bbox 3455 1508 3512 1560; x_wconf 91' lang='lat' dir='ltr'><strong>et</strong></span> <span class='ocrx_word' id='word_1_208' title='bbox 3555 1501 3626 1562; x_wconf 91' lang='lat' dir='ltr'><strong>ad</strong></span> 
     </span>
    </p>
   </div>
   <div class='ocr_carea' id='block_1_29' title="bbox 1996 1587 3630 1651">
    <p class='ocr_par' dir='ltr' id='par_1_29' title="bbox 1996 1587 3630 1651">
     <span class='ocr_line' id='line_1_29' title="bbox 1996 1587 3630 1651; baseline 0.003 -5"><span class='ocrx_word' id='word_1_209' title='bbox 1996 1589 2241 1648; x_wconf 86' lang='lat' dir='ltr'><strong>salutem</strong></span> <span class='ocrx_word' id='word_1_210' title='bbox 2275 1588 2585 1650; x_wconf 91' lang='lat' dir='ltr'><strong>illiciendi.</strong></span> <span class='ocrx_word' id='word_1_211' title='bbox 2641 1587 2709 1648; x_wconf 90' lang='lat' dir='ltr'><strong>Et</strong></span> <span class='ocrx_word' id='word_1_212' title='bbox 2737 1588 2935 1647; x_wconf 89' lang='lat' dir='ltr'><strong>anima</strong></span> <span class='ocrx_word' id='word_1_213' title='bbox 2981 1589 3176 1649; x_wconf 86' lang='lat' dir='ltr'><strong>omnis</strong></span> <span class='ocrx_word' id='word_1_214' title='bbox 3225 1589 3630 1651; x_wconf 89' lang='lat' dir='ltr'><strong>immobilibus</strong></span> 
     </span>
    </p>
   </div>
   <div class='ocr_carea' id='block_1_30' title="bbox 1993 1676 3628 1756">
    <p class='ocr_par' dir='ltr' id='par_1_30' title="bbox 1993 1676 3628 1756">
     <span class='ocr_line' id='line_1_30' title="bbox 1993 1676 3628 1756; baseline 0.003 -21"><span class='ocrx_word' id='word_1_215' title='bbox 1993 1678 2283 1754; x_wconf 77' lang='lat' dir='ltr'><strong>dogmatis</strong></span> <span class='ocrx_word' id='word_1_216' title='bbox 2302 1676 2542 1737; x_wconf 87' lang='lat' dir='ltr'><strong>subacta</strong></span> <span class='ocrx_word' id='word_1_217' title='bbox 2565 1686 2674 1750; x_wconf 88' lang='lat' dir='ltr'><strong>est,</strong></span> <span class='ocrx_word' id='word_1_218' title='bbox 2706 1696 2811 1754; x_wconf 89' lang='lat' dir='ltr'><strong>per</strong></span> <span class='ocrx_word' id='word_1_219' title='bbox 2833 1679 3074 1756; x_wconf 84' lang='lat' dir='ltr'><strong>gratiam</strong></span> <span class='ocrx_word' id='word_1_220' title='bbox 3098 1678 3160 1738; x_wconf 90' lang='lat' dir='ltr'><strong>in</strong></span> <span class='ocrx_word' id='word_1_221' title='bbox 3181 1677 3536 1741; x_wconf 86' lang='lat' dir='ltr'><strong>inconcussa</strong></span> <span class='ocrx_word' id='word_1_222' title='bbox 3566 1680 3628 1740; x_wconf 89' lang='lat' dir='ltr'><strong>in</strong></span> 
     </span>
    </p>
   </div>
   <div class='ocr_carea' id='block_1_31' title="bbox 1993 1765 3622 1848">
    <p class='ocr_par' dir='ltr' id='par_1_31' title="bbox 1993 1765 3622 1848">
     <span class='ocr_line' id='line_1_31' title="bbox 1993 1765 3622 1848; baseline 0.002 -21"><span class='ocrx_word' id='word_1_223' title='bbox 1993 1767 2285 1827; x_wconf 82' lang='lat' dir='ltr'><strong>Christum</strong></span> <span class='ocrx_word' id='word_1_224' title='bbox 2343 1766 2457 1826; x_wconf 84' lang='lat' dir='ltr'><strong>tide</strong></span> <span class='ocrx_word' id='word_1_225' title='bbox 2506 1768 2874 1830; x_wconf 82' lang='lat' dir='ltr'><strong>conﬁrmata.</strong></span> <span class='ocrx_word' id='word_1_226' title='bbox 2907 1765 3073 1829; x_wconf 91' lang='lat' dir='ltr'><strong>Unde</strong></span> <span class='ocrx_word' id='word_1_227' title='bbox 3123 1768 3204 1828; x_wconf 89' lang='lat' dir='ltr'><strong>ait</strong></span> <span class='ocrx_word' id='word_1_228' title='bbox 3255 1769 3622 1848; x_wconf 83' lang='lat' dir='ltr'><strong>Apostolus:</strong></span> 
     </span>
    </p>
   </div>
   <div class='ocr_carea' id='block_1_32' title="bbox 259 1856 1891 1945">
    <p class='ocr_par' dir='ltr' id='par_1_32' title="bbox 259 1856 1891 1945">
     <span class='ocr_line' id='line_1_32' title="bbox 259 1856 1891 1945; baseline -0.003 -22"><span class='ocrx_word' id='word_1_229' title='bbox 259 1856 640 1945; x_wconf 73' lang='grc' dir='ltr'>Περισσότερον</span> <span class='ocrx_word' id='word_1_230' title='bbox 670 1869 841 1923; x_wconf 68' lang='grc' dir='ltr'>αὐτῶν</span> <span class='ocrx_word' id='word_1_231' title='bbox 872 1865 1084 1922; x_wconf 69' lang='grc' dir='ltr'>πάντων</span> <span class='ocrx_word' id='word_1_232' title='bbox 1106 1865 1390 1920; x_wconf 76' lang='grc' dir='ltr'>ἐκοπίασαο</span> <span class='ocrx_word' id='word_1_233' title='bbox 1418 1865 1512 1920; x_wconf 76' lang='grc' dir='ltr'><strong>οὐκ</strong></span> <span class='ocrx_word' id='word_1_234' title='bbox 1533 1863 1639 1940; x_wconf 78' lang='grc' dir='ltr'><strong>ἐγὼ</strong></span> <span class='ocrx_word' id='word_1_235' title='bbox 1670 1861 1748 1936; x_wconf 76' lang='grc' dir='ltr'>δὲ,</span> <span class='ocrx_word' id='word_1_236' title='bbox 1782 1861 1891 1918; x_wconf 75' lang='grc' dir='ltr'>ἀλλ⁵</span> 
     </span>
    </p>
   </div>
   <div class='ocr_carea' id='block_1_33' title="bbox 1981 1856 3630 1945">
    <p class='ocr_par' dir='ltr' id='par_1_33' title="bbox 1993 1856 3630 1936">
     <span class='ocr_line' id='line_1_33' title="bbox 1993 1856 3630 1936; baseline 0.003 -20"><span class='ocrx_word' id='word_1_237' title='bbox 1993 1856 2113 1916; x_wconf 86' lang='lat' dir='ltr'><strong>Per</strong></span> <span class='ocrx_word' id='word_1_238' title='bbox 2133 1874 2302 1934; x_wconf 79' lang='lat' dir='ltr'><strong>quem</strong></span> <span class='ocrx_word' id='word_1_239' title='bbox 2332 1857 2671 1935; x_wconf 82' lang='lat' dir='ltr'><strong>accepimus</strong></span> <span class='ocrx_word' id='word_1_240' title='bbox 2695 1858 2958 1935; x_wconf 77' lang='lat' dir='ltr'><strong>gratiam</strong></span> <span class='ocrx_word' id='word_1_241' title='bbox 3006 1864 3060 1918; x_wconf 87' lang='lat' dir='ltr'><strong>et</strong></span> <span class='ocrx_word' id='word_1_242' title='bbox 3103 1857 3528 1936; x_wconf 84' lang='lat' dir='ltr'><strong>apostolatum,</strong></span> <span class='ocrx_word' id='word_1_243' title='bbox 3561 1868 3630 1921; x_wconf 83' lang='lat' dir='ltr'><strong>ut</strong></span> 
     </span>
    </p>
   </div>
   <div class='ocr_carea' id='block_1_34' title="bbox 255 1954 1160 2038">
    <p class='ocr_par' dir='ltr' id='par_1_34' title="bbox 255 1954 1160 2038">
     <span class='ocr_line' id='line_1_34' title="bbox 255 1954 1160 2038; baseline -0.008 -22"><span class='ocrx_word' id='word_1_244' title='bbox 255 1957 294 2024; x_wconf 78' lang='grc' dir='ltr'><strong>ἦ</strong></span> <span class='ocrx_word' id='word_1_245' title='bbox 330 1957 489 2038; x_wconf 71' lang='grc' dir='ltr'>χάρις</span> <span class='ocrx_word' id='word_1_246' title='bbox 525 1957 614 2014; x_wconf 82' lang='grc' dir='ltr'><strong>τοῦ</strong></span> <span class='ocrx_word' id='word_1_247' title='bbox 646 1964 799 2036; x_wconf 89' lang='grc' dir='ltr'>Θεοῦ,</span> <span class='ocrx_word' id='word_1_248' title='bbox 834 1957 866 2023; x_wconf 72' lang='grc' dir='ltr'>ἡ</span> <span class='ocrx_word' id='word_1_249' title='bbox 899 1955 990 2011; x_wconf 73' lang='grc' dir='ltr'><strong>σὸν</strong></span> <span class='ocrx_word' id='word_1_250' title='bbox 1022 1954 1160 2030; x_wconf 74' lang='grc' dir='ltr'>ἐμοί,</span> 
     </span>
    </p>
   </div>
   <div class='ocr_carea' id='block_1_35' title="bbox 339 2219 1898 2304">
    <p class='ocr_par' dir='ltr' id='par_1_35' title="bbox 339 2219 1898 2304">
     <span class='ocr_line' id='line_1_35' title="bbox 339 2219 1898 2304; baseline -0.003 -22"><span class='ocrx_word' id='word_1_251' title='bbox 339 2228 398 2289; x_wconf 88' lang='grc'><strong>5.</strong></span> <span class='ocrx_word' id='word_1_252' title='bbox 459 2225 719 2304; x_wconf 81' lang='grc' dir='ltr'>Ἐξεχύθη</span> <span class='ocrx_word' id='word_1_253' title='bbox 780 2225 938 2304; x_wconf 87' lang='grc' dir='ltr'>χάρις</span> <span class='ocrx_word' id='word_1_254' title='bbox 1009 2222 1063 2277; x_wconf 80' lang='grc' dir='ltr'>ἐν</span> <span class='ocrx_word' id='word_1_255' title='bbox 1123 2219 1328 2301; x_wconf 78' lang='grc' dir='ltr'>χείλεσί</span> <span class='ocrx_word' id='word_1_256' title='bbox 1402 2242 1494 2276; x_wconf 88' lang='grc' dir='ltr'><strong>σου</strong></span> <span class='ocrx_word' id='word_1_257' title='bbox 1529 2239 1542 2254; x_wconf 89' lang='grc'>·</span> <span class='ocrx_word' id='word_1_258' title='bbox 1603 2219 1688 2276; x_wconf 77' lang='grc' dir='ltr'>διὰ</span> <span class='ocrx_word' id='word_1_259' title='bbox 1745 2228 1898 2279; x_wconf 82' lang='grc' dir='ltr'>τοῦτο</span> 
     </span>
    </p>
   </div>
   <div class='ocr_carea' id='block_1_36' title="bbox 250 2309 1898 2392">
    <p class='ocr_par' dir='ltr' id='par_1_36' title="bbox 250 2309 1898 2392">
     <span class='ocr_line' id='line_1_36' title="bbox 250 2309 1898 2392; baseline -0.002 -22"><span class='ocrx_word' id='word_1_260' title='bbox 250 2315 514 2392; x_wconf 79' lang='grc' dir='ltr'>εῦλόγησέ</span> <span class='ocrx_word' id='word_1_261' title='bbox 576 2336 633 2370; x_wconf 83' lang='grc' dir='ltr'><strong>σε</strong></span> <span class='ocrx_word' id='word_1_262' title='bbox 685 2315 712 2370; x_wconf 87' lang='grc' dir='ltr'>ὀ</span> <span class='ocrx_word' id='word_1_263' title='bbox 767 2315 897 2376; x_wconf 83' lang='grc' dir='ltr'>Θεὸς</span> <span class='ocrx_word' id='word_1_264' title='bbox 957 2314 1029 2376; x_wconf 81' lang='grc' dir='ltr'><strong>είς</strong></span> <span class='ocrx_word' id='word_1_265' title='bbox 1087 2312 1178 2368; x_wconf 86' lang='grc' dir='ltr'><strong>τὸν</strong></span> <span class='ocrx_word' id='word_1_266' title='bbox 1241 2313 1427 2373; x_wconf 73' lang='grc' dir='ltr'>αἰῶνα,</span> <span class='ocrx_word' id='word_1_267' title='bbox 1484 2309 1782 2388; x_wconf 73' lang='grc' dir='ltr'>Γέγραπται</span> <span class='ocrx_word' id='word_1_268' title='bbox 1843 2311 1898 2368; x_wconf 80' lang='grc' dir='ltr'>ἐν</span> 
     </span>
    </p>
   </div>
   <div class='ocr_carea' id='block_1_37' title="bbox 259 2398 1898 2483">
    <p class='ocr_par' dir='ltr' id='par_1_37' title="bbox 259 2398 1898 2483">
     <span class='ocr_line' id='line_1_37' title="bbox 259 2398 1898 2483; baseline -0.002 -24"><span class='ocrx_word' id='word_1_269' title='bbox 259 2413 339 2476; x_wconf 81' lang='grc' dir='ltr'>τῷ</span> <span class='ocrx_word' id='word_1_270' title='bbox 401 2404 722 2483; x_wconf 70' lang='grc' dir='ltr'>Εὖαγγελίῷ,</span> <span class='ocrx_word' id='word_1_271' title='bbox 787 2402 870 2460; x_wconf 80' lang='grc' dir='ltr'><strong>ὅτι</strong></span> <span class='ocrx_word' id='word_1_272' title='bbox 915 2403 1236 2476; x_wconf 65' lang='grc' dir='ltr'>Ἐθαύμαζον</span> <span class='ocrx_word' id='word_1_273' title='bbox 1294 2401 1379 2456; x_wconf 81' lang='grc' dir='ltr'><strong>ἐπὶ</strong></span> <span class='ocrx_word' id='word_1_274' title='bbox 1423 2414 1536 2461; x_wconf 79' lang='grc' dir='ltr'>τοῖς</span> <span class='ocrx_word' id='word_1_275' title='bbox 1591 2398 1772 2478; x_wconf 88' lang='grc' dir='ltr'>λόγοις</span> <span class='ocrx_word' id='word_1_276' title='bbox 1803 2405 1898 2470; x_wconf 75' lang='grc' dir='ltr'>τῆς</span> 
     </span>
    </p>
   </div>
   <div class='ocr_carea' id='block_1_38' title="bbox 258 2489 1894 2574">
    <p class='ocr_par' dir='ltr' id='par_1_38' title="bbox 258 2489 1894 2574">
     <span class='ocr_line' id='line_1_38' title="bbox 258 2489 1894 2574; baseline 0 -25"><span class='ocrx_word' id='word_1_277' title='bbox 258 2496 480 2574; x_wconf 79' lang='grc' dir='ltr'>χάριτος</span> <span class='ocrx_word' id='word_1_278' title='bbox 539 2507 655 2558; x_wconf 74' lang='grc' dir='ltr'>τοῖς</span> <span class='ocrx_word' id='word_1_279' title='bbox 731 2491 1168 2571; x_wconf 77' lang='grc' dir='ltr'>ἐκπορευομένοις</span> <span class='ocrx_word' id='word_1_280' title='bbox 1237 2489 1322 2546; x_wconf 76' lang='grc' dir='ltr'>διὰ</span> <span class='ocrx_word' id='word_1_281' title='bbox 1396 2489 1658 2565; x_wconf 87' lang='grc' dir='ltr'>στόματος</span> <span class='ocrx_word' id='word_1_282' title='bbox 1714 2493 1894 2555; x_wconf 74' lang='grc' dir='ltr'>αὐτοῦ,</span> 
     </span>
    </p>
   </div>
   <div class='ocr_carea' id='block_1_39' title="bbox 259 2579 1898 2663">
    <p class='ocr_par' dir='ltr' id='par_1_39' title="bbox 259 2579 1898 2663">
     <span class='ocr_line' id='line_1_39' title="bbox 259 2579 1898 2663; baseline 0 -24"><span class='ocrx_word' id='word_1_283' title='bbox 259 2585 456 2659; x_wconf 80' lang='grc' dir='ltr'>Διόπερ</span> <span class='ocrx_word' id='word_1_284' title='bbox 486 2583 820 2663; x_wconf 74' lang='grc' dir='ltr'>ἐμφαντικῶς</span> <span class='ocrx_word' id='word_1_285' title='bbox 853 2586 880 2639; x_wconf 84' lang='grc' dir='ltr'>ὂ</span> <span class='ocrx_word' id='word_1_286' title='bbox 909 2581 1148 2660; x_wconf 80' lang='grc' dir='ltr'>ψαλμὸς,</span> <span class='ocrx_word' id='word_1_287' title='bbox 1193 2582 1256 2636; x_wconf 85' lang='grc' dir='ltr'><strong>τὸ</strong></span> <span class='ocrx_word' id='word_1_288' title='bbox 1287 2579 1489 2646; x_wconf 71' lang='grc' dir='ltr'>πλῆθος</span> <span class='ocrx_word' id='word_1_289' title='bbox 1519 2584 1618 2646; x_wconf 75' lang='grc' dir='ltr'>τῆς</span> <span class='ocrx_word' id='word_1_290' title='bbox 1676 2581 1898 2660; x_wconf 86' lang='grc' dir='ltr'>χάρίτος</span> 
     </span>
    </p>
   </div>
   <div class='ocr_carea' id='block_1_40' title="bbox 251 2669 1899 2748">
    <p class='ocr_par' dir='ltr' id='par_1_40' title="bbox 251 2669 1899 2748">
     <span class='ocr_line' id='line_1_40' title="bbox 251 2669 1899 2748; baseline -0.001 -19"><span class='ocrx_word' id='word_1_291' title='bbox 251 2674 364 2729; x_wconf 76' lang='grc' dir='ltr'><strong>τῶν</strong></span> <span class='ocrx_word' id='word_1_292' title='bbox 421 2673 560 2739; x_wconf 75' lang='grc' dir='ltr'><strong>παρά</strong></span> <span class='ocrx_word' id='word_1_293' title='bbox 615 2679 709 2728; x_wconf 90' lang='grc' dir='ltr'><strong>τοῦ</strong></span> <span class='ocrx_word' id='word_1_294' title='bbox 771 2671 953 2748; x_wconf 83' lang='grc' dir='ltr'>Κυρίου</span> <span class='ocrx_word' id='word_1_295' title='bbox 1024 2673 1179 2743; x_wconf 76' lang='grc' dir='ltr'>ἡμῶν</span> <span class='ocrx_word' id='word_1_296' title='bbox 1247 2669 1501 2746; x_wconf 78' lang='grc' dir='ltr'>ῥημάτιον</span> <span class='ocrx_word' id='word_1_297' title='bbox 1561 2676 1899 2746; x_wconf 75' lang='grc' dir='ltr'>παραστῆσαι</span> 
     </span>
    </p>
   </div>
   <div class='ocr_carea' id='block_1_41' title="bbox 254 2758 1897 2841">
    <p class='ocr_par' dir='ltr' id='par_1_41' title="bbox 254 2758 1897 2841">
     <span class='ocr_line' id='line_1_41' title="bbox 254 2758 1897 2841; baseline -0.001 -23"><span class='ocrx_word' id='word_1_298' title='bbox 254 2761 602 2841; x_wconf 67' lang='grc' dir='ltr'>βουλόμενος,</span> <span class='ocrx_word' id='word_1_299' title='bbox 667 2759 928 2840; x_wconf 74' lang='grc' dir='ltr'>Ἐξεχύθη</span> <span class='ocrx_word' id='word_1_300' title='bbox 989 2760 1147 2840; x_wconf 82' lang='grc' dir='ltr'>χάρις</span> <span class='ocrx_word' id='word_1_301' title='bbox 1219 2758 1274 2814; x_wconf 78' lang='grc' dir='ltr'>ἐν</span> <span class='ocrx_word' id='word_1_302' title='bbox 1345 2771 1459 2822; x_wconf 80' lang='grc' dir='ltr'>τοῖς</span> <span class='ocrx_word' id='word_1_303' title='bbox 1518 2758 1724 2838; x_wconf 82' lang='grc' dir='ltr'>χείλεσί</span> <span class='ocrx_word' id='word_1_304' title='bbox 1782 2782 1897 2833; x_wconf 88' lang='grc' dir='ltr'>σου,</span> 
     </span>
    </p>
   </div>
   <div class='ocr_carea' id='block_1_42' title="bbox 256 2847 1901 2932">
    <p class='ocr_par' dir='ltr' id='par_1_42' title="bbox 256 2847 1901 2932">
     <span class='ocr_line' id='line_1_42' title="bbox 256 2847 1901 2932; baseline -0.002 -24"><span class='ocrx_word' id='word_1_305' title='bbox 256 2853 410 2925; x_wconf 83' lang='grc' dir='ltr'>εἶπε,</span> <span class='ocrx_word' id='word_1_306' title='bbox 457 2850 542 2911; x_wconf 77' lang='grc' dir='ltr'><strong>διὰ</strong></span> <span class='ocrx_word' id='word_1_307' title='bbox 570 2854 630 2907; x_wconf 86' lang='grc' dir='ltr'><strong>τὸ</strong></span> <span class='ocrx_word' id='word_1_308' title='bbox 663 2851 884 2932; x_wconf 76' lang='grc' dir='ltr'>ἄφθονον</span> <span class='ocrx_word' id='word_1_309' title='bbox 915 2855 1014 2916; x_wconf 79' lang='grc' dir='ltr'>τῆς</span> <span class='ocrx_word' id='word_1_310' title='bbox 1047 2849 1102 2905; x_wconf 81' lang='grc' dir='ltr'>ἐν</span> <span class='ocrx_word' id='word_1_311' title='bbox 1131 2856 1207 2922; x_wconf 78' lang='grc' dir='ltr'><strong>τῷ</strong></span> <span class='ocrx_word' id='word_1_312' title='bbox 1236 2847 1380 2925; x_wconf 83' lang='grc' dir='ltr'>λόγῳ</span> <span class='ocrx_word' id='word_1_313' title='bbox 1433 2848 1678 2927; x_wconf 81' lang='grc' dir='ltr'>χάριτος.</span> <span class='ocrx_word' id='word_1_314' title='bbox 1743 2849 1901 2907; x_wconf 75' lang='grc' dir='ltr'>Εῦλό-</span> 
     </span>
    </p>
   </div>
   <div class='ocr_carea' id='block_1_43' title="bbox 255 2937 1896 3021">
    <p class='ocr_par' dir='ltr' id='par_1_43' title="bbox 255 2937 1896 3021">
     <span class='ocr_line' id='line_1_43' title="bbox 255 2937 1896 3021; baseline -0.001 -25"><span class='ocrx_word' id='word_1_315' title='bbox 255 2942 392 3020; x_wconf 77' lang='grc' dir='ltr'>γησὲ</span> <span class='ocrx_word' id='word_1_316' title='bbox 449 2963 532 3021; x_wconf 84' lang='grc' dir='ltr'><strong>σε,</strong></span> <span class='ocrx_word' id='word_1_317' title='bbox 566 2943 748 3020; x_wconf 87' lang='grc' dir='ltr'>φησὶν.</span> <span class='ocrx_word' id='word_1_318' title='bbox 781 2943 809 2997; x_wconf 85' lang='grc' dir='ltr'>ὁ</span> <span class='ocrx_word' id='word_1_319' title='bbox 841 2941 971 3002; x_wconf 82' lang='grc' dir='ltr'>Θεὸς</span> <span class='ocrx_word' id='word_1_320' title='bbox 1018 2942 1089 3002; x_wconf 80' lang='grc' dir='ltr'><strong>είς</strong></span> <span class='ocrx_word' id='word_1_321' title='bbox 1124 2941 1214 2997; x_wconf 86' lang='grc' dir='ltr'><strong>τὸν</strong></span> <span class='ocrx_word' id='word_1_322' title='bbox 1256 2940 1444 2998; x_wconf 80' lang='grc' dir='ltr'>αἰῶνα.</span> <span class='ocrx_word' id='word_1_323' title='bbox 1496 2937 1671 3005; x_wconf 82' lang='grc' dir='ltr'>Δῆλον</span> <span class='ocrx_word' id='word_1_324' title='bbox 1701 2937 1780 3014; x_wconf 78' lang='grc' dir='ltr'>δὲ,</span> <span class='ocrx_word' id='word_1_325' title='bbox 1817 2939 1896 2997; x_wconf 77' lang='grc' dir='ltr'><strong>ὅτι</strong></span> 
     </span>
    </p>
   </div>
   <div class='ocr_carea' id='block_1_44' title="bbox 254 3028 1896 3108">
    <p class='ocr_par' dir='ltr' id='par_1_44' title="bbox 254 3028 1896 3108">
     <span class='ocr_line' id='line_1_44' title="bbox 254 3028 1896 3108; baseline -0.002 -20"><span class='ocrx_word' id='word_1_326' title='bbox 254 3035 340 3088; x_wconf 71' lang='grc' dir='ltr'>επὶ</span> <span class='ocrx_word' id='word_1_327' title='bbox 397 3033 458 3088; x_wconf 88' lang='grc' dir='ltr'><strong>τὸ</strong></span> <span class='ocrx_word' id='word_1_328' title='bbox 535 3030 860 3105; x_wconf 79' lang='grc' dir='ltr'>ἀνθρώπινον</span> <span class='ocrx_word' id='word_1_329' title='bbox 933 3033 1044 3108; x_wconf 70' lang='grc' dir='ltr'><strong>χρὴ</strong></span> <span class='ocrx_word' id='word_1_330' title='bbox 1103 3028 1444 3108; x_wconf 76' lang='grc' dir='ltr'>ἀναφέρεσθαι</span> <span class='ocrx_word' id='word_1_331' title='bbox 1522 3035 1708 3108; x_wconf 83' lang='grc' dir='ltr'>ταῦτα,</span> <span class='ocrx_word' id='word_1_332' title='bbox 1766 3031 1896 3087; x_wconf 81' lang='grc' dir='ltr'>καθὰ</span> 
     </span>
    </p>
   </div>
   <div class='ocr_carea' id='block_1_45' title="bbox 254 3118 1894 3200">
    <p class='ocr_par' dir='ltr' id='par_1_45' title="bbox 254 3118 1894 3200">
     <span class='ocr_line' id='line_1_45' title="bbox 254 3118 1894 3200; baseline -0.001 -23"><span class='ocrx_word' id='word_1_333' title='bbox 254 3123 544 3200; x_wconf 78' lang='grc' dir='ltr'>προκόπτει</span> <span class='ocrx_word' id='word_1_334' title='bbox 605 3122 759 3199; x_wconf 76' lang='grc' dir='ltr'>σοφίᾳ</span> <span class='ocrx_word' id='word_1_335' title='bbox 816 3121 902 3175; x_wconf 85' lang='grc' dir='ltr'><strong>καὶ</strong></span> <span class='ocrx_word' id='word_1_336' title='bbox 960 3118 1143 3190; x_wconf 79' lang='grc' dir='ltr'>ἡλικίᾳ</span> <span class='ocrx_word' id='word_1_337' title='bbox 1184 3121 1272 3174; x_wconf 81' lang='grc' dir='ltr'>καὶ</span> <span class='ocrx_word' id='word_1_338' title='bbox 1326 3119 1531 3198; x_wconf 78' lang='grc' dir='ltr'>χάριτι,</span> <span class='ocrx_word' id='word_1_339' title='bbox 1591 3119 1736 3177; x_wconf 83' lang='grc' dir='ltr'>Κατὰ</span> <span class='ocrx_word' id='word_1_340' title='bbox 1779 3127 1894 3176; x_wconf 84' lang='grc' dir='ltr'>τοῦ·</span> 
     </span>
    </p>
   </div>
   <div class='ocr_carea' id='block_1_46' title="bbox 1986 1946 3628 2025">
    <p class='ocr_par' dir='ltr' id='par_1_46' title="bbox 1986 1946 3628 2025">
     <span class='ocr_line' id='line_1_46' title="bbox 1986 1946 3628 2025; baseline 0.001 -17"><span class='ocrx_word' id='word_1_341' title='bbox 1986 1946 2309 2008; x_wconf 81' lang='lat' dir='ltr'><strong>obediatur</strong></span> <span class='ocrx_word' id='word_1_342' title='bbox 2346 1947 2486 2025; x_wconf 86' lang='lat' dir='ltr'><strong>ﬁdei</strong></span> <span class='ocrx_word' id='word_1_343' title='bbox 2533 1946 2613 2005; x_wconf 82' lang='grc'><strong>48.</strong></span> <span class='ocrx_word' id='word_1_344' title='bbox 2656 1951 2725 2009; x_wconf 91' lang='lat' dir='ltr'><strong>Et</strong></span> <span class='ocrx_word' id='word_1_345' title='bbox 2757 1964 2959 2006; x_wconf 89' lang='lat' dir='ltr'><strong>rursus</strong></span> <span class='ocrx_word' id='word_1_346' title='bbox 2994 1964 3007 2005; x_wconf 78' lang='grc' dir='ltr'>ε</span> <span class='ocrx_word' id='word_1_347' title='bbox 3058 1946 3473 2010; x_wconf 79' lang='lat' dir='ltr'><strong>Abundantius</strong></span> <span class='ocrx_word' id='word_1_348' title='bbox 3506 1947 3628 2010; x_wconf 82' lang='lat' dir='ltr'><strong>illis</strong></span> 
     </span>
    </p>
   </div>
   <div class='ocr_carea' id='block_1_47' title="bbox 1979 2037 3620 2119">
    <p class='ocr_par' dir='ltr' id='par_1_47' title="bbox 1979 2037 3620 2119">
     <span class='ocr_line' id='line_1_47' title="bbox 1979 2037 3620 2119; baseline 0.001 -20"><span class='ocrx_word' id='word_1_349' title='bbox 1979 2039 2255 2100; x_wconf 80' lang='lat' dir='ltr'><strong>omnibus</strong></span> <span class='ocrx_word' id='word_1_350' title='bbox 2286 2037 2584 2116; x_wconf 78' lang='lat' dir='ltr'><strong>laboravi;</strong></span> <span class='ocrx_word' id='word_1_351' title='bbox 2614 2054 2736 2098; x_wconf 85' lang='lat' dir='ltr'><strong>non</strong></span> <span class='ocrx_word' id='word_1_352' title='bbox 2757 2054 2863 2116; x_wconf 86' lang='lat' dir='ltr'><strong>ego</strong></span> <span class='ocrx_word' id='word_1_353' title='bbox 2893 2038 3224 2118; x_wconf 81' lang='lat' dir='ltr'><strong>autem,sed</strong></span> <span class='ocrx_word' id='word_1_354' title='bbox 3253 2039 3454 2117; x_wconf 87' lang='lat' dir='ltr'><strong>gratia</strong></span> <span class='ocrx_word' id='word_1_355' title='bbox 3486 2037 3620 2119; x_wconf 85' lang='lat' dir='ltr'><strong>Dei,</strong></span> 
     </span>
    </p>
   </div>
   <div class='ocr_carea' id='block_1_48' title="bbox 1981 2128 2601 2208">
    <p class='ocr_par' dir='ltr' id='par_1_48' title="bbox 1981 2128 2601 2208">
     <span class='ocr_line' id='line_1_48' title="bbox 1981 2128 2601 2208; baseline 0 -19"><span class='ocrx_word' id='word_1_356' title='bbox 1981 2147 2116 2208; x_wconf 61' lang='lat' dir='ltr'><strong>quae</strong></span> <span class='ocrx_word' id='word_1_357' title='bbox 2149 2135 2235 2189; x_wconf 84' lang='lat' dir='ltr'><strong>est</strong></span> <span class='ocrx_word' id='word_1_358' title='bbox 2264 2145 2487 2187; x_wconf 86' lang='lat' dir='ltr'><strong>mecum</strong></span> <span class='ocrx_word' id='word_1_359' title='bbox 2518 2128 2601 2189; x_wconf 72' lang='lat'><strong>49.</strong></span> 
     </span>
    </p>
   </div>
   <div class='ocr_carea' id='block_1_49' title="bbox 2061 2215 3625 2297">
    <p class='ocr_par' dir='ltr' id='par_1_49' title="bbox 2061 2215 3625 2297">
     <span class='ocr_line' id='line_1_49' title="bbox 2061 2215 3625 2297; baseline 0.003 -21"><span class='ocrx_word' id='word_1_360' title='bbox 2061 2216 2359 2296; x_wconf 75' lang='lat' dir='ltr'><strong>5.0iffusa</strong></span> <span class='ocrx_word' id='word_1_361' title='bbox 2384 2217 2677 2294; x_wconf 85' lang='lat' dir='ltr'><strong>estgratia</strong></span> <span class='ocrx_word' id='word_1_362' title='bbox 2703 2221 2766 2276; x_wconf 82' lang='lat' dir='ltr'><strong>in</strong></span> <span class='ocrx_word' id='word_1_363' title='bbox 2790 2215 2972 2277; x_wconf 78' lang='lat' dir='ltr'><strong>labiis</strong></span> <span class='ocrx_word' id='word_1_364' title='bbox 2997 2219 3119 2278; x_wconf 85' lang='lat' dir='ltr'><strong>tuis</strong></span> <span class='ocrx_word' id='word_1_365' title='bbox 3147 2237 3160 2276; x_wconf 91' lang='lat'><strong>:</strong></span> <span class='ocrx_word' id='word_1_366' title='bbox 3183 2223 3507 2297; x_wconf 86' lang='lat' dir='ltr'><strong>propterea</strong></span> <span class='ocrx_word' id='word_1_367' title='bbox 3524 2218 3625 2280; x_wconf 81' lang='lat' dir='ltr'><strong>be-</strong></span> 
     </span>
    </p>
   </div>
   <div class='ocr_carea' id='block_1_50' title="bbox 1981 2305 3619 2385">
    <p class='ocr_par' dir='ltr' id='par_1_50' title="bbox 1981 2305 3619 2385">
     <span class='ocr_line' id='line_1_50' title="bbox 1981 2305 3619 2385; baseline 0.001 -18"><span class='ocrx_word' id='word_1_368' title='bbox 1981 2307 2212 2368; x_wconf 69' lang='lat' dir='ltr'><strong>nedixit</strong></span> <span class='ocrx_word' id='word_1_369' title='bbox 2233 2312 2288 2366; x_wconf 68' lang='lat' dir='ltr'><strong>te</strong></span> <span class='ocrx_word' id='word_1_370' title='bbox 2309 2305 2460 2366; x_wconf 82' lang='lat' dir='ltr'><strong>Deus</strong></span> <span class='ocrx_word' id='word_1_371' title='bbox 2481 2307 2543 2364; x_wconf 84' lang='lat' dir='ltr'><strong>in</strong></span> <span class='ocrx_word' id='word_1_372' title='bbox 2561 2313 2880 2366; x_wconf 65' lang='lat' dir='ltr'><strong>internum.</strong></span> <span class='ocrx_word' id='word_1_373' title='bbox 2909 2306 3210 2385; x_wconf 86' lang='lat' dir='ltr'><strong>Scriptum</strong></span> <span class='ocrx_word' id='word_1_374' title='bbox 3230 2307 3398 2366; x_wconf 92' lang='lat' dir='ltr'><strong>estin</strong></span> <span class='ocrx_word' id='word_1_375' title='bbox 3425 2308 3619 2368; x_wconf 90' lang='lat' dir='ltr'><strong>Evan-</strong></span> 
     </span>
    </p>
   </div>
   <div class='ocr_carea' id='block_1_51' title="bbox 1981 2393 3622 2474">
    <p class='ocr_par' dir='ltr' id='par_1_51' title="bbox 1981 2393 3622 2474">
     <span class='ocr_line' id='line_1_51' title="bbox 1981 2393 3622 2474; baseline 0.002 -20"><span class='ocrx_word' id='word_1_376' title='bbox 1981 2393 2718 2473; x_wconf 73' lang='lat' dir='ltr'><strong>gelio,quod.llirabanlur</strong></span> <span class='ocrx_word' id='word_1_377' title='bbox 2737 2395 2798 2454; x_wconf 82' lang='lat' dir='ltr'><strong>in</strong></span> <span class='ocrx_word' id='word_1_378' title='bbox 2820 2395 3012 2454; x_wconf 79' lang='lat' dir='ltr'><strong>verbis</strong></span> <span class='ocrx_word' id='word_1_379' title='bbox 3027 2397 3622 2474; x_wconf 73' lang='lat' dir='ltr'><strong>gratim,quwproce-</strong></span> 
     </span>
    </p>
   </div>
   <div class='ocr_carea' id='block_1_52' title="bbox 1980 2481 3625 2561">
    <p class='ocr_par' dir='ltr' id='par_1_52' title="bbox 1980 2481 3625 2561">
     <span class='ocr_line' id='line_1_52' title="bbox 1980 2481 3625 2561; baseline 0.001 -16"><span class='ocrx_word' id='word_1_380' title='bbox 1980 2485 2200 2545; x_wconf 69' lang='lat' dir='ltr'><strong>dabant</strong></span> <span class='ocrx_word' id='word_1_381' title='bbox 2232 2483 2303 2543; x_wconf 84' lang='lat' dir='ltr'><strong>de</strong></span> <span class='ocrx_word' id='word_1_382' title='bbox 2326 2500 2429 2543; x_wconf 89' lang='lat' dir='ltr'><strong>ore</strong></span> <span class='ocrx_word' id='word_1_383' title='bbox 2453 2483 2646 2559; x_wconf 82' lang='lat' dir='ltr'><strong>ipsius</strong></span> <span class='ocrx_word' id='word_1_384' title='bbox 2680 2483 2762 2544; x_wconf 83' lang='lat'><strong>50.</strong></span> <span class='ocrx_word' id='word_1_385' title='bbox 2798 2481 3196 2553; x_wconf 86' lang='lat' dir='ltr'><strong>Quamobrem</strong></span> <span class='ocrx_word' id='word_1_386' title='bbox 3223 2482 3625 2561; x_wconf 82' lang='lat' dir='ltr'><strong>signiﬁcanter</strong></span> 
     </span>
    </p>
   </div>
   <div class='ocr_carea' id='block_1_53' title="bbox 1988 2571 3625 2649">
    <p class='ocr_par' dir='ltr' id='par_1_53' title="bbox 1988 2571 3625 2649">
     <span class='ocr_line' id='line_1_53' title="bbox 1988 2571 3625 2649; baseline 0.001 -16"><span class='ocrx_word' id='word_1_387' title='bbox 1988 2573 2422 2634; x_wconf 86' lang='lat' dir='ltr'><strong>multitudinem</strong></span> <span class='ocrx_word' id='word_1_388' title='bbox 2441 2577 2639 2649; x_wconf 63' lang='lat' dir='ltr'><strong>gratia;</strong></span> <span class='ocrx_word' id='word_1_389' title='bbox 2653 2571 3216 2632; x_wconf 80' lang='lat' dir='ltr'><strong>verborumDomini</strong></span> <span class='ocrx_word' id='word_1_390' title='bbox 3231 2573 3625 2636; x_wconf 87' lang='lat' dir='ltr'><strong>nostriosten-</strong></span> 
     </span>
    </p>
   </div>
   <div class='ocr_carea' id='block_1_54' title="bbox 1985 2661 3623 2742">
    <p class='ocr_par' dir='ltr' id='par_1_54' title="bbox 1985 2661 3623 2742">
     <span class='ocr_line' id='line_1_54' title="bbox 1985 2661 3623 2742; baseline 0.001 -18"><span class='ocrx_word' id='word_1_391' title='bbox 1985 2664 2129 2724; x_wconf 87' lang='lat' dir='ltr'><strong>dere</strong></span> <span class='ocrx_word' id='word_1_392' title='bbox 2151 2663 2356 2721; x_wconf 77' lang='lat' dir='ltr'><strong>volens</strong></span> <span class='ocrx_word' id='word_1_393' title='bbox 2390 2661 2670 2740; x_wconf 89' lang='lat' dir='ltr'><strong>psalmus,</strong></span> <span class='ocrx_word' id='word_1_394' title='bbox 2701 2662 2934 2740; x_wconf 62' lang='lat' dir='ltr'><strong>Diﬂ’usa</strong></span> <span class='ocrx_word' id='word_1_395' title='bbox 2963 2661 3294 2742; x_wconf 83' lang='lat' dir='ltr'><strong>est,inquit,</strong></span> <span class='ocrx_word' id='word_1_396' title='bbox 3320 2667 3524 2739; x_wconf 83' lang='lat' dir='ltr'><strong>gratia</strong></span> <span class='ocrx_word' id='word_1_397' title='bbox 3558 2665 3623 2725; x_wconf 85' lang='lat' dir='ltr'><strong>in</strong></span> 
     </span>
    </p>
   </div>
   <div class='ocr_carea' id='block_1_55' title="bbox 1986 2749 3621 2829">
    <p class='ocr_par' dir='ltr' id='par_1_55' title="bbox 1986 2749 3621 2829">
     <span class='ocr_line' id='line_1_55' title="bbox 1986 2749 3621 2829; baseline 0.001 -17"><span class='ocrx_word' id='word_1_398' title='bbox 1986 2752 2161 2812; x_wconf 80' lang='lat' dir='ltr'><strong>labiis</strong></span> <span class='ocrx_word' id='word_1_399' title='bbox 2179 2749 2402 2821; x_wconf 85' lang='lat' dir='ltr'><strong>tuis,ob</strong></span> <span class='ocrx_word' id='word_1_400' title='bbox 2416 2751 2616 2828; x_wconf 62' lang='lat' dir='ltr'><strong>gratia:</strong></span> <span class='ocrx_word' id='word_1_401' title='bbox 2633 2769 2763 2829; x_wconf 81' lang='lat' dir='ltr'><strong>quae</strong></span> <span class='ocrx_word' id='word_1_402' title='bbox 2793 2751 2851 2810; x_wconf 90' lang='lat' dir='ltr'><strong>in</strong></span> <span class='ocrx_word' id='word_1_403' title='bbox 2877 2767 3156 2813; x_wconf 89' lang='lat' dir='ltr'><strong>sermone</strong></span> <span class='ocrx_word' id='word_1_404' title='bbox 3175 2759 3262 2811; x_wconf 90' lang='lat' dir='ltr'><strong>est</strong></span> <span class='ocrx_word' id='word_1_405' title='bbox 3282 2753 3621 2814; x_wconf 82' lang='lat' dir='ltr'><strong>exuberan-</strong></span> 
     </span>
    </p>
   </div>
   <div class='ocr_carea' id='block_1_56' title="bbox 1988 2838 3617 2918">
    <p class='ocr_par' dir='ltr' id='par_1_56' title="bbox 1988 2838 3617 2918">
     <span class='ocr_line' id='line_1_56' title="bbox 1988 2838 3617 2918; baseline -0.001 -16"><span class='ocrx_word' id='word_1_406' title='bbox 1988 2851 2100 2902; x_wconf 88' lang='lat' dir='ltr'><strong>tem</strong></span> <span class='ocrx_word' id='word_1_407' title='bbox 2125 2840 2710 2918; x_wconf 69' lang='lat' dir='ltr'><strong>copiam.Benedixit</strong></span> <span class='ocrx_word' id='word_1_408' title='bbox 2731 2847 2785 2900; x_wconf 88' lang='lat' dir='ltr'><strong>te</strong></span> <span class='ocrx_word' id='word_1_409' title='bbox 2813 2838 3288 2918; x_wconf 83' lang='lat' dir='ltr'><strong>Deus,inquit,in</strong></span> <span class='ocrx_word' id='word_1_410' title='bbox 3303 2848 3617 2904; x_wconf 65' lang='lat' dir='ltr'><strong>aeternum.</strong></span> 
     </span>
    </p>
   </div>
   <div class='ocr_carea' id='block_1_57' title="bbox 1982 2928 3616 3012">
    <p class='ocr_par' dir='ltr' id='par_1_57' title="bbox 1982 2928 3616 3012">
     <span class='ocr_line' id='line_1_57' title="bbox 1982 2928 3616 3012; baseline 0.002 -22"><span class='ocrx_word' id='word_1_411' title='bbox 1982 2930 2175 2991; x_wconf 87' lang='lat' dir='ltr'><strong>Palam</strong></span> <span class='ocrx_word' id='word_1_412' title='bbox 2193 2937 2490 2989; x_wconf 88' lang='lat' dir='ltr'><strong>estautem</strong></span> <span class='ocrx_word' id='word_1_413' title='bbox 2526 2929 2648 2989; x_wconf 63' lang='lat' dir='ltr'><strong>hinc</strong></span> <span class='ocrx_word' id='word_1_414' title='bbox 2681 2928 2752 2988; x_wconf 89' lang='lat' dir='ltr'><strong>ad</strong></span> <span class='ocrx_word' id='word_1_415' title='bbox 2778 2929 3198 2989; x_wconf 88' lang='lat' dir='ltr'><strong>humanitatem</strong></span> <span class='ocrx_word' id='word_1_416' title='bbox 3221 2929 3616 3012; x_wconf 82' lang='lat' dir='ltr'><strong>referri,qua-</strong></span> 
     </span>
    </p>
   </div>
   <div class='ocr_carea' id='block_1_58' title="bbox 1981 3019 3626 3098">
    <p class='ocr_par' dir='ltr' id='par_1_58' title="bbox 1981 3019 3626 3098">
     <span class='ocr_line' id='line_1_58' title="bbox 1981 3019 3626 3098; baseline 0.003 -20"><span class='ocrx_word' id='word_1_417' title='bbox 1981 3031 2150 3080; x_wconf 80' lang='lat' dir='ltr'><strong>tenus</strong></span> <span class='ocrx_word' id='word_1_418' title='bbox 2173 3019 2400 3098; x_wconf 82' lang='lat' dir='ltr'><strong>proficit</strong></span> <span class='ocrx_word' id='word_1_419' title='bbox 2419 3019 2723 3097; x_wconf 84' lang='lat' dir='ltr'><strong>sapientia</strong></span> <span class='ocrx_word' id='word_1_420' title='bbox 2744 3025 2799 3079; x_wconf 86' lang='lat' dir='ltr'><strong>et</strong></span> <span class='ocrx_word' id='word_1_421' title='bbox 2817 3026 2990 3079; x_wconf 78' lang='lat' dir='ltr'><strong>celate</strong></span> <span class='ocrx_word' id='word_1_422' title='bbox 3013 3026 3072 3078; x_wconf 86' lang='lat' dir='ltr'><strong>et</strong></span> <span class='ocrx_word' id='word_1_423' title='bbox 3089 3020 3293 3096; x_wconf 83' lang='lat' dir='ltr'><strong>gratia</strong></span> <span class='ocrx_word' id='word_1_424' title='bbox 3313 3021 3392 3095; x_wconf 67' lang='lat'><strong>5*;</strong></span> <span class='ocrx_word' id='word_1_425' title='bbox 3411 3040 3626 3083; x_wconf 86' lang='lat' dir='ltr'><strong>secun-</strong></span> 
     </span>
    </p>
   </div>
   <div class='ocr_carea' id='block_1_59' title="bbox 1979 3107 3617 3189">
    <p class='ocr_par' dir='ltr' id='par_1_59' title="bbox 1979 3107 3617 3189">
     <span class='ocr_line' id='line_1_59' title="bbox 1979 3107 3617 3189; baseline 0.002 -19"><span class='ocrx_word' id='word_1_426' title='bbox 1979 3112 2116 3170; x_wconf 90' lang='lat' dir='ltr'><strong>dum</strong></span> <span class='ocrx_word' id='word_1_427' title='bbox 2151 3127 2350 3189; x_wconf 84' lang='lat' dir='ltr'><strong>quam,</strong></span> <span class='ocrx_word' id='word_1_428' title='bbox 2381 3107 2765 3185; x_wconf 84' lang='lat' dir='ltr'><strong>intelligimus</strong></span> <span class='ocrx_word' id='word_1_429' title='bbox 2795 3108 3043 3186; x_wconf 90' lang='lat' dir='ltr'><strong>gratiam</strong></span> <span class='ocrx_word' id='word_1_430' title='bbox 3068 3126 3304 3187; x_wconf 87' lang='lat' dir='ltr'><strong>quoque</strong></span> <span class='ocrx_word' id='word_1_431' title='bbox 3330 3128 3439 3171; x_wconf 88' lang='lat' dir='ltr'><strong>ceu</strong></span> <span class='ocrx_word' id='word_1_432' title='bbox 3473 3129 3617 3186; x_wconf 65' lang='lat' dir='ltr'><strong>pra;-</strong></span> 
     </span>
    </p>
   </div>
   <div class='ocr_carea' id='block_1_60' title="bbox 246 3196 1891 3302">
    <p class='ocr_par' dir='ltr' id='par_1_60' title="bbox 246 3196 1891 3290">
     <span class='ocr_line' id='line_1_60' title="bbox 246 3196 1891 3290; baseline -0.003 -23"><span class='ocrx_word' id='word_1_433' title='bbox 246 3196 308 3267; x_wconf 64' lang='grc' dir='ltr'><strong>τό</strong></span> <span class='ocrx_word' id='word_1_434' title='bbox 351 3211 476 3290; x_wconf 80' lang='grc'><strong>(71)</strong></span> <span class='ocrx_word' id='word_1_435' title='bbox 539 3196 721 3279; x_wconf 75' lang='grc' dir='ltr'>δῆλον,</span> <span class='ocrx_word' id='word_1_436' title='bbox 769 3207 850 3265; x_wconf 81' lang='grc' dir='ltr'><strong>ὅτι</strong></span> <span class='ocrx_word' id='word_1_437' title='bbox 896 3209 981 3264; x_wconf 85' lang='grc' dir='ltr'><strong>καὶ</strong></span> <span class='ocrx_word' id='word_1_438' title='bbox 1025 3205 1182 3264; x_wconf 84' lang='grc' dir='ltr'>ἆθλον</span> <span class='ocrx_word' id='word_1_439' title='bbox 1226 3196 1712 3286; x_wconf 74' lang='grc' dir='ltr'>ἀνδραγαθημάτων</span> <span class='ocrx_word' id='word_1_440' title='bbox 1752 3208 1891 3280; x_wconf 78' lang='grc' dir='ltr'><strong>αῦτῷ</strong></span> 
     </span>
    </p>
   </div>
   <div class='ocr_carea' id='block_1_61' title="bbox 1981 3196 3607 3302">
    <p class='ocr_par' dir='ltr' id='par_1_61' title="bbox 1981 3196 3607 3276">
     <span class='ocr_line' id='line_1_61' title="bbox 1981 3196 3607 3276; baseline 0.002 -17"><span class='ocrx_word' id='word_1_441' title='bbox 1981 3202 2271 3259; x_wconf 89' lang='lat' dir='ltr'><strong>clarorum</strong></span> <span class='ocrx_word' id='word_1_442' title='bbox 2327 3197 2651 3258; x_wconf 77' lang='lat' dir='ltr'><strong>facinorum</strong></span> <span class='ocrx_word' id='word_1_443' title='bbox 2709 3196 3019 3276; x_wconf 66' lang='lat' dir='ltr'><strong>praemium</strong></span> <span class='ocrx_word' id='word_1_444' title='bbox 3070 3199 3122 3257; x_wconf 91' lang='lat' dir='ltr'><strong>ei</strong></span> <span class='ocrx_word' id='word_1_445' title='bbox 3174 3197 3366 3258; x_wconf 86' lang='lat' dir='ltr'><strong>datam</strong></span> <span class='ocrx_word' id='word_1_446' title='bbox 3400 3199 3607 3263; x_wconf 85' lang='lat' dir='ltr'><strong>fuisse.</strong></span> 
     </span>
    </p>
   </div>
   <div class='ocr_carea' id='block_1_62' title="bbox 250 3294 1885 3376">
    <p class='ocr_par' dir='ltr' id='par_1_62' title="bbox 250 3294 1885 3376">
     <span class='ocr_line' id='line_1_62' title="bbox 250 3294 1885 3376; baseline -0.001 -24"><span class='ocrx_word' id='word_1_447' title='bbox 250 3308 467 3375; x_wconf 80' lang='grc' dir='ltr'>νοοῦμεν</span> <span class='ocrx_word' id='word_1_448' title='bbox 512 3297 747 3355; x_wconf 78' lang='grc' dir='ltr'>δεδόσθαι</span> <span class='ocrx_word' id='word_1_449' title='bbox 793 3299 894 3365; x_wconf 78' lang='grc' dir='ltr'>τὴν</span> <span class='ocrx_word' id='word_1_450' title='bbox 941 3298 1126 3376; x_wconf 85' lang='grc' dir='ltr'>χάριν.</span> <span class='ocrx_word' id='word_1_451' title='bbox 1184 3294 1429 3370; x_wconf 78' lang='grc' dir='ltr'>’Ὅμοιον</span> <span class='ocrx_word' id='word_1_452' title='bbox 1483 3294 1536 3351; x_wconf 83' lang='grc' dir='ltr'><strong>δὲ</strong></span> <span class='ocrx_word' id='word_1_453' title='bbox 1593 3297 1760 3368; x_wconf 82' lang='grc' dir='ltr'>τούτῳ</span> <span class='ocrx_word' id='word_1_454' title='bbox 1802 3298 1885 3351; x_wconf 85' lang='grc' dir='ltr'>τὸ⁶</span> 
     </span>
    </p>
   </div>
   <div class='ocr_carea' id='block_1_63' title="bbox 248 3386 1010 3466">
    <p class='ocr_par' dir='ltr' id='par_1_63' title="bbox 248 3386 1010 3466">
     <span class='ocr_line' id='line_1_63' title="bbox 248 3386 1010 3466; baseline -0.007 -20"><span class='ocrx_word' id='word_1_455' title='bbox 248 3389 568 3466; x_wconf 70' lang='grc' dir='ltr'>’Πγάπησας</span> <span class='ocrx_word' id='word_1_456' title='bbox 647 3386 1010 3458; x_wconf 80' lang='grc' dir='ltr'>δικαιοσύνην,</span> 
     </span>
    </p>
   </div>
   <div class='ocr_carea' id='block_1_64' title="bbox 245 3473 1887 3558">
    <p class='ocr_par' dir='ltr' id='par_1_64' title="bbox 245 3473 1887 3558">
     <span class='ocr_line' id='line_1_64' title="bbox 245 3473 1887 3558; baseline -0.002 -24"><span class='ocrx_word' id='word_1_457' title='bbox 245 3479 329 3538; x_wconf 73' lang='grc' dir='ltr'>διὰ</span> <span class='ocrx_word' id='word_1_458' title='bbox 384 3486 538 3536; x_wconf 88' lang='grc' dir='ltr'>τοῦτο</span> <span class='ocrx_word' id='word_1_459' title='bbox 596 3479 779 3558; x_wconf 76' lang='grc' dir='ltr'>ἔχρισε</span> <span class='ocrx_word' id='word_1_460' title='bbox 839 3499 897 3533; x_wconf 88' lang='grc' dir='ltr'><strong>σε</strong></span> <span class='ocrx_word' id='word_1_461' title='bbox 956 3479 982 3532; x_wconf 85' lang='grc' dir='ltr'>ὁ</span> <span class='ocrx_word' id='word_1_462' title='bbox 1042 3478 1192 3548; x_wconf 86' lang='grc' dir='ltr'>Θεὸς,</span> <span class='ocrx_word' id='word_1_463' title='bbox 1253 3477 1281 3531; x_wconf 88' lang='grc' dir='ltr'>ὁ</span> <span class='ocrx_word' id='word_1_464' title='bbox 1341 3476 1467 3539; x_wconf 84' lang='grc' dir='ltr'>Θεὸς</span> <span class='ocrx_word' id='word_1_465' title='bbox 1521 3497 1636 3547; x_wconf 89' lang='grc' dir='ltr'>σου,</span> <span class='ocrx_word' id='word_1_466' title='bbox 1713 3473 1887 3532; x_wconf 82' lang='grc' dir='ltr'>ἔλαιον</span> 
     </span>
    </p>
   </div>
   <div class='ocr_carea' id='block_1_65' title="bbox 244 3553 1888 3644">
    <p class='ocr_par' dir='ltr' id='par_1_65' title="bbox 244 3553 1888 3644">
     <span class='ocr_line' id='line_1_65' title="bbox 244 3553 1888 3644; baseline -0.002 -21"><span class='ocrx_word' id='word_1_467' title='bbox 244 3553 832 3642; x_wconf 20' lang='grc' dir='ltr'>ἀγαλλιάσεως-’.παρᾶ</span> <span class='ocrx_word' id='word_1_468' title='bbox 886 3568 1006 3630; x_wconf 78' lang='grc' dir='ltr'>τοὺς</span> <span class='ocrx_word' id='word_1_469' title='bbox 1083 3565 1353 3644; x_wconf 84' lang='grc' dir='ltr'>μετόχους</span> <span class='ocrx_word' id='word_1_470' title='bbox 1413 3586 1528 3620; x_wconf 91' lang='grc' dir='ltr'>σου.</span> <span class='ocrx_word' id='word_1_471' title='bbox 1589 3553 1652 3644; x_wconf 58' lang='grc' dir='ltr'>’ᾳ</span> <span class='ocrx_word' id='word_1_472' title='bbox 1708 3586 1888 3642; x_wconf 86' lang='grc' dir='ltr'>παρα-</span> 
     </span>
    </p>
   </div>
   <div class='ocr_carea' id='block_1_66' title="bbox 242 3652 1883 3730">
    <p class='ocr_par' dir='ltr' id='par_1_66' title="bbox 242 3652 1883 3730">
     <span class='ocr_line' id='line_1_66' title="bbox 242 3652 1883 3730; baseline -0.004 -16"><span class='ocrx_word' id='word_1_473' title='bbox 242 3657 472 3727; x_wconf 77' lang='grc' dir='ltr'>πλήσιόν</span> <span class='ocrx_word' id='word_1_474' title='bbox 503 3657 614 3713; x_wconf 74' lang='grc' dir='ltr'>ἐστι</span> <span class='ocrx_word' id='word_1_475' title='bbox 661 3659 748 3712; x_wconf 85' lang='grc' dir='ltr'>καὶ</span> <span class='ocrx_word' id='word_1_476' title='bbox 781 3657 839 3711; x_wconf 86' lang='grc' dir='ltr'><strong>τὸ</strong></span> <span class='ocrx_word' id='word_1_477' title='bbox 868 3654 1252 3722; x_wconf 81' lang='grc' dir='ltr'>Φιλιππησίοις</span> <span class='ocrx_word' id='word_1_478' title='bbox 1288 3655 1430 3726; x_wconf 75' lang='grc' dir='ltr'>παρὰ</span> <span class='ocrx_word' id='word_1_479' title='bbox 1483 3652 1688 3709; x_wconf 79' lang='grc' dir='ltr'>Παύλου</span> <span class='ocrx_word' id='word_1_480' title='bbox 1747 3675 1883 3730; x_wconf 68' lang='grc' dir='ltr'>γραο·</span> 
     </span>
    </p>
   </div>
   <div class='ocr_carea' id='block_1_67' title="bbox 242 3744 1884 3825">
    <p class='ocr_par' dir='ltr' id='par_1_67' title="bbox 242 3744 1884 3825">
     <span class='ocr_line' id='line_1_67' title="bbox 242 3744 1884 3825; baseline -0.002 -23"><span class='ocrx_word' id='word_1_481' title='bbox 242 3747 359 3825; x_wconf 76' lang='grc' dir='ltr'>φὲν,</span> <span class='ocrx_word' id='word_1_482' title='bbox 412 3747 491 3802; x_wconf 83' lang='grc' dir='ltr'><strong>ὅτι</strong></span> <span class='ocrx_word' id='word_1_483' title='bbox 571 3747 958 3803; x_wconf 72' lang='grc' dir='ltr'>Ἐταπείδωσεν</span> <span class='ocrx_word' id='word_1_484' title='bbox 1047 3747 1230 3804; x_wconf 67' lang='grc' dir='ltr'>ἑαυτὸν</span> <span class='ocrx_word' id='word_1_485' title='bbox 1315 3744 1599 3822; x_wconf 84' lang='grc' dir='ltr'>γενόμενος</span> <span class='ocrx_word' id='word_1_486' title='bbox 1647 3744 1884 3812; x_wconf 74' lang='grc' dir='ltr'>ὑπήκοος</span> 
     </span>
    </p>
   </div>
   <div class='ocr_carea' id='block_1_68' title="bbox 245 3831 1884 3914">
    <p class='ocr_par' dir='ltr' id='par_1_68' title="bbox 245 3831 1884 3914">
     <span class='ocr_line' id='line_1_68' title="bbox 245 3831 1884 3914; baseline -0.001 -23"><span class='ocrx_word' id='word_1_487' title='bbox 245 3836 405 3914; x_wconf 59' lang='grc' dir='ltr'>μέχρι</span> <span class='ocrx_word' id='word_1_488' title='bbox 481 3836 724 3907; x_wconf 77' lang='grc' dir='ltr'>θανάτου,</span> <span class='ocrx_word' id='word_1_489' title='bbox 803 3834 1026 3892; x_wconf 77' lang='grc' dir='ltr'>θανάτου</span> <span class='ocrx_word' id='word_1_490' title='bbox 1099 3833 1154 3890; x_wconf 76' lang='grc' dir='ltr'><strong>δὲ</strong></span> <span class='ocrx_word' id='word_1_491' title='bbox 1235 3842 1480 3913; x_wconf 84' lang='grc' dir='ltr'>σταυροῦ,</span> <span class='ocrx_word' id='word_1_492' title='bbox 1561 3831 1640 3888; x_wconf 83' lang='grc' dir='ltr'><strong>διο</strong></span> <span class='ocrx_word' id='word_1_493' title='bbox 1713 3833 1799 3888; x_wconf 85' lang='grc' dir='ltr'><strong>καὶ</strong></span> <span class='ocrx_word' id='word_1_494' title='bbox 1857 3835 1884 3889; x_wconf 83' lang='grc' dir='ltr'>ὁ</span> 
     </span>
    </p>
   </div>
   <div class='ocr_carea' id='block_1_69' title="bbox 247 3920 1882 4002">
    <p class='ocr_par' dir='ltr' id='par_1_69' title="bbox 247 3920 1882 4002">
     <span class='ocr_line' id='line_1_69' title="bbox 247 3920 1882 4002; baseline -0.003 -21"><span class='ocrx_word' id='word_1_495' title='bbox 247 3927 378 3989; x_wconf 85' lang='grc' dir='ltr'>Θεὸς</span> <span class='ocrx_word' id='word_1_496' title='bbox 439 3927 594 3984; x_wconf 73' lang='grc' dir='ltr'>αὐτὸν</span> <span class='ocrx_word' id='word_1_497' title='bbox 663 3926 1026 4002; x_wconf 75' lang='grc' dir='ltr'>ὑπερύψωσεν.</span> <span class='ocrx_word' id='word_1_498' title='bbox 1109 3923 1284 3981; x_wconf 73' lang='grc' dir='ltr'>’ᾭστε</span> <span class='ocrx_word' id='word_1_499' title='bbox 1362 3921 1522 3989; x_wconf 72' lang='grc' dir='ltr'>δῆλον</span> <span class='ocrx_word' id='word_1_500' title='bbox 1602 3920 1752 4001; x_wconf 63' lang='lat'><strong>(7‘2),</strong></span> <span class='ocrx_word' id='word_1_501' title='bbox 1803 3920 1882 3977; x_wconf 78' lang='grc' dir='ltr'><strong>ὅτι</strong></span> 
     </span>
    </p>
   </div>
   <div class='ocr_carea' id='block_1_70' title="bbox 243 4011 1876 4092">
    <p class='ocr_par' dir='ltr' id='par_1_70' title="bbox 243 4011 1876 4092">
     <span class='ocr_line' id='line_1_70' title="bbox 243 4011 1876 4092; baseline -0.002 -22"><span class='ocrx_word' id='word_1_502' title='bbox 243 4022 406 4070; x_wconf 78' lang='grc' dir='ltr'>ταῦτα</span> <span class='ocrx_word' id='word_1_503' title='bbox 437 4015 553 4091; x_wconf 87' lang='grc' dir='ltr'>περὶ</span> <span class='ocrx_word' id='word_1_504' title='bbox 596 4021 688 4069; x_wconf 86' lang='grc' dir='ltr'><strong>τοῦ</strong></span> <span class='ocrx_word' id='word_1_505' title='bbox 719 4015 854 4070; x_wconf 80' lang='grc' dir='ltr'>κατὰ</span> <span class='ocrx_word' id='word_1_506' title='bbox 904 4016 994 4069; x_wconf 84' lang='grc' dir='ltr'><strong>τὸν</strong></span> <span class='ocrx_word' id='word_1_507' title='bbox 1044 4019 1272 4092; x_wconf 76' lang='grc' dir='ltr'>Σωτῆρα</span> <span class='ocrx_word' id='word_1_508' title='bbox 1302 4013 1579 4089; x_wconf 63' lang='grc' dir='ltr'>ἀνθρώπου</span> <span class='ocrx_word' id='word_1_509' title='bbox 1616 4011 1826 4089; x_wconf 85' lang='grc' dir='ltr'>λέγεται</span> <span class='ocrx_word' id='word_1_510' title='bbox 1863 4028 1876 4042; x_wconf 83' lang='grc'>⁶</span> 
     </span>
    </p>
   </div>
   <div class='ocr_carea' id='block_1_71' title="bbox 245 4101 1883 4180">
    <p class='ocr_par' dir='ltr' id='par_1_71' title="bbox 245 4101 1883 4180">
     <span class='ocr_line' id='line_1_71' title="bbox 245 4101 1883 4180; baseline -0.001 -22"><span class='ocrx_word' id='word_1_511' title='bbox 245 4104 281 4170; x_wconf 71' lang='grc' dir='ltr'>ἢ</span> <span class='ocrx_word' id='word_1_512' title='bbox 338 4101 520 4170; x_wconf 74' lang='grc' dir='ltr'>ἐπειδὴ</span> <span class='ocrx_word' id='word_1_513' title='bbox 593 4105 624 4171; x_wconf 76' lang='grc' dir='ltr'>ἦ</span> <span class='ocrx_word' id='word_1_514' title='bbox 682 4103 971 4168; x_wconf 77' lang='grc' dir='ltr'>Ἐκκλησία</span> <span class='ocrx_word' id='word_1_515' title='bbox 1031 4103 1188 4176; x_wconf 83' lang='grc' dir='ltr'>σῶμά</span> <span class='ocrx_word' id='word_1_516' title='bbox 1240 4101 1350 4158; x_wconf 80' lang='grc' dir='ltr'>ἐστι</span> <span class='ocrx_word' id='word_1_517' title='bbox 1395 4108 1486 4158; x_wconf 89' lang='grc' dir='ltr'><strong>τοῦ</strong></span> <span class='ocrx_word' id='word_1_518' title='bbox 1547 4101 1750 4180; x_wconf 80' lang='grc' dir='ltr'>Κυρίου,</span> <span class='ocrx_word' id='word_1_519' title='bbox 1797 4103 1883 4157; x_wconf 76' lang='grc' dir='ltr'>καὶ</span> 
     </span>
    </p>
   </div>
   <div class='ocr_carea' id='block_1_72' title="bbox 246 4188 1882 4272">
    <p class='ocr_par' dir='ltr' id='par_1_72' title="bbox 246 4188 1882 4272">
     <span class='ocr_line' id='line_1_72' title="bbox 246 4188 1882 4272; baseline -0.002 -25"><span class='ocrx_word' id='word_1_520' title='bbox 246 4195 396 4255; x_wconf 78' lang='grc' dir='ltr'>αῦτὸς</span> <span class='ocrx_word' id='word_1_521' title='bbox 451 4191 658 4272; x_wconf 78' lang='grc' dir='ltr'>κεφαλὴ</span> <span class='ocrx_word' id='word_1_522' title='bbox 704 4197 798 4258; x_wconf 78' lang='grc' dir='ltr'>τῆς</span> <span class='ocrx_word' id='word_1_523' title='bbox 845 4190 1164 4258; x_wconf 76' lang='grc' dir='ltr'>Ἐκκλησίας</span> <span class='ocrx_word' id='word_1_524' title='bbox 1199 4207 1212 4221; x_wconf 87' lang='grc'><strong><em>⁸</em></strong></span> <span class='ocrx_word' id='word_1_525' title='bbox 1245 4191 1424 4268; x_wconf 81' lang='grc' dir='ltr'>ὥσπερ</span> <span class='ocrx_word' id='word_1_526' title='bbox 1467 4188 1882 4265; x_wconf 78' lang='grc' dir='ltr'>ἀποδεδωκαμεν</span> 
     </span>
    </p>
   </div>
   <div class='ocr_carea' id='block_1_73' title="bbox 245 4279 1880 4362">
    <p class='ocr_par' dir='ltr' id='par_1_73' title="bbox 245 4279 1880 4362">
     <span class='ocr_line' id='line_1_73' title="bbox 245 4279 1880 4362; baseline -0.001 -25"><span class='ocrx_word' id='word_1_527' title='bbox 245 4281 403 4362; x_wconf 77' lang='grc' dir='ltr'>χείλη</span> <span class='ocrx_word' id='word_1_528' title='bbox 436 4283 581 4337; x_wconf 81' lang='grc' dir='ltr'>εἶναι</span> <span class='ocrx_word' id='word_1_529' title='bbox 612 4288 704 4338; x_wconf 62' lang='grc' dir='ltr'><strong>τοῦ</strong></span> <span class='ocrx_word' id='word_1_530' title='bbox 753 4287 976 4359; x_wconf 81' lang='grc' dir='ltr'>Χριστοῦ</span> <span class='ocrx_word' id='word_1_531' title='bbox 1027 4281 1143 4345; x_wconf 80' lang='grc' dir='ltr'>τοὺς</span> <span class='ocrx_word' id='word_1_532' title='bbox 1186 4279 1640 4357; x_wconf 83' lang='grc' dir='ltr'>ὑπηρετουμένους</span> <span class='ocrx_word' id='word_1_533' title='bbox 1685 4285 1762 4352; x_wconf 85' lang='grc' dir='ltr'>τῷ</span> <span class='ocrx_word' id='word_1_534' title='bbox 1792 4281 1880 4336; x_wconf 81' lang='grc' dir='ltr'>οῦ·</span> 
     </span>
    </p>
   </div>
   <div class='ocr_carea' id='block_1_74' title="bbox 245 4367 1881 4450">
    <p class='ocr_par' dir='ltr' id='par_1_74' title="bbox 245 4367 1881 4450">
     <span class='ocr_line' id='line_1_74' title="bbox 245 4367 1881 4450; baseline -0.004 -22"><span class='ocrx_word' id='word_1_535' title='bbox 245 4373 400 4449; x_wconf 79' lang='grc' dir='ltr'>ρανίῳ</span> <span class='ocrx_word' id='word_1_536' title='bbox 429 4369 573 4448; x_wconf 84' lang='grc' dir='ltr'>λόγῳ</span> <span class='ocrx_word' id='word_1_537' title='bbox 619 4370 821 4450; x_wconf 82' lang='grc' dir='ltr'>(ὥσπερ</span> <span class='ocrx_word' id='word_1_538' title='bbox 858 4369 1060 4434; x_wconf 78' lang='grc' dir='ltr'>Παῦλος</span> <span class='ocrx_word' id='word_1_539' title='bbox 1105 4370 1158 4426; x_wconf 77' lang='grc' dir='ltr'>ὲν</span> <span class='ocrx_word' id='word_1_540' title='bbox 1220 4371 1390 4444; x_wconf 78' lang='grc' dir='ltr'>ἑαυτῷ</span> <span class='ocrx_word' id='word_1_541' title='bbox 1440 4369 1583 4448; x_wconf 75' lang='grc' dir='ltr'>ἔχων</span> <span class='ocrx_word' id='word_1_542' title='bbox 1631 4367 1761 4446; x_wconf 85' lang='grc'>(73)</span> <span class='ocrx_word' id='word_1_543' title='bbox 1791 4371 1881 4425; x_wconf 88' lang='grc' dir='ltr'><strong>τὸν</strong></span> 
     </span>
    </p>
   </div>
   <div class='ocr_carea' id='block_1_75' title="bbox 244 4457 1880 4538">
    <p class='ocr_par' dir='ltr' id='par_1_75' title="bbox 244 4457 1880 4538">
     <span class='ocr_line' id='line_1_75' title="bbox 244 4457 1880 4538; baseline -0.004 -21"><span class='ocrx_word' id='word_1_544' title='bbox 244 4463 464 4538; x_wconf 80' lang='grc' dir='ltr'>Χριστὸν</span> <span class='ocrx_word' id='word_1_545' title='bbox 518 4459 804 4538; x_wconf 81' lang='grc' dir='ltr'>λαλοῦντα,</span> <span class='ocrx_word' id='word_1_546' title='bbox 889 4460 976 4516; x_wconf 77' lang='grc' dir='ltr'><strong>καὶ</strong></span> <span class='ocrx_word' id='word_1_547' title='bbox 1043 4459 1095 4514; x_wconf 79' lang='grc' dir='ltr'>εἴ</span> <span class='ocrx_word' id='word_1_548' title='bbox 1151 4481 1231 4521; x_wconf 81' lang='grc' dir='ltr'><strong>τις</strong></span> <span class='ocrx_word' id='word_1_549' title='bbox 1291 4458 1472 4531; x_wconf 80' lang='grc' dir='ltr'>ἐκείνῳ</span> <span class='ocrx_word' id='word_1_550' title='bbox 1539 4459 1637 4525; x_wconf 78' lang='grc' dir='ltr'><strong>τὴν</strong></span> <span class='ocrx_word' id='word_1_551' title='bbox 1687 4457 1880 4536; x_wconf 79' lang='grc' dir='ltr'>ἀρετὴν</span> 
     </span>
    </p>
   </div>
   <div class='ocr_carea' id='block_1_76' title="bbox 238 4546 1877 4628">
    <p class='ocr_par' dir='ltr' id='par_1_76' title="bbox 238 4546 1877 4628">
     <span class='ocr_line' id='line_1_76' title="bbox 238 4546 1877 4628; baseline -0.002 -23"><span class='ocrx_word' id='word_1_552' title='bbox 238 4548 606 4628; x_wconf 79' lang='grc' dir='ltr'>παραπλήσιος</span> <span class='ocrx_word' id='word_1_553' title='bbox 637 4565 650 4580; x_wconf 81' lang='grc'><strong>⁸</strong></span> <span class='ocrx_word' id='word_1_554' title='bbox 712 4547 851 4604; x_wconf 69' lang='grc' dir='ltr'>οὕτω</span> <span class='ocrx_word' id='word_1_555' title='bbox 898 4549 985 4604; x_wconf 82' lang='grc' dir='ltr'><strong>καὶ</strong></span> <span class='ocrx_word' id='word_1_556' title='bbox 1033 4549 1098 4604; x_wconf 81' lang='grc' dir='ltr'>τὰ</span> <span class='ocrx_word' id='word_1_557' title='bbox 1145 4547 1306 4604; x_wconf 81' lang='grc' dir='ltr'>λοιπά</span> <span class='ocrx_word' id='word_1_558' title='bbox 1359 4547 1499 4622; x_wconf 90' lang='grc' dir='ltr'>μέλη</span> <span class='ocrx_word' id='word_1_559' title='bbox 1545 4556 1636 4606; x_wconf 84' lang='grc' dir='ltr'><strong>τοῦ</strong></span> <span class='ocrx_word' id='word_1_560' title='bbox 1689 4546 1877 4621; x_wconf 81' lang='grc' dir='ltr'>σώμα-</span> 
     </span>
    </p>
   </div>
   <div class='ocr_carea' id='block_1_77' title="bbox 234 4636 1874 4716">
    <p class='ocr_par' dir='ltr' id='par_1_77' title="bbox 234 4636 1874 4716">
     <span class='ocr_line' id='line_1_77' title="bbox 234 4636 1874 4716; baseline -0.002 -22"><span class='ocrx_word' id='word_1_561' title='bbox 234 4661 320 4702; x_wconf 84' lang='grc' dir='ltr'><strong>τος</strong></span> <span class='ocrx_word' id='word_1_562' title='bbox 398 4641 490 4695; x_wconf 90' lang='grc' dir='ltr'><strong>τοῦ</strong></span> <span class='ocrx_word' id='word_1_563' title='bbox 577 4644 822 4716; x_wconf 79' lang='grc' dir='ltr'>Χριστοῦ,</span> <span class='ocrx_word' id='word_1_564' title='bbox 885 4639 932 4692; x_wconf 80' lang='grc' dir='ltr'>οἱ</span> <span class='ocrx_word' id='word_1_565' title='bbox 1019 4640 1202 4701; x_wconf 87' lang='grc' dir='ltr'>καθεϊς</span> <span class='ocrx_word' id='word_1_566' title='bbox 1279 4642 1383 4694; x_wconf 79' lang='grc' dir='ltr'>τῶν</span> <span class='ocrx_word' id='word_1_567' title='bbox 1444 4636 1874 4693; x_wconf 87' lang='grc' dir='ltr'>πεπιστευκότων</span> 
     </span>
    </p>
   </div>
   <div class='ocr_carea' id='block_1_78' title="bbox 237 4724 1874 4804">
    <p class='ocr_par' dir='ltr' id='par_1_78' title="bbox 237 4724 1874 4804">
     <span class='ocr_line' id='line_1_78' title="bbox 237 4724 1874 4804; baseline -0.001 -20"><span class='ocrx_word' id='word_1_568' title='bbox 237 4727 413 4802; x_wconf 77' lang='grc' dir='ltr'>ἐσμέν,</span> <span class='ocrx_word' id='word_1_569' title='bbox 462 4729 575 4786; x_wconf 65' lang='grc' dir='ltr'><strong>Τὶν</strong></span> <span class='ocrx_word' id='word_1_570' title='bbox 632 4727 719 4784; x_wconf 81' lang='grc' dir='ltr'>οὖν</span> <span class='ocrx_word' id='word_1_571' title='bbox 773 4733 842 4803; x_wconf 77' lang='grc' dir='ltr'>τῇ</span> <span class='ocrx_word' id='word_1_572' title='bbox 910 4725 1236 4798; x_wconf 53' lang='grc' dir='ltr'>Ἐκκλησία</span> <span class='ocrx_word' id='word_1_573' title='bbox 1274 4724 1552 4800; x_wconf 79' lang='grc' dir='ltr'>διδομένην</span> <span class='ocrx_word' id='word_1_574' title='bbox 1633 4724 1874 4804; x_wconf 78' lang='grc' dir='ltr'>εὐλογίαν</span> 
     </span>
    </p>
   </div>
   <div class='ocr_carea' id='block_1_79' title="bbox 238 4814 1876 4896">
    <p class='ocr_par' dir='ltr' id='par_1_79' title="bbox 238 4814 1876 4896">
     <span class='ocr_line' id='line_1_79' title="bbox 238 4814 1876 4896; baseline -0.001 -23"><span class='ocrx_word' id='word_1_575' title='bbox 238 4819 319 4873; x_wconf 79' lang='grc' dir='ltr'>ἐπὶ</span> <span class='ocrx_word' id='word_1_576' title='bbox 352 4819 444 4873; x_wconf 86' lang='grc' dir='ltr'><strong>τὸν</strong></span> <span class='ocrx_word' id='word_1_577' title='bbox 477 4817 664 4895; x_wconf 82' lang='grc' dir='ltr'>Κύριον</span> <span class='ocrx_word' id='word_1_578' title='bbox 709 4819 735 4872; x_wconf 83' lang='grc' dir='ltr'>ὁ</span> <span class='ocrx_word' id='word_1_579' title='bbox 779 4816 1050 4895; x_wconf 80' lang='grc' dir='ltr'>ἀναφέρων</span> <span class='ocrx_word' id='word_1_580' title='bbox 1082 4819 1185 4896; x_wconf 79' lang='grc' dir='ltr'><strong>οῦχ</strong></span> <span class='ocrx_word' id='word_1_581' title='bbox 1242 4815 1536 4893; x_wconf 74' lang='grc' dir='ltr'>ἁμαρτήσει</span> <span class='ocrx_word' id='word_1_582' title='bbox 1590 4814 1742 4894; x_wconf 79' lang='grc' dir='ltr'><strong>(Ἱ4).</strong></span> <span class='ocrx_word' id='word_1_583' title='bbox 1807 4817 1876 4874; x_wconf 86' lang='grc' dir='ltr'>Τὸ</span> 
     </span>
    </p>
   </div>
   <div class='ocr_carea' id='block_1_80' title="bbox 239 4904 1878 4984">
    <p class='ocr_par' dir='ltr' id='par_1_80' title="bbox 239 4904 1878 4984">
     <span class='ocr_line' id='line_1_80' title="bbox 239 4904 1878 4984; baseline -0.002 -20"><span class='ocrx_word' id='word_1_584' title='bbox 239 4905 668 4984; x_wconf 38' lang='grc' dir='ltr'>οῦνμΕῦλόγησέ</span> <span class='ocrx_word' id='word_1_585' title='bbox 702 4928 758 4962; x_wconf 84' lang='grc' dir='ltr'><strong>σε</strong></span> <span class='ocrx_word' id='word_1_586' title='bbox 789 4909 816 4962; x_wconf 82' lang='grc' dir='ltr'>ὁ</span> <span class='ocrx_word' id='word_1_587' title='bbox 863 4907 1016 4978; x_wconf 80' lang='grc' dir='ltr'>Θεὸς,</span> <span class='ocrx_word' id='word_1_588' title='bbox 1065 4905 1324 4978; x_wconf 83' lang='grc' dir='ltr'>τουτέστι,</span> <span class='ocrx_word' id='word_1_589' title='bbox 1379 4908 1449 4963; x_wconf 79' lang='grc' dir='ltr'><strong>Τὰ</strong></span> <span class='ocrx_word' id='word_1_590' title='bbox 1501 4904 1638 4980; x_wconf 87' lang='grc' dir='ltr'>μέλη</span> <span class='ocrx_word' id='word_1_591' title='bbox 1691 4905 1756 4962; x_wconf 75' lang='grc' dir='ltr'><strong>τὰ</strong></span> <span class='ocrx_word' id='word_1_592' title='bbox 1812 4906 1878 4961; x_wconf 78' lang='grc' dir='ltr'><strong>σὰ</strong></span> 
     </span>
    </p>
   </div>
   <div class='ocr_carea' id='block_1_81' title="bbox 237 4993 1877 5072">
    <p class='ocr_par' dir='ltr' id='par_1_81' title="bbox 237 4993 1877 5072">
     <span class='ocr_line' id='line_1_81' title="bbox 237 4993 1877 5072; baseline 0 -22"><span class='ocrx_word' id='word_1_593' title='bbox 237 5000 320 5051; x_wconf 81' lang='grc' dir='ltr'><strong>καὶ</strong></span> <span class='ocrx_word' id='word_1_594' title='bbox 351 4997 410 5052; x_wconf 90' lang='grc' dir='ltr'><strong>τὸ</strong></span> <span class='ocrx_word' id='word_1_595' title='bbox 441 5001 597 5070; x_wconf 82' lang='grc' dir='ltr'>σῶμα</span> <span class='ocrx_word' id='word_1_596' title='bbox 627 4997 688 5051; x_wconf 84' lang='grc' dir='ltr'><strong>τὸ</strong></span> <span class='ocrx_word' id='word_1_597' title='bbox 728 4996 818 5050; x_wconf 90' lang='grc' dir='ltr'><strong>σὸν</strong></span> <span class='ocrx_word' id='word_1_598' title='bbox 868 4993 1146 5072; x_wconf 77' lang='grc' dir='ltr'>ἐπλήρωσε</span> <span class='ocrx_word' id='word_1_599' title='bbox 1198 5001 1305 5050; x_wconf 85' lang='grc' dir='ltr'>τῶν</span> <span class='ocrx_word' id='word_1_600' title='bbox 1336 4993 1460 5072; x_wconf 84' lang='grc' dir='ltr'>παρ’</span> <span class='ocrx_word' id='word_1_601' title='bbox 1513 4995 1697 5050; x_wconf 69' lang='grc' dir='ltr'>ἑαυτοῦ</span> <span class='ocrx_word' id='word_1_602' title='bbox 1741 4995 1877 5072; x_wconf 81' lang='grc' dir='ltr'>ἁγα-</span> 
     </span>
    </p>
   </div>
   <div class='ocr_carea' id='block_1_82' title="bbox 313 5156 784 5219">
    <p class='ocr_par' dir='ltr' id='par_1_82' title="bbox 313 5156 784 5219">
     <span class='ocr_line' id='line_1_82' title="bbox 313 5156 784 5219; baseline -0.017 0"><span class='ocrx_word' id='word_1_603' title='bbox 313 5156 375 5206; x_wconf 76' lang='grc'><strong>4⁴</strong></span> <span class='ocrx_word' id='word_1_604' title='bbox 407 5158 426 5219; x_wconf 95' lang='lat' dir='ltr'><strong>l</strong></span> <span class='ocrx_word' id='word_1_605' title='bbox 459 5158 595 5219; x_wconf 90' lang='lat' dir='ltr'><strong>Cor.</strong></span> <span class='ocrx_word' id='word_1_606' title='bbox 621 5173 662 5219; x_wconf 87' lang='grc' dir='ltr'>ι.</span> <span class='ocrx_word' id='word_1_607' title='bbox 688 5158 784 5215; x_wconf 80' lang='lat' dir='ltr'><strong>2t.</strong></span> 
     </span>
    </p>
   </div>
   <div class='ocr_carea' id='block_1_83' title="bbox 875 5151 2119 5234">
    <p class='ocr_par' dir='ltr' id='par_1_83' title="bbox 875 5151 2119 5234">
     <span class='ocr_line' id='line_1_83' title="bbox 875 5151 2119 5234; baseline -0.006 -16"><span class='ocrx_word' id='word_1_608' title='bbox 875 5155 938 5206; x_wconf 72' lang='grc'><strong>45</strong></span> <span class='ocrx_word' id='word_1_609' title='bbox 965 5151 1152 5217; x_wconf 89' lang='lat' dir='ltr'><strong>Galat.</strong></span> <span class='ocrx_word' id='word_1_610' title='bbox 1181 5171 1264 5234; x_wconf 75' lang='lat' dir='ltr'><strong>x1,</strong></span> <span class='ocrx_word' id='word_1_611' title='bbox 1292 5156 1391 5215; x_wconf 78' lang='grc'><strong>14.</strong></span> <span class='ocrx_word' id='word_1_612' title='bbox 1477 5152 1540 5202; x_wconf 80' lang='grc'><strong>46</strong></span> <span class='ocrx_word' id='word_1_613' title='bbox 1570 5153 1593 5215; x_wconf 88' lang='grc' dir='ltr'><strong>Ι</strong></span> <span class='ocrx_word' id='word_1_614' title='bbox 1618 5152 1752 5216; x_wconf 93' lang='lat' dir='ltr'><strong>Cor.</strong></span> <span class='ocrx_word' id='word_1_615' title='bbox 1789 5169 1852 5229; x_wconf 82' lang='grc' dir='ltr'><strong>ιι,</strong></span> <span class='ocrx_word' id='word_1_616' title='bbox 1887 5153 1984 5234; x_wconf 76' lang='lat'><strong>12,</strong></span> <span class='ocrx_word' id='word_1_617' title='bbox 2021 5151 2119 5234; x_wconf 76' lang='lat' dir='ltr'><strong>l3.</strong></span> 
     </span>
    </p>
   </div>
   <div class='ocr_carea' id='block_1_84' title="bbox 1973 3284 3612 3368">
    <p class='ocr_par' dir='ltr' id='par_1_84' title="bbox 1973 3284 3612 3368">
     <span class='ocr_line' id='line_1_84' title="bbox 1973 3284 3612 3368; baseline 0.001 -18"><span class='ocrx_word' id='word_1_618' title='bbox 1973 3290 2161 3368; x_wconf 85' lang='lat' dir='ltr'><strong>Hujus</strong></span> <span class='ocrx_word' id='word_1_619' title='bbox 2201 3289 2332 3347; x_wconf 72' lang='grc'><strong>165</strong></span> <span class='ocrx_word' id='word_1_620' title='bbox 2391 3295 2587 3347; x_wconf 87' lang='lat' dir='ltr'><strong>autem</strong></span> <span class='ocrx_word' id='word_1_621' title='bbox 2642 3286 2836 3346; x_wconf 88' lang='lat' dir='ltr'><strong>simile</strong></span> <span class='ocrx_word' id='word_1_622' title='bbox 2897 3294 2986 3346; x_wconf 88' lang='lat' dir='ltr'><strong>est</strong></span> <span class='ocrx_word' id='word_1_623' title='bbox 3021 3284 3241 3346; x_wconf 63' lang='lat' dir='ltr'><strong>illud“</strong></span> <span class='ocrx_word' id='word_1_624' title='bbox 3276 3309 3289 3348; x_wconf 91' lang='lat'>:</span> <span class='ocrx_word' id='word_1_625' title='bbox 3329 3288 3612 3352; x_wconf 71' lang='lat' dir='ltr'><strong>Dilext&#39;sti</strong></span> 
     </span>
    </p>
   </div>
   <div class='ocr_carea' id='block_1_85' title="bbox 1097 3375 1891 3460">
    <p class='ocr_par' dir='ltr' id='par_1_85' title="bbox 1097 3385 1883 3460">
     <span class='ocr_line' id='line_1_85' title="bbox 1097 3385 1883 3460; baseline -0.003 -18"><span class='ocrx_word' id='word_1_626' title='bbox 1097 3388 1184 3442; x_wconf 77' lang='grc' dir='ltr'><strong>καὶ</strong></span> <span class='ocrx_word' id='word_1_627' title='bbox 1271 3385 1528 3460; x_wconf 82' lang='grc' dir='ltr'>ἐμίσησας</span> <span class='ocrx_word' id='word_1_628' title='bbox 1620 3385 1883 3458; x_wconf 81' lang='grc' dir='ltr'>ἁνομίαν’</span> 
     </span>
    </p>
   </div>
   <div class='ocr_carea' id='block_1_86' title="bbox 1981 3375 3610 3460">
    <p class='ocr_par' dir='ltr' id='par_1_86' title="bbox 1981 3375 3610 3456">
     <span class='ocr_line' id='line_1_86' title="bbox 1981 3375 3610 3456; baseline 0.002 -18"><span class='ocrx_word' id='word_1_629' title='bbox 1981 3382 2299 3449; x_wconf 57' lang='lat' dir='ltr'><strong>ras-titiam,</strong></span> <span class='ocrx_word' id='word_1_630' title='bbox 2335 3384 2390 3438; x_wconf 88' lang='lat' dir='ltr'><strong>et</strong></span> <span class='ocrx_word' id='word_1_631' title='bbox 2421 3376 2600 3436; x_wconf 79' lang='lat' dir='ltr'><strong>odisti</strong></span> <span class='ocrx_word' id='word_1_632' title='bbox 2630 3375 3012 3455; x_wconf 81' lang='lat' dir='ltr'><strong>iniquitatem</strong></span> <span class='ocrx_word' id='word_1_633' title='bbox 3043 3394 3060 3449; x_wconf 87' lang='lat'><strong><em>;</em></strong></span> <span class='ocrx_word' id='word_1_634' title='bbox 3084 3385 3403 3456; x_wconf 81' lang='lat' dir='ltr'><strong>propterea</strong></span> <span class='ocrx_word' id='word_1_635' title='bbox 3433 3382 3610 3442; x_wconf 75' lang='lat' dir='ltr'><strong>unxit</strong></span> 
     </span>
    </p>
   </div>
   <div class='ocr_carea' id='block_1_87' title="bbox 1975 3464 3610 3545">
    <p class='ocr_par' dir='ltr' id='par_1_87' title="bbox 1975 3464 3610 3545">
     <span class='ocr_line' id='line_1_87' title="bbox 1975 3464 3610 3545; baseline 0.002 -17"><span class='ocrx_word' id='word_1_636' title='bbox 1975 3478 2028 3530; x_wconf 79' lang='lat' dir='ltr'><strong>te</strong></span> <span class='ocrx_word' id='word_1_637' title='bbox 2057 3469 2228 3540; x_wconf 86' lang='lat' dir='ltr'><strong>Deus,</strong></span> <span class='ocrx_word' id='word_1_638' title='bbox 2273 3467 2432 3528; x_wconf 85' lang='lat' dir='ltr'><strong>Deus</strong></span> <span class='ocrx_word' id='word_1_639' title='bbox 2483 3472 2620 3526; x_wconf 85' lang='lat' dir='ltr'><strong>tuus</strong></span> <span class='ocrx_word' id='word_1_640' title='bbox 2651 3464 2777 3526; x_wconf 85' lang='lat' dir='ltr'><strong>oleo</strong></span> <span class='ocrx_word' id='word_1_641' title='bbox 2814 3465 3042 3525; x_wconf 68' lang='lat' dir='ltr'><strong>laetitiae</strong></span> <span class='ocrx_word' id='word_1_642' title='bbox 3067 3484 3177 3545; x_wconf 82' lang='lat' dir='ltr'><strong>pru</strong></span> <span class='ocrx_word' id='word_1_643' title='bbox 3226 3468 3610 3532; x_wconf 83' lang='lat' dir='ltr'><strong>consortibus</strong></span> 
     </span>
    </p>
   </div>
   <div class='ocr_carea' id='block_1_88' title="bbox 1971 3554 3606 3634">
    <p class='ocr_par' dir='ltr' id='par_1_88' title="bbox 1971 3554 3606 3634">
     <span class='ocr_line' id='line_1_88' title="bbox 1971 3554 3606 3634; baseline 0 -14"><span class='ocrx_word' id='word_1_644' title='bbox 1971 3558 2228 3620; x_wconf 69' lang='lat' dir='ltr'><strong>tuisJIui</strong></span> <span class='ocrx_word' id='word_1_645' title='bbox 2260 3556 2434 3616; x_wconf 84' lang='lat' dir='ltr'><strong>afﬁne</strong></span> <span class='ocrx_word' id='word_1_646' title='bbox 2467 3564 2556 3615; x_wconf 88' lang='lat' dir='ltr'><strong>est</strong></span> <span class='ocrx_word' id='word_1_647' title='bbox 2588 3563 2646 3614; x_wconf 90' lang='lat' dir='ltr'><strong>et</strong></span> <span class='ocrx_word' id='word_1_648' title='bbox 2678 3554 2818 3614; x_wconf 91' lang='lat' dir='ltr'><strong>illud</strong></span> <span class='ocrx_word' id='word_1_649' title='bbox 2850 3554 3327 3634; x_wconf 85' lang='lat' dir='ltr'><strong>Pliilippeusibus</strong></span> <span class='ocrx_word' id='word_1_650' title='bbox 3359 3576 3390 3617; x_wconf 90' lang='lat' dir='ltr'><strong>a</strong></span> <span class='ocrx_word' id='word_1_651' title='bbox 3423 3557 3606 3622; x_wconf 89' lang='lat' dir='ltr'><strong>Paulo</strong></span> 
     </span>
    </p>
   </div>
   <div class='ocr_carea' id='block_1_89' title="bbox 1967 3643 3610 3723">
    <p class='ocr_par' dir='ltr' id='par_1_89' title="bbox 1967 3643 3610 3723">
     <span class='ocr_line' id='line_1_89' title="bbox 1967 3643 3610 3723; baseline -0.001 -14"><span class='ocrx_word' id='word_1_652' title='bbox 1967 3650 2279 3723; x_wconf 85' lang='lat' dir='ltr'><strong>scriptum:</strong></span> <span class='ocrx_word' id='word_1_653' title='bbox 2315 3643 3074 3721; x_wconf 82' lang='lat' dir='ltr'><strong>llumiliavitsemetipsum</strong></span> <span class='ocrx_word' id='word_1_654' title='bbox 3103 3645 3307 3720; x_wconf 81' lang='lat' dir='ltr'><strong>factus</strong></span> <span class='ocrx_word' id='word_1_655' title='bbox 3327 3648 3610 3710; x_wconf 78' lang='lat' dir='ltr'><strong>obediens</strong></span> 
     </span>
    </p>
   </div>
   <div class='ocr_carea' id='block_1_90' title="bbox 1967 3737 3611 3816">
    <p class='ocr_par' dir='ltr' id='par_1_90' title="bbox 1967 3737 3611 3816">
     <span class='ocr_line' id='line_1_90' title="bbox 1967 3737 3611 3816; baseline 0.001 -17"><span class='ocrx_word' id='word_1_656' title='bbox 1967 3755 2154 3816; x_wconf 79' lang='lat' dir='ltr'><strong>usque</strong></span> <span class='ocrx_word' id='word_1_657' title='bbox 2174 3737 2252 3797; x_wconf 81' lang='lat' dir='ltr'><strong>ad</strong></span> <span class='ocrx_word' id='word_1_658' title='bbox 2275 3741 2546 3805; x_wconf 84' lang='lat' dir='ltr'><strong>mortem,</strong></span> <span class='ocrx_word' id='word_1_659' title='bbox 2585 3740 2838 3793; x_wconf 82' lang='lat' dir='ltr'><strong>mortem</strong></span> <span class='ocrx_word' id='word_1_660' title='bbox 2881 3742 3083 3794; x_wconf 86' lang='lat' dir='ltr'><strong>autem</strong></span> <span class='ocrx_word' id='word_1_661' title='bbox 3106 3737 3323 3815; x_wconf 83' lang='lat' dir='ltr'><strong>crucis,</strong></span> <span class='ocrx_word' id='word_1_662' title='bbox 3357 3744 3611 3816; x_wconf 84' lang='lat' dir='ltr'><strong>propter</strong></span> 
     </span>
    </p>
   </div>
   <div class='ocr_carea' id='block_1_91' title="bbox 1966 3822 3606 3905">
    <p class='ocr_par' dir='ltr' id='par_1_91' title="bbox 1966 3822 3606 3905">
     <span class='ocr_line' id='line_1_91' title="bbox 1966 3822 3606 3905; baseline 0.002 -19"><span class='ocrx_word' id='word_1_663' title='bbox 1966 3829 2186 3905; x_wconf 80' lang='lat' dir='ltr'><strong>quodet</strong></span> <span class='ocrx_word' id='word_1_664' title='bbox 2216 3824 2667 3885; x_wconf 76' lang='lat' dir='ltr'><strong>Densexaltavit</strong></span> <span class='ocrx_word' id='word_1_665' title='bbox 2695 3822 2869 3883; x_wconf 78' lang='lat' dir='ltr'><strong>illum</strong></span> <span class='ocrx_word' id='word_1_666' title='bbox 2900 3822 3173 3893; x_wconf 78' lang='lat' dir='ltr'><strong>53.Quare</strong></span> <span class='ocrx_word' id='word_1_667' title='bbox 3197 3824 3384 3904; x_wconf 87' lang='lat' dir='ltr'><strong>liquet</strong></span> <span class='ocrx_word' id='word_1_668' title='bbox 3403 3825 3606 3889; x_wconf 70' lang='lat' dir='ltr'><strong>isthzec</strong></span> 
     </span>
    </p>
   </div>
   <div class='ocr_carea' id='block_1_92' title="bbox 1968 3911 3606 3991">
    <p class='ocr_par' dir='ltr' id='par_1_92' title="bbox 1968 3911 3606 3991">
     <span class='ocr_line' id='line_1_92' title="bbox 1968 3911 3606 3991; baseline -0.001 -14"><span class='ocrx_word' id='word_1_669' title='bbox 1968 3916 2041 3977; x_wconf 87' lang='lat' dir='ltr'><strong>de</strong></span> <span class='ocrx_word' id='word_1_670' title='bbox 2059 3917 2357 3976; x_wconf 86' lang='lat' dir='ltr'><strong>Salvatore</strong></span> <span class='ocrx_word' id='word_1_671' title='bbox 2382 3921 2442 3972; x_wconf 90' lang='lat' dir='ltr'><strong>ut</strong></span> <span class='ocrx_word' id='word_1_672' title='bbox 2460 3911 2705 3972; x_wconf 67' lang='lat' dir='ltr'><strong>homine</strong></span> <span class='ocrx_word' id='word_1_673' title='bbox 2721 3911 2841 3972; x_wconf 90' lang='lat' dir='ltr'><strong>dici</strong></span> <span class='ocrx_word' id='word_1_674' title='bbox 2870 3932 2882 3972; x_wconf 90' lang='lat'><strong>:</strong></span> <span class='ocrx_word' id='word_1_675' title='bbox 2914 3919 3015 3972; x_wconf 92' lang='lat' dir='ltr'><strong>aut</strong></span> <span class='ocrx_word' id='word_1_676' title='bbox 3041 3915 3320 3991; x_wconf 87' lang='lat' dir='ltr'><strong>quoniam</strong></span> <span class='ocrx_word' id='word_1_677' title='bbox 3341 3913 3606 3977; x_wconf 89' lang='lat' dir='ltr'><strong>Ecclesia</strong></span> 
     </span>
    </p>
   </div>
   <div class='ocr_carea' id='block_1_93' title="bbox 1966 4000 3598 4083">
    <p class='ocr_par' dir='ltr' id='par_1_93' title="bbox 1966 4000 3598 4083">
     <span class='ocr_line' id='line_1_93' title="bbox 1966 4000 3598 4083; baseline -0.001 -17"><span class='ocrx_word' id='word_1_678' title='bbox 1966 4022 2188 4080; x_wconf 83' lang='lat' dir='ltr'><strong>corpus</strong></span> <span class='ocrx_word' id='word_1_679' title='bbox 2211 4009 2298 4064; x_wconf 90' lang='lat' dir='ltr'><strong>est</strong></span> <span class='ocrx_word' id='word_1_680' title='bbox 2330 4000 2650 4070; x_wconf 89' lang='lat' dir='ltr'><strong>Domini,et</strong></span> <span class='ocrx_word' id='word_1_681' title='bbox 2680 4000 2807 4079; x_wconf 88' lang='lat' dir='ltr'><strong>ipse</strong></span> <span class='ocrx_word' id='word_1_682' title='bbox 2831 4010 3008 4080; x_wconf 90' lang='lat' dir='ltr'><strong>caput</strong></span> <span class='ocrx_word' id='word_1_683' title='bbox 3035 4003 3313 4063; x_wconf 75' lang='lat' dir='ltr'><strong>Ecclesiae</strong></span> <span class='ocrx_word' id='word_1_684' title='bbox 3342 4021 3353 4064; x_wconf 90' lang='lat'>:</span> <span class='ocrx_word' id='word_1_685' title='bbox 3387 4021 3598 4083; x_wconf 76' lang='lat' dir='ltr'><strong>quem—</strong></span> 
     </span>
    </p>
   </div>
   <div class='ocr_carea' id='block_1_94' title="bbox 1965 4088 3602 4155">
    <p class='ocr_par' dir='ltr' id='par_1_94' title="bbox 1965 4088 3602 4155">
     <span class='ocr_line' id='line_1_94' title="bbox 1965 4088 3602 4155; baseline -0.001 0"><span class='ocrx_word' id='word_1_686' title='bbox 1965 4095 2283 4155; x_wconf 86' lang='lat' dir='ltr'><strong>admodum</strong></span> <span class='ocrx_word' id='word_1_687' title='bbox 2341 4089 2596 4151; x_wconf 78' lang='lat' dir='ltr'><strong>ccelestis</strong></span> <span class='ocrx_word' id='word_1_688' title='bbox 2675 4088 2840 4149; x_wconf 87' lang='lat' dir='ltr'><strong>verbi</strong></span> <span class='ocrx_word' id='word_1_689' title='bbox 2900 4089 3201 4151; x_wconf 70' lang='lat' dir='ltr'><strong>ministros</strong></span> <span class='ocrx_word' id='word_1_690' title='bbox 3258 4090 3418 4152; x_wconf 88' lang='lat' dir='ltr'><strong>labia</strong></span> <span class='ocrx_word' id='word_1_691' title='bbox 3467 4109 3602 4154; x_wconf 86' lang='lat' dir='ltr'><strong>esse</strong></span> 
     </span>
    </p>
   </div>
   <div class='ocr_carea' id='block_1_95' title="bbox 1964 4176 3600 4260">
    <p class='ocr_par' dir='ltr' id='par_1_95' title="bbox 1964 4176 3600 4260">
     <span class='ocr_line' id='line_1_95' title="bbox 1964 4176 3600 4260; baseline -0.002 -15"><span class='ocrx_word' id='word_1_692' title='bbox 1964 4182 2181 4247; x_wconf 90' lang='lat' dir='ltr'><strong>Christi</strong></span> <span class='ocrx_word' id='word_1_693' title='bbox 2211 4179 2471 4241; x_wconf 84' lang='lat' dir='ltr'><strong>diximus</strong></span> <span class='ocrx_word' id='word_1_694' title='bbox 2505 4177 2614 4258; x_wconf 89' lang='lat' dir='ltr'><strong>(uti</strong></span> <span class='ocrx_word' id='word_1_695' title='bbox 2647 4187 2771 4238; x_wconf 87' lang='lat' dir='ltr'><strong>erat</strong></span> <span class='ocrx_word' id='word_1_696' title='bbox 2800 4176 3017 4239; x_wconf 86' lang='lat' dir='ltr'><strong>Paulus</strong></span> <span class='ocrx_word' id='word_1_697' title='bbox 3043 4179 3102 4238; x_wconf 89' lang='lat' dir='ltr'><strong>in</strong></span> <span class='ocrx_word' id='word_1_698' title='bbox 3138 4197 3202 4240; x_wconf 90' lang='lat' dir='ltr'><strong>se</strong></span> <span class='ocrx_word' id='word_1_699' title='bbox 3224 4179 3353 4260; x_wconf 89' lang='lat' dir='ltr'><strong>ipso</strong></span> <span class='ocrx_word' id='word_1_700' title='bbox 3373 4180 3600 4243; x_wconf 89' lang='lat' dir='ltr'><strong>habens</strong></span> 
     </span>
    </p>
   </div>
   <div class='ocr_carea' id='block_1_96' title="bbox 1966 4267 3599 4348">
    <p class='ocr_par' dir='ltr' id='par_1_96' title="bbox 1966 4267 3599 4348">
     <span class='ocr_line' id='line_1_96' title="bbox 1966 4267 3599 4348; baseline -0.002 -11"><span class='ocrx_word' id='word_1_701' title='bbox 1966 4275 2263 4337; x_wconf 90' lang='lat' dir='ltr'><strong>Christum</strong></span> <span class='ocrx_word' id='word_1_702' title='bbox 2296 4271 2636 4348; x_wconf 90' lang='lat' dir='ltr'><strong>loquentem</strong></span> <span class='ocrx_word' id='word_1_703' title='bbox 2667 4269 2750 4346; x_wconf 72' lang='lat'><strong>54,</strong></span> <span class='ocrx_word' id='word_1_704' title='bbox 2788 4275 2845 4327; x_wconf 89' lang='lat' dir='ltr'><strong>et</strong></span> <span class='ocrx_word' id='word_1_705' title='bbox 2871 4267 2920 4328; x_wconf 92' lang='lat' dir='ltr'><strong>si</strong></span> <span class='ocrx_word' id='word_1_706' title='bbox 2953 4268 3084 4347; x_wconf 91' lang='lat' dir='ltr'><strong>quis</strong></span> <span class='ocrx_word' id='word_1_707' title='bbox 3125 4268 3210 4328; x_wconf 91' lang='lat' dir='ltr'><strong>illi</strong></span> <span class='ocrx_word' id='word_1_708' title='bbox 3255 4287 3360 4348; x_wconf 89' lang='lat' dir='ltr'><strong>par</strong></span> <span class='ocrx_word' id='word_1_709' title='bbox 3387 4269 3599 4334; x_wconf 86' lang='lat' dir='ltr'><strong>virtute</strong></span> 
     </span>
    </p>
   </div>
   <div class='ocr_carea' id='block_1_97' title="bbox 1965 4356 3598 4440">
    <p class='ocr_par' dir='ltr' id='par_1_97' title="bbox 1965 4356 3598 4440">
     <span class='ocr_line' id='line_1_97' title="bbox 1965 4356 3598 4440; baseline 0 -17"><span class='ocrx_word' id='word_1_710' title='bbox 1965 4369 2074 4440; x_wconf 79' lang='lat' dir='ltr'><strong>est)</strong></span> <span class='ocrx_word' id='word_1_711' title='bbox 2111 4379 2123 4419; x_wconf 91' lang='lat'><strong>:</strong></span> <span class='ocrx_word' id='word_1_712' title='bbox 2161 4362 2248 4421; x_wconf 89' lang='lat' dir='ltr'><strong>sic</strong></span> <span class='ocrx_word' id='word_1_713' title='bbox 2313 4359 2490 4420; x_wconf 88' lang='lat' dir='ltr'><strong>etiam</strong></span> <span class='ocrx_word' id='word_1_714' title='bbox 2549 4357 2782 4436; x_wconf 89' lang='lat' dir='ltr'><strong>reliqua</strong></span> <span class='ocrx_word' id='word_1_715' title='bbox 2841 4357 3106 4436; x_wconf 90' lang='lat' dir='ltr'><strong>corporis</strong></span> <span class='ocrx_word' id='word_1_716' title='bbox 3150 4356 3365 4421; x_wconf 88' lang='lat' dir='ltr'><strong>Christi</strong></span> <span class='ocrx_word' id='word_1_717' title='bbox 3401 4378 3598 4422; x_wconf 80' lang='lat' dir='ltr'><strong>mem-</strong></span> 
     </span>
    </p>
   </div>
   <div class='ocr_carea' id='block_1_98' title="bbox 1964 4444 3596 4528">
    <p class='ocr_par' dir='ltr' id='par_1_98' title="bbox 1964 4444 3596 4528">
     <span class='ocr_line' id='line_1_98' title="bbox 1964 4444 3596 4528; baseline -0.002 -15"><span class='ocrx_word' id='word_1_718' title='bbox 1964 4453 2067 4514; x_wconf 90' lang='lat' dir='ltr'><strong>bra</strong></span> <span class='ocrx_word' id='word_1_719' title='bbox 2081 4468 2284 4512; x_wconf 91' lang='lat' dir='ltr'><strong>sumus</strong></span> <span class='ocrx_word' id='word_1_720' title='bbox 2297 4455 2587 4528; x_wconf 87' lang='lat' dir='ltr'><strong>quotquot</strong></span> <span class='ocrx_word' id='word_1_721' title='bbox 2612 4445 2994 4507; x_wconf 85' lang='lat' dir='ltr'><strong>credidimus.</strong></span> <span class='ocrx_word' id='word_1_722' title='bbox 3009 4444 3067 4507; x_wconf 92' lang='lat' dir='ltr'><strong>Si</strong></span> <span class='ocrx_word' id='word_1_723' title='bbox 3094 4447 3225 4526; x_wconf 88' lang='lat' dir='ltr'><strong>quis</strong></span> <span class='ocrx_word' id='word_1_724' title='bbox 3244 4466 3384 4526; x_wconf 88' lang='lat' dir='ltr'><strong>ergo</strong></span> <span class='ocrx_word' id='word_1_725' title='bbox 3403 4449 3596 4510; x_wconf 86' lang='lat' dir='ltr'><strong>datam</strong></span> 
     </span>
    </p>
   </div>
   <div class='ocr_carea' id='block_1_99' title="bbox 1963 4533 3600 4613">
    <p class='ocr_par' dir='ltr' id='par_1_99' title="bbox 1963 4533 3600 4613">
     <span class='ocr_line' id='line_1_99' title="bbox 1963 4533 3600 4613; baseline -0.001 -10"><span class='ocrx_word' id='word_1_726' title='bbox 1963 4541 2241 4603; x_wconf 67' lang='lat' dir='ltr'><strong>Ecclesia:</strong></span> <span class='ocrx_word' id='word_1_727' title='bbox 2263 4537 2740 4599; x_wconf 83' lang='lat' dir='ltr'><strong>benedictionem</strong></span> <span class='ocrx_word' id='word_1_728' title='bbox 2769 4536 2841 4596; x_wconf 91' lang='lat' dir='ltr'><strong>ad</strong></span> <span class='ocrx_word' id='word_1_729' title='bbox 2876 4533 3192 4597; x_wconf 90' lang='lat' dir='ltr'><strong>Dominum</strong></span> <span class='ocrx_word' id='word_1_730' title='bbox 3225 4538 3514 4613; x_wconf 90' lang='lat' dir='ltr'><strong>retulerit,</strong></span> <span class='ocrx_word' id='word_1_731' title='bbox 3549 4540 3600 4601; x_wconf 88' lang='lat' dir='ltr'><strong>is</strong></span> 
     </span>
    </p>
   </div>
   <div class='ocr_carea' id='block_1_100' title="bbox 1901 4607 3600 4710">
    <p class='ocr_par' dir='ltr' id='par_1_100' title="bbox 1901 4607 3600 4710">
     <span class='ocr_line' id='line_1_100' title="bbox 1901 4607 3600 4710; baseline -0.001 -17"><span class='ocrx_word' id='word_1_732' title='bbox 1901 4607 2300 4710; x_wconf 82' lang='lat' dir='ltr'><strong>Dneutiquam</strong></span> <span class='ocrx_word' id='word_1_733' title='bbox 2324 4625 2708 4688; x_wconf 89' lang='lat' dir='ltr'><strong>aberraverit.</strong></span> <span class='ocrx_word' id='word_1_734' title='bbox 2747 4625 2894 4688; x_wconf 89' lang='lat' dir='ltr'><strong>Illud</strong></span> <span class='ocrx_word' id='word_1_735' title='bbox 2929 4626 3152 4708; x_wconf 89' lang='lat' dir='ltr'><strong>itaque,</strong></span> <span class='ocrx_word' id='word_1_736' title='bbox 3193 4607 3512 4691; x_wconf 76' lang='lat' dir='ltr'><strong>Benedia&#39;it</strong></span> <span class='ocrx_word' id='word_1_737' title='bbox 3545 4637 3600 4692; x_wconf 81' lang='lat' dir='ltr'><strong>te</strong></span> 
     </span>
    </p>
   </div>
   <div class='ocr_carea' id='block_1_101' title="bbox 1961 4714 3594 4799">
    <p class='ocr_par' dir='ltr' id='par_1_101' title="bbox 1961 4714 3594 4799">
     <span class='ocr_line' id='line_1_101' title="bbox 1961 4714 3594 4799; baseline -0.001 -19"><span class='ocrx_word' id='word_1_738' title='bbox 1961 4724 2139 4799; x_wconf 78' lang='lat' dir='ltr'><strong>Deus,</strong></span> <span class='ocrx_word' id='word_1_739' title='bbox 2170 4719 2229 4779; x_wconf 90' lang='lat' dir='ltr'><strong>id</strong></span> <span class='ocrx_word' id='word_1_740' title='bbox 2262 4725 2374 4794; x_wconf 79' lang='lat' dir='ltr'><strong>est,</strong></span> <span class='ocrx_word' id='word_1_741' title='bbox 2409 4714 2678 4776; x_wconf 90' lang='lat' dir='ltr'><strong>membra</strong></span> <span class='ocrx_word' id='word_1_742' title='bbox 2708 4723 2826 4789; x_wconf 88' lang='lat' dir='ltr'><strong>tua,</strong></span> <span class='ocrx_word' id='word_1_743' title='bbox 2858 4725 2915 4778; x_wconf 91' lang='lat' dir='ltr'><strong>et</strong></span> <span class='ocrx_word' id='word_1_744' title='bbox 2947 4735 3162 4796; x_wconf 91' lang='lat' dir='ltr'><strong>corpus</strong></span> <span class='ocrx_word' id='word_1_745' title='bbox 3189 4727 3352 4778; x_wconf 91' lang='lat' dir='ltr'><strong>tuum</strong></span> <span class='ocrx_word' id='word_1_746' title='bbox 3379 4717 3594 4798; x_wconf 85' lang='lat' dir='ltr'><strong>imple-</strong></span> 
     </span>
    </p>
   </div>
   <div class='ocr_carea' id='block_1_102' title="bbox 1959 4805 3594 4878">
    <p class='ocr_par' dir='ltr' id='par_1_102' title="bbox 1959 4805 3594 4878">
     <span class='ocr_line' id='line_1_102' title="bbox 1959 4805 3594 4878; baseline 0 -8"><span class='ocrx_word' id='word_1_747' title='bbox 1959 4819 2035 4872; x_wconf 90' lang='lat' dir='ltr'><strong>vit</strong></span> <span class='ocrx_word' id='word_1_748' title='bbox 2058 4811 2227 4871; x_wconf 85' lang='lat' dir='ltr'><strong>bonis</strong></span> <span class='ocrx_word' id='word_1_749' title='bbox 2261 4806 2406 4876; x_wconf 88' lang='lat' dir='ltr'><strong>suis,</strong></span> <span class='ocrx_word' id='word_1_750' title='bbox 2433 4806 2496 4864; x_wconf 83' lang='lat' dir='ltr'><strong>in</strong></span> <span class='ocrx_word' id='word_1_751' title='bbox 2533 4810 2848 4878; x_wconf 64' lang='lat' dir='ltr'><strong>thr-num,</strong></span> <span class='ocrx_word' id='word_1_752' title='bbox 2895 4805 3008 4866; x_wconf 86' lang='lat' dir='ltr'><strong>hoc</strong></span> <span class='ocrx_word' id='word_1_753' title='bbox 3037 4813 3145 4878; x_wconf 91' lang='lat' dir='ltr'><strong>est,</strong></span> <span class='ocrx_word' id='word_1_754' title='bbox 3181 4805 3240 4867; x_wconf 92' lang='lat' dir='ltr'><strong>in</strong></span> <span class='ocrx_word' id='word_1_755' title='bbox 3275 4805 3594 4873; x_wconf 83' lang='lat' dir='ltr'><strong>inﬁnitum.</strong></span> 
     </span>
    </p>
   </div>
   <div class='ocr_carea' id='block_1_103' title="bbox 1964 4894 3594 4979">
    <p class='ocr_par' dir='ltr' id='par_1_103' title="bbox 1964 4894 3594 4979">
     <span class='ocr_line' id='line_1_103' title="bbox 1964 4894 3594 4979; baseline -0.002 -16"><span class='ocrx_word' id='word_1_756' title='bbox 1964 4895 2608 4974; x_wconf 70' lang='lat' dir='ltr'><strong>VEns.~’i,5.Aecingere</strong></span> <span class='ocrx_word' id='word_1_757' title='bbox 2639 4894 2850 4972; x_wconf 82' lang='lat' dir='ltr'><strong>giadio</strong></span> <span class='ocrx_word' id='word_1_758' title='bbox 2868 4903 2971 4954; x_wconf 84' lang='lat' dir='ltr'><strong>tuo</strong></span> <span class='ocrx_word' id='word_1_759' title='bbox 2992 4911 3168 4973; x_wconf 83' lang='lat' dir='ltr'><strong>super</strong></span> <span class='ocrx_word' id='word_1_760' title='bbox 3190 4896 3594 4979; x_wconf 81' lang='lat' dir='ltr'><strong>femurtuum,</strong></span> 
     </span>
    </p>
   </div>
   <div class='ocr_carea' id='block_1_104' title="bbox 1957 4981 3588 5072">
    <p class='ocr_par' dir='ltr' id='par_1_104' title="bbox 1957 4981 3588 5072">
     <span class='ocr_line' id='line_1_104' title="bbox 1957 4981 3588 5072; baseline -0.002 -20"><span class='ocrx_word' id='word_1_761' title='bbox 1957 4988 2390 5072; x_wconf 82' lang='lat' dir='ltr'><strong>potentissime.</strong></span> <span class='ocrx_word' id='word_1_762' title='bbox 2448 4985 2652 5062; x_wconf 83' lang='lat' dir='ltr'><strong>Specie</strong></span> <span class='ocrx_word' id='word_1_763' title='bbox 2710 4992 2814 5044; x_wconf 84' lang='lat' dir='ltr'><strong>tua</strong></span> <span class='ocrx_word' id='word_1_764' title='bbox 2846 4989 2905 5044; x_wconf 89' lang='lat' dir='ltr'><strong>et</strong></span> <span class='ocrx_word' id='word_1_765' title='bbox 2961 4981 3426 5059; x_wconf 80' lang='lat' dir='ltr'><strong>pulchritudine</strong></span> <span class='ocrx_word' id='word_1_766' title='bbox 3461 4993 3588 5048; x_wconf 84' lang='lat' dir='ltr'><strong>tua.</strong></span> 
     </span>
    </p>
   </div>
   <div class='ocr_carea' id='block_1_105' title="bbox 2209 5144 3594 5224">
    <p class='ocr_par' dir='ltr' id='par_1_105' title="bbox 2209 5144 3594 5224">
     <span class='ocr_line' id='line_1_105' title="bbox 2209 5144 3594 5224; baseline 0.003 -16"><span class='ocrx_word' id='word_1_767' title='bbox 2209 5148 2268 5197; x_wconf 72' lang='grc'><strong>4⁷</strong></span> <span class='ocrx_word' id='word_1_768' title='bbox 2314 5150 2455 5208; x_wconf 89' lang='lat' dir='ltr'><strong>Luc.</strong></span> <span class='ocrx_word' id='word_1_769' title='bbox 2515 5164 2569 5217; x_wconf 87' lang='lat' dir='ltr'><strong>x,</strong></span> <span class='ocrx_word' id='word_1_770' title='bbox 2607 5145 2701 5208; x_wconf 88' lang='grc'><strong>16.</strong></span> <span class='ocrx_word' id='word_1_771' title='bbox 2790 5144 2853 5193; x_wconf 73' lang='grc'>⁴8</span> <span class='ocrx_word' id='word_1_772' title='bbox 2889 5145 3129 5224; x_wconf 66' lang='lat'><strong>8911).],</strong></span> <span class='ocrx_word' id='word_1_773' title='bbox 3165 5147 3221 5207; x_wconf 83' lang='grc'><strong>5.</strong></span> <span class='ocrx_word' id='word_1_774' title='bbox 3310 5145 3423 5209; x_wconf 69' lang='lat'><strong>491</strong></span> <span class='ocrx_word' id='word_1_775' title='bbox 3457 5147 3594 5212; x_wconf 87' lang='lat' dir='ltr'><strong>Cor.</strong></span> 
     </span>
    </p>
   </div>
   <div class='ocr_carea' id='block_1_106' title="bbox 237 5205 1891 5315">
    <p class='ocr_par' dir='ltr' id='par_1_106' title="bbox 237 5205 1891 5315">
     <span class='ocr_line' id='line_1_106' title="bbox 237 5205 1891 5315; baseline -0.002 -17"><span class='ocrx_word' id='word_1_776' title='bbox 237 5253 331 5312; x_wconf 80' lang='lat' dir='ltr'><strong>xv,</strong></span> <span class='ocrx_word' id='word_1_777' title='bbox 815 5205 1160 5315; x_wconf 43' lang='grc' dir='ltr'>μηρῖ-Ἦ</span> <span class='ocrx_word' id='word_1_778' title='bbox 1466 5205 1593 5296; x_wconf 47' lang='grc'><strong>52.-</strong></span> <span class='ocrx_word' id='word_1_779' title='bbox 1623 5205 1891 5297; x_wconf 41' lang='lat' dir='ltr'><strong>ENV-eis</strong></span> 
     </span>
    </p>
   </div>
   <div class='ocr_carea' id='block_1_107' title="bbox 1981 5205 3371 5315">
    <p class='ocr_par' dir='ltr' id='par_1_107' title="bbox 1981 5205 3371 5306">
     <span class='ocr_line' id='line_1_107' title="bbox 1981 5205 3371 5306; baseline 0.026 -50"><span class='ocrx_word' id='word_1_780' title='bbox 2027 5205 2160 5280; x_wconf 42' lang='grc' dir='ltr'><strong>’ἐκ</strong></span> <span class='ocrx_word' id='word_1_781' title='bbox 2192 5205 2454 5306; x_wconf 52' lang='grc' dir='ltr'><strong>[ηιίιῖῥρξ</strong></span> <span class='ocrx_word' id='word_1_782' title='bbox 2485 5205 2737 5300; x_wconf 43' lang='lat'><strong>&quot;&quot;3,&#39;9,</strong></span> <span class='ocrx_word' id='word_1_783' title='bbox 2821 5205 3129 5286; x_wconf 52' lang='grc'><strong>5411001(</strong></span> <span class='ocrx_word' id='word_1_784' title='bbox 3159 5205 3280 5302; x_wconf 68' lang='grc' dir='ltr'>χιιι,</span> <span class='ocrx_word' id='word_1_785' title='bbox 3311 5226 3371 5292; x_wconf 88' lang='grc'><strong>3.</strong></span> 
     </span>
    </p>
   </div>
   <div class='ocr_carea' id='block_1_108' title="bbox 317 5392 1864 5476">
    <p class='ocr_par' dir='ltr' id='par_1_108' title="bbox 317 5392 1864 5476">
     <span class='ocr_line' id='line_1_108' title="bbox 317 5392 1864 5476; baseline 0.005 -20"><span class='ocrx_word' id='word_1_786' title='bbox 317 5396 445 5476; x_wconf 83' lang='lat'><strong>(&#39;70)</strong></span> <span class='ocrx_word' id='word_1_787' title='bbox 477 5392 666 5476; x_wconf 56' lang='lat' dir='ltr'><strong>Editio</strong></span> <span class='ocrx_word' id='word_1_788' title='bbox 700 5394 880 5458; x_wconf 89' lang='lat' dir='ltr'><strong>Basil.</strong></span> <span class='ocrx_word' id='word_1_789' title='bbox 909 5403 966 5455; x_wconf 91' lang='lat' dir='ltr'><strong>et</strong></span> <span class='ocrx_word' id='word_1_790' title='bbox 995 5402 1246 5473; x_wconf 86' lang='lat' dir='ltr'><strong>quatuor</strong></span> <span class='ocrx_word' id='word_1_791' title='bbox 1279 5412 1422 5476; x_wconf 63' lang='lat' dir='ltr'><strong>mss,</strong></span> <span class='ocrx_word' id='word_1_792' title='bbox 1449 5395 1688 5473; x_wconf 76' lang='grc' dir='ltr'>ἀγωγόν.</span> <span class='ocrx_word' id='word_1_793' title='bbox 1721 5395 1864 5476; x_wconf 77' lang='lat' dir='ltr'><strong>Edi-</strong></span> 
     </span>
    </p>
   </div>
   <div class='ocr_carea' id='block_1_109' title="bbox 240 5473 1869 5553">
    <p class='ocr_par' dir='ltr' id='par_1_109' title="bbox 240 5473 1869 5553">
     <span class='ocr_line' id='line_1_109' title="bbox 240 5473 1869 5553; baseline -0.001 -15"><span class='ocrx_word' id='word_1_794' title='bbox 240 5473 473 5538; x_wconf 32' lang='lat' dir='ltr'><strong>tin‘vero</strong></span> <span class='ocrx_word' id='word_1_795' title='bbox 500 5473 684 5538; x_wconf 88' lang='lat' dir='ltr'><strong>Paris.</strong></span> <span class='ocrx_word' id='word_1_796' title='bbox 739 5484 798 5536; x_wconf 85' lang='lat' dir='ltr'><strong>et</strong></span> <span class='ocrx_word' id='word_1_797' title='bbox 828 5484 948 5536; x_wconf 88' lang='lat' dir='ltr'><strong>tres</strong></span> <span class='ocrx_word' id='word_1_798' title='bbox 998 5491 1137 5535; x_wconf 90' lang='lat' dir='ltr'><strong>mss.</strong></span> <span class='ocrx_word' id='word_1_799' title='bbox 1175 5475 1478 5553; x_wconf 84' lang='grc' dir='ltr'>ἐπαγωγόν.</span> <span class='ocrx_word' id='word_1_800' title='bbox 1515 5478 1646 5538; x_wconf 89' lang='lat' dir='ltr'><strong>Mox</strong></span> <span class='ocrx_word' id='word_1_801' title='bbox 1681 5475 1869 5537; x_wconf 90' lang='lat' dir='ltr'><strong>editio</strong></span> 
     </span>
    </p>
   </div>
   <div class='ocr_carea' id='block_1_110' title="bbox 2030 5383 2934 5469">
    <p class='ocr_par' dir='ltr' id='par_1_110' title="bbox 2030 5383 2934 5469">
     <span class='ocr_line' id='line_1_110' title="bbox 2030 5383 2934 5469; baseline -0.014 -14"><span class='ocrx_word' id='word_1_802' title='bbox 2030 5393 2149 5469; x_wconf 69' lang='lat'><strong>(72)</strong></span> <span class='ocrx_word' id='word_1_803' title='bbox 2181 5391 2330 5465; x_wconf 82' lang='lat' dir='ltr'><strong>Reg.</strong></span> <span class='ocrx_word' id='word_1_804' title='bbox 2356 5385 2566 5469; x_wconf 82' lang='lat' dir='ltr'><strong>tertius</strong></span> <span class='ocrx_word' id='word_1_805' title='bbox 2594 5386 2709 5442; x_wconf 80' lang='grc' dir='ltr'>ὅθεν</span> <span class='ocrx_word' id='word_1_806' title='bbox 2752 5383 2934 5469; x_wconf 71' lang='grc' dir='ltr'>δῆλον,</span> 
     </span>
    </p>
   </div>
   <div class='ocr_carea' id='block_1_111' title="bbox 2032 5465 3592 5552">
    <p class='ocr_par' dir='ltr' id='par_1_111' title="bbox 2032 5465 3592 5552">
     <span class='ocr_line' id='line_1_111' title="bbox 2032 5465 3592 5552; baseline -0.004 -12"><span class='ocrx_word' id='word_1_807' title='bbox 2032 5465 2151 5552; x_wconf 72' lang='grc'><strong>(73)</strong></span> <span class='ocrx_word' id='word_1_808' title='bbox 2185 5469 2269 5552; x_wconf 85' lang='lat' dir='ltr'><strong>[ta</strong></span> <span class='ocrx_word' id='word_1_809' title='bbox 2293 5465 2463 5552; x_wconf 82' lang='lat' dir='ltr'><strong>multi</strong></span> <span class='ocrx_word' id='word_1_810' title='bbox 2488 5482 2633 5552; x_wconf 71' lang='lat' dir='ltr'><strong>mss.</strong></span> <span class='ocrx_word' id='word_1_811' title='bbox 2663 5485 2797 5527; x_wconf 90' lang='lat' dir='ltr'><strong>cum</strong></span> <span class='ocrx_word' id='word_1_812' title='bbox 2829 5467 3091 5530; x_wconf 84' lang='lat' dir='ltr'><strong>editione</strong></span> <span class='ocrx_word' id='word_1_813' title='bbox 3112 5469 3374 5533; x_wconf 85' lang='lat' dir='ltr'><strong>Basil.At</strong></span> <span class='ocrx_word' id='word_1_814' title='bbox 3407 5469 3592 5534; x_wconf 86' lang='lat' dir='ltr'><strong>editio</strong></span> 
     </span>
    </p>
   </div>
   <div class='ocr_carea' id='block_1_112' title="bbox 237 5546 1891 5638">
    <p class='ocr_par' dir='ltr' id='par_1_112' title="bbox 237 5546 1868 5638">
     <span class='ocr_line' id='line_1_112' title="bbox 237 5546 1868 5638; baseline -0.004 -19"><span class='ocrx_word' id='word_1_815' title='bbox 237 5556 411 5620; x_wconf 85' lang='lat' dir='ltr'><strong>Basil.</strong></span> <span class='ocrx_word' id='word_1_816' title='bbox 445 5565 504 5617; x_wconf 88' lang='lat' dir='ltr'><strong>et</strong></span> <span class='ocrx_word' id='word_1_817' title='bbox 525 5574 627 5618; x_wconf 80' lang='lat' dir='ltr'><strong>sex</strong></span> <span class='ocrx_word' id='word_1_818' title='bbox 656 5575 800 5619; x_wconf 85' lang='lat' dir='ltr'><strong>mss.</strong></span> <span class='ocrx_word' id='word_1_819' title='bbox 833 5555 990 5613; x_wconf 83' lang='grc' dir='ltr'>ὁλκὸν</span> <span class='ocrx_word' id='word_1_820' title='bbox 1021 5555 1161 5636; x_wconf 81' lang='grc' dir='ltr'>ἔχει.</span> <span class='ocrx_word' id='word_1_821' title='bbox 1198 5546 1388 5615; x_wconf 83' lang='lat' dir='ltr'><strong>Editio</strong></span> <span class='ocrx_word' id='word_1_822' title='bbox 1423 5555 1608 5617; x_wconf 89' lang='lat' dir='ltr'><strong>Paris.</strong></span> <span class='ocrx_word' id='word_1_823' title='bbox 1641 5555 1868 5638; x_wconf 69' lang='grc' dir='ltr'>ὲφολκὸν</span> 
     </span>
    </p>
   </div>
   <div class='ocr_carea' id='block_1_113' title="bbox 1981 5546 2658 5638">
    <p class='ocr_par' dir='ltr' id='par_1_113' title="bbox 1981 5546 2658 5637">
     <span class='ocr_line' id='line_1_113' title="bbox 1981 5546 2658 5637; baseline 0.003 -39"><span class='ocrx_word' id='word_1_824' title='bbox 1981 5546 2144 5616; x_wconf 52' lang='lat' dir='ltr'><strong>laris:</strong></span> <span class='ocrx_word' id='word_1_825' title='bbox 2177 5555 2203 5606; x_wconf 73' lang='grc' dir='ltr'><strong>ὸ</strong></span> <span class='ocrx_word' id='word_1_826' title='bbox 2234 5550 2288 5603; x_wconf 79' lang='grc' dir='ltr'>ἐν</span> <span class='ocrx_word' id='word_1_827' title='bbox 2319 5548 2460 5621; x_wconf 70' lang='grc' dir='ltr'><strong>αὖτῲ</strong></span> <span class='ocrx_word' id='word_1_828' title='bbox 2488 5546 2658 5637; x_wconf 62' lang='grc' dir='ltr'>ἔχων,</span> 
     </span>
    </p>
   </div>
   <div class='ocr_carea' id='block_1_114' title="bbox 235 5640 1872 5808">
    <p class='ocr_par' dir='ltr' id='par_1_114' title="bbox 235 5640 1872 5808">
     <span class='ocr_line' id='line_1_114' title="bbox 235 5640 1872 5808; baseline -0.007 -18"><span class='ocrx_word' id='word_1_829' title='bbox 235 5640 434 5808; x_wconf 25' lang='lat' dir='ltr'><strong>Elii-:1)</strong></span> <span class='ocrx_word' id='word_1_830' title='bbox 467 5716 901 5808; x_wconf 49' lang='lat' dir='ltr'><strong>_CO_lb_:_primus</strong></span> <span class='ocrx_word' id='word_1_831' title='bbox 940 5717 1060 5808; x_wconf 61' lang='grc' dir='ltr'>καθ’</span> <span class='ocrx_word' id='word_1_832' title='bbox 1113 5713 1161 5774; x_wconf 70' lang='lat'><strong>3&#39;.</strong></span> <span class='ocrx_word' id='word_1_833' title='bbox 1198 5712 1402 5776; x_wconf 87' lang='lat' dir='ltr'><strong>Statim</strong></span> <span class='ocrx_word' id='word_1_834' title='bbox 1437 5723 1698 5793; x_wconf 86' lang='lat' dir='ltr'><strong>quatuor</strong></span> <span class='ocrx_word' id='word_1_835' title='bbox 1732 5735 1872 5780; x_wconf 78' lang='lat' dir='ltr'><strong>mss.</strong></span> 
     </span>
    </p>
   </div>
   <div class='ocr_carea' id='block_1_115' title="bbox 232 5797 996 5871">
    <p class='ocr_par' dir='ltr' id='par_1_115' title="bbox 232 5797 996 5871">
     <span class='ocr_line' id='line_1_115' title="bbox 232 5797 996 5871; baseline -0.005 -16"><span class='ocrx_word' id='word_1_836' title='bbox 232 5800 396 5871; x_wconf 63' lang='grc' dir='ltr'>τοῦτον</span> <span class='ocrx_word' id='word_1_837' title='bbox 418 5798 500 5857; x_wconf 80' lang='grc' dir='ltr'>τό.</span> <span class='ocrx_word' id='word_1_838' title='bbox 531 5797 690 5859; x_wconf 76' lang='grc' dir='ltr'>Εάίίί</span> <span class='ocrx_word' id='word_1_839' title='bbox 719 5805 872 5853; x_wconf 79' lang='grc' dir='ltr'>τοῦτο</span> <span class='ocrx_word' id='word_1_840' title='bbox 896 5800 996 5870; x_wconf 79' lang='grc' dir='ltr'><strong>τῷ,</strong></span> 
     </span>
    </p>
   </div>
   <div class='ocr_carea' id='block_1_116' title="bbox 2045 5628 3591 5712">
    <p class='ocr_par' dir='ltr' id='par_1_116' title="bbox 2045 5628 3591 5712">
     <span class='ocr_line' id='line_1_116' title="bbox 2045 5628 3591 5712; baseline 0 -23"><span class='ocrx_word' id='word_1_841' title='bbox 2045 5632 2168 5712; x_wconf 75' lang='grc'><strong>(74)</strong></span> <span class='ocrx_word' id='word_1_842' title='bbox 2192 5628 2334 5712; x_wconf 81' lang='lat' dir='ltr'><strong>Beg.</strong></span> <span class='ocrx_word' id='word_1_843' title='bbox 2391 5628 2602 5712; x_wconf 55' lang='lat' dir='ltr'><strong>tertius</strong></span> <span class='ocrx_word' id='word_1_844' title='bbox 2633 5628 2736 5706; x_wconf 71' lang='grc' dir='ltr'><strong>οῦχ</strong></span> <span class='ocrx_word' id='word_1_845' title='bbox 2765 5629 3111 5704; x_wconf 65' lang='grc' dir='ltr'>ἀμαρτήσεις.</span> <span class='ocrx_word' id='word_1_846' title='bbox 3167 5629 3278 5712; x_wconf 53' lang='lat' dir='ltr'><strong>Alii</strong></span> <span class='ocrx_word' id='word_1_847' title='bbox 3308 5634 3423 5691; x_wconf 89' lang='lat' dir='ltr'><strong>duo</strong></span> <span class='ocrx_word' id='word_1_848' title='bbox 3450 5648 3591 5691; x_wconf 89' lang='lat' dir='ltr'><strong>mss.</strong></span> 
     </span>
    </p>
   </div>
   <div class='ocr_carea' id='block_1_117' title="bbox 1961 5705 3589 5793">
    <p class='ocr_par' dir='ltr' id='par_1_117' title="bbox 1961 5705 3589 5793">
     <span class='ocr_line' id='line_1_117' title="bbox 1961 5705 3589 5793; baseline 0 -25"><span class='ocrx_word' id='word_1_849' title='bbox 1961 5705 2064 5793; x_wconf 59' lang='grc' dir='ltr'><strong>οὔχ</strong></span> <span class='ocrx_word' id='word_1_850' title='bbox 2095 5705 2396 5793; x_wconf 24' lang='grc' dir='ltr'><strong>ἁμαρτά-τη.</strong></span> <span class='ocrx_word' id='word_1_851' title='bbox 2454 5705 2604 5793; x_wconf 83' lang='lat' dir='ltr'><strong>Editi</strong></span> <span class='ocrx_word' id='word_1_852' title='bbox 2662 5705 2797 5766; x_wconf 83' lang='lat' dir='ltr'><strong>vero</strong></span> <span class='ocrx_word' id='word_1_853' title='bbox 2855 5727 2987 5769; x_wconf 88' lang='lat' dir='ltr'><strong>cum</strong></span> <span class='ocrx_word' id='word_1_854' title='bbox 3043 5710 3243 5790; x_wconf 80' lang='lat' dir='ltr'><strong>Regiis</strong></span> <span class='ocrx_word' id='word_1_855' title='bbox 3291 5719 3498 5790; x_wconf 82' lang='lat' dir='ltr'><strong>quarto</strong></span> <span class='ocrx_word' id='word_1_856' title='bbox 3531 5720 3589 5768; x_wconf 88' lang='lat' dir='ltr'><strong>et</strong></span> 
     </span>
    </p>
   </div>
   <div class='ocr_carea' id='block_1_118' title="bbox 1962 5789 2609 5868">
    <p class='ocr_par' dir='ltr' id='par_1_118' title="bbox 1962 5789 2609 5868">
     <span class='ocr_line' id='line_1_118' title="bbox 1962 5789 2609 5868; baseline -0.026 -11"><span class='ocrx_word' id='word_1_857' title='bbox 1962 5789 2126 5856; x_wconf 56' lang='lat' dir='ltr'><strong>scito</strong></span> <span class='ocrx_word' id='word_1_858' title='bbox 2160 5792 2262 5868; x_wconf 65' lang='grc' dir='ltr'><strong>οὔχ</strong></span> <span class='ocrx_word' id='word_1_859' title='bbox 2290 5789 2609 5863; x_wconf 70' lang='grc' dir='ltr'>ἁμαρτήσει,</span> 
     </span>
    </p>
   </div>
  </div>
