4108 6220
233 381 351 448 405

1350 387 1676 452 HOMILIA
1722 385 1802 451 IN
1846 386 2212 449 PSALMUM
2256 387 2469 450 XLIV.

3478 375 3598 452 406

233 517 459 588 Ἐπειδὴ
490 517 593 577 ἔδει
637 520 972 600 σχηματίσαι
1003 522 1064 577 τὸ
1120 523 1340 580 τυπικὸν
1388 523 1615 603 χρίσμα,
1646 526 1734 581 καὶ
1762 529 1872 587 τοὺς

1967 523 2220 586 chrisma
2239 523 2462 605 typicos
2480 530 2605 586 tum
2634 523 2946 605 pontiﬁces
2959 531 3080 586 tum
3101 542 3274 604 reges
3289 522 3602 586 adumbra-

235 611 491 673 τυπικοὺς
549 609 833 689 ἀρχιερέας
886 611 973 666 καὶ
1015 611 1287 687 βασιλέας,
1336 615 1559 694 ἐχρίσθη
1616 621 1694 688 τῷ
1741 615 1882 682 ἀλη-

231 703 363 773 θινῳ
413 703 668 780 χρίσματι
748 701 783 766 ἡ
841 699 966 776 σὰρξ
1034 709 1126 758 τοῦ
1199 704 1405 782 Κυρίου,
1464 710 1532 780 τῇ
1584 713 1676 761 τοῦ
1736 707 1886 783 ἁγίου

233 790 540 864 Πνεύματος
601 790 672 851 εἷς
732 789 896 855 αῦτὶ,ν
952 790 1241 866 ἐπιδημία,
1326 792 1455 870 ὅπερ
1515 793 1884 872 ἀγαλλιάσεως

230 877 411 934 ἔλαιον
451 879 898 956 προσηγόρευται.
967 877 1222 958 Ἐχρίσθη
1284 879 1336 937 δὲ
1402 884 1539 959 παρὰ
1582 886 1702 946 τοὺς
1748 905 1883 957 μετ·-

228 969 395 1047 όχους
453 967 610 1024 αῦτοῦ
645 984 658 998 ⁸
741 966 1034 1042 τουτέστιν,
1111 971 1242 1046 ὑπὲρ
1303 973 1502 1037 πάντας
1579 973 1882 1050 ἀνθρώπους

223 1060 348 1119 τοὺς
396 1057 726 1137 μετέχοντας
796 1064 888 1113 τοῦ
949 1064 1174 1136 Χριστοῦ
1261 1069 1405 1115 Διότι
1486 1063 1710 1123 ἒκείνοις
1784 1061 1880 1136 μὲν

221 1148 420 1224 μερική
479 1169 560 1211 τις
618 1144 814 1202 ἐδίδοτο
868 1148 1168 1223 [Ῑνεύματος
1207 1150 1478 1221 κοινωνία,
1547 1153 1633 1206 ἒπὶ
1690 1149 1744 1206 δὲ
1789 1154 1880 1206 τὸν

224 1237 349 1291 Υίὸν
396 1242 490 1291 τοῦ
542 1241 672 1292 Θεοῦ
725 1235 978 1292 κατελθδν
1034 1238 1094 1291 τὸ
1169 1237 1378 1312 Πνεῦμᾶ
1434 1240 1496 1295 τὸ
1555 1237 1730 1318 ἅγιον,
1803 1240 1877 1304 ὥς

224 1347 391 1404 φησιν
440 1324 720 1401 Ἰωάννης,
805 1322 1067 1400 ’Ἕμεινεν
1157 1325 1240 1382 ἐπ’
1318 1330 1499 1388 αὗτόν,
1560 1328 1749 1394 Καλῶς
1821 1328 1876 1384 δὲ

227 1413 599 1492 ἀγαλλιάσεως
683 1413 860 1472 ἔλαιον
946 1417 1006 1470 τὸ
1108 1423 1316 1491 Πνεῦμα
1403 1419 1873 1496 προσαγορεύεται,

227 1502 414 1573 ἐπειδή
445 1507 534 1560 καὶ
577 1504 663 1568 εἶς
703 1511 808 1561 τῶν
839 1506 938 1560 ὑπὸ
981 1513 1074 1562 τοῦ
1128 1505 1430 1582 Πνεύματος
1492 1508 1642 1586 ἁγίου
1700 1531 1869 1587 γεωρ-

227 1593 503 1670 γουμένων
562 1599 776 1660 καρπῶν
819 1597 963 1650 ἔστιν
1010 1597 1043 1662 ἡ
1089 1597 1254 1675 χαρά.
1302 1594 1522 1664 Ἐπειδή
1580 1595 1634 1652 δὲ
1688 1598 1875 1671 μικτός

231 1682 379 1738 ἐστιν
411 1686 438 1740 ὁ
469 1685 585 1763 περὶ
616 1691 708 1740 τοῦ
751 1690 1000 1762 Σωτῆρος
1031 1684 1188 1763 λόγος
1220 1684 1304 1742 διά
1333 1708 1388 1742 τε
1419 1692 1517 1753 τὴν
1571 1687 1721 1765 φύσιν
1779 1693 1876 1755 τῆς

223 1773 508 1848 θεότητος,
571 1775 658 1829 καὶ
712 1775 810 1841 τὴν
891 1776 1190 1848 οἰκονομίαν
1250 1776 1344 1842 τῆς
1405 1777 1874 1856 ἑνανθρωπήσεως,

1966 621 2076 687 ret,
2101 631 2237 675 caro
2265 614 2499 675 Domini
2533 633 2668 675 vero
2701 615 3021 677 chrismate
3049 616 3292 675 inuncta
3323 623 3437 688 est,
3471 614 3600 692 ipso

1965 704 2146 765 sancti
2175 703 2432 782 Spiritus
2454 705 2510 764 in
2533 720 2658 764 eam
2683 704 2958 765 adventu:
2979 704 3134 780 quod
3164 704 3380 765 latitia
3401 704 3600 766 oleum

1965 791 2318 872 appellatum
2349 804 2454 852 est.
2494 791 2717 855 Unctus
2738 801 3038 854 estautem
3073 811 3200 872 pra
3222 792 3603 855 consortibus

1965 882 2106 953 suis,
2144 882 2254 942 hoc
2284 889 2372 943 est
2422 901 2545 961 pra
2569 882 2845 943 omnibus
2869 882 3208 943 hominibus
3241 882 3342 959 qui
3389 882 3602 944 Christi

1964 980 2100 1030 sunt
2133 972 2454 1050 participes
2488 971 2628 1032 Nam
2663 971 2782 1032 illis
2811 972 3049 1052 quidem
3078 973 3275 1052 aliqua
3306 969 3606 1032 tribueba-

1966 1067 2060 1120 tur
2083 1058 2337 1139 Spiritus
2360 1061 2841 1133 communicatio;
2869 1069 2926 1121 at
2946 1060 3341 1141 veroSpiritus
3365 1067 3603 1120 sanctus

1964 1148 2021 1209 in
2059 1148 2165 1209 Dei
2199 1149 2407 1210 Filium
2441 1151 2838 1222 descendens,
2892 1151 3054 1210 utait
3084 1153 3362 1219 Joannes.
3399 1148 3605 1227 Super

1961 1239 2392 1316 ipsummansit
2413 1238 2695 1303 39.Recte
2708 1239 3162 1319 autemSpiritus
3177 1241 3370 1300 oleum
3392 1238 3603 1300 latitia

1963 1325 2463 1408 nominatur,cum
2492 1349 2646 1390 unus
2672 1349 2738 1397 ex
2762 1330 3213 1412 fructibusquos
3232 1327 3601 1408 sanctusSpi-

1961 1416 2111 1476 ritus
2145 1417 2726 1497 producit,gaudium
2754 1420 2833 1480 sit
2853 1420 2934 1481 70.
2976 1421 3109 1480 166
3139 1420 3426 1493 Quoniam
3461 1437 3599 1479 vero

1964 1505 2179 1567 mistus
2209 1516 2298 1567 est
2319 1508 2390 1566 de
2419 1510 2733 1570 Servatore
2763 1528 2984 1589 sermo,
3013 1518 3252 1590 propter
3274 1507 3600 1569 divinitatis

1963 1604 2226 1656 naturam
2249 1606 2306 1657 et
2327 1597 2745 1661 incarnationis
2764 1599 3506 1680 dispensationem,rursus
3525 1599 3598 1659 ad

1965 1681 2065 1745 Dei
2101 1685 2522 1746 humanitatem
2554 1688 2901 1768 respiciens,
2940 1689 3062 1752 ait:
3106 1689 3387 1750 Dilemisli
3419 1689 3600 1764 iusti-

1963 1775 2192 1853 tiam,et
2214 1776 2395 1837 odisti
2417 1778 2829 1855 iniquitatem:
2859 1779 3104 1856 perinde
3133 1778 3300 1858 quasi
3327 1777 3554 1839 diceret
3581 1797 3594 1838 :

225 1861 392 1919 πάλιν
449 1864 523 1925 εἷς
563 1863 622 1918 τὸ
666 1862 992 1939 ἀνθρώπινον
1028 1864 1118 1919 τοῦ
1150 1871 1281 1920 Θεοῦ
1326 1863 1660 1945 ἀποϐλέψας,
1692 1868 1872 1946 φησίν·

1964 1863 2198 1944 Reliqui
2232 1863 2468 1944 quidem
2503 1866 2773 1927 homines
2798 1867 3000 1928 labore
3020 1866 3415 1946 exercitioque
3438 1875 3495 1926 et
3517 1874 3597 1925 at-

223 1949 550 2028 Ἢγάπησας
632 1950 993 2033 δικαιοσύνην,
1075 1955 1160 2009 καί
1241 1953 1510 2029 ἐμίμησας
1601 1955 1821 2029 ἀνομίαν
1861 1975 1876 1990 ⁸

222 2041 343 2096 ἀντὶ
378 2047 492 2115 τοῦ,
527 2043 585 2098 Oi
617 2040 712 2116 μὲν
759 2039 935 2097 λοιποὶ
995 2041 1259 2119 ἅνθρωποι
1308 2043 1456 2116 πόνῳ
1507 2045 1593 2098 καὶ
1650 2043 1875 2113 ἀσκήσει

223 2132 318 2185 καὶ
376 2131 629 2209 προσοχῇ
675 2129 932 2194 πολλάγτς
977 2135 1285 2209 κατορθοῦσι
1316 2133 1415 2199 τὴν
1447 2134 1577 2211 πρὸς
1620 2135 1680 2190 τὸ
1710 2133 1874 2189 καλὸν

221 2215 480 2292 διάθεσιν,
531 2222 619 2274 καὶ
662 2219 761 2286 τὴν
805 2225 910 2274 τῶν
958 2219 1170 2299 φαύλων
1233 2221 1574 2301 ἀποστροφήν
1607 2238 1621 2253 ⁸
1689 2243 1771 2277 σοι
1817 2221 1871 2276 δὲ

221 2307 422 2386 φυσική
467 2329 544 2372 τις
578 2309 696 2364 ἐστι
728 2310 859 2382 πρὸς
890 2311 952 2364 τὸ
982 2311 1176 2386 ἀγαθὸν
1208 2311 1241 2377 ἡ
1286 2311 1574 2382 οἰκείωσις,
1624 2313 1712 2367 καὶ
1740 2313 1871 2390 πρὸς

222 2397 327 2462 τὴν
385 2396 603 2472 ἄνομίαν
667 2398 700 2464 ἡ
762 2395 1131 2475 ἁλλοτρίωσις.
1197 2401 1294 2456 Καὶ
1344 2401 1479 2472 ἡμῖν
1540 2396 1595 2454 δὲ.
1649 2398 1765 2479 (91)
1813 2400 1874 2455 οὔ

221 2484 470 2564 χαλεπὸν
499 2485 840 2562 βουληθεῖσιν
873 2485 1164 2544 ἀναλαϐεῖν
1195 2489 1295 2554 τὴν
1323 2490 1452 2566 πρὸς
1484 2488 1582 2555 την
1613 2486 1876 2545 δικαιοσύο

221 2597 326 2640 νην
359 2574 594 2652 ἀγάπην,
642 2578 730 2632 καὶ
773 2578 834 2632 τὸ
879 2578 1010 2655 πρὸς
1055 2578 1153 2644 τὴν
1193 2577 1412 2650 ἀνομίαν
1453 2589 1638 2650 μῖσος,
1695 2584 1874 2635 Πᾶσαν

224 2665 330 2742 γὰρ
364 2661 578 2738 δύναμιν
609 2668 637 2721 ὁ
670 2667 798 2729 Θεὸς
836 2667 1123 2744 χρησίμως
1154 2663 1317 2720 ἔδωκε
1349 2671 1416 2741 τῇ
1442 2665 1640 2742 λογικῇ
1674 2671 1828 2746 ψυχῇ
1857 2683 1871 2698 ⁸

223 2752 408 2831 ὥσπερ
456 2755 554 2821 τὴν
582 2761 673 2810 τοῦ
703 2755 938 2832 ἀγαπᾷν,
973 2754 1111 2810 οὕτω
1141 2756 1229 2811 καὶ
1259 2755 1356 2821 τὴν
1384 2761 1476 2810 τοῦ
1508 2768 1687 2830 μισεῖν
1725 2773 1739 2786 ⁶

226 2841 378 2920 λόγῳ
419 2843 748 2919 εὖθυνόμενοι
792 2844 1085 2921 ἀγαπῶμεν
1133 2844 1232 2918 μὲν
1287 2846 1386 2911 τὴν
1426 2843 1640 2922 ἀρετὴν,
1700 2851 1878 2920 μισῶ-

225 2953 329 3007 μεν
359 2931 414 2988 δὲ
443 2935 540 3000 τὴν
570 2935 780 2992 κακίαν.
821 2932 996 2990 ’Ἔστι
1047 2934 1146 3011 γάρ
1200 2955 1329 2989 ποτε
1361 2936 1447 2990 καὶ
1480 2933 1767 2997 ἐπαινετῶς
1803 2944 1878 3009 τῷ

1787 2757 1810 2776 η

1795 2781 1879 2814 ινα

1963 1953 2226 2014 tentione
2256 1955 2610 2036 plerumque
2633 1956 2864 2017 virtutis
2887 1956 3147 2018 habitum
3171 1964 3594 2036 assequuntur,

1958 2040 2470 2123 abhorrent-quala
2495 2045 2675 2119 vitiis;
2709 2045 2816 2108 tibi
2851 2065 2991 2108 vero
3023 2046 3307 2108 naturalis
3328 2045 3596 2125 quadam

1958 2139 2048 2192 est
2079 2151 2211 2193 cum
2245 2132 2401 2193 bono
2432 2135 2778 2214 conjunctio
2830 2155 2898 2196 ac
2932 2136 3332 2206 necessitudo,
3367 2133 3596 2195 aliena-

1959 2221 2155 2300 tioque
2186 2220 2257 2282 ab
2293 2221 2966 2302 iniquitate.Quinetiam
2999 2225 3195 2298 nobis,
3223 2224 3271 2285 si
3296 2225 3592 2303 volumus,

1958 2309 2198 2372 dillicile
2231 2330 2347 2371 non
2373 2324 2460 2372 est
2508 2332 2770 2376 amorem
2824 2315 3094 2394 justitia,
3154 2321 3214 2376 et
3267 2313 3594 2394 iniquitatis

1959 2399 2157 2459 odium
2174 2407 2502 2480 suscipere.
2525 2401 2774 2464 Omnem
2801 2405 2956 2464 enim
2981 2403 3314 2466 facultatem
3330 2401 3600 2463 rationali

1957 2488 2172 2549 anima
2203 2487 2426 2551 utiliter
2464 2490 2626 2550 dedit
2648 2491 2805 2554 Deus
2842 2499 2944 2564 ;ut
2976 2493 3218 2572 amoris,
3254 2492 3334 2554 ita
3366 2510 3601 2573 quoque

1959 2577 2080 2638 odii
2113 2598 2127 2636 :
2169 2587 2227 2638 ut
2258 2578 2488 2641 ratione
2532 2580 2745 2642 directi
2773 2581 3084 2660 diligamus
3126 2584 3423 2645 virtutem.
3461 2580 3595 2640 odio

1963 2685 2099 2728 vero
2133 2667 2457 2729 habeamus
2487 2668 2884 2750 iniquitatem.
2926 2670 3260 2732 Licetenim
3282 2670 3597 2750 aliquando

1963 2756 2138 2818 etiam
2174 2757 2550 2820 laudabiliter
2573 2759 2707 2820 odio
2727 2761 2832 2822 uti.
2865 2759 3082 2822 Nonne
3096 2778 3194 2822 eos
3214 2763 3321 2840 qui
3345 2761 3600 2822 oderunt

1962 2853 2037 2920 te,
2065 2847 2483 2912 Domine.odio
2503 2848 2774 2930 habui,et
2791 2867 2973 2929 super
2994 2850 3274 2910 inimicos
3297 2857 3425 2912 tuos
3441 2848 3599 2911 tabe-

1962 2934 2194 2997 scebam
2219 2944 2246 2999 ?
2272 2936 2553 3016 Perfecto
2581 2938 2717 2999 odio
2748 2938 2992 3000 oderam
3018 2937 3155 2999 illos
3181 2938 3255 2998 τί.

225 3021 377 3096 μίσει
409 3024 734 3101 χρήσασθαι.
769 3021 907 3101 Οὒχὶ
935 3023 1056 3087 τοὺς
1089 3029 1375 3097 μισοῦντας
1409 3044 1490 3096 σε,
1523 3023 1697 3102 Κύριε,
1734 3025 1987 3101 ἐμίσησα,
2022 3029 2109 3083 καὶ
2142 3027 2228 3083 ἐπὶ
2261 3028 2378 3090 τούς
2437 3027 2654 3108 ἐχθρούς
2691 3051 2783 3084 σου
2816 3028 3144 3102 ἐξετηκόμην
3179 3028 3302 3108 (92)
3336 3049 3351 3104 ;
3384 3029 3598 3087 Τέλειον

225 3122 398 3184 μῖσος
424 3110 637 3186 ἐμίσουν
669 3111 878 3173 αύτούς.

305 3200 371 3264 9,
432 3202 642 3278 Σμύρνα
689 3202 778 3257 καὶ
835 3201 1036 3268 στακτὴ
1087 3201 1173 3257 καὶ
1220 3203 1410 3257 κασσία
1445 3202 1550 3258 ἀπὸ
1605 3209 1708 3258 τῶν
1735 3205 1865 3277 ἱμα-

2031 3205 2286 3268 9.Vens.
2313 3207 2375 3286 9,
2416 3204 2506 3268 t0.
2537 3205 2786 3285 Myrrha
2808 3213 2862 3268 et
2882 3212 3052 3287 gutta
3075 3213 3132 3269 et
3152 3209 3315 3269 casia
3341 3225 3376 3268 α
3409 3212 3594 3271 vesti—

219 3291 354 3346 τίων
410 3312 502 3347 σοι)
550 3291 654 3347 ἆπὸ
712 3291 915 3370 βάρεων
973 3289 1346 3372 ἐλεφαντίνων,
1409 3290 1460 3357 ἐξ
1541 3295 1615 3347 ὧν
1675 3293 1870 3373 εὔφρα-

223 3381 321 3436 νάν
375 3401 435 3436 σε
490 3380 768 3458 θυγατέρες
809 3379 1075 3457 βασιλέων
1126 3382 1181 3436 ἐν
1225 3388 1292 3458 τῇ
1349 3388 1481 3458 τιμῇ
1541 3405 1653 3444 σοι),
1701 3383 1872 3440 Τπο-

221 3467 558 3526 καταϐαίνων
589 3469 889 3534 ἀκολούθως
946 3473 973 3526 ὁ
1031 3473 1359 3548 προφητικὸς
1409 3471 1592 3551 λόγος,
1628 3474 1715 3528 καὶ
1745 3479 1872 3528 πᾶσι

220 3572 345 3621 τοῖς
377 3560 511 3614 κατὰ
536 3561 636 3625 τὴν
669 3561 975 3634 οἰκονομίαν
1008 3557 1404 3638 προεπιϐαλὼν,
1441 3567 1517 3634 τῷ
1550 3561 1874 3634 ἐνατενισμῷ

220 3657 318 3707 τοῦ
371 3649 674 3722 Πνεύματος
738 3647 864 3728 (93)
923 3655 1016 3704 τοῦ
1066 3648 1538 3712 ἂποκαλῦπτοντος
1600 3649 1741 3723 αύτῷ
1809 3653 1876 3706 τὰ

221 3738 452 3816 κρυπτὰ,
512 3736 674 3803 ἦλθεν
718 3738 805 3794 ἐπὶ
859 3740 920 3793 τὸ
977 3742 1140 3800 πάθος
1179 3758 1193 3773 ⁶
1269 3739 1480 3814 Σμύρνα
1538 3740 1660 3818 γὰρ,
1719 3741 1870 3818 φησὶ,

219 3829 312 3883 καὶ
371 3827 573 3894 στακτῆ
637 3829 723 3883 καὶ
786 3828 979 3882 κασσία
1027 3827 1132 3883 ἀπὸ
1189 3831 1293 3884 τῶν
1363 3828 1585 3904 ἱματίων
1638 3850 1750 3885 σου.
1808 3829 1872 3884 Ἢ

224 3917 327 3980 μὲν
371 3923 460 3972 οῦν
513 3917 715 3992 σμύρνα
770 3915 850 3972 ὅτι
899 3921 1073 3995 ταφῆς
1127 3920 1238 3974 ἔστι
1299 3915 1586 3992 σύμϐολον,
1619 3922 1703 3974 καὶ
1735 3920 1762 3974 ὁ
1795 3918 1873 3973 εύ-

226 4004 552 4082 αγγελιστὴς
609 4008 752 4082 ἡμᾶς
800 4005 1054 4073 ἰωᾶίννης
1115 4005 1359 4078 ἐδίδαξεν,
1422 4008 1717 4063 εἷπὼνῦπὸ
1750 4006 1870 4064 ’ἰω-

225 4095 339 4173 sitq:
394 4105 486 4153 τοῦ
554 4094 896 4172 Ἀριμαθαίου
968 4095 1368 4174 ἐντεταφιάσθαι
1428 4098 1563 4170 μετὰ
1639 4097 1871 4173 σμύρνης

223 4184 314 4239 καὶ
357 4182 544 4250 ἀλόης,
611 4185 677 4241 Ἢ
737 4184 790 4240 δὲ
856 4187 1060 4253 στακτῆ
1111 4189 1197 4242 καὶ
1255 4186 1387 4252 αὕτη
1441 4188 1675 4265 σμύρνης
1734 4186 1872 4244 ἐσ’ἶν

224 4271 372 4333 εἶδος
424 4274 485 4329 τὸ
537 4272 890 4336 ὶεπτότατον.
941 4273 1308 4336 Ἐκθλιϐἐντος
1365 4276 1465 4352 γὰρ
1509 4283 1600 4330 τοῦ
1643 4277 1868 4352 ἀρώμα-

222 4383 344 4440 τος,
375 4359 498 4418 ὅσον
523 4363 622 4438 μὲν
665 4363 826 4419 αὐτοῦ
855 4364 1031 4441 ῥυτὸν,
1065 4366 1137 4427 εἰς
1196 4365 1293 4430 την
1340 4364 1573 4430 στακτὴν
1605 4364 1866 4442 ἀπομερί-

223 4457 370 4521 ζεται
404 4469 422 4486 ο
468 4451 530 4507 τὸ
560 4451 614 4507 δὲ
645 4453 942 4532 παχύτερον
977 4452 1110 4530 (94)
1139 4452 1407 4528 ἀπομένον
1433 4454 1633 4530 σμύρνα
1665 4475 1864 4532 προσαο

303 4609 370 4660 69
394 4608 544 4673 Joan
603 4627 646 4692 Ι,
679 4609 778 4675 3‘2.
865 4611 928 4663 70
950 4612 1078 4676 Gal.
1110 4629 1173 4688 v,
1207 4610 1285 4671 22

1398 4609 1447 4654 τί
1483 4610 1638 4674 Psal.
1671 4627 1949 4686 cxxxvm,
1984 4611 2086 4687 9t,
2121 4612 2219 4675 22.

1953 3297 2147 3352 mentis
2169 3297 2279 3352 tuis
2299 3314 2330 3350 α
2351 3295 2602 3352 domibus
2623 3294 2888 3364 eburneis,
2907 3311 2972 3353 ea:
2989 3296 3181 3369 quibus
3200 3294 3599 3353 delectaverunt

1957 3388 2009 3439 te
2031 3379 2181 3458 ﬁlia
2208 3396 2420 3458 regum:
2475 3381 2539 3441 in
2567 3379 2789 3441 honore
2816 3387 2939 3441 tuo.
2979 3380 3369 3458 Propheticns
3398 3399 3595 3442 sermo

1958 3469 2234 3548 paulatim
2271 3469 2481 3530 ordine
2531 3468 2928 3543 descendens,
2963 3487 3029 3529 ac
3062 3470 3226 3548 prius
3281 3488 3349 3532 ea
3397 3471 3598 3531 omnia

1958 3575 2089 3638 qua
2114 3556 2182 3617 ad
2209 3557 2635 3619 incarnationis
2652 3557 3161 3637 dispensationem
3181 3559 3452 3631 attinent,
3467 3579 3597 3639 pro-

1957 3656 2218 3720 secutus,
2241 3647 2580 3708 vehementi
2605 3646 2858 3727 quodam
2882 3647 3138 3726 Spiritus
3161 3650 3212 3710 ei
3238 3650 3466 3710 occulta
3494 3668 3595 3710 re-

1956 3735 2205 3796 velantis
2223 3735 2616 3804 aiﬂatu,venit
2637 3736 2708 3796 ad
2747 3735 3103 3816 passionem:
3131 3739 3382 3816 Myrr/ia
3405 3739 3590 3811 enim,

1958 3825 2172 3905 inquit,
2206 3834 2262 3886 et
2293 3833 2457 3904 gulla
2478 3831 2536 3885 et
2577 3827 2743 3887 casia
2774 3843 2811 3884 (ι
2862 3827 3233 3888 vestimentis
3257 3833 3397 3889 (uis.
3425 3827 3591 3900 Quod

1958 3915 2196 3992 quidem
2239 3916 2470 3993 myrrha
2499 3915 2832 3995 symbolum
2892 3915 2967 3975 sit
3007 3915 3349 3996 sepultura,
3413 3917 3588 3976 etiam

1957 4003 2312 4080 evangelista
2357 4001 2618 4065 Joannes
2670 4025 2778 4065 nos
2825 4003 3044 4078 docuit,
3081 4005 3182 4081 qui
3214 4005 3369 4066 dicat
3397 4024 3530 4066 eum
3561 4022 3594 4064 a

1954 4091 2174 4170 Joseph
2203 4091 2629 4156 abArimathaa
2653 4113 2785 4155 cum
2815 4095 3044 4174 myrrha
3067 4103 3120 4154 et
3141 4094 3272 4155 aloe
3293 4094 3588 4174 sepultum

1957 4199 2087 4243 esse
2109 4183 2182 4244 τε.
2219 4181 2390 4244 Gutta
2434 4202 2570 4244 vero
2596 4185 2770 4246 etiam
2806 4185 2931 4264 ipsa
2957 4185 3205 4262 myrrha
3235 4185 3466 4263 species
3499 4192 3592 4244 est

1956 4271 2320 4333 tenuissima.
2355 4275 2668 4354 Postquam
2705 4273 2861 4334 enim
2886 4283 3199 4335 contusum
3239 4283 3327 4334 est
3361 4292 3585 4354 aroma,

1954 4359 2237 4440 quidquid
2272 4361 2328 4423 in
2363 4381 2432 4423 eo
2491 4373 2577 4423 est
2609 4363 2840 4441 liquidi,
2914 4363 2971 4422 in
3006 4371 3224 4439 guttam
3259 4372 3584 4442 separatur,

1954 4450 2108 4530 quod
2133 4450 2390 4514 crassius
2419 4452 2963 4532 supereSt,myrrha
2994 4452 3349 4532 appellatur.
3380 4456 3586 4530 Itaque

2309 4611 2366 4660 7³
2391 4615 2555 4675 loan.
2591 4629 2710 4687 xrx,
2743 4614 2843 4678 39.

308 4771 432 4855 (9|)
465 4772 690 4834 Vocula
709 4773 763 4829 δέ
800 4773 970 4835 abest
999 4771 1346 4835 abeditione
1374 4772 1545 4833 Basil.
1583 4780 1640 4832 et
1669 4771 1743 4832 ab
1760 4771 1921 4832 ali-2
1946 4772 2026 4831 ita
2049 4770 2196 4832 nihil
2241 4781 2434 4855 vetare
2480 4773 2711 4855 videtur
2767 4775 3085 4855 quominus
3117 4772 3188 4833 de
3223 4773 3324 4834 illo
3361 4781 3585 4855 priore,

222 4851 444 4933 quibus
467 4869 618 4933 mss.

305 4931 433 5012 (92)
466 4929 590 5012 illa,
653 4936 740 5012 καὶ
795 4934 879 4990 ἐπὶ
923 4936 1045 4996 τοὺς
1086 4933 1306 5012 ἐχθρούς
1361 4955 1455 4990 σου
1511 4930 1865 5012 ἐξετηκόμην,

222 5009 430 5072 addita
461 5009 641 5073 fuisse
670 5011 917 5074 editioni
940 5009 1216 5075 Basil.ex
1239 5012 1395 5072 Oliv.
1432 5025 1492 5073 et
1522 5011 1864 5090 Anglic.do-

225 5100 321 5151 cet
354 5091 444 5152 vir
474 5092 868 5156 peritissimus
887 5093 1342 5156 Ducaus.Notat
1366 5101 1565 5153 tamen
1587 5091 1742 5152 idem
1770 5091 1868 5152 ille

229 5171 438 5254 legiin
461 5171 866 5254 _Oliv.é1:'v.:o?;
899 5176 1114 5254 ἐχθροῖς
1147 5196 1264 5254 σου,
1293 5181 1505 5246 non,ut
1528 5171 1588 5231 in
1621 5171 1866 5254 vulgatis

226 5250 423 5330 libris,
457 5251 541 5308 ἐπὶ
584 5250 1096 5334 τοὺςέχθρούς-σου.
1145 5250 1478 5334 Εαειιιιεῐη
1529 5269 1661 5334 qua
1707 5251 1866 5334 Vidi-

229 5349 368 5411 mus
395 5331 896 5411 exemplaria’nOn
929 5334 1285 5396 conveniunt
1326 5333 1479 5393 inter
1510 5349 1574 5391 se
1635 5331 1694 5392 In
1739 5331 1869 5393 aliis

227 5409 389 5494 enim
420 5409 599 5472 verba
625 5413 755 5494 illa,
805 5418 891 5494 καὶ
953 5415 1037 5472 ἐπὶ
1093 5415 1239 5494 τούς,
1297 5421 1434 5494 θὶς),
1465 5411 1870 5494 reperiuntur

227 5490 474 5574 quidem
502 5491 641 5574 :sped
674 5490 894 5555 in'aliis
927 5513 1042 5555 non
1078 5490 1280 5574 paucis
1312 5490 1725 5574 desideraitur
1756 5490 1870 5574 lbi-

223 5569 362 5653 dem
398 5581 529 5653 post
560 5571 682 5653 illa,
717 5575 929 5648 ἐμίσουν
964 5569 1167 5649 κῦτόύς,
1223 5575 1506 5653 scripturn
1571 5571 1871 5633 invenitur

222 5652 285 5712 in
322 5651 684 5735 Golbertinis
711 5655 903 5735 primo
941 5663 998 5716 et
1043 5662 1211 5715 sexto
1233 5651 1574 5735 ,εἱςςέχθροὺς
1603 5653 1868 5735 _§:‘,':'v0v:d

223 5755 340 5812 μοι,
370 5733 622 5794 Inimici
638 5731 792 5810 facti
818 5741 960 5798 sunt
1005 5735 1181 5796 mihi.
1218 5733 1334 5795 Sed
1366 5731 1864 5812 quemadmodum

220 5811 704 5903 ultimuLn_illud,
731 5817 808 5903 εἰς
843 5813 1336 5903 ἒχθροὲςὲγένογτό
1360 5811 1482 5903 μοι,
1531 5811 1696 5903 (Σεξιίὶ
1749 5831 1858 5903 po-

215 5900 310 5955 est
343 5910 413 5954 ex
440 5891 644 5956 Bibliis
675 5891 973 5974 adjectum
997 5892 1184 5956 fuisse
1215 5891 1287 5955 ah
1321 5891 1520 5973 aliquo
1557 5891 1810 5956 librario
1841 5911 1856 5956 :

1950 4855 2037 4934 καὶ
2060 4856 2144 4909 ἒπὶ
2175 4856 2296 4934 τοῦς
2323 4853 2540 4934 ἐχθροὺς
2573 4853 2926 4932 ἐξετηκόμην,
2963 4853 3122 4914 idem
3182 4853 3424 4934 quoque
3454 4879 3590 4921 sen-

1953 4933 2188 4994 tiamus.
2220 4931 2498 5014 Ututhac
2529 4943 2687 5014 sunt,
2725 4935 2869 4996 nihil
2893 4931 3212 5014 quidquam
3237 4934 3292 5014 in
3313 4931 3589 5000 contextu

1954 5015 2328 5074 mutavimus.
2371 5012 2535 5086 Quod
2571 5012 2730 5076 enim
2780 5012 3117 5075 addendum
3166 5013 3454 5091 judicavit
3511 5020 3585 5093 is,

1953 5111 2126 5171 quem
2154 5093 2326 5154 modo
2361 5093 2508 5175 dixi,
2544 5096 2630 5156 vir
2653 5094 3115 5168 eruditissimus,
3148 5093 3206 5154 id
3269 5096 3398 5159 sine
3425 5110 3587 5160 certo

1949 5183 2296 5255 argumento
2329 5182 2582 5255 expungi
2620 5176 2838 5236 debere
2873 5183 3307 5255 nonputamus.

2034 5251 2580 5321 t93;Veheme'ntem
2596 5251 3432 5335 quemdamSpi’ritusaﬂlatum
3448 5276 3589 5320 voce

1951 5331 2278 5412 ξνατενισμῷ
2307 5331 2630 5412 signiﬁcari
2652 5331 2974 5396 obscurum
3004 5353 3118 5393 non
3152 5345 3259 5396 est.
3313 5339 3589 5400 Verterat

1953 5411 2164 5497 ipterp:
2187 5432 2249 5472 es
2275 5411 2463 5488 vetus,
2492 5414 2766 5494 Spiritus
2796 5416 3286 5497 intentionemon
3312 5418 3427 5479 alio
3451 5420 3588 5497 qui-

1954 5490 2122 5578 dem,
2142 5504 2308 5578 puto,
2342 5514 2520 5556 sensu
2542 5490 2564 5557 ἐ
2595 5497 2695 5578 sed
2725 5495 3001 5578 ambigue
3031 5490 3587 5578 elimproprie.'1‘tp

1952 5572 2218 5648 ἁτενιτμῷ
2304 5579 2390 5630 τοῦ
2470 5577 2798 5650 Πνεύματος.
2886 5572 3243 5636 νθΐῑνηάυῐῇ
3315 5572 3586 5652 'videtur,

1952 5658 2254 5733 acceptae
2277 5656 2500 5733 spiritu
2519 5658 3039 5732 contemplatione.
3087 5653 3322 5718 MAnAN.

2031 5731 2528 5817 (94_l_Edil—ih1'lb.
2555 5739 2632 5798 At
2661 5731 2921 5817 quinque
2946 5755 3088 5800 mss.
3115 5735 3580 5817 ταχύτερονδιλ-

1948 5809 2050 5872 tim
2075 5812 2218 5873 editi
2249 5809 2502 5904 ᾆποπνέει
2532 5817 2652 5893 μέν.
2679 5809 2915 5880 ’νοούιει
2967 5818 3062 5892 μέν
3115 5809 3282 5878 άθὲει
3327 5809 3402 5878 ’ίιι
3438 5833 3579 5878 mss.

1945 5909 2061 5953 non
2095 5911 2318 5973 paucis.
