4108 6220
250 324 370 391 409
1351 312 1676 387 HOMILIA
1720 320 1804 382 IN
1849 306 2212 387 PSALMUM
2260 324 2475 388 XLIV.
3504 323 3625 393 410

246 456 701 536 προσκυνήσουσιν
764 458 924 529 αὐτῷ·
966 454 1090 536 (99)
1143 454 1535 534 Προσκαλετται
1601 454 1697 521 τὴν
1748 451 1909 512 Ἐκ-.

2001 453 2324 519 lxhortatur
2366 456 2700 520 Ecclesiam
2747 458 2819 520 ad
2854 457 3148 520 audienda
3206 459 3619 540 servandaque

244 546 470 613 κλησίαν
501 546 585 601 ἐπὶ
617 545 716 612 τὴν
748 546 1000 623 ἀκρόασιν
1049 547 1135 601 καὶ
1181 548 1278 613 τὴν
1329 546 1551 624 τήρησιν
1583 551 1687 600 τῶν
1718 567 1890 623 προσο-

2001 555 2556 628 irzecepta,eamque
2588 548 2698 610 sibi
2725 549 2853 629 ipsa
2876 548 3276 629 appellatione
3297 549 3533 611 asciscit
3559 549 3620 609 in

245 637 615 709 τασσομένων,
671 638 755 691 καὶ
802 642 1232 710 προσοικειοῦται
1288 636 1450 700 αύτὴν
1482 633 1565 689 διὰ
1596 635 1691 701 τῆς
1721 657 1891 713 προσ-

2002 637 2462 717 amiliaritatem,
2499 638 2655 699 illam
2688 639 2993 721 appellans
3030 638 3208 699 ﬁliam
3238 660 3253 718 ;
3291 638 3455 717 quasi
3488 656 3617 699 eam

248 725 497 803 ηγορίας,
557 725 816 802 θυγατέρα
867 726 1029 790 αὐτὴν
1086 726 1490 802 προσαγορεύων
1542 723 1626 802 (Ι)
1665 744 1680 759 ⁸
1736 728 1892 781 οἱονεὶ

2001 724 2089 785 :ibi
2117 745 2221 805 pro
2251 727 2371 787 ﬁlia
2396 746 2500 807 per
2519 729 2865 790 charitatem
2890 728 3440 808 adoptasset.Audi,
3468 729 3618 805 ﬁlia,

242 814 723 887 τεκνοποιούμενος
794 815 960 881 αὖτὴν
1008 813 1092 869 διὰ
1140 816 1239 879 τῆς
1292 815 1533 892 ἀγάπης,
1592 811 1891 887 ”Ακον.›σον,

246 906 497 982 θύγατερ,
558 905 644 959 καὶ
714 900 819 964 ἴδε,
898 901 1140 959 Διδάσκει
1226 905 1389 970 αὐτὴν
1463 905 1896 981 γεγυμνασμένον

246 993 400 1073 ἔχειν
430 996 523 1048 τὸν
556 1000 672 1049 νοῦν
702 995 834 1065 πρὸς
873 993 1091 1070 θεωρίαν
1144 991 1228 1048 διὰ
1286 1000 1401 1066 τοῦ,
1434 991 1575 1051 Ἴδε.
1614 994 1895 1059 Κατανόη-

247 1106 369 1155 σον,
406 1084 556 1160 φησὶ,
604 1083 703 1149 τὴν
732 1083 927 1157 κτίσιν,
976 1083 1062 1138 καὶ
1113 1081 1456 1161 ὠφεληθεῖσα
1488 1083 1593 1138 ἀπὸ
1624 1086 1721 1149 τῆς
1778 1081 1895 1138 κατ’

246 1172 418 1238 αὐτὴν
460 1170 680 1244 τάξεως,
746 1172 911 1234 οὕτως
970 1168 1217 1227 ἀνάϐαινε
1274 1172 1404 1249 πρὸς
1475 1173 1574 1237 τὴν
1626 1179 1716 1228 τοῦ
1777 1174 1896 1227 κτί-

249 1283 442 1323 σαντος
502 1262 743 1333 θεωρίαν,
804 1261 940 1318 Εἶτα
990 1262 1249 1336 κάμπτων
1314 1264 1475 1326 αὐτῆς
1539 1263 1628 1316 τὸν
1690 1261 1895 1335 ὑψηλὸν

1976 823 2031 877 et
2050 817 2208 879 vide.
2244 815 2427 879 Docet
2459 818 2573 878 hoc
2604 818 2806 897 verbo,
2856 818 3017 893 Vide,
3053 817 3377 879 Ecclesiam
3403 817 3625 879 habere

1980 913 2239 965 mentem
2275 909 2346 969 ad
2376 907 2945 976 contemplationem
2980 910 3383 967 exercitatam.
3408 907 3623 967 Consi-

1980 992 2145 1072 dera,
2174 994 2387 1074 inquit,
2417 1013 2515 1055 res
2547 1006 2777 1057 creatas
2798 1004 2975 1071 atque
3000 996 3216 1056 intuitu
3239 994 3469 1055 ordinis
3491 994 3627 1055 illa~

1978 1100 2111 1141 rum
2137 1083 2451 1162 atljuta,ita
2471 1084 2711 1145 demum
2741 1084 2812 1145 ad
2839 1084 3150 1164 ipsiusmet
3170 1084 3625 1148 Creatorisconé

1982 1172 2430 1251 templationem
2455 1174 2977 1236 ascende.Deinde
2998 1174 3179 1233 altum
3202 1171 3493 1253 superbiae
3508 1174 3627 1235 col-

1981 1260 2102 1321 lum
2126 1262 3169 1344 inﬂectenancliua,inquit,aurem
3187 1263 3468 1325 tuam.Ne
3482 1281 3622 1324 cur-

245 1354 350 1415 τῆς
408 1348 717 1419 ἀλαζονείας
789 1348 1089 1428 τράχηλον,
1184 1348 1401 1420 Κλῖνον,
1482 1351 1631 1426 φησὶ,
1684 1352 1745 1405 τὸ
1809 1350 1896 1412 οὖς

2001 1368 2076 1410 'as
2103 1351 2177 1412 ad
2234 1361 2509 1413 externas
2552 1353 2806 1428 fabulas,
2841 1353 2943 1414 sed
2988 1353 3275 1413 humilem
3326 1354 3627 1414 sermonis

251 1461 371 1500 σου,
436 1440 523 1505 Μὴ
580 1436 892 1516 ἆποδράμης
948 1441 1079 1517 πρὸς
1141 1441 1259 1501 τοὺς
1332 1439 1431 1502 ἔξω
1489 1440 1702 1513 μύθους,
1766 1438 1900 1493 ἀλλὰ

2001 1440 2307 1517 evangelici
2333 1461 2537 1504 vocem
2563 1443 2837 1522 suscipe:
2868 1441 3100 1503 Inclino
3121 1458 3333 1502 (mrem
3356 1450 3517 1503 tuam
3550 1443 3622 1503 ad

247 1526 532 1592 κατάδεξαι
590 1530 653 1583 τὸ
711 1529 955 1584 ταπεινὸν
1010 1534 1109 1595 τῆς
1171 1527 1224 1582 ἐν
1267 1531 1344 1601 τῷ
1402 1527 1731 1604 εὒαγγελικῷ
1758 1526 1901 1605 λόγῳ

2001 1548 2137 1591 ianc
2168 1531 2524 1607 doctrinam,
2564 1541 2627 1593 ut
2657 1533 3008 1593 obliviscare
3046 1550 3353 1612 pravarum
3394 1532 3624 1593 illarum

247 1623 432 1695 φωνῆς
468 1634 480 1646 ·
540 1617 734 1675 Κλϊνον
798 1620 852 1673 τὸ
898 1617 984 1680 οὖς
1042 1640 1132 1673 σου
1191 1620 1319 1695 πρὸς
1363 1619 1463 1683 τὴν
1512 1616 1612 1673 ὦδε
1645 1616 1899 1674 διδασκα-

2001 1621 2482 1682 :onsuetudinum
2506 1632 2682 1698 atque
2700 1630 3077 1699 paternorum
3103 1621 3623 1682 documentorum.

248 1707 395 1787 λίαν,
426 1707 519 1762 ’ἕνα
562 1707 786 1784 ἐπιλάϐῃ
859 1710 966 1762 τῶν
1020 1709 1313 1786 μοχθηρῶν
1373 1708 1501 1763 ἐθῶν
1561 1707 1771 1763 ἐκείνων
1816 1709 1902 1761 καὶ

2001 1708 2358 1790 Quapropter
2386 1710 2754 1773 Obliviscere
2782 1710 3063 1791 papulum
3098 1717 3358 1783 tuum,el
3389 1712 3628 1774 domum

249 1804 363 1852 τῶν
420 1804 689 1875 πατρικῶν
748 1795 1083 1873 διδαγμάτων
1159 1796 1263 1875 (2),
1328 1799 1421 1851 Διὸ
1473 1796 1756 1855 Ἐπιλάθου
1812 1804 1905 1852 τοῦ

250 1887 386 1942 λαοῦ
456 1908 571 1965 σου,
630 1888 717 1942 καὶ
802 1894 895 1943 τοῦ
970 1885 1123 1942 οἷ’κο)
1181 1894 1273 1941 τοῦ
1343 1886 1541 1963 πατρός
1601 1907 1711 1944 σου.
1793 1892 1901 1949 Πᾶς

253 1979 360 2054 γὰρ
404 1980 432 2031 ὁ
477 1983 643 2032 ποιῶν
694 1976 794 2043 τὴν
835 1976 1093 2054 ἁμαρτίαν
1152 1975 1213 2030 ὲκ
1268 1982 1359 2032 τοῦ
1417 1973 1661 2033 διαϐόλου)
1711 1975 1901 2053 γεγέν-

254 2088 438 2133 νηται.
505 2064 759 2123 ’Ἔκϐαλὲ
804 2089 923 2141 μοι,
975 2067 1126 2144 φησὶ,
1159 2066 1254 2127 τὰς
1311 2066 1418 2119 τῶν
1457 2062 1723 2139 δαιμόνων
1753 2063 1901 2119 διδα-

249 2154 503 2233 σκαλίας,
561 2156 813 2211 ἐπιλάθου
867 2159 1081 2227 θυσιῶν,
1142 2156 1357 2233 χορείας
1418 2160 1747 2233 νυκτερινῆς,
1795 2156 1899 2228 μύ-

248 2249 361 2301 θων
419 2246 491 2308 εἰς
546 2246 791 2323 πορνείαν
836 2245 921 2299 καὶ
976 2250 1152 2298 πᾶσαν
1198 2242 1477 2319 ἀσέλγειαν
1551 2242 1897 2302 ἐκκαιόντων.

256 2336 358 2389 Διὰ
415 2336 568 2390 τοῦτο
612 2335 869 2411 θυγατέρα
926 2354 984 2388 σε
1055 2336 1285 2406 ἒμαυτοῦ
1344 2332 1763 2411 προσηγόρευσα,
1809 2333 1901 2388 ’ἕνα

254 2425 493 2500 μισήσῃς
522 2428 612 2479 τὸν
642 2425 842 2499 πατέρα
896 2424 986 2478 τὸν
1043 2422 1299 2500 πρότερόν
1353 2444 1408 2477 σε
1444 2424 1770 2499 γεννήσαντα
1825 2423 1897 2486 εἷς

253 2513 549 2574 ἀπώλειαν,
610 2511 735 2569 Ἐὰν
772 2514 872 2592 γὰρ
915 2510 1000 2568 διὰ
1044 2518 1145 2578 τῆς
1201 2511 1370 2581 λήθης
1422 2510 1726 2587 ἀπαλείψῃς
1778 2512 1899 2570 τοὺς

256 2602 476 2667 σπίλους
521 2608 626 2657 τῶν
686 2608 932 2677 πονηρῶν
1007 2601 1361 2676 μαθημάτων,
1430 2598 1769 2656 ἀπολαϐοῦσα
1840 2602 1900 2655 τὸ

254 2690 398 2746 ἴδιον
454 2690 643 2757 ἑαυτῆς
673 2689 899 2769 καλλος,
958 2690 1259 2764 ὲπιθυμητὴ
1310 2691 1521 2768 φανήσῃ
1576 2697 1651 2763 τῷ
1700 2690 1905 2767 νυμφίῳ

254 2783 348 2837 καὶ
399 2780 637 2856 βασιλεῖ.
725 2779 864 2837 "Ott
953 2780 1107 2842 αὐτός
1194 2779 1303 2835 ἐστι
1386 2780 1568 2857 Κύριος
1628 2801 1744 2853 σου,
1818 2779 1904 2833 καὶ

256 2872 715 2947 προσκυνήσουσιν
775 2867 917 2941 αύτῷ
975 2866 1081 2947 (3).
1141 2871 1211 2924 Τὸ
1268 2868 1561 2944 ἀναγκαῖον
1619 2874 1716 2934 τῆς
1778 2869 1905 2922 ὑπο-

255 2964 435 3036 ταγῆς
492 2956 796 3036 παραδηλοῖ
856 2956 945 3013 διὰ
992 2964 1105 3030 τοῦ,
1169 2956 1333 3019 Αύτός
1380 2957 1488 3012 ἐστι
1538 2958 1722 3035 Κύριός
1784 2978 1900 3016 σου,

261 3050 694 3125 Προσκυνήσουσι
747 3045 799 3102 δὲ
847 3047 987 3121 αύτῴ
1041 3046 1151 3124 (4),
1193 3052 1336 3101 πᾶσα
1400 3048 1434 3114 ἡ
1488 3049 1678 3109 κτίσις.
1760 3048 1903 3101 Διότι

258 3138 357 3196 Ἐν
414 3145 492 3212 τῷ
548 3139 766 3213 ὀνόματι
845 3133 1023 3203 Ἰησοῦ
1094 3143 1319 3215 Χριστοῦ
1375 3141 1475 3192 πᾶν
1535 3136 1660 3213 γόνυ
1704 3136 1906 3211 κάμψει

261 3228 613 3303 ἐπουρανίων,
679 3227 767 3281 καὶ
846 3226 1115 3304 ἐπιγείων,
1178 3227 1265 3281 καὶ
1335 3226 1729 3304 καταχθανίων,
1814 3226 1911 3282 Καὶ

260 3317 498 3395 θυγάτηρ
550 3317 711 3395 Τύρου
762 3315 815 3370 ἐν
859 3312 1069 3393 δώροις,
1131 3318 1199 3371 Τὸ
1244 3313 1527 3392 πρόσωπον
1578 3336 1671 3370 σου
1724 3325 1911 3369 λιταν-

266 3408 511 3462 εύσουσιν
550 3405 639 3484 (5)
666 3408 712 3462 οἱ
756 3403 999 3460 πλούσιοι
1050 3412 1143 3460 τοῦ
1194 3402 1343 3458 λαοῦ.
1399 3412 1561 3458 Δοκεῖ
1606 3404 1640 3469 ἡ
1685 3400 1913 3479 ὑπερϐη-

263 3495 339 3563 λὴ
387 3495 483 3561 τῆς
528 3492 957 3571 είδολωλατρείας
992 3492 1046 3547 ἐν
1089 3498 1155 3566 τῇ
1201 3489 1495 3547 Χανανίτιδι
1541 3492 1695 3569 χώρᾳ
1732 3493 1913 3548 ἐπιτε-

265 3582 571 3651 τηδεῦσθαι.
622 3581 965 3661 Μητρόπολις
1020 3579 1073 3635 δὲ
1103 3580 1200 3647 τῆς
1238 3580 1448 3635 Χαναὰν
1489 3582 1519 3646 η
1552 3582 1737 3657 Τύρος,
1774 3588 1913 3657 Προ-

266 3674 595 3753 τρεπόμενος
642 3673 732 3728 οὗν
792 3673 863 3735 είς
905 3671 1148 3736 ὑπακοὴν
1180 3669 1278 3736 την
1308 3667 1633 3735 Ἐκκλησίαν
1665 3672 1691 3725 ὁ
1731 3668 1910 3748 λόγος,

270 3765 375 3822 Καὶ
428 3764 683 3841 θυγάτηρ,
744 3762 895 3841 φησὶ,
958 3759 1120 3838 Τύρου
1177 3757 1289 3824 ἥξει
1345 3758 1472 3813 ποτὲ
1524 3760 1657 3832 μετὰ
1709 3757 1911 3835 δώρων.

275 3853 378 3909 Καὶ
410 3854 469 3908 τὸ
499 3856 589 3909 σὸν
623 3852 676 3907 δὲ
708 3851 995 3927 πρόσωπον
1046 3852 1094 3904 οἱ
1140 3847 1381 3904 πλούσιοι
1433 3850 1524 3903 τοῦ
1582 3846 1713 3904 λαοῦ
1742 3871 1913 3927 προσ-

267 3944 586 4011 κυνήσουσιν
633 3945 687 3997 ἓν
742 3939 927 4018 δώροις
1162 3942 1267 3996 Οὐκ
1320 3937 1471 4017 εἶπε,
1518 3941 1587 3993 Σὲ
1620 3940 1915 4017 προσκυνή-

270 4052 452 4087 σουσιν
484 4032 538 4087 ἐν
570 4029 781 4108 δώροις,
818 4028 979 4102 ἀλλὰ,
1014 4029 1084 4085 Τὸ
1109 4029 1393 4105 πρόσωπον
1424 4030 1486 4083 τὸ
1531 4028 1646 4091 σόν,
1700 4030 1771 4085 Ob
1823 4030 1921 4107 γὰρ

272 4124 302 4176 ὁ
338 4123 590 4198 Χριστὸς,
638 4122 695 4176 ὃν
725 4119 1013 4197 πρόσωπον
1042 4116 1318 4193 ὠνόμασεν
1344 4119 1378 4185 ἡ
1400 4119 1609 4196 Γραφή.

367 4214 458 4272 11.
522 4217 671 4266 Πᾶσα
724 4211 760 4276 ἡ
819 4205 940 4270 δόξα
1014 4207 1111 4274 τῆς
1165 4208 1417 4283 θυγατρὸς
1496 4217 1588 4264 τοῦ
1656 4205 1917 4282 βασιλέως

274 4302 494 4374 ἔσωθεν,
582 4301 633 4355 ἐν
720 4309 1050 4377 κροσσωτοϊς
1146 4310 1369 4375 χρυσοτς
1463 4294 1915 4375 περιϐεϐλημένη,

274 4388 689 4464 πεποικιλμένη.
783 4385 1271 4464 Ἀπενεχθήσονται
1347 4391 1423 4459 τῷ
1500 4385 1719 4461 βασιλεῖ
1774 4408 1918 4464 παρ..

274 4480 418 4537 θένοι
464 4480 634 4535 ὀπίσω
685 4481 873 4544 αὒτῆς.
933 4471 1153 4541 Ἐπειδὴ
1215 4473 1473 4553 ἐκαθάρθη
1520 4474 1603 4543 (7)
1652 4475 1757 4530 ἀπὸ
1814 4480 1920 4529 τῶν

1982 1801 2176 1876 patris
2192 1800 2532 1862 tui.0mnis
2549 1802 2706 1861 enim
2728 1804 2830 1879 qui
2841 1802 2991 1878 facit
3000 1803 3630 1879 peccatam,ea:diabo-

1987 1890 2239 1950 lanatas
2261 1898 2343 1951 est
2361 1891 2443 1963 75,
2474 1890 3274 1971 Abjice,inquit,dzemonum
3300 1890 3627 1964 doctrinas,

1986 1978 2338 2039 obliviscere
2360 1981 3126 2055 sacriﬁciorum,nocturnae
3148 1980 3631 2052 choroanabuIa-

1986 2085 2117 2128 rum
2150 2066 2221 2126 ad
2256 2075 2525 2148 stuprum
2562 2076 2619 2129 et
2650 2085 2887 2128 omnem
2914 2065 3216 2127 libidinem
3249 2066 3629 2129 inﬂamman-

1988 2159 2155 2218 tium.
2199 2155 2427 2217 Idcirco
2463 2165 2518 2218 te
2553 2159 2669 2218 mei
2705 2156 2890 2236 ipsius
2922 2156 3100 2215 ﬁliam
3134 2157 3359 2236 vocavi,
3394 2166 3456 2217 ut
3495 2177 3630 2219 eum

1988 2254 2292 2327 parentem
2331 2246 2549 2326 oderis,
2587 2247 2685 2327 qui
2720 2254 2775 2306 te
2809 2245 2972 2325 prius
3001 2245 3072 2305 ad
3103 2246 3493 2324 perditionem
3519 2267 3628 2325 ge-

1987 2346 2217 2397 nuerat.
2254 2336 2482 2396 Etenim
2517 2336 2564 2396 si
2598 2353 2702 2416 per
2737 2334 3094 2395 oblivionem
3131 2336 3390 2396 maculas
3421 2356 3629 2415 pravo-

1984 2443 2114 2486 rum
2147 2426 2641 2488 documentorum
2681 2424 2996 2497 deleveris,
3026 2433 3124 2483 tuo
3158 2424 3395 2503 proprio
3412 2425 3628 2488 decore

1983 2523 2309 2593 assumpto,
2334 2512 2759 2575 desiderabilis
2787 2511 3103 2593 apparebis
3133 2532 3353 2592 sponso
3390 2522 3446 2573 et
3475 2515 3627 2592 regi.

1987 2604 2285 2678 Quoniam
2298 2608 2419 2683 ipse
2432 2612 2517 2664 est
2530 2605 2888 2665 Dominustu
2900 2608 3042 2675 us,et
3054 2601 3395 2664 adarabunl
3412 2604 3626 2682 ipsum.

1987 2691 2420 2754 Necessitatem
2484 2691 2847 2753 obedientia:
2903 2690 3189 2769 declarat,
3245 2691 3337 2751 his
3391 2692 3627 2756 verbis:

1984 2781 2121 2861 Ipse
2149 2788 2234 2842 est
2270 2781 2561 2842 Dominus
2594 2787 2755 2843 tuus.
2787 2778 3141 2840 Aviorabunt
3178 2787 3378 2842 autem
3410 2782 3631 2859 ipsum,

1988 2885 2193 2940 nempe
2212 2884 2411 2927 omnes
2435 2884 2526 2926 res
2552 2881 2773 2927 creatae.
2800 2869 2939 2924 Nam
2972 2866 3039 2923 In
3056 2869 3269 2924 nomine
3288 2868 3410 2926 Jesu
3432 2869 3638 2926 Christi

1987 2971 2144 3012 omne
2170 2971 2310 3026 genu
2330 2953 2600 3025 ﬂectetur,
2622 2953 2928 3018 cwlestium,
2950 2956 3285 3009 terrestrium
3307 2961 3356 3009 et
3396 2955 3639 3025 inferno-

1924 3027 1963 3076 ο
1988 3062 2127 3106 rum
2147 3046 2230 3107 76.
2276 3044 2404 3103 168
2426 3041 2607 3105 Vens.
2640 3045 2730 3105 l3.
2762 3042 2841 3104 Et
2856 3042 2989 3121 ﬁlia
3008 3040 3147 3122 Tyri
3174 3044 3238 3104 iu
3253 3045 3631 3106 muneribus.

1998 3132 2240 3196 Vultum
2264 3143 2430 3194 tuum
2449 3134 2931 3209 deprecabuntur
2948 3133 3163 3192 divites
3181 3131 3638 3211 plebis.Videtur

1994 3223 2332 3285 idololatria
2362 3222 2421 3282 in
2451 3223 2781 3284 Chananzea
2798 3228 3042 3300 regione
3071 3220 3407 3282 immodicis
3428 3222 3638 3284 studiis

1997 3314 2231 3375 exculta
2262 3312 2467 3372 fuisse.
2500 3311 2843 3391 Metropolis
2886 3322 3080 3371 autem
3116 3311 3391 3372 Chanaan
3426 3310 3636 3391 Tyrus.

2001 3403 2325 3464 Ecclesiam
2350 3402 2530 3479 igitur
2546 3400 2616 3461 ad
2643 3399 3046 3461 obedientiam
3079 3401 3395 3461 exhortans
3415 3418 3637 3462 sermo.

1996 3491 2186 3554 Etiam
2212 3490 2350 3568 ﬁlia,
2381 3487 2735 3569 inquit,Tyri
2757 3489 2957 3550 veniet
2988 3487 3307 3569 aliquando
3349 3507 3483 3549 cum
3510 3508 3643 3549 mu-

2001 3580 2269 3641 neribus.
2300 3578 2370 3640 Et
2392 3580 2613 3638 vultum
2647 3588 2811 3639 tuum
2845 3577 3177 3638 adorabunt
3206 3578 3417 3638 divites
3449 3578 3641 3658 plebis

2001 3670 2059 3729 in
2094 3667 2467 3728 muneribus.
2491 3666 2618 3727 Non
2639 3666 2808 3739 dixit,
2832 3665 2916 3727 Te
2940 3666 3270 3727 adorabunt
3293 3667 3351 3728 in
3378 3667 3641 3728 muneri-

1999 3758 2136 3832 bus,
2160 3756 2290 3837 sed,
2312 3756 2556 3817 Vultum
2584 3764 2769 3817 tuum.
2796 3754 3062 3817 Ecclesia
3100 3757 3257 3816 enim
3285 3774 3403 3817 non
3426 3756 3639 3817 adora-

1998 3847 2227 3919 tur,sed
2252 3855 2425 3925 caput
2450 3844 2729 3906 Ecclesiae
2746 3844 3016 3907 Christus
3036 3845 3305 3926 77,quem
3339 3844 3645 3925 Scriptura

2000 3936 2238 3999 vultum
2265 3934 2606 4015 appellavit.

1956 4025 2252 4093 Ἐκκλησία
2283 4037 2686 4103 προσκυνεῖται,
2718 4022 2855 4079 ἀλλὰ
2886 4029 2982 4090 τῆς
3010 4023 3335 4091 Ἐκκλησίας
3367 4024 3402 4090 ⁵η
3432 4023 3642 4103 κεφαλὴ

2087 4205 2147 4267 11
2168 4249 2182 4264 .
2210 4202 2392 4265 Vsns.
2426 4202 2635 4282 14,15.
2659 4200 2869 4264 Omnis
2886 4200 3090 4281 gloria
3110 4200 3254 4280 βιιω
3276 4203 3439 4280 regis
3462 4201 3538 4263 ab
3555 4202 3655 4263 in-

2003 4299 2105 4361 tus,
2136 4294 2191 4347 in
2219 4292 2449 4365 ﬁmbriis
2485 4292 2673 4348 aureis
2706 4291 3135 4352 circumamicta,
3165 4290 3466 4363 variegata.
3498 4290 3649 4362 Alfe-

2001 4389 2196 4441 rentur
2225 4384 2341 4455 regi
2370 4382 2606 4454 virgines
2628 4388 2745 4454 post
2782 4397 2920 4438 eam.
2956 4381 3265 4451 Postquam
3293 4388 3530 4452 purgata
3564 4388 3649 4437 est

2002 4472 2076 4534 ab
2106 4473 2366 4553 antiquis
2396 4470 2675 4552 nequitia:
2704 4469 3017 4543 doctrinis,
3046 4478 3251 4550 utpote
3282 4470 3643 4532 documento

362 4659 424 4710 75
452 4655 669 4720 IJoan.
702 4671 790 4731 ιιι,
818 4655 880 4719 8.
966 4655 1033 4707 ἰϐ
1061 4652 1323 4735 Philipp.
1355 4670 1421 4736 ιι,
1450 4655 1549 4715 10.
1633 4651 1697 4703 77
1728 4649 1951 4732 Ephes.
1980 4670 2036 4726 v,
2063 4650 2162 4714 23.

367 4815 639 4899 (99)_Hic
652 4815 1227 4899 dissidentinterse
1248 4814 1421 4899 libri,
1436 4814 1732 4899 utivid‘ere
1755 4821 1843 4899 est
1866 4814 1925 4875 in
1948 4820 1991 4872 D
2009 4811 2307 4899 Adorulrit
2338 4820 2547 4899 autem
2594 4816 2961 4899 ιηιῃιοιιιηίσ⁵
2982 4817 3290 4899 creatura.

280 4893 439 4962 notis
469 4896 692 4960 Nobilii
718 4906 778 4959 et
822 4897 883 4959 in
912 4897 1232 4978 Hamaplis.
1266 4896 1463 4978 Editio
1498 4894 1684 4957 Paris.
1720 4904 1781 4978 e_t
1802 4893 1924 4978 duo

284 4997 430 5042 mss.
463 4980 909 5055 προσκυνήσουσιν
942 4974 1103 5052 αὐτῷ,
1142 4975 1503 5040 Adorabunt
1541 4994 1699 5038 eum.
1732 4974 1927 5037 Editio

282 5058 463 5123 Basil.
520 5066 578 5118 et
623 5076 724 5119 sex
777 5077 921 5120 mss.
982 5060 1364 5136 προσκυνήσεις
1424 5060 1589 5133 αὐτῷ,
1626 5056 1930 5118 Adorabis

285 5158 443 5219 eum,
480 5146 541 5219 et
568 5138 651 5219 ita
676 5138 791 5217 legi
821 5137 879 5200 in
933 5138 1137 5219 Bibliis
1192 5157 1334 5219 mss.
1386 5144 1507 5198 tum
1557 5136 1761 5215 Regiis
1804 5145 1927 5197 tum

287 5218 648 5283 Colbertinis
676 5227 883 5281 auctor
913 5229 1003 5281 est
1028 5218 1393 5281 Ferrandus.

368 5301 447 5380 (1)
484 5297 651 5378 Regii
684 5300 984 5362 secundus
1014 5310 1072 5361 et
1103 5302 1309 5362 tertius
1340 5316 1471 5360 cum
1521 5296 1689 5380 Golb.
1735 5297 1928 5378 primo

284 5377 685 5459 προσαγορεύει.
722 5380 841 5442 ΑΙῘί
890 5399 1029 5442 vero
1072 5398 1213 5441 mss.
1260 5397 1395 5442 cum
1447 5377 1621 5439 editis
1652 5377 1927 5456 προσαγο-

319 5463 455 5518 εύων
466 5510 478 5523 ,

319 5485 478 5523 ευων,

286 5485 314 5541 ρ
374 5542 451 5619 (2)
484 5539 633 5618 Reg.
664 5542 871 5603 tertius
899 5546 1004 5598 τῶν
1033 5545 1301 5620 πατρικῶν
1324 5536 1688 5617 παραδόσεων,
1718 5547 1926 5617 pater-

282 5639 507 5683 narum
546 5623 973 5685 traditionum.

2095 4892 2178 4973 (5)
2207 4893 2315 4973 Sic
2331 4910 2485 4973 mss.
2514 4893 2590 4954 At
2612 4891 2794 4954 editio
2833 4891 3021 4954 Paris.
3052 4890 3432 4973 λιτανεύουσιν.
3480 4884 3653 4973 ῌοιιιί

2011 4968 2187 5065 longe
2217 4971 2553 5065 Colbertin-i
2580 4974 2819 5065 primus
2876 4981 2935 5033 et
2985 4980 3199 5065 sextus.
3232 4968 3561 5048 μητρόπολις
3593 4971 3647 5065 es

2011 5047 2399 5121 τῆξΧαηνίας
2428 5056 2485 5123 ἡ.
2511 5047 2668 5116 Editi
2700 5070 2839 5114 vero
2867 5070 3001 5113 cum
3037 5052 3235 5112 multis
3263 5047 3402 5112 mss.
3438 5047 3648 5127 μητρό-

2013 5132 2166 5198 πολις
2212 5132 2265 5190 δὲ
2311 5141 2408 5202 τῆς
2440 5136 2649 5191 Χαναὰν

2099 5214 2183 5293 (6)
2220 5216 2301 5273 Ita
2332 5215 2499 5292 Regii
2522 5216 2847 5286 secundus,
2875 5210 3106 5285 tertius,
3130 5209 3653 5293 quartus,quii_itus

2012 5301 2069 5374 et
2090 5289 2297 5355 sextus
2320 5313 2339 5353 :
2361 5289 2576 5373 quibus
2600 5301 2770 5374 plane
2790 5289 3169 5374 consentiunt
3192 5299 3249 5352 et
3271 5292 3489 5354 Catena
3512 5289 3650 5351 Cor-

2011 5373 2134 5434 der.
2166 5383 2223 5435 et
2253 5372 2856 5455 Colbertini'priinus,
2887 5372 3356 5452 quintus,sextus
3383 5375 3650 5455 etsepti-

2014 5471 2169 5516 mus.
2206 5455 2361 5513 Eillll
2394 5472 2533 5516 vero
2566 5451 2635 5513 To
2666 5460 2755 5512 σὸν
2814 5455 2863 5510 δὲ
2907 5451 3197 5531 πρόσωπον
3253 5451 3652 5529 προσκυνήσου-

2011 5556 2094 5589 σιν
2125 5536 2170 5589 ol
2203 5534 2444 5591 πλούσιοι
2489 5546 2581 5594 τοῦ
2628 5535 2780 5608 λαοῦ,
2816 5535 3203 5591 λιτανὲύσουσιν
3235 5534 3288 5587 ἐν
3318 5532 3527 5609 δώροις,

2099 5614 2186 5693 (7)
2220 5613 2417 5675 Editio
2449 5616 2637 5676 Paris.
2671 5632 2805 5679 eum
2838 5614 2979 5691 Reg.
3018 5621 3222 5692 quarto
3256 5620 3314 5673 et
3344 5612 3511 5693 Colb.
3546 5628 3649 5670 se-

372 5704 444 5776 (3)
478 5698 589 5762 Hic
642 5720 847 5763 rursus
893 5701 993 5763 alii
1035 5717 1177 5762 mss.
1212 5701 1593 5778 προσκυνήσεις
1632 5704 1793 5773 αὒτῷσ
1830 5697 1908 5759 ali

2017 5692 2200 5778 ριὶηιο
2230 5694 2512 5778 ἐκαιθξὶρθττι.
2548 5695 2898 5778 Editiovero
2927 5695 3109 5755 Basu.
3144 5700 3202 5778 et
3236 5692 3405 5778 Regii
3432 5708 3652 5750 secun-

287 5781 742 5860 προσκυνήσουσιν
774 5785 938 5857 αύνῷ,

376 5859 466 5948 (αἱ)
490 5860 667 5944 Regii
692 5862 900 5925 tertius
950 5867 1009 5923 et
1046 5865 1247 5922 sextus
1279 5862 1633 5939 προσκυνήσει
1677 5857 1732 5915 δὲ
1765 5861 1930 5940 αὐτῷ,

2014 5772 2127 5835 dus
2157 5781 2215 5836 et
2247 5772 2454 5836 tertius
2485 5793 2620 5837 cum
2670 5774 2838 5839 Colb.
2874 5783 3039 5837 sexto
3072 5776 3329 5851 καθήρθη.
