  <div class='ocr_page' id='page_1' title='image "/cluster/home/n/w/nwhite01/storage/ocr_20150623/29/hvd.32044054128665/632.png"; bbox 0 0 4108 6220; ppageno 0'>
   <div class='ocr_carea' id='block_1_1' title="bbox 300 288 417 359">
    <p class='ocr_par' dir='ltr' id='par_1_1' title="bbox 300 288 417 359">
     <span class='ocr_line' id='line_1_1' title="bbox 300 288 417 359; baseline 0.009 -1"><span class='ocrx_word' id='word_1_1' title='bbox 300 288 417 359; x_wconf 79' lang='grc'><strong>413</strong></span> 
     </span>
    </p>
   </div>
   <div class='ocr_carea' id='block_1_2' title="bbox 1422 292 2529 365">
    <p class='ocr_par' dir='ltr' id='par_1_2' title="bbox 1422 292 2529 365">
     <span class='ocr_line' id='line_1_2' title="bbox 1422 292 2529 365; baseline 0 -2"><span class='ocrx_word' id='word_1_2' title='bbox 1422 295 1739 363; x_wconf 81' lang='lat' dir='ltr'><strong>HOMILIA</strong></span> <span class='ocrx_word' id='word_1_3' title='bbox 1788 295 1868 362; x_wconf 81' lang='grc' dir='ltr'><strong>ΙΝ</strong></span> <span class='ocrx_word' id='word_1_4' title='bbox 1914 292 2273 362; x_wconf 83' lang='lat' dir='ltr'><strong>PSALMUM</strong></span> <span class='ocrx_word' id='word_1_5' title='bbox 2320 298 2529 365; x_wconf 85' lang='lat' dir='ltr'><strong>XLIV.</strong></span> 
     </span>
    </p>
   </div>
   <div class='ocr_carea' id='block_1_3' title="bbox 3548 305 3664 369">
    <p class='ocr_par' dir='ltr' id='par_1_3' title="bbox 3548 305 3664 369">
     <span class='ocr_line' id='line_1_3' title="bbox 3548 305 3664 369; baseline 0 0"><span class='ocrx_word' id='word_1_6' title='bbox 3548 305 3664 369; x_wconf 82' lang='grc'>414</span> 
     </span>
    </p>
   </div>
   <div class='ocr_carea' id='block_1_4' title="bbox 298 430 1924 520">
    <p class='ocr_par' dir='ltr' id='par_1_4' title="bbox 298 430 1924 509">
     <span class='ocr_line' id='line_1_4' title="bbox 298 430 1924 509; baseline -0.002 -21"><span class='ocrx_word' id='word_1_7' title='bbox 298 430 357 488; x_wconf 82' lang='grc' dir='ltr'>ἐκ</span> <span class='ocrx_word' id='word_1_8' title='bbox 410 430 581 498; x_wconf 96' lang='grc' dir='ltr'>λύπης</span> <span class='ocrx_word' id='word_1_9' title='bbox 628 431 662 499; x_wconf 75' lang='grc' dir='ltr'>ἢ</span> <span class='ocrx_word' id='word_1_10' title='bbox 711 430 763 497; x_wconf 73' lang='grc' dir='ltr'>ἒξ</span> <span class='ocrx_word' id='word_1_11' title='bbox 820 431 1059 509; x_wconf 77' lang='grc' dir='ltr'>ἀνάγκης</span> <span class='ocrx_word' id='word_1_12' title='bbox 1119 431 1531 509; x_wconf 77' lang='grc' dir='ltr'>καταδεξάμεναι</span> <span class='ocrx_word' id='word_1_13' title='bbox 1590 434 1679 489; x_wconf 83' lang='grc' dir='ltr'>τὸν</span> <span class='ocrx_word' id='word_1_14' title='bbox 1744 435 1924 509; x_wconf 59' lang='grc' dir='ltr'>σεμνὸν</span> 
     </span>
    </p>
   </div>
   <div class='ocr_carea' id='block_1_5' title="bbox 2018 430 3653 520">
    <p class='ocr_par' dir='ltr' id='par_1_5' title="bbox 2022 433 3653 520">
     <span class='ocr_line' id='line_1_5' title="bbox 2022 433 3653 520; baseline 0.005 -27"><span class='ocrx_word' id='word_1_15' title='bbox 2022 433 2315 494; x_wconf 88' lang='lat' dir='ltr'><strong>humanus</strong></span> <span class='ocrx_word' id='word_1_16' title='bbox 2334 433 2567 509; x_wconf 88' lang='lat' dir='ltr'><strong>usu3,in</strong></span> <span class='ocrx_word' id='word_1_17' title='bbox 2585 447 2791 497; x_wconf 84' lang='lat' dir='ltr'><strong>sancta</strong></span> <span class='ocrx_word' id='word_1_18' title='bbox 2811 445 3149 498; x_wconf 87' lang='lat' dir='ltr'><strong>sanctorum</strong></span> <span class='ocrx_word' id='word_1_19' title='bbox 3176 434 3653 520; x_wconf 85' lang='lat' dir='ltr'><strong>introducentur,</strong></span> 
     </span>
    </p>
   </div>
   <div class='ocr_carea' id='block_1_6' title="bbox 298 519 1938 600">
    <p class='ocr_par' dir='ltr' id='par_1_6' title="bbox 298 519 1938 600">
     <span class='ocr_line' id='line_1_6' title="bbox 298 519 1938 600; baseline 0.002 -24"><span class='ocrx_word' id='word_1_20' title='bbox 298 522 435 597; x_wconf 84' lang='grc' dir='ltr'>βίον,</span> <span class='ocrx_word' id='word_1_21' title='bbox 499 519 617 576; x_wconf 77' lang='grc' dir='ltr'>ἀλλ’</span> <span class='ocrx_word' id='word_1_22' title='bbox 661 524 713 576; x_wconf 81' lang='grc' dir='ltr'>αἱ</span> <span class='ocrx_word' id='word_1_23' title='bbox 772 520 826 575; x_wconf 83' lang='grc' dir='ltr'>ἐν</span> <span class='ocrx_word' id='word_1_24' title='bbox 879 522 1169 600; x_wconf 69' lang='grc' dir='ltr'>εὐφροσύνῃ</span> <span class='ocrx_word' id='word_1_25' title='bbox 1229 524 1315 577; x_wconf 84' lang='grc' dir='ltr'><strong>καὶ</strong></span> <span class='ocrx_word' id='word_1_26' title='bbox 1358 522 1671 599; x_wconf 60' lang='grc' dir='ltr'>ἀγαλλιάσει</span> <span class='ocrx_word' id='word_1_27' title='bbox 1722 522 1805 579; x_wconf 78' lang='grc' dir='ltr'><strong>ἐπὶ</strong></span> <span class='ocrx_word' id='word_1_28' title='bbox 1865 531 1938 595; x_wconf 77' lang='grc' dir='ltr'>τῷ</span> 
     </span>
    </p>
   </div>
   <div class='ocr_carea' id='block_1_7' title="bbox 297 609 1936 690">
    <p class='ocr_par' dir='ltr' id='par_1_7' title="bbox 297 609 1936 690">
     <span class='ocr_line' id='line_1_7' title="bbox 297 609 1936 690; baseline 0.002 -26"><span class='ocrx_word' id='word_1_29' title='bbox 297 610 521 683; x_wconf 85' lang='grc' dir='ltr'>τοιούτῴ</span> <span class='ocrx_word' id='word_1_30' title='bbox 591 609 958 684; x_wconf 67' lang='grc' dir='ltr'><strong>κατορθώματι</strong></span> <span class='ocrx_word' id='word_1_31' title='bbox 1033 611 1311 690; x_wconf 80' lang='grc' dir='ltr'>χαίρουσαι</span> <span class='ocrx_word' id='word_1_32' title='bbox 1392 610 1546 690; x_wconf 82' lang='grc'>(13),</span> <span class='ocrx_word' id='word_1_33' title='bbox 1608 614 1760 667; x_wconf 85' lang='grc' dir='ltr'>αὗται</span> <span class='ocrx_word' id='word_1_34' title='bbox 1826 612 1936 667; x_wconf 83' lang='grc' dir='ltr'><strong>ἀπ-</strong></span> 
     </span>
    </p>
   </div>
   <div class='ocr_carea' id='block_1_8' title="bbox 297 697 1936 779">
    <p class='ocr_par' dir='ltr' id='par_1_8' title="bbox 297 697 1936 779">
     <span class='ocr_line' id='line_1_8' title="bbox 297 697 1936 779; baseline 0.002 -26"><span class='ocrx_word' id='word_1_35' title='bbox 297 700 680 778; x_wconf 75' lang='grc' dir='ltr'>ενεχθήσονται</span> <span class='ocrx_word' id='word_1_36' title='bbox 710 706 786 772; x_wconf 87' lang='grc' dir='ltr'>τῴ</span> <span class='ocrx_word' id='word_1_37' title='bbox 830 697 1068 777; x_wconf 83' lang='grc' dir='ltr'>βασιλεῖ,</span> <span class='ocrx_word' id='word_1_38' title='bbox 1128 702 1213 755; x_wconf 82' lang='grc' dir='ltr'><strong>καὶ</strong></span> <span class='ocrx_word' id='word_1_39' title='bbox 1257 701 1585 779; x_wconf 80' lang='grc' dir='ltr'>ἀχθήσονται</span> <span class='ocrx_word' id='word_1_40' title='bbox 1619 701 1713 756; x_wconf 74' lang='grc' dir='ltr'><strong>οὔκ</strong></span> <span class='ocrx_word' id='word_1_41' title='bbox 1745 703 1816 764; x_wconf 83' lang='grc' dir='ltr'>εἷς</span> <span class='ocrx_word' id='word_1_42' title='bbox 1848 704 1936 757; x_wconf 80' lang='grc' dir='ltr'><strong>τὸν</strong></span> 
     </span>
    </p>
   </div>
   <div class='ocr_carea' id='block_1_9' title="bbox 294 785 1935 865">
    <p class='ocr_par' dir='ltr' id='par_1_9' title="bbox 294 785 1935 865">
     <span class='ocr_line' id='line_1_9' title="bbox 294 785 1935 865; baseline 0.001 -22"><span class='ocrx_word' id='word_1_43' title='bbox 294 791 531 865; x_wconf 79' lang='grc' dir='ltr'><strong>τυχόντα</strong></span> <span class='ocrx_word' id='word_1_44' title='bbox 575 787 761 856; x_wconf 82' lang='grc' dir='ltr'>τόπον,</span> <span class='ocrx_word' id='word_1_45' title='bbox 812 785 930 842; x_wconf 82' lang='grc' dir='ltr'>ἀλλ’</span> <span class='ocrx_word' id='word_1_46' title='bbox 981 789 1052 848; x_wconf 85' lang='grc' dir='ltr'><strong>εἰς</strong></span> <span class='ocrx_word' id='word_1_47' title='bbox 1099 791 1188 843; x_wconf 81' lang='grc' dir='ltr'>τὸν</span> <span class='ocrx_word' id='word_1_48' title='bbox 1232 792 1357 844; x_wconf 83' lang='grc' dir='ltr'>ναὸν</span> <span class='ocrx_word' id='word_1_49' title='bbox 1386 797 1479 845; x_wconf 80' lang='grc' dir='ltr'>τοῦ</span> <span class='ocrx_word' id='word_1_50' title='bbox 1524 789 1811 864; x_wconf 75' lang='grc' dir='ltr'>βασιλέως.</span> <span class='ocrx_word' id='word_1_51' title='bbox 1861 792 1935 848; x_wconf 83' lang='grc' dir='ltr'><strong>Τὰ</strong></span> 
     </span>
    </p>
   </div>
   <div class='ocr_carea' id='block_1_10' title="bbox 295 876 1933 957">
    <p class='ocr_par' dir='ltr' id='par_1_10' title="bbox 295 876 1933 957">
     <span class='ocr_line' id='line_1_10' title="bbox 295 876 1933 957; baseline 0.002 -26"><span class='ocrx_word' id='word_1_52' title='bbox 295 879 395 955; x_wconf 80' lang='grc' dir='ltr'>γὰρ</span> <span class='ocrx_word' id='word_1_53' title='bbox 452 878 687 955; x_wconf 78' lang='grc' dir='ltr'>ἱερατικὰ</span> <span class='ocrx_word' id='word_1_54' title='bbox 749 878 937 955; x_wconf 84' lang='grc' dir='ltr'>σκεύη,</span> <span class='ocrx_word' id='word_1_55' title='bbox 1020 876 1053 931; x_wconf 76' lang='grc' dir='ltr'>ἃ</span> <span class='ocrx_word' id='word_1_56' title='bbox 1136 882 1231 935; x_wconf 69' lang='grc' dir='ltr'><strong>οὐκ</strong></span> <span class='ocrx_word' id='word_1_57' title='bbox 1314 877 1565 952; x_wconf 78' lang='grc' dir='ltr'>ἐμόλυνεν</span> <span class='ocrx_word' id='word_1_58' title='bbox 1635 879 1933 957; x_wconf 75' lang='grc' dir='ltr'><strong>ἀνθρωπίνη</strong></span> 
     </span>
    </p>
   </div>
   <div class='ocr_carea' id='block_1_11' title="bbox 295 966 1935 1046">
    <p class='ocr_par' dir='ltr' id='par_1_11' title="bbox 295 966 1935 1046">
     <span class='ocr_line' id='line_1_11' title="bbox 295 966 1935 1046; baseline 0.002 -25"><span class='ocrx_word' id='word_1_59' title='bbox 295 971 515 1045; x_wconf 79' lang='grc' dir='ltr'>χρῆσις,</span> <span class='ocrx_word' id='word_1_60' title='bbox 584 968 649 1039; x_wconf 78' lang='grc' dir='ltr'><strong>εἰ,</strong></span> <span class='ocrx_word' id='word_1_61' title='bbox 702 967 767 1021; x_wconf 78' lang='grc' dir='ltr'><strong>τὰ</strong></span> <span class='ocrx_word' id='word_1_62' title='bbox 824 966 951 1043; x_wconf 73' lang='grc' dir='ltr'>ἅγια</span> <span class='ocrx_word' id='word_1_63' title='bbox 999 972 1105 1022; x_wconf 79' lang='grc' dir='ltr'><strong>τῶν</strong></span> <span class='ocrx_word' id='word_1_64' title='bbox 1156 969 1316 1032; x_wconf 72' lang='grc' dir='ltr'>ἁγίων</span> <span class='ocrx_word' id='word_1_65' title='bbox 1349 969 1801 1046; x_wconf 65' lang='grc' dir='ltr'>εἰσενεχθτςσεται,</span> <span class='ocrx_word' id='word_1_66' title='bbox 1847 972 1935 1025; x_wconf 85' lang='grc' dir='ltr'>καὶ</span> 
     </span>
    </p>
   </div>
   <div class='ocr_carea' id='block_1_12' title="bbox 293 1055 1931 1134">
    <p class='ocr_par' dir='ltr' id='par_1_12' title="bbox 293 1055 1931 1134">
     <span class='ocr_line' id='line_1_12' title="bbox 293 1055 1931 1134; baseline 0.002 -24"><span class='ocrx_word' id='word_1_67' title='bbox 293 1055 527 1119; x_wconf 76' lang='grc' dir='ltr'><strong>ἐξουσίαν</strong></span> <span class='ocrx_word' id='word_1_68' title='bbox 580 1055 679 1119; x_wconf 78' lang='grc' dir='ltr'>ἕξει</span> <span class='ocrx_word' id='word_1_69' title='bbox 732 1060 831 1121; x_wconf 75' lang='grc' dir='ltr'>τῆς</span> <span class='ocrx_word' id='word_1_70' title='bbox 892 1058 960 1120; x_wconf 82' lang='grc' dir='ltr'>εἷς</span> <span class='ocrx_word' id='word_1_71' title='bbox 1020 1058 1085 1112; x_wconf 82' lang='grc' dir='ltr'>τὰ</span> <span class='ocrx_word' id='word_1_72' title='bbox 1143 1055 1300 1112; x_wconf 77' lang='grc' dir='ltr'>ἄδυτα</span> <span class='ocrx_word' id='word_1_73' title='bbox 1352 1055 1602 1133; x_wconf 86' lang='grc' dir='ltr'>παρόδου,</span> <span class='ocrx_word' id='word_1_74' title='bbox 1665 1057 1796 1113; x_wconf 79' lang='grc' dir='ltr'>ὅπου</span> <span class='ocrx_word' id='word_1_75' title='bbox 1838 1058 1931 1134; x_wconf 80' lang='grc' dir='ltr'><strong>βέ-</strong></span> 
     </span>
    </p>
   </div>
   <div class='ocr_carea' id='block_1_13' title="bbox 2022 521 3654 608">
    <p class='ocr_par' dir='ltr' id='par_1_13' title="bbox 2022 521 3654 608">
     <span class='ocr_line' id='line_1_13' title="bbox 2022 521 3654 608; baseline 0.007 -27"><span class='ocrx_word' id='word_1_76' title='bbox 2022 521 2227 602; x_wconf 78' lang='lat' dir='ltr'><strong>eisque</strong></span> <span class='ocrx_word' id='word_1_77' title='bbox 2250 523 2453 584; x_wconf 84' lang='lat' dir='ltr'><strong>licebit</strong></span> <span class='ocrx_word' id='word_1_78' title='bbox 2473 523 2544 583; x_wconf 89' lang='lat' dir='ltr'><strong>ad</strong></span> <span class='ocrx_word' id='word_1_79' title='bbox 2565 523 2734 605; x_wconf 76' lang='lat' dir='ltr'><strong>adyta</strong></span> <span class='ocrx_word' id='word_1_80' title='bbox 2763 523 3189 605; x_wconf 89' lang='lat' dir='ltr'><strong>accedere,ubi</strong></span> <span class='ocrx_word' id='word_1_81' title='bbox 3220 526 3449 607; x_wconf 82' lang='lat' dir='ltr'><strong>profani</strong></span> <span class='ocrx_word' id='word_1_82' title='bbox 3471 529 3654 608; x_wconf 84' lang='lat' dir='ltr'><strong>pedes</strong></span> 
     </span>
    </p>
   </div>
   <div class='ocr_carea' id='block_1_14' title="bbox 2021 611 3653 699">
    <p class='ocr_par' dir='ltr' id='par_1_14' title="bbox 2021 611 3653 699">
     <span class='ocr_line' id='line_1_14' title="bbox 2021 611 3653 699; baseline 0.005 -28"><span class='ocrx_word' id='word_1_83' title='bbox 2021 630 2138 671; x_wconf 91' lang='lat' dir='ltr'><strong>non</strong></span> <span class='ocrx_word' id='word_1_84' title='bbox 2170 611 2814 685; x_wconf 86' lang='lat' dir='ltr'><strong>ambulabunt.Quanta</strong></span> <span class='ocrx_word' id='word_1_85' title='bbox 2836 621 3031 675; x_wconf 86' lang='lat' dir='ltr'><strong>autem</strong></span> <span class='ocrx_word' id='word_1_86' title='bbox 3054 634 3153 676; x_wconf 90' lang='lat' dir='ltr'><strong>res</strong></span> <span class='ocrx_word' id='word_1_87' title='bbox 3180 616 3254 677; x_wconf 85' lang='lat' dir='ltr'><strong>sit</strong></span> <span class='ocrx_word' id='word_1_88' title='bbox 3278 616 3339 677; x_wconf 93' lang='lat' dir='ltr'><strong>in</strong></span> <span class='ocrx_word' id='word_1_89' title='bbox 3373 618 3653 699; x_wconf 80' lang='lat' dir='ltr'><strong>templum</strong></span> 
     </span>
    </p>
   </div>
   <div class='ocr_carea' id='block_1_15' title="bbox 2022 702 3655 787">
    <p class='ocr_par' dir='ltr' id='par_1_15' title="bbox 2022 702 3655 787">
     <span class='ocr_line' id='line_1_15' title="bbox 2022 702 3655 787; baseline 0.005 -26"><span class='ocrx_word' id='word_1_90' title='bbox 2022 703 2175 779; x_wconf 78' lang='lat' dir='ltr'><strong>regis</strong></span> <span class='ocrx_word' id='word_1_91' title='bbox 2205 702 2444 775; x_wconf 83' lang='lat' dir='ltr'><strong>adduci,</strong></span> <span class='ocrx_word' id='word_1_92' title='bbox 2492 704 2788 782; x_wconf 89' lang='lat' dir='ltr'><strong>Propheta</strong></span> <span class='ocrx_word' id='word_1_93' title='bbox 2820 704 2946 783; x_wconf 90' lang='lat' dir='ltr'><strong>ipse</strong></span> <span class='ocrx_word' id='word_1_94' title='bbox 2978 706 3254 781; x_wconf 74' lang='lat' dir='ltr'><strong>ostendit,</strong></span> <span class='ocrx_word' id='word_1_95' title='bbox 3295 726 3398 786; x_wconf 90' lang='lat' dir='ltr'><strong>pro</strong></span> <span class='ocrx_word' id='word_1_96' title='bbox 3432 725 3497 767; x_wconf 92' lang='lat' dir='ltr'><strong>se</strong></span> <span class='ocrx_word' id='word_1_97' title='bbox 3529 708 3655 787; x_wconf 90' lang='lat' dir='ltr'><strong>ipso</strong></span> 
     </span>
    </p>
   </div>
   <div class='ocr_carea' id='block_1_16' title="bbox 2021 790 3656 873">
    <p class='ocr_par' dir='ltr' id='par_1_16' title="bbox 2021 790 3656 873">
     <span class='ocr_line' id='line_1_16' title="bbox 2021 790 3656 873; baseline 0.004 -23"><span class='ocrx_word' id='word_1_98' title='bbox 2021 810 2196 851; x_wconf 82' lang='lat' dir='ltr'><strong>orans</strong></span> <span class='ocrx_word' id='word_1_99' title='bbox 2228 810 2294 852; x_wconf 90' lang='lat' dir='ltr'><strong>ac</strong></span> <span class='ocrx_word' id='word_1_100' title='bbox 2319 791 2525 853; x_wconf 84' lang='lat' dir='ltr'><strong>dicens</strong></span> <span class='ocrx_word' id='word_1_101' title='bbox 2547 790 2629 851; x_wconf 76' lang='lat'><strong>33:</strong></span> <span class='ocrx_word' id='word_1_102' title='bbox 2669 792 3016 873; x_wconf 82' lang='lat' dir='ltr'><strong>Unampetii</strong></span> <span class='ocrx_word' id='word_1_103' title='bbox 3037 811 3073 855; x_wconf 85' lang='grc' dir='ltr'><strong>α</strong></span> <span class='ocrx_word' id='word_1_104' title='bbox 3104 796 3359 857; x_wconf 82' lang='lat' dir='ltr'><strong>Domino</strong></span> <span class='ocrx_word' id='word_1_105' title='bbox 3390 798 3545 859; x_wconf 86' lang='lat' dir='ltr'><strong>hanc</strong></span> <span class='ocrx_word' id='word_1_106' title='bbox 3568 817 3656 857; x_wconf 80' lang='lat' dir='ltr'><strong>re-</strong></span> 
     </span>
    </p>
   </div>
   <div class='ocr_carea' id='block_1_17' title="bbox 2018 883 3657 959">
    <p class='ocr_par' dir='ltr' id='par_1_17' title="bbox 2018 883 3657 959">
     <span class='ocr_line' id='line_1_17' title="bbox 2018 883 3657 959; baseline 0.004 -18"><span class='ocrx_word' id='word_1_107' title='bbox 2018 885 2257 959; x_wconf 78' lang='lat' dir='ltr'><strong>quiram</strong></span> <span class='ocrx_word' id='word_1_108' title='bbox 2293 898 2306 941; x_wconf 95' lang='lat'><strong>:</strong></span> <span class='ocrx_word' id='word_1_109' title='bbox 2339 890 2408 942; x_wconf 82' lang='lat' dir='ltr'><strong>ut</strong></span> <span class='ocrx_word' id='word_1_110' title='bbox 2440 883 2770 946; x_wconf 83' lang='lat' dir='ltr'><strong>inhabitem</strong></span> <span class='ocrx_word' id='word_1_111' title='bbox 2802 885 2864 944; x_wconf 83' lang='lat' dir='ltr'><strong>in</strong></span> <span class='ocrx_word' id='word_1_112' title='bbox 2897 883 3071 947; x_wconf 82' lang='lat' dir='ltr'><strong>domo</strong></span> <span class='ocrx_word' id='word_1_113' title='bbox 3106 886 3350 947; x_wconf 80' lang='lat' dir='ltr'><strong>Domini</strong></span> <span class='ocrx_word' id='word_1_114' title='bbox 3380 886 3657 948; x_wconf 84' lang='lat' dir='ltr'><strong>omnibus</strong></span> 
     </span>
    </p>
   </div>
   <div class='ocr_carea' id='block_1_18' title="bbox 2018 970 3653 1054">
    <p class='ocr_par' dir='ltr' id='par_1_18' title="bbox 2018 970 3653 1054">
     <span class='ocr_line' id='line_1_18' title="bbox 2018 970 3653 1054; baseline 0.004 -24"><span class='ocrx_word' id='word_1_115' title='bbox 2018 970 2229 1031; x_wconf 82' lang='lat' dir='ltr'><strong>diebus</strong></span> <span class='ocrx_word' id='word_1_116' title='bbox 2260 975 2395 1031; x_wconf 65' lang='lat' dir='ltr'><strong>vitae</strong></span> <span class='ocrx_word' id='word_1_117' title='bbox 2426 989 2623 1048; x_wconf 81' lang='lat' dir='ltr'><strong>meae;</strong></span> <span class='ocrx_word' id='word_1_118' title='bbox 2656 978 2719 1033; x_wconf 87' lang='lat' dir='ltr'><strong>ut</strong></span> <span class='ocrx_word' id='word_1_119' title='bbox 2760 972 2997 1033; x_wconf 86' lang='lat' dir='ltr'><strong>videam</strong></span> <span class='ocrx_word' id='word_1_120' title='bbox 3029 974 3411 1054; x_wconf 75' lang='lat' dir='ltr'><strong>voluptatem</strong></span> <span class='ocrx_word' id='word_1_121' title='bbox 3446 976 3653 1037; x_wconf 89' lang='lat' dir='ltr'><strong>Domi—</strong></span> 
     </span>
    </p>
   </div>
   <div class='ocr_carea' id='block_1_19' title="bbox 2016 1061 2971 1140">
    <p class='ocr_par' dir='ltr' id='par_1_19' title="bbox 2016 1061 2971 1140">
     <span class='ocr_line' id='line_1_19' title="bbox 2016 1061 2971 1140; baseline 0.003 -21"><span class='ocrx_word' id='word_1_122' title='bbox 2016 1061 2105 1138; x_wconf 84' lang='lat' dir='ltr'><strong>ni,</strong></span> <span class='ocrx_word' id='word_1_123' title='bbox 2141 1067 2195 1119; x_wconf 85' lang='lat' dir='ltr'><strong>et</strong></span> <span class='ocrx_word' id='word_1_124' title='bbox 2226 1062 2465 1121; x_wconf 77' lang='lat' dir='ltr'><strong>visitem</strong></span> <span class='ocrx_word' id='word_1_125' title='bbox 2497 1061 2791 1140; x_wconf 82' lang='lat' dir='ltr'><strong>temp’um</strong></span> <span class='ocrx_word' id='word_1_126' title='bbox 2820 1063 2971 1140; x_wconf 78' lang='lat' dir='ltr'><strong>ejus.</strong></span> 
     </span>
    </p>
   </div>
   <div class='ocr_carea' id='block_1_20' title="bbox 291 1142 3652 1234">
    <p class='ocr_par' dir='ltr' id='par_1_20' title="bbox 291 1142 3652 1234">
     <span class='ocr_line' id='line_1_20' title="bbox 291 1142 3652 1234; baseline 0.004 -36"><span class='ocrx_word' id='word_1_127' title='bbox 291 1142 449 1211; x_wconf 87' lang='grc' dir='ltr'>ϐηλοι</span> <span class='ocrx_word' id='word_1_128' title='bbox 494 1143 648 1208; x_wconf 80' lang='grc' dir='ltr'>πόδες</span> <span class='ocrx_word' id='word_1_129' title='bbox 696 1149 753 1203; x_wconf 76' lang='grc' dir='ltr'>οὐ</span> <span class='ocrx_word' id='word_1_130' title='bbox 797 1146 1267 1221; x_wconf 74' lang='grc' dir='ltr'>περιπατήσουσιν,</span> <span class='ocrx_word' id='word_1_131' title='bbox 1319 1145 1535 1201; x_wconf 65' lang='grc' dir='ltr'>Ἠλῗιιον</span> <span class='ocrx_word' id='word_1_132' title='bbox 1593 1143 1646 1202; x_wconf 79' lang='grc' dir='ltr'><strong>δέ</strong></span> <span class='ocrx_word' id='word_1_133' title='bbox 1707 1148 1816 1202; x_wconf 73' lang='grc' dir='ltr'>ἐστι</span> <span class='ocrx_word' id='word_1_134' title='bbox 1860 1150 1919 1203; x_wconf 81' lang='grc' dir='ltr'>τὸ</span> <span class='ocrx_word' id='word_1_135' title='bbox 1950 1147 2183 1227; x_wconf 72' lang='grc' dir='ltr'>ἀχθῆναι</span> <span class='ocrx_word' id='word_1_136' title='bbox 2215 1151 2284 1213; x_wconf 81' lang='grc' dir='ltr'><strong>εἰς</strong></span> <span class='ocrx_word' id='word_1_137' title='bbox 2339 1152 2458 1205; x_wconf 84' lang='grc' dir='ltr'>ναὸν</span> <span class='ocrx_word' id='word_1_138' title='bbox 2490 1151 2771 1225; x_wconf 73' lang='grc' dir='ltr'>βασιλέως,</span> <span class='ocrx_word' id='word_1_139' title='bbox 2808 1154 2834 1206; x_wconf 83' lang='grc' dir='ltr'>ὁ</span> <span class='ocrx_word' id='word_1_140' title='bbox 2868 1153 3151 1231; x_wconf 63' lang='grc' dir='ltr'>Προφήτης</span> <span class='ocrx_word' id='word_1_141' title='bbox 3185 1152 3467 1227; x_wconf 76' lang='grc' dir='ltr'>δείκνυσιν,</span> <span class='ocrx_word' id='word_1_142' title='bbox 3521 1157 3652 1234; x_wconf 68' lang='grc' dir='ltr'><strong>ὑπὲρ</strong></span> 
     </span>
    </p>
   </div>
   <div class='ocr_carea' id='block_1_21' title="bbox 291 1234 1360 1313">
    <p class='ocr_par' dir='ltr' id='par_1_21' title="bbox 291 1234 1360 1313">
     <span class='ocr_line' id='line_1_21' title="bbox 291 1234 1360 1313; baseline 0 -25"><span class='ocrx_word' id='word_1_143' title='bbox 291 1234 479 1291; x_wconf 74' lang='grc' dir='ltr'>ἑαυτοό</span> <span class='ocrx_word' id='word_1_144' title='bbox 508 1235 939 1313; x_wconf 64' lang='grc' dir='ltr'><strong>προσευχόμενος</strong></span> <span class='ocrx_word' id='word_1_145' title='bbox 991 1236 1079 1290; x_wconf 89' lang='grc' dir='ltr'><strong>καὶ</strong></span> <span class='ocrx_word' id='word_1_146' title='bbox 1136 1234 1308 1313; x_wconf 75' lang='grc' dir='ltr'>λέγων</span> <span class='ocrx_word' id='word_1_147' title='bbox 1346 1254 1360 1269; x_wconf 88' lang='grc'><strong>·</strong></span> 
     </span>
    </p>
   </div>
   <div class='ocr_carea' id='block_1_22' title="bbox 1426 1236 3655 1320">
    <p class='ocr_par' dir='ltr' id='par_1_22' title="bbox 1426 1236 3655 1320">
     <span class='ocr_line' id='line_1_22' title="bbox 1426 1236 3655 1320; baseline 0.004 -29"><span class='ocrx_word' id='word_1_148' title='bbox 1426 1236 1559 1291; x_wconf 78' lang='grc' dir='ltr'>Μίαν</span> <span class='ocrx_word' id='word_1_149' title='bbox 1610 1236 1900 1310; x_wconf 76' lang='grc' dir='ltr'>ᾐτησάμην</span> <span class='ocrx_word' id='word_1_150' title='bbox 1957 1239 2097 1315; x_wconf 77' lang='grc' dir='ltr'>παρὰ</span> <span class='ocrx_word' id='word_1_151' title='bbox 2160 1240 2367 1317; x_wconf 79' lang='grc' dir='ltr'>Κυρίου,</span> <span class='ocrx_word' id='word_1_152' title='bbox 2401 1241 2599 1307; x_wconf 84' lang='grc' dir='ltr'>ταύτην</span> <span class='ocrx_word' id='word_1_153' title='bbox 2629 1243 2849 1311; x_wconf 75' lang='grc' dir='ltr'>ζητήσω</span> <span class='ocrx_word' id='word_1_154' title='bbox 2881 1258 2893 1271; x_wconf 89' lang='grc'><strong><em>⁸</em></strong></span> <span class='ocrx_word' id='word_1_155' title='bbox 2929 1246 2989 1297; x_wconf 81' lang='grc' dir='ltr'>το</span> <span class='ocrx_word' id='word_1_156' title='bbox 3022 1260 3292 1298; x_wconf 76' lang='grc' dir='ltr'>κατοικεῖν</span> <span class='ocrx_word' id='word_1_157' title='bbox 3322 1266 3387 1317; x_wconf 87' lang='grc' dir='ltr'><strong>με</strong></span> <span class='ocrx_word' id='word_1_158' title='bbox 3422 1245 3473 1299; x_wconf 80' lang='grc' dir='ltr'><strong>ἐν</strong></span> <span class='ocrx_word' id='word_1_159' title='bbox 3519 1244 3655 1320; x_wconf 76' lang='grc' dir='ltr'><strong>οἴκῳ</strong></span> 
     </span>
    </p>
   </div>
   <div class='ocr_carea' id='block_1_23' title="bbox 298 1324 3651 1409">
    <p class='ocr_par' dir='ltr' id='par_1_23' title="bbox 298 1324 3651 1409">
     <span class='ocr_line' id='line_1_23' title="bbox 298 1324 3651 1409; baseline 0.003 -28"><span class='ocrx_word' id='word_1_160' title='bbox 298 1324 483 1401; x_wconf 74' lang='grc' dir='ltr'>Κυρίου</span> <span class='ocrx_word' id='word_1_161' title='bbox 513 1325 684 1387; x_wconf 83' lang='grc' dir='ltr'>πάσας</span> <span class='ocrx_word' id='word_1_162' title='bbox 717 1324 806 1385; x_wconf 71' lang='grc' dir='ltr'><strong>τὰς</strong></span> <span class='ocrx_word' id='word_1_163' title='bbox 838 1324 1040 1400; x_wconf 73' lang='grc' dir='ltr'>ἡμέρας</span> <span class='ocrx_word' id='word_1_164' title='bbox 1064 1329 1162 1390; x_wconf 78' lang='grc' dir='ltr'>τῆς</span> <span class='ocrx_word' id='word_1_165' title='bbox 1194 1330 1336 1395; x_wconf 83' lang='grc' dir='ltr'>ζωῆς</span> <span class='ocrx_word' id='word_1_166' title='bbox 1371 1347 1498 1403; x_wconf 87' lang='grc' dir='ltr'>μου,</span> <span class='ocrx_word' id='word_1_167' title='bbox 1548 1332 1638 1381; x_wconf 80' lang='grc' dir='ltr'><strong>τοῦ</strong></span> <span class='ocrx_word' id='word_1_168' title='bbox 1668 1328 1889 1403; x_wconf 78' lang='grc' dir='ltr'>θεωρεῖν</span> <span class='ocrx_word' id='word_1_169' title='bbox 1919 1348 1986 1401; x_wconf 90' lang='grc' dir='ltr'><strong>με</strong></span> <span class='ocrx_word' id='word_1_170' title='bbox 2043 1327 2160 1405; x_wconf 73' lang='grc'><strong>(14)</strong></span> <span class='ocrx_word' id='word_1_171' title='bbox 2218 1328 2307 1393; x_wconf 78' lang='grc' dir='ltr'><strong>τὴν</strong></span> <span class='ocrx_word' id='word_1_172' title='bbox 2351 1331 2683 1407; x_wconf 84' lang='grc' dir='ltr'>τερπνότητα</span> <span class='ocrx_word' id='word_1_173' title='bbox 2740 1333 2944 1409; x_wconf 77' lang='grc' dir='ltr'>Κυρίου,</span> <span class='ocrx_word' id='word_1_174' title='bbox 2999 1333 3087 1386; x_wconf 87' lang='grc' dir='ltr'><strong>καὶ</strong></span> <span class='ocrx_word' id='word_1_175' title='bbox 3130 1331 3534 1389; x_wconf 82' lang='grc' dir='ltr'>ἐπισκέπτεσθαι</span> <span class='ocrx_word' id='word_1_176' title='bbox 3566 1340 3651 1390; x_wconf 85' lang='grc' dir='ltr'>τὸν</span> 
     </span>
    </p>
   </div>
   <div class='ocr_carea' id='block_1_24' title="bbox 294 1413 633 1475">
    <p class='ocr_par' dir='ltr' id='par_1_24' title="bbox 294 1413 633 1475">
     <span class='ocr_line' id='line_1_24' title="bbox 294 1413 633 1475; baseline 0.006 -8"><span class='ocrx_word' id='word_1_177' title='bbox 294 1415 419 1469; x_wconf 84' lang='grc' dir='ltr'>ναὸν</span> <span class='ocrx_word' id='word_1_178' title='bbox 453 1413 633 1475; x_wconf 72' lang='grc' dir='ltr'>αὐτού,</span> 
     </span>
    </p>
   </div>
   <div class='ocr_carea' id='block_1_25' title="bbox 378 1501 1930 1584">
    <p class='ocr_par' dir='ltr' id='par_1_25' title="bbox 378 1501 1930 1584">
     <span class='ocr_line' id='line_1_25' title="bbox 378 1501 1930 1584; baseline -0.003 -20"><span class='ocrx_word' id='word_1_179' title='bbox 378 1503 474 1564; x_wconf 66' lang='grc'><strong>12.</strong></span> <span class='ocrx_word' id='word_1_180' title='bbox 533 1503 675 1559; x_wconf 81' lang='grc' dir='ltr'>Ἀντὶ</span> <span class='ocrx_word' id='word_1_181' title='bbox 756 1510 861 1559; x_wconf 79' lang='grc' dir='ltr'><strong>τῶν</strong></span> <span class='ocrx_word' id='word_1_182' title='bbox 919 1501 1158 1580; x_wconf 79' lang='grc' dir='ltr'>πατέρων</span> <span class='ocrx_word' id='word_1_183' title='bbox 1229 1526 1323 1559; x_wconf 91' lang='grc' dir='ltr'><strong>σου</strong></span> <span class='ocrx_word' id='word_1_184' title='bbox 1394 1506 1748 1583; x_wconf 66' lang='grc' dir='ltr'><strong>ἐγεννήθησαν</strong></span> <span class='ocrx_word' id='word_1_185' title='bbox 1809 1505 1930 1584; x_wconf 80' lang='grc'><strong>(15)</strong></span> 
     </span>
    </p>
   </div>
   <div class='ocr_carea' id='block_1_26' title="bbox 292 1592 1929 1673">
    <p class='ocr_par' dir='ltr' id='par_1_26' title="bbox 292 1592 1929 1673">
     <span class='ocr_line' id='line_1_26' title="bbox 292 1592 1929 1673; baseline 0 -24"><span class='ocrx_word' id='word_1_186' title='bbox 292 1597 343 1649; x_wconf 79' lang='grc' dir='ltr'>οἱ</span> <span class='ocrx_word' id='word_1_187' title='bbox 395 1594 493 1649; x_wconf 74' lang='grc' dir='ltr'>υἱοί</span> <span class='ocrx_word' id='word_1_188' title='bbox 578 1615 671 1648; x_wconf 92' lang='grc' dir='ltr'>σου</span> <span class='ocrx_word' id='word_1_189' title='bbox 707 1609 719 1621; x_wconf 80' lang='grc'><strong>⁸</strong></span> <span class='ocrx_word' id='word_1_190' title='bbox 793 1595 1148 1660; x_wconf 63' lang='grc' dir='ltr'>καταστάσεις</span> <span class='ocrx_word' id='word_1_191' title='bbox 1236 1594 1418 1655; x_wconf 62' lang='grc' dir='ltr'>αὐτοὺς</span> <span class='ocrx_word' id='word_1_192' title='bbox 1507 1592 1771 1673; x_wconf 78' lang='grc' dir='ltr'>ἄρχοντας</span> <span class='ocrx_word' id='word_1_193' title='bbox 1846 1595 1929 1651; x_wconf 85' lang='grc' dir='ltr'>ἐπὶ</span> 
     </span>
    </p>
   </div>
   <div class='ocr_carea' id='block_1_27' title="bbox 292 1680 1929 1761">
    <p class='ocr_par' dir='ltr' id='par_1_27' title="bbox 292 1680 1929 1761">
     <span class='ocr_line' id='line_1_27' title="bbox 292 1680 1929 1761; baseline 0 -22"><span class='ocrx_word' id='word_1_194' title='bbox 292 1690 467 1739; x_wconf 77' lang='grc' dir='ltr'>’πᾶσαν</span> <span class='ocrx_word' id='word_1_195' title='bbox 523 1683 619 1749; x_wconf 76' lang='grc' dir='ltr'>τὴν</span> <span class='ocrx_word' id='word_1_196' title='bbox 650 1687 776 1759; x_wconf 74' lang='grc' dir='ltr'>γῆν,</span> <span class='ocrx_word' id='word_1_197' title='bbox 812 1681 1029 1747; x_wconf 72' lang='grc' dir='ltr'>Ἐπειδῆ</span> <span class='ocrx_word' id='word_1_198' title='bbox 1075 1680 1184 1737; x_wconf 73' lang='grc' dir='ltr'>ἅνω</span> <span class='ocrx_word' id='word_1_199' title='bbox 1215 1685 1559 1761; x_wconf 75' lang='grc' dir='ltr'>προσετάχθη</span> <span class='ocrx_word' id='word_1_200' title='bbox 1596 1682 1929 1740; x_wconf 68' lang='grc' dir='ltr'>ἐπιλαθέσθαι</span> 
     </span>
    </p>
   </div>
   <div class='ocr_carea' id='block_1_28' title="bbox 2098 1505 3645 1589">
    <p class='ocr_par' dir='ltr' id='par_1_28' title="bbox 2098 1505 3645 1589">
     <span class='ocr_line' id='line_1_28' title="bbox 2098 1505 3645 1589; baseline 0.007 -26"><span class='ocrx_word' id='word_1_201' title='bbox 2098 1506 2188 1564; x_wconf 76' lang='grc'><strong>12.</strong></span> <span class='ocrx_word' id='word_1_202' title='bbox 2202 1505 2378 1569; x_wconf 75' lang='lat' dir='ltr'><strong>Vens.</strong></span> <span class='ocrx_word' id='word_1_203' title='bbox 2395 1508 2413 1568; x_wconf 89' lang='lat' dir='ltr'><strong>l</strong></span> <span class='ocrx_word' id='word_1_204' title='bbox 2429 1506 2904 1587; x_wconf 82' lang='lat' dir='ltr'><strong>7.Propalribus</strong></span> <span class='ocrx_word' id='word_1_205' title='bbox 2922 1509 3042 1570; x_wconf 79' lang='lat' dir='ltr'><strong>tuis</strong></span> <span class='ocrx_word' id='word_1_206' title='bbox 3064 1513 3195 1570; x_wconf 79' lang='lat' dir='ltr'><strong>nati</strong></span> <span class='ocrx_word' id='word_1_207' title='bbox 3212 1518 3351 1572; x_wconf 77' lang='lat' dir='ltr'><strong>sunt</strong></span> <span class='ocrx_word' id='word_1_208' title='bbox 3368 1512 3484 1589; x_wconf 79' lang='lat' dir='ltr'><strong>filii</strong></span> <span class='ocrx_word' id='word_1_209' title='bbox 3507 1515 3597 1574; x_wconf 80' lang='lat' dir='ltr'><strong>tui</strong></span> <span class='ocrx_word' id='word_1_210' title='bbox 3631 1536 3645 1575; x_wconf 88' lang='lat'><strong>:</strong></span> 
     </span>
    </p>
   </div>
   <div class='ocr_carea' id='block_1_29' title="bbox 2013 1597 3656 1679">
    <p class='ocr_par' dir='ltr' id='par_1_29' title="bbox 2013 1597 3656 1679">
     <span class='ocr_line' id='line_1_29' title="bbox 2013 1597 3656 1679; baseline 0.005 -24"><span class='ocrx_word' id='word_1_211' title='bbox 2013 1597 2332 1659; x_wconf 84' lang='lat' dir='ltr'><strong>constitues</strong></span> <span class='ocrx_word' id='word_1_212' title='bbox 2346 1616 2439 1657; x_wconf 83' lang='lat' dir='ltr'><strong>eos</strong></span> <span class='ocrx_word' id='word_1_213' title='bbox 2450 1600 2752 1676; x_wconf 78' lang='lat' dir='ltr'><strong>principes</strong></span> <span class='ocrx_word' id='word_1_214' title='bbox 2765 1616 2946 1679; x_wconf 81' lang='lat' dir='ltr'><strong><em>super</em></strong></span> <span class='ocrx_word' id='word_1_215' title='bbox 2958 1617 3049 1661; x_wconf 90' lang='lat' dir='ltr'><strong>om</strong></span> <span class='ocrx_word' id='word_1_216' title='bbox 3061 1618 3193 1660; x_wconf 87' lang='lat' dir='ltr'><strong>nem</strong></span> <span class='ocrx_word' id='word_1_217' title='bbox 3212 1600 3656 1672; x_wconf 85' lang='lat' dir='ltr'><strong>terram.Quan-</strong></span> 
     </span>
    </p>
   </div>
   <div class='ocr_carea' id='block_1_30' title="bbox 2018 1685 3653 1767">
    <p class='ocr_par' dir='ltr' id='par_1_30' title="bbox 2018 1685 3653 1767">
     <span class='ocr_line' id='line_1_30' title="bbox 2018 1685 3653 1767; baseline 0.005 -24"><span class='ocrx_word' id='word_1_218' title='bbox 2018 1685 2337 1764; x_wconf 89' lang='lat' dir='ltr'><strong>doquidem</strong></span> <span class='ocrx_word' id='word_1_219' title='bbox 2362 1704 2539 1764; x_wconf 86' lang='lat' dir='ltr'><strong>supra</strong></span> <span class='ocrx_word' id='word_1_220' title='bbox 2568 1695 2930 1767; x_wconf 73' lang='lat' dir='ltr'><strong>przeccptum</strong></span> <span class='ocrx_word' id='word_1_221' title='bbox 2951 1690 3106 1749; x_wconf 86' lang='lat' dir='ltr'><strong>estci</strong></span> <span class='ocrx_word' id='word_1_222' title='bbox 3128 1688 3653 1751; x_wconf 84' lang='lat' dir='ltr'><strong>utoblivisceretur</strong></span> 
     </span>
    </p>
   </div>
   <div class='ocr_carea' id='block_1_31' title="bbox 292 1770 1924 1856">
    <p class='ocr_par' dir='ltr' id='par_1_31' title="bbox 292 1770 1924 1850">
     <span class='ocr_line' id='line_1_31' title="bbox 292 1770 1924 1850; baseline 0.001 -22"><span class='ocrx_word' id='word_1_223' title='bbox 292 1780 385 1829; x_wconf 75' lang='grc' dir='ltr'><strong>τοῦ</strong></span> <span class='ocrx_word' id='word_1_224' title='bbox 442 1771 593 1845; x_wconf 81' lang='grc' dir='ltr'>λαοῦ,</span> <span class='ocrx_word' id='word_1_225' title='bbox 653 1776 740 1827; x_wconf 85' lang='grc' dir='ltr'><strong>καὶ</strong></span> <span class='ocrx_word' id='word_1_226' title='bbox 784 1778 875 1825; x_wconf 77' lang='grc' dir='ltr'>τοῦ</span> <span class='ocrx_word' id='word_1_227' title='bbox 918 1770 1071 1827; x_wconf 77' lang='grc' dir='ltr'>οἴκου</span> <span class='ocrx_word' id='word_1_228' title='bbox 1114 1772 1208 1827; x_wconf 76' lang='grc' dir='ltr'>τοῦ</span> <span class='ocrx_word' id='word_1_229' title='bbox 1268 1772 1490 1850; x_wconf 75' lang='grc' dir='ltr'>πατρὸς,</span> <span class='ocrx_word' id='word_1_230' title='bbox 1551 1775 1621 1833; x_wconf 84' lang='grc' dir='ltr'><strong>εἰς</strong></span> <span class='ocrx_word' id='word_1_231' title='bbox 1670 1772 1924 1830; x_wconf 72' lang='grc' dir='ltr'>ἀντίδοσιν</span> 
     </span>
    </p>
   </div>
   <div class='ocr_carea' id='block_1_32' title="bbox 2018 1770 3647 1856">
    <p class='ocr_par' dir='ltr' id='par_1_32' title="bbox 2018 1774 3647 1856">
     <span class='ocr_line' id='line_1_32' title="bbox 2018 1774 3647 1856; baseline 0.004 -22"><span class='ocrx_word' id='word_1_232' title='bbox 2018 1774 2289 1854; x_wconf 89' lang='lat' dir='ltr'><strong>populiet</strong></span> <span class='ocrx_word' id='word_1_233' title='bbox 2307 1776 2518 1836; x_wconf 87' lang='lat' dir='ltr'><strong>domus</strong></span> <span class='ocrx_word' id='word_1_234' title='bbox 2542 1778 2816 1856; x_wconf 85' lang='lat' dir='ltr'><strong>patris,in</strong></span> <span class='ocrx_word' id='word_1_235' title='bbox 2841 1777 3199 1839; x_wconf 74' lang='lat' dir='ltr'><strong>obedientize</strong></span> <span class='ocrx_word' id='word_1_236' title='bbox 3221 1788 3647 1841; x_wconf 90' lang='lat' dir='ltr'><strong>remuneratio-</strong></span> 
     </span>
    </p>
   </div>
   <div class='ocr_carea' id='block_1_33' title="bbox 289 1860 1925 1939">
    <p class='ocr_par' dir='ltr' id='par_1_33' title="bbox 289 1860 1925 1939">
     <span class='ocr_line' id='line_1_33' title="bbox 289 1860 1925 1939; baseline 0.001 -22"><span class='ocrx_word' id='word_1_237' title='bbox 289 1866 391 1925; x_wconf 76' lang='grc' dir='ltr'>τῆς</span> <span class='ocrx_word' id='word_1_238' title='bbox 433 1860 669 1928; x_wconf 75' lang='grc' dir='ltr'>ὑπακοῆς</span> <span class='ocrx_word' id='word_1_239' title='bbox 716 1867 803 1915; x_wconf 81' lang='grc' dir='ltr'>νῦν</span> <span class='ocrx_word' id='word_1_240' title='bbox 846 1860 958 1914; x_wconf 79' lang='grc' dir='ltr'>ἀντὶ</span> <span class='ocrx_word' id='word_1_241' title='bbox 1016 1867 1121 1915; x_wconf 78' lang='grc' dir='ltr'><strong>τῶν</strong></span> <span class='ocrx_word' id='word_1_242' title='bbox 1175 1862 1412 1937; x_wconf 81' lang='grc' dir='ltr'>πατέρων</span> <span class='ocrx_word' id='word_1_243' title='bbox 1459 1860 1715 1937; x_wconf 86' lang='grc' dir='ltr'>λαμϐάνει</span> <span class='ocrx_word' id='word_1_244' title='bbox 1765 1865 1925 1939; x_wconf 79' lang='grc' dir='ltr'>υἱοὺς,</span> 
     </span>
    </p>
   </div>
   <div class='ocr_carea' id='block_1_34' title="bbox 290 1948 1926 2027">
    <p class='ocr_par' dir='ltr' id='par_1_34' title="bbox 290 1948 1926 2027">
     <span class='ocr_line' id='line_1_34' title="bbox 290 1948 1926 2027; baseline 0.002 -23"><span class='ocrx_word' id='word_1_245' title='bbox 290 1952 354 2005; x_wconf 83' lang='grc' dir='ltr'>ἐκ</span> <span class='ocrx_word' id='word_1_246' title='bbox 405 1950 746 2017; x_wconf 82' lang='grc' dir='ltr'>τηλικούτοις</span> <span class='ocrx_word' id='word_1_247' title='bbox 819 1948 1084 2024; x_wconf 78' lang='grc' dir='ltr'>ἀξιώμασι</span> <span class='ocrx_word' id='word_1_248' title='bbox 1142 1949 1545 2027; x_wconf 65' lang='grc' dir='ltr'>διαπρέποντας,</span> <span class='ocrx_word' id='word_1_249' title='bbox 1618 1951 1754 2007; x_wconf 80' lang='grc' dir='ltr'>ὥστε</span> <span class='ocrx_word' id='word_1_250' title='bbox 1825 1975 1926 2008; x_wconf 86' lang='grc' dir='ltr'>κα-</span> 
     </span>
    </p>
   </div>
   <div class='ocr_carea' id='block_1_35' title="bbox 286 2037 1928 2119">
    <p class='ocr_par' dir='ltr' id='par_1_35' title="bbox 286 2037 1928 2119">
     <span class='ocr_line' id='line_1_35' title="bbox 286 2037 1928 2119; baseline 0.001 -24"><span class='ocrx_word' id='word_1_251' title='bbox 286 2043 549 2107; x_wconf 74' lang='grc' dir='ltr'>ταστῆναι</span> <span class='ocrx_word' id='word_1_252' title='bbox 638 2038 752 2111; x_wconf 70' lang='grc'><strong>(16)</strong></span> <span class='ocrx_word' id='word_1_253' title='bbox 829 2040 1013 2100; x_wconf 75' lang='grc' dir='ltr'>αὖτοὺς</span> <span class='ocrx_word' id='word_1_254' title='bbox 1087 2037 1355 2119; x_wconf 59' lang='grc' dir='ltr'>ἄρχοντας</span> <span class='ocrx_word' id='word_1_255' title='bbox 1442 2042 1527 2095; x_wconf 82' lang='grc' dir='ltr'><strong>ἐπὶ</strong></span> <span class='ocrx_word' id='word_1_256' title='bbox 1586 2046 1760 2096; x_wconf 81' lang='grc' dir='ltr'>πᾶσαν</span> <span class='ocrx_word' id='word_1_257' title='bbox 1830 2044 1928 2108; x_wconf 75' lang='grc' dir='ltr'><strong>τὴν</strong></span> 
     </span>
    </p>
   </div>
   <div class='ocr_carea' id='block_1_36' title="bbox 286 2128 1927 2205">
    <p class='ocr_par' dir='ltr' id='par_1_36' title="bbox 286 2128 1927 2205">
     <span class='ocr_line' id='line_1_36' title="bbox 286 2128 1927 2205; baseline 0.002 -22"><span class='ocrx_word' id='word_1_258' title='bbox 286 2135 417 2205; x_wconf 79' lang='grc' dir='ltr'>γῆν.</span> <span class='ocrx_word' id='word_1_259' title='bbox 466 2129 610 2192; x_wconf 80' lang='grc' dir='ltr'>Τίνες</span> <span class='ocrx_word' id='word_1_260' title='bbox 670 2131 758 2182; x_wconf 80' lang='grc' dir='ltr'>οὖν</span> <span class='ocrx_word' id='word_1_261' title='bbox 813 2131 859 2183; x_wconf 89' lang='grc' dir='ltr'>οἱ</span> <span class='ocrx_word' id='word_1_262' title='bbox 918 2129 1015 2184; x_wconf 82' lang='grc' dir='ltr'>υἱοὶ</span> <span class='ocrx_word' id='word_1_263' title='bbox 1068 2134 1165 2195; x_wconf 80' lang='grc' dir='ltr'>τῆς</span> <span class='ocrx_word' id='word_1_264' title='bbox 1233 2128 1604 2201; x_wconf 82' lang='grc' dir='ltr'>Ἐκκλησίας;</span> <span class='ocrx_word' id='word_1_265' title='bbox 1656 2130 1829 2186; x_wconf 77' lang='lat' dir='ltr'><strong>&quot;Etet</strong></span> <span class='ocrx_word' id='word_1_266' title='bbox 1882 2133 1927 2187; x_wconf 84' lang='grc' dir='ltr'>οἱ</span> 
     </span>
    </p>
   </div>
   <div class='ocr_carea' id='block_1_37' title="bbox 284 2217 1921 2297">
    <p class='ocr_par' dir='ltr' id='par_1_37' title="bbox 284 2217 1921 2297">
     <span class='ocr_line' id='line_1_37' title="bbox 284 2217 1921 2297; baseline -0.001 -24"><span class='ocrx_word' id='word_1_267' title='bbox 284 2220 387 2275; x_wconf 82' lang='grc' dir='ltr'>υἱοὶ</span> <span class='ocrx_word' id='word_1_268' title='bbox 436 2220 529 2273; x_wconf 84' lang='grc' dir='ltr'>τοῦ</span> <span class='ocrx_word' id='word_1_269' title='bbox 602 2217 947 2295; x_wconf 71' lang='grc' dir='ltr'>Εὔαγγελίου,</span> <span class='ocrx_word' id='word_1_270' title='bbox 1002 2219 1051 2272; x_wconf 81' lang='grc' dir='ltr'>οἱ</span> <span class='ocrx_word' id='word_1_271' title='bbox 1120 2218 1295 2283; x_wconf 80' lang='grc' dir='ltr'>πάσης</span> <span class='ocrx_word' id='word_1_272' title='bbox 1344 2223 1441 2283; x_wconf 76' lang='grc' dir='ltr'>τῆς</span> <span class='ocrx_word' id='word_1_273' title='bbox 1495 2224 1595 2295; x_wconf 75' lang='grc' dir='ltr'>γῆς</span> <span class='ocrx_word' id='word_1_274' title='bbox 1656 2218 1921 2297; x_wconf 66' lang='grc' dir='ltr'>ἄρξαντες,</span> 
     </span>
    </p>
   </div>
   <div class='ocr_carea' id='block_1_38' title="bbox 288 2306 1924 2387">
    <p class='ocr_par' dir='ltr' id='par_1_38' title="bbox 288 2306 1924 2387">
     <span class='ocr_line' id='line_1_38' title="bbox 288 2306 1924 2387; baseline 0.001 -23"><span class='ocrx_word' id='word_1_275' title='bbox 288 2310 375 2371; x_wconf 75' lang='grc' dir='ltr'>Εἷς</span> <span class='ocrx_word' id='word_1_276' title='bbox 419 2314 593 2364; x_wconf 83' lang='grc' dir='ltr'>πᾶσαν</span> <span class='ocrx_word' id='word_1_277' title='bbox 649 2309 769 2385; x_wconf 78' lang='grc' dir='ltr'>γὰρ,</span> <span class='ocrx_word' id='word_1_278' title='bbox 842 2309 991 2387; x_wconf 76' lang='grc' dir='ltr'>φησὶ,</span> <span class='ocrx_word' id='word_1_279' title='bbox 1075 2309 1171 2374; x_wconf 77' lang='grc' dir='ltr'><strong>τὴν</strong></span> <span class='ocrx_word' id='word_1_280' title='bbox 1257 2306 1569 2382; x_wconf 83' lang='grc' dir='ltr'>οἰκουμένην</span> <span class='ocrx_word' id='word_1_281' title='bbox 1625 2307 1836 2374; x_wconf 70' lang='grc' dir='ltr'>ἐξήλθεν</span> <span class='ocrx_word' id='word_1_282' title='bbox 1898 2313 1924 2365; x_wconf 87' lang='grc' dir='ltr'>ὁ</span> 
     </span>
    </p>
   </div>
   <div class='ocr_carea' id='block_1_39' title="bbox 284 2396 1923 2477">
    <p class='ocr_par' dir='ltr' id='par_1_39' title="bbox 284 2396 1923 2477">
     <span class='ocr_line' id='line_1_39' title="bbox 284 2396 1923 2477; baseline 0.001 -24"><span class='ocrx_word' id='word_1_283' title='bbox 284 2399 515 2477; x_wconf 79' lang='grc' dir='ltr'>φθόγγος</span> <span class='ocrx_word' id='word_1_284' title='bbox 572 2399 741 2455; x_wconf 78' lang='grc' dir='ltr'>αὐτῶν</span> <span class='ocrx_word' id='word_1_285' title='bbox 784 2417 799 2433; x_wconf 76' lang='grc' dir='ltr'><strong>ο</strong></span> <span class='ocrx_word' id='word_1_286' title='bbox 870 2398 980 2475; x_wconf 86' lang='grc' dir='ltr'>καὶ,</span> <span class='ocrx_word' id='word_1_287' title='bbox 1061 2399 1478 2466; x_wconf 73' lang='grc' dir='ltr'>Καθεσθήσονται</span> <span class='ocrx_word' id='word_1_288' title='bbox 1570 2396 1654 2453; x_wconf 84' lang='grc' dir='ltr'>ἐπὶ</span> <span class='ocrx_word' id='word_1_289' title='bbox 1726 2397 1923 2455; x_wconf 83' lang='grc' dir='ltr'>δώδεκα</span> 
     </span>
    </p>
   </div>
   <div class='ocr_carea' id='block_1_40' title="bbox 284 2487 1210 2565">
    <p class='ocr_par' dir='ltr' id='par_1_40' title="bbox 284 2487 1210 2565">
     <span class='ocr_line' id='line_1_40' title="bbox 284 2487 1210 2565; baseline -0.004 -21"><span class='ocrx_word' id='word_1_290' title='bbox 284 2488 523 2565; x_wconf 77' lang='grc' dir='ltr'>θρόνους,</span> <span class='ocrx_word' id='word_1_291' title='bbox 596 2488 681 2542; x_wconf 77' lang='grc' dir='ltr'><strong>καὶ</strong></span> <span class='ocrx_word' id='word_1_292' title='bbox 778 2493 1009 2563; x_wconf 81' lang='grc' dir='ltr'>κρινοῦσι</span> <span class='ocrx_word' id='word_1_293' title='bbox 1115 2487 1210 2548; x_wconf 84' lang='grc' dir='ltr'><strong>τὰς</strong></span> 
     </span>
    </p>
   </div>
   <div class='ocr_carea' id='block_1_41' title="bbox 289 2574 1924 2655">
    <p class='ocr_par' dir='ltr' id='par_1_41' title="bbox 289 2574 1924 2655">
     <span class='ocr_line' id='line_1_41' title="bbox 289 2574 1924 2655; baseline -0.001 -22"><span class='ocrx_word' id='word_1_294' title='bbox 289 2575 527 2654; x_wconf 64' lang='grc' dir='ltr'>Ἰσραήλ.</span> <span class='ocrx_word' id='word_1_295' title='bbox 590 2576 714 2633; x_wconf 77' lang='grc' dir='ltr'><strong>Ἐὰν</strong></span> <span class='ocrx_word' id='word_1_296' title='bbox 786 2574 838 2629; x_wconf 80' lang='grc' dir='ltr'>δὲ</span> <span class='ocrx_word' id='word_1_297' title='bbox 908 2597 988 2638; x_wconf 91' lang='grc' dir='ltr'><strong>τις</strong></span> <span class='ocrx_word' id='word_1_298' title='bbox 1068 2575 1295 2650; x_wconf 75' lang='grc' dir='ltr'>πατέρας</span> <span class='ocrx_word' id='word_1_299' title='bbox 1368 2576 1465 2641; x_wconf 75' lang='grc' dir='ltr'>τῆς</span> <span class='ocrx_word' id='word_1_300' title='bbox 1525 2577 1730 2655; x_wconf 80' lang='grc' dir='ltr'>νύμφης</span> <span class='ocrx_word' id='word_1_301' title='bbox 1786 2575 1924 2653; x_wconf 80' lang='grc' dir='ltr'>λάϐῃ</span> 
     </span>
    </p>
   </div>
   <div class='ocr_carea' id='block_1_42' title="bbox 285 2663 1925 2743">
    <p class='ocr_par' dir='ltr' id='par_1_42' title="bbox 285 2663 1925 2743">
     <span class='ocr_line' id='line_1_42' title="bbox 285 2663 1925 2743; baseline -0.001 -21"><span class='ocrx_word' id='word_1_302' title='bbox 285 2667 411 2730; x_wconf 81' lang='grc' dir='ltr'>τοὺς</span> <span class='ocrx_word' id='word_1_303' title='bbox 457 2666 813 2743; x_wconf 67' lang='grc' dir='ltr'>πατριάρχας,</span> <span class='ocrx_word' id='word_1_304' title='bbox 868 2666 955 2719; x_wconf 84' lang='grc' dir='ltr'><strong>καὶ</strong></span> <span class='ocrx_word' id='word_1_305' title='bbox 996 2663 1156 2725; x_wconf 61' lang='grc' dir='ltr'>οὕτως</span> <span class='ocrx_word' id='word_1_306' title='bbox 1222 2666 1248 2719; x_wconf 86' lang='grc' dir='ltr'>ὁ</span> <span class='ocrx_word' id='word_1_307' title='bbox 1300 2665 1457 2741; x_wconf 79' lang='grc' dir='ltr'>Λόγος</span> <span class='ocrx_word' id='word_1_308' title='bbox 1484 2665 1587 2720; x_wconf 78' lang='grc' dir='ltr'>τῶν</span> <span class='ocrx_word' id='word_1_309' title='bbox 1616 2665 1925 2722; x_wconf 83' lang='grc' dir='ltr'>ἀποστόλων</span> 
     </span>
    </p>
   </div>
   <div class='ocr_carea' id='block_1_43' title="bbox 288 2753 1927 2831">
    <p class='ocr_par' dir='ltr' id='par_1_43' title="bbox 288 2753 1927 2831">
     <span class='ocr_line' id='line_1_43' title="bbox 288 2753 1927 2831; baseline -0.002 -19"><span class='ocrx_word' id='word_1_310' title='bbox 288 2760 352 2814; x_wconf 73' lang='grc' dir='ltr'><strong>οὗ</strong></span> <span class='ocrx_word' id='word_1_311' title='bbox 410 2753 697 2816; x_wconf 86' lang='grc' dir='ltr'>διαπίπτει,</span> <span class='ocrx_word' id='word_1_312' title='bbox 760 2754 900 2809; x_wconf 81' lang='grc' dir='ltr'>’Λντὶ</span> <span class='ocrx_word' id='word_1_313' title='bbox 962 2755 1061 2831; x_wconf 79' lang='grc' dir='ltr'><strong>γὰρ</strong></span> <span class='ocrx_word' id='word_1_314' title='bbox 1124 2755 1335 2809; x_wconf 78' lang='grc' dir='ltr'>ἐκείνων</span> <span class='ocrx_word' id='word_1_315' title='bbox 1379 2753 1733 2830; x_wconf 80' lang='grc' dir='ltr'>ἐγεννήθησαν</span> <span class='ocrx_word' id='word_1_316' title='bbox 1794 2759 1927 2830; x_wconf 75' lang='grc' dir='ltr'><strong>αὒτῇ</strong></span> 
     </span>
    </p>
   </div>
   <div class='ocr_carea' id='block_1_44' title="bbox 1299 2484 1922 2565">
    <p class='ocr_par' dir='ltr' id='par_1_44' title="bbox 1299 2484 1922 2565">
     <span class='ocr_line' id='line_1_44' title="bbox 1299 2484 1922 2565; baseline 0.006 -26"><span class='ocrx_word' id='word_1_317' title='bbox 1299 2484 1498 2542; x_wconf 73' lang='grc' dir='ltr'>δώδεκα</span> <span class='ocrx_word' id='word_1_318' title='bbox 1584 2486 1747 2565; x_wconf 76' lang='grc' dir='ltr'>φυλὰς</span> <span class='ocrx_word' id='word_1_319' title='bbox 1833 2496 1922 2543; x_wconf 74' lang='grc' dir='ltr'>τοῦ</span> 
     </span>
    </p>
   </div>
   <div class='ocr_carea' id='block_1_45' title="bbox 288 2842 1926 2922">
    <p class='ocr_par' dir='ltr' id='par_1_45' title="bbox 288 2842 1926 2922">
     <span class='ocr_line' id='line_1_45' title="bbox 288 2842 1926 2922; baseline -0.001 -20"><span class='ocrx_word' id='word_1_320' title='bbox 288 2848 391 2902; x_wconf 76' lang='grc' dir='ltr'>υἱοὶ</span> <span class='ocrx_word' id='word_1_321' title='bbox 447 2842 531 2900; x_wconf 77' lang='grc' dir='ltr'>διὰ</span> <span class='ocrx_word' id='word_1_322' title='bbox 601 2851 687 2901; x_wconf 85' lang='grc' dir='ltr'>τοῦ</span> <span class='ocrx_word' id='word_1_323' title='bbox 747 2850 994 2922; x_wconf 80' lang='grc' dir='ltr'>Χριστοῦ,</span> <span class='ocrx_word' id='word_1_324' title='bbox 1062 2846 1107 2899; x_wconf 79' lang='grc' dir='ltr'><strong>οἱ</strong></span> <span class='ocrx_word' id='word_1_325' title='bbox 1165 2849 1439 2905; x_wconf 79' lang='grc' dir='ltr'>ποιοῦντες</span> <span class='ocrx_word' id='word_1_326' title='bbox 1516 2844 1579 2898; x_wconf 75' lang='grc' dir='ltr'>τὰ</span> <span class='ocrx_word' id='word_1_327' title='bbox 1640 2842 1765 2921; x_wconf 73' lang='grc' dir='ltr'>ἔργα</span> <span class='ocrx_word' id='word_1_328' title='bbox 1836 2854 1926 2901; x_wconf 79' lang='grc' dir='ltr'>τοῦ</span> 
     </span>
    </p>
   </div>
   <div class='ocr_carea' id='block_1_46' title="bbox 285 2933 1922 3015">
    <p class='ocr_par' dir='ltr' id='par_1_46' title="bbox 285 2933 1922 3015">
     <span class='ocr_line' id='line_1_46' title="bbox 285 2933 1922 3015; baseline -0.002 -22"><span class='ocrx_word' id='word_1_329' title='bbox 285 2936 534 3015; x_wconf 80' lang='grc' dir='ltr'>Ἀϐραάμ</span> <span class='ocrx_word' id='word_1_330' title='bbox 568 2958 581 2972; x_wconf 89' lang='grc'><strong>·</strong></span> <span class='ocrx_word' id='word_1_331' title='bbox 627 2938 713 2992; x_wconf 77' lang='grc' dir='ltr'><strong>καὶ</strong></span> <span class='ocrx_word' id='word_1_332' title='bbox 772 2933 855 2991; x_wconf 80' lang='grc' dir='ltr'><strong>διὰ</strong></span> <span class='ocrx_word' id='word_1_333' title='bbox 921 2935 1076 2991; x_wconf 74' lang='grc' dir='ltr'>τοῦτο</span> <span class='ocrx_word' id='word_1_334' title='bbox 1129 2936 1356 3009; x_wconf 70' lang='grc' dir='ltr'>ἰσότιμοι</span> <span class='ocrx_word' id='word_1_335' title='bbox 1418 2936 1600 2996; x_wconf 75' lang='grc' dir='ltr'>αὒτοϊς</span> <span class='ocrx_word' id='word_1_336' title='bbox 1646 2935 1922 3014; x_wconf 81' lang='grc' dir='ltr'>χρηματί-</span> 
     </span>
    </p>
   </div>
   <div class='ocr_carea' id='block_1_47' title="bbox 281 3024 1917 3102">
    <p class='ocr_par' dir='ltr' id='par_1_47' title="bbox 281 3024 1917 3102">
     <span class='ocr_line' id='line_1_47' title="bbox 281 3024 1917 3102; baseline -0.002 -18"><span class='ocrx_word' id='word_1_337' title='bbox 281 3036 463 3098; x_wconf 72' lang='grc' dir='ltr'>ζοντες</span> <span class='ocrx_word' id='word_1_338' title='bbox 504 3026 650 3102; x_wconf 73' lang='grc' dir='ltr'><strong>(Π),</strong></span> <span class='ocrx_word' id='word_1_339' title='bbox 696 3025 756 3081; x_wconf 82' lang='grc' dir='ltr'>ἐκ</span> <span class='ocrx_word' id='word_1_340' title='bbox 806 3032 895 3081; x_wconf 78' lang='grc' dir='ltr'>τοῦ</span> <span class='ocrx_word' id='word_1_341' title='bbox 957 3024 1309 3091; x_wconf 70' lang='grc' dir='ltr'>πεποιηκέναι</span> <span class='ocrx_word' id='word_1_342' title='bbox 1369 3025 1432 3079; x_wconf 80' lang='grc' dir='ltr'>τὰ</span> <span class='ocrx_word' id='word_1_343' title='bbox 1488 3026 1615 3079; x_wconf 68' lang='grc' dir='ltr'>αὕτα</span> <span class='ocrx_word' id='word_1_344' title='bbox 1675 3026 1917 3099; x_wconf 75' lang='grc' dir='ltr'>ἐκείνοις,</span> 
     </span>
    </p>
   </div>
   <div class='ocr_carea' id='block_1_48' title="bbox 279 3111 1917 3194">
    <p class='ocr_par' dir='ltr' id='par_1_48' title="bbox 279 3111 1917 3194">
     <span class='ocr_line' id='line_1_48' title="bbox 279 3111 1917 3194; baseline -0.002 -22"><span class='ocrx_word' id='word_1_345' title='bbox 279 3114 375 3194; x_wconf 69' lang='grc' dir='ltr'><strong>ἀφ’</strong></span> <span class='ocrx_word' id='word_1_346' title='bbox 437 3117 510 3172; x_wconf 83' lang='grc' dir='ltr'><strong>ὧν</strong></span> <span class='ocrx_word' id='word_1_347' title='bbox 568 3116 674 3171; x_wconf 76' lang='grc' dir='ltr'>τῶν</span> <span class='ocrx_word' id='word_1_348' title='bbox 734 3114 982 3191; x_wconf 86' lang='grc' dir='ltr'>μεγάλων</span> <span class='ocrx_word' id='word_1_349' title='bbox 1032 3119 1200 3188; x_wconf 78' lang='grc' dir='ltr'>τιμῶν</span> <span class='ocrx_word' id='word_1_350' title='bbox 1251 3111 1550 3181; x_wconf 75' lang='grc' dir='ltr'>ἠξιώθησαν</span> <span class='ocrx_word' id='word_1_351' title='bbox 1583 3116 1627 3169; x_wconf 81' lang='grc' dir='ltr'>οἱ</span> <span class='ocrx_word' id='word_1_352' title='bbox 1673 3136 1917 3191; x_wconf 85' lang='grc' dir='ltr'>πατερες,</span> 
     </span>
    </p>
   </div>
   <div class='ocr_carea' id='block_1_49' title="bbox 2014 1867 3647 1947">
    <p class='ocr_par' dir='ltr' id='par_1_49' title="bbox 2014 1867 3647 1947">
     <span class='ocr_line' id='line_1_49' title="bbox 2014 1867 3647 1947; baseline 0.004 -24"><span class='ocrx_word' id='word_1_353' title='bbox 2014 1882 2149 1924; x_wconf 91' lang='lat' dir='ltr'><strong>nem</strong></span> <span class='ocrx_word' id='word_1_354' title='bbox 2177 1884 2333 1925; x_wconf 90' lang='lat' dir='ltr'><strong>nunc</strong></span> <span class='ocrx_word' id='word_1_355' title='bbox 2357 1884 2460 1943; x_wconf 92' lang='lat' dir='ltr'><strong>pro</strong></span> <span class='ocrx_word' id='word_1_356' title='bbox 2494 1867 2758 1945; x_wconf 85' lang='lat' dir='ltr'><strong>patribus</strong></span> <span class='ocrx_word' id='word_1_357' title='bbox 2789 1867 3001 1947; x_wconf 84' lang='lat' dir='ltr'><strong>accipit</strong></span> <span class='ocrx_word' id='word_1_358' title='bbox 3024 1868 3177 1927; x_wconf 86' lang='lat' dir='ltr'><strong>lilios</strong></span> <span class='ocrx_word' id='word_1_359' title='bbox 3199 1867 3376 1929; x_wconf 85' lang='lat' dir='ltr'><strong>tantis</strong></span> <span class='ocrx_word' id='word_1_360' title='bbox 3394 1869 3647 1945; x_wconf 85' lang='lat' dir='ltr'><strong>dignita-</strong></span> 
     </span>
    </p>
   </div>
   <div class='ocr_carea' id='block_1_50' title="bbox 2014 1951 3653 2037">
    <p class='ocr_par' dir='ltr' id='par_1_50' title="bbox 2014 1951 3653 2037">
     <span class='ocr_line' id='line_1_50' title="bbox 2014 1951 3653 2037; baseline 0.005 -26"><span class='ocrx_word' id='word_1_361' title='bbox 2014 1951 2168 2013; x_wconf 77' lang='lat' dir='ltr'><strong>tibus</strong></span> <span class='ocrx_word' id='word_1_362' title='bbox 2205 1954 2537 2032; x_wconf 82' lang='lat' dir='ltr'><strong>insignitas,</strong></span> <span class='ocrx_word' id='word_1_363' title='bbox 2575 1963 2635 2015; x_wconf 92' lang='lat' dir='ltr'><strong>ut</strong></span> <span class='ocrx_word' id='word_1_364' title='bbox 2657 1956 3097 2017; x_wconf 87' lang='lat' dir='ltr'><strong>constituantur</strong></span> <span class='ocrx_word' id='word_1_365' title='bbox 3124 1960 3429 2036; x_wconf 83' lang='lat' dir='ltr'><strong>principes</strong></span> <span class='ocrx_word' id='word_1_366' title='bbox 3466 1977 3653 2037; x_wconf 83' lang='lat' dir='ltr'><strong>super</strong></span> 
     </span>
    </p>
   </div>
   <div class='ocr_carea' id='block_1_51' title="bbox 2009 2044 3651 2123">
    <p class='ocr_par' dir='ltr' id='par_1_51' title="bbox 2009 2044 3651 2123">
     <span class='ocr_line' id='line_1_51' title="bbox 2009 2044 3651 2123; baseline 0.003 -21"><span class='ocrx_word' id='word_1_367' title='bbox 2009 2060 2242 2104; x_wconf 86' lang='lat' dir='ltr'><strong>omnem</strong></span> <span class='ocrx_word' id='word_1_368' title='bbox 2258 2045 2620 2115; x_wconf 79' lang='lat' dir='ltr'><strong>terram.Qui</strong></span> <span class='ocrx_word' id='word_1_369' title='bbox 2640 2045 2972 2123; x_wconf 82' lang='lat' dir='ltr'><strong>suuligitur</strong></span> <span class='ocrx_word' id='word_1_370' title='bbox 2997 2044 3278 2107; x_wconf 77' lang='lat' dir='ltr'><strong>Ecclesiae</strong></span> <span class='ocrx_word' id='word_1_371' title='bbox 3306 2047 3441 2108; x_wconf 82' lang='lat' dir='ltr'><strong>ﬁlii?</strong></span> <span class='ocrx_word' id='word_1_372' title='bbox 3471 2045 3651 2107; x_wconf 88' lang='lat' dir='ltr'><strong>Nimi-</strong></span> 
     </span>
    </p>
   </div>
   <div class='ocr_carea' id='block_1_52' title="bbox 2012 2131 3650 2215">
    <p class='ocr_par' dir='ltr' id='par_1_52' title="bbox 2012 2131 3650 2215">
     <span class='ocr_line' id='line_1_52' title="bbox 2012 2131 3650 2215; baseline 0.004 -25"><span class='ocrx_word' id='word_1_373' title='bbox 2012 2149 2142 2191; x_wconf 89' lang='lat' dir='ltr'><strong>rum</strong></span> <span class='ocrx_word' id='word_1_374' title='bbox 2166 2131 2461 2210; x_wconf 81' lang='lat' dir='ltr'><strong>Evangelii</strong></span> <span class='ocrx_word' id='word_1_375' title='bbox 2484 2132 2718 2212; x_wconf 82' lang='lat' dir='ltr'><strong>ﬁlii,qui</strong></span> <span class='ocrx_word' id='word_1_376' title='bbox 2739 2134 3156 2195; x_wconf 87' lang='lat' dir='ltr'><strong>orbiuniverso</strong></span> <span class='ocrx_word' id='word_1_377' title='bbox 3180 2136 3650 2215; x_wconf 86' lang='lat' dir='ltr'><strong>imperarunt,ln</strong></span> 
     </span>
    </p>
   </div>
   <div class='ocr_carea' id='block_1_53' title="bbox 2008 2222 3649 2302">
    <p class='ocr_par' dir='ltr' id='par_1_53' title="bbox 2008 2222 3649 2302">
     <span class='ocr_line' id='line_1_53' title="bbox 2008 2222 3649 2302; baseline 0.005 -23"><span class='ocrx_word' id='word_1_378' title='bbox 2008 2239 2243 2281; x_wconf 86' lang='lat' dir='ltr'><strong>omnem</strong></span> <span class='ocrx_word' id='word_1_379' title='bbox 2258 2222 2907 2298; x_wconf 86' lang='lat' dir='ltr'><strong>enim,inquit,terram</strong></span> <span class='ocrx_word' id='word_1_380' title='bbox 2920 2225 3117 2286; x_wconf 67' lang='lat' dir='ltr'><strong>exivit</strong></span> <span class='ocrx_word' id='word_1_381' title='bbox 3134 2242 3323 2286; x_wconf 85' lang='lat' dir='ltr'><strong>sonus</strong></span> <span class='ocrx_word' id='word_1_382' title='bbox 3344 2243 3553 2288; x_wconf 85' lang='lat' dir='ltr'><strong>eorum</strong></span> <span class='ocrx_word' id='word_1_383' title='bbox 3572 2224 3649 2302; x_wconf 51' lang='grc' dir='ltr'><strong>δὴ</strong></span> 
     </span>
    </p>
   </div>
   <div class='ocr_carea' id='block_1_54' title="bbox 2007 2311 3651 2391">
    <p class='ocr_par' dir='ltr' id='par_1_54' title="bbox 2007 2311 3651 2391">
     <span class='ocr_line' id='line_1_54' title="bbox 2007 2311 3651 2391; baseline 0.004 -21"><span class='ocrx_word' id='word_1_384' title='bbox 2007 2318 2083 2381; x_wconf 84' lang='lat' dir='ltr'><strong>et,</strong></span> <span class='ocrx_word' id='word_1_385' title='bbox 2096 2311 2393 2372; x_wconf 74' lang='lat' dir='ltr'><strong>Sedebant</strong></span> <span class='ocrx_word' id='word_1_386' title='bbox 2406 2327 2586 2390; x_wconf 80' lang='lat' dir='ltr'><strong>super</strong></span> <span class='ocrx_word' id='word_1_387' title='bbox 2601 2311 2910 2373; x_wconf 81' lang='lat' dir='ltr'><strong>duodecim</strong></span> <span class='ocrx_word' id='word_1_388' title='bbox 2927 2314 3651 2391; x_wconf 72' lang='lat' dir='ltr'><strong>thronos,etjudieabunt</strong></span> 
     </span>
    </p>
   </div>
   <div class='ocr_carea' id='block_1_55' title="bbox 2005 2400 3645 2484">
    <p class='ocr_par' dir='ltr' id='par_1_55' title="bbox 2005 2400 3645 2484">
     <span class='ocr_line' id='line_1_55' title="bbox 2005 2400 3645 2484; baseline 0.003 -24"><span class='ocrx_word' id='word_1_389' title='bbox 2005 2402 2325 2463; x_wconf 82' lang='lat' dir='ltr'><strong>duodecim</strong></span> <span class='ocrx_word' id='word_1_390' title='bbox 2342 2400 2737 2463; x_wconf 81' lang='lat' dir='ltr'><strong>tribuslsrael</strong></span> <span class='ocrx_word' id='word_1_391' title='bbox 2755 2402 2893 2464; x_wconf 70' lang='lat' dir='ltr'><strong>-’5.Si</strong></span> <span class='ocrx_word' id='word_1_392' title='bbox 2916 2403 3050 2482; x_wconf 91' lang='lat' dir='ltr'><strong>quis</strong></span> <span class='ocrx_word' id='word_1_393' title='bbox 3073 2412 3265 2464; x_wconf 89' lang='lat' dir='ltr'><strong>autem</strong></span> <span class='ocrx_word' id='word_1_394' title='bbox 3288 2422 3522 2482; x_wconf 66' lang='lat' dir='ltr'><strong>sponsa:</strong></span> <span class='ocrx_word' id='word_1_395' title='bbox 3550 2424 3645 2484; x_wconf 90' lang='lat' dir='ltr'><strong>pa-</strong></span> 
     </span>
    </p>
   </div>
   <div class='ocr_carea' id='block_1_56' title="bbox 2012 2490 3657 2571">
    <p class='ocr_par' dir='ltr' id='par_1_56' title="bbox 2012 2490 3657 2571">
     <span class='ocr_line' id='line_1_56' title="bbox 2012 2490 3657 2571; baseline 0.004 -22"><span class='ocrx_word' id='word_1_396' title='bbox 2012 2499 2130 2551; x_wconf 88' lang='lat' dir='ltr'><strong>tres</strong></span> <span class='ocrx_word' id='word_1_397' title='bbox 2154 2490 2441 2569; x_wconf 85' lang='lat' dir='ltr'><strong>intelligat</strong></span> <span class='ocrx_word' id='word_1_398' title='bbox 2466 2492 2938 2570; x_wconf 80' lang='lat' dir='ltr'><strong>patriarchas,ita</strong></span> <span class='ocrx_word' id='word_1_399' title='bbox 2961 2511 3196 2571; x_wconf 70' lang='lat' dir='ltr'><strong>quoque</strong></span> <span class='ocrx_word' id='word_1_400' title='bbox 3216 2492 3513 2554; x_wconf 89' lang='lat' dir='ltr'><strong>intellecta</strong></span> <span class='ocrx_word' id='word_1_401' title='bbox 3526 2513 3657 2555; x_wconf 86' lang='lat' dir='ltr'><strong>sen-</strong></span> 
     </span>
    </p>
   </div>
   <div class='ocr_carea' id='block_1_57' title="bbox 2011 2580 3658 2659">
    <p class='ocr_par' dir='ltr' id='par_1_57' title="bbox 2011 2580 3658 2659">
     <span class='ocr_line' id='line_1_57' title="bbox 2011 2580 3658 2659; baseline 0.001 -18"><span class='ocrx_word' id='word_1_402' title='bbox 2011 2580 2195 2641; x_wconf 88' lang='lat' dir='ltr'><strong>tentia</strong></span> <span class='ocrx_word' id='word_1_403' title='bbox 2216 2580 2291 2640; x_wconf 88' lang='lat' dir='ltr'><strong>ab</strong></span> <span class='ocrx_word' id='word_1_404' title='bbox 2317 2580 2604 2659; x_wconf 87' lang='lat' dir='ltr'><strong>apostolis</strong></span> <span class='ocrx_word' id='word_1_405' title='bbox 2622 2580 2817 2641; x_wconf 88' lang='lat' dir='ltr'><strong>aliena</strong></span> <span class='ocrx_word' id='word_1_406' title='bbox 2840 2600 2955 2641; x_wconf 92' lang='lat' dir='ltr'><strong>non</strong></span> <span class='ocrx_word' id='word_1_407' title='bbox 2979 2584 3247 2643; x_wconf 73' lang='lat' dir='ltr'><strong>est.Num</strong></span> <span class='ocrx_word' id='word_1_408' title='bbox 3275 2601 3377 2659; x_wconf 88' lang='lat' dir='ltr'><strong>pro</strong></span> <span class='ocrx_word' id='word_1_409' title='bbox 3404 2583 3524 2643; x_wconf 88' lang='lat' dir='ltr'><strong>illis</strong></span> <span class='ocrx_word' id='word_1_410' title='bbox 3541 2588 3658 2643; x_wconf 86' lang='lat' dir='ltr'><strong>nali</strong></span> 
     </span>
    </p>
   </div>
   <div class='ocr_carea' id='block_1_58' title="bbox 2010 2668 3652 2755">
    <p class='ocr_par' dir='ltr' id='par_1_58' title="bbox 2010 2668 3652 2755">
     <span class='ocr_line' id='line_1_58' title="bbox 2010 2668 3652 2755; baseline 0.001 -25"><span class='ocrx_word' id='word_1_411' title='bbox 2010 2678 2145 2730; x_wconf 90' lang='lat' dir='ltr'><strong>sunt</strong></span> <span class='ocrx_word' id='word_1_412' title='bbox 2165 2680 2222 2731; x_wconf 90' lang='lat' dir='ltr'><strong>et</strong></span> <span class='ocrx_word' id='word_1_413' title='bbox 2241 2669 2342 2728; x_wconf 77' lang='lat' dir='ltr'><strong>lilii</strong></span> <span class='ocrx_word' id='word_1_414' title='bbox 2364 2688 2473 2748; x_wconf 90' lang='lat' dir='ltr'><strong>per</strong></span> <span class='ocrx_word' id='word_1_415' title='bbox 2487 2668 3110 2745; x_wconf 83' lang='lat' dir='ltr'><strong>Christum,facientes</strong></span> <span class='ocrx_word' id='word_1_416' title='bbox 3127 2672 3652 2755; x_wconf 65' lang='lat' dir='ltr'><strong>operaAbrahee86,</strong></span> 
     </span>
    </p>
   </div>
   <div class='ocr_carea' id='block_1_59' title="bbox 2010 2757 3656 2840">
    <p class='ocr_par' dir='ltr' id='par_1_59' title="bbox 2010 2757 3656 2840">
     <span class='ocr_line' id='line_1_59' title="bbox 2010 2757 3656 2840; baseline 0.004 -21"><span class='ocrx_word' id='word_1_417' title='bbox 2010 2767 2066 2819; x_wconf 93' lang='lat' dir='ltr'><strong>et</strong></span> <span class='ocrx_word' id='word_1_418' title='bbox 2092 2757 2227 2818; x_wconf 87' lang='lat' dir='ltr'><strong>ideo</strong></span> <span class='ocrx_word' id='word_1_419' title='bbox 2252 2778 2418 2838; x_wconf 65' lang='lat' dir='ltr'><strong>aeque</strong></span> <span class='ocrx_word' id='word_1_420' title='bbox 2440 2760 2707 2821; x_wconf 85' lang='lat' dir='ltr'><strong>honorati</strong></span> <span class='ocrx_word' id='word_1_421' title='bbox 2730 2778 2794 2820; x_wconf 92' lang='lat' dir='ltr'><strong>ac</strong></span> <span class='ocrx_word' id='word_1_422' title='bbox 2822 2762 2961 2839; x_wconf 88' lang='lat' dir='ltr'><strong>ipsi,</strong></span> <span class='ocrx_word' id='word_1_423' title='bbox 2989 2761 3144 2840; x_wconf 87' lang='lat' dir='ltr'><strong>quod</strong></span> <span class='ocrx_word' id='word_1_424' title='bbox 3172 2760 3381 2823; x_wconf 89' lang='lat' dir='ltr'><strong>eadem</strong></span> <span class='ocrx_word' id='word_1_425' title='bbox 3406 2774 3656 2839; x_wconf 82' lang='lat' dir='ltr'><strong>egerunt</strong></span> 
     </span>
    </p>
   </div>
   <div class='ocr_carea' id='block_1_60' title="bbox 2007 2848 3655 2929">
    <p class='ocr_par' dir='ltr' id='par_1_60' title="bbox 2007 2848 3655 2929">
     <span class='ocr_line' id='line_1_60' title="bbox 2007 2848 3655 2929; baseline 0.002 -20"><span class='ocrx_word' id='word_1_426' title='bbox 2007 2866 2139 2927; x_wconf 60' lang='lat' dir='ltr'><strong>qua;</strong></span> <span class='ocrx_word' id='word_1_427' title='bbox 2172 2848 2279 2924; x_wconf 88' lang='lat' dir='ltr'><strong>illi,</strong></span> <span class='ocrx_word' id='word_1_428' title='bbox 2317 2848 2391 2909; x_wconf 90' lang='lat' dir='ltr'><strong>ob</strong></span> <span class='ocrx_word' id='word_1_429' title='bbox 2424 2868 2555 2928; x_wconf 70' lang='lat' dir='ltr'><strong>quae</strong></span> <span class='ocrx_word' id='word_1_430' title='bbox 2616 2850 2948 2910; x_wconf 84' lang='lat' dir='ltr'><strong>honoribus</strong></span> <span class='ocrx_word' id='word_1_431' title='bbox 3006 2850 3231 2927; x_wconf 84' lang='lat' dir='ltr'><strong>magnis</strong></span> <span class='ocrx_word' id='word_1_432' title='bbox 3257 2850 3484 2929; x_wconf 83' lang='lat' dir='ltr'><strong>dignati</strong></span> <span class='ocrx_word' id='word_1_433' title='bbox 3515 2861 3655 2913; x_wconf 85' lang='lat' dir='ltr'><strong>sunt</strong></span> 
     </span>
    </p>
   </div>
   <div class='ocr_carea' id='block_1_61' title="bbox 2008 2937 3647 3022">
    <p class='ocr_par' dir='ltr' id='par_1_61' title="bbox 2008 2937 3647 3022">
     <span class='ocr_line' id='line_1_61' title="bbox 2008 2937 3647 3022; baseline 0.004 -27"><span class='ocrx_word' id='word_1_434' title='bbox 2008 2947 2225 3015; x_wconf 88' lang='lat' dir='ltr'><strong>patres.</strong></span> <span class='ocrx_word' id='word_1_435' title='bbox 2254 2937 2558 3017; x_wconf 87' lang='lat' dir='ltr'><strong>Principes</strong></span> <span class='ocrx_word' id='word_1_436' title='bbox 2584 2956 2721 2998; x_wconf 83' lang='lat' dir='ltr'><strong>vero</strong></span> <span class='ocrx_word' id='word_1_437' title='bbox 2750 2940 3038 3000; x_wconf 64' lang='lat' dir='ltr'><strong>universae</strong></span> <span class='ocrx_word' id='word_1_438' title='bbox 3076 2950 3251 3001; x_wconf 62' lang='lat' dir='ltr'><strong>terra;</strong></span> <span class='ocrx_word' id='word_1_439' title='bbox 3272 2952 3410 3001; x_wconf 89' lang='lat' dir='ltr'><strong>sunt</strong></span> <span class='ocrx_word' id='word_1_440' title='bbox 3438 2944 3647 3022; x_wconf 79' lang='lat' dir='ltr'><strong>sancti,</strong></span> 
     </span>
    </p>
   </div>
   <div class='ocr_carea' id='block_1_62' title="bbox 2005 3024 3651 3109">
    <p class='ocr_par' dir='ltr' id='par_1_62' title="bbox 2005 3024 3651 3109">
     <span class='ocr_line' id='line_1_62' title="bbox 2005 3024 3651 3109; baseline 0.002 -25"><span class='ocrx_word' id='word_1_441' title='bbox 2005 3024 2081 3085; x_wconf 90' lang='lat' dir='ltr'><strong>ob</strong></span> <span class='ocrx_word' id='word_1_442' title='bbox 2105 3043 2269 3085; x_wconf 88' lang='lat' dir='ltr'><strong>suam</strong></span> <span class='ocrx_word' id='word_1_443' title='bbox 2293 3043 2425 3086; x_wconf 89' lang='lat' dir='ltr'><strong>cum</strong></span> <span class='ocrx_word' id='word_1_444' title='bbox 2449 3024 2608 3087; x_wconf 87' lang='lat' dir='ltr'><strong>bono</strong></span> <span class='ocrx_word' id='word_1_445' title='bbox 2631 3027 3160 3102; x_wconf 86' lang='lat' dir='ltr'><strong>necessitudinem,</strong></span> <span class='ocrx_word' id='word_1_446' title='bbox 3190 3047 3324 3090; x_wconf 89' lang='lat' dir='ltr'><strong>cum</strong></span> <span class='ocrx_word' id='word_1_447' title='bbox 3357 3030 3482 3109; x_wconf 87' lang='lat' dir='ltr'><strong>ipsa</strong></span> <span class='ocrx_word' id='word_1_448' title='bbox 3513 3027 3651 3090; x_wconf 84' lang='lat' dir='ltr'><strong>boni</strong></span> 
     </span>
    </p>
   </div>
   <div class='ocr_carea' id='block_1_63' title="bbox 2006 3114 3649 3199">
    <p class='ocr_par' dir='ltr' id='par_1_63' title="bbox 2006 3114 3649 3199">
     <span class='ocr_line' id='line_1_63' title="bbox 2006 3114 3649 3199; baseline 0.004 -25"><span class='ocrx_word' id='word_1_449' title='bbox 2006 3122 2216 3175; x_wconf 85' lang='lat' dir='ltr'><strong>natura</strong></span> <span class='ocrx_word' id='word_1_450' title='bbox 2239 3118 2325 3175; x_wconf 90' lang='lat' dir='ltr'><strong>eis</strong></span> <span class='ocrx_word' id='word_1_451' title='bbox 2360 3114 2759 3195; x_wconf 84' lang='lat' dir='ltr'><strong>principatum</strong></span> <span class='ocrx_word' id='word_1_452' title='bbox 2794 3116 3197 3195; x_wconf 81' lang='lat' dir='ltr'><strong>tribuat,sicut</strong></span> <span class='ocrx_word' id='word_1_453' title='bbox 3224 3118 3445 3181; x_wconf 82' lang='lat' dir='ltr'><strong>Jacobo</strong></span> <span class='ocrx_word' id='word_1_454' title='bbox 3480 3129 3649 3199; x_wconf 88' lang='lat' dir='ltr'><strong>pote-</strong></span> 
     </span>
    </p>
   </div>
   <div class='ocr_carea' id='block_1_64' title="bbox 282 3201 1924 3288">
    <p class='ocr_par' dir='ltr' id='par_1_64' title="bbox 282 3201 1920 3285">
     <span class='ocr_line' id='line_1_64' title="bbox 282 3201 1920 3285; baseline -0.002 -23"><span class='ocrx_word' id='word_1_455' title='bbox 282 3206 607 3285; x_wconf 75' lang='grc' dir='ltr'>’¹Αρχοντες</span> <span class='ocrx_word' id='word_1_456' title='bbox 641 3204 822 3279; x_wconf 84' lang='grc' dir='ltr'>μέντοι</span> <span class='ocrx_word' id='word_1_457' title='bbox 869 3205 997 3259; x_wconf 79' lang='grc' dir='ltr'>εἰσὶν</span> <span class='ocrx_word' id='word_1_458' title='bbox 1048 3204 1261 3269; x_wconf 82' lang='grc' dir='ltr'>ἀπάσης</span> <span class='ocrx_word' id='word_1_459' title='bbox 1304 3203 1401 3270; x_wconf 72' lang='grc' dir='ltr'><strong>τῆς</strong></span> <span class='ocrx_word' id='word_1_460' title='bbox 1434 3208 1536 3281; x_wconf 79' lang='grc' dir='ltr'>γῆς</span> <span class='ocrx_word' id='word_1_461' title='bbox 1578 3206 1634 3259; x_wconf 81' lang='grc' dir='ltr'><strong>οἱ</strong></span> <span class='ocrx_word' id='word_1_462' title='bbox 1671 3203 1812 3281; x_wconf 76' lang='grc' dir='ltr'>ἅγιοι</span> <span class='ocrx_word' id='word_1_463' title='bbox 1844 3201 1920 3259; x_wconf 75' lang='grc' dir='ltr'>διὰ</span> 
     </span>
    </p>
   </div>
   <div class='ocr_carea' id='block_1_65' title="bbox 2018 3201 3647 3288">
    <p class='ocr_par' dir='ltr' id='par_1_65' title="bbox 2018 3204 3647 3288">
     <span class='ocr_line' id='line_1_65' title="bbox 2018 3204 3647 3288; baseline 0.003 -25"><span class='ocrx_word' id='word_1_464' title='bbox 2018 3212 2217 3264; x_wconf 70' lang='lat' dir='ltr'><strong>atatem</strong></span> <span class='ocrx_word' id='word_1_465' title='bbox 2249 3204 2308 3263; x_wconf 91' lang='lat' dir='ltr'><strong>in</strong></span> <span class='ocrx_word' id='word_1_466' title='bbox 2342 3204 2540 3283; x_wconf 90' lang='lat' dir='ltr'><strong>ipsum</strong></span> <span class='ocrx_word' id='word_1_467' title='bbox 2579 3206 2735 3266; x_wconf 84' lang='lat' dir='ltr'><strong>Esau</strong></span> <span class='ocrx_word' id='word_1_468' title='bbox 2772 3204 3194 3285; x_wconf 66' lang='lat' dir='ltr'><strong>praabuitFias</strong></span> <span class='ocrx_word' id='word_1_469' title='bbox 3213 3210 3394 3281; x_wconf 90' lang='lat' dir='ltr'><strong>enim,</strong></span> <span class='ocrx_word' id='word_1_470' title='bbox 3434 3208 3647 3288; x_wconf 88' lang='lat' dir='ltr'><strong>inquit,</strong></span> 
     </span>
    </p>
   </div>
   <div class='ocr_carea' id='block_1_66' title="bbox 275 3291 1924 3378">
    <p class='ocr_par' dir='ltr' id='par_1_66' title="bbox 275 3291 1924 3371">
     <span class='ocr_line' id='line_1_66' title="bbox 275 3291 1924 3371; baseline 0 -24"><span class='ocrx_word' id='word_1_471' title='bbox 275 3296 380 3361; x_wconf 77' lang='grc' dir='ltr'>τὴν</span> <span class='ocrx_word' id='word_1_472' title='bbox 409 3296 539 3371; x_wconf 86' lang='grc' dir='ltr'>πρὸς</span> <span class='ocrx_word' id='word_1_473' title='bbox 600 3296 659 3349; x_wconf 84' lang='grc' dir='ltr'>τὸ</span> <span class='ocrx_word' id='word_1_474' title='bbox 713 3293 878 3349; x_wconf 78' lang='grc' dir='ltr'>καλὸν</span> <span class='ocrx_word' id='word_1_475' title='bbox 936 3294 1220 3365; x_wconf 80' lang='grc' dir='ltr'>οἱκείωσιν,</span> <span class='ocrx_word' id='word_1_476' title='bbox 1267 3294 1429 3359; x_wconf 75' lang='grc' dir='ltr'>αὐτῆς</span> <span class='ocrx_word' id='word_1_477' title='bbox 1490 3292 1584 3359; x_wconf 73' lang='grc' dir='ltr'><strong>τῆς</strong></span> <span class='ocrx_word' id='word_1_478' title='bbox 1614 3300 1705 3349; x_wconf 80' lang='grc' dir='ltr'>τοῦ</span> <span class='ocrx_word' id='word_1_479' title='bbox 1764 3291 1924 3348; x_wconf 74' lang='grc' dir='ltr'><strong>καλοῦ</strong></span> 
     </span>
    </p>
   </div>
   <div class='ocr_carea' id='block_1_67' title="bbox 2018 3291 3649 3378">
    <p class='ocr_par' dir='ltr' id='par_1_67' title="bbox 2018 3293 3649 3378">
     <span class='ocr_line' id='line_1_67' title="bbox 2018 3293 3649 3378; baseline 0.003 -25"><span class='ocrx_word' id='word_1_480' title='bbox 2018 3293 2509 3371; x_wconf 64' lang='lat' dir='ltr'><strong>dominus/miris</strong></span> <span class='ocrx_word' id='word_1_481' title='bbox 2525 3299 2614 3356; x_wconf 84' lang='lat' dir='ltr'><strong>tui</strong></span> <span class='ocrx_word' id='word_1_482' title='bbox 2632 3294 3075 3376; x_wconf 78' lang='lat' dir='ltr'><strong>87.Quicunque</strong></span> <span class='ocrx_word' id='word_1_483' title='bbox 3098 3296 3273 3375; x_wconf 86' lang='lat' dir='ltr'><strong>igitur</strong></span> <span class='ocrx_word' id='word_1_484' title='bbox 3290 3298 3518 3358; x_wconf 87' lang='lat' dir='ltr'><strong>honore</strong></span> <span class='ocrx_word' id='word_1_485' title='bbox 3543 3316 3649 3378; x_wconf 86' lang='lat' dir='ltr'><strong>pa-</strong></span> 
     </span>
    </p>
   </div>
   <div class='ocr_carea' id='block_1_68' title="bbox 277 3381 1924 3466">
    <p class='ocr_par' dir='ltr' id='par_1_68' title="bbox 277 3382 1921 3466">
     <span class='ocr_line' id='line_1_68' title="bbox 277 3382 1921 3466; baseline -0.002 -26"><span class='ocrx_word' id='word_1_486' title='bbox 277 3386 486 3466; x_wconf 70' lang='grc' dir='ltr'>φύσεως</span> <span class='ocrx_word' id='word_1_487' title='bbox 544 3386 895 3462; x_wconf 83' lang='grc' dir='ltr'>περιτιθείσης</span> <span class='ocrx_word' id='word_1_488' title='bbox 942 3382 1125 3446; x_wconf 72' lang='grc' dir='ltr'>αὐτοῖς</span> <span class='ocrx_word' id='word_1_489' title='bbox 1183 3384 1244 3437; x_wconf 78' lang='grc' dir='ltr'>τὸ</span> <span class='ocrx_word' id='word_1_490' title='bbox 1303 3398 1593 3460; x_wconf 70' lang='grc' dir='ltr'>πρωτεῖον,</span> <span class='ocrx_word' id='word_1_491' title='bbox 1647 3385 1719 3447; x_wconf 82' lang='grc' dir='ltr'><strong>ὡς</strong></span> <span class='ocrx_word' id='word_1_492' title='bbox 1766 3404 1921 3461; x_wconf 80' lang='grc' dir='ltr'>περι-</span> 
     </span>
    </p>
   </div>
   <div class='ocr_carea' id='block_1_69' title="bbox 2018 3381 3645 3466">
    <p class='ocr_par' dir='ltr' id='par_1_69' title="bbox 2018 3381 3645 3465">
     <span class='ocr_line' id='line_1_69' title="bbox 2018 3381 3645 3465; baseline 0.004 -24"><span class='ocrx_word' id='word_1_493' title='bbox 2018 3381 2198 3443; x_wconf 83' lang='lat' dir='ltr'><strong>tribus</strong></span> <span class='ocrx_word' id='word_1_494' title='bbox 2220 3402 2394 3463; x_wconf 91' lang='lat' dir='ltr'><strong>pares</strong></span> <span class='ocrx_word' id='word_1_495' title='bbox 2415 3382 2738 3462; x_wconf 46' lang='lat' dir='ltr'><strong>facti‘sunt,</strong></span> <span class='ocrx_word' id='word_1_496' title='bbox 2768 3392 2946 3461; x_wconf 88' lang='lat' dir='ltr'><strong>atque</strong></span> <span class='ocrx_word' id='word_1_497' title='bbox 2966 3404 3073 3465; x_wconf 90' lang='lat' dir='ltr'><strong>per</strong></span> <span class='ocrx_word' id='word_1_498' title='bbox 3094 3387 3325 3447; x_wconf 88' lang='lat' dir='ltr'><strong>virtutis</strong></span> <span class='ocrx_word' id='word_1_499' title='bbox 3349 3388 3645 3448; x_wconf 83' lang='lat' dir='ltr'><strong>exercita--</strong></span> 
     </span>
    </p>
   </div>
   <div class='ocr_carea' id='block_1_70' title="bbox 280 3470 1924 3555">
    <p class='ocr_par' dir='ltr' id='par_1_70' title="bbox 280 3470 1923 3547">
     <span class='ocr_line' id='line_1_70' title="bbox 280 3470 1923 3547; baseline -0.002 -17"><span class='ocrx_word' id='word_1_500' title='bbox 280 3475 442 3540; x_wconf 83' lang='grc' dir='ltr'>ἑθηκε</span> <span class='ocrx_word' id='word_1_501' title='bbox 493 3480 570 3547; x_wconf 82' lang='grc' dir='ltr'>τῷ</span> <span class='ocrx_word' id='word_1_502' title='bbox 620 3471 811 3529; x_wconf 84' lang='grc' dir='ltr'>Ἰακώϐ</span> <span class='ocrx_word' id='word_1_503' title='bbox 852 3474 947 3539; x_wconf 77' lang='grc' dir='ltr'>τὴν</span> <span class='ocrx_word' id='word_1_504' title='bbox 1012 3472 1145 3527; x_wconf 82' lang='grc' dir='ltr'>κατὰ</span> <span class='ocrx_word' id='word_1_505' title='bbox 1194 3474 1285 3527; x_wconf 69' lang='grc' dir='ltr'><strong>τοῦ</strong></span> <span class='ocrx_word' id='word_1_506' title='bbox 1328 3470 1493 3529; x_wconf 78' lang='grc' dir='ltr'>Ἠσαῦ</span> <span class='ocrx_word' id='word_1_507' title='bbox 1528 3471 1781 3535; x_wconf 71' lang='grc' dir='ltr'>ἐξουσίαν,</span> <span class='ocrx_word' id='word_1_508' title='bbox 1830 3473 1923 3527; x_wconf 81' lang='grc' dir='ltr'><strong>Γί-</strong></span> 
     </span>
    </p>
   </div>
   <div class='ocr_carea' id='block_1_71' title="bbox 2018 3470 3645 3555">
    <p class='ocr_par' dir='ltr' id='par_1_71' title="bbox 2018 3472 3645 3555">
     <span class='ocr_line' id='line_1_71' title="bbox 2018 3472 3645 3555; baseline 0.004 -24"><span class='ocrx_word' id='word_1_509' title='bbox 2018 3472 2227 3532; x_wconf 81' lang='lat' dir='ltr'><strong>tionem</strong></span> <span class='ocrx_word' id='word_1_510' title='bbox 2265 3474 2546 3533; x_wconf 88' lang='lat' dir='ltr'><strong>omnibus</strong></span> <span class='ocrx_word' id='word_1_511' title='bbox 2578 3474 3063 3554; x_wconf 76' lang='lat' dir='ltr'><strong>praestiterunt,et</strong></span> <span class='ocrx_word' id='word_1_512' title='bbox 3089 3476 3195 3535; x_wconf 84' lang='lat' dir='ltr'><strong>ﬁlii</strong></span> <span class='ocrx_word' id='word_1_513' title='bbox 3216 3494 3452 3555; x_wconf 65' lang='lat' dir='ltr'><strong>sponsae</strong></span> <span class='ocrx_word' id='word_1_514' title='bbox 3473 3478 3645 3538; x_wconf 86' lang='lat' dir='ltr'><strong>Chri-</strong></span> 
     </span>
    </p>
   </div>
   <div class='ocr_carea' id='block_1_72' title="bbox 279 3559 1924 3645">
    <p class='ocr_par' dir='ltr' id='par_1_72' title="bbox 279 3559 1924 3642">
     <span class='ocr_line' id='line_1_72' title="bbox 279 3559 1924 3642; baseline -0.002 -23"><span class='ocrx_word' id='word_1_515' title='bbox 279 3586 375 3620; x_wconf 86' lang='grc' dir='ltr'>νου</span> <span class='ocrx_word' id='word_1_516' title='bbox 444 3564 565 3641; x_wconf 82' lang='grc' dir='ltr'>γὰρ,</span> <span class='ocrx_word' id='word_1_517' title='bbox 622 3565 773 3642; x_wconf 75' lang='grc' dir='ltr'>φησὶ,</span> <span class='ocrx_word' id='word_1_518' title='bbox 853 3564 1027 3641; x_wconf 86' lang='grc' dir='ltr'>κύριος</span> <span class='ocrx_word' id='word_1_519' title='bbox 1090 3569 1181 3617; x_wconf 82' lang='grc' dir='ltr'><strong>τοῦ</strong></span> <span class='ocrx_word' id='word_1_520' title='bbox 1236 3559 1461 3638; x_wconf 76' lang='grc' dir='ltr'>ἀδελφοῦ</span> <span class='ocrx_word' id='word_1_521' title='bbox 1516 3583 1630 3619; x_wconf 92' lang='grc' dir='ltr'>σου.</span> <span class='ocrx_word' id='word_1_522' title='bbox 1692 3563 1752 3618; x_wconf 82' lang='grc' dir='ltr'><strong>Οἱ</strong></span> <span class='ocrx_word' id='word_1_523' title='bbox 1810 3562 1924 3618; x_wconf 84' lang='grc' dir='ltr'>τοί-</span> 
     </span>
    </p>
   </div>
   <div class='ocr_carea' id='block_1_73' title="bbox 2018 3559 3646 3645">
    <p class='ocr_par' dir='ltr' id='par_1_73' title="bbox 2018 3560 3646 3645">
     <span class='ocr_line' id='line_1_73' title="bbox 2018 3560 3646 3645; baseline 0.004 -24"><span class='ocrx_word' id='word_1_524' title='bbox 2018 3560 2083 3621; x_wconf 82' lang='lat' dir='ltr'><strong>sti</strong></span> <span class='ocrx_word' id='word_1_525' title='bbox 2103 3570 2330 3635; x_wconf 89' lang='lat' dir='ltr'><strong>sunt,et</strong></span> <span class='ocrx_word' id='word_1_526' title='bbox 2349 3580 2381 3622; x_wconf 92' lang='lat' dir='ltr'><strong>a</strong></span> <span class='ocrx_word' id='word_1_527' title='bbox 2402 3562 2643 3643; x_wconf 86' lang='lat' dir='ltr'><strong>propria</strong></span> <span class='ocrx_word' id='word_1_528' title='bbox 2670 3572 2854 3624; x_wconf 89' lang='lat' dir='ltr'><strong>matre</strong></span> <span class='ocrx_word' id='word_1_529' title='bbox 2878 3564 3180 3645; x_wconf 87' lang='lat' dir='ltr'><strong>principes</strong></span> <span class='ocrx_word' id='word_1_530' title='bbox 3204 3584 3387 3644; x_wconf 86' lang='lat' dir='ltr'><strong>super</strong></span> <span class='ocrx_word' id='word_1_531' title='bbox 3408 3584 3646 3628; x_wconf 91' lang='lat' dir='ltr'><strong>omnem</strong></span> 
     </span>
    </p>
   </div>
   <div class='ocr_carea' id='block_1_74' title="bbox 277 3648 1924 3728">
    <p class='ocr_par' dir='ltr' id='par_1_74' title="bbox 277 3648 1922 3728">
     <span class='ocr_line' id='line_1_74' title="bbox 277 3648 1922 3728; baseline -0.004 -21"><span class='ocrx_word' id='word_1_532' title='bbox 277 3675 372 3707; x_wconf 87' lang='grc' dir='ltr'>νυν</span> <span class='ocrx_word' id='word_1_533' title='bbox 427 3653 654 3727; x_wconf 80' lang='grc' dir='ltr'>ἰσότιμοι</span> <span class='ocrx_word' id='word_1_534' title='bbox 699 3664 816 3715; x_wconf 73' lang='grc' dir='ltr'>τοῖς</span> <span class='ocrx_word' id='word_1_535' title='bbox 875 3651 1101 3728; x_wconf 85' lang='grc' dir='ltr'>πατράσι</span> <span class='ocrx_word' id='word_1_536' title='bbox 1163 3650 1435 3727; x_wconf 89' lang='grc' dir='ltr'>γενόμενοι</span> <span class='ocrx_word' id='word_1_537' title='bbox 1494 3648 1637 3727; x_wconf 80' lang='grc'>(18),</span> <span class='ocrx_word' id='word_1_538' title='bbox 1685 3652 1773 3706; x_wconf 87' lang='grc' dir='ltr'>καὶ</span> <span class='ocrx_word' id='word_1_539' title='bbox 1824 3651 1922 3716; x_wconf 77' lang='grc' dir='ltr'><strong>τὴν</strong></span> 
     </span>
    </p>
   </div>
   <div class='ocr_carea' id='block_1_75' title="bbox 2018 3648 3649 3728">
    <p class='ocr_par' dir='ltr' id='par_1_75' title="bbox 2018 3651 3649 3717">
     <span class='ocr_line' id='line_1_75' title="bbox 2018 3651 3649 3717; baseline 0.004 -7"><span class='ocrx_word' id='word_1_540' title='bbox 2018 3656 2229 3711; x_wconf 74' lang='lat' dir='ltr'><strong>terram</strong></span> <span class='ocrx_word' id='word_1_541' title='bbox 2288 3652 2758 3715; x_wconf 87' lang='lat' dir='ltr'><strong>constituuntur.</strong></span> <span class='ocrx_word' id='word_1_542' title='bbox 2816 3651 3006 3714; x_wconf 84' lang='lat' dir='ltr'><strong>Velim</strong></span> <span class='ocrx_word' id='word_1_543' title='bbox 3056 3664 3251 3715; x_wconf 89' lang='lat' dir='ltr'><strong>autem</strong></span> <span class='ocrx_word' id='word_1_544' title='bbox 3301 3654 3649 3717; x_wconf 84' lang='lat' dir='ltr'><strong>consideres</strong></span> 
     </span>
    </p>
   </div>
   <div class='ocr_carea' id='block_1_76' title="bbox 277 3737 1924 3823">
    <p class='ocr_par' dir='ltr' id='par_1_76' title="bbox 277 3737 1919 3819">
     <span class='ocr_line' id='line_1_76' title="bbox 277 3737 1919 3819; baseline -0.004 -21"><span class='ocrx_word' id='word_1_545' title='bbox 277 3743 420 3798; x_wconf 80' lang='grc' dir='ltr'>κατὰ</span> <span class='ocrx_word' id='word_1_546' title='bbox 479 3742 689 3797; x_wconf 86' lang='grc' dir='ltr'>πάντων</span> <span class='ocrx_word' id='word_1_547' title='bbox 748 3742 1018 3819; x_wconf 78' lang='grc' dir='ltr'>ὑπεροχὴν</span> <span class='ocrx_word' id='word_1_548' title='bbox 1076 3738 1160 3796; x_wconf 76' lang='grc' dir='ltr'>διὰ</span> <span class='ocrx_word' id='word_1_549' title='bbox 1215 3740 1315 3806; x_wconf 74' lang='grc' dir='ltr'><strong>την</strong></span> <span class='ocrx_word' id='word_1_550' title='bbox 1342 3744 1439 3804; x_wconf 77' lang='grc' dir='ltr'>τῆς</span> <span class='ocrx_word' id='word_1_551' title='bbox 1469 3740 1659 3817; x_wconf 79' lang='grc' dir='ltr'>ἀρετῆς</span> <span class='ocrx_word' id='word_1_552' title='bbox 1692 3737 1919 3806; x_wconf 75' lang='grc' dir='ltr'>ἄσκησιν</span> 
     </span>
    </p>
   </div>
   <div class='ocr_carea' id='block_1_77' title="bbox 2018 3737 3649 3823">
    <p class='ocr_par' dir='ltr' id='par_1_77' title="bbox 2018 3740 3649 3823">
     <span class='ocr_line' id='line_1_77' title="bbox 2018 3740 3649 3823; baseline 0.004 -24"><span class='ocrx_word' id='word_1_553' title='bbox 2018 3747 2218 3818; x_wconf 61' lang='lat' dir='ltr'><strong>quanta</strong></span> <span class='ocrx_word' id='word_1_554' title='bbox 2238 3740 2314 3799; x_wconf 90' lang='lat' dir='ltr'><strong>sit</strong></span> <span class='ocrx_word' id='word_1_555' title='bbox 2346 3741 2568 3819; x_wconf 63' lang='lat' dir='ltr'><strong>regina;</strong></span> <span class='ocrx_word' id='word_1_556' title='bbox 2588 3742 2968 3821; x_wconf 85' lang='lat' dir='ltr'><strong>potestas,sic</strong></span> <span class='ocrx_word' id='word_1_557' title='bbox 2995 3755 3059 3802; x_wconf 82' lang='lat' dir='ltr'><strong>ut</strong></span> <span class='ocrx_word' id='word_1_558' title='bbox 3084 3753 3249 3804; x_wconf 91' lang='lat' dir='ltr'><strong>creet</strong></span> <span class='ocrx_word' id='word_1_559' title='bbox 3276 3762 3343 3805; x_wconf 84' lang='lat' dir='ltr'><strong>ac</strong></span> <span class='ocrx_word' id='word_1_560' title='bbox 3370 3746 3649 3823; x_wconf 67' lang='lat' dir='ltr'><strong>praeﬁciat</strong></span> 
     </span>
    </p>
   </div>
   <div class='ocr_carea' id='block_1_78' title="bbox 277 3827 1924 3910">
    <p class='ocr_par' dir='ltr' id='par_1_78' title="bbox 277 3828 1915 3910">
     <span class='ocr_line' id='line_1_78' title="bbox 277 3828 1915 3910; baseline -0.003 -22"><span class='ocrx_word' id='word_1_561' title='bbox 277 3828 697 3910; x_wconf 87' lang='grc' dir='ltr'>προσλαϐόντες,</span> <span class='ocrx_word' id='word_1_562' title='bbox 767 3832 855 3886; x_wconf 85' lang='grc' dir='ltr'><strong>καὶ</strong></span> <span class='ocrx_word' id='word_1_563' title='bbox 912 3831 1010 3885; x_wconf 68' lang='grc' dir='ltr'>υἱοὶ</span> <span class='ocrx_word' id='word_1_564' title='bbox 1086 3831 1185 3895; x_wconf 66' lang='grc' dir='ltr'>τῆς</span> <span class='ocrx_word' id='word_1_565' title='bbox 1260 3836 1482 3907; x_wconf 77' lang='grc' dir='ltr'>Χριστοῦ</span> <span class='ocrx_word' id='word_1_566' title='bbox 1531 3829 1736 3908; x_wconf 59' lang='grc' dir='ltr'>νύμφης</span> <span class='ocrx_word' id='word_1_567' title='bbox 1796 3830 1915 3909; x_wconf 74' lang='grc' dir='ltr'>εἰσὶ,</span> 
     </span>
    </p>
   </div>
   <div class='ocr_carea' id='block_1_79' title="bbox 2018 3827 3648 3910">
    <p class='ocr_par' dir='ltr' id='par_1_79' title="bbox 2018 3827 3648 3909">
     <span class='ocr_line' id='line_1_79' title="bbox 2018 3827 3648 3909; baseline 0.003 -22"><span class='ocrx_word' id='word_1_568' title='bbox 2018 3827 2303 3908; x_wconf 57' lang='lat' dir='ltr'><strong>principes</strong></span> <span class='ocrx_word' id='word_1_569' title='bbox 2329 3847 2510 3909; x_wconf 88' lang='lat' dir='ltr'><strong>super</strong></span> <span class='ocrx_word' id='word_1_570' title='bbox 2538 3849 2776 3890; x_wconf 89' lang='lat' dir='ltr'><strong>omnem</strong></span> <span class='ocrx_word' id='word_1_571' title='bbox 2815 3840 3060 3892; x_wconf 86' lang='lat' dir='ltr'><strong>terram.</strong></span> <span class='ocrx_word' id='word_1_572' title='bbox 3092 3834 3269 3895; x_wconf 73' lang='lat' dir='ltr'><strong>Vens.</strong></span> <span class='ocrx_word' id='word_1_573' title='bbox 3302 3834 3395 3895; x_wconf 89' lang='grc'><strong>18.</strong></span> <span class='ocrx_word' id='word_1_574' title='bbox 3428 3836 3648 3897; x_wconf 78' lang='lat' dir='ltr'><strong>Memor</strong></span> 
     </span>
    </p>
   </div>
   <div class='ocr_carea' id='block_1_80' title="bbox 276 3917 1924 4001">
    <p class='ocr_par' dir='ltr' id='par_1_80' title="bbox 276 3917 1918 3997">
     <span class='ocr_line' id='line_1_80' title="bbox 276 3917 1918 3997; baseline -0.004 -20"><span class='ocrx_word' id='word_1_575' title='bbox 276 3922 370 3978; x_wconf 87' lang='grc' dir='ltr'>καὶ</span> <span class='ocrx_word' id='word_1_576' title='bbox 430 3922 569 3997; x_wconf 77' lang='grc' dir='ltr'>παρὰ</span> <span class='ocrx_word' id='word_1_577' title='bbox 639 3924 737 3985; x_wconf 79' lang='grc' dir='ltr'>τῆς</span> <span class='ocrx_word' id='word_1_578' title='bbox 808 3917 937 3982; x_wconf 82' lang='grc' dir='ltr'>ἰδίας</span> <span class='ocrx_word' id='word_1_579' title='bbox 996 3920 1198 3996; x_wconf 80' lang='grc' dir='ltr'>μητρὸς</span> <span class='ocrx_word' id='word_1_580' title='bbox 1270 3918 1605 3973; x_wconf 76' lang='grc' dir='ltr'>καθίστανται</span> <span class='ocrx_word' id='word_1_581' title='bbox 1664 3917 1918 3995; x_wconf 74' lang='grc' dir='ltr'>ἄρχοντες</span> 
     </span>
    </p>
   </div>
   <div class='ocr_carea' id='block_1_81' title="bbox 2018 3917 3642 4001">
    <p class='ocr_par' dir='ltr' id='par_1_81' title="bbox 2018 3918 3642 4001">
     <span class='ocr_line' id='line_1_81' title="bbox 2018 3918 3642 4001; baseline 0.004 -26"><span class='ocrx_word' id='word_1_582' title='bbox 2018 3934 2098 3978; x_wconf 67' lang='lat' dir='ltr'><strong>iro</strong></span> <span class='ocrx_word' id='word_1_583' title='bbox 2118 3918 2381 3979; x_wconf 81' lang='lat' dir='ltr'><strong>nominis</strong></span> <span class='ocrx_word' id='word_1_584' title='bbox 2395 3920 2485 3980; x_wconf 85' lang='lat' dir='ltr'><strong>tui</strong></span> <span class='ocrx_word' id='word_1_585' title='bbox 2504 3919 2745 3981; x_wconf 86' lang='lat' dir='ltr'><strong>inomni</strong></span> <span class='ocrx_word' id='word_1_586' title='bbox 2754 3922 3145 3999; x_wconf 84' lang='lat' dir='ltr'><strong>generatione</strong></span> <span class='ocrx_word' id='word_1_587' title='bbox 3165 3931 3221 3984; x_wconf 91' lang='lat' dir='ltr'><strong>et</strong></span> <span class='ocrx_word' id='word_1_588' title='bbox 3240 3925 3642 4001; x_wconf 78' lang='lat' dir='ltr'><strong>generatione.</strong></span> 
     </span>
    </p>
   </div>
   <div class='ocr_carea' id='block_1_82' title="bbox 275 4004 1924 4087">
    <p class='ocr_par' dir='ltr' id='par_1_82' title="bbox 275 4004 1915 4087">
     <span class='ocr_line' id='line_1_82' title="bbox 275 4004 1915 4087; baseline -0.003 -21"><span class='ocrx_word' id='word_1_589' title='bbox 275 4011 367 4066; x_wconf 71' lang='grc' dir='ltr'><strong>ἐπὶ</strong></span> <span class='ocrx_word' id='word_1_590' title='bbox 398 4015 570 4065; x_wconf 78' lang='grc' dir='ltr'>πᾶσαν</span> <span class='ocrx_word' id='word_1_591' title='bbox 613 4010 709 4077; x_wconf 77' lang='grc' dir='ltr'><strong>τὴν</strong></span> <span class='ocrx_word' id='word_1_592' title='bbox 740 4014 864 4087; x_wconf 76' lang='grc' dir='ltr'>γῆν,</span> <span class='ocrx_word' id='word_1_593' title='bbox 900 4010 1096 4064; x_wconf 87' lang='grc' dir='ltr'>Σκόπει</span> <span class='ocrx_word' id='word_1_594' title='bbox 1126 4007 1180 4063; x_wconf 77' lang='grc' dir='ltr'><strong>δέ</strong></span> <span class='ocrx_word' id='word_1_595' title='bbox 1232 4029 1321 4081; x_wconf 88' lang='grc' dir='ltr'><strong>μοι</strong></span> <span class='ocrx_word' id='word_1_596' title='bbox 1380 4008 1476 4072; x_wconf 76' lang='grc' dir='ltr'>τὴν</span> <span class='ocrx_word' id='word_1_597' title='bbox 1532 4006 1761 4071; x_wconf 80' lang='grc' dir='ltr'>ἐξουσίαν</span> <span class='ocrx_word' id='word_1_598' title='bbox 1819 4004 1915 4073; x_wconf 81' lang='grc' dir='ltr'><strong>τῆς</strong></span> 
     </span>
    </p>
   </div>
   <div class='ocr_carea' id='block_1_83' title="bbox 2018 4004 3646 4087">
    <p class='ocr_par' dir='ltr' id='par_1_83' title="bbox 2018 4006 3646 4086">
     <span class='ocr_line' id='line_1_83' title="bbox 2018 4006 3646 4086; baseline 0.004 -21"><span class='ocrx_word' id='word_1_599' title='bbox 2018 4008 2335 4084; x_wconf 69' lang='lat' dir='ltr'><strong>F’rOpterea</strong></span> <span class='ocrx_word' id='word_1_600' title='bbox 2354 4006 2565 4086; x_wconf 76' lang='lat' dir='ltr'><strong>populi</strong></span> <span class='ocrx_word' id='word_1_601' title='bbox 2588 4008 3153 4086; x_wconf 82' lang='lat' dir='ltr'><strong>conﬁtebunturtibi</strong></span> <span class='ocrx_word' id='word_1_602' title='bbox 3192 4013 3255 4070; x_wconf 85' lang='lat' dir='ltr'><strong>in</strong></span> <span class='ocrx_word' id='word_1_603' title='bbox 3294 4010 3646 4073; x_wconf 75' lang='lat' dir='ltr'><strong>sceeulumet</strong></span> 
     </span>
    </p>
   </div>
   <div class='ocr_carea' id='block_1_84' title="bbox 274 4094 1924 4179">
    <p class='ocr_par' dir='ltr' id='par_1_84' title="bbox 274 4094 1913 4176">
     <span class='ocr_line' id='line_1_84' title="bbox 274 4094 1913 4176; baseline -0.003 -21"><span class='ocrx_word' id='word_1_604' title='bbox 274 4095 570 4176; x_wconf 83' lang='grc' dir='ltr'>βασιλίδος,</span> <span class='ocrx_word' id='word_1_605' title='bbox 621 4096 721 4164; x_wconf 81' lang='grc' dir='ltr'><strong>ὅση</strong></span> <span class='ocrx_word' id='word_1_606' title='bbox 776 4120 855 4162; x_wconf 88' lang='grc' dir='ltr'><strong>τις</strong></span> <span class='ocrx_word' id='word_1_607' title='bbox 906 4095 992 4154; x_wconf 80' lang='grc' dir='ltr'><strong>ἐπ’</strong></span> <span class='ocrx_word' id='word_1_608' title='bbox 1035 4101 1197 4164; x_wconf 72' lang='grc' dir='ltr'>αὐτῆς</span> <span class='ocrx_word' id='word_1_609' title='bbox 1232 4096 1343 4152; x_wconf 81' lang='grc' dir='ltr'>ἐστι</span> <span class='ocrx_word' id='word_1_610' title='bbox 1380 4114 1393 4130; x_wconf 80' lang='grc'><strong>⁸</strong></span> <span class='ocrx_word' id='word_1_611' title='bbox 1444 4107 1783 4174; x_wconf 81' lang='grc' dir='ltr'>χειροτονεῖν</span> <span class='ocrx_word' id='word_1_612' title='bbox 1814 4094 1913 4173; x_wconf 80' lang='grc' dir='ltr'>ἅρ-</span> 
     </span>
    </p>
   </div>
   <div class='ocr_carea' id='block_1_85' title="bbox 2018 4094 3643 4179">
    <p class='ocr_par' dir='ltr' id='par_1_85' title="bbox 2018 4094 3643 4179">
     <span class='ocr_line' id='line_1_85' title="bbox 2018 4094 3643 4179; baseline 0.003 -22"><span class='ocrx_word' id='word_1_613' title='bbox 2018 4100 2065 4157; x_wconf 85' lang='grc' dir='ltr'><strong>ἠ</strong></span> <span class='ocrx_word' id='word_1_614' title='bbox 2086 4094 2754 4160; x_wconf 69' lang='grc' dir='ltr'>,ςωοαιιιηιεωσιιίἰΡοει</span> <span class='ocrx_word' id='word_1_615' title='bbox 2775 4097 3257 4179; x_wconf 86' lang='lat' dir='ltr'><strong>omniatanquam</strong></span> <span class='ocrx_word' id='word_1_616' title='bbox 3276 4118 3344 4159; x_wconf 88' lang='lat' dir='ltr'><strong>ex</strong></span> <span class='ocrx_word' id='word_1_617' title='bbox 3364 4098 3643 4162; x_wconf 67' lang='lat' dir='ltr'><strong>Ecclesia:</strong></span> 
     </span>
    </p>
   </div>
   <div class='ocr_carea' id='block_1_86' title="bbox 275 4184 1924 4268">
    <p class='ocr_par' dir='ltr' id='par_1_86' title="bbox 275 4186 1913 4268">
     <span class='ocr_line' id='line_1_86' title="bbox 275 4186 1913 4268; baseline -0.002 -24"><span class='ocrx_word' id='word_1_618' title='bbox 275 4210 484 4268; x_wconf 79' lang='grc' dir='ltr'>χοντας</span> <span class='ocrx_word' id='word_1_619' title='bbox 542 4186 627 4243; x_wconf 73' lang='grc' dir='ltr'><strong>ἐπὶ</strong></span> <span class='ocrx_word' id='word_1_620' title='bbox 678 4194 849 4243; x_wconf 77' lang='grc' dir='ltr'>πᾶσαν</span> <span class='ocrx_word' id='word_1_621' title='bbox 883 4188 979 4254; x_wconf 72' lang='grc' dir='ltr'><strong>τὴν</strong></span> <span class='ocrx_word' id='word_1_622' title='bbox 1028 4190 1154 4265; x_wconf 66' lang='grc' dir='ltr'>γῆν,</span> <span class='ocrx_word' id='word_1_623' title='bbox 1217 4188 1601 4259; x_wconf 76' lang='grc' dir='ltr'>Μνησθήσομαι</span> <span class='ocrx_word' id='word_1_624' title='bbox 1667 4187 1758 4242; x_wconf 64' lang='grc' dir='ltr'><strong>τοῦ</strong></span> <span class='ocrx_word' id='word_1_625' title='bbox 1800 4187 1913 4242; x_wconf 88' lang='grc' dir='ltr'>όνό-</span> 
     </span>
    </p>
   </div>
   <div class='ocr_carea' id='block_1_87' title="bbox 2018 4184 3642 4268">
    <p class='ocr_par' dir='ltr' id='par_1_87' title="bbox 2018 4184 3642 4261">
     <span class='ocr_line' id='line_1_87' title="bbox 2018 4184 3642 4261; baseline 0.004 -16"><span class='ocrx_word' id='word_1_626' title='bbox 2018 4204 2251 4246; x_wconf 73' lang='lat' dir='ltr'><strong>iersona</strong></span> <span class='ocrx_word' id='word_1_627' title='bbox 2270 4184 2491 4247; x_wconf 84' lang='lat' dir='ltr'><strong>dictum</strong></span> <span class='ocrx_word' id='word_1_628' title='bbox 2513 4196 2601 4247; x_wconf 92' lang='lat' dir='ltr'><strong>est</strong></span> <span class='ocrx_word' id='word_1_629' title='bbox 2623 4184 3037 4261; x_wconf 81' lang='lat' dir='ltr'><strong>illud,Memor</strong></span> <span class='ocrx_word' id='word_1_630' title='bbox 3054 4205 3159 4249; x_wconf 87' lang='lat' dir='ltr'><strong>ero</strong></span> <span class='ocrx_word' id='word_1_631' title='bbox 3179 4191 3443 4251; x_wconf 77' lang='lat' dir='ltr'><strong>nominis</strong></span> <span class='ocrx_word' id='word_1_632' title='bbox 3469 4191 3561 4251; x_wconf 86' lang='lat' dir='ltr'><strong>tui</strong></span> <span class='ocrx_word' id='word_1_633' title='bbox 3576 4192 3642 4251; x_wconf 85' lang='lat' dir='ltr'><strong>in</strong></span> 
     </span>
    </p>
   </div>
   <div class='ocr_carea' id='block_1_88' title="bbox 272 4275 1924 4355">
    <p class='ocr_par' dir='ltr' id='par_1_88' title="bbox 272 4276 1913 4354">
     <span class='ocr_line' id='line_1_88' title="bbox 272 4276 1913 4354; baseline -0.002 -21"><span class='ocrx_word' id='word_1_634' title='bbox 272 4278 446 4354; x_wconf 84' lang='grc' dir='ltr'>ματός</span> <span class='ocrx_word' id='word_1_635' title='bbox 506 4299 600 4333; x_wconf 92' lang='grc' dir='ltr'>σου</span> <span class='ocrx_word' id='word_1_636' title='bbox 672 4276 725 4332; x_wconf 77' lang='grc' dir='ltr'>ἐν</span> <span class='ocrx_word' id='word_1_637' title='bbox 800 4278 946 4353; x_wconf 73' lang='grc' dir='ltr'>πάσῃ</span> <span class='ocrx_word' id='word_1_638' title='bbox 1021 4282 1175 4354; x_wconf 82' lang='grc' dir='ltr'>γενεᾷ</span> <span class='ocrx_word' id='word_1_639' title='bbox 1225 4278 1312 4332; x_wconf 84' lang='grc' dir='ltr'><strong>καὶ</strong></span> <span class='ocrx_word' id='word_1_640' title='bbox 1371 4280 1539 4353; x_wconf 81' lang='grc' dir='ltr'>γενεᾷ,</span> <span class='ocrx_word' id='word_1_641' title='bbox 1607 4276 1703 4330; x_wconf 76' lang='grc' dir='ltr'>Διὰ</span> <span class='ocrx_word' id='word_1_642' title='bbox 1760 4282 1913 4332; x_wconf 82' lang='grc' dir='ltr'>τοῦτο</span> 
     </span>
    </p>
   </div>
   <div class='ocr_carea' id='block_1_89' title="bbox 2018 4275 3647 4355">
    <p class='ocr_par' dir='ltr' id='par_1_89' title="bbox 2018 4275 3647 4355">
     <span class='ocr_line' id='line_1_89' title="bbox 2018 4275 3647 4355; baseline 0.003 -21"><span class='ocrx_word' id='word_1_643' title='bbox 2018 4276 2161 4337; x_wconf 74' lang='grc' dir='ltr'><strong>ιηιηὶ</strong></span> <span class='ocrx_word' id='word_1_644' title='bbox 2189 4278 2579 4355; x_wconf 83' lang='lat' dir='ltr'><strong>generatione</strong></span> <span class='ocrx_word' id='word_1_645' title='bbox 2609 4284 2663 4337; x_wconf 87' lang='lat' dir='ltr'><strong>et</strong></span> <span class='ocrx_word' id='word_1_646' title='bbox 2694 4282 3114 4354; x_wconf 79' lang='lat' dir='ltr'><strong>generatione.</strong></span> <span class='ocrx_word' id='word_1_647' title='bbox 3146 4275 3287 4348; x_wconf 63' lang='lat' dir='ltr'><strong>Quae</strong></span> <span class='ocrx_word' id='word_1_648' title='bbox 3317 4286 3518 4340; x_wconf 87' lang='lat' dir='ltr'><strong>autem</strong></span> <span class='ocrx_word' id='word_1_649' title='bbox 3554 4290 3647 4341; x_wconf 90' lang='lat' dir='ltr'><strong>est</strong></span> 
     </span>
    </p>
   </div>
   <div class='ocr_carea' id='block_1_90' title="bbox 272 4363 1924 4448">
    <p class='ocr_par' dir='ltr' id='par_1_90' title="bbox 272 4364 1907 4444">
     <span class='ocr_line' id='line_1_90' title="bbox 272 4364 1907 4444; baseline -0.002 -19"><span class='ocrx_word' id='word_1_650' title='bbox 272 4369 397 4425; x_wconf 86' lang='grc' dir='ltr'>λαοὶ</span> <span class='ocrx_word' id='word_1_651' title='bbox 456 4364 936 4444; x_wconf 74' lang='grc' dir='ltr'>ἐξομολογήσονταί</span> <span class='ocrx_word' id='word_1_652' title='bbox 1005 4389 1087 4423; x_wconf 83' lang='grc' dir='ltr'><strong>σοι</strong></span> <span class='ocrx_word' id='word_1_653' title='bbox 1160 4368 1232 4432; x_wconf 76' lang='grc' dir='ltr'><strong>εἰς</strong></span> <span class='ocrx_word' id='word_1_654' title='bbox 1302 4366 1392 4421; x_wconf 83' lang='grc' dir='ltr'>τὸν</span> <span class='ocrx_word' id='word_1_655' title='bbox 1453 4364 1618 4421; x_wconf 73' lang='grc' dir='ltr'>αἰῶνα</span> <span class='ocrx_word' id='word_1_656' title='bbox 1692 4366 1779 4421; x_wconf 85' lang='grc' dir='ltr'><strong>καὶ</strong></span> <span class='ocrx_word' id='word_1_657' title='bbox 1838 4368 1907 4429; x_wconf 87' lang='grc' dir='ltr'><strong>εὶς</strong></span> 
     </span>
    </p>
   </div>
   <div class='ocr_carea' id='block_1_91' title="bbox 2018 4363 3644 4448">
    <p class='ocr_par' dir='ltr' id='par_1_91' title="bbox 2018 4363 3644 4448">
     <span class='ocr_line' id='line_1_91' title="bbox 2018 4363 3644 4448; baseline 0.002 -23"><span class='ocrx_word' id='word_1_658' title='bbox 2018 4382 2123 4426; x_wconf 67' lang='lat' dir='ltr'><strong>haec</strong></span> <span class='ocrx_word' id='word_1_659' title='bbox 2159 4364 2445 4427; x_wconf 63' lang='lat' dir='ltr'><strong>Ecclesia:</strong></span> <span class='ocrx_word' id='word_1_660' title='bbox 2505 4364 2845 4426; x_wconf 80' lang='lat' dir='ltr'><strong>memoria?</strong></span> <span class='ocrx_word' id='word_1_661' title='bbox 2897 4363 3213 4427; x_wconf 76' lang='lat' dir='ltr'><strong>Confessio.</strong></span> <span class='ocrx_word' id='word_1_662' title='bbox 3261 4369 3644 4448; x_wconf 88' lang='lat' dir='ltr'><strong>populorum.</strong></span> 
     </span>
    </p>
   </div>
   <div class='ocr_carea' id='block_1_92' title="bbox 273 4453 3649 4534">
    <p class='ocr_par' dir='ltr' id='par_1_92' title="bbox 273 4453 3649 4534">
     <span class='ocr_line' id='line_1_92' title="bbox 273 4453 3649 4534; baseline 0 -20"><span class='ocrx_word' id='word_1_663' title='bbox 273 4460 373 4514; x_wconf 76' lang='grc' dir='ltr'><strong>τὸν</strong></span> <span class='ocrx_word' id='word_1_664' title='bbox 418 4458 582 4513; x_wconf 79' lang='grc' dir='ltr'>αἰῶνα</span> <span class='ocrx_word' id='word_1_665' title='bbox 637 4462 730 4511; x_wconf 80' lang='grc' dir='ltr'>τοῦ</span> <span class='ocrx_word' id='word_1_666' title='bbox 778 4457 988 4519; x_wconf 80' lang='grc' dir='ltr'>αἰῶνος.</span> <span class='ocrx_word' id='word_1_667' title='bbox 1034 4454 1152 4513; x_wconf 85' lang='grc' dir='ltr'><strong>Ἐπὶ</strong></span> <span class='ocrx_word' id='word_1_668' title='bbox 1213 4462 1373 4512; x_wconf 80' lang='grc' dir='ltr'>πᾶσιν</span> <span class='ocrx_word' id='word_1_669' title='bbox 1418 4456 1488 4515; x_wconf 81' lang='grc' dir='ltr'>ὡς</span> <span class='ocrx_word' id='word_1_670' title='bbox 1548 4454 1607 4509; x_wconf 78' lang='grc' dir='ltr'>ἐκ</span> <span class='ocrx_word' id='word_1_671' title='bbox 1666 4454 1948 4531; x_wconf 83' lang='grc' dir='ltr'>προσώπου</span> <span class='ocrx_word' id='word_1_672' title='bbox 1992 4456 2087 4522; x_wconf 78' lang='grc' dir='ltr'>τῆς</span> <span class='ocrx_word' id='word_1_673' title='bbox 2148 4455 2471 4521; x_wconf 75' lang='grc' dir='ltr'>Ἐκκλησίας</span> <span class='ocrx_word' id='word_1_674' title='bbox 2537 4458 2563 4510; x_wconf 80' lang='grc' dir='ltr'>ὁ</span> <span class='ocrx_word' id='word_1_675' title='bbox 2624 4456 2782 4532; x_wconf 84' lang='grc' dir='ltr'>λόγος</span> <span class='ocrx_word' id='word_1_676' title='bbox 2830 4453 3063 4533; x_wconf 77' lang='grc' dir='ltr'>εἴρηται,</span> <span class='ocrx_word' id='word_1_677' title='bbox 3122 4457 3202 4512; x_wconf 85' lang='grc' dir='ltr'><strong>ὅτι</strong></span> <span class='ocrx_word' id='word_1_678' title='bbox 3260 4457 3649 4534; x_wconf 73' lang='grc' dir='ltr'>Μνησθήσομαι</span> 
     </span>
    </p>
   </div>
   <div class='ocr_carea' id='block_1_93' title="bbox 270 4541 3646 4625">
    <p class='ocr_par' dir='ltr' id='par_1_93' title="bbox 270 4541 3646 4625">
     <span class='ocr_line' id='line_1_93' title="bbox 270 4541 3646 4625; baseline 0.001 -23"><span class='ocrx_word' id='word_1_679' title='bbox 270 4547 371 4603; x_wconf 77' lang='grc' dir='ltr'><strong>τοῦ</strong></span> <span class='ocrx_word' id='word_1_680' title='bbox 419 4546 678 4621; x_wconf 87' lang='grc' dir='ltr'>ὀνόματος</span> <span class='ocrx_word' id='word_1_681' title='bbox 716 4566 809 4601; x_wconf 89' lang='grc' dir='ltr'>σου</span> <span class='ocrx_word' id='word_1_682' title='bbox 851 4547 909 4602; x_wconf 62' lang='grc' dir='ltr'>ἂν</span> <span class='ocrx_word' id='word_1_683' title='bbox 935 4546 1083 4622; x_wconf 77' lang='grc' dir='ltr'>πάσῃ</span> <span class='ocrx_word' id='word_1_684' title='bbox 1113 4551 1270 4624; x_wconf 86' lang='grc' dir='ltr'>γενεᾷ</span> <span class='ocrx_word' id='word_1_685' title='bbox 1325 4544 1413 4599; x_wconf 84' lang='grc' dir='ltr'><strong>καὶ</strong></span> <span class='ocrx_word' id='word_1_686' title='bbox 1465 4549 1642 4619; x_wconf 80' lang='grc' dir='ltr'>γενεᾷ,</span> <span class='ocrx_word' id='word_1_687' title='bbox 1706 4546 1793 4606; x_wconf 86' lang='grc' dir='ltr'><strong>Τίς</strong></span> <span class='ocrx_word' id='word_1_688' title='bbox 1839 4541 1893 4600; x_wconf 77' lang='grc' dir='ltr'><strong>δέ</strong></span> <span class='ocrx_word' id='word_1_689' title='bbox 1950 4544 2091 4600; x_wconf 78' lang='grc' dir='ltr'>ἐστιν</span> <span class='ocrx_word' id='word_1_690' title='bbox 2121 4546 2153 4612; x_wconf 79' lang='grc' dir='ltr'>ἡ</span> <span class='ocrx_word' id='word_1_691' title='bbox 2211 4546 2307 4610; x_wconf 73' lang='grc' dir='ltr'>τῆς</span> <span class='ocrx_word' id='word_1_692' title='bbox 2364 4543 2685 4611; x_wconf 83' lang='grc' dir='ltr'>Ἐκκλησίας</span> <span class='ocrx_word' id='word_1_693' title='bbox 2716 4545 2905 4619; x_wconf 69' lang='grc' dir='ltr'>μνήμη</span> <span class='ocrx_word' id='word_1_694' title='bbox 2945 4564 2960 4623; x_wconf 79' lang='grc'><strong>;</strong></span> <span class='ocrx_word' id='word_1_695' title='bbox 2995 4545 3057 4600; x_wconf 85' lang='grc' dir='ltr'><em>Ἦ</em></span> <span class='ocrx_word' id='word_1_696' title='bbox 3094 4544 3479 4625; x_wconf 81' lang='grc' dir='ltr'>ἐξομολογησις</span> <span class='ocrx_word' id='word_1_697' title='bbox 3538 4555 3646 4603; x_wconf 81' lang='grc' dir='ltr'>τῶν</span> 
     </span>
    </p>
   </div>
   <div class='ocr_carea' id='block_1_94' title="bbox 270 4635 444 4697">
    <p class='ocr_par' dir='ltr' id='par_1_94' title="bbox 270 4635 444 4697">
     <span class='ocr_line' id='line_1_94' title="bbox 270 4635 444 4697; baseline 0.006 -6"><span class='ocrx_word' id='word_1_698' title='bbox 270 4635 421 4692; x_wconf 79' lang='grc' dir='ltr'>λαῶν</span> <span class='ocrx_word' id='word_1_699' title='bbox 430 4681 444 4697; x_wconf 93' lang='grc'><strong>.</strong></span> 
     </span>
    </p>
   </div>
   <div class='ocr_carea' id='block_1_95' title="bbox 358 4791 1924 4874">
    <p class='ocr_par' dir='ltr' id='par_1_95' title="bbox 358 4792 1896 4872">
     <span class='ocr_line' id='line_1_95' title="bbox 358 4792 1896 4872; baseline -0.005 -12"><span class='ocrx_word' id='word_1_700' title='bbox 358 4796 420 4846; x_wconf 74' lang='lat'><strong>85</strong></span> <span class='ocrx_word' id='word_1_701' title='bbox 452 4796 613 4859; x_wconf 89' lang='lat' dir='ltr'><strong>Psal.</strong></span> <span class='ocrx_word' id='word_1_702' title='bbox 646 4812 806 4872; x_wconf 70' lang='lat' dir='ltr'><strong>xxvn,</strong></span> <span class='ocrx_word' id='word_1_703' title='bbox 836 4797 895 4860; x_wconf 91' lang='grc'><strong>4.</strong></span> <span class='ocrx_word' id='word_1_704' title='bbox 983 4796 1047 4846; x_wconf 72' lang='grc' dir='ltr'>8ι</span> <span class='ocrx_word' id='word_1_705' title='bbox 1069 4792 1221 4857; x_wconf 90' lang='lat' dir='ltr'><strong>Psal.</strong></span> <span class='ocrx_word' id='word_1_706' title='bbox 1250 4792 1517 4871; x_wconf 45' lang='grc' dir='ltr'>ινιιιηὸ.</span> <span class='ocrx_word' id='word_1_707' title='bbox 1606 4792 1896 4855; x_wconf 78' lang='lat' dir='ltr'><strong>85Matth.</strong></span> 
     </span>
    </p>
   </div>
   <div class='ocr_carea' id='block_1_96' title="bbox 2018 4791 3489 4874">
    <p class='ocr_par' dir='ltr' id='par_1_96' title="bbox 2018 4791 3489 4874">
     <span class='ocr_line' id='line_1_96' title="bbox 2018 4791 3489 4874; baseline 0.003 -22"><span class='ocrx_word' id='word_1_708' title='bbox 2018 4812 2052 4874; x_wconf 72' lang='grc' dir='ltr'>ς,</span> <span class='ocrx_word' id='word_1_709' title='bbox 2083 4793 2184 4855; x_wconf 71' lang='grc'><strong>28.</strong></span> <span class='ocrx_word' id='word_1_710' title='bbox 2269 4791 2536 4857; x_wconf 70' lang='lat' dir='ltr'><strong>80.10am</strong></span> <span class='ocrx_word' id='word_1_711' title='bbox 2563 4810 2692 4873; x_wconf 82' lang='lat' dir='ltr'><strong>Vill,</strong></span> <span class='ocrx_word' id='word_1_712' title='bbox 2717 4793 2816 4856; x_wconf 88' lang='lat'><strong>39.</strong></span> <span class='ocrx_word' id='word_1_713' title='bbox 2899 4794 2962 4843; x_wconf 83' lang='lat'><strong>87</strong></span> <span class='ocrx_word' id='word_1_714' title='bbox 2993 4792 3143 4858; x_wconf 88' lang='lat' dir='ltr'><strong>Gen.</strong></span> <span class='ocrx_word' id='word_1_715' title='bbox 3180 4812 3354 4871; x_wconf 80' lang='lat' dir='ltr'><strong>xxvn,</strong></span> <span class='ocrx_word' id='word_1_716' title='bbox 3391 4796 3489 4859; x_wconf 77' lang='lat'><strong>29.</strong></span> 
     </span>
    </p>
   </div>
   <div class='ocr_carea' id='block_1_97' title="bbox 1998 4961 3641 5042">
    <p class='ocr_par' dir='ltr' id='par_1_97' title="bbox 1998 4961 3641 5042">
     <span class='ocr_line' id='line_1_97' title="bbox 1998 4961 3641 5042; baseline -0.001 -20"><span class='ocrx_word' id='word_1_717' title='bbox 1998 4963 2057 5023; x_wconf 93' lang='lat' dir='ltr'><strong>in</strong></span> <span class='ocrx_word' id='word_1_718' title='bbox 2090 4962 2355 5025; x_wconf 89' lang='lat' dir='ltr'><strong>editione</strong></span> <span class='ocrx_word' id='word_1_719' title='bbox 2384 4961 2569 5025; x_wconf 88' lang='lat' dir='ltr'><strong>Paris.</strong></span> <span class='ocrx_word' id='word_1_720' title='bbox 2596 4962 2826 5026; x_wconf 89' lang='lat' dir='ltr'><strong>Ibidem</strong></span> <span class='ocrx_word' id='word_1_721' title='bbox 2858 4962 3004 5042; x_wconf 79' lang='lat' dir='ltr'><strong>Reg.</strong></span> <span class='ocrx_word' id='word_1_722' title='bbox 3058 4963 3357 5026; x_wconf 88' lang='lat' dir='ltr'><strong>secundus</strong></span> <span class='ocrx_word' id='word_1_723' title='bbox 3394 4989 3477 5022; x_wconf 76' lang='grc' dir='ltr'>τον</span> <span class='ocrx_word' id='word_1_724' title='bbox 3523 4968 3641 5022; x_wconf 73' lang='grc' dir='ltr'>νυὸν</span> 
     </span>
    </p>
   </div>
   <div class='ocr_carea' id='block_1_98' title="bbox 1999 5044 2474 5122">
    <p class='ocr_par' dir='ltr' id='par_1_98' title="bbox 1999 5044 2474 5122">
     <span class='ocr_line' id='line_1_98' title="bbox 1999 5044 2474 5122; baseline 0.008 -23"><span class='ocrx_word' id='word_1_725' title='bbox 1999 5047 2089 5100; x_wconf 83' lang='grc' dir='ltr'>τὸν</span> <span class='ocrx_word' id='word_1_726' title='bbox 2116 5044 2267 5122; x_wconf 73' lang='grc' dir='ltr'>ἅγιον</span> <span class='ocrx_word' id='word_1_727' title='bbox 2300 5045 2474 5103; x_wconf 68' lang='grc' dir='ltr'>αυτοῦ.</span> 
     </span>
    </p>
   </div>
   <div class='ocr_carea' id='block_1_99' title="bbox 2080 5123 3412 5207">
    <p class='ocr_par' dir='ltr' id='par_1_99' title="bbox 2080 5123 3412 5207">
     <span class='ocr_line' id='line_1_99' title="bbox 2080 5123 3412 5207; baseline 0.002 -21"><span class='ocrx_word' id='word_1_728' title='bbox 2080 5125 2210 5207; x_wconf 74' lang='grc'><strong>(15)</strong></span> <span class='ocrx_word' id='word_1_729' title='bbox 2243 5124 2491 5207; x_wconf 71' lang='lat' dir='ltr'><strong>godices</strong></span> <span class='ocrx_word' id='word_1_730' title='bbox 2527 5132 2647 5185; x_wconf 90' lang='lat' dir='ltr'><strong>tres</strong></span> <span class='ocrx_word' id='word_1_731' title='bbox 2680 5124 3029 5207; x_wconf 54' lang='grc' dir='ltr'>ἐγενήθχιςᾳν,</span> <span class='ocrx_word' id='word_1_732' title='bbox 3064 5123 3215 5202; x_wconf 82' lang='lat' dir='ltr'><strong>facti</strong></span> <span class='ocrx_word' id='word_1_733' title='bbox 3244 5134 3412 5189; x_wconf 78' lang='lat' dir='ltr'><strong>sunt.</strong></span> 
     </span>
    </p>
   </div>
   <div class='ocr_carea' id='block_1_100' title="bbox 2082 5201 3495 5284">
    <p class='ocr_par' dir='ltr' id='par_1_100' title="bbox 2082 5201 3495 5284">
     <span class='ocr_line' id='line_1_100' title="bbox 2082 5201 3495 5284; baseline 0.005 -21"><span class='ocrx_word' id='word_1_734' title='bbox 2082 5201 2205 5284; x_wconf 77' lang='lat'><strong>(16)</strong></span> <span class='ocrx_word' id='word_1_735' title='bbox 2237 5201 2335 5268; x_wconf 90' lang='lat' dir='ltr'><strong>Sic</strong></span> <span class='ocrx_word' id='word_1_736' title='bbox 2369 5224 2511 5266; x_wconf 92' lang='lat' dir='ltr'><strong>mss.</strong></span> <span class='ocrx_word' id='word_1_737' title='bbox 2543 5210 2827 5283; x_wconf 89' lang='lat' dir='ltr'><strong>quinque.</strong></span> <span class='ocrx_word' id='word_1_738' title='bbox 2857 5203 3017 5265; x_wconf 88' lang='lat' dir='ltr'><strong>Editi</strong></span> <span class='ocrx_word' id='word_1_739' title='bbox 3042 5201 3113 5268; x_wconf 79' lang='grc' dir='ltr'>ὡς</span> <span class='ocrx_word' id='word_1_740' title='bbox 3146 5212 3495 5275; x_wconf 64' lang='grc' dir='ltr'>καταστῆναι.</span> 
     </span>
    </p>
   </div>
   <div class='ocr_carea' id='block_1_101' title="bbox 2082 5284 3637 5364">
    <p class='ocr_par' dir='ltr' id='par_1_101' title="bbox 2082 5284 3637 5364">
     <span class='ocr_line' id='line_1_101' title="bbox 2082 5284 3637 5364; baseline 0.001 -18"><span class='ocrx_word' id='word_1_741' title='bbox 2082 5287 2204 5363; x_wconf 76' lang='grc'><strong>(17,</strong></span> <span class='ocrx_word' id='word_1_742' title='bbox 2240 5285 2339 5347; x_wconf 90' lang='lat' dir='ltr'><strong>Sic</strong></span> <span class='ocrx_word' id='word_1_743' title='bbox 2363 5285 2530 5362; x_wconf 69' lang='grc' dir='ltr'><strong>Βρίξιί</strong></span> <span class='ocrx_word' id='word_1_744' title='bbox 2563 5284 2885 5358; x_wconf 86' lang='lat' dir='ltr'><strong>secundus,</strong></span> <span class='ocrx_word' id='word_1_745' title='bbox 2914 5286 3123 5346; x_wconf 85' lang='lat' dir='ltr'><strong>tertius</strong></span> <span class='ocrx_word' id='word_1_746' title='bbox 3145 5294 3202 5345; x_wconf 89' lang='lat' dir='ltr'><strong>et</strong></span> <span class='ocrx_word' id='word_1_747' title='bbox 3224 5296 3469 5364; x_wconf 86' lang='lat' dir='ltr'><strong>quartus</strong></span> <span class='ocrx_word' id='word_1_748' title='bbox 3499 5306 3637 5348; x_wconf 86' lang='lat' dir='ltr'><strong>cum</strong></span> 
     </span>
    </p>
   </div>
   <div class='ocr_carea' id='block_1_102' title="bbox 2001 5364 3534 5445">
    <p class='ocr_par' dir='ltr' id='par_1_102' title="bbox 2001 5364 3534 5445">
     <span class='ocr_line' id='line_1_102' title="bbox 2001 5364 3534 5445; baseline -0.003 -17"><span class='ocrx_word' id='word_1_749' title='bbox 2001 5364 2362 5428; x_wconf 86' lang='lat' dir='ltr'><strong>Colbertinis</strong></span> <span class='ocrx_word' id='word_1_750' title='bbox 2386 5366 2575 5444; x_wconf 87' lang='lat' dir='ltr'><strong>primo</strong></span> <span class='ocrx_word' id='word_1_751' title='bbox 2606 5374 2662 5425; x_wconf 88' lang='lat' dir='ltr'><strong>et</strong></span> <span class='ocrx_word' id='word_1_752' title='bbox 2686 5372 2873 5425; x_wconf 82' lang='lat' dir='ltr'><strong>sexto.</strong></span> <span class='ocrx_word' id='word_1_753' title='bbox 2908 5365 3068 5426; x_wconf 87' lang='lat' dir='ltr'><strong>Editi</strong></span> <span class='ocrx_word' id='word_1_754' title='bbox 3094 5370 3534 5445; x_wconf 66' lang='grc' dir='ltr'>χρηματίζουσιν.</span> 
     </span>
    </p>
   </div>
   <div class='ocr_carea' id='block_1_103' title="bbox 2086 5446 3385 5526">
    <p class='ocr_par' dir='ltr' id='par_1_103' title="bbox 2086 5446 3385 5526">
     <span class='ocr_line' id='line_1_103' title="bbox 2086 5446 3385 5526; baseline -0.003 -20"><span class='ocrx_word' id='word_1_755' title='bbox 2086 5448 2203 5526; x_wconf 83' lang='grc'><strong>(18)</strong></span> <span class='ocrx_word' id='word_1_756' title='bbox 2236 5446 2334 5508; x_wconf 89' lang='lat' dir='ltr'><strong>Sic</strong></span> <span class='ocrx_word' id='word_1_757' title='bbox 2367 5454 2617 5525; x_wconf 88' lang='lat' dir='ltr'><strong>quatuor</strong></span> <span class='ocrx_word' id='word_1_758' title='bbox 2650 5462 2789 5505; x_wconf 91' lang='lat' dir='ltr'><strong>mss.</strong></span> <span class='ocrx_word' id='word_1_759' title='bbox 2822 5446 2895 5507; x_wconf 83' lang='lat' dir='ltr'><strong>At</strong></span> <span class='ocrx_word' id='word_1_760' title='bbox 2922 5446 3061 5507; x_wconf 86' lang='lat' dir='ltr'><strong>editi</strong></span> <span class='ocrx_word' id='word_1_761' title='bbox 3094 5448 3385 5523; x_wconf 74' lang='grc' dir='ltr'>γινόμενοι,</span> 
     </span>
    </p>
   </div>
   <div class='ocr_carea' id='block_1_104' title="bbox 367 4962 1913 5047">
    <p class='ocr_par' dir='ltr' id='par_1_104' title="bbox 367 4962 1913 5047">
     <span class='ocr_line' id='line_1_104' title="bbox 367 4962 1913 5047; baseline -0.001 -21"><span class='ocrx_word' id='word_1_762' title='bbox 367 4966 484 5042; x_wconf 76' lang='lat' dir='ltr'><strong>(i3)</strong></span> <span class='ocrx_word' id='word_1_763' title='bbox 514 4966 621 5047; x_wconf 78' lang='lat' dir='ltr'><strong>Vir</strong></span> <span class='ocrx_word' id='word_1_764' title='bbox 637 4965 879 5047; x_wconf 89' lang='lat' dir='ltr'><strong>quidem</strong></span> <span class='ocrx_word' id='word_1_765' title='bbox 902 4965 1308 5038; x_wconf 88' lang='lat' dir='ltr'><strong>doctissimus,</strong></span> <span class='ocrx_word' id='word_1_766' title='bbox 1344 4971 1490 5025; x_wconf 85' lang='lat' dir='ltr'><strong>teste</strong></span> <span class='ocrx_word' id='word_1_767' title='bbox 1517 4962 1913 5047; x_wconf 73' lang='lat' dir='ltr'><strong>Ducteo,cou-</strong></span> 
     </span>
    </p>
   </div>
   <div class='ocr_carea' id='block_1_105' title="bbox 268 5044 1915 5126">
    <p class='ocr_par' dir='ltr' id='par_1_105' title="bbox 268 5044 1915 5126">
     <span class='ocr_line' id='line_1_105' title="bbox 268 5044 1915 5126; baseline -0.002 -18"><span class='ocrx_word' id='word_1_768' title='bbox 268 5048 505 5126; x_wconf 89' lang='lat' dir='ltr'><strong>jecerat</strong></span> <span class='ocrx_word' id='word_1_769' title='bbox 528 5046 607 5107; x_wconf 88' lang='lat' dir='ltr'><strong>ita</strong></span> <span class='ocrx_word' id='word_1_770' title='bbox 637 5044 1076 5108; x_wconf 82' lang='lat' dir='ltr'><strong>emendandum</strong></span> <span class='ocrx_word' id='word_1_771' title='bbox 1111 5048 1359 5125; x_wconf 75' lang='lat' dir='ltr'><strong>eSse,‘eni</strong></span> <span class='ocrx_word' id='word_1_772' title='bbox 1393 5044 1915 5126; x_wconf 36' lang='grc' dir='ltr'>τὸ-τοιοῦτο-κατόρ-</span> 
     </span>
    </p>
   </div>
   <div class='ocr_carea' id='block_1_106' title="bbox 273 5123 1913 5207">
    <p class='ocr_par' dir='ltr' id='par_1_106' title="bbox 273 5123 1913 5207">
     <span class='ocr_line' id='line_1_106' title="bbox 273 5123 1913 5207; baseline -0.001 -22"><span class='ocrx_word' id='word_1_773' title='bbox 273 5123 433 5201; x_wconf 71' lang='grc' dir='ltr'>θῶμα</span> <span class='ocrx_word' id='word_1_774' title='bbox 460 5135 730 5207; x_wconf 72' lang='grc' dir='ltr'>χωροῦσαι</span> <span class='ocrx_word' id='word_1_775' title='bbox 757 5146 771 5160; x_wconf 89' lang='grc'><strong>·</strong></span> <span class='ocrx_word' id='word_1_776' title='bbox 808 5128 911 5188; x_wconf 91' lang='lat' dir='ltr'><strong>sed</strong></span> <span class='ocrx_word' id='word_1_777' title='bbox 944 5129 1195 5189; x_wconf 74' lang='lat' dir='ltr'><strong>Duczeus</strong></span> <span class='ocrx_word' id='word_1_778' title='bbox 1232 5123 1362 5206; x_wconf 81' lang='lat' dir='ltr'><strong>ipse</strong></span> <span class='ocrx_word' id='word_1_779' title='bbox 1385 5124 1678 5195; x_wconf 76' lang='lat' dir='ltr'><strong>vulgatam</strong></span> <span class='ocrx_word' id='word_1_780' title='bbox 1703 5123 1913 5207; x_wconf 87' lang='lat' dir='ltr'><strong>lectio-</strong></span> 
     </span>
    </p>
   </div>
   <div class='ocr_carea' id='block_1_107' title="bbox 275 5196 1916 5288">
    <p class='ocr_par' dir='ltr' id='par_1_107' title="bbox 275 5196 1916 5288">
     <span class='ocr_line' id='line_1_107' title="bbox 275 5196 1916 5288; baseline 0 -24"><span class='ocrx_word' id='word_1_781' title='bbox 275 5196 561 5288; x_wconf 66' lang='grc' dir='ltr'>ηέἰῐι,’ἕπί</span> <span class='ocrx_word' id='word_1_782' title='bbox 592 5213 667 5279; x_wconf 83' lang='grc' dir='ltr'><strong>τῷ</strong></span> <span class='ocrx_word' id='word_1_783' title='bbox 723 5210 943 5288; x_wconf 87' lang='grc' dir='ltr'>τοιούτῳ</span> <span class='ocrx_word' id='word_1_784' title='bbox 987 5196 1354 5288; x_wconf 57' lang='grc' dir='ltr'>κατορθώματι</span> <span class='ocrx_word' id='word_1_785' title='bbox 1387 5207 1718 5288; x_wconf 78' lang='grc' dir='ltr'>χαίρουσαι,,</span> <span class='ocrx_word' id='word_1_786' title='bbox 1768 5205 1916 5288; x_wconf 84' lang='lat' dir='ltr'><strong>reti-</strong></span> 
     </span>
    </p>
   </div>
   <div class='ocr_carea' id='block_1_108' title="bbox 276 5285 1916 5367">
    <p class='ocr_par' dir='ltr' id='par_1_108' title="bbox 276 5285 1916 5367">
     <span class='ocr_line' id='line_1_108' title="bbox 276 5285 1916 5367; baseline -0.003 -17"><span class='ocrx_word' id='word_1_787' title='bbox 276 5285 540 5350; x_wconf 82' lang='lat' dir='ltr'><strong>nendam</strong></span> <span class='ocrx_word' id='word_1_788' title='bbox 565 5287 817 5361; x_wconf 91' lang='lat' dir='ltr'><strong>censuit,</strong></span> <span class='ocrx_word' id='word_1_789' title='bbox 852 5290 924 5348; x_wconf 90' lang='lat' dir='ltr'><strong>ad</strong></span> <span class='ocrx_word' id='word_1_790' title='bbox 948 5285 1130 5367; x_wconf 85' lang='lat' dir='ltr'><strong>idque</strong></span> <span class='ocrx_word' id='word_1_791' title='bbox 1169 5285 1533 5367; x_wconf 75' lang='lat' dir='ltr'><strong>probandum</strong></span> <span class='ocrx_word' id='word_1_792' title='bbox 1578 5285 1916 5345; x_wconf 88' lang='lat' dir='ltr'><strong>testimonio</strong></span> 
     </span>
    </p>
   </div>
   <div class='ocr_carea' id='block_1_109' title="bbox 274 5365 1912 5445">
    <p class='ocr_par' dir='ltr' id='par_1_109' title="bbox 274 5365 1912 5445">
     <span class='ocr_line' id='line_1_109' title="bbox 274 5365 1912 5445; baseline -0.004 -14"><span class='ocrx_word' id='word_1_793' title='bbox 274 5369 505 5431; x_wconf 90' lang='lat' dir='ltr'><strong>codicis</strong></span> <span class='ocrx_word' id='word_1_794' title='bbox 539 5367 840 5431; x_wconf 89' lang='lat' dir='ltr'><strong>Oliv.usus</strong></span> <span class='ocrx_word' id='word_1_795' title='bbox 864 5378 972 5429; x_wconf 89' lang='lat' dir='ltr'><strong>est:</strong></span> <span class='ocrx_word' id='word_1_796' title='bbox 996 5365 1093 5429; x_wconf 76' lang='lat' dir='ltr'><strong>cui</strong></span> <span class='ocrx_word' id='word_1_797' title='bbox 1116 5365 1309 5429; x_wconf 80' lang='lat' dir='ltr'><strong>cedici</strong></span> <span class='ocrx_word' id='word_1_798' title='bbox 1332 5366 1469 5426; x_wconf 86' lang='lat' dir='ltr'><strong>addi</strong></span> <span class='ocrx_word' id='word_1_799' title='bbox 1496 5374 1743 5445; x_wconf 89' lang='lat' dir='ltr'><strong>possunt</strong></span> <span class='ocrx_word' id='word_1_800' title='bbox 1767 5366 1912 5443; x_wconf 82' lang='lat' dir='ltr'><strong>Reg.</strong></span> 
     </span>
    </p>
   </div>
   <div class='ocr_carea' id='block_1_110' title="bbox 273 5446 1510 5531">
    <p class='ocr_par' dir='ltr' id='par_1_110' title="bbox 273 5446 1510 5531">
     <span class='ocr_line' id='line_1_110' title="bbox 273 5446 1510 5531; baseline -0.003 -21"><span class='ocrx_word' id='word_1_801' title='bbox 273 5459 545 5531; x_wconf 63' lang='lat' dir='ltr'><strong>quartus,</strong></span> <span class='ocrx_word' id='word_1_802' title='bbox 582 5448 749 5513; x_wconf 89' lang='lat' dir='ltr'><strong>Colb.</strong></span> <span class='ocrx_word' id='word_1_803' title='bbox 786 5458 1062 5531; x_wconf 80' lang='lat' dir='ltr'><strong>sextuset</strong></span> <span class='ocrx_word' id='word_1_804' title='bbox 1089 5448 1187 5509; x_wconf 89' lang='lat' dir='ltr'><strong>alii</strong></span> <span class='ocrx_word' id='word_1_805' title='bbox 1220 5446 1510 5531; x_wconf 84' lang='lat' dir='ltr'><strong>nonnulli.</strong></span> 
     </span>
    </p>
   </div>
   <div class='ocr_carea' id='block_1_111' title="bbox 363 5528 1916 5610">
    <p class='ocr_par' dir='ltr' id='par_1_111' title="bbox 363 5528 1916 5610">
     <span class='ocr_line' id='line_1_111' title="bbox 363 5528 1916 5610; baseline -0.004 -20"><span class='ocrx_word' id='word_1_806' title='bbox 363 5530 485 5610; x_wconf 77' lang='grc'><strong>(14)</strong></span> <span class='ocrx_word' id='word_1_807' title='bbox 513 5529 608 5593; x_wconf 90' lang='lat' dir='ltr'><strong>Sic</strong></span> <span class='ocrx_word' id='word_1_808' title='bbox 641 5532 823 5593; x_wconf 89' lang='lat' dir='ltr'><strong>editio</strong></span> <span class='ocrx_word' id='word_1_809' title='bbox 848 5529 1029 5594; x_wconf 82' lang='lat' dir='ltr'><strong>Basil.</strong></span> <span class='ocrx_word' id='word_1_810' title='bbox 1064 5542 1122 5590; x_wconf 86' lang='lat' dir='ltr'><strong>et</strong></span> <span class='ocrx_word' id='word_1_811' title='bbox 1158 5547 1300 5590; x_wconf 88' lang='lat' dir='ltr'><strong>mss.</strong></span> <span class='ocrx_word' id='word_1_812' title='bbox 1328 5528 1612 5608; x_wconf 89' lang='lat' dir='ltr'><strong>quinque.</strong></span> <span class='ocrx_word' id='word_1_813' title='bbox 1644 5528 1822 5589; x_wconf 89' lang='lat' dir='ltr'><strong>Deest</strong></span> <span class='ocrx_word' id='word_1_814' title='bbox 1851 5550 1916 5602; x_wconf 87' lang='grc' dir='ltr'><strong>με</strong></span> 
     </span>
    </p>
   </div>
  </div>
