4108 6220
568 244 689 307 415

1914 254 1971 315 S.
2020 248 2301 316 BASILII
2350 254 2602 317 MAGNI

3786 262 3874 329 416

578 434 3854 460 W

973 555 1109 617 170
1138 553 1212 615 IN
1244 551 1600 616 PSALMUM
1632 547 1810 615 XLV:

575 686 643 747 In
674 688 853 767 ﬁnem
883 704 991 764 pro
1018 686 1167 763 ﬁliis
1198 683 1350 745 Core
1388 700 1400 744 :
1452 700 1561 763 pro
1623 681 1871 744 arcanis
1916 679 2211 760 psalmus.

650 824 707 884 l.
742 820 1121 900 Prophetiam
1157 818 1231 879 de
1261 818 1444 881 rebus
1495 835 1627 898 quae
1664 817 1721 876 in
1770 818 1883 877 line
1917 826 2213 879 eventura?

566 910 1041 980 sunt,continere
1058 907 1201 969 mihi
1225 907 1457 969 videtur
1480 905 1572 968 hic
1601 906 1888 984 psalmus.
1922 908 2105 979 Quem
2140 906 2211 966 fi-

568 1018 703 1060 nem
726 998 973 1060 intuitus
996 999 1170 1059 etiam
1200 995 1617 1074 Paulus,dicit:
1650 995 1880 1056 Deinde
1905 996 2211 1074 ﬁnis,cum

568 1088 889 1150 tradiderit
920 1104 1180 1165 regnum
1214 1085 1329 1146 Deo
1363 1092 1421 1147 et
1442 1083 1619 1145 Patri
1644 1085 1729 1147 88.
1772 1086 1886 1145 Aut
1930 1090 2211 1163 quoniam

567 1179 831 1240 actiones
855 1185 1072 1237 nostrae
1092 1175 1396 1235 deducunt
1432 1191 1537 1232 nos
1586 1174 1659 1233 ad
1694 1174 1897 1246 finem,
1928 1190 2213 1253 unaque.-

569 1287 683 1346 que
704 1266 777 1328 ad
803 1265 1105 1346 proprium
1125 1263 1237 1323 sibi
1260 1263 1369 1343 ipsi
1399 1279 1413 1334 ;
1435 1260 1659 1322 idcirco
1682 1261 1835 1322 bona
1866 1260 2107 1342 quidem
2142 1263 2211 1323 ad

566 1355 1186 1435 beatitudinem,mala
1199 1371 1336 1413 vero
1352 1352 1421 1412 ad
1440 1358 1722 1411 aeternam
1743 1351 2209 1413 damnationem:

568 1446 923 1526 etquoniam
972 1444 1218 1505 consilia
1270 1460 1299 1502 a
1335 1439 1556 1520 Spiritu
1590 1442 1647 1499 in
1684 1441 1797 1501 hoc
1832 1441 2055 1519 psalmo
2091 1451 2211 1500 tra-

570 1532 1284 1612 dita,obtemperantesad
1310 1530 1528 1588 bonum
1554 1530 1729 1589 ﬁnem
1755 1530 2080 1597 deducunt;
2108 1531 2213 1590 hac

572 1625 647 1686 de
670 1642 845 1685 causa
877 1621 1204 1699 inscriptus
1229 1627 1339 1695 est,
1374 1618 1441 1679 In
1468 1618 1838 1696 ﬁnem,quod
1875 1618 2005 1695 ejus
2027 1618 2212 1678 docu-

573 1722 767 1776 menta
794 1713 865 1774 ad
900 1713 1136 1773 beatum
1161 1711 1434 1768 humana:
1457 1708 1593 1767 vitze
1637 1707 1814 1767 ﬁnem
1849 1708 2208 1769 referantur.

570 1804 697 1865 Pro
713 1804 859 1882 ﬁliis
883 1801 1048 1863 Core.
1083 1799 1264 1859 Filius
1281 1802 1478 1859 autem
1503 1795 1653 1857 Core
1682 1796 1881 1858 dictus
1915 1805 2084 1857 estet
2117 1798 2213 1857 hic

571 1892 855 1974 psalmus,
890 1906 1039 1970 quos
1096 1887 1357 1966 Spiritus
1388 1894 1634 1946 sanctus
1664 1886 1797 1946 ideo
1828 1905 1945 1945 non
1978 1885 2209 1965 dividit,

568 1980 728 2062 quod
754 1980 907 2041 velut
926 1997 1041 2039 una
1064 1977 1262 2037 anima
1292 1984 1350 2035 et
1386 1993 1503 2035 una
1527 1993 1667 2035 voce
1694 1994 1828 2036 cum
1863 1975 2026 2036 omni
2060 1975 2215 2035 inter

570 2090 633 2132 se
654 2067 976 2131 concordia
1006 2082 1316 2127 sermones
1349 2063 1731 2143 propheticos
1757 2065 2213 2140 emiserunt,ni-

570 2160 651 2221 hil
667 2158 986 2239 quidquam
1005 2155 1120 2215 alio
1138 2163 1348 2233 praater
1367 2152 1517 2212 alios
1537 2153 1915 2233 vaticinante,
1951 2154 2054 2215 sed
2082 2174 2214 2234 pro-

572 2248 807 2330 phetico
832 2246 988 2307 dono
1015 2242 1321 2323 aequaliter
1350 2242 1438 2303 eis
1470 2260 1782 2317 concesso,
1815 2246 1889 2303 ob
1923 2247 2211 2321 mqnalem

568 2329 834 2418 ipsorum
862 2335 1019 2395 inter
1045 2350 1109 2393 se
1142 2330 1203 2391 in
1236 2329 1393 2391 bona
1440 2331 1745 2393 affectum.
1774 2330 2062 2392 Caeterum
2099 2335 2213 2394 Pro

571 2428 815 2490 arcanis
838 2425 1034 2486 dictus
1064 2429 1154 2481 est
1182 2420 1485 2500 psalmus;
1544 2419 1602 2480 id
1658 2430 1770 2500 est,
1805 2439 1909 2500 pro
1941 2422 2212 2501 occultis,

572 2532 629 2584 et
658 2517 984 2583 reconditis
1015 2516 1071 2575 in
1098 2513 1397 2594 mysterio.
1425 2516 1741 2593 Postquam
1775 2523 1969 2575 autem
2006 2516 2216 2594 singu-

571 2612 661 2674 las
693 2609 870 2688 hujus
903 2603 1111 2685 psalmi
1167 2602 1492 2664 sententias
1546 2602 1836 2680 attigeris,
1897 2605 2216 2665 verborum

574 2717 789 2763 arcana
816 2694 1113 2757 docebere
1141 2714 1156 2765 ;
1191 2711 1258 2753 ac
1283 2692 1480 2753 disces
1521 2710 1637 2752 non
1654 2693 1916 2771 cujusvis
1934 2711 2064 2753 esse
2089 2713 2218 2773 my-

576 2787 759 2851 steria
789 2785 982 2847 divina
1001 2782 1415 2860 contemplari,
1452 2782 1555 2842 sed
1589 2785 1716 2858 ejus
1737 2782 1947 2861 solius,
1981 2783 2077 2863 qui
2110 2782 2219 2843 im-

577 2880 776 2961 plendi
810 2874 1085 2956 promissi
1110 2889 1393 2949 organum
1426 2871 1787 2931 concinnum
1835 2872 1962 2932 fieri
2007 2872 2218 2952 possit,

2231 560 2272 609 A
2712 568 2817 621 ΕΙΣ
2864 570 2991 621 TON
3042 561 3157 618 ME'
3205 568 3517 626 ΨΑΛΜΟΝ.

2302 646 2388 709 Εἷς
2444 650 2506 703 τὸ
2590 650 2742 716 τέλος
2816 653 2942 730 ὑπὲρ
3001 658 3137 737 Δειιῶλιι
3195 652 3321 737 υῐῷν
3410 659 3539 733 Κορὲ
3566 671 3579 686 ⁸
3639 658 3753 737 ὑπὲρ
3792 666 3872 717 τῶν

2858 733 3084 812 κρυφίων
3115 730 3351 807 ψαλμὸς.

2384 822 2438 875 1.
2506 821 2831 900 Προφητείαν
2874 842 2965 897 μοι
3025 820 3179 878 δοκεῖ
3207 820 3480 901 περιέχειν
3512 828 3539 881 ὁ
3569 826 3761 903 ψαλμὸς
3787 832 3875 905 περὶ

2295 912 2400 962 τῶν
2430 908 2566 964 κατὰ
2590 911 2651 965 τὸ
2682 908 2857 973 τέλος.
2892 910 3072 990 ’Ὅπερ
3103 909 3257 975 τέλος
3302 910 3449 973 εἰδὼς
3492 917 3577 971 καὶ
3618 919 3644 972 ὃ
3693 917 3876 991 Παῦλος,

2295 997 2492 1085 φησίνο
2561 1002 2695 1055 Εἶτα
2778 1001 2838 1055 τὸ
2906 999 3081 1073 τέλος,
3174 999 3301 1056 ὅταν
3383 1002 3597 1078 παραδῷ
3653 1005 3760 1085 (19)
3806 1008 3877 1075 τὴν

2295 1084 2567 1161 βασιλείαν
2611 1089 2689 1162 τῷ
2741 1090 2857 1163 Θεῷ
2900 1091 2987 1146 καὶ
3026 1090 3209 1169 Πατρί.
3273 1089 3359 1147 ’Ἦ
3414 1092 3597 1162 ἒπειδὴ
3640 1099 3689 1150 αἱ
3715 1097 3879 1172 πράξεις

2296 1176 2451 1248 ἡμῶν
2509 1176 2803 1254 ἀπάγουσιν
2863 1180 3007 1253 ἡμᾶς
3061 1182 3189 1251 πρὸς
3257 1181 3317 1235 τὸ
3369 1180 3521 1244 τέλος
3613 1184 3790 1251 ἑκάστη
3834 1188 3878 1239 τὸ

2299 1266 2496 1321 οἰκεῖον
2556 1267 2738 1342 ἑαυτῇ,
2798 1269 2831 1334 ἡ
2888 1268 2986 1343 μὲν
3037 1268 3209 1346 ἀγαθὴ
3244 1270 3371 1346 πρὸς
3403 1271 3501 1337 τὴν
3535 1275 3879 1352 μακαριότητα,

2297 1355 2329 1420 ἡ
2389 1352 2441 1409 δὲ
2501 1354 2672 1433 φαύλη
2736 1358 2867 1432 πρὸς
2943 1357 3040 1424 τὴν
3108 1359 3323 1413 αἰωνίαν
3385 1361 3731 1438 κατάνρισιν’
3778 1360 3879 1418 αἱδέ

2297 1444 2439 1520 παρὰ
2481 1452 2575 1500 τοῦ
2632 1448 2936 1521 [Ινεύματος
2993 1447 3049 1501 ἐν
3104 1454 3179 1521 τῷ
3233 1448 3434 1523 ψαλμῷ
3488 1452 3650 1523 τούτῳ
3700 1450 3881 1530 παριδι·

2297 1530 2512 1607 δύμεναι
2561 1534 2679 1611 (20)
2721 1533 3012 1610 συμϐουλαὶ
3055 1539 3186 1613 πρὸς
3242 1539 3303 1594 τὸ
3367 1538 3563 1615 ἀγαθὸν
3619 1540 3755 1604 τέλος
3801 1542 3876 1596 ἁπ-

2298 1622 2483 1698 άγουσι
2542 1627 2663 1688 τοὺς
2724 1625 3068 1701 πειθομένους
3104 1643 3120 1661 ⁶
3175 1628 3360 1682 τούτου
3407 1627 3582 1684 ἕνεκεν
3640 1631 3881 1708 ἒπιγέγρσ-

2297 1734 2425 1768 πται
2483 1714 2556 1776 εἰς
2589 1714 2651 1769 τὸ
2709 1713 2862 1779 τέλος
2901 1731 2915 1745 ·
2964 1718 3036 1777 ὡς
3083 1721 3179 1782 τῆς
3225 1716 3490 1794 ἀναφορᾶς
3533 1725 3636 1773 τῶν
3676 1717 3885 1795 διὸαγμᾶ-

2297 1823 2404 1857 των
2460 1801 2543 1858 ἐπὶ
2599 1805 2661 1859 τὸ
2723 1804 2987 1883 μακάριον
3046 1803 3196 1869 τέλος
3269 1804 3366 1872 τῆς
3410 1806 3727 1883 ἀνθρωπίνης
3775 1813 3883 1877 ζωῆς

2296 1892 2665 1971 ὑπαρχούσης.
2713 1892 2873 1968 ’Υπὲρ
2941 1900 3047 1949 τῶν
3105 1895 3231 1952 υίῶν
3289 1896 3443 1972 Κορέ,
3506 1906 3633 1960 Τοῖς
3680 1895 3729 1952 δὲ
3777 1898 3885 1961 υἱοῖς

2298 1982 2431 2052 Κορὲ
2486 1985 2571 2037 καὶ
2620 1984 2771 2043 οὗτος
2832 1981 3043 2060 εἴρηται
3077 1984 3105 2038 ὁ
3159 1982 3395 2058 ψαλμὸς,
3439 2006 3531 2049 ους
3561 1990 3618 2044 οδ
3648 1984 3885 2064 διαιρεῑτὸ

2301 2071 2510 2145 Πνεῦμα
2565 2072 2626 2126 τὸ
2677 2070 2849 2150 ἅγιον,
2910 2070 3047 2128 διότι
3103 2071 3283 2151 ὥσπερ
3341 2081 3437 2146 μιᾷ
3493 2079 3645 2155 ψυχῇ
3696 2077 3772 2130 καὶ
3813 2081 3887 2148 μιᾷ

2297 2165 2448 2238 φωνῇ
2498 2162 2633 2233 μετὰ
2696 2162 2875 2227 πάσης
2933 2167 3032 2228 τῆς
3092 2165 3220 2240 πρὸς
3305 2162 3573 2233 ἀλλήλους
3627 2164 3882 2243 συμφωνίας

2296 2250 2419 2311 τοὺς
2467 2251 2829 2328 προφητικοὺς
2886 2247 3078 2328 λόγους
3135 2254 3388 2329 προΐεντο
3441 2250 3597 2332 (21)·
3638 2251 3788 2327 μηδὲν
3820 2260 3890 2307 τοῦ

2299 2338 2474 2415 ἐτέρου
2531 2338 2702 2394 αὐτῶν
2759 2340 2897 2417 παρὰ
2954 2340 3075 2402 τοὺς
3148 2339 3364 2403 λοιποὺς
3443 2344 3884 2421 προφητεύσαντος,

2298 2425 2415 2481 ἀλλ’
2475 2427 2594 2483 ἴσου
2653 2428 2835 2492 αὺτοῖς
2883 2435 2975 2484 1c6
3029 2437 3358 2509 προφητικοῦ
3405 2432 3730 2509 χαρίσματος
3760 2429 3893 2508 impn-

2297 2516 2475 2579 θέντος
2531 2514 2615 2574 διὰ
2671 2518 2731 2572 τὸ
2793 2516 2914 2573 *ίσον
2976 2517 3145 2574 αὐτῶν
3201 2524 3301 2584 τῆς
3358 2523 3493 2597 πρὸς
3552 2520 3792 2589 ἀλλήλους
3836 2521 3891 2581 εἰς

2299 2608 2365 2662 τὰ
2424 2605 2561 2663 καλὰ
2619 2604 2921 2671 διαθέσεως.
2985 2606 3147 2686 ’Υπὲρ
3203 2606 3258 2663 δὲ
3314 2612 3419 2663 τῶν
3480 2610 3702 2689 κρυορίων
3764 2607 3892 2684 εἴρη-

2299 2718 2384 2751 ται
2438 2698 2466 2752 ὁ
2544 2696 2757 2772 ψαλμόζ
2794 2716 2809 2732 ·
2898 2696 3194 2776 τουτέστιν,
3266 2698 3397 2775 ὑπὲρ
3461 2697 3778 2777 ἀπορρήτων,
3827 2700 3894 2753 καὶ

2300 2794 2408 2842 τῶν
2451 2788 2507 2841 ἐν
2551 2790 2827 2863 μυστηρίῳ
2859 2785 3259 2863 κεκρυμμένων.
3316 2788 3607 2861 Γενόμενος
3640 2786 3691 2843 δὲ
3732 2788 3778 2843 ἐν
3804 2800 3894 2849 τοίς

2302 2876 2438 2931 κατὰ
2468 2874 2628 2952 μέρος
2687 2874 2870 2952 ῥητοῖς
2932 2883 3023 2931 τοῦ
3073 2874 3310 2954 ψαλμοῦ,
3373 2876 3590 2952 μαθήσῃ
3621 2880 3676 2933 τὸ
3705 2898 3897 2953 κεκρυμ-

2238 1923 2275 1973 Β

580 2960 663 3032 Sic
685 2978 747 3029 ut
771 2963 1033 3048 psalterii
1069 2963 1197 3022 loco
1226 2961 1423 3020 anima
1454 2960 1617 3022 illius
1645 2970 1948 3021 moveatur
1974 2961 2047 3021 ab
2078 2980 2217 3041 ope-

2305 2962 2462 3037 μένον
2509 2969 2616 3019 τῶν
2647 2962 2822 3040 λόγων
2858 2984 2868 2995 ·
2908 2964 2996 3019 καὶ
3027 2961 3106 3018 ὅτι
3135 2964 3195 3019 οὔ
3225 2967 3316 3019 τοῦ
3366 2966 3629 3044 τυχόντος
3669 2966 3792 3021 ἐστὶν
3828 2960 3898 3019 ἰν-

578 3052 1209 3135 ranteinipsaSpiritu
1234 3062 1463 3112 sancto.
1510 3048 1693 3112 Vens.
1732 3052 1785 3108 2.
1826 3051 1981 3111 Deus
2014 3059 2217 3113 noster

2308 3050 2439 3108 ιδεῖν
2464 3066 2583 3115 τοῖς
2640 3052 2795 3114 θείοις
2857 3052 3192 3130 μυστηρίοις,
3227 3052 3261 3120 ἢ
3296 3054 3458 3128 μόνου
3495 3053 3615 3134 (22)
3646 3061 3728 3111 τοῦ
3771 3052 3895 3112 Euva-

576 3138 2468 3247 νείιιθίιιγηείυὶνειιεμιίϋιιιιοςιίηινίὸίιίαίίοηάὺαδθιιᾶ)υμένου
2525 3140 2762 3219 γενέσθαι
2806 3146 2904 3208 τῆς
2958 3141 3274 3219 ἐπαγγελίας
3327 3143 3639 3221 ἐναρμόνιον
3689 3142 3892 3221 ὄργανον,

574 3228 937 3301 inuenerunt
953 3250 1059 3293 nos
1072 3228 1515 3292 nimis.Auxilio
1533 3228 1713 3289 multo
1728 3247 1877 3308 Opus
1893 3237 1983 3290 est
1996 3230 2222 3292 homini

576 3327 763 3405 omni,
797 3326 871 3387 ob
903 3322 1138 3384 insitam
1190 3319 1245 3380 ei
1298 3326 1507 3380 natura
1538 3317 1942 3379 infirmitatem
1980 3339 1993 3378 :
2031 3319 2221 3400 siqui-

577 3419 711 3479 dem
732 3415 935 3476 multae
956 3412 1009 3472 ei
1034 3408 1320 3471 molestiae
1336 3426 1742 3487 aerumnaeque
1763 3409 2060 3470 accidunt.
2076 3408 2221 3468 Dum

578 3508 757 3586 igitur
787 3504 861 3566 de
889 3500 1170 3563 omnibus
1192 3497 1627 3560 calamuatibus
1656 3498 1952 3577 refugium
1986 3499 2216 3578 quierit.

581 3596 749 3677 quasi
778 3594 850 3655 ad
903 3600 1088 3653 totum
1144 3590 1336 3650 locum
1372 3588 1704 3668 aufugiens,
1755 3589 1849 3649 vel
1876 3588 1948 3648 ad
1984 3598 2221 3649 acutum

578 3684 894 3768 quemdam
916 3680 1196 3742 verticem
1221 3677 1359 3738 forti
1382 3696 1550 3738 muro
1589 3678 2053 3757 circumseptum
2090 3696 2224 3739 sese

581 3766 901 3854 recipiens,
929 3778 1170 3852 propter
1214 3768 1476 3828 hostium
1508 3766 1841 3841 incursum,
1873 3766 1950 3829 ita
1979 3767 2221 3829 demum

580 3868 650 3928 ad
684 3864 871 3926 Deum
900 3857 1184 3937 confugit,
1218 3865 1383 3918 ratus
1406 3857 1558 3917 hanc
1589 3855 1774 3917 solam
1801 3856 1914 3918 sibi
1951 3856 2220 3937 requiem

580 3973 736 4027 esse,
763 3952 813 4014 si
842 3953 903 4011 in
934 3950 1062 4030 ipso
1096 3959 1468 4027 permaneat.
1522 3946 1841 4025 Rel'ugium
1899 3945 2096 4025 itaque
2148 3946 2222 4007 ad

582 4046 767 4107 Deum
800 4049 1026 4122 patere,
1062 4037 1122 4098 in
1154 4036 1428 4097 confesso
1465 4042 1557 4097 est
1609 4035 1763 4115 apud
1797 4053 2008 4098 omnes
2042 4055 2056 4096 :
2089 4035 2219 4114 sed,

583 4132 740 4215 quod
765 4131 837 4193 ad
878 4126 1156 4190 salvantis
1182 4124 1543 4215 electionem,
1587 4124 1818 4215 attinet,
1867 4144 1982 4185 non
2017 4144 2221 4204 parum

582 4213 1315 4295 errorisconfusionisque
1346 4213 1575 4276 invexit
1635 4213 1934 4277 inimicus.
1988 4216 2223 4277 Etenim

583 4314 723 4375 dum
756 4310 1065 4372 insidiatur
1086 4305 1469 4385 veluthostis,
1500 4322 1709 4366 rursus
1726 4304 1943 4384 quibus
1975 4304 2227 4367 insidia-

2306 3229 2443 3286 ὥστε
2503 3231 2616 3286 ἀντὶ
2690 3229 2984 3308 ψαλτηρίου
3055 3236 3315 3287 κινεῖσθαι
3399 3234 3561 3289 αὐτοῦ
3608 3234 3697 3301 τὴν
3748 3233 3899 3310 ψυχὴν

2306 3321 2408 3377 ὑπὸ
2459 3328 2550 3376 τοῦ
2629 3319 2962 3399 ἐνεργοῦντος
3046 3321 3179 3397 αὐτῇ
3256 3321 3405 3397 ἁγίου
3474 3324 3785 3395 [Ινεύματος.
3852 3319 3897 3376 ’0

2307 3411 2437 3474 Θεὸς
2510 3411 2667 3482 ἡμῶν
2742 3411 3023 3489 καταξυγή
3108 3413 3197 3466 καὶ
3285 3409 3532 3487 δύναμις,
3622 3413 3794 3489 βοηθὸς
3860 3409 3901 3464 ἐν

2305 3498 2510 3575 θλίψεσι
2608 3511 2732 3562 ταῖς
2832 3498 3099 3579 εὖρούσαις
3197 3502 3340 3575 ἡμᾶς
3409 3501 3632 3581 σφόδρα.
3724 3498 3899 3563 Πολλῆς

2306 3592 2554 3667 βοηθειας
2612 3588 2785 3647 δέεται
2846 3597 2950 3652 πᾶς
3006 3590 3299 3669 ἄνθρωπος,
3333 3589 3420 3647 διὰ
3478 3596 3576 3659 τὴν
3628 3592 3685 3648 ἑκ
3735 3592 3901 3671 mimo;

2308 3687 2605 3759 προσοῦσαν
2653 3682 2794 3753 αὖτῷ
2853 3679 3146 3754 ἀσθένειαν,
3221 3679 3439 3736 πολλῶν
3522 3685 3661 3756 αὐτῷ
3706 3701 3898 3757 προσπι-

2307 3770 2547 3827 πτόντων
2604 3770 2831 3847 ἀνιαρῶν
2890 3770 2976 3825 καὶ
3033 3770 3321 3832 ἐπιπόνων,
3385 3772 3498 3838 Τὴν
3558 3774 3645 3829 οὖν
3697 3769 3798 3845 (23)
3852 3767 3898 3823 ἐκ

2306 3860 2518 3915 πάντων
2603 3864 2709 3915 τῶν
2790 3864 3177 3937 περιστατικῶν
3261 3861 3573 3940 καταφυγὴν
3655 3860 3899 3930 ἐπιζητῶν,

2304 3947 2484 4027 ὥσπερ
2537 3948 2621 4003 ἐπὶ
2676 3946 2868 4004 ἄσυλον
2918 3948 3124 4028 φεύγων
3167 3946 3280 4026 (24)
3326 3950 3552 4028 χωρίον,
3614 3950 3648 4017 ἢ
3685 3948 3764 4005 sui
3809 3966 3901 4003 τινα

2306 4038 2542 4117 κορυφὴν
2582 4036 2760 4102 ὀξεῖαν
2814 4044 3054 4116 καρτερῷ
3104 4038 3274 4117 τείχει
3332 4038 3779 4116 περιειλημμένην
3818 4058 3902 4091 κα·

2306 4128 2605 4207 ταφεύγων,
2639 4126 2723 4182 διὰ
2752 4127 2850 4193 τὴν
2885 4128 2989 4183 τῶν
3048 4125 3319 4203 πολεμίων
3380 4128 3672 4208 ἐπιδρομήν
3699 4148 3713 4164 ·
3768 4126 3903 4185 οὕτως

2310 4218 2394 4274 ἐπὶ
2455 4220 2545 4273 τὸν
2606 4219 2734 4273 Θεὸν
2792 4218 3135 4297 καταφεύγει,
3228 4219 3398 4291 μόνην
3457 4220 3601 4277 εἶναι
3657 4218 3906 4296 ἡγούμενος

2312 4308 2602 4365 ἀνάπαυσιν
2652 4310 2750 4374 την
2782 4307 2835 4363 ἐν
2866 4306 3007 4381 αύτῷ
3037 4305 3297 4383 διαμονήν
3322 4324 3337 4339 ·
3391 4306 3527 4368 ’Ὅτι
3584 4311 3677 4385 μὲν
3718 4306 3796 4365 οὖν
3842 4304 3907 4359 ἐπὶ

586 4412 679 4465 tus
702 4410 815 4475 est,
844 4417 948 4461 eos
988 4397 1276 4476 deceptos
1324 4394 1574 4469 inducit,
1607 4402 1669 4456 ut
1690 4395 1762 4454 ad
1794 4412 1857 4455 se
1887 4412 1994 4455 ceu
2027 4403 2217 4456 custo-

2314 4399 2405 4453 τὸν
2476 4399 2605 4453 Θεὸν
2682 4399 2717 4464 ἡ
2788 4396 3068 4476 καταφυγὴ
3146 4398 3290 4474 παρὰ
3347 4403 3509 4454 πᾶσιν
3578 4396 3903 4473 ὡμολόγηται,

585 4493 723 4554 dem
747 4484 1314 4568 confugiant.Quare
1334 4484 1552 4564 duplex
1576 4484 1662 4545 eis
1686 4483 1907 4545 malum
1933 4484 2217 4547 imminet:

2314 4486 2522 4554 πολλὴν
2574 4484 2630 4542 δὲ
2686 4485 2896 4554 πλάνην
2945 4488 3031 4543 καὶ
3061 4487 3321 4566 σύγχυσιν
3367 4490 3394 4543 ὃ
3444 4488 3634 4568 ἐχθρὸς
3672 4484 3905 4548 ἐνεποίησε

583 4582 803 4664 quippe
827 4587 928 4641 aut
948 4595 1054 4659 per
1084 4576 1198 4637 vim
1230 4574 1569 4664 capiuntur,
1601 4581 1700 4664 aut
1725 4592 1798 4635 ex
1833 4573 2041 4664 fraude
2088 4593 2217 4655 per-

2315 4578 2432 4652 περὶ
2480 4577 2577 4644 τὴν
2635 4585 2728 4635 106
2790 4576 3046 4664 σώζοντος
3105 4574 3357 4664 ἐκλογήν.
3429 4574 3794 4634 Ἐπιϐουλεύων
3830 4573 3909 4649 γὰρ

588 4662 907 4735 eunt.Eam
923 4667 999 4729 ob
1012 4684 1136 4728 rem
1152 4663 1223 4724 ad
1238 4662 1542 4724 daemones
1557 4662 1893 4742 perfugiunt
1906 4662 2217 4740 increduli,

2316 4670 2388 4731 ὡς
2452 4665 2736 4741 πολέμιος,
2782 4663 2944 4721 πάλιν
2995 4667 3115 4728 τοὺς
3178 4663 3639 4729 ἐπιϐουλευθέντας
3688 4664 3903 4732 ἒξαπατᾷ,

585 4761 735 4824 etad
768 4756 1089 4833 idola,veri
1118 4753 1223 4817 Dei
1255 4751 1594 4832 cognitione
1624 4769 1697 4813 ex
1721 4751 1887 4814 illata
1916 4751 2033 4813 sibi
2055 4772 2089 4813 a
2113 4752 2217 4815 dia-

2315 4757 2458 4831 αύτῷ
2508 4755 2857 4835 προσφεύγειν
2898 4756 2969 4819 ὡς
3041 4752 3258 4833 φύλακι,
3312 4754 3450 4812 ὥστε
3499 4754 3707 4811 διπλοῦν
3760 4756 3908 4810 αὐτοῖς

581 4852 718 4914 bolo
751 4847 1102 4913 confusione
1151 4843 1413 4924 spoliati.
1441 4839 1556 4903 Sed
1602 4848 1661 4903 et
1702 4840 2011 4922 quiDeum
2042 4859 2217 4921 agno-

2312 4846 2677 4923 περιίστασθαι
2733 4846 2795 4900 τὸ
2849 4844 3013 4901 κακὸν
3049 4863 3065 4880 ’
3119 4843 3155 4911 ἢ
3207 4845 3390 4920 βιαίως
3455 4844 3749 4925 ληφθεῖσιν,
3790 4840 3820 4907 ἢ
3864 4835 3906 4899 ἓξ

583 4948 779 5016 scunt,
806 4943 868 5001 in
893 4935 1140 5000 ferendo
1172 4936 1248 4997 de
1270 4932 1456 4995 rebus
1477 4930 1710 5012 judicio
1737 4930 2111 5007 errant,dum
2146 4938 2217 4994 int

2315 4935 2525 5001 ἀπάτης
2577 4931 2949 5010 ἆπολομένοις.
3023 4933 3121 4989 Διὰ
3166 4940 3320 4991 τοῦτο
3376 4934 3507 5015 πρὸς
3547 4928 3792 5009 δαίμονας
3839 4928 3910 4981 καὶ

664 5062 729 5112 83
761 5060 941 5125 ICor.
975 5075 1075 5133 xv,
1103 5055 1203 5118 24.

676 5193 795 5274 (19)
814 5194 899 5274 It_n
924 5186 1249 5274 Golbertini
1277 5182 1773 5274 pr_i_mus,_qu_intus
1797 5191 1856 5245 ct
1877 5192 2227 5274 s_ex_tus_cum

593 5264 823 5338 duobus
855 5271 1076 5348 Regiis,
1140 5287 1249 5328 nec
1281 5264 1470 5327 aliter
1518 5267 1731 5343 legitur
1762 5264 1915 5345 apud
1955 5266 2230 5348 Paulum,

590 5354 751 5418 ICor
806 5370 902 5431 xv,
938 5344 1038 5412 ‘24.
1070 5347 1220 5409 Editi
1254 5365 1390 5431 vero
1414 5365 1546 5407 cum
1576 5349 1723 5423 Reg.
1760 5344 2024 5431 secundo
2056 5344 2232 5431 παρα-ἓ

590 5436 731 5510 διδῷ.
772 5425 918 5511 Reg.
954 5440 1151 5491 sextus
1193 5428 1383 5508 prima
1416 5446 1593 5487 manu
1644 5425 1937 5503 παραδιδῷ,
1974 5425 2236 5488 secunda

589 5513 829 5588 παραδῷ.

669 5540 1103 5675 ῗέίλιίέίοιηεε.
1131 5597 1387 5666 septem.
1423 5584 1577 5675 Editi
1611 5583 2067 5675 [Nomadum-:1.

680 5665 810 5757 (21)
842 5672 1010 5757 Colb.
1042 5665 1584 5757 μνιιρυεπροσέενξο.
1611 5665 1733 5757 Nec
1763 5665 1845 5727 ita
1877 5669 2062 5757 multo
2095 5675 2235 5748 post

595 5744 703 5824 sei
737 5744 881 5818 mss.
916 5755 988 5815 sic;
1020 5744 1110 5808 τά.
1144 5746 1295 5807 Editi
1327 5754 1386 5805 et
1405 5744 1573 5809 Colb.
1611 5754 1811 5807 sextus
1838 5750 1955 5828 περὶ
1983 5750 2071 5813 τά,

2398 5181 2524 5275 (22)
2552 5176 2747 5280 Editio
2777 5175 2957 5240 Basil.
2985 5183 3042 5237 et
3068 5174 3336 5257 quinque
3360 5176 3544 5245 mss};
3571 5170 3909 5253 pdmﬁditio

2316 5267 2844 5423 Ρὸῐέἓῦίοὲίίιειῃ
2880 5347 2966 5423 of»:
3004 5334 3344 5400 addidimus
3380 5354 3448 5398 ex
3478 5339 3697 5400 Catena
3721 5332 3907 5398 Corde-

2316 5418 2517 5487 ria'naI
2543 5419 2770 5482 Ibidem
2805 5418 2971 5482 Colb.
3007 5424 3299 5498 septimus
3328 5423 3729 5477 περιστατικῶν,

2401 5500 2728 5584 (24ῘᾲΕόὶιὶ
2782 5494 3153 5584 καταφεύγων.
3214 5498 3289 5559 Αι
3345 5515 3485 5584 φεε,
3537 5506 3758 5584 septum
3809 5494 3911 5573 φεύ-

2317 5578 2806 5682 Ϊωλθοβιίίίυδηίο
2856 5587 2989 5659 ροει
3036 5578 3185 5657 Reg.
3245 5578 3447 5639 tertius
3500 5578 3759 5654 πολεμίων
3805 5595 3912 5632 κατι

2318 5685 2540 5743 ορομτινο
