4108 6220
222 378 341 445 417
1382 374 1706 439 HOMILIA
1750 373 1832 439 IN
1880 375 1913 437 Ρ

2006 376 2243 438 .LMUM
2288 371 2468 438 XLV.
3476 373 3596 445 418

219 512 423 572 εἴδωλα
471 510 600 592 (25)
673 511 1095 593 καταφεύγωσιν
1170 513 1217 568 οἱ
1274 509 1513 585 ἄπιστοι,
1572 510 1664 569 τοῦ
1713 511 1913 577 ὄντοςΑ

2006 512 2095 573 :ite
2128 512 2290 574 utilia
2322 513 2648 593 postulant,
2678 532 2748 574 ac
2768 511 3036 593 quaedam
3073 522 3286 594 petunt
3322 522 3386 577 ut
3415 515 3593 592 bona,

220 602 354 661 Θεοῦ
402 602 501 671 τὴν
556 605 755 680 γνῶσιν
815 601 913 658 ὸπὸ
963 602 1064 667 τῆς
1116 599 1258 679 παρὰ
1286 608 1378 659 τοῦ
1425 596 1674 658 διαϐόλου
1702 624 1863 682 γενο-

2009 621 2036 662 s
2064 620 2222 683 saepe
2249 620 2366 663 non
2401 602 2943 681 conducibilia,alia
2970 621 3105 664 vero
3132 614 3195 665 ut
3228 606 3380 667 mala
3413 606 3592 668 decli-

222 693 391 769 μένης
439 693 621 753 αὐτοῖς
672 692 989 773 συγχύσεως
1050 689 1440 770 αφαιρεθέντες.
1498 692 1595 749 Καὶ
1638 692 1685 748 οἱ
1743 692 1864 750 ἑπι-

2006 700 2115 766 tnt,
2149 710 2281 772 quae
2310 691 2425 753 sibi
2485 692 2800 772 aliquando
2860 693 2979 751 |7|
3044 694 3293 754 multum
3345 696 3599 758 allatura

220 784 575 861 γινώσκοντες
635 780 689 837 δὲ
746 785 838 838 τὸν
899 782 1030 837 Θεὸν
1085 782 1203 859 περὶ
1260 781 1358 848 τὴν
1401 786 1508 837 τῶν
1540 783 1865 860 πραγμάτων

2006 790 2119 842 'ant
2150 780 2565 844 emolumenti.
2597 780 2870 861 Exempli
2903 800 3082 844 causa
3114 800 3127 842 :
3162 787 3601 865 aegrotatquis?

223 871 488 953 διάκρισιν
534 870 882 951 σφάλλονται,
945 868 1269 933 ἀπαιδεύτως
1319 870 1414 935 τὰς
1471 872 1707 941 αἰτήσεις
1762 877 1867 928 τῶν

2006 869 2154 931 [orbi
2188 870 2521 933 molestiam
2553 870 2987 949 fugiens,rogat
3015 875 3354 934 sanitatem.
3390 873 3605 938 Amisit

224 960 599 1042 συμφερόντων
686 960 1019 1036 ποιούμενοι,
1111 959 1200 1017 καὶ
1281 958 1541 1025 αίτοῠντὲς
1624 982 1739 1018 τινα
1800 962 1873 1025 ὡς

2006 958 2290 1022 ecunias?
2333 959 2421 1023 Ob
2456 961 2608 1021 hanc
2632 961 2927 1039 jacturam
2963 960 3219 1022 maximo
3269 962 3462 1041 agitur
3491 965 3601 1026 do-

226 1051 419 1130 ἂγαθᾶ,
481 1054 575 1109 οὒκ
659 1050 743 1106 ἰπὶ
829 1048 1148 1128 συμφέροντι
1204 1045 1468 1113 πολλάκις
1530 1054 1727 1130 αὐτῶν,
1787 1050 1876 1107 καί

2006 1049 2245 1110 »νεΕι-ἱι
2267 1048 2430 1110 enim
2458 1048 2618 1111 utilis
2633 1067 3048 1129 saepenumero
3071 1050 3161 1111 vel
3194 1052 3603 1129 morbus,cum

227 1142 513 1222 φεύγοντες
571 1136 709 1194 ἄλλα
794 1137 913 1217 (26)
1002 1140 1076 1201 ὡς
1152 1138 1384 1216 πονηρὰ,
1440 1137 1649 1206 πολλὴν
1691 1140 1874 1203 αὐτοῖς

2006 1138 2599 1217 idelicetpeccantem
2632 1137 3061 1200 refrenabit.Et
3092 1158 3285 1201 nocua
3317 1150 3407 1202 est
3436 1144 3605 1204 sani-

227 1230 396 1288 ἐνίοτε
448 1229 547 1296 τὴν
578 1227 840 1307 ὠφέλειαν
883 1226 1130 1307 φέροντα.
1191 1227 1350 1304 Οἷον³
1386 1240 1537 1284 νοσεῖ
1578 1249 1701 1304 τις;
1736 1230 1878 1285 Φεύ-

2006 1245 2049 1286 ts
2094 1236 2213 1287 tum
2259 1244 2391 1288 cum
2440 1246 2509 1288 ea
2531 1227 2748 1289 fruenti
2784 1228 2844 1288 fit
2879 1228 3105 1306 peccati
3139 1228 3393 1291 occasio.
3425 1230 3525 1294 Sic
3550 1242 3607 1295 et

227 1342 340 1399 γων
383 1320 444 1376 τὸ
480 1317 540 1375 ἐκ
582 1318 681 1386 τῆς
710 1318 867 1377 νόσου
896 1318 1166 1389 ἐπίπονον,
1228 1316 1446 1397 εὔχεται
1504 1318 1601 1387 τὴν
1656 1319 1879 1397 ὑγίειαν,

2006 1316 2235 1378 εευηὶίε
2248 1316 2605 1393 quibusdam
2622 1317 2745 1396 jam
2762 1317 2835 1378 ad
2853 1315 3161 1377 libidinem
3179 1318 3601 1383 inservierunt:

228 1406 495 1466 Ἀπέϐαλε
569 1408 874 1487 χρήματα;
964 1404 1293 1484 Περιώδυνός
1375 1405 1485 1462 ἐστι
1552 1412 1621 1483 τῇ
1692 1408 1880 1481 ζημίᾳ,

2006 1414 2284 1486 aupertas
2315 1423 2457 1467 vero
2492 1406 2781 1487 plurimos
2808 1406 2882 1467 ad
2909 1407 3043 1467 vitia
3077 1425 3441 1487 magnopere
3464 1429 3605 1491 pro-

230 1496 400 1555 ’Ἔστι
432 1495 487 1553 δὲ
542 1494 804 1557 πολλάκις
841 1496 929 1551 καὶ
958 1497 991 1563 ἡ
1028 1495 1181 1559 νόσος
1239 1493 1531 1574 ὠφέλιμος,
1593 1494 1718 1553 ὅταν
1749 1519 1884 1552 παι-

2012 1496 2296 1557 ετιόριηρε
2316 1495 2673 1574 repressit.N
2684 1514 2834 1575 eque
2857 1496 3034 1572 igitur
3055 1497 3311 1576 refugias
3335 1518 3466 1579 quae
3491 1520 3609 1563 non

230 1585 500 1664 δαγωγεῖν
583 1582 758 1660 μέλλῃ
816 1591 904 1640 τὸν
968 1584 1339 1662 ἁμαρτάνοντα
1372 1598 1388 1614 ⁸
1460 1586 1551 1641 καὶ
1619 1587 1653 1653 ἡ
1716 1585 1883 1664 δγίεια

2011 1594 2342 1665 portetznec
2363 1585 2666 1663 confugias
2685 1585 2758 1646 ad
2782 1604 2956 1664 quem
2984 1605 3100 1646 nou
3119 1597 3378 1666 oportet.
3417 1587 3607 1652 Unum

232 1673 488 1755 βλαϐερὰ,
548 1674 675 1731 ὅταν
734 1671 940 1752 ἐφόδιον
998 1674 1209 1752 γίνηται
1276 1674 1408 1752 πρὸς
1492 1675 1754 1753 ἁμαρτίαν
1810 1675 1886 1749 τῷ

2011 1691 2147 1733 orro
2183 1673 2479 1734 vitandum
2516 1674 2619 1735 tibi
2651 1682 3078 1754 est,peccatum
3097 1674 3461 1751 videlicet,et
3488 1679 3613 1739 uni-

234 1764 444 1846 ἔχοντι.
492 1762 642 1823 Οὕτω
687 1764 775 1820 καὶ
806 1764 1064 1843 χρήματα
1111 1761 1215 1831 ἤδη
1258 1764 1396 1820 τισὶν
1443 1764 1703 1843 ὑπηρεσία
1754 1766 1886 1842 πρὸς

2008 1781 2103 1822 um
2131 1781 2197 1823 ex
2235 1763 2405 1825 malis
2435 1763 2730 1842 refugium
2756 1763 2861 1825 tibi
2894 1766 2972 1824 sit
2998 1763 3179 1826 Deus.
3215 1764 3299 1826 Ne
3332 1768 3613 1831 conﬁdite

236 1853 526 1911 ἀκολασίαν
582 1852 791 1931 ἐγένετο
824 1869 839 1883 ⁹
893 1854 981 1909 καὶ
1064 1853 1216 1909 πενία
1280 1851 1513 1916 πολλοὺς
1562 1853 1913 1933 ἔσωφρόνισε]

2010 1851 2340 1932 rincipibns
2364 1853 2429 1902 89
2458 1872 2472 1926 ;
2500 1872 2573 1914 ne
2605 1853 2932 1914 eiferamini
2954 1853 3153 1914 animo
3176 1855 3234 1915 in
3259 1862 3485 1918 incerto
3514 1858 3614 1921 di-

238 1951 350 2002 τῶν
380 1942 715 2021 ὡρμημένων
770 1948 970 2005 κακῶς.
1009 1943 1161 2010 Μήτε
1218 1944 1305 1997 οὗν
1350 1942 1519 2021 φύγῃς
1567 1942 1601 1998 ἃ
1652 1943 1731 2017 μὴ
1781 1941 1890 2015 δεῖ,

2006 1940 2249 2003 itiarum
2283 1941 2381 2023 90;
2417 1960 2493 2003 ne
2524 1942 2884 2022 superbiatis
2915 1942 2990 2001 ob
3020 1945 3287 2023 corporis
3320 1946 3513 2020 vires;
3543 1967 3618 2008 ne

244 2031 385 2109 μήτε
427 2032 737 2111 προσφύγῃς
792 2032 838 2105 ᾧ
896 2031 972 2106 μὴ
1029 2028 1136 2089 δεῖ.
1195 2028 1347 2087 Ἀλλ’
1405 2029 1460 2085 έν
1523 2052 1606 2087 σοι
1669 2033 1893 2111 φευκτὸν

2006 2048 2251 2091 ιυιηεηῖο
2282 2031 2485 2110 gloriae
2517 2029 2961 2111 prosequamini
3007 2032 3420 2112 Splendor-em.
3462 2034 3619 2098 Nihil

243 2123 385 2199 ἤτω,
434 2126 468 2192 ἡ
533 2124 785 2203 ἁμαρτία,
871 2123 958 2179 καὶ
1024 2122 1119 2197 μία
1184 2122 1465 2202 καταφυγὴ
1515 2122 1576 2179 ἐκ
1629 2125 1736 2179 τῶν
1789 2145 1894 2179 κα-

2006 2137 2195 2180 torum
2229 2119 2392 2181 ducit
2415 2120 2487 2181 ad
2512 2120 2790 2196 salutem;
2807 2123 3171 2200 temporaria
3191 2125 3623 2199 omnia,omnia

254 2214 370 2270 κῶν
394 2212 550 2293 (27),
581 2216 609 2269 6
668 2214 821 2276 Θεὸς.
874 2211 963 2279 Μὴ
995 2212 1271 2268 πεποίθετε
1306 2210 1434 2292 (98)
1466 2210 1553 2268 ἔπ’
1583 2208 1846 2292 ἄρχοντας
1882 2231 1896 2246 ⁶

2006 2206 2562 2289 'allacia.Refugium
2587 2209 3041 2290 unicum,Deus.
3070 2210 3419 2274 Maledictus
3448 2213 3626 2277 homo

253 2304 336 2380 μὴ
381 2303 656 2381 ἐπαίρεσθε
717 2302 802 2358 ἐπὶ
851 2301 1079 2359 πλούτου
1126 2299 1419 2370 ἀδηλότητι
1453 2321 1470 2338 ·
1520 2303 1598 2377 μὴ
1654 2314 1899 2382 φρονεῖτε

2006 2304 2087 2375 ym‘
2111 2315 2278 2377 spem
2305 2300 2481 2377 ponit
2510 2300 2577 2361 in
2592 2300 2837 2362 homine
2862 2297 2938 2371 οι,
2971 2308 3069 2361 aut
3100 2300 3161 2362 in
3192 2303 3389 2383 aliqua
3409 2322 3477 2365 re
3508 2304 3625 2366 hu-

252 2391 343 2448 ἰπὶ
385 2390 599 2467 δυνάμει
646 2392 894 2465 σώματος
932 2409 946 2423 ⁸
995 2391 1073 2466 μὴ
1129 2391 1229 2457 τῆς
1276 2392 1607 2470 ανθρωπίνης
1639 2390 1795 2458 δόξης
1838 2391 1900 2447 τὸ
1984 2405 2175 2447 mana.

251 2482 540 2562 περιφανὲς
573 2478 815 2542 διώκετε.
851 2478 1011 2538 Οὒδὲν
1043 2480 1243 2537 τούτων
1275 2480 1481 2552 σώζει·
1544 2502 1717 2538 παντα
1767 2478 1892 2560 (29)
1953 2477 2272 2556 πρόσκαιρα,
2318 2477 2488 2532 πάντα
2546 2476 2821 2542 ἆπατηλά.
2873 2479 2974 2533 Μία
3030 2482 3333 2558 καταφυγὴ,
3399 2482 3428 2538 6
3472 2485 3620 2550 Θςός.

253 2568 680 2649 Ἐπικατάρατος
710 2568 985 2645 ἅνθρωπος
1016 2571 1045 2626 6
1074 2570 1172 2638 τὴν
1201 2568 1385 2627 ἐλπίδα
1415 2569 1563 2651 ἔχων
1596 2569 1683 2627 ἐπ’
1714 2570 2013 2649 ἄνθρωπον,
2046 2569 2081 2634 ἢ
2114 2565 2200 2622 ἐπί
2228 2588 2279 2621 τι
2310 2572 2416 2622 τῶν
2447 2565 2812 2643 ἀνθρωπίνων,

337 2661 398 2723 2.
457 2658 519 2718 ’0
600 2661 730 2724 Θεὸς
787 2661 877 2715 οὖν
955 2660 1113 2734 ἡμῶν
1181 2661 1463 2740 καταφυγὴ
1512 2661 1601 2716 καὶ
1653 2658 1899 2735 δύναμις,

2062 2653 2291 2716 2.ι)ειιε
2311 2653 2489 2733 igitur
2507 2661 2715 2717 noster
2737 2653 3046 2733 refugium
3064 2662 3126 2717 et
3147 2658 3372 2720 virtus.
3399 2657 3488 2721 Illi
3526 2662 3629 2741 qui

252 2757 344 2825 Τῷ
385 2747 659 2824 δυναμένῳ
714 2747 915 2827 λέγειν,
977 2749 1155 2808 Πάντα
1211 2749 1383 2829 ἰσχύω
1438 2749 1493 2805 ἐν
1552 2753 1631 2824 τῷ
1686 2748 1901 2806 ἐνδυνα-

2006 2752 2175 2805 ιοιεει
2198 2743 2438 2806 dicere:
2479 2742 2700 2806 Omnia
2723 2761 2963 2824 possum
2983 2749 3046 2805 in
3064 2762 3133 2809 eo
3152 2749 3257 2825 qui
3278 2752 3629 2828 meconfor-

254 2841 440 2917 μοῦντί
482 2859 550 2915 με
608 2843 841 2916 Χριστῷ,
887 2837 1101 2914 δύναμίς
1154 2840 1298 2895 ἔστιν
1374 2841 1402 2895 6
1461 2840 1614 2903 Θεὸς.
1684 2837 1901 2895 Πολλῶν

2007 2841 2072 2894 αι
2093 2833 2331 2895 Christo
2350 2831 2623 2906 “,virtus
2645 2842 2735 2894 est
2756 2832 3268 2897 Deus.Multorum
3283 2838 3525 2920 quidem
3541 2848 3632 2903 est

254 2931 357 3007 μὲν
415 2928 506 2986 οὖν
581 2928 719 2985 ἑστιν
777 2929 971 3000 εἰπεῖν,
1047 2927 1108 2985 Ὀ
1170 2930 1298 2992 Θεὸς
1354 2929 1508 3004 ἡμῶν
1564 2929 1847 3009 καταφυγή
1882 2942 1896 2958 .

2006 2921 2207 2984 licere:
2221 2924 2378 2984 Deus
2389 2929 2598 3010 noster
2615 2922 3029 3001 refugium;et.
3041 2923 3632 3010 Domine,refugium

253 3021 346 3076 καὶ
406 3020 496 3098 τὸ,
555 3018 731 3096 Κύριε,
783 3017 1061 3097 καταφυγὴ
1139 3016 1398 3095 ἔγενήθης
1473 3031 1611 3085 ημῖν
1644 3034 1659 3049 ·
1719 3019 1780 3074 τὸ
1849 3015 1903 3074 δὲ

2006 3018 2181 3074 ‘actus
2202 3030 2260 3073 cs
2302 3012 2477 3073 nobis
2491 3009 2564 3073 93:
2594 3012 2654 3073 id
2679 3030 2819 3074 vero
2844 3016 3057 3074 eodem
3087 3033 3155 3076 ac
3190 3009 3484 3096 Propheta
3506 3021 3632 3082 ani-

254 3108 365 3164 ἀπὸ
420 3112 521 3173 τῆς
564 3109 730 3173 αὐτῆς
788 3102 1068 3169 διαθέσεως
1120 3107 1293 3163 εἰπεῖν
1341 3113 1419 3181 τῷ
1471 3107 1725 3186 Προφὴτῃ
1766 3108 1903 3164 πάνυ

2006 3119 2081 3161 no
2102 3101 2619 3181 dicere,perquam
2654 3120 2974 3181 paucorum
2993 3105 3289 3167 est.Pauci
3312 3107 3472 3168 enim
3496 3118 3635 3170 sunt

258 3197 480 3276 ὀλίγων.
531 3192 735 3273 Ὀλίγοι
778 3195 881 3274 γὰρ
922 3196 968 3252 οἱ
1019 3196 1096 3270 μὴ
1147 3196 1537 3272 τεθαυμακότες
1589 3197 1655 3253 τὰ
1698 3194 1903 3276 ἀνθρώ-

2006 3191 2089 3271 lui
2110 3191 2367 3252 humana
2385 3209 2500 3250 non
2519 3189 2944 3263 mirentur,sed
2963 3193 3065 3252 toti
3086 3193 3381 3271 pendeant
3399 3215 3466 3259 ex
3483 3200 3630 3273 Deo,

259 3299 420 3361 πῖνα,
466 3282 587 3341 ἀλλ’
636 3282 751 3340 ὅλοι
795 3282 1086 3364 ἠρτημένοι
1117 3287 1211 3342 τοῦ
1240 3291 1394 3359 Θεοῦ,
1425 3287 1513 3342 καὶ
1564 3286 1719 3344 αὐτὸν
1767 3285 1901 3342 ἀνα-

259 3375 534 3454 πνέοντες,
589 3374 676 3429 καὶ
719 3379 895 3432 πᾶσαν
952 3371 1137 3429 ἐλπίδα
1168 3375 1254 3431 καὶ
1284 3375 1598 3442 πεποίθησιν
1657 3374 1902 3455 ἔχοντες,

264 3466 367 3524 Καὶ
421 3462 639 3543 ἐλέγχει
695 3483 756 3541 γε
815 3464 956 3537 ἡμᾶς
1004 3462 1072 3517 τὰ
1130 3463 1436 3542 πράγματα,
1487 3463 1614 3521 ὅταν
1670 3463 1725 3519 ἐν
1782 3477 1907 3530 ταῖς

258 3553 501 3630 θλίψεσιν
558 3551 643 3608 ἐπὶ
672 3551 845 3608 πάντα
876 3548 1081 3625 μᾶλλον
1124 3551 1159 3620 ἢ
1217 3551 1304 3609 ἐπὶ
1343 3554 1435 3609 τὸν
1493 3554 1624 3609 Θεὸν
1687 3551 1908 3633 τρέχω-

260 3664 388 3720 μεν,
433 3651 601 3700 Nocet
656 3642 716 3697 τὸ
764 3637 1023 3719 παιδίονς
1092 3642 1188 3699 Καὶ
1237 3642 1298 3697 σὺ
1350 3643 1440 3699 τὸν
1484 3639 1729 3698 ὲπαοιδὸν
1759 3663 1909 3721 περι·

260 3744 513 3806 σκοπεῖς,
572 3730 610 3798 ἢ
665 3730 759 3786 τὸν
809 3729 938 3793 τοὺς
996 3728 1307 3808 περιέργους
1370 3735 1721 3810 χαρακτῆρας
1792 3743 1908 3794 τοῖς

258 3820 566 3902 τραχήλοις
596 3820 700 3876 τῶν
731 3820 980 3876 ἀναιτίων
1024 3824 1231 3887 νηπίων
1277 3819 1605 3900 περιτιθέντα
1630 3834 1645 3849 ⁸
1696 3820 1730 3888 ἢ
1760 3820 1822 3876 τό
1851 3841 1912 3898 γε

258 3912 571 3970 τελευταῖον
628 3909 715 3966 ἐπὶ
779 3910 870 3966 τὸν
929 3909 1105 3989 ἰατρὸν
1166 3908 1305 3989 ἔρχῃ
1363 3910 1449 3966 καὶ
1497 3909 1565 3966 τὰ
1633 3908 1909 3989 φάρμακα,

258 4008 359 4059 τοῦ
423 3998 709 4075 δυναμένου
765 3997 953 4070 σώζειν
1013 3998 1423 4075 καταμελήσας,
1500 3998 1610 4058 Κᾶν
1670 3999 1913 4056 ὶνύπνιόν

260 4112 321 4148 σε
375 4087 658 4168 ἑκταριίξῃ,
734 4089 866 4168 πρὸς
922 4090 1016 4146 τὸν
1078 4089 1451 4169 ὀνειροσκόπον
1509 4091 1742 4169 τρέχεις.
1805 4089 1914 4147 Κᾶν

259 4176 491 4261 magae-ﬁ;
541 4177 756 4257 ἐχθρὸν,
817 4178 1123 4257 προστάτην
1165 4177 1257 4235 ἕνα
1312 4180 1419 4234 τῶν
1466 4178 1753 4257 ἀνθρώπων
1807 4198 1912 4234 πε-

261 4280 488 4351 ρινοετς.
544 4268 644 4326 Καὶ
687 4265 825 4330 ὅλως
880 4264 961 4347 ἐφ’
1006 4266 1236 4335 ἑκάστης
1296 4268 1481 4348 χρείας
1531 4266 1761 4348 ἐλέγχῃ,
1807 4268 1912 4346 ῥήσ-

1992 3280 2309 3360 ipsumque
2330 3280 2656 3359 Spirent,ac
2688 3281 2747 3341 in
2773 3280 2903 3360 ipso
2929 3299 3168 3344 omnem
3192 3302 3359 3363 spem
3381 3304 3450 3346 ac
3475 3287 3632 3348 fidu-

1992 3370 2142 3430 ciam
2172 3367 2528 3430 habeant.Et
2555 3387 2698 3430 sane
2727 3377 2984 3448 arguunt
3012 3389 3120 3432 nos
3151 3390 3246 3433 res
3290 3375 3457 3454 ipsae,
3495 3395 3630 3439 cum

1990 3458 2049 3518 in
2075 3456 2502 3520 afﬂictionibus
2522 3458 2592 3518 ad
2629 3458 2907 3539 quaelibet
2931 3460 3122 3539 potius
3143 3480 3319 3542 quam
3345 3466 3416 3525 ad
3449 3468 3635 3529 Deum

1992 3566 2367 3611 recurramus
2397 3546 2663 3638 IEgrotat
2686 3548 2876 3612 filius?
2897 3550 3034 3612 Mox
3065 3556 3128 3613 tu
3162 3554 3451 3630 conjectis
3479 3575 3637 3638 quo-

1991 3656 2345 3718 quoversum
2373 3637 2584 3716 oculis,
2622 3655 2853 3715 magum
2877 3638 3259 3719 requiris,vel
3294 3637 3634 3725 quempiam

1992 3726 2095 3807 qui
2115 3744 2292 3788 vanos
2308 3727 2685 3788 characteres
2700 3726 2855 3786 collo
2878 3726 3287 3790 innocentium
3312 3750 3632 3811 puerorum

1996 3817 2439 3896 circu'nponat;
2474 3814 2563 3875 vel
2598 3822 2990 3903 postiemum,
3025 3835 3095 3878 eo
3127 3824 3224 3898 qui
3257 3839 3496 3884 servare
3525 3842 3635 3903 po-

1998 3913 2113 3967 test
2142 3904 2437 3984 neglecto,
2461 3903 2532 3964 ad
2560 3902 2858 3964 medicum
2885 3904 3157 3981 devenis,
3188 3916 3245 3969 et
3267 3908 3339 3969 ad
3366 3902 3637 3972 medica-

1998 4001 2216 4056 menta.
2254 3991 2622 4054 Insomuium
2647 3993 2697 4052 si
2746 4002 2801 4054 te
2831 3993 3131 4075 sollicitat,
3167 4004 3357 4060 curris
3387 3999 3461 4060 ad
3492 4019 3636 4061 con-

1990 4079 2378 4163 jectorem.Si
2411 4081 2682 4143 timueris
2709 4082 3305 4163 inimicum,aliquem
3332 4088 3635 4150 hominem

1995 4171 2326 4251 adjutorem
2353 4169 2636 4232 attendis.
2690 4168 2761 4231 Et
2794 4173 2852 4233 in
2886 4190 3140 4255 summa,
3174 4175 3551 4240 convincerts
3583 4183 3640 4239 iu

1996 4280 2355 4342 quacunque
2388 4260 2770 4335 necessitate,
2802 4262 2980 4324 verbo
2999 4263 3241 4341 quidem
3274 4267 3459 4328 Deum
3486 4269 3641 4329 refu-

264 4380 397 4437 ματι
453 4358 550 4435 μὲν
604 4357 698 4413 τὸν
755 4357 887 4413 Θεὸν
945 4357 1222 4434 ὀνομάζων
1265 4357 1594 4437 καταφυγὴν,
1664 4358 1804 4435 ἔργῳ
1859 4355 1913 4412 δὲ

2006 4354 2155 4431 gium
2175 4355 2504 4427 nominare,
2529 4352 2634 4414 sed
2668 4371 2731 4415 re
2761 4351 2886 4433 ipsa
2909 4372 2982 4416 ex
3018 4355 3330 4420 inutilibus
3353 4358 3638 4437 vanisque

263 4452 370 4512 τὴν
412 4447 471 4506 ὲκ
520 4448 627 4504 τῶν
679 4445 968 4528 ἀνωφελῶν
1032 4450 1120 4504 καὶ
1198 4449 1435 4522 ματαίων
1491 4448 1738 4523 βοήθειαν
1790 4445 1913 4503 ἐπι-

267 4539 577 4615 σπώμενος.
635 4535 803 4595 ’Ἔστι
860 4534 915 4594 δὲ
967 4544 1045 4613 τῷ
1101 4535 1286 4611 δικαίῳ
1343 4536 1571 4605 ἀληθινὴ
1609 4536 1830 4614 βοήθεια
1888 4537 1915 4592 6

270 4629 426 4693 Θεός.
502 4619 730 4705 ’Ὥσπερ
810 4649 891 4693 τις
967 4629 1265 4707 στρατηγὸς
1324 4625 1600 4685 ὁπλιτικὸν
1673 4638 1916 4705 γενναῖον

269 4716 631 4798 ὶξηρτημένος
697 4715 913 4793 ἕτοιμος
991 4716 1073 4773 ἀεὶ
1140 4717 1362 4794 βοηθεῖν
1440 4722 1518 4791 τῷ
1584 4736 1920 4773 καταπονου-

1994 4444 2177 4507 rebus
2189 4444 2467 4507 auxilium
2486 4443 2587 4505 tibi
2603 4462 2765 4506 accei
2777 4463 2930 4507 sere.
2943 4444 3246 4509 Estautem
3256 4450 3420 4528 justo
3435 4470 3636 4513 verum

1999 4534 2280 4596 auxilium
2336 4537 2518 4597 Deus.
2573 4532 3085 4605 Quemadmodum
3119 4537 3276 4598 enim
3312 4541 3642 4619 imperator

2004 4622 2142 4686 forti
2200 4624 2450 4685 militum
2513 4641 2688 4683 manu
2738 4624 3079 4701 instructus,
3140 4627 3212 4688 ad
3264 4646 3438 4707 Opem
3490 4628 3645 4708 parti

2006 4731 2312 4795 oppressae
2343 4712 2644 4774 ferendam
2674 4731 2916 4794 semper
2936 4725 3174 4795 paratus
3202 4725 3325 4777 est:
3373 4718 3455 4779 ita
3488 4719 3643 4781 Deus

271 4808 422 4885 μένῳ
463 4805 611 4885 μέρει
649 4819 665 4836 ’
718 4805 887 4871 οὕτως
937 4807 965 4863 6
1015 4806 1146 4873 Θεὸς
1200 4806 1394 4883 βοηθὸς
1442 4806 1599 4882 ἡμῶν
1656 4807 1792 4877 ἔστι,
1838 4800 1913 4861 καῖ

2008 4803 2247 4884 adjutor
2268 4810 2472 4865 noster
2488 4810 2665 4878 est,et
2687 4803 3000 4865 auxiliator
3019 4805 3267 4867 cuilibet
3288 4814 3497 4870 contra
3517 4807 3649 4872 dia-

351 4964 419 5017 ω
446 4963 605 5030 Psal.
637 4979 810 5044 CXLV,
842 4963 905 5031 2.
987 4963 1105 5029 901
1133 4963 1292 5029 Tim.
1324 4980 1407 5049 Vt,
1443 4964 1545 5030 17.
1627 4960 1681 5008 οι
1712 4961 1843 5029 Jer.
1875 4981 1913 5027 ι

2006 5013 2018 5040 ,
2053 4966 2114 5029 5.
2198 4961 2253 5007 οε
2284 4962 2540 5045 Philipp.
2579 4980 2656 5034 iv,
2694 4963 2788 5027 13.
2875 4962 2930 5008 93
2960 4965 3119 5030 Psal.
3152 4981 3393 5047 Lxmx,
3432 4967 3488 5032 1.

358 5125 490 5207 (ξὸ)
518 5125 697 5207 Illud,
730 5128 819 5207 καὶ
852 5124 1075 5207 εἴδωλα,
1111 5125 1385 5207 additum
1399 5124 1591 5207 fuisse
1618 5124 1929 5207 contextui

270 5226 348 5272 ex
368 5203 596 5271 'Oli'v.et
614 5203 1039 5272 Anglichadit
1060 5206 1148 5270 vir
1170 5205 1613 5269 eruditissimus
1629 5204 1883 5268 Ducaaus
1908 5222 1922 5269 :

271 5286 494 5371 quibus
522 5285 836 5371 codicibus
859 5294 983 5350 tum
1013 5286 1392 5371 Golbertinos
1414 5285 1689 5368 quintum
1711 5294 1770 5348 et
1790 5304 1926 5348 sex-

273 5366 401 5450 tum
433 5367 867 5450 etgseptimum,
904 5376 1028 5429 tum
1058 5366 1274 5447 Regios
1304 5366 1578 5450 quartum
1610 5374 1920 5450 etsestum

2092 5126 2222 5217 (ΞΘ)
2254 5123 2587 5217 Colbertini
2619 5126 2849 5217 primus
2872 5133 2939 5217 et
2962 5134 3337 5217 sextus‘cum
3369 5127 3520 5217 Reg.
3553 5147 3655 5217 sg-

2012 5207 2210 5268 cundo
2248 5216 2306 5270 et
2334 5224 2468 5268 cum
2532 5204 2703 5269 Coisl.
2757 5210 3062 5269 πεποίθατε.
3097 5204 3252 5268 Editi
3282 5224 3417 5269 cum
3448 5204 3656 5290 Regiis

2013 5295 2222 5369 quarto
2261 5297 2319 5369 et
2348 5294 2513 5347 sexto
2546 5289 2845 5369 πεποίθετε,

2087 5368 2218 5447 (29)
2255 5366 2351 5430 Sic
2374 5384 2529 5451 mss.
2564 5376 2622 5426 et
2648 5368 2829 5451 editio
2861 5366 3068 5439 Basil.,
3094 5384 3209 5429 nec
3237 5366 3661 5451 aliterglegerat

270 5448 521 5541 adiungi
546 5446 825 5541 oportere
844 5446 1518 5541 monemuleatendum
1545 5458 1742 5510 tamen
1768 5446 1827 5508 id
1861 5446 1922 5508 in
2008 5446 2335 5541 interpres.
2363 5448 2476 5541 Sed
2508 5464 2614 5537 νοχ
2647 5449 2938 5541 πρόσκαιρα
2965 5465 3278 5541 cperarum
3304 5446 3660 5531 negligentia

273 5528 483 5607 Regiis
505 5528 771 5592 secundo
803 5537 861 5592 et
892 5529 1070 5591 tertio
1102 5528 1339 5592 deesse.

357 5609 499 5690 (26)
525 5609 685 5673 Editi
716 5609 996 5691 φεύγοντές
1027 5632 1165 5669 τινα.
1199 5612 1283 5672 At
1309 5626 1412 5671 sex
1446 5626 1587 5673 mss.
1642 5609 1922 5690 φεύγοντες

274 5689 443 5751 ἄλλα.

2010 5528 2069 5588 in
2104 5528 2371 5591 editione
2405 5526 2595 5590 Paris.
2629 5528 2846 5588 omissa
2880 5526 3088 5591 fuerat.
3115 5531 3243 5590 Mox
3277 5526 3655 5594 mss.séntem

2006 5610 2398 5687 ἐπικατάρατος
2448 5626 2461 5670 :
2499 5626 2616 5687 qua
2652 5627 2718 5670 ex
2757 5626 2891 5669 voce
2926 5611 2983 5669 in
3012 5609 3272 5671 editione
3303 5609 3663 5675 Parisiacae

2020 5698 2155 5749 sunt
2188 5688 2346 5770 duae,
2408 5690 2521 5746 ἐπεὶ
2573 5691 2889 5765 κατάρατος.
2941 5689 3213 5754 Subinde
3242 5709 3387 5753 mss.
3423 5698 3545 5756 tres
3576 5692 3662 5750 ἐπί

360 5769 492 5849 (ΞἾ)
520 5767 683 5834 Editi
734 5770 797 5827 ἐκ
838 5770 1053 5828 πάντων
1103 5775 1308 5835 κακῶν,
1352 5768 1430 5833 At
1458 5787 1603 5833 mss,
1651 5786 1755 5831 se;
1784 5765 1913 5831 sim.

2018 5792 2120 5825 τινι
2155 5775 2282 5828 τῶν.

275 5850 522 5933 pliciter
550 5850 612 5908 ἔκ
637 5855 743 5909 τῶν
775 5858 977 5914 κακῶν.

566 5958 835 6023 ΡΑτιιοι.
880 5960 995 6024 Gn.
1043 5957 1271 6023 XXIX.

3096 5958 3167 6015 τι
