4108 6220
492 378 609 441 419
652 375 655 379 ·
1718 362 1719 365 ‘
1845 377 1906 440 s.
1950 374 2231 441 BASILII
2274 377 2523 447 MAGNI
3748 384 3852 448 420

488 512 609 575 boli
644 511 891 574 insidias
924 511 1220 591 pugnanti,
1272 509 1547 571 emittens
1584 510 2110 573 administratorios

2228 513 2497 594 τύμμαχος
2558 538 2717 573 παντι
2775 522 2851 592 τῷ
2918 516 3319 595 στρατευομένῳ
3377 518 3507 573 κατὰ
3583 522 3684 583 τῆς
3742 522 3850 592 p20-

492 601 735 683 spiritus
771 602 842 661 ad
896 599 1284 678 indigentium
1339 600 1609 661 salutem.
1676 600 2114 663 [nvem’tauten

2226 600 2385 666 δδείας
2443 611 2535 662 τοῦ
2612 604 2883 681 διαϐόλιυ,
2955 605 3300 662 ἀποστέλλων
3385 607 3451 662 τὰ
3522 606 3848 684 λειτουργικὰ

495 692 738 753 afﬂictio
767 708 1002 751 omnem
1031 690 1284 768 justum,
1322 687 1397 750 ob
1422 690 1551 750 vitae
1582 689 1913 752 institutam
1946 693 2117 752 ratio-

2225 694 2489 767 πνεύματα
2548 696 2678 773 πρὸς
2729 696 2827 763 τὴν
2895 696 3158 773 σωτηρίαν
3237 701 3341 750 τῶν
3414 694 3701 771 δεομένων.
3761 698 3847 753 Εὖ-

493 799 652 842 nem.
690 780 797 852 Qui
823 780 980 839 enim
1016 778 1271 839 declinat
1295 778 1471 839 latam
1503 798 1571 839 ac
1601 779 1919 858 spatiosam
1948 783 2115 857 viam1

2225 782 2381 836 οίσκει
2441 781 2495 838 δὲ
2541 786 2572 852 ἦ
2617 783 2795 859 θλίψις
2861 786 3035 841 πάντα
3083 788 3174 840 τὸν
3228 782 3427 840 δίκαιον
3484 783 3569 840 διὰ
3626 786 3724 851 τὴν
3771 787 3847 841 τοῦ

490 870 753 930 ambulat
776 875 972 928 autem
1018 875 1326 947 angustam
1378 876 1436 929 et
1482 878 1702 929 arctam
1736 869 1886 931 viam
1917 868 1992 948 9‘,
2028 871 2112 931 is:

2218 871 2326 945 βίου
2384 871 2747 943 ἐπιτήδευσιν,
2813 874 2874 931 Ὀ
2932 876 3030 951 γὰρ
3094 872 3345 930 ἐκκλίνων
3401 878 3497 949 μὲν
3560 875 3661 942 τὴν
3717 874 3840 931 πλα-

493 955 1316 1021 tribulationibusinvenitur.
1340 959 1487 1022 Rem
1517 958 1591 1018 ad
1620 959 1811 1019 vivum
1840 959 2115 1039 expressit

2222 972 2364 1015 τεῖαν
2423 964 2508 1018 καὶ
2563 966 2862 1043 εὐρύχωρον
2942 964 3080 1035 ὁδὸν,
3158 961 3347 1020 ὁδεύων
3403 961 3454 1019 δὲ
3513 966 3615 1032 τὴν
3677 966 3844 1029 στενὴν

486 1049 945 1127 Propheta,cum
975 1048 1120 1108 dixit
1155 1065 1167 1109 :
1208 1047 1277 1109 In
1309 1046 1828 1116 tribulationibus,
1863 1067 1995 1126 quae
2026 1050 2108 1109 ἰη·

2222 1052 2299 1105 καὶ
2385 1054 2766 1133 τεθλιμμένην,
2868 1056 3155 1130 εὑρίσκεται
3251 1055 3351 1109 ὑπὸ
3429 1060 3532 1109 τῶν
3612 1052 3844 1129 θλίψεων,

484 1146 782 1200 venerunt
811 1154 916 1198 nos
943 1139 1153 1198 nimis.
1202 1140 1326 1200 Nos
1374 1138 1531 1197 enim
1566 1156 1676 1198 ceu
1710 1138 1967 1199 animata
1997 1144 2106 1198 anis

2222 1139 2512 1221 Ἐμψύχως
2592 1145 2682 1198 τὸν
2762 1142 2922 1221 λόγον
3008 1143 3376 1222 ἐσχημάτισεν
3466 1145 3493 1198 ὸ
3579 1145 3844 1222 Προφήτης

490 1227 663 1289 malia
691 1225 1150 1305 deprehendunt
1179 1226 1753 1307 tribulationes.quae
1784 1228 2112 1307 patientian

2218 1230 2376 1287 εἰπών
2415 1247 2427 1259 ’
2490 1229 2578 1288 Ἐν
2636 1230 2844 1308 θλίψεσι
2910 1246 3030 1295 ταῖς
3093 1233 3360 1310 εὖρούσαις
3420 1235 3563 1307 ἡμᾶς
3640 1229 3840 1312 σφόδρα.

486 1318 840 1399 producunt,
877 1325 935 1377 et
962 1334 1067 1396 per
1092 1318 1437 1396 patientiam
1468 1317 1906 1397 probationem,
1943 1326 1998 1379 et
2026 1337 2108 1397 ρει

2216 1316 2437 1397 ’Ὥσπερ
2485 1322 2579 1398 γὰρ
2634 1327 2742 1392 ζῶα
2823 1320 3046 1401 ἔμψυχα
3116 1318 3621 1395 καταλαμϐάνουσιν
3688 1325 3838 1395 ἡμᾶς,

486 1405 897 1487 probationem
959 1423 1125 1484 spem
1177 1406 1259 1467 95.
1316 1404 1485 1468 Unde
1517 1413 1576 1466 et
1632 1406 1946 1485 Apostolus
1996 1409 2108 1467 ait:

2220 1406 2561 1486 ἐργαζόμεναι
2608 1412 2903 1491 ὑπομονὴν,
2968 1413 3052 1467 καὶ
3096 1408 3179 1465 διὰ
3226 1416 3323 1476 τῆς
3382 1412 3661 1485 ὑπομονῆς
3710 1410 3842 1467 δοκι-

483 1496 599 1558 Per
629 1494 848 1557 multas
901 1494 1323 1557 tribulationes
1379 1497 1611 1573 Oportet
1667 1513 1770 1555 nos
1800 1498 2032 1557 intrare
2063 1504 2105 1557 ii

2220 1504 2344 1571 μὴν,
2405 1501 2490 1554 καὶ
2533 1497 2617 1554 διὰ
2668 1505 2767 1566 τῆς
2814 1498 3038 1574 δοκιμῆς
3072 1498 3278 1561 ἐλπίδα,
3314 1497 3480 1557 ’Ὅθεν
3512 1504 3601 1556 καὶ
3633 1504 3659 1556 ὸ
3688 1499 3842 1556 Ἀπό-

479 1603 738 1665 regnum
788 1586 898 1646 Dei
936 1584 1020 1642 96.
1067 1585 1162 1655 Et,
1229 1584 1433 1647 Multa:
1466 1584 1895 1646 tribulatioues
1923 1589 2101 1663 justo-

2220 1587 2397 1651 ττολος
2453 1611 2581 1668 φησι
2620 1605 2633 1618 ⁸
2702 1592 2799 1645 Διὰ
2858 1588 3073 1645 πολλῶν
3127 1588 3355 1663 θλίψεων
3388 1587 3470 1644 δεῖ
3501 1591 3651 1665 ἡμᾶς
3686 1590 3842 1645 εἰσελ-

486 1694 623 1737 rum
652 1675 737 1737 9".
773 1676 857 1734 l7
890 1688 897 1699 ‘
939 1672 1054 1737 Sed
1114 1676 1211 1752 qui
1263 1692 1550 1752 generose
1600 1682 1659 1733 et
1689 1674 1983 1753 intrepide
2018 1676 2108 1734 tri-

2221 1681 2321 1733 le‘tv
2380 1679 2453 1739 εἷς
2512 1679 2607 1745 τὴν
2652 1679 2924 1755 βασιλείαν
2981 1686 3073 1734 τοῦ
3136 1685 3266 1734 Θεοῦ
3328 1676 3446 1757 (30)
3484 1698 3499 1713 ⁸
3566 1682 3677 1758 καὶ,
3726 1680 3843 1734 Πολι

483 1764 1211 1827 bulationistentationem
1246 1763 1622 1836 sustinuerit,
1658 1763 1851 1823 dicet:
1922 1768 1991 1825 In
2031 1767 2105 1824 lu":

2224 1768 2294 1821 lui
2350 1767 2401 1821 αἱ
2448 1766 2651 1843 θλίψεις
2710 1776 2815 1823 τῶν
2886 1767 3128 1827 διγαίων.
3192 1766 3341 1823 Ἀλλ’
3383 1770 3410 1823 ὁ
3460 1770 3717 1846 γενναίως
3774 1772 3846 1825 καὶ

477 1856 751 1917 omnibus
771 1870 1130 1933 superamus
1144 1862 1396 1933 propter
1416 1870 1550 1913 eum
1579 1854 1684 1931 qui
1700 1852 2099 1915 dilexitnos98

2220 1855 2499 1934 ὶταράχως
2555 1860 2646 1913 τὸν
2698 1858 2759 1913 ἐκ
2804 1860 2899 1926 τῆς
2950 1857 3179 1933 θλίψεως
3224 1860 3518 1933 πειρασμὸν
3572 1860 3842 1933 ὑπομείνας

478 1946 563 2006 Ac
596 1953 819 2005 tantum
861 1942 1029 2004 abest
1062 1951 1121 2001 ut
1156 1942 1416 2003 animum
1472 1942 1861 2020 desiiondeat,
1897 1962 1964 2004 ac
1996 1952 2100 2005 tor-

2222 1948 2342 2024 Ξρεϊ,
2405 1944 2485 2000 ὅτι
2544 1946 2634 2003 Ἐν
2708 1948 2913 2012 τούτοις
2968 1953 3125 2003 πᾶσιν
3197 1949 3565 2025 ὑπερνικῶμεν
3628 1945 3711 2002 διὰ
3769 1955 3844 2003 τοῦ

479 2045 612 2115 peat
644 2033 704 2093 in
747 2030 1253 2109 tribulationibus,
1317 2038 1379 2091 ut
1411 2034 1584 2091 etiam
1620 2029 1907 2109 gloriandi
1940 2052 2101 2094 occa-

2219 2035 2581 2113 ὶγαπήσαντος
2654 2037 2820 2111 ἡμᾶς.
2902 2037 2999 2092 Καὶ
3043 2043 3290 2092 τοσοῦτον
3361 2036 3559 2115 ἀπέχει
3627 2033 3841 2107 ἂπαυδᾷν

475 2124 705 2184 sionem
771 2141 838 2183 ex
870 2123 1158 2182 malorum
1214 2120 1620 2199 magnitudine
1670 2118 1961 2191 desumat,
2021 2122 2097 2183 di-

2216 2128 2289 2181 ταὶ
2348 2127 2604 2183 ἀποκνεῖν
2654 2124 2707 2181 ἐν
2750 2137 2870 2189 ταῖς
2918 2124 3180 2200 θλίψεσιν,
3229 2122 3309 2180 ὅτι
3356 2126 3444 2181 καὶ
3490 2143 3838 2206 καυχτματος

476 2230 619 2274 cens
653 2230 666 2272 :
701 2212 837 2275 Non
864 2214 1061 2274 solum
1113 2217 1344 2282 autem,
1398 2210 1505 2271 sed
1555 2217 1611 2271 et
1660 2208 2003 2287 gloriamur
2054 2216 2098 2273 ii

2213 2214 2449 2295 ἄφορμὴν
2506 2216 2568 2271 τὸ
2622 2212 2950 2292 ὑπερϐάλλον
3010 2221 3113 2269 τῶν
3162 2219 3339 2270 κακῶν
3383 2227 3623 2272 ποιεῖται
3660 2214 3835 2292 λέγων,

474 2302 980 2365 tribulationibus
1008 2299 1093 2363 99.

2210 2302 2284 2360 ὅτι
2339 2307 2409 2361 Οὐ
2454 2306 2614 2381 μόνον
2679 2304 2756 2376 δὲ,
2842 2302 2977 2359 ἀλλὰ
3056 2305 3141 2359 καὶ
3220 2304 3562 2383 καυχώμενοι
3622 2305 3676 2360 ἐν
3722 2305 3832 2367 ταῖς

2201 2391 2435 2451 θλίψεσι.

551 2482 608 2543 3.
622 2480 791 2544 Vens.
807 2484 864 2541 3.
877 2482 1216 2560 Propterea
1240 2495 1362 2540 non
1378 2477 1721 2539 timebimus
1744 2478 1885 2539 dum
1909 2479 2117 2541 turba-

2258 2398 2283 2448 .i
2331 2414 2435 2451 εσι.

2283 2398 2343 2542 ἔ.
2408 2484 2505 2538 Διὰ
2578 2489 2732 2538 τοῦτο
2810 2483 2871 2537 οὑ
2941 2479 3351 2561 φοϐηθησόμεθα
3408 2481 3463 2537 ἐν
3512 2488 3593 2556 τῷ
3650 2482 3834 2557 ταράσ-

476 2580 575 2632 tur
589 2577 830 2636 terra.et
844 2569 1301 2648 transferuntur
1314 2574 1547 2628 montes
1559 2568 1621 2627 in
1636 2567 1815 2628 corda
1829 2570 2091 2630 marium

2213 2576 2381 2628 πεσθαι
2438 2577 2540 2638 τῆν
2597 2578 2724 2649 γῆν,
2792 2574 2880 2627 καὶ
2937 2573 3297 2647 μετατίθεσθαι
3358 2570 3457 2648 ὅρη
3516 2569 3573 2625 ἐν
3624 2568 3835 2647 καρδίαις

477 2658 741 2739 Magnam
776 2660 1112 2722 ﬁrmitatem
1146 2656 1375 2718 ﬁducia;
1427 2654 1486 2715 in
1528 2654 1825 2717 Christum
1860 2660 2094 2719 ostendi

2213 2661 2503 2724 Ξαλασσῶν,
2566 2662 2716 2740 Μέγα
2765 2659 3111 2717 ἐπιδείκνυται
3163 2662 3222 2715 τὸ
3292 2660 3578 2735 στερέωμα
3634 2664 3728 2723 τῆς
3774 2662 3835 2723 εἱς

480 2750 771 2829 Propheta
806 2767 819 2808 :
857 2746 1401 2825 nimirum,etiamsi
1433 2744 1633 2806 omnia
1665 2763 1901 2806 sursum
1937 2748 2102 2809 deor-

2215 2754 2426 2830 Κριστὸν
2484 2754 2853 2822 πεποιθήσεως
2929 2748 3054 2831 (31)
3140 2753 3159 2805 5
3240 2749 3551 2829 Προφήτης,
3621 2748 3699 2804 δτι
3755 2747 3837 2803 κᾶν

482 2857 611 2899 sum
637 2838 1322 2917 provolventur,etiamsi
1342 2843 1499 2896 terra
1517 2834 1748 2895 turbata
1770 2834 2104 2897 invertatur

2215 2843 2375 2898 πάντα
2427 2838 2537 2897 ἅνω
2580 2843 2665 2897 καὶ
2715 2844 2862 2898 κάτω
2906 2842 3145 2921 γίνηται,
3203 2838 3299 2895 κᾶν
3357 2840 3392 2907 ἡ
3436 2840 3509 2917 γῆ
3572 2839 3837 2917 στρέφηται

474 2929 708 2989 etiamsi
744 2937 975 2989 montes
1012 2927 1253 3007 propria
1283 2924 1425 2985 sede
1455 2924 2096 3003 relicta,transferanlu:

2211 2930 2605 3006 ταρασσομένη,
2654 2931 2751 2987 κᾶν
2781 2933 2845 2987 τὰ
2905 2930 3003 3009 ὅρη
3061 2929 3160 2995 τὴν
3195 2928 3387 2984 οἰκείαν
3422 2926 3580 3005 ἕδραν
3625 2937 3833 2983 καταλι-

473 3019 532 3078 ἱη
562 3018 823 3079 medium
849 3015 1179 3090 mare,Non
1208 3015 1549 3076 timebimus
1580 3031 1592 3071 :
1630 3014 1788 3092 quod
1814 3013 1997 3074 Deum
2024 3016 2095 3075 ha

2211 3019 2399 3100 πάντα,
2454 3024 2582 3100 πρὸς
2627 3022 2693 3076 τὰ
2739 3021 2876 3095 μέσα
2921 3019 3226 3094 μεθίσταται
3277 3022 3375 3082 τῆς
3420 3016 3731 3083 θαλασσης’
3774 3016 3833 3073 Οὖ

479 3107 728 3169 beamus
745 3106 1036 3185 refugium
1068 3106 1459 3183 virtutemque
1497 3112 1553 3163 et
1571 3103 1903 3183 adjutorem
1926 3104 1984 3164 in
2014 3106 2101 3165 tri-

2211 3108 2647 3189 φοϐηθησόμεθα,
2680 3107 2763 3166 διὰ
2822 3112 2883 3166 τὸ
2914 3108 3065 3188 ἔχειν
3116 3110 3205 3163 τὸν
3249 3109 3379 3162 Θεὸν
3409 3107 3720 3187 καταφυγὴν
3760 3105 3833 3160 καὶ

480 3195 1045 3275 bulationibus,quaa
1079 3197 1438 3255 invenerunt
1462 3211 1568 3253 nos
1589 3193 1768 3253 nimis
1798 3191 2102 3271 Cujusnan

2206 3198 2423 3275 δύναμιν
2481 3202 2569 3256 καὶ
2623 3200 2815 3276 βοηθὸν
2868 3198 2920 3254 ἐν
2973 3196 3179 3273 θλίψεσι
3222 3209 3345 3258 ταῖς
3404 3198 3675 3273 εὑρούσαις
3706 3197 3828 3267 ἡμᾶς

482 3304 587 3347 cor
621 3286 977 3366 impavidum
1014 3285 1187 3357 adeo,
1225 3284 1534 3362 cujusnam
1559 3282 1947 3359 cogitationes
1971 3284 2104 3343 adet

2208 3288 2424 3369 σφόδρα.
2488 3291 2637 3352 Τίνος
2698 3288 2863 3352 οὕτως
2925 3287 3197 3353 ἆπτόητος
3240 3288 3273 3353 ἠ
3320 3283 3527 3363 καρδία,
3588 3288 3721 3349 τίνος
3752 3283 3830 3340 οὖ-

482 3374 1173 3455 ευοιίιηρθτιυι-ὺθιω,ιιῐ
1195 3372 1351 3433 illius
1371 3372 1604 3432 animus
1636 3373 1693 3431 in
1724 3379 1884 3433 tanta
1915 3373 2089 3433 confu

2205 3399 2305 3440 τως
2384 3379 2646 3458 ἀτάραχοι
2707 3379 2754 3433 οἱ
2810 3376 3081 3454 λογισμοὶ,
3134 3375 3271 3432 ὥστε
3316 3374 3370 3430 ἐν
3424 3380 3491 3450 τῇ
3553 3373 3827 3447 τηλικαύτῃ

479 3466 645 3525 sione
677 3466 751 3524 sit
794 3465 866 3525 ad
900 3466 1085 3525 Deum
1118 3465 1398 3541 intentus,
1423 3479 1491 3521 ac
1525 3467 1768 3541 propter
1794 3467 2101 3542 repositam

2204 3468 2458 3547 συγχύσει
2513 3467 2758 3525 τετάσθαι
2820 3471 2889 3542 τῇ
2943 3465 3142 3537 διανοίᾳ
3211 3464 3340 3541 πρὸς
3398 3466 3489 3520 τὸν
3547 3466 3696 3539 Θεὸν,
3752 3465 3826 3519 καὶ

480 3556 537 3614 in
560 3554 687 3633 ipso
721 3571 887 3633 spem
921 3572 989 3613 ex
1018 3552 1178 3615 nullo
1205 3570 1404 3614 rerum
1436 3556 1657 3612 eventu
1693 3550 2102 3629 perturbetur?

2200 3555 2282 3612 διὰ
2323 3558 2421 3624 τὴν
2472 3557 2600 3634 πρὸς
2651 3557 2806 3614 αὐτὸν
2864 3552 3067 3633 ἐλπίδα,
3116 3553 3201 3609 ἐπὶ
3236 3550 3413 3619 ἀηδενί
3468 3560 3579 3610 τῶν
3622 3552 3822 3632 γινομέ-

478 3644 597 3705 Nos
619 3660 756 3703 vero
781 3641 1038 3702 hominis
1060 3641 1208 3701 iram
1231 3660 1348 3701 non
1379 3638 1772 3719 sustinemus;
1795 3651 1895 3703 aut
1916 3642 2100 3721 impe-

2198 3668 2300 3701 νων
2357 3644 2792 3717 ἐκπλήττεσθαι;
2837 3640 3031 3719 Ἡμεῖς
3087 3641 3141 3697 δὲ
3188 3642 3461 3716 ἀνθρώπου
3518 3644 3684 3721 ὀργὴν
3730 3646 3818 3720 οὐχ

477 3742 641 3793 tenle
672 3750 778 3793 nos
831 3749 999 3803 cane,
1056 3740 1154 3791 aut
1206 3730 1318 3791 alio
1351 3729 1558 3811 quovis
1588 3727 1852 3805 animali,
1890 3749 2008 3791 non
2040 3735 2099 3793 ad

2197 3734 2532 3811 ὕπομένυμεν
2566 3751 2579 3765 ·
2643 3736 2679 3802 ἢ
2732 3735 2883 3797 κυνὸς
2939 3730 3344 3811 ἐπιδραμόντος,
3404 3732 3440 3800 ἢ
3470 3731 3637 3789 ἄλλου
3690 3733 3819 3793 τινὸς

476 3819 602 3881 Deu
615 3839 667 3879 m
683 3820 1035 3901 respicimus
1051 3819 1386 3899 adjutorem
1411 3822 1679 3880 nostrum
1705 3819 1761 3878 in
1789 3818 2098 3881 tribulatio

2197 3825 2397 3903 θηρίου,
2461 3825 2520 3882 οὒ
2565 3826 2695 3903 πρὸς
2755 3824 2885 3879 Θεὸν
2929 3820 3304 3898 ἀποϐλέπομεν
3334 3823 3423 3878 τὸν
3460 3820 3656 3890 ϐοηθὸν
3683 3820 3819 3896 ἡμῶν

478 3909 672 3984 nibus,
707 3911 811 3970 sod
846 3909 1161 3989 stupefacti
1195 3908 1267 3968 ad
1324 3928 1431 3968 nos
1488 3913 1651 3987 ipsos
1680 3910 2100 3972 convertimur.

2198 3913 2250 3969 ἐν
2296 3928 2419 3978 ταῖς
2471 3913 2734 3993 θλίψεσιν,
2780 3912 2919 3968 ἀλλὰ
2981 3911 3388 3979 διαπτοηθέντες
3439 3914 3576 3991 πρὸς
3626 3912 3820 3972 ἑαυτοὺς

474 3997 655 4061 Vsns.
692 4000 750 4060 4.
782 3998 1129 4061 Sonuerunt
1153 4004 1207 4060 et
1230 3998 1485 4059 turbata:
1516 4004 1657 4059 sunt
1681 4016 1861 4078 aqum
1881 4019 2096 4064 eorum.

2199 4004 2635 4084 ἐπιστρεφόμεθα,
2747 4003 3020 4082 ’Ἦχησαν
3127 4003 3212 4057 καὶ
3312 4001 3691 4082 ἐταράχθησαν
3767 4000 3821 4055 τὰ

475 4088 628 4149 Dixit
656 4087 879 4148 telluris
909 4086 1428 4147 conturbationem
1456 4104 1522 4146 ac
1550 4092 1833 4151 montium
1861 4095 2097 4154 transla-

2199 4092 2357 4150 ὕδατα
2414 4096 2607 4156 αὐτῶν.
2674 4093 2810 4151 Εἷπε
2855 4097 2956 4170 γῆς
3002 4092 3271 4171 ταραχὴν,
3325 4094 3413 4149 καὶ
3443 4095 3587 4172 δρῶν
3614 4093 3821 4169 μετάθε-

474 4178 728 4239 tionem:
758 4178 938 4238 maris
959 4194 1197 4256 quoque
1217 4176 1675 4239 commotionem
1701 4180 1845 4242 dicit
1864 4190 1920 4243 et
1939 4202 2096 4245 ever-

2198 4204 2279 4238 σιν
2314 4203 2327 4217 ’
2362 4182 2504 4261 λέγει
2554 4184 2643 4239 καὶ
2683 4182 2957 4248 θαλάσσης
2990 4180 3151 4237 σάλον
3182 4184 3269 4237 καὶ
3314 4182 3646 4262 ἀνατροπὴν,
3677 4182 3820 4256 μέσον

472 4266 723 4341 sionem,
762 4267 1060 4327 montibus
1095 4268 1152 4325 in
1189 4264 1449 4325 medium
1485 4269 1723 4345 pelagus
1776 4273 2086 4335 ruentibus

2198 4277 2301 4326 τῶν
2360 4271 2523 4349 ὀρέων
2579 4283 2697 4335 τοῖς
2756 4269 3046 4346 πελάγεσιν
3104 4270 3499 4345 ἐμπιπτόντων.
3565 4269 3820 4349 ’Ἦχησαν

470 4355 816 4417 Sonuerunt
847 4364 904 4415 et
931 4355 1192 4416 turbatae
1219 4361 1359 4415 sunt
1394 4372 1565 4433 aqua:
1597 4375 1828 4440 eorum;
1860 4362 2092 4423 mariun

2196 4361 2285 4415 καὶ
2345 4359 2719 4440 ἐταράχθησαν
2773 4361 2838 4415 τὰ
2892 4357 3055 4415 ὕδατα
3103 4360 3276 4415 αὐτῶν
3310 4376 3323 4389 °
3398 4367 3505 4415 τῶν
3563 4358 3818 4417 θαλασσῶν

470 4443 773 4506 videlicet.
809 4446 1170 4525 Ampliorem
1194 4453 1392 4504 autem
1429 4446 1935 4524 perturbationem
1956 4452 2085 4513 exci

2195 4446 2468 4516 δηλονότι.
2526 4449 2649 4507 Ἐπὶ
2707 4447 2869 4505 πλέον
2922 4446 2976 4503 δὲ,
3031 4462 3275 4505 ποιεῖται
3311 4450 3409 4517 τὴν
3442 4447 3573 4529 (32)
3619 4449 3670 4504 ἐν
3715 4460 3817 4508 τοῖς

473 4542 595 4594 tant
617 4534 673 4594 in
692 4535 861 4613 aquis
887 4542 1117 4595 montes
1138 4533 1333 4612 ipsisi
1351 4532 1413 4592 in
1435 4535 1580 4593 mari
1620 4537 1774 4597 ﬁrmi
1800 4558 1915 4599 non
1947 4552 2095 4613 sunt.

2196 4537 2342 4595 ὕδασι
2387 4541 2635 4618 ταραχὴν
2694 4540 2825 4595 αὒτᾶ
2887 4560 2953 4594 τα
3010 4540 3107 4617 ὁρη
3158 4540 3234 4614 μὴ
3280 4537 3585 4617 ἐνιδρυμένα
3640 4542 3815 4615 τῇθα-

470 4622 574 4684 sed
609 4622 844 4701 propria
873 4621 1193 4701 agitatione
1215 4621 1461 4681 multum
1487 4624 1655 4701 aquis
1675 4626 1927 4688 aﬂ‘erunt
1949 4648 2079 4689 com

2194 4628 2393 4707 λάσσῃ,
2452 4626 2588 4684 ἀλλὰ
2643 4634 2719 4703 τῷ
2776 4629 2953 4703 οἰκείῳ
3002 4629 3149 4700 σάλῳ
3202 4628 3363 4686 πολὺν
3393 4632 3708 4704 ἐμποιοῦντα
3736 4628 3811 4682 τὸν

472 4713 769 4774 motionis.
800 4711 947 4773 Cum
974 4712 1151 4789 igitur
1180 4718 1338 4771 terra
1372 4710 1664 4787 turbatur,
1689 4724 1747 4776 et
1778 4734 1945 4797 aquae
1979 4737 2094 4778 ma-

2192 4717 2381 4775 κλόνον
2438 4730 2554 4781 τοῖς
2598 4715 2800 4778 ὕδασιν.
2856 4714 2994 4774 ”Οτε
3043 4718 3214 4773 τοίνυν
3265 4721 3300 4787 ἡ
3344 4718 3441 4794 μὲν
3473 4723 3543 4797 γῆ
3570 4718 3810 4797 ταράσσε-

469 4802 621 4863 rium
658 4802 837 4864 edent
868 4808 1176 4873 sonum,et
1203 4819 1277 4859 ex
1313 4801 1602 4879 profundo
1631 4804 1945 4880 ebullient,
1975 4828 2091 4868 cun

2194 4830 2303 4888 ται,
2362 4806 2523 4863 ὕδατα
2580 4804 2635 4863 δὲ
2690 4807 2968 4863 θαλασσῶν
3014 4807 3217 4887 ἠχήσει
3251 4810 3335 4865 καὶ
3379 4806 3808 4884 ἂναϐρασθήσεται

473 4905 706 4951 montes
738 4890 1178 4975 transferuntur
1217 4896 1276 4951 et
1310 4894 1814 4969 perturbationem
1867 4898 2095 4959 multan

2195 4898 2254 4955 ἐκ
2296 4897 2489 4974 βυθῶν,
2523 4896 2623 4975 ὅρη
2666 4895 2721 4952 δὲ
2775 4898 3103 4970 μετατίθεται
3149 4899 3237 4954 καὶ
3267 4897 3434 4959 πολὺν
3461 4898 3704 4974 ὑπομένει
3730 4896 3807 4949 τὸν

472 4981 790 5056 sustinent,
817 4998 923 5061 per
952 4988 1409 5059 exsuperantem
1462 4983 1705 5043 Domini
1735 4986 2054 5063 potentiam

2193 4989 2454 5068 τάραχον,
2510 4974 2596 5041 διὰ
2643 4988 2704 5042 τὸ
2759 4983 3085 5064 ὑπερϐάλλον
3142 4992 3240 5055 τῆς
3292 4986 3682 5064 δυνάμεωςτοῦ
3707 4982 3807 5046 Κυ-

471 5075 634 5144 tunc,
666 5069 879 5150 inquit,
913 5086 1018 5132 cor
1060 5070 1555 5149 imperturbatum
1589 5082 1918 5152 permanet,
1953 5094 2093 5155 quor

2194 5082 2302 5160 ρίου
2337 5096 2349 5108 '
2399 5078 2540 5151 τότε,
2591 5077 2778 5157 φμσὶν,
2824 5076 3092 5143 ἀπτόητος
3142 5078 3297 5153 ἡμῶν
3326 5080 3359 5145 ἡ
3391 5076 3572 5155 καρδία
3604 5076 3691 5133 τού
3715 5076 3806 5129 ἀσ-

552 5225 609 5270 ⁹⁴
639 5230 842 5291 Matth.
875 5248 978 5305 vn,
1006 5232 1101 5303 t3,
1144 5232 1236 5293 14.
1320 5231 1385 5280 95
1409 5229 1584 5291 Rom.
1622 5251 1677 5306 v,
1706 5235 1766 5309 3,
1802 5235 1857 5295 4.
1946 5236 2011 5286 96
2055 5238 2094 5301 Δ

472 5307 535 5358 99
565 5307 738 5370 Rom.
772 5326 833 5383 ν,
870 5310 926 5373 3.

2181 5288 2190 5307 .
2221 5255 2341 5316 xw,
2377 5238 2441 5301 2t
2462 5285 2477 5302 .
2560 5235 2623 5287 97
2653 5234 2812 5301 Psal.
2843 5254 3048 5313 xum,
3074 5235 3175 5301 20.
3260 5237 3325 5289 98
3354 5236 3526 5301 Rom.
3558 5254 3677 5311 vin,
3712 5234 3803 5298 57.

555 5445 769 5529 (Limina
792 5465 1151 5529 inss_.novem
1173 5464 1305 5510 cum
1328 5448 1560 5529 vulgato
1578 5448 1899 5529 Scriptura:
1922 5461 2106 5520 textu.

2090 5503 2106 5520 .
2191 5463 2395 5519 sextus
2426 5462 2483 5515 et
2514 5452 2698 5516 editio
2734 5456 2924 5516 Paris.
2951 5454 3047 5520 τῆς
3073 5456 3144 5516 εἷς
3173 5456 3303 5511 Θεὸθ
3329 5455 3707 5522 πεποιθήσεως.

478 5526 635 5615 Edlli
658 5528 755 5616 “ci-pi
785 5527 1052 5602 βασιλείαν
1211 5528 1599 5605 ο·ὒρανιῖ›ν,Μοχ
1631 5526 1771 5591 editi
1797 5550 1932 5594 cum
1960 5534 2100 5615 Reg.

2271 5536 2398 5616 (3%)
2434 5533 2601 5597 Colb.
2632 5533 3040 5616 primus-notet
3068 5532 3341 5616 enmﬁec
3364 5534 3446 5595 ita
3469 5531 3804 5616 multo_in_fra

478 5608 685 5697 quinto
715 5612 739 5661 ’Β
772 5606 1193 5695 γενναῖοςᾉιίἱ
1235 5626 1332 5697 sex
1365 5627 1503 5697 mss.
1542 5614 1567 5665 ὁ
1599 5616 1875 5691 γενναίως,
1925 5624 1980 5675 et
2033 5606 2100 5679 ita

2196 5606 2459 5697 quinque
2489 5606 3063 5697 mss.cum_editione
3091 5614 3265 5697 Basil.
3318 5622 3589 5697 ποιοῦνταέ
3631 5610 3801 5697 Editio

477 5685 792 5764 legendum
827 5703 981 5772 esse,
1014 5685 1061 5745 si
1091 5688 1499 5772 nonaliunde,
1530 5700 1586 5750 at
1613 5685 1680 5751 ex
1719 5685 1986 5770 proxima
2017 5703 2112 5759 ιδ-
2193 5685 2331 5758 vero
2361 5685 2555 5759 Paris.
2590 5712 2726 5755 cum
2758 5692 2930 5757 Colb.
2987 5703 3151 5755 sexto
3182 5695 3524 5772 ἐμποιοῦντα.
3555 5690 3801 5772 Subinde

478 5783 788 5853 menvoce
818 5768 1130 5845 ἀταράχως,
1161 5766 1335 5844 plane
1364 5778 1689 5853 c_o_nstare_t.

2196 5795 2337 5838 mss.
2372 5786 2493 5837 tres
2523 5777 2559 5843 ἠ
2588 5776 2683 5848 μὲν
2708 5781 2804 5853 γῆ.
2840 5776 3063 5837 Vocula
3108 5766 3296 5850 μέν’ίιι
3327 5774 3502 5837 editis
3521 5771 3799 5836 desidera-

557 5846 670 5928 (31)
705 5849 802 5912 Sic
834 5856 970 5910 octo
999 5864 1139 5906 mss.
1176 5863 1309 5906 cum
1341 5846 1600 5909 editione
1625 5850 1799 5913 Basil.
1838 5861 1916 5916 At
1939 5855 2110 5918 Colb.
2194 5855 2387 5920 batur.
