4108 6220
201 443 313 509 421

1368 436 1686 503 HOMILIA
1732 434 1809 501 IN
1855 434 2216 502 PSALMUM
2263 434 2442 506 XLV.

3457 428 3573 504 422

204 580 393 661 φαλεῐς
453 581 542 637 καὶ
602 552 817 657 βεϐαίας
899 574 1049 659 ἔχειν
1129 576 1219 634 ἐπὶ
1276 579 1406 634 Θεὸν
1466 578 1559 640 τὰς
1612 576 1845 638 ἐλπίδας.

1939 578 2088 631 tutas
2122 572 2441 649 ﬁrmesque
2466 572 2526 634 in
2556 575 2678 636 Deo
2708 592 2846 653 spes
2880 573 3111 635 habeat.
3154 573 3405 636 Turbati
3427 587 3569 639 sunt

203 669 615 749 Ἐταραχθησαν
676 669 742 725 τὰ
808 664 906 746 ὅρη
980 665 1035 723 ἒν
1108 671 1176 743 τῇ
1252 666 1599 745 κραταιότητι
1672 668 1850 725 αὐτοῦ.

210 758 445 815 Δύνασαι
488 759 577 815 καὶ
623 757 890 835 τροπικῶς
936 753 1184 813 ἐκλαϐεῖν
1230 756 1324 823 τὴν
1356 752 1590 811 διάνοιαν
1620 763 1710 812 τοῦ
1748 755 1850 832 ῥη-

202 856 316 923 τοῦ,
382 847 482 927 ὅρη
538 847 816 923 ὀνομάζων
870 846 991 907 τοὺς
1049 843 1575 927 μεγαλοφρονοῦντας
1637 844 1721 901 ἰπὶ
1776 849 1852 916 τῷ

203 938 403 994 ἑαυτῶν
455 936 689 1014 μεγέθει,
751 936 1071 1014 ἀγνοοῦντας
1122 932 1177 990 δὲ
1229 935 1328 990 τὶν
1402 941 1493 990 τοῦ
1546 933 1678 992 Θεοῦ
1712 956 1849 1013 κρα-

200 1028 485 1100 ταιότητα,
519 1028 605 1083 καὶ
651 1025 1112 1105 ῦπερυψουμένους
1164 1023 1305 1079 κατὰ
1333 1027 1430 1089 τῆς
1466 1023 1713 1100 γνώσεως
1760 1030 1849 1080 τοῦ

202 1122 359 1195 Θεοῦ,
419 1116 545 1172 εἶτα
598 1114 919 1189 νικωμένους
971 1114 1071 1169 ὑπὸ
1126 1114 1232 1168 τῶν
1280 1113 1416 1186 μετὰ
1460 1110 1727 1188 δυνάμεως
1762 1113 1847 1168 καὶ

199 1205 387 1286 σοφίας
420 1202 817 1285 πρεσϐευόντων
867 1204 956 1259 τὸν
998 1207 1098 1269 τῆς
1154 1202 1341 1279 σοφίας
1373 1200 1559 1281 λόγον,
1592 1204 1680 1258 καὶ
1712 1202 1846 1277 μετὰ

195 1295 301 1362 τὴν
358 1296 693 1362 συναίσθησιν
730 1298 830 1359 τῆς
896 1292 1094 1348 ἑαυτῶν
1152 1290 1427 1369 πτωχείας
1486 1288 1841 1368 φοϐουμένους

196 1385 291 1439 τὸν
340 1385 552 1463 Κύριον,
610 1383 697 1438 καὶ
745 1379 1293 1455 ὑποταπεινουμένους
1368 1385 1439 1456 τῇ
1494 1380 1841 1457 κραταιότητι

198 1477 380 1536 ett-31:06.
444 1472 531 1528 ’Ἢ
589 1473 735 1551 τάχα
777 1472 942 1526 καὶόὶ
985 1469 1244 1549 ἄρχοντες
1287 1470 1378 1525 τοῦ
1408 1469 1598 1527 αἰῶνος
1628 1470 1838 1541 τούτου,

196 1563 288 1619 καὶ
338 1560 557 1640 πατέρες
616 1565 713 1627 τῆς
744 1558 1117 1633 ἀπολλυμένης
1170 1559 1379 1636 σοφίας,
1426 1554 1523 1635 ὅρη
1572 1559 1659 1613 καὶ
1703 1559 1844 1616 αὗτοὶ

196 1650 470 1730 λέγονται,
530 1651 913 1728 ταρασσόμενοι
973 1650 1029 1702 ἓν
1072 1646 1140 1722 τῇ
1183 1654 1273 1704 τοῦ
1318 1646 1547 1730 Χριστοῦ
1586 1647 1843 1725 κραταιό-

195 1722 346 1810 τητι,
372 1722 524 1807 ἢνγέν
552 1722 629 1813 τῷ
658 1722 823 1816 ἆγῶνι
880 1734 965 1794 διὰ
1022 1745 1115 1795 τοῦ
1156 1722 1379 1814 σταυροῦ
1428 1722 1551 1815 (33)
1599 1722 1726 1813 πρὸς
1756 1758 1848 1792 τον

190 1832 259 1888 τὸ
291 1830 481 1909 κράτος
530 1829 729 1909 ’έχοντα
774 1837 868 1887 τοῦ
917 1829 1144 1884 θανάτου
1199 1824 1521 1891 ἐπεδείξατο.
1581 1824 1845 1883 Ἀπεκδυ-

1935 668 2165 722 montes
2195 662 2255 723 in
2287 663 2605 739 fortudine
2634 664 2788 741 ejus.
2816 666 2992 724 Potes
3019 663 3191 723 etiam
3227 664 3364 725 dicti
3396 664 3573 745 hujus

1936 766 2176 811 sensum
2213 772 2320 832 per
2375 755 2783 836 metaphoram
2835 769 3156 831 exponere,
3210 762 3435 816 montes
3465 776 3566 838 ap-

1937 838 2165 917 pellans
2196 860 2320 924 eos,
2355 844 2457 924 qui
2502 842 2575 904 ob
2606 860 2770 905 suam
2819 840 3279 920 magnitudinem
3314 843 3571 907 insoles-

1934 939 2093 1005 cunt,
2134 932 2241 993 Dei
2265 950 2397 995 vero
2432 933 2835 995 fortitudinem
2875 930 3166 1009 ignorant,
3204 941 3262 992 et
3292 936 3573 999 extollunt

1932 1034 2065 1078 sese
2097 1031 2301 1084 contra
2325 1022 2430 1084 Dei
2462 1022 2769 1084 scientiam
2802 1020 2939 1100 :qui
2976 1028 3167 1080 tamen
3194 1027 3567 1100 postmodum

1930 1105 2003 1167 ab
2036 1109 2109 1168 iis
2154 1111 2252 1189 qui
2288 1132 2421 1173 cum
2483 1112 2699 1174 virtute
2751 1120 2808 1171 et
2864 1109 3154 1190 sapientia
3193 1110 3432 1174 verbum
3470 1136 3569 1178 sa-

1930 1195 2165 1275 pientiae
2192 1204 2545 1280 praedicant,
2605 1208 2961 1281 superantur
3007 1200 3463 1282 vincunturque,
3515 1216 3591 1267 et

1928 1304 2050 1346 suae
2081 1288 2340 1367 ipsorum
2380 1292 2595 1372 inopia;
2627 1290 2762 1351 facti
2794 1288 3042 1368 conscii,
3100 1291 3309 1352 timent
3357 1295 3568 1357 Domi-

1931 1395 2172 1449 num,ac
2202 1397 2265 1439 se
2294 1380 2421 1459 ejus
2447 1381 2729 1460 potentiae
2762 1378 3133 1442 submittunt.
3157 1386 3271 1442 Aut
3303 1381 3568 1447 fortassis

1929 1474 1984 1525 et
2018 1465 2315 1547 principes
2345 1470 2553 1532 saeculi
2586 1471 2787 1550 hujus,
2814 1477 2871 1530 et
2905 1476 3101 1549 patres
3133 1470 3435 1549 sapientiae
3458 1493 3565 1555 pe-

1929 1555 2154 1627 riturae,
2184 1568 2411 1621 montes
2457 1560 2741 1622 dicuntur
2773 1568 2829 1620 et
2858 1558 2993 1638 ipsi,
3049 1559 3147 1639 qui
3182 1559 3403 1622 turbati
3434 1573 3571 1627 sunt

1930 1644 1984 1704 in
2019 1645 2231 1709 Christi
2284 1648 2650 1725 fortitudine,
2688 1668 2858 1731 quam
2905 1649 2964 1708 in
3011 1648 3206 1709 crucis
3244 1654 3568 1715 certamine

1928 1742 2136 1795 contra
2158 1755 2293 1798 eum
2330 1739 2429 1818 qui
2465 1739 2779 1819 imperium
2815 1738 3020 1799 mortis
3062 1738 3337 1815 habebat,
3362 1752 3569 1804 osten-

1930 1824 2036 1885 dit.
2064 1822 2281 1888 lt‘xutus
2312 1830 2469 1890 enim
2505 1829 2679 1890 veluti
2703 1846 3028 1907 generosus
3060 1828 3354 1909 quiSpiam
3389 1833 3571 1895 athle-

196 1921 431 1995 σᾶμενος
486 1920 608 1997 γὰρ,
671 1916 850 1993 ὥσπερ
916 1937 996 1978 τις
1053 1928 1297 1991 γενναῖος
1340 1914 1667 1995 ἀγωνιστὴς,
1711 1938 1844 1971 κατ-

1934 1922 2009 1992 ta,
2047 1915 2413 1996 principatus
2445 1936 2511 1978 ac
2540 1926 2860 1997 potestates
2889 1918 3207 1999 superavit,
3245 1939 3313 1981 ac
3342 1920 3570 1983 Osten-

193 2007 455 2065 επάλαισε
508 2010 600 2072 τὰς
667 2008 841 2087 ἀρχὰς
912 2004 1129 2067 καὶτὰς
1172 2003 1430 2079 ἔξουσίας,
1489 2006 1575 2060 καὶ
1634 2003 1845 2083 Ἐδειγ-

193 2098 419 2172 μάτισεν
493 2100 552 2154 ἓν
632 2095 917 2174 παρῤησίᾳ,
993 2090 1344 2173 θριαμϐεύσας
1414 2094 1600 2156 αὐτοὺς
1661 2092 1713 2151 ἐν
1779 2101 1848 2168 τῷ

204 2186 368 2262 ξύλῳ.

278 2276 338 2337 4.
398 2282 503 2334 Τοῦ
559 2281 802 2350 ποταμοῦ
860 2275 927 2331 τὰ
984 2274 1272 2353 ὀρμήματα
1328 2272 1655 2350 εὐφραίνουσι

190 2367 296 2434 τὴν
338 2365 491 2423 πόλιν
544 2372 638 2421 τοῦ
689 2372 841 2424 Θεοῦ.
904 2365 980 2422 Τὰ
1052 2362 1148 2438 μὲν
1218 2360 1426 2441 ἁλμυρὰ
1497 2360 1659 2419 ὕδατα
1707 2385 1845 2443 σφο-

189 2454 330 2535 δρῶς
374 2457 475 2512 ὑπὸ
517 2460 623 2511 τῶν
654 2453 968 2529 πνευμάτων
1012 2450 1446 2527 ἐκταρασσόμενοι
1494 2450 1716 2532 ἤχησαν
1757 2468 1847 2522 καὶ

188 2544 569 2625 ἱταράχθησαν
596 2559 609 2573 ⁸
643 2542 791 2600 τὰδὲ
843 2552 936 2601 τοῦ
986 2549 1231 2616 ποταμοῦ
1282 2540 1568 2618 ὁρμήματα
1610 2540 1846 2619 ἀψοφητὶ

186 2634 475 2714 προϊόντα,
506 2635 594 2690 καὶ
622 2632 805 2713 ἠσυχῆ
838 2644 959 2695 τοῖς
1009 2630 1170 2696 ἀξίοις
1216 2634 1314 2696 τῆς
1366 2630 1639 2709 ὑποδοχῆς
1687 2629 1843 2708 Emp-

186 2724 402 2802 ῥέοντα,
464 2723 793 2803 εὐφραίνουσι
850 2722 949 2788 τὴν
994 2718 1151 2777 πόλιν
1200 2725 1292 2775 τοῦ
1348 2725 1501 2777 Θεοῦ.
1552 2720 1649 2777 Καὶ
1688 2726 1773 2775 νῦν
1818 2721 1846 2775 ὁ

189 2812 396 2875 δίκαιος
454 2812 592 2870 πίνει
643 2814 707 2869 τὸ
761 2812 865 2883 ζῶν
926 2808 1087 2888 ὕδωρ,
1134 2809 1222 2864 καὶ
1277 2808 1493 2887 ὕστερον
1552 2805 1605 2862 δὲ
1670 2809 1845 2864 πίεται

193 2900 581 2983 ἀφθονώτερον,
628 2901 785 2970 ἡνίκα
848 2897 909 2957 ἂν
966 2897 1405 2976 πολιτογραφηθῇ
1461 2896 1514 2952 ἐν
1570 2896 1637 2973 τῇ
1694 2897 1845 2955 πόλει

191 2999 293 3050 τοῦ
349 2998 501 3052 Θεοῦ.
560 2988 731 3047 Ἀλλὰ
785 2995 874 3045 νῦν
923 2989 1022 3066 μὲν
1075 2985 1143 3043 δι’
1194 2986 1450 3062 ἐσόπτρου
1479 2988 1566 3043 καὶ
1600 2987 1654 3042 ἐν
1682 2988 1842 3065 αἰνίγ-

193 3100 329 3158 ματι
388 3080 546 3155 πίνει,
605 3078 688 3135 διὰ
767 3080 865 3147 τὴν
930 3078 1068 3135 κατὰ
1142 3076 1317 3155 βραχῦ
1377 3074 1679 3152 κατάληψιν
1736 3085 1841 3133 τῶν

183 3171 346 3227 θείων
373 3171 735 3246 θεωρημάτων
761 3184 774 3199 ·
835 3167 956 3224 τότε
1015 3164 1069 3221 δὲ
1123 3168 1255 3242 ὁμοῦ
1287 3163 1709 3245 πλημμυροῦντα
1752 3168 1841 3222 τὸν

184 3260 436 3334 ποταμὸν
492 3256 820 3331 ὑποδέξεται,
882 3262 1057 3312 πᾶσαν
1120 3253 1187 3311 δι’
1240 3254 1561 3333 εὖφροσύνης
1619 3254 1840 3312 ἐπικλύ-

186 3352 303 3417 ζειν
363 3343 649 3418 δυνάμενον
693 3345 791 3411 τὴν
846 3342 1004 3399 πόλιν
1047 3349 1141 3399 τοῦ
1188 3348 1344 3404 Θεοῦ.
1405 3342 1492 3407 Τίς
1541 3340 1587 3398 δ’
1644 3340 1702 3399 ἂν
1749 3342 1840 3410 εἴη

189 3437 220 3491 ὁ
269 3436 509 3509 ποταμὸς
563 3436 656 3491 τοῦ
710 3440 841 3492 Θεοῦ
882 3432 919 3500 ἢ
963 3434 1025 3489 τὸ
1073 3438 1286 3506 Πνεῦμα
1329 3430 1389 3486 τὰ
1445 3430 1621 3510 ἅγιον,
1657 3432 1716 3489 ἐκ
1743 3438 1839 3500 τῆς

188 3524 423 3585 πίστεως
473 3528 578 3579 τῶν
619 3525 693 3586 εἰς
746 3524 972 3601 Χριστὸν
1026 3540 1456 3578 πεπιστευκοτων
1501 3522 1841 3601 ἐγγινόμενον

187 3627 315 3676 τοῖς
368 3612 583 3689 hilare;
644 3610 705 3670 Ὀ
750 3613 850 3691 γὰρ
901 3612 1185 3682 πιστεύων,
1231 3610 1414 3690 φησὶν,
1466 3612 1538 3676 εἰς
1582 3610 1699 3687 ἐμὲ,
1736 3633 1841 3668 πο-

189 3704 357 3779 ταμοὶ
415 3702 476 3758 ἐκ
523 3707 622 3769 τῆς
675 3700 878 3765 κοιλίας
938 3703 1096 3759 αὐτοῦ
1149 3700 1386 3778 ῥεύσουσι
1425 3718 1438 3731 '
1483 3702 1572 3757 καὶ
1626 3700 1785 3757 πάλιν
1819 3716 1833 3732 ⁸

190 3793 327 3851 Ἐάν
382 3812 462 3859 τις
502 3796 597 3869 πίῃ
661 3792 723 3849 ἐκ
779 3798 873 3847 τοῦ
913 3790 1099 3855 ὕδατος
1148 3792 1211 3847 οῦ
1269 3790 1377 3868 εγὼ
1419 3787 1628 3867 δίδωμι,
1674 3792 1841 3870 γενή-

192 3902 351 3939 σεται
414 3881 470 3937 ἐν
546 3882 689 3954 αὐτῷ
732 3880 887 3959 πηγῆ
941 3878 1129 3944 ὕδατος
1208 3877 1503 3955 ἁλλομένου
1559 3881 1632 3945 εἱς
1697 3881 1842 3952 ζωὴν

193 3968 435 4034 αὶῶνιον,
498 3969 659 4035 Οὗτος
715 3969 887 4027 τοίνυν
942 3971 970 4025 ὁ
1028 3971 1269 4045 ποταμὸς
1346 3969 1604 4047 εὐφραίνει
1668 3976 1844 4027 πᾶσαν

193 4062 338 4137 ὁμοῦ
394 4060 494 4129 τὴν
544 4059 699 4118 πόλιν
744 4066 839 4118 τοῦ
894 4065 1045 4135 Θεοῦ,
1100 4057 1221 4127 ἤτοι
1251 4058 1349 4126 τὴν
1387 4057 1710 4127 Ἐκκλησίαν
1746 4065 1843 4116 τῶν

193 4152 261 4207 τὸ
316 4148 612 4227 πολίτευμα
641 4150 880 4231 ἐχόντων
906 4150 962 4207 ιν
999 4150 1243 4227 ούρανοϊς
1269 4162 1283 4177 ⁸
1318 4148 1356 4217 ἢ
1382 4154 1554 4205 πᾶσαν
1584 4149 1681 4217 τὴν
1711 4172 1842 4217 νοη-

193 4238 300 4307 τὴν
359 4240 526 4295 κτίσιν
583 4238 691 4296 ἀπὸ
746 4245 852 4297 τῶν
922 4238 1291 4318 ὑπερκοσμίων
1352 4235 1621 4314 δυνάμεων
1679 4238 1842 4319 μέχρι

192 4334 308 4386 τῶν
339 4328 679 4407 ἀνθρωπίνων
711 4333 906 4408 ψυχῶν
936 4326 1095 4384 πόλιν
1152 4327 1265 4408 χρὴ
1308 4339 1453 4384 νοεῖν
1503 4328 1845 4406 εὐφραινομὲ·

193 4443 297 4488 νην
354 4420 455 4475 ὑπὸ
516 4423 615 4486 τῆς
665 4416 914 4497 ἐπιρροῆς
968 4424 1061 4474 τοῦ
1116 4416 1266 4496 ἂγίο.)
1321 4416 1647 4491 Πνεύματος.
1697 4416 1843 4490 Ὀρί-

192 4518 379 4583 ζονται
435 4510 535 4587 γάρ
610 4530 751 4573 τινες
811 4506 967 4565 πόλιν
1046 4507 1188 4563 εἶναι
1247 4507 1492 4582 σύστημα
1549 4504 1839 4587 ἱδρυμένον,

1935 2010 2084 2065 tavit
2113 2005 2337 2084 palam,
2375 2007 2753 2087 triumphans
2779 2008 2849 2069 (le
2883 2007 3007 2069 illis
3029 2010 3094 2068 in
3121 2007 3291 2087 ligno
3319 2011 3366 2074 ί.

2011 2270 2586 2336 4.VEas.5.Flumin
2597 2276 2647 2336 is
2659 2277 2925 2354 impetus
2939 2275 3248 2353 laetiﬁcum
3264 2282 3572 2344 civitatem

1934 2361 2035 2422 [)et'
2066 2362 2306 2424 Matinae
2326 2362 2565 2443 quidem
2588 2382 2756 2445 aquas
2783 2364 3207 2425 vehementera
3231 2368 3420 2429 tentis
3443 2389 3573 2450 per-

1933 2450 2179 2511 turbata:
2219 2460 2546 2513 sonuerunt
2577 2461 2634 2516 et
2687 2452 2934 2514 turbatae
2955 2462 3093 2514 sunt
3124 2472 3137 2516 :
3172 2456 3274 2516 sed
3305 2457 3570 2520 ﬂuminis

1931 2542 2186 2621 impetus
2244 2541 2373 2603 sine
2425 2542 2671 2621 strepitu
2724 2542 3134 2621 procedentes,
3192 2554 3249 2605 et
3282 2557 3571 2627 quotquot

1931 2630 2089 2709 digni
2114 2640 2249 2691 sunt
2280 2631 2380 2710 qui
2412 2649 2515 2691 eos
2535 2631 2850 2711 recipiant,
2880 2631 2951 2692 iis
2980 2632 3189 2694 leniter
3218 2634 3566 2713 allabentes,

1932 2718 2234 2783 ltetilicant
2290 2720 2584 2782 civitatem
2636 2720 2765 2786 Dei.
2830 2720 2902 2782 Et
2971 2740 3127 2785 nunc
3176 2723 3372 2803 justus
3422 2724 3573 2787 bibit

1931 2829 2139 2889 aquam
2174 2810 2362 2871 vivam
2395 2809 2443 2891 9,
2476 2817 2654 2891 atque
2680 2819 2881 2891 postea
2912 2811 3210 2891 copiosius
3240 2812 3569 2894 bibet,cum

1933 2900 2155 2961 civitati
2172 2899 2275 2961 Dei
2289 2906 2580 2981 ascriptus
2602 2902 2775 2962 fuerit
2813 2901 2943 2960 175
2960 2902 3133 2980 Atqui
3153 2920 3306 2963 nunc
3326 2904 3569 2979 quidem

1928 3008 2032 3068 per
2065 2990 2376 3069 speculum
2412 2990 2548 3050 etin
2583 2994 2895 3069 aenigmate
2918 2992 2948 3040 3
2981 2990 3149 3071 bibit,
3198 2991 3273 3051 ob
3299 2993 3568 3070 exiguam

1925 3076 2253 3139 divinorum
2289 3080 2858 3159 contemplationum
2895 3082 3337 3159 perceptionem
3376 3103 3389 3144 :
3427 3092 3564 3147 tunc

1926 3183 2061 3227 vero
2095 3167 2268 3228 simul
2296 3176 2733 3244 restagnantem
2769 3168 3008 3230 ﬂuvium
3042 3178 3401 3249 excepturus
3449 3186 3561 3250 est,

1928 3256 2029 3333 qui
2063 3266 2240 3318 totam
2294 3256 2396 3318 Dei
2454 3257 2751 3319 civitatem
2800 3257 3003 3318 laetitia
3036 3258 3329 3321 inundare
3357 3267 3561 3340 possit.

1926 3345 2067 3417 Quis
2099 3356 2299 3409 autem
2352 3347 2528 3408 luerit
2575 3347 2788 3408 ﬂuvius
2838 3346 2949 3408 iste
3002 3347 3130 3420 Dei,
3166 3347 3278 3409 nisi
3310 3349 3567 3429 Spiritus

1926 3446 2189 3513 sanctus,
2226 3435 2324 3514 qui
2353 3435 2546 3515 dignis
2576 3435 2862 3516 illabitur,
2895 3435 3222 3498 secundum
3258 3438 3432 3501 ﬁdem
3461 3462 3567 3504 eo-

1924 3543 2054 3585 rum
2081 3526 2181 3604 qui
2205 3528 2262 3585 iu
2290 3525 2589 3586 Christum
2635 3525 3070 3587 crediderunt?
3101 3523 3224 3600 Qui
3252 3530 3433 3604 enim,
3470 3533 3566 3594 in-

1924 3614 2263 3694 quit,credit
2278 3613 2659 3694 in,me,ﬂuviz‘
2671 3615 2738 3676 de
2750 3622 2961 3677 ventre
2973 3618 3101 3690 ejus
3113 3617 3572 3692 [luentiEtrur-

1924 3721 2062 3764 sus:
2090 3703 2317 3783 Siquis
2345 3702 2564 3764 biberit
2590 3721 2668 3765 ex:
2687 3720 2850 3783 aqua
2888 3721 3071 3783 quam
3094 3722 3204 3782 ego
3231 3706 3325 3779 d0,
3358 3710 3461 3787 ﬁet
3503 3716 3567 3775 in

1924 3809 1990 3854 eo
2005 3792 2142 3871 fons
2168 3810 2339 3871 aqua
2356 3794 2634 3855 salientis
2656 3795 2718 3853 in
2732 3794 2921 3854 vitam
2952 3800 3246 3855 aeternam
3269 3795 3437 3859 5.Hic
3463 3801 3567 3863 ita-

1926 3900 2043 3958 que
2076 3882 2289 3944 ﬂuvius
2320 3899 2558 3942 omnem
2590 3880 2771 3973 simul
2804 3881 2910 3943 Dei
2960 3881 3253 3973 civitatem
3288 3884 3560 3973 lmtiticat,

1928 3988 2144 4051 nempe
2175 3978 2393 4033 coetum
2413 3969 2754 4051 eorum,qui
2778 3989 2944 4031 suam
2975 3972 3033 4031 in
3059 3972 3221 4033 caelis
3244 3969 3565 4040 conversa-1

1930 4068 2150 4123 tionem
2178 4060 2436 4124 habent:
2472 4071 2572 4122 aut
2623 4079 2859 4121 omnem
2892 4070 3223 4123 creaturam
3260 4063 3569 4133 intellectu

1931 4150 2300 4232 praeditam,a
2321 4151 2634 4211 virtutibus
2662 4150 3004 4212 caelestibus
3028 4170 3217 4232 usque
3235 4154 3307 4215 ad
3339 4158 3569 4223 animas

1931 4242 2245 4315 humanas,
2323 4240 2622 4303 civitatem
2690 4240 2939 4318 intelligi
3004 4249 3257 4323 oportet,
3312 4242 3571 4325 Spiritus

1931 4332 2122 4395 sancti
2171 4330 2556 4392 inundatione
2613 4330 2993 4391 laetiticatam.
3032 4331 3263 4393 Etenim
3299 4340 3570 4402 nonnulli

1933 4423 2011 4484 ita
2032 4422 2324 4484 civitatem
2352 4421 2735 4494 deﬁniunt,ut
2759 4419 2955 4480 dicant
2978 4420 3249 4482 stabilem
3275 4442 3403 4487 esse
3420 4447 3570 4491 con-

1930 4510 2701 4590 gregationem,secundum
2724 4508 2912 4586 legem
2932 4508 3395 4575 administratam
3413 4520 3574 4581 .Tra-

193 4600 339 4658 κατὰ
382 4599 545 4675 νόμον
601 4596 989 4674 διοικούμενον.
1024 4595 1343 4678 Ἐφαρμόζει
1388 4596 1443 4654 δὲ
1485 4600 1573 4655 καὶ
1628 4605 1697 4676 τῇ
1740 4598 1845 4657 ἅνω

1933 4599 2057 4662 dita
2086 4608 2280 4661 autem
2316 4598 2582 4660 deﬁnitio
2615 4599 2887 4678 civitatis,
2923 4599 3098 4658 etiam
3134 4598 3219 4660 illi
3253 4620 3384 4681 quae
3431 4625 3570 4669 sur-

196 4688 560 4769 Ἰερουσαλὴμ
617 4694 686 4766 τῇ
736 4688 1033 4769 ἰπουρινίῳ
1108 4687 1263 4746 πόλει
1324 4691 1353 4746 ὁ
1408 4686 1681 4754 ἀποδοθεὶς
1728 4690 1850 4763 ὅρος

192 4784 302 4848 τῆς
349 4777 585 4841 πόλεως,
632 4780 889 4854 Σύστημα
936 4778 1037 4859 γὰρ
1092 4778 1249 4836 κάκεῖ
1306 4779 1413 4836 τῶν
1470 4781 1845 4859 πρωτοτόκων,

194 4873 306 4926 τῶν
359 4868 855 4947 ἀπογεγραμμένων
936 4866 990 4923 ἰν
1056 4868 1302 4945 ούρανοτς
1337 4886 1351 4903 ⁸
1432 4870 1522 4925 καὶ
1583 4869 1851 4950 ἱδρυμένον

191 4964 359 5017 τοῦτο
406 4955 489 5015 διὰ
547 4959 610 5015 τὸ
640 4956 1031 5035 ἀμετακίνητον
1074 4956 1170 5025 τῆς
1224 4955 1493 5037 διαγωγῆς
1526 4964 1632 5016 τῶν
1662 4961 1848 5040 ἁγίων,

194 5050 291 5108 καὶ
334 5047 473 5105 κατὰ
503 5047 665 5124 νόμον
714 5050 806 5104 τὸν
852 5047 1089 5126 οὐράνιον
1144 5044 1266 5127 (35)
1313 5044 1697 5125 διοικούμενον.
1743 5054 1853 5120 Τὴν

196 5140 383 5200 τοίνυν
407 5135 640 5205 διάταξιν
670 5138 877 5206 ικείνης
911 5138 1008 5208 τῆς
1038 5137 1335 5215 πολιτείας,
1386 5140 1472 5197 καὶ
1521 5145 1696 5198 πᾶσαν
1752 5144 1854 5210 τὴν

196 5229 564 5307 διακόσμησιν
620 5231 975 5306 καταμαθεῖν,
1026 5226 1269 5305 οὐδεμιᾶς
1321 5228 1463 5285 ἔστιν
1521 5232 1852 5311 ἀνθρωπίνης

1934 4708 2063 4751 sum
2089 4699 2178 4750 est
2214 4690 2541 4751 Jerusalem
2585 4688 2809 4749 caelesti
2845 4688 3066 4748 civitati
3097 4694 3381 4768 congruit.
3422 4698 3570 4760 Nam

1936 4784 1998 4842 et
2022 4777 2144 4839 illic
2166 4786 2254 4840 est
2288 4778 2814 4858 primogenitorum
2850 4776 3284 4857 (lescriptorum
3316 4783 3375 4845 in
3411 4789 3576 4849 cmlis

1936 4869 2337 4949 congregatio,
2372 4875 2547 4948 atque
2581 4885 2650 4927 ea
2682 4864 2756 4926 ob
2811 4866 3244 4929 immutabilem
3274 4873 3399 4936 vita:
3432 4896 3572 4939 sau-

1936 4967 2167 5021 ctorum
2198 4958 2488 5020 rationem
2522 4955 2752 5046 stabilis
2788 4973 2855 5016 ac
2908 4956 3077 5046 ﬁrma
3109 4966 3220 5038 est,
3254 4970 3312 5022 et
3344 4982 3415 5024 ex
3448 4966 3576 5046 lege

1937 5048 2165 5112 caelesti
2195 5044 2761 5128 gubernatur.lllius
2785 5046 2983 5126 itaque
3015 5044 3278 5110 civitatis
3302 5044 3575 5119 ordinem

1935 5156 2004 5201 ac
2019 5145 2293 5200 ornatum
2307 5154 2546 5199 omnem
2567 5134 2909 5216 perdiscere
2926 5134 3199 5199 humanae
3216 5147 3446 5207 naturae
3456 5164 3576 5209 non

1936 5235 2049 5292 est.
2084 5226 2188 5291 Illa
2221 5234 2381 5307 sunt,
2417 5225 2563 5301 Quae
2594 5227 2808 5287 oculus
2837 5242 2961 5287 non
2989 5226 3164 5301 vidit,
3199 5245 3389 5309 neque
3411 5241 3581 5299 auris

292 5405 310 5447 l
347 5400 575 5466 Coloss.
608 5418 676 5485 ιι,
708 5403 808 5467 lli.
893 5401 1111 5467 ηοω.
1147 5417 1228 5482 tv,
1271 5404 1368 5465 l0.
1454 5403 1541 5467 51
1572 5406 1713 5474 Cor.
1738 5426 1861 5493 xm,
1901 5412 1999 5474 12.
2086 5406 2117 5455 4
2145 5401 2322 5466 Joan.
2356 5417 2462 5480 vn,
2485 5398 2585 5463 38.
2673 5400 2704 5450 ι
2732 5401 2905 5463 Joan.
2938 5417 3024 5477 tv,
3058 5399 3154 5464 l3.

294 5613 420 5698 (33)
450 5611 533 5680 Ita
578 5634 683 5680 sex
716 5634 862 5680 mss.
905 5620 979 5679 At
1005 5618 1190 5703 edi‘io
1245 5616 1433 5681 Paris.
1489 5619 1545 5677 ὶν
1577 5627 1654 5696 τῷ
1699 5624 1863 5703 ἀγῶνι
1950 5625 2009 5687 in
2035 5621 2218 5684 veteri
2242 5637 2380 5680 vero
2415 5616 2663 5696 perinde
2687 5624 2862 5697 atque
2908 5615 2966 5675 in
3000 5617 3276 5693 Vulgata,
3328 5629 3588 5702 impetus

308 5697 313 5698 ,
414 5706 463 5756 κ
1112 5697 1133 5748 l
1748 5697 1758 5703 ν

459 5778 537 5870 τᾷ
566 5780 861 5858 ὁρμήματα
883 5778 1199 5872 εὒφρίνουσιι,
1228 5781 1492 5860 impetus
1524 5780 1861 5863 laetiﬁcum,

205 5867 275 5919 et
300 5865 383 5919 tta
434 5867 629 5919 emtur
649 5863 711 5919 in
742 5875 894 5919 nova
918 5861 1231 5919 Augustini
1260 5864 1525 5919 Onerum
1547 5863 1811 5919 editian
1848 5889 1860 5919 τ

205 5867 275 5924 et
300 5861 383 5921 ita
410 5861 629 5940 legitur
649 5863 711 5920 in
742 5875 894 5921 nova
918 5861 1231 5939 Augustini
1260 5864 1525 5942 Operam
1547 5861 1811 5931 editione
1848 5889 1860 5931 :

1952 5705 2398 5860 ιωξίέὶῗηίὲοειηι
2428 5779 2607 5842 editio
2669 5779 2852 5852 Paris,
2910 5793 3225 5857 operarum
3281 5782 3594 5846 oscitantia

1951 5886 2055 5949 pro
2088 5865 2322 5941 οόράνιον
2357 5860 2534 5923 habet
2563 5861 2801 5938 οὐρανόν.
3564 5892 3571 5909 ί
