4108 6220
310 306 430 370 425

1453 311 1777 375 HOMILIA
1823 314 1905 377 IN
1951 313 2314 377 PSALMUM
2359 308 2538 376 XLV.

3568 305 3692 373 426

306 443 468 520 μένου
536 454 630 504 τοῦ
702 446 765 500 ἒκ
831 446 928 522 τῇς
982 443 1194 523 ἄγνοίας
1260 445 1346 502 καὶ
1417 446 1671 526 πονηρίας
1713 448 1958 522 σκότους,

2074 465 2186 524 :rgo
2213 447 2309 508 lux
2354 446 2416 508 in
2449 446 2735 508 mundum
2770 445 2948 517 venit,
2980 453 3044 507 ut
3065 445 3163 526 qui
3197 443 3458 506 ambulat
3491 445 3551 504 in
3590 462 3662 505 ea

307 535 482 610 πρωία
553 536 771 600 τούτους
833 534 1123 614 ἐγγίνεται,
1199 532 1350 592 Ἐπεὶ
1433 535 1522 592 οῦν
1586 539 1695 616 φῶς
1753 539 1826 604 είς
1873 540 1962 595 τὸν

2074 556 2166 597 mn
2200 537 2462 599 offendat
2490 537 2572 616 16,
2605 538 2732 613 ejus
2757 535 3040 597 auxilium
3064 543 3298 613 tempus
3337 535 3693 595 matutinum

310 623 512 698 κόσμον
571 624 846 700 ἐλήλυθεν,
911 624 1004 681 ἵνα
1035 624 1064 680 6
1093 631 1399 702 περιπατῶν
1429 624 1482 682 ἐν
1516 631 1656 700 αύτῷ
1687 628 1762 702 μὴ
1793 647 1962 706 προσ-

2074 627 2242 690 tllert.
2279 628 2381 688 Vel
2406 626 2555 688 forte
2594 626 2874 707 quoniam
2909 624 3094 686 multo
3129 643 3300 685 mane
3328 632 3451 684 erat
3486 640 3692 683 resur-

311 713 510 792 κὸπτῃ,
543 716 578 782 ἡ
631 715 852 790 βοήθεια
896 714 1053 772 αὐτοῦ
1097 714 1298 792 πρωίας
1345 714 1455 771 ἐστὶ
1512 717 1834 793 παρεκτική,
1880 715 1963 774 ’Ἦ

2074 715 2257 789 'ectio,
2291 714 2592 794 adjuvabit
2623 713 2784 776 Deus
2841 714 3140 775 civitatem
3203 731 3373 773 mane
3408 710 3696 786 diluculo,

311 803 460 882 τάχα
486 801 668 860 ἐπειδῆ
702 803 883 882 ὄρθρου
910 803 1096 880 βαθέος
1141 805 1176 871 ἡ
1234 801 1518 869 ἀνάστασις
1564 805 1652 876 ἧν,
1701 807 1962 882 βοηθήσει

316 894 344 949 6
380 893 506 958 Θεὸς
539 897 606 970 τῇ
638 891 792 950 πόλει
837 894 897 950 τὸ
959 894 1089 972 πρὸς
1121 893 1258 971 πρωὶ
1293 893 1428 971 πρωὶ
1457 891 1614 973 (39),
1647 895 1675 950 6
1706 895 1803 963 τὴν
1833 895 1971 951 κατὰ

314 988 412 1039 τοῦ
440 981 665 1038 θανάτου
713 982 868 1048 νίκην
911 982 1084 1059 πρωίᾳ
1132 985 1200 1058 τῇ
1247 982 1398 1060 τρίτῃ
1455 981 1630 1058 ἡμέρᾳ
1685 987 1784 1050 τῆς
1835 982 1973 1040 ἀνα-

321 1070 560 1135 στάσεως
594 1070 983 1148 ἐργασάμενος,

409 1160 468 1222 6.
575 1158 990 1239 Ἐταράχθησαν
1101 1159 1248 1240 ἔθνη,
1354 1158 1565 1217 ἔκλιναν
1678 1159 1970 1244 βασιλεῖαι,

325 1248 488 1305 ἔδωκε
545 1248 729 1328 φωνὴν
793 1249 950 1304 αὐτοῦ
1011 1250 1038 1304 6
1090 1245 1393 1329 ”Υψιστος,
1473 1248 1732 1318 ὲσαλεύθη
1789 1252 1823 1319 ἡ
1874 1256 1972 1330 γῆ,

330 1340 538 1404 Νόησον
587 1359 678 1412 μοι
752 1337 871 1394 τινὰ
927 1336 1084 1394 πόλιν
1141 1335 1618 1414 ἐπιϐουλευομένην
1673 1340 1816 1418 παρὰ
1868 1347 1976 1397 τῶν

328 1427 808 1498 ἐπιστρατευόντων
870 1429 1004 1504 αὒτῇ
1059 1426 1359 1502 πολεμίων,
1402 1428 1534 1492 τέως
1591 1429 1688 1503 μὲν
1719 1433 1975 1502 περικαθ-

329 1517 593 1592 εζομένων
645 1515 760 1587 (40)
832 1516 999 1584 αὗτῆν
1071 1516 1232 1574 ἐθνῶν
1284 1516 1501 1575 πολλῶν
1556 1520 1644 1574 καὶ
1715 1517 1974 1594 βασιλέων

330 1611 434 1662 τῶν
484 1605 602 1664 καθ’
656 1606 882 1664 ἕκαστον
925 1605 1072 1670 ἔθνος
1143 1606 1207 1662 τὰ
1263 1606 1505 1685 σκῆπτρα
1556 1605 1922 1688 διαλαχόντων
1955 1627 1970 1644 ο

329 1697 453 1753 εἶτά
511 1697 627 1752 τωά
691 1697 1013 1774 στρατηγὸν,
1071 1694 1288 1776 ἄμαχον
1351 1695 1445 1762 τὴν
1502 1695 1714 1773 ῥώμην,
1772 1697 1973 1774 ἀθρόως

327 1786 649 1866 ἐπιφανέντα
704 1787 775 1851 είς
843 1783 1092 1862 βοήθειαν
1162 1791 1231 1860 τῇ
1301 1783 1454 1840 πόλει
1517 1787 1708 1867 ταύτῃ,
1781 1785 1973 1844 λύοντα

326 1876 426 1951 μὲν
505 1876 604 1942 τὴν
663 1874 994 1954 πολιορκίαν,
1075 1872 1421 1931 σκεδαννύντα
1485 1873 1539 1930 δὲ
1589 1876 1688 1944 τὴν
1747 1897 1970 1956 συστρο-

327 1966 433 2044 φὴν
475 1971 580 2021 τῶν
633 1965 820 2044 ἐθνῶν,
889 1965 960 2026 εἷς
1038 1964 1212 2044 φυγὴν
1269 1963 1323 2019 δὲ
1375 1965 1496 2030 τοὺς
1547 1965 1790 2042 βασιλεῖς
1847 1989 1972 2024 συν-

329 2055 612 2112 ελαύνοντα
672 2052 731 2109 ἐκ
789 2055 952 2128 μόνου
995 2061 1086 2110 τοῦ
1142 2050 1404 2128 εμϐοῆσαι
1467 2054 1580 2130 (41)
1623 2056 1806 2118 αῦτοϊς
1837 2057 1972 2132 μετὰ

326 2140 623 2218 δυνάμεως,
683 2141 1018 2209 καταπλῆξαί
1076 2163 1136 2199 τε
1212 2144 1385 2200 αὐτῶν
1459 2143 1554 2207 τὰς
1611 2143 1823 2222 καρδίας
1903 2151 1972 2222 τῇ

329 2231 637 2310 στεῤῥότητι
695 2236 792 2301 τῆς
851 2237 1060 2311 φωνῆς.
1123 2232 1303 2298 Πόσην
1375 2231 1463 2288 οῦν
1523 2233 1663 2297 εἰκὸς
1727 2233 1974 2312 ταραχὴν

330 2327 610 2394 συστῆναι,
669 2329 774 2378 τῶν
825 2321 986 2378 ἐθνῶν
1065 2319 1428 2402 διωκομένων,
1505 2322 1594 2377 καὶ
1650 2325 1756 2378 τῶν
1815 2322 1976 2397 βασι·-

330 2411 466 2469 λὲων
524 2413 597 2476 εἰς
652 2412 823 2492 φυγην
865 2409 1220 2468 ἐκκλινάντων
1257 2428 1272 2445 ⁸
1331 2413 1481 2490 θροῦν
1534 2407 1590 2466 δέ
1618 2432 1736 2467 τινα
1766 2408 1976 2487 ἄσημον

330 2503 418 2558 καὶ
465 2501 608 2582 ἦχον
670 2499 1079 2557 ἀκατάπαυστον
1128 2497 1188 2554 ἐκ
1234 2501 1334 2566 τῆς
1389 2496 1813 2577 τεθορυϐημένης
1875 2502 1974 2557 αῦ-

330 2593 438 2648 τῶν
509 2591 676 2672 φυγῆς
732 2589 1158 2664 ἀναπέμπεσθαι,
1239 2589 1412 2649 πάντα
1468 2586 1522 2644 δὲ
1579 2593 1740 2646 τόπον
1791 2588 1974 2669 πλήρη

333 2684 474 2736 sint
530 2685 635 2734 τῶν
689 2679 789 2735 ὑπὸ
848 2676 1044 2740 δειλίας
1114 2675 1558 2756 φυγαδευθέντων,
1617 2677 1754 2734 ὥστε
1811 2676 1973 2738 σάλον

331 2768 623 2845 ἐγγίνεσθαι
682 2773 966 2845 πανταχοῦ
1015 2778 1136 2830 ταῖς
1178 2763 1599 2846 ὑποδεχομέναις
1649 2767 1836 2829 αὐτοὺς
1868 2766 1974 2822 πό-

331 2856 477 2912 λειιν
508 2856 542 2924 ἢ
574 2855 788 2931 κώμαις
823 2876 840 2928 ;
875 2855 984 2922 Τὴν
1031 2855 1284 2922 τοιαύτην
1335 2862 1424 2912 οῦν
1454 2855 1740 2932 παρίστησι
1771 2858 1838 2932 τῇ
1865 2855 1973 2913 πό-

2051 806 2270 885 quippe
2294 804 2394 886 qui
2421 806 2592 866 tertia
2646 803 3099 866 resurrectionis
3131 801 3227 862 die
3261 801 3550 863 matutina
3582 800 3699 864 vic-

2055 895 2263 956 toriam
2291 913 2322 955 a
2358 903 2546 956 morte
2574 893 2912 975 reportarit.

2139 1164 2193 1223 6.
2228 1161 2406 1225 Vlns.
2441 1163 2503 1224 7.
2535 1160 2929 1223 Conturbatae
2969 1167 3110 1221 sunt
3138 1167 3368 1242 gentes,
3405 1158 3704 1222 inclinata

2057 1259 2200 1313 sunt
2230 1269 2416 1326 regna
2451 1269 2463 1313 :
2499 1250 2666 1314 dedit
2693 1266 2894 1312 vocem
2928 1266 3116 1310 suam
3140 1249 3699 1326 Altissimus,oom-

2059 1347 2214 1402 mota
2241 1348 2324 1403 est
2364 1349 2548 1402 terra.
2585 1338 2791 1416 Cogita
2821 1337 3113 1399 civitatem
3139 1339 3393 1419 aliquam
3429 1355 3581 1406 esse,
3604 1336 3702 1398 cui

2058 1429 2294 1492 insidiae
2317 1438 2624 1491 struantur
2647 1428 2721 1489 ab
2745 1426 3226 1509 oppugnantibus
3243 1447 3372 1489 eam
3400 1425 3698 1506 hostibus,

2058 1537 2231 1600 quam
2266 1520 2502 1581 interim
2556 1517 2872 1580 obsideant
2918 1523 3128 1595 gentes
3173 1517 3373 1578 multae
3419 1523 3476 1577 et
3505 1533 3698 1597 reges,

2057 1607 2158 1686 qui
2213 1607 2584 1685 singularum
2645 1607 2950 1669 nationum
3000 1616 3238 1687 sceptra
3292 1605 3482 1669 sortiti
3540 1606 3699 1680 sint;

2057 1698 2276 1760 deinde
2307 1701 2520 1760 ducem
2553 1698 2832 1779 aliquem,
2889 1695 3107 1759 robore
3156 1696 3463 1767 invictum,
3520 1694 3700 1756 dere-

2055 1795 2232 1867 pente
2253 1786 2517 1867 conspici
2547 1785 2620 1848 ad
2643 1785 2960 1848 ferendum
2985 1783 3127 1848 huic
3149 1783 3370 1847 civitati
3391 1783 3698 1858 auxilium,

2055 1879 2180 1954 qui,
2215 1877 2407 1938 soluta
2435 1875 2770 1951 obsidione,
2805 1877 3070 1954 gentium
3095 1875 3347 1954 dissipet
3376 1873 3704 1954 dispergat-

2054 1983 2172 2047 que
2205 1964 2666 2041 multitudinem,
2700 1983 2769 2027 ac
2795 1983 2967 2044 reges
2996 1965 3158 2045 ipsos
3178 1965 3236 2024 in
3262 1964 3454 2043 fugam
3485 1969 3696 2036 vertat,

2054 2055 2105 2115 si
2156 2055 2349 2118 solum
2385 2074 2490 2117 eos
2536 2073 2667 2117 cum
2705 2055 2970 2134 potentia
3016 2053 3320 2132 inclamet,
3373 2069 3702 2132 eorumque

2055 2145 2237 2206 corda
2267 2145 2424 2207 vocis
2475 2144 2751 2206 ﬁrmitate
2811 2150 3160 2225 perterreat.
3199 2140 3486 2214 Quantam
3521 2139 3704 2219 igitur

2056 2233 2380 2295 verisimile
2426 2243 2517 2296 est
2546 2231 2943 2294 turbationem
2984 2233 3249 2300 excitari.
3311 2230 3451 2292 dum
3489 2233 3702 2310 gentes

2056 2323 2354 2401 fugantur,
2389 2331 2449 2384 et
2499 2340 2674 2402 reges
2731 2322 2790 2383 in
2822 2323 3018 2400 fugam
3071 2328 3381 2384 vertuntur
3403 2319 3432 2379 ?
3465 2321 3701 2397 qualem

2059 2431 2295 2492 quoque
2349 2412 2670 2474 clamorem
2714 2411 3050 2484 confusum,
3101 2421 3159 2473 et
3189 2411 3446 2473 sonitum
3482 2425 3700 2488 perpe-

2061 2511 2223 2562 tuum
2287 2520 2356 2564 ex
2415 2501 2782 2564 tumultuosa
2828 2500 3070 2563 illorum
3122 2501 3257 2580 fuga
3294 2498 3438 2560 edi?
3491 2499 3704 2561 Nonne

2058 2591 2309 2652 credere
2339 2609 2442 2672 par
2471 2599 2565 2652 est
2596 2592 2786 2652 locum
2820 2609 3060 2652 omnem
3095 2589 3168 2652 iis
3211 2589 3310 2672 qui
3341 2607 3461 2670 prie
3492 2588 3703 2647 timore

2057 2680 2237 2758 fugati
2290 2688 2449 2752 sunt,
2484 2679 2928 2760 repleri?ade0
2981 2689 3045 2742 ut
3075 2679 3301 2760 ubique
3359 2678 3419 2738 in
3453 2675 3702 2738 urbibus

2057 2779 2160 2829 aut
2189 2769 2330 2829 vicis
2384 2787 2488 2830 eos
2535 2767 2974 2849 excipientibus
3027 2770 3325 2832 excitetur
3355 2766 3700 2829 commotio.

2057 2857 2258 2920 Talem
2302 2857 2482 2935 igitur
2532 2876 2700 2938 spem
2757 2859 2975 2922 civitati
3007 2859 3112 2922 Dei
3143 2878 3178 2920 a
3209 2858 3517 2921 Salvatore
3548 2855 3702 2916 dan-

332 2945 412 3003 λει
443 2953 535 3003 τοῦ
562 2952 692 3002 Θεοῦ
721 2946 862 3023 παρὰ
904 2955 996 3004 τοῦ
1040 2945 1288 3024 Σωτῆρος
1332 2944 1620 3021 ἀντίληψιν
1650 2947 1705 3001 ἓν
1753 2951 1831 3020 τῷ
1877 2943 1975 3002 λέ-

2074 2947 2194 3009 iam
2227 2965 2359 3008 rsse
2385 2947 2668 3023 ostendit,
2704 2947 2844 3009 dum
2893 2948 3038 3011 dicit
3067 2967 3080 3012 :
3137 2947 3542 3010 Conturbatw
3565 2951 3706 3006 sunt

332 3057 445 3114 γειν
481 3049 495 3066 ⁸
594 3033 1004 3114 Ἐταραχθησαν
1110 3033 1258 3113 ἔθνη,
1358 3032 1568 3091 ἔκλιναν
1679 3034 1972 3111 βασιλεῖαι,

2074 3045 2279 3116 ventes,
2313 3036 2614 3099 inclinata
2656 3045 2798 3099 sunt
2848 3055 3066 3118 regna,
3107 3038 3273 3102 dedit
3303 3054 3501 3100 vocem
3534 3052 3705 3096 suam

333 3124 497 3182 ἔδωκε
569 3125 752 3202 φωνὴν
810 3126 968 3181 αὐτοῦ
1023 3125 1051 3180 6
1111 3121 1406 3200 ”ὶ’ψιστος,
1466 3122 1724 3192 ἐσαλεύθη
1786 3125 1820 3192 ἡ
1877 3129 1976 3202 γῆ.

2074 3126 2438 3201 Altissimus,
2475 3136 2771 3189 commota
2795 3136 2878 3189 est
2902 3135 3089 3190 terra.
3120 3126 3300 3190 Vsus.
3327 3126 3385 3191 8.
3418 3126 3705 3186 Dom-inus

337 3216 521 3292 Κύριος
617 3215 722 3268 τῶν
809 3211 1080 3285 δυνάμεων
1159 3212 1276 3289 μεθ’
1374 3214 1552 3292 ἡμῶν,
1639 3212 1978 3292 ἀντιλήπτωρ

2074 3217 2354 3279 uirtutum
2384 3217 2719 3297 nobiscum,
2745 3226 3052 3297 susceptor
3075 3224 3281 3280 noster
3307 3216 3468 3279 Deus
3495 3212 3700 3276 Jacob.

336 3305 491 3375 ἡμῶν
553 3305 577 3359 ὃ
623 3303 753 3365 Θεὸς
800 3301 992 3360 Ἰακώϐ
1023 3299 1172 3383 (42).
1223 3300 1349 3361 Εἶδι
1381 3304 1470 3360 τὸν
1503 3301 1980 3381 ἑνανθρωπήσαντα

2074 3307 2226 3367 Vidit
2257 3307 2627 3368 incarnatum
2661 3305 2872 3379 Deum,
2929 3307 3074 3368 vidit
3129 3325 3200 3369 ex
3231 3313 3436 3368 sancta
3459 3302 3705 3382 Virgine

337 3394 492 3466 Θεὸν,
540 3391 647 3449 εἶδε
703 3394 792 3449 τὸν
842 3392 902 3448 ἐκ
953 3392 1215 3470 Παρθένου
1264 3393 1415 3470 ἁγίας
1467 3392 1785 3471 γεννηθέντα
1843 3391 1977 3468 Ἐμ-

2074 3398 2326 3476 genitum
2357 3395 2749 3457 Emmanuel:
2789 3395 2946 3476 quod
2991 3397 3043 3458 si
3073 3396 3208 3478 quis
3256 3397 3702 3474 interpretetur,

341 3481 622 3552 ιιανουήλ⁹
685 3481 714 3538 ὅ
773 3482 885 3538 ἐστι
957 3482 1480 3561 μεθερμηνευόμενον
1541 3479 1667 3538 Μεθ’
1743 3483 1898 3558 ἡμῶν
1953 3484 1980 3538 ὁ

2074 3496 2234 3548 sonat
2263 3485 2582 3549 Nobiscum
2623 3484 2847 3547 Deus”
2871 3507 2886 3562 ;
2911 3495 2968 3546 et
2998 3487 3109 3548 hac
3139 3485 3213 3546 de
3245 3502 3424 3546 causa
3457 3483 3709 3562 prophe-

343 3573 472 3636 Θεὸς
502 3591 514 3604 ⁶
599 3573 687 3628 καὶ
741 3570 826 3629 διὰ
910 3578 1064 3629 τοῦτο
1117 3577 1461 3653 προφητικῶς
1520 3568 1683 3644 ἐκϐοᾷ
1716 3586 1730 3600 ⁶
1794 3572 1980 3650 Κύριος

2074 3575 2179 3638 tice
2211 3575 2499 3637 exclamat
2534 3595 2546 3636 :
2577 3575 2869 3637 Dominus
2895 3577 3186 3637 virtutum
3219 3574 3568 3646 nobiscum;
3603 3589 3705 3632 os-

339 3667 447 3717 τῶν
504 3660 772 3736 δυνάμεων
833 3659 951 3737 μεθ’
991 3663 1145 3736 ἡμῶν
1178 3680 1189 3692 ·
1242 3659 1467 3739 δεικνὺς,
1516 3658 1594 3716 ὅτι
1638 3667 1787 3724 οὗτος
1837 3658 1979 3717 ἔστιν

2074 3665 2320 3727 tendens
2363 3664 2522 3727 hunc
2561 3682 2696 3725 esse
2721 3664 2822 3744 qui
2856 3665 3076 3726 sanctis
3097 3663 3406 3746 prophetis
3435 3659 3710 3741 apparuit

343 3754 371 3807 6
416 3763 531 3815 τοῖς
562 3751 738 3829 ἁγίοις
770 3752 1068 3832 προφήταις
1103 3751 1190 3807 καὶ
1225 3749 1584 3829 πατριάρχαις
1622 3749 1980 3830 ἑμφανισθείς.

2074 3762 2242 3834 atque
2275 3752 2648 3834 patriarchis.
2701 3752 3030 3832 Susceptor
3078 3761 3301 3834 uoster,
3338 3751 3554 3832 inquit,
3589 3767 3708 3813 non

349 3839 718 3918 Ἀντιλήπτωρ
761 3842 938 3916 ημῶν,
997 3842 1179 3920 φησὶν,
1240 3840 1364 3920 οὺχὶ
1431 3837 1589 3904 ἄλλος
1653 3841 1782 3903 Θεὸς
1843 3840 1980 3917 παρᾶ

2074 3843 2221 3905 alius
2256 3843 2412 3905 Deus
2447 3851 2660 3922 praeter
2692 3860 2827 3904 eum
2851 3843 2949 3923 qui
2975 3842 3225 3904 traditus
3265 3852 3408 3903 esta
3443 3840 3708 3920 prophe-

342 3931 434 3987 τὸν
491 3931 595 3986 ὑπὸ
650 3937 756 3987 τῶν
803 3935 1091 4010 προφητῶν
1142 3927 1557 4009 παραδιδόμενον
1595 3951 1607 3963 ·
1645 3926 1766 3985 ἀλλ’
1795 3931 1822 3985 ὁ
1853 3931 1980 3992 Θεὸς

2074 3934 2182 4008 tis;
2215 3933 2319 3994 sed
2352 3931 2508 3994 Deus
2567 3931 2747 3994 Jacob
2807 3933 2905 4013 qui
2969 3934 3028 3994 in
3078 3931 3319 3994 oraculo
3348 3931 3416 3991 ad
3471 3945 3706 3989 servum

345 4017 535 4076 Ἰακὼϐ
588 4017 734 4098 (43),
783 4021 811 4076 6
856 4019 909 4075 ἐν
951 4027 1028 4093 τῷ
1060 4019 1430 4100 χρηματισμῷ
1474 4019 1606 4097 πρὸς
1650 4019 1742 4075 τὸν
1798 4019 1980 4078 ἑαυτοῦ

2074 4041 2239 4084 suum
2267 4021 2426 4082 edito
2457 4021 2685 4083 locutus
2716 4030 2844 4104 est:_
2863 4022 2994 4104 Ego
3025 4039 3158 4084 sum
3199 4020 3353 4082 Deus
3377 4017 3704 4097 Abraham,

344 4109 635 4186 θεράποντα
665 4107 968 4189 διαλεχθείς
997 4127 1010 4143 ·
1049 4106 1192 4188 Ἐγὼ
1237 4110 1344 4184 εἰμι
1378 4111 1405 4165 6
1437 4109 1565 4172 Θεὸς
1601 4105 1864 4188 Ἀϐραὰμ,
1895 4109 1980 4165 καὶ

2074 4117 2221 4176 ()eus
2251 4113 2445 4184 Isaac,
2481 4120 2538 4176 et
2573 4113 2731 4176 Deus
2760 4101 2940 4178 laeuo
2970 4113 3040 4174 *8.

345 4201 372 4254 6
404 4199 530 4261 Θεὸς
564 4195 771 4278 Ἰσαὰκ,
801 4201 888 4255 καὶ
922 4201 948 4256 ὁ
983 4200 1112 4260 Θεὸς
1145 4195 1360 4260 Ἰακώϐ.

425 4289 484 4349 7,
551 4298 707 4347 Δεῦτε
755 4290 842 4345 καὶ
887 4287 1026 4345 ἴδετε
1073 4289 1139 4345 τὰ
1197 4287 1322 4366 ἔργα
1351 4288 1444 4343 τοῦ
1473 4292 1625 4357 Θεοῦ,
1656 4285 1687 4346 ἄ
1717 4286 1860 4344 ἔθετο
1891 4289 1980 4344 τέ-

2158 4293 2286 4353 I75
2302 4294 2337 4353 7
2351 4291 2726 4373 .VEns.9,tO.
2749 4293 2948 4354 Venite
2963 4291 3227 4354 ctvidete
3239 4305 3416 4369 opera
3438 4288 3713 4365 I)e-i,quat

348 4399 477 4454 ρατα
553 4377 638 4434 ἐπὶ
707 4377 804 4445 τῆς
885 4383 1013 4457 γῆς,
1096 4379 1424 4455 ἀνταναιρῶν
1479 4373 1746 4450 πολέμους
1815 4377 1980 4458 μέχρι

2074 4384 2256 4446 posuit
2279 4383 2562 4464 prodigia
2583 4401 2762 4461 super
2792 4391 3036 4448 terram.
3065 4381 3340 4457 auferens
3353 4377 3506 4440 bella
3522 4391 3712 4464 usque

347 4473 452 4524 τῶν
508 4469 751 4538 περάτων
803 4473 903 4533 τῆς
963 4468 1086 4546 γῆς.
1147 4468 1278 4530 Τοὺς
1325 4465 1528 4543 μακρὰν
1559 4461 1713 4529 ὄντας
1747 4477 1837 4527 τοῦ
1883 4468 1980 4525 λό-

2074 4472 2146 4533 ad
2159 4461 2776 4552 ﬁnesterrie.Eos,qui
2795 4469 2999 4552 procul
3015 4478 3194 4531 sunta
3216 4465 3394 4528 verbo
3418 4463 3709 4538 veritatis,

350 4579 446 4634 γου
487 4557 582 4625 τῆς
625 4555 872 4625 ἀληθείας
921 4559 993 4622 εἰς
1046 4557 1142 4626 τὴν
1173 4555 1256 4614 διὰ
1286 4557 1382 4625 τῆς
1425 4556 1767 4631 ἒπιγνώσεως
1821 4557 1980 4638 ἐγγύ-

2074 4558 2374 4643 Scriptura
2404 4559 2611 4625 invitat
2640 4570 2703 4624 ut
2733 4561 2806 4624 ad
2841 4579 2969 4623 eam
3016 4577 3121 4640 per
3141 4556 3544 4636 cognitionem
3580 4571 3711 4632 pro-

433 4725 486 4769 ts
509 4727 677 4790 ιοδη,
712 4743 792 4801 χι,
827 4727 890 4809 9,
927 4725 1020 4790 10,
1108 4725 1159 4769 1⁷1
1189 4727 1400 4790 Matth.
1436 4744 1478 4803 1,
1515 4725 1616 4790 23.
1702 4724 1758 4769 18
1783 4723 1974 4790 Exod.
2008 4745 2096 4804 III,
2128 4732 2186 4795 6.

438 4886 561 4967 (39)
598 4888 718 4947 Vox
751 4889 892 4964 πρωί
921 4886 1112 4968 semel
1156 4885 1440 4968 duntaxat
1471 4887 1688 4968 legitur
1718 4887 1778 4949 in
1811 4889 1991 4952 editis

355 4966 688 5049 et_in_mss.
710 4966 1015 5049 nonnullis
1043 4989 1055 5027 :
1083 4967 1186 5049 sed
1230 4966 1322 5030 bis
1340 4966 1623 5049 scribitur
1651 4969 1710 5029 in
1743 4976 1994 5049 quatuor

355 5046 642 5110 aliisHoc
677 5047 802 5127 ipso
852 5049 910 5109 in
943 5047 1073 5109 loco
1115 5047 1295 5110 editio
1340 5046 1526 5109 Paris.
1580 5051 1607 5104 ὁ
1642 5055 1707 5126 τῇ
1737 5046 1872 5106 κατὰ
1902 5059 1994 5110 τοῦ

353 5129 577 5185 θανάτου
607 5129 725 5198 νίκῃ
748 5131 956 5203 πρωίαν
983 5135 1052 5206 τῇ
1079 5131 1376 5221 τρίτηβῑϐ.
1399 5127 1523 5204 Qui
1537 5131 1994 5221 pervietort'um

357 5226 436 5270 ea:
447 5215 635 5270 marte
647 5215 1017 5288 reportatum
1038 5208 1688 5288 tertiairesurrectionis
1699 5208 1798 5271 die
1811 5218 2000 5274 matu-

356 5290 554 5370 tinum
575 5287 802 5366 tempus
825 5289 1040 5370 effecit.
1077 5294 1159 5370 A_t_
1202 5287 1368 5370 Regii
1402 5288 1634 5370 tertius,
1668 5299 1912 5370 quartus
1942 5298 2000 5352 et

358 5368 606 5449 quintus
623 5388 741 5430 non
758 5367 932 5431 secus
951 5386 1018 5428 ac
1036 5367 1364 5430 Colbertini
1389 5368 1471 5449 pri
1485 5387 1637 5444 mus,
1671 5367 1910 5448 quintus
1941 5379 1999 5433 et

360 5458 561 5538 sextus
581 5467 714 5538 cum
749 5449 1020 5538 Coisl._et
1063 5467 1198 5510 cum
1251 5449 1502 5538 quadam
1534 5467 1712 5538 quam
1743 5450 2000 5538 Ducaeus

361 5529 560 5589 laudat
581 5529 828 5603 Catena,
856 5531 996 5591 utin
1021 5525 1322 5590 contextu.
1346 5525 1466 5589 Nec
1495 5525 1668 5590 aliter
1698 5528 1913 5606 legitur
1937 5531 1997 5592 in

364 5609 624 5671 clitiune
657 5610 838 5671 Basil.
867 5621 924 5671 et
946 5613 1003 5671 in
1032 5612 1229 5687 Regiis
1261 5607 1523 5669 secundo
1567 5617 1626 5667 et
1662 5622 1849 5687 sexto,
1887 5610 1998 5670 nisi

363 5690 519 5766 quod
547 5690 764 5750 1ιίΙώιῆ
799 5709 904 5768 pro
959 5693 1137 5766 πρωίᾳ
1170 5687 1425 5749 habeant
1457 5690 1618 5760 πρωί.
1659 5689 1827 5765 Apud
1858 5688 1999 5751 LXX

362 5779 559 5832 autem
591 5769 678 5832 sic
709 5771 932 5831 editum
965 5770 1328 5845 invenimus,
1355 5770 1612 5846 βοηθήσει
1644 5771 1777 5846 αὐτῇ
1811 5773 1837 5827 ὁ
1870 5775 1999 5836 Θεὸς

2074 4903 2148 4966 τῷ
2182 4893 2469 4969 πρυσώπῳ,
2502 4892 2812 4966 adiuvabit
2835 4909 2970 4954 eam
3009 4891 3163 4951 Deus
3193 4885 3387 4950 vultu.

2157 4973 2277 5052 (10)
2305 4971 2398 5034 Sit,
2430 4970 3393 5052 Reg.secundusdertius,qnartus
3425 4975 3477 5052 et
3515 4976 3716 5026 sextus

2077 5073 2206 5114 cum
2235 5049 2400 5132 Citii).
2437 5049 2648 5132 primo.
2685 5051 2835 5113 Edili
2867 5060 2972 5108 τῶν
3015 5049 3571 5132 ἐπιστρα-πενομένων,

2165 5134 2285 5207 (4t)
2320 5126 2510 5194 Etlitio
2543 5133 2719 5195 Basil.
2759 5142 2817 5192 el.
2850 5151 2991 5195 mss.
3024 5126 3291 5192 nonnulli
3326 5126 3602 5207 ἐκέἰωῇτειιἶ

2161 5204 2282 5292 (42]
2319 5212 2529 5274 Nostra
2557 5211 2737 5274 editio
2760 5211 2948 5273 Paris.
2979 5231 3111 5273 cum
3134 5208 3366 5292 duobus
3394 5225 3538 5292 mss.
3581 5204 3716 5292 Be-

3456 5288 3468 5306 Ί

2079 5296 2191 5372 giis
2222 5290 2692 5371 ἐνκειθςκηπίσαντα.
2749 5292 2820 5354 Αι
2849 5293 3114 5372 quinque
3141 5290 3241 5352 alii
3278 5307 3417 5350 mss.
3456 5290 3714 5360 ἒναοθςιω-

2082 5377 2324 5444 πιςπιντα

2167 5455 2288 5533 (43)
2325 5457 2384 5516 lit
2411 5474 2445 5531 ις
2501 5451 2800 5513 secundus
2830 5452 3168 5530 ἂνῖιλήπτωρ
3212 5453 3362 5518 ἡμῶν
3397 5451 3422 5504 6
3451 5450 3575 5501 926;
3607 5446 3721 5533 ὶίατ

2082 5522 2193 5590 uti);
2227 5559 2236 5568 -
2272 5522 2442 5612 ίιόχίῗ
2472 5531 2690 5594 Ibidem
2752 5531 2894 5593 lfditi
2925 5535 3059 5604 ἡμῖν
3121 5522 3560 5612 παραδιδόμενον.
3607 5522 3720 5585 Ubi

2084 5608 2518 5673 (il-servandum
2556 5615 2810 5689 primum
2843 5631 3040 5672 vocem
3086 5618 3214 5692 ἱιμῐν
3247 5609 3305 5670 in
3344 5608 3558 5692 nostris
3590 5611 3720 5692 ueto

2089 5713 2226 5753 mss.
2262 5693 2472 5754 deesse
2508 5711 2520 5753 :
2551 5683 2769 5754 deinde
2805 5710 2908 5772 pro
2960 5691 3372 5766 παραδιδόμενον
3405 5688 3463 5748 in
3497 5683 3723 5745 codici-

2085 5775 2196 5834 bus
2222 5773 2522 5835 nonnullis
2543 5774 2654 5854 legi
2681 5771 3130 5851 παραδεδομένον.
