4108 6220
321 335 434 401 433
1390 337 1715 401 HOMILIA
1759 335 1841 396 IN
1887 329 1943 393 Pi

2061 338 2247 399 .MUM
2294 341 2567 403 XLVIII.
3563 342 3683 406 434

315 496 418 543 σης
444 474 903 555 ὓπσρανάστηκεν,
955 474 1092 533 ὥστε
1124 473 1176 541 ἐξ
1219 473 1459 533 ἀπόπτου
1516 473 1687 531 πάντ»
1728 470 1860 529 ἲδεῖν
1892 470 1937 527 τε

2064 469 2185 534 ideo
2207 475 2425 537 vocalis
2447 493 2661 559 praeco,
2702 484 2766 539 ut
2787 476 3067 539 inclamet
3097 476 3253 557 quod
3275 495 3309 537 a
3331 483 3413 537 tot
3436 477 3686 540 auribus

315 566 461 639 ἔθνη,
520 567 609 623 καὶ
657 571 831 623 πᾶσαν
892 567 991 634 τὴν
1068 566 1383 642 οἰκουμένην
1432 564 1687 645 ὀφθαλμῷ
1729 560 1937 641 περιλα-

2056 560 2213 625 simul
2235 566 2540 628 audiatur?
2569 565 2710 638 Quis
2744 566 2905 627 locus
2939 572 3010 628 ad
3046 566 3393 630 concionem
3430 567 3678 629 venien-

315 656 455 732 6e'tv;
484 658 573 721 Τίς
618 656 757 717 οὕτω
808 656 1324 737 μύγαλοφωνότατος
1384 652 1567 734 κῆρυξ,
1602 654 1739 713 ὥστε
1772 652 1937 709 τοσαύ

2062 668 2125 711 es
2148 662 2322 733 queat
2343 656 2649 736 excipere?
2667 656 2934 729 Quantus
2955 663 3151 718 autem
3176 656 3403 736 doctor,
3434 665 3492 718 et
3523 659 3681 737 quali

314 769 430 813 ταις
487 748 621 823 δμοῦ
667 747 857 809 ἀκοαῖς
919 744 1231 811 ἐξάκουστον
1280 743 1563 825 ἐμϐοῆσαις
1611 744 1698 805 Τίς
1730 745 1757 798 ὁ
1788 739 1936 822 δέχο-

2057 742 2327 820 :apientia
2343 745 2717 825 praeditus,ut
2737 745 3095 807 documenta
3117 746 3374 808 inveniat
3396 764 3679 808 consessu

314 840 433 894 σθαι
479 835 769 913 δυνάμενος
825 841 1004 917 χῶρος
1052 836 1173 901 τοὺς
1216 835 1683 913 ἐκκλησιάζοντας
1719 831 1936 900 Πηλίκοι

2057 839 2195 892 ante
2217 833 2422 913 digna?
2444 837 2735 915 Exspecta
2757 844 3165 918 parumper,et
3186 855 3254 898 ea
3275 855 3405 917 quae
3425 855 3679 917 sequun-

314 926 372 983 δὲ
409 929 437 983 ὁ
488 924 800 991 διδάσκαλος
848 928 936 983 καὶ
964 926 1203 989 ποτάπος
1255 925 1355 992 τὴν
1411 924 1620 1005 σοφίαν,
1667 923 1804 980 ὥστε
1836 918 1936 986 ἄξιε

2064 939 2152 997 ur,
2166 924 2749 1005 promissisiindigna
2772 944 2887 986 non
2920 944 3051 987 esse
3077 926 3339 998 cdisces;
3368 925 3679 1007 Siquidem

314 1016 410 1085 τῆς
439 1015 768 1084 τηλικαύτης
800 1013 1118 1083 Ἐκκλησίας
1338 1014 1567 1092 ἐξευρεῖν
1596 1014 1661 1069 τὰ
1691 1010 1936 1089 διδάγμα-

2062 1010 2449 1085 :oucionator,
2498 1024 2556 1076 et
2588 1015 2687 1095 qui
2714 1034 2921 1077 omnes
2954 1016 3250 1096 prmcouio
3283 1016 3466 1096 cogit,
3502 1017 3684 1077 Para-

314 1125 405 1182 τα;
436 1107 634 1185 Μικρὸν
675 1104 982 1180 ἀνάμεινον,
1014 1105 1099 1161 καὶ
1131 1106 1370 1185 μαθήσῃ,
1417 1102 1499 1161 ὅτι
1555 1100 1649 1167 ἂξα
1699 1100 1789 1158 τοῖ’)
1848 1100 1936 1157 ἐπ-

2066 1097 2224 1161 letus
2254 1110 2364 1177 est,
2401 1104 2499 1164 ille
2522 1102 2777 1185 Spiritus
2800 1104 3084 1178 veritatis,
3122 1123 3229 1185 per
3251 1106 3574 1186 prophetas
3629 1112 3688 1165 et

313 1194 650 1274 αγγέλματός
682 1194 792 1251 ἐστι
843 1194 909 1252 τά
953 1192 1163 1273 ἐφεξῆς.
1217 1193 1275 1252 Ὀ
1331 1194 1429 1269 μὶν
1460 1193 1560 1272 γὰρ
1592 1190 1935 1262 ἐκκλησίάζωπ

2063 1191 2335 1269 ιμοδιοιοδ
2362 1211 2463 1254 eos
2489 1212 2858 1273 congregans
2886 1195 2987 1275 qui
3024 1194 3277 1257 salutem
3309 1194 3685 1256 consecuturi

310 1286 401 1341 καὶ
456 1284 627 1342 πάντα
704 1282 985 1364 συγκαλῶν
1043 1291 1121 1359 τῷ
1174 1284 1473 1364 κηρύγματι
1531 1285 1559 1339 ὁ
1602 1279 1932 1358 Παράκλητόι

2062 1288 2221 1342 :rant:
2252 1301 2501 1361 quorum
2519 1284 2659 1364 quia
2683 1284 2753 1346 In
2770 1302 3009 1347 omnem
3035 1293 3266 1346 terram
3288 1285 3480 1346 exivit
3500 1302 3684 1345 sonus

311 1395 454 1454 εστι,
488 1375 550 1432 τὸ
580 1379 792 1449 Πνεῦμα
818 1378 917 1441 τῆς
944 1370 1217 1451 ἀληθείας,
1252 1371 1335 1429 διὰ
1364 1378 1649 1452 προφητῶν
1681 1372 1769 1428 καὶ
1811 1370 1933 1426 dum

2071 1378 2325 1450 orum,ct
2352 1378 2411 1433 in
2439 1374 2585 1449 ﬁnes
2606 1376 2770 1435 orbis
2795 1383 2974 1437 terra:
2998 1373 3181 1436 verba
3210 1372 3687 1449 eorum37;idcir-

311 1462 515 1521 στόλων
562 1463 802 1543 συνάγων
860 1459 985 1544 (64)
1046 1463 1168 1525 τοὺς
1229 1462 1588 1539 σωζομένους*
1645 1463 1718 1515 ὧν
1770 1457 1933 1515 ἐπειδί

2076 1477 2109 1518 o
2130 1458 2755 1536 dicit:Audile,cmues
2777 1482 2887 1541 gen
2900 1472 3068 1537 tes,et
3087 1481 3291 1525 omnes
3314 1465 3421 1543 qui
3444 1462 3692 1525 habita-

311 1554 401 1616 Εὶς
470 1553 679 1610 ἅπασαν
763 1552 861 1620 τῆν
934 1556 1037 1630 γῆν
1093 1551 1306 1619 ἐξῆλθεν
1374 1554 1401 1608 ὁ
1457 1550 1686 1631 φθόγγος
1759 1548 1929 1608 αὐτῶν

2068 1549 2117 1609 is
2138 1548 2359 1612 orbem.
2385 1550 2757 1632 Quapropter
2786 1562 2842 1613 et
2865 1550 3130 1614 Ecclesia
3166 1571 3233 1614 ex
3260 1550 3536 1613 omnibus
3556 1551 3683 1613 col-

309 1643 398 1698 καὶ
427 1644 499 1708 εἷς
549 1642 616 1698 τά
670 1640 872 1719 πέρατα
943 1644 1042 1707 τῆς
1102 1639 1415 1714 οἰκουμένης
1473 1640 1539 1697 τὰ
1591 1637 1803 1718 ῥήματα
1857 1640 1931 1696 a6-

2066 1650 2193 1702 ecta
2222 1652 2311 1704 est
2342 1644 2879 1725 conditionibus,ut
2902 1664 3077 1708 nemo
3112 1645 3210 1725 qui
3246 1663 3447 1707 exsors
3468 1643 3544 1704 sit
3566 1644 3685 1704 uti-

308 1738 442 1790 τῶν*
501 1731 585 1787 διά
642 1731 795 1788 τοῦτό
852 1745 1037 1811 φησιν’
1097 1727 1413 1809 Ἀκούσατε,
1468 1729 1638 1785 πάντα
1697 1727 1763 1783 τά
1806 1726 1927 1794 ἔθνη

2067 1731 2221 1793 itatis
2240 1732 2881 1812 relinquatur.Etenim
2906 1734 3396 1813 congregationes
3417 1743 3534 1794 tres
3552 1740 3688 1793 sunt

311 1824 399 1879 καὶ
474 1841 668 1885 παντες
740 1823 788 1875 οἱ
842 1828 1209 1883 κατοικοῦντες
1278 1819 1379 1886 τὴν
1457 1815 1795 1892 οἰκουμένην.
1861 1818 1933 1872 Διί

2061 1822 2622 1902 νοςιιιοτυιη,ιιυίὺυε
2649 1842 2828 1884 omne
2859 1824 3164 1884 hominum
3188 1842 3373 1902 genus
3404 1841 3683 1902 compre-

313 1913 400 1968 καὶ
453 1912 489 1979 ἡ
521 1907 811 1977 Ἐκκλησία
871 1909 931 1965 ἐκ
972 1907 1326 1966 παντοδαπῶν
1374 1905 1806 1982 ἐπίτηδευμάτων
1838 1928 1929 1962 συν

2067 1908 2340 1985 tenditur;
2372 1920 2578 1989 gentes
2601 1911 3015 1975 ethabitantes
3044 1912 3278 1987 orbem;
3303 1913 3616 1990 terrigenae
3630 1920 3689 1974 et

314 2001 568 2079 είλεκται,
630 1998 722 2056 ἵνα
764 1997 951 2074 μηδεὶς
1004 1998 1105 2064 ἔξω
1154 2004 1253 2066 τῆς
1311 1995 1569 2077 ὠφελείας
1632 1995 1936 2077 ἀπολειφθῇ.

2064 1999 2143 2061 ilii
2164 2000 2719 2081 hominum,divites
2737 2013 2794 2063 et
2818 2020 3132 2083 pauperes.
3158 2004 3345 2077 Quem
3374 2004 3551 2081 igitur
3573 2023 3686 2064 ex-

314 2101 473 2171 Τρεῖς
521 2090 621 2169 γὰρ
698 2090 797 2146 εἶσι
856 2087 1091 2164 συζυγίαι
1148 2094 1255 2144 τῶν
1308 2086 1690 2161 κεκλημένων,
1753 2086 1808 2142 ἐν
1860 2086 1936 2143 ait

2067 2107 2126 2153 ra
2154 2088 2493 2152 auditorum
2527 2091 3001 2169 reliquit?Alieni
3022 2111 3054 2154 a
3076 2093 3328 2172 (ide,per
3359 2101 3571 2171 gentes
3590 2111 3689 2153 vo-

312 2180 455 2237 ἀπαν
497 2180 558 2235 τδ
595 2179 701 2234 τὼν
752 2177 1040 2256 ἀνθρώπων
1104 2176 1414 2257 περιέχεται
1474 2175 1626 2255 γένος
1686 2176 1809 2243 ἔθνη
1852 2177 1934 2254 γάε

2056 2181 2148 2240 :ati
2178 2181 2482 2245 I785uut.
2520 2182 2631 2254 Qui
2668 2193 2907 2244 manent
2933 2183 2993 2243 in
3026 2182 3362 2260 Ecclesia,ii
3396 2192 3555 2257 sunt,
3578 2186 3678 2263 qui

313 2271 360 2327 οἱ
409 2275 779 2333 κατοικοῦντες
821 2270 920 2335 τὴν
978 2266 1311 2343 οἱκουμένην·
1361 2278 1614 2345 γηγενεῖς
1664 2267 1750 2323 καὶ
1780 2265 1826 2323 οί
1854 2266 1935 2322 uio

2064 2268 2300 2332 iabitaot
2330 2271 2565 2332 orbem.
2601 2270 2945 2351 Terrigenae
2975 2280 3113 2333 sunt
3167 2273 3266 2353 qui
3304 2282 3543 2334 terrena
3583 2291 3686 2333 sa-

311 2365 418 2415 τῶν
472 2358 782 2436 ἀνθρώπων
842 2355 1092 2415 πλούσιοι
1151 2357 1237 2413 καὶ
1297 2355 1547 2425 πένητες.
1609 2355 1735 2414 Τίνα
1782 2354 1933 2411 τοίνυπ

2062 2357 2207 2420 iiunt
2230 2369 2289 2423 et
2311 2360 2508 2421 carnis
2544 2360 2752 2441 placita
2779 2361 3345 2441 assequuntur.Filii
3377 2362 3684 2423 hominum

304 2449 411 2515 ἔξω
461 2446 811 2505 καταλέλοιπε
846 2449 948 2514 τῆς
1007 2444 1358 2524 ἀκρὸάσεως;
1413 2446 1473 2504 Οἱ
1525 2444 1795 2525 ἀλλότριοι
1851 2451 1920 2512 τῆ

2071 2450 2579 2529 unt,quiquodam
2613 2452 2786 2513 modo
2819 2451 3110 2513 rationem
3143 2464 3352 2513 curant
3384 2459 3688 2512 exercent-

310 2540 542 2601 πίστεως
590 2536 674 2594 διά
709 2535 833 2617 (65)
892 2537 997 2592 τῶν
1058 2534 1219 2592 ἐθνῶν
1274 2533 1600 2605 ἐκλήθησαν.
1662 2537 1728 2592 Οἳ
1785 2556 1839 2590 εν
1883 2541 1932 2611 1i

2066 2555 2318 2617 )ue;nam
2343 2542 2492 2601 ratio
2519 2540 2754 2622 propria
2778 2540 3037 2601 hominis
3059 2540 3433 2603 est.Divitum
3453 2559 3525 2601 ac
3550 2558 3688 2618 pau-

309 2626 606 2700 Ἐκκλησίᾳ
662 2627 812 2700 εἰσὶν,
881 2627 927 2681 οἱ
998 2624 1370 2687 κατοικούντες
1447 2625 1546 2691 τὴν
1613 2624 1927 2700 οἰκουμένην

2060 2644 2244 2686 ierum
2284 2628 2617 2707 proprietas
2651 2648 2757 2710 per
2786 2648 2852 2691 se
2882 2629 3287 2708 cognoscitur:
3324 2628 3409 2689 illi
3443 2628 3682 2709 quidem

312 2720 567 2794 Γηγένεῖς
601 2717 648 2773 οἱ
678 2717 746 2772 τά
776 2716 936 2793 γήινα
992 2722 1325 2794 φρονοῦντες,
1361 2715 1446 2771 καὶ
1488 2720 1593 2770 τῶν
1634 2712 1934 2789 θελημάτωε

2070 2716 2521 2796 uperabundant
2567 2737 2766 2780 rerum
2788 2720 3256 2781 necessariarum
3281 2720 3685 2800 possessione,

309 2812 411 2873 τῆς
459 2806 651 2885 σαρκὸς
709 2804 1087 2885 ἀντεχόμενοι,
1135 2805 1247 2860 Υίοὶ
1278 2804 1382 2860 τῶν
1438 2804 1726 2882 ἀνθρώπων
1757 2806 1803 2860 οἱ
1836 2802 1931 2859 ἐπιι

2062 2804 2105 2866 ιί
2136 2824 2271 2867 vero
2299 2808 2358 2868 in
2393 2808 2739 2869 earumdem
2781 2809 2980 2889 inopia
3028 2809 3271 2889 degunt.
3310 2810 3455 2871 Cum
3487 2816 3684 2870 autem

316 2894 530 2971 μέλιιάν
582 2916 699 2952 τινα
760 2895 849 2951 καὶ
907 2893 1135 2959 ἄσκησιν
1210 2900 1301 2950 τοῦ
1376 2891 1536 2971 λόγου
1624 2893 1932 2969 ποιούμενοι

2066 2895 2314 2959 nedicus
2345 2897 2682 2960 animarum
2732 2918 2846 2959 non
2876 2905 3125 2977 venerit,
3160 2911 3218 2960 ut
3258 2902 3449 2976 justos
3503 2906 3688 2969 vocet,

316 2984 457 3042 ἴδιον
505 2984 605 3062 γὰρ
665 2990 756 3042 106
784 2982 1060 3061 ἀνθρώπου
1084 2983 1145 3038 τὸ
1175 2980 1413 3060 λογικόν,
1465 2981 1709 3040 Πλούσιοι
1740 2984 1829 3039 καὶ
1858 2982 1938 3038 πὲε

2070 2984 2147 3045 ed
2186 2995 2529 3066 peccatores
2552 2988 2622 3049 ad
2660 2987 3311 3070 pmnitenliam381quod
3345 2987 3406 3049 in
3430 2985 3692 3068 qualibet

321 3093 480 3141 νητες
538 3073 749 3130 αύθόθεν
792 3070 976 3152 ἔχουσι
1028 3072 1423 3150 γνωριζομένην
1466 3074 1562 3141 τὴν
1619 3070 1878 3139 ἰδιότητα⁶
1917 3095 1943 3128 ο

2072 3075 2463 3153 :onjugatione
2498 3077 2952 3156 reprehensioni
2987 3078 3309 3140 obnoxium
3345 3086 3470 3139 erat
3517 3084 3694 3157 atque

323 3162 419 3238 μὲν
448 3160 846 3241 ὑπερϐαίνοντες
888 3161 987 3228 τὴν
1046 3164 1234 3227 κτῆσιν
1294 3167 1398 3217 τῶν
1458 3161 1779 3240 ἀναγκαίων,
1813 3163 1859 3217 οἱ
1906 3160 1945 3217 δὲ

2074 3165 2434 3237 lamuatioui,
2469 3166 2523 3227 id
2554 3172 2810 3246 primum
2846 3166 2903 3228 in
2933 3169 3236 3229 vocatione
3296 3168 3511 3248 posuit.
3569 3169 3696 3229 De-

322 3252 376 3308 ἐν
406 3251 575 3324 ἐνδείᾳ
627 3252 827 3308 τούτων
862 3250 1302 3339 καθεστηκότες.
1359 3248 1575 3318 Ἐπειδὴ
1608 3248 1685 3339 ,δὲ
1720 3255 1747 3308 ὁ
1784 3252 1944 3329 ἰατρὸς

2072 3253 2298 3314 eriores
2329 3255 2488 3316 enim
2531 3266 2671 3318 sunt
2702 3267 2910 3336 gentes
2956 3276 3129 3337 quam
3162 3258 3265 3339 qui
3298 3256 3563 3319 habitant
3594 3275 3694 3316 or-

322 3342 427 3399 τῶν
473 3346 668 3421 ψυχῶν
700 3342 793 3397 οὒκ
820 3338 947 3417 ᾗλθε
995 3338 1216 3396 καλέσαι
1249 3338 1501 3419 δικαίους,
1536 3338 1672 3396 ἀλλὰ
1709 3340 1944 3419 ἁμαρτω·

2075 3343 2317 3404 ιθιηεεθίί
2379 3353 2575 3406 tamen
2610 3346 2943 3426 praepositae
2970 3356 3108 3407 sunt
3164 3338 3221 3408 in
3253 3348 3595 3420 vocatione,
3635 3354 3697 3408 ut

321 3431 444 3496 λοὺς
478 3434 551 3494 εἱς
583 3431 893 3510 μετάνοιαν,
953 3435 1162 3507 πρῶτον
1221 3428 1399 3496 ἔταξεν
1455 3430 1509 3486 ἐν
1564 3436 1633 3507 τῇ
1688 3429 1877 3499 κλήσει
1909 3435 1943 3486 'e'

2072 3433 2144 3512 [ui
2170 3433 2319 3493 male
2351 3433 2570 3495 habent
2601 3434 2833 3515 priores
2862 3455 2893 3496 a
2928 3437 3159 3517 medico
3220 3435 3553 3516 percipiant
3586 3434 3694 3495 uti-

320 3520 521 3597 ἐκάστη
579 3521 796 3599 συζυγίᾳ
851 3521 912 3575 τὸ
956 3519 1419 3597 κατεγνωσμένον,
1485 3520 1705 3596 Χείρονα
1758 3521 1859 3599 γὰρ
1899 3522 1942 3577 τέ

2075 3524 2539 3587 itatein.Rursus
2571 3528 2885 3604 terrigenae
2913 3534 3053 3587 ante
3083 3525 3238 3587 ﬁlios
3264 3525 3570 3586 hominum
3606 3542 3697 3585 re-

321 3611 444 3678 ἔθνη
503 3616 609 3667 τῶν
666 3610 1057 3667 κατοικούντων
1111 3610 1208 3677 τὴν
1263 3608 1596 3684 οἰκουμένην·
1654 3609 1773 3666 ἀλλ’
1819 3608 1937 3685 ὅμω

2085 3612 2258 3672 ensiti
2292 3622 2455 3687 sunt;
2484 3622 2542 3674 et
2570 3613 2787 3675 divites
2818 3624 2955 3676 ante
2988 3633 3303 3696 pauperes.
3341 3614 3702 3692 DeSperatus

321 3700 707 3779 προτετίμηται
745 3697 866 3779 (66)
900 3701 973 3762 εἱς
1006 3698 1104 3767 τὴν
1133 3696 1347 3779 κλῆσιν,
1380 3698 1473 3754 ’ἕνα
1510 3702 1557 3756 οἱ
1600 3704 1776 3765 κακῶς
1804 3698 1935 3778 ἔχον

2078 3700 2222 3771 irdo,
2259 3710 2314 3761 et
2352 3703 2454 3779 qui
2481 3702 2798 3765 difﬁculter
2830 3704 3077 3765 salutem
3103 3704 3511 3784 consequitur,
3560 3712 3700 3763 ante

321 3811 408 3855 τες
465 3788 717 3867 πρότερον
765 3785 1104 3863 μεταλάϐωσι
1162 3793 1260 3855 τῆς
1315 3791 1378 3845 ἐκ
1447 3789 1755 3865 106111906
1824 3789 1943 3868 ὡφεη

2081 3796 2293 3849 'ocatus
2321 3799 2409 3851 est
2442 3810 2620 3871 quam
2656 3811 2963 3871 pauperes.
2996 3791 3357 3871 Hujusmodi
3417 3792 3575 3851 enim
3612 3799 3703 3852 est

324 3878 493 3941 λείας.
546 3876 713 3934 Πα¹λιν
766 3880 812 3933 οἱ
867 3889 1117 3955 γηγενεῖς
1160 3878 1259 3955 πρὸ
1314 3884 1421 3933 τῶν
1463 3879 1585 3934 ῡῑῶν
1630 3883 1734 3933 τῶν
1766 3875 1946 3954 ἀνθρώ·

2077 3878 2392 3956 ienignitas
2421 3881 2831 3961 niedicizprius
2851 3901 3023 3963 opem
3048 3879 3699 3943 fertimbecillicribus.

326 3990 445 4025 πων
491 3967 817 4047 ἐτάχθησαν·
867 3968 957 4023 καὶ
1012 3965 1252 4024 πλούσιοι
1305 3968 1407 4046 πρό
1436 3968 1541 4024 τῶν
1586 3968 1849 4038 πενήτων.
1902 3971 1948 4024 Τὲ

2080 3966 2454 4031 Simulautem
2492 3971 2650 4049 pacis
2675 3971 2854 4033 etiam
2904 3972 3273 4034 conciliatrix
3309 3978 3398 4031 est
3425 3987 3702 4031 commu-

327 4056 741 4135 ἀπεγνωσμένοθ
796 4054 998 4133 τάγμα.
1059 4057 1149 4111 καὶ
1198 4054 1454 4113 δύσκολον
1486 4056 1616 4135 ἕχον
1659 4057 1755 4125 τὴν
1788 4078 1949 4123 σωτη·

2081 4057 2209 4117 Iilas
2235 4058 2586 4131 vocationis,
2612 4060 2758 4121 adeo
2794 4071 2853 4121 ut
2892 4063 2993 4140 qui
3026 4061 3317 4123 hactenus
3375 4062 3523 4120 inter
3549 4076 3613 4118 se
3647 4057 3703 4115 in

330 4149 466 4226 ρὶαν,
527 4146 783 4225 πρότερον
841 4144 1098 4213 κέκληται
1156 4152 1260 4202 τῶν
1321 4153 1579 4226 πτωχῶν.
1616 4147 1844 4213 Τοιαύτη
1875 4146 1952 4224 γάι

2086 4145 2328 4207 noribus
2360 4147 2787 4222 dissenserant;
2816 4150 2889 4212 ob
2923 4152 3079 4212 hunc
3110 4158 3466 4210 conventum
3493 4154 3708 4207 muture

334 4239 367 4305 ἡ
398 4245 491 4295 τοῦ
517 4237 697 4314 ἱατροῦ
747 4234 1108 4315 φιλανθρωπία
1165 4248 1281 4301 τοῖς
1313 4235 1725 4313 ἀσθενεστέροις,
1774 4234 1956 4314 προτέ‹

2084 4245 2402 4299 ιεευεεεειηι
2431 4238 2725 4301 charitati.
2772 4246 3067 4319 Agnoscat
3091 4239 3251 4300 enim
3283 4238 3453 4299 dives
3476 4254 3540 4297 se
3572 4255 3706 4297 cum

333 4347 445 4404 ροις
473 4324 593 4413 (6η
625 4323 935 4399 μεταδίδωσι
983 4325 1076 4393 τῆς
1140 4324 1420 4403 ὡφελείας.
1485 4322 1650 4413 Ὀμοῦ
1698 4323 1752 4381 δὲ
1784 4326 1869 4413 καὶ
1904 4326 1955 4379 εί

2086 4343 2318 4407 )aupere
2352 4328 2649 4406 prmconio
2677 4330 2800 4407 pari
2838 4344 3111 4390 vocatum
3138 4327 3504 4390 csse.SimuI
3533 4326 3599 4388 in
3632 4346 3708 4387 u-

330 4416 500 4494 ρήνης
554 4411 663 4469 ἐστὶ
696 4414 1001 4491 συναγωγὸν
1046 4414 1079 4481 ἡ
1123 4413 1371 4470 κοινωνία
1402 4414 1499 4481 τῆς
1528 4412 1796 4492 κλήσεως,
1830 4412 1952 4469 ὥστε

2089 4432 2202 4473 mm
2220 4414 2800 4496 enim,inquit,dives
2814 4420 3542 4497 etpauperPosteaquam
3564 4415 3711 4477 toris

328 4504 450 4567 τοὺς
495 4500 723 4582 ἔχοντας
764 4501 897 4565 τέως
948 4501 1008 4557 ἐκ
1038 4508 1144 4558 τῶν
1194 4500 1625 4577 ἐπινηδευμᾶτων
1653 4504 1781 4581 πρὸς
1808 4500 1946 4570 ἀλλή

2082 4501 2370 4582 'eliqueris
2391 4522 2522 4564 eam
2556 4525 2666 4584 qua
2693 4505 3005 4567 inferiores
3022 4525 3263 4587 superas
3282 4506 3675 4586 praestantiam
3690 4551 3704 4579 ,

327 4591 448 4655 λους
477 4593 822 4671 ὑπεναντίως,
852 4591 1065 4656 τούτους
1125 4589 1209 4648 διὰ
1251 4596 1347 4659 τῆς
1410 4590 1732 4659 Ἐκκλησίας
1805 4613 1949 4669 προσ·

2085 4600 2117 4652 et
2147 4609 2274 4652 eam
2307 4610 2436 4671 qua}
2456 4611 2527 4654 ex
2551 4593 2771 4655 divitiis
2792 4596 2979 4656 oritur
3011 4595 3442 4667 clationem,ita
3468 4594 3707 4655 demum

329 4683 597 4747 εθισθηναι
641 4680 897 4752 ἀλλήλοις
950 4682 1024 4744 εὶς
1080 4681 1179 4748 τὴν
1230 4682 1471 4759 ἀγάπην,
1534 4680 1847 4738 Γινωσκέτω
1879 4682 1948 4758 γά

2092 4680 2376 4760 ngredere
2434 4682 2491 4741 iu
2547 4681 2870 4745 Ecclesium
2903 4684 3027 4746 Dei.
3065 4687 3270 4766 Neque
3321 4684 3496 4763 igitur
3551 4684 3714 4743 dives

330 4772 358 4827 ὁ
400 4768 680 4851 πλούσιος,
734 4769 814 4826 ὅτι
872 4769 1115 4845 ὁμοτίμῳ
1172 4770 1473 4849 κηρύγματι
1527 4769 1785 4837 κέκληται
1834 4772 1952 4849 πρὸι

2094 4787 2373 4851 auperem
2418 4771 2943 4854 despiciat;neque
2968 4794 3191 4855 pauper
3227 4774 3505 4836 formidet
3552 4773 3716 4833 locu—

330 4861 423 4916 τὸν
466 4862 694 4926 πένητα.
749 4856 870 4916 Ἐπὶ
920 4861 982 4915 τὸ
1031 4859 1157 4915 αὒτὸ
1208 4861 1329 4939 γὰρ,
1377 4861 1531 4939 φησὶ,
1576 4858 1830 4923 πλούσιος
1883 4864 1952 4915 κα

2097 4862 2275 4922 letum
2305 4860 2653 4938 potentiam:
2683 4881 2876 4942 neque
2902 4864 2999 4924 ﬁlii
3026 4864 3342 4924 hominum
3375 4862 3714 4941 terrigenas

332 4947 522 5016 πένης,
578 4947 733 5014 ’Ἔξω
790 4946 1100 5006 καταλιπὼν
1152 4952 1251 5016 την
1310 4953 1439 5026 πρὸς
1470 4950 1589 5015 τοὺς
1623 4948 1954 5006 καταδεεστέ-

2098 4948 2508 5028 arvipendant,
2556 4969 2666 5011 nec
2704 4970 2908 5013 rursus
2940 4952 3012 5014 ab
3038 4954 3153 5014 illis
3185 4970 3318 5013 sese
3368 4951 3717 5012 abalienent

333 5060 451 5116 ρους
482 5039 777 5119 ὑπεροχὴν,
830 5038 1006 5094 καὶτὸ
1048 5037 1109 5093 ἐκ
1158 5046 1250 5095 106
1304 5038 1534 5096 πλούτου
1578 5040 1845 5119 φρύαγμα,
1879 5038 1955 5096 06'-

2087 5039 2528 5118 errigenmlmo
2554 5048 2759 5119 gentes
2791 5062 2925 5103 cum
2960 5042 3030 5104 iis
3055 5042 3157 5121 qui
3186 5042 3452 5103 habitant
3478 5039 3709 5119 orbem,

415 5197 479 5248 57
508 5195 665 5261 Psal.
697 5213 859 5279 xvui,
893 5196 955 5262 5.
1036 5197 1101 5249 38
1130 5198 1342 5262 Matth.
1378 5213 1459 5274 ιι,
1494 5196 1594 5262 l3.

419 5358 545 5440 (63)
579 5356 772 5419 Editio
820 5357 996 5440 Basil.
1030 5357 1358 5440 τηλικαύτης
1392 5359 1599 5440 σοφίας.
1646 5356 1844 5440 Editio
1873 5361 1985 5440 Pa.

1030 5357 1358 5440 τηλικαύτης
1392 5359 1599 5440 σοφίας.
1646 5356 1844 5440 Εόίίῇο
1873 5361 1985 5440 Pa-
2071 5360 2144 5422 ab
2173 5360 2433 5422 editione
2464 5361 2642 5423 Basil.

334 5436 446 5522 TIS}
651 5456 796 5501 mss.
829 5439 1158 5508 τηλικαύτης
1190 5436 1537 5522 Ἐκκλησίας,
1574 5436 1956 5522 beneriden

2157 5444 2275 5514 (66)
2309 5440 2405 5503 Sic
2438 5443 2699 5522 quinque
2728 5462 2866 5503 mss.
2902 5444 2971 5505 At
3005 5443 3143 5504 editi
3168 5462 3303 5504 cum
3365 5441 3511 5521 Reg.
3555 5450 3719 5503 sexto

337 5519 483 5580 editi
517 5520 776 5595 ἀνάμεινον
821 5522 907 5577 καὶ
939 5522 1190 5596 μαθήσει.
1232 5520 1307 5581 At
1354 5537 1500 5583 mss.
1558 5536 1657 5579 sex
1704 5520 1958 5596 ἀνάμεινο

857 5522 907 5577 αὶ
939 5522 1190 5596 μαθήσει.
1232 5520 1307 5581 Αἰ
1354 5537 1500 5583 mss.
1558 5536 1657 5579 sex
1704 5520 1987 5596 ἀνάμεινον
2074 5519 2476 5601 προτετέμτιναιξ

336 5603 430 5658 καὶ
454 5602 707 5679 μαθήσει,
1174 5678 1181 5679 7
1246 5678 1249 5679 ν

2156 5604 2270 5679 (67)
2303 5604 2383 5664 lta
2431 5610 2564 5664 octo
2615 5620 2756 5665 mss.
2814 5613 2871 5664 et
2919 5603 3099 5665 editio
3140 5602 3319 5665 Basil.
3356 5602 3543 5664 Editio
3581 5617 3723 5661 vero

447 5680 544 5763 (id)
572 5678 790 5763 [tagsex
825 5697 966 5763 mss.
1008 5678 1256 5763 Διεόίιί
1288 5679 1530 5763 συνάγον.
1582 5758 1591 5763 Δ

2079 5678 2272 5744 Paris.
2315 5701 2449 5744 cum
2490 5684 2703 5746 Catena
2739 5682 2982 5745 Corder.
3030 5686 3303 5763 πρότερον.

448 5760 545 5838 65)
578 5759 770 5821 Editio
802 5759 984 5822 Paris.
1017 5762 1104 5816 καὶ
1131 5759 1255 5821 δά.
1286 5758 1471 5820 Abest
1500 5758 1591 5815 καί
1629 5766 1685 5819 et
1714 5774 1749 5821 a
1773 5768 1998 5821 mss.et
