4108 6220
298 336 409 400 441

1384 335 1704 399 HOMTLIA
1747 333 1832 399 IN
1874 333 2240 398 PSALMUM
2283 336 2558 400 XLVIII.

3552 336 3673 401 442

297 474 462 549 τιμὴν
494 472 807 551 λυτρώσεως
840 477 940 539 τῆς
988 477 1174 552 ψυχῆς
1228 474 1407 548 ἡμῶν,
1441 472 1501 527 τὸ
1531 471 1682 549 ἅγιον
1711 472 1798 528 καὶ
1847 491 1935 527 ποι

2036 477 2254 533 nostrae
2283 470 2483 533 datum
2519 477 2879 550 est,sanctus
2910 470 3009 532 ille
3034 490 3099 533 ac
3121 472 3415 551 pretiosus
3436 477 3671 553 sanguis

299 561 589 636 λυτίμητον
623 563 764 636 αἷμα
813 568 905 618 τοῦ
960 564 1145 640 Κυρίου
1201 565 1356 636 ἡμῶν
1408 561 1580 628 Ἰησοῦ
1614 563 1857 639 Χριστοῦ,
1916 559 1945 614 ’ὃ

294 653 432 731 ὑπὲρ
489 654 645 728 ἡμῶν
701 650 881 731 ἐξέχεε
941 652 1152 708 πάντων
1192 667 1205 681 ⁸
1250 650 1431 729 διόπερ
1477 652 1566 705 καὶ
1614 656 1776 726 τιμῆς
1808 652 1943 727 ἡγο-

296 742 592 820 ράσθημεν,
636 743 693 798 Εἰ
736 741 823 797 οὗν
883 738 1108 821 ἁδελφὸς
1162 745 1221 800 οὐ
1269 739 1570 821 λυτρ;ὖται,
1625 739 1945 815 λυτρώσεται

297 831 626 910 ἅνθρωπος;
691 832 751 887 Εἰ
795 825 855 885 δὲ
916 829 1185 909 ἅνθρωπος
1246 828 1605 909 λυτρώσασθαι
1675 831 1817 905 ημᾶς
1886 829 1944 885 οὗ

296 919 534 993 δύναται,
589 924 617 976 ὁ
674 920 1075 998 λυτρωσάμενος
1126 922 1273 996 ἡμᾶς
1329 922 1423 976 οὒκ
1479 917 1750 998 ἄνθρωπος
1794 918 1940 997 (81).

299 1010 387 1076 Μὴ
432 1012 542 1081 οὖν,
591 1007 675 1065 διὰ
704 1010 763 1066 τὸ
813 1009 868 1065 ἐν
919 1009 1220 1084 ὁμοιώματι
1265 1011 1458 1088 σαρκὸς
1508 1010 1762 1085 ἁμαρτίας
1819 1008 1942 1064 ἐπι-

295 1096 661 1173 δεδημηκέναι
738 1102 903 1178 ἡμῖν,
962 1098 1235 1176 ἄνθρωπον
1299 1099 1459 1172 μόνον
1518 1096 1789 1175 ὑπολάϐῃς
1850 1099 1942 1154 τὸν

298 1188 486 1265 Κύριον
528 1189 711 1261 ἡμῶν,
763 1188 860 1255 τὰν
923 1193 1020 1255 τῆς
1072 1188 1316 1254 θεέτητος
1349 1186 1565 1259 δύναμιν
1618 1188 1887 1265 ἀγνοήσας
1923 1203 1936 1217 ⁸

294 1276 353 1338 ὃς
385 1277 444 1332 οὗ
490 1281 676 1357 χρείαν
710 1277 840 1358 ἔσχε
868 1276 1000 1355 (82)
1054 1275 1228 1334 δοῦναι
1263 1286 1338 1352 τῷ
1369 1285 1483 1351 Θεῷ
1528 1277 1780 1352 ἐξίλασμα
1813 1278 1940 1333 ἐαυ-

294 1373 409 1439 τοῦ,
457 1364 574 1421 ούδὲ
632 1370 731 1433 τὴν
785 1365 917 1423 ἰδίαν
993 1366 1463 1443 ἀπολυτρώσασθαι
1538 1369 1747 1445 ψυχὴν,
1810 1364 1941 1422 διότι

294 1454 584 1533 Ἀμαρτιαν
668 1460 761 1515 οὐκ
844 1456 1112 1529 ἐποίηεεν,
1203 1455 1317 1512 οὒδὲ
1406 1457 1588 1532 εὑρέθη
1659 1455 1813 1518 δόλος
1888 1457 1943 1511 ἐν

294 1546 373 1619 τῷ
435 1547 660 1620 στόματι
744 1549 923 1607 αὐτοῦ.
1005 1543 1397 1615 Ἐξωνήσασθαι
1456 1546 1554 1620 μὲν
1613 1545 1701 1600 οὖν
1758 1546 1941 1601 ἑαυτὸν

1203 1455 1317 1512 οὒδὲ

296 1632 463 1697 οὐδεὶς
520 1636 724 1708 ἱκανὸς,
770 1636 859 1691 εὰν
919 1636 994 1709 μὴ
1053 1634 1176 1711 ἔλθη
1229 1638 1255 1691 ὁ
1299 1638 1393 1704 τὴν
1447 1636 1822 1715 αἰχμαλωσίαν
1855 1634 1944 1690 τοῦ

296 1722 427 1780 λαοῦ
458 1723 811 1803 ἐπιστρέφων,
845 1726 905 1780 οὔ
935 1725 1069 1799 μετὰ
1119 1725 1346 1804 λύτρων,
1405 1721 1522 1781 οὔδε
1573 1725 1706 1801 μετὰ
1737 1723 1939 1802 δώρων,

2029 560 2268 624 Domini
2300 560 2486 623 nostri
2516 563 2655 621 Jesu
2685 560 2923 641 Christi,
2954 580 3126 642 quem
3156 580 3260 641 pro
3283 562 3453 624 nobis
3472 563 3673 624 omni-

2030 648 2138 710 bus
2171 650 2419 712 elludit:
2456 651 2846 732 quamobrem
2876 650 3065 731 pretio
3100 653 3276 713 etiam
3336 652 3519 732 empti
3563 673 3670 713 su-

2029 759 2160 801 mus
2182 739 2466 821 “.Itaque
2488 742 2537 801 si
2563 741 2743 802 frater
2767 759 2885 801 non
2909 740 3433 815 redimit,redimet
3462 742 3673 804 homo?

2030 829 2092 892 Si
2121 848 2259 892 vero
2292 831 2590 893 redimere
2616 850 2724 891 nos
2759 850 2877 891 non
2910 838 3104 911 potest
3126 830 3304 891 homo
3336 854 3351 903 ;
3385 831 3484 911 qui
3505 831 3674 893 rede-

2032 920 2135 979 mit
2168 938 2296 993 nos,
2332 921 2509 981 homo
2542 939 2659 981 non
2692 929 2801 983 est.
2826 922 2916 982 Ne
2944 920 3148 998 igitur,
3175 927 3487 1000 propterea
3508 922 3664 1002 quod

2026 1008 2086 1069 in
2119 1008 2517 1072 similitudine
2541 1009 2739 1072 carnis
2759 1016 2980 1091 peccati
3005 1008 3315 1071 nobiscum
3338 1010 3665 1072 diversatus

2027 1106 2138 1178 est,
2172 1098 2478 1161 hominem
2517 1100 2705 1162 solum
2732 1100 3035 1162 existimes
3056 1099 3373 1161 Dominum
3394 1108 3660 1163 nostrum

2026 1187 2352 1249 divinitatis
2384 1190 2706 1268 potentiam
2745 1191 3056 1269 ignorans:
3089 1188 3183 1249 cui
3222 1208 3372 1268 opus
3391 1208 3511 1251 non
3535 1201 3665 1253 erat

2025 1276 2146 1336 Deo
2169 1276 2309 1337 dare
2334 1278 2724 1357 placationem
2750 1297 2943 1352 suam,
2966 1295 3159 1357 neque
3184 1277 3482 1357 propriam
3502 1278 3665 1340 rcdi-

2026 1383 2191 1426 mere
2213 1366 2643 1449 animam,quia
2669 1368 2988 1430 Peccatum
3006 1384 3125 1428 non
3149 1368 3308 1445 fecit,
3330 1384 3435 1429 nec
3452 1374 3667 1430 inven-

2028 1462 2124 1516 tus
2142 1464 2227 1517 est
2249 1456 2424 1518 dolus
2446 1458 2511 1519 in
2537 1475 2643 1519 ore
2660 1455 3059 1537 ejus5°.Nemo
3074 1456 3252 1535 igitur
3272 1475 3338 1518 se
3362 1457 3492 1537 ipse
3514 1458 3670 1520 redi-

2030 1562 2190 1606 mere
2212 1547 2545 1626 potest,nisi
2570 1546 3289 1627 veniatquicaptivitatem
3312 1547 3511 1627 populi
3532 1567 3668 1608 con-

2030 1640 2233 1707 vertat,
2259 1654 2373 1695 non
2400 1653 2531 1696 cum
2562 1637 2786 1715 pretiis,
2814 1654 3007 1716 neque
3037 1654 3174 1696 cum
3207 1635 3403 1703 donis,
3434 1636 3667 1699 sicutin

2027 1719 2175 1784 Isaia
2192 1724 2479 1805 scriptum
2506 1726 2784 1798 est5l,sed
2801 1725 2859 1785 in
2875 1743 2983 1785 suo
3001 1724 3427 1802 sanguineﬂic
3442 1736 3662 1802 autem,

294 1814 367 1875 ὡς
423 1812 477 1869 ἐν
539 1811 739 1886 Ἠσαίᾳ
810 1812 1130 1891 γέγραπται,
1186 1813 1310 1869 ἀλλ’
1365 1817 1423 1870 ἓν
1476 1818 1554 1887 τῷ
1609 1815 1796 1870 ἑαυτοῦ
1830 1812 1935 1890 (83]

2028 1830 2159 1872 cum
2188 1831 2305 1873 non
2327 1831 2593 1875 essemus
2616 1814 2849 1894 fratres,
2878 1814 2981 1875 sed
3008 1832 3275 1876 essemus
3293 1814 3666 1878 inimicifacti

294 1903 511 1978 αἵματι.
575 1909 738 1966 Οὗτος
794 1903 848 1959 δὲ
905 1906 1029 1984 οὐχὶ
1085 1902 1338 1984 ἀδελφοὺς
1389 1907 1531 1980 ἡμᾶς
1592 1903 1770 1983 ὄντας,
1820 1903 1941 1960 ἀλλ’

297 1992 518 2073 ἐχθροὺς
565 1996 708 2069 ἡμᾶς
763 1994 1076 2072 γενομένους
1135 2008 1251 2058 τοῖς
1314 1994 1759 2070 παραπτώμασιν,
1824 1994 1941 2050 οὔτε

293 2082 567 2159 ἅνθρωπος
608 2082 761 2157 ψιλὸς
804 2084 901 2163 ὢν,
937 2082 1073 2139 ἀλλὰ
1125 2086 1276 2158 Θεὸς,
1334 2085 1468 2159 μετά
1511 2084 1609 2150 τὴν
1654 2082 1941 2160 ἐλευθερίαν

295 2170 363 2239 ἦν
393 2176 666 2250 χαρίζεται
694 2174 854 2252 ἡμῖν,
916 2174 1002 2228 καὶ
1062 2171 1315 2252 ἀδελφοὺς
1368 2176 1508 2247 ἡμᾶς
1552 2174 1739 2229 ἑαυτοῦ
1772 2194 1938 2250 προσ-

290 2263 555 2338 αγορεύει.
645 2260 967 2339 Ἀπαγγελῶ
1050 2263 1173 2341 γὰρ,
1246 2264 1397 2341 φησὶ,
1484 2264 1543 2317 τὸ
1624 2261 1789 2335 ὄνομά
1847 2284 1941 2319 σου

291 2364 406 2414 τοῖς
433 2348 682 2430 ἀδελφοῖς
716 2373 839 2427 μου.
873 2349 933 2408 Ὀ
986 2354 1075 2407 οὖν
1127 2351 1530 2430 λυτρωσάμενος
1592 2350 1715 2430 (84)
1765 2352 1933 2431 ἡμᾶς,

292 2439 381 2494 ἐὰν
410 2441 509 2515 μὲν
552 2448 650 2507 τὴν
708 2440 859 2519 φύσιν
891 2444 1049 2499 αὐτοῦ
1081 2446 1311 2517 σκοπῇς,
1348 2439 1464 2496 οὔτε
1520 2438 1767 2519 ἀδελφὸς,
1820 2440 1936 2495 οὔτε

292 2528 561 2607 ἄνθρωπος
589 2550 604 2564 ⁵
665 2531 754 2586 ἐὰν
798 2528 851 2586 δὲ
910 2532 1010 2597 τὴν
1071 2530 1130 2586 ἒκ
1174 2532 1394 2610 χάριτος
1446 2534 1601 2589 αὑτοῦ
1630 2532 1761 2607 πρὸς
1792 2532 1934 2604 ἡμᾶς

289 2617 708 2696 συγκατάϐασιν,
781 2622 868 2677 καὶ
949 2619 1206 2700 ἀδελφοὺς
1277 2622 1423 2697 ἡμᾶς
1501 2622 1774 2695 ὀνομάζει,
1848 2620 1937 2675 καὶ

289 2710 422 2784 πρὸς
472 2711 562 2764 τὸν
616 2710 939 2783 ἀνθρώπινον
1000 2707 1330 2784 καταϐαίνει,
1408 2711 1462 2771 ὃς
1522 2710 1579 2765 οὔ
1633 2707 1788 2765 δώσει
1861 2715 1936 2783 τῷ

293 2804 410 2871 Θεῷ
466 2797 722 2870 ἐξίλασμα
802 2800 1012 2879 ἑαυτοῦ,
1102 2799 1239 2854 ἀλλὰ
1298 2806 1389 2855 τοῦ
1458 2800 1662 2874 κόσμου
1711 2798 1932 2862 παντός.

270 2887 365 2966 .οὒ
410 2887 512 2966 γὰρ
568 2889 794 2964 ἱλασμοῦ
820 2886 1011 2961 δεῖται,
1048 2887 1166 2944 ἀλλ’
1204 2889 1361 2951 αὐτός
1413 2889 1553 2945 ἐστιν
1600 2887 1934 2965 ἱλαστήριον,

2026 1900 2100 1961 ob
2130 1912 2587 1983 peccata,ueque
2611 1905 2738 1984 ipse
2770 1904 2947 1964 homo
2983 1902 3317 1975 nudus,sed
3344 1905 3665 1987 Dens,post

2026 1990 2360 2054 libertatem
2391 2011 2566 2073 quam
2601 1993 2774 2054 nobis
2807 1992 3079 2072 largitur,
3108 1992 3284 2052 etiam
3317 2012 3428 2054 nos
3456 1995 3667 2057 fratres

2024 2097 2166 2140 suos
2195 2081 2474 2161 appellat.
2498 2080 2781 2143 Narrabo
2807 2084 2990 2157 enim,
3016 2082 3223 2161 inquit,
3259 2100 3477 2144 nomen
3498 2093 3667 2145 tuum

2020 2168 2167 2247 frat:
2182 2169 2317 2232 ibus
2336 2168 2776 2252 meis53.ltaque
2796 2173 2894 2252 qui
2916 2171 3170 2233 redemit
3188 2172 3375 2248 nos,si
3395 2182 3663 2234 naturam

2024 2258 2261 2337 quidem
2277 2259 2465 2340 ipsius
2480 2260 3039 2341 perpendasmeque
3057 2260 3464 2343 frater,neque
3488 2264 3666 2324 homo

2022 2354 2111 2407 est
2140 2367 2153 2406 :
2187 2347 2236 2408 si
2274 2365 2414 2409 vero
2448 2348 2636 2429 ipsius
2666 2350 2737 2409 ad
2771 2368 2879 2409 nos
2912 2349 3338 2410 demissionem
3374 2370 3443 2412 ex
3479 2353 3667 2429 gratia

2020 2436 2257 2518 factam,
2286 2447 2345 2499 et
2368 2456 2476 2499 nos
2498 2438 2707 2499 fratres
2732 2439 3021 2514 nominat,
3050 2447 3107 2499 et
3136 2439 3210 2499 ad
3238 2439 3665 2502 humanitatem

2021 2525 2453 2607 descenditzqui
2468 2527 2603 2591 Non
2617 2527 2785 2589 dabit
2806 2527 3665 2607 Deoplacationemsuam,sed

2021 2615 2197 2676 totius
2229 2617 2602 2680 mundi.Ncn
2624 2618 2782 2677 enim
2805 2617 3032 2695 indiget
3053 2618 3516 2697 placatione,sed
3537 2619 3663 2698 ipse

2022 2705 2356 2785 propitiatio
2390 2715 2498 2767 est.
2534 2705 2697 2768 Talis
2742 2712 2906 2768 enim
2937 2705 3187 2769 decebat
3218 2715 3282 2768 ut
3313 2716 3461 2770 esset
3491 2709 3663 2771 nobis

2016 2796 2591 2874 pontifexwanctas,
2616 2797 3666 2880 innocens,impollutus,segregatus

2020 2902 2059 2945 a
2080 2888 2509 2964 peccatoribus,
2541 2894 2597 2949 et
2627 2887 2929 2948 carcelsior
2958 2889 3120 2948 calls
3138 2888 3338 2964 factus
3361 2907 3383 2965 ;
3414 2893 3521 2967 qui
3540 2908 3665 2952 non

290 2983 539 3042 Τοιοῦτος
589 2978 690 3056 γὰρ
744 2980 883 3053 ἡμῖν
941 2976 1166 3057 ἔπρεπεν
1222 2978 1500 3058 ἀρχιερεὺς
1554 2976 1721 3056 ὅσιος,
1797 2975 1935 3032 ἄκα-

2026 2972 2199 3036 lcabet
2219 2978 2631 3038 necessitatem
2649 2976 3451 3057 quotidie,quemadmodum
3472 2997 3667 3042 sacer-

288 3086 407 3137 xo:,
488 3065 767 3142 ἀμίαντος,
843 3066 1242 3147 κεχωρισμένος
1321 3067 1427 3123 ἀπὸ
1498 3073 1606 3123 τῶν
1676 3067 1934 3145 ἁμαρτω-

2026 3063 2390 3146 dotes,prius
2403 3083 2512 3145 pro
2529 3068 2659 3128 suis
2680 3066 2917 3128 delictis
2938 3066 3166 3128 hostias
3182 3066 3421 3144 offerre,
3444 3068 3664 3131 deinde

290 3158 421 3224 Λῶν,
484 3159 569 3210 καὶ
632 3155 961 3236 ὑψηλότερος
1050 3163 1153 3213 τῶν
1217 3159 1447 3235 οὐρανῶν
1506 3156 1815 3235 γενόμενος’
1878 3155 1935 3218 ὃς

2026 3170 2125 3229 pro
2150 3154 2361 3232 populi
2404 3157 2773 3236 ignorontiis
2800 3153 2875 3217 ⁵³.
2908 3157 3117 3216 Postea
3148 3154 3295 3216 dicit
3330 3155 3522 3236 (νεεδ.
3551 3160 3610 3239 9)
3647 3181 3659 3222 :

290 3246 386 3301 οὐκ
444 3242 560 3323 ἔχει
615 3244 734 3301 καθ’
820 3245 1020 3324 ἡμέραν
1089 3246 1351 3324 ἀνάγκην,
1413 3245 1592 3323 ὥσπερ
1644 3248 1691 3302 οἱ
1741 3246 1933 3325 ἀρχιε-

2026 3242 2100 3304 Εῑ
2131 3240 2428 3305 laboravit
2468 3246 2535 3305 in
2585 3252 2902 3320 wtemum,
2930 3245 3122 3323 (rans.
3179 3246 3267 3319 10)
3304 3253 3360 3307 et
3408 3249 3562 3309 vivet
3592 3250 3661 3311 in

290 3347 429 3409 ρεῖς,
494 3332 749 3413 πρότερον
811 3336 941 3415 ὑπὲρ
1000 3339 1105 3391 τῶν
1173 3334 1311 3391 ἰδίων
1371 3336 1640 3413 ἁμαρτιῶν
1700 3334 1935 3413 προσρέ-

2026 3329 2220 3407 ﬁnem.
2253 3329 2387 3411 Ipsa
2418 3350 2525 3411 per
2556 3351 2620 3393 se
2673 3332 2810 3413 vita,
2843 3332 2974 3412 ipsa
3016 3331 3223 3405 virtus,
3261 3341 3319 3394 et
3361 3334 3662 3397 indefessa

288 3442 397 3498 ρειν
469 3422 674 3496 θυσίας,
753 3422 937 3481 ἔπειτα
1018 3424 1123 3479 τῶν
1179 3426 1272 3481 τοῦ
1346 3423 1475 3481 λαοῦ
1554 3424 1933 3503 ἀγνοημάτων,

2026 3428 2231 3481 natura
2259 3420 2544 3481 laboravit
2572 3420 2633 3481 in
2664 3421 2780 3483 hoc
2805 3420 3044 3494 saeculo,
3079 3421 3318 3502 quando
3345 3426 3659 3504 Fatigatus

293 3511 428 3568 Εἶτά
471 3535 601 3591 φησι
639 3528 654 3543 ⁸
714 3513 812 3571 Καὶ
865 3513 1143 3570 ἐκοπίασεν
1195 3515 1266 3579 εἰς
1310 3514 1401 3569 τὸν
1448 3514 1635 3587 αἰῶνα,
1669 3515 1755 3568 καὶ
1783 3514 1935 3583 ζήσε-

2026 3526 2100 3570 ex
2126 3510 2373 3584 itinere,
2406 3510 2648 3572 sedebat
2671 3528 2859 3592 supra
2897 3511 3125 3590 fontem
3152 3508 3226 3577 5‘.

288 3619 375 3655 ται
419 3602 492 3666 εἰς
524 3599 700 3665 τέλος.
740 3598 802 3657 Ἠ
834 3604 1094 3675 αὖτοζωὴ,
1132 3604 1166 3670 ἡ
1199 3599 1441 3681 δύναμις,
1473 3604 1509 3669 ἡ
1541 3602 1814 3677 ἀκάματος
1859 3601 2036 3679 φύσις,
2091 3598 2370 3656 ἐκοπίασεν
2422 3599 2475 3655 ἐν
2507 3606 2583 3674 τῷ
2615 3602 2763 3656 αἰῶνι
2795 3602 2988 3675 τούτῳ,
3032 3602 3187 3668 ἡνίκα
3221 3606 3566 3670 Κεκοπιακὼς
3599 3606 3659 3662 ἐκ

288 3693 391 3756 τῆς
423 3688 725 3769 ὁδοιπορίας
757 3691 1032 3762 ἐκαθέζετο
1056 3692 1141 3748 ἐπὶ
1173 3696 1273 3759 τῆς
1305 3693 1517 3769 πηγῆς.

372 3782 432 3843 5.
496 3781 605 3846 "Oc
647 3784 741 3841 οὒκ
798 3780 985 3857 ὄψεται
1029 3782 1382 3861 καταφθορὰν,
1443 3779 1569 3837 ὅταν
1613 3778 1704 3857 ἴδῃ
1743 3782 1932 3859 σοφούς

288 3872 727 3941 ἀποθνήσκοντας
797 3873 882 3950 (οὗ
938 3869 1092 3928 δώσει
1150 3872 1250 3951 γὰρ
1324 3874 1415 3928 τὸν
1488 3870 1634 3927 ὅσιον
1679 3872 1833 3927 αὐτου
1904 3872 1932 3926 ὁ

290 3961 473 4039 Πατὴρ
523 3958 655 4016 ἰδεῖν
712 3959 1043 4041 διαφθορὰν),
1095 3958 1218 4017 ὅταν
1249 3961 1295 4016 οἱ
1354 3961 1451 4028 τὴν
1496 3958 1932 4038 καταργουμένην

288 4051 477 4129 σοφίαν
535 4051 826 4130 αύχοῦντες
901 4050 1328 4119 ἀποθνήσκωσιν.
1380 4051 1435 4106 Εἰ
1506 4047 1559 4104 δὲ
1613 4048 1788 4126 βούλει
1844 4049 1931 4104 καὶ

290 4138 376 4194 ἐπὶ
438 4139 726 4216 ἀνθρώπων
756 4137 970 4195 δικαίων
1019 4135 1207 4195 λαϐεῖν
1238 4140 1301 4195 τὰ
1350 4137 1624 4218 εἰρημένα,
1674 4139 1935 4213 μνήσθητι

290 4236 383 4285 τοῦ
432 4225 551 4285 Ἰὼϐ
594 4227 840 4306 λέγοιτος
871 4245 885 4259 ³
944 4227 1272 4307 ”Ανθρωπος
1336 4234 1584 4306 γεννᾶται
1639 4228 1814 4301 κόπῳ⁹
1848 4229 1935 4284 καὶ

289 4317 456 4374 πάλιν
540 4325 635 4374 τοῦ
705 4314 1060 4398 Ἀποστόλου,
1136 4316 1215 4374 ὅτι
1308 4319 1684 4396 Περισσότερον
1758 4319 1927 4374 αὐτῶν

288 4408 504 4463 πάττων
546 4407 804 4464 ἐκοπίασα
839 4424 852 4439 ’
916 4408 1000 4464 καὶ
1057 4409 1140 4484 τὸ,
1215 4406 1304 4465 Ἐν
1358 4410 1546 4471 κόποις
1616 4406 1926 4485 περισσοτέ-

290 4518 415 4575 ρως,
477 4494 535 4554 Ὀ
590 4496 678 4553 οὖν
729 4498 990 4562 κοπιάσας
1058 4497 1112 4552 ἐν
1170 4501 1246 4571 τῷ
1318 4499 1463 4554 αἰῶνι
1536 4498 1727 4570 τούτῳ,
1776 4500 1926 4561 οὗτος

289 4588 505 4657 ζήσεται
562 4587 635 4650 εἰς
666 4585 843 4648 τέλος
880 4602 893 4617 ⁸
948 4589 975 4642 ὁ
1034 4584 1088 4642 δὲ
1141 4587 1195 4644 ἐν
1224 4593 1395 4667 τρυφῇ
1424 4590 1507 4644 καὶ
1541 4587 1689 4663 πάσῃ
1721 4585 1926 4642 ἐκλύσει

290 4674 511 4754 διάγων,
573 4673 656 4731 διὰ
716 4678 772 4731 τὸ
859 4673 1184 4754 ἁϐροδίαιτον
1268 4676 1535 4756 πορφύραν
1592 4678 1677 4733 καὶ
1735 4676 1927 4753 βύσσον

290 4762 617 4840 ἐνδυόμενος,
672 4766 759 4821 καὶ
804 4766 1210 4845 εὐφραινόμενος
1261 4764 1376 4822 καθ’
1407 4766 1610 4845 ἡμέραν
1641 4763 1923 4843 λαμπρῶς,

288 4854 376 4909 καὶ
417 4854 625 4932 φεύγων
688 4854 807 4918 τοὺς
866 4854 992 4927 ὑπὲρ
1049 4859 1146 4921 τῆς
1200 4854 1393 4933 ἀρετῆς
1455 4856 1747 4933 καμάτους,
1811 4855 1928 4911 οὒτε

286 4944 568 5000 ἱκοπίασεν
625 4941 679 4997 ἐν
738 4948 815 5016 τῷ
857 4944 1005 5001 αἰῶνι
1061 4943 1253 5017 τούτῳ,
1315 4944 1430 4998 οὔτε
1483 4945 1701 5014 ζήσεται
1743 4943 1798 4998 ἐν
1854 4948 1931 5017 τῷ

286 5031 559 5111 μέλλοντι,
615 5030 748 5088 ἀλλὰ
806 5033 1014 5110 μακρὰν
1044 5031 1229 5108 ὄψεται
1274 5033 1373 5103 τήν
1419 5033 1585 5107 ζωὴν,
1648 5031 1930 5108 βασανιζό-

287 5143 446 5197 μενος
494 5124 550 5178 ὶν
600 5123 670 5197 τῇ
732 5120 888 5202 φλογὶ
931 5121 1027 5189 τῆς
1078 5122 1325 5197 καμίνου.
1385 5121 1444 5179 Ὀ
1489 5120 1543 5177 δὲ
1575 5121 1778 5201 μυρίοις
1807 5134 1928 5185 τοῖς

368 5254 424 5299 ⁴⁹
451 5257 474 5319 I
506 5256 644 5320 Cor.
674 5273 753 5331 v1,
775 5253 874 5320 20.
960 5254 1022 5306 50
1049 5258 1075 5318 Ι
1105 5252 1264 5317 Petr.
1302 5272 1367 5336 II,
1401 5255 1500 5336 22.

2095 3776 2418 3839 5.Vens.1t
2440 3776 2587 3851 ,ρυί
2608 3794 2728 3839 non
2749 3776 2974 3838 videbit
2992 3780 3657 3861 interitum,cumvide-

2016 3866 2100 3927 rit
2119 3872 2426 3944 sapientes
2458 3868 2783 3927 morientes
2808 3868 2953 3945 (non
2986 3866 3147 3929 dabit
3178 3869 3339 3929 enim
3368 3873 3558 3947 Pater,
3600 3882 3665 3934 ut

2014 3963 2254 4017 sanctus
2274 3974 2417 4017 suus
2440 3955 2640 4017 videat
2672 3955 3352 4036 corruptionem55),tum
3379 3979 3512 4021 cum
3540 3981 3660 4024 mo-

2014 4045 2248 4106 rientur
2278 4046 2376 4125 qui
2408 4045 2761 4125 sapientiam
2794 4045 3168 4108 desinentem
3213 4048 3462 4127 jactant.
3495 4050 3663 4123 Quod

2017 4131 2070 4194 si
2083 4133 2262 4198 etiam
2284 4134 2553 4215 dejustis
2573 4153 2808 4215 quoque
2828 4134 3172 4197 hominibus
3190 4135 3314 4196 haec
3346 4138 3525 4200 verba
3553 4158 3655 4201 ac»

2019 4223 2221 4304 cipere
2251 4223 2531 4305 volueris,
2561 4226 2949 4285 reminiscere
2978 4226 3089 4284 Job
3137 4223 3389 4287 dicentis
3415 4245 3429 4291 :
3468 4230 3656 4292 Homo

2015 4315 2287 4376 nascitur
2302 4314 2380 4375 ad
2408 4314 2672 4377 laborem
2694 4311 2748 4356 5°
2762 4332 2781 4387 ;
2813 4322 2870 4373 et
2888 4331 3095 4375 rursus
3118 4315 3385 4393 Apostoli
3409 4339 3422 4381 ε
3451 4321 3495 4381 Α
3512 4319 3662 4381 buu-

2011 4402 2258 4465 dantius
2277 4403 2403 4465 illis
2415 4403 2692 4465 omnibus
2715 4403 2992 4465 laboravi
3007 4402 3335 4480 57;item:[n
3357 4406 3660 4471 laboribus

2010 4491 2425 4555 abundantius
2446 4491 2642 4566 53.Qui
2667 4492 2850 4572 igitur
2873 4494 2933 4554 in
2965 4494 3076 4554 hoc
3101 4496 3317 4556 saeculo
3349 4495 3656 4578 laboravit,

2010 4581 2108 4644 hic
2138 4582 2292 4644 vivet
2320 4585 2379 4644 in
2414 4583 2594 4643 ﬁnem
2626 4602 2641 4644 :
2677 4583 2780 4660 qui
2815 4600 2952 4643 vero
2984 4582 3047 4644 in
3101 4583 3331 4646 deliciis
3377 4605 3444 4647 ac
3494 4593 3659 4650 omni

2009 4671 2465 4753 intemperantia
2497 4672 2682 4750 degit,
2709 4671 2784 4733 ob
2822 4671 3136 4734 mollitiem
3169 4673 3411 4735 indutus
3442 4695 3663 4758 purpu-

2011 4780 2137 4823 ram
2169 4776 2225 4823 et
2257 4760 2524 4841 byssum,
2554 4770 2612 4824 et
2644 4763 2893 4843 epulans
2920 4762 3189 4842 quotidie
3213 4763 3527 4845 Splendide
3555 4768 3607 4810 59
3642 4790 3656 4831 :

2012 4852 2364 4933 laboresque
2387 4853 2463 4913 ob
2485 4850 2758 4913 virtutem
2784 4850 3179 4931 perferendos
3204 4854 3515 4932 fugiens,is
3547 4876 3659 4919 ne-

2013 4960 2131 5021 que
2149 4940 2204 5003 in
2226 4941 2338 5002 hoc
2359 4941 2577 5003 saaculo
2602 4940 2909 5017 laboravit,
2937 4959 3132 5022 neque
3163 4942 3317 5003 vivet
3334 4945 3392 5005 in
3416 4945 3610 5007 futuro
3640 4970 3652 5006 ι

2012 5031 2119 5092 sed
2150 5030 2385 5092 eminus
2411 5032 2587 5092 vitam
2618 5028 2865 5110 videbit,
2894 5037 2956 5090 in
2993 5031 3214 5092 camini
3244 5032 3482 5096 ﬂamma
3509 5054 3656 5097 cru-

2012 5118 2224 5183 ciatus.
2247 5118 2362 5194 Qui
2393 5138 2533 5183 vero
2567 5120 2905 5182 innumeris
2934 5120 3363 5184 certaminibus
3394 5140 3500 5203 pro
3531 5127 3654 5188 vir-

1586 5254 1640 5336 5¹
1676 5256 1792 5317 lsa.
1822 5270 1917 5331 ur,
1950 5254 2009 5316 3.
2043 5255 2107 5308 52
2134 5255 2291 5318 Psal.
2326 5272 2447 5331 xm,
2475 5254 2575 5317 23.
2605 5255 2669 5306 53
2689 5253 2876 5336 Hebr.
2910 5255 3129 5336 "1,2,6,
3157 5258 3256 5318 2'7.
3288 5255 3550 5323 5ann.
3577 5280 3652 5335 tv,

288 5341 349 5401 6.
433 5338 497 5389 55
526 5337 677 5400 Psal.
715 5353 814 5417 Xv,
848 5340 964 5411 to;
995 5337 1127 5399 Act.
1163 5353 1226 5411 υ,
1262 5334 1364 5398 27.
1448 5335 1667 5398 56Job.
1701 5352 1761 5410 v,
1794 5336 1857 5398 7.
1940 5336 2003 5388 57
2035 5338 2056 5396 l
2089 5337 2225 5399 Cor.
2261 5352 2361 5417 xv,
2397 5337 2488 5398 l0.
2572 5336 2636 5387 58
2660 5335 2704 5396 iI
2734 5336 2870 5398 Cor.
2907 5334 3112 5410 x1,‘23.
3145 5337 3208 5386 59
3238 5337 3521 5412 Luc.xv1,
3557 5334 3651 5405 19.

288 5483 510 5561 θρώπων
534 5480 706 5542 deest
735 5479 795 5541 in
829 5480 1039 5561 majori
1097 5488 1262 5561 parte
1324 5497 1467 5541 mss.
1524 5478 1657 5542 Mox
1704 5494 1934 5561 septem

297 5559 438 5624 mss.
474 5563 858 5637 πολυτίμητον.
899 5559 1055 5624 Εάὶιί
1098 5559 1410 5636 πολύτιμον.

372 5642 494 5721 (81)
528 5644 635 5700 Οὐκ
695 5640 992 5722 ἄνθρωπος,
1044 5637 1184 5722 Non
1244 5640 1443 5704 homo.
1482 5637 1608 5701 Hoc
1667 5650 1778 5713 εει,
1810 5658 1935 5704 non

289 5719 466 5786 homo
493 5722 771 5802 simplex,
792 5719 903 5785 sed
931 5719 1101 5783 Deus
1130 5719 1325 5785 homo.

2102 5480 2228 5562 (82)
2258 5478 2451 5542 Editio
2482 5478 2664 5563 Basil.
2697 5497 2831 5540 cum
2858 5497 2997 5541 mss.
3038 5483 3223 5561 χρείαν
3254 5482 3439 5563 ἔσχεν,
3462 5483 3653 5547 Editio

2016 5560 2157 5642 vero
2177 5563 2367 5642 Paris.
2404 5564 2586 5641 χρείαν
2621 5560 2789 5642 ἔχων.

2102 5639 2226 5722 (83)
2262 5643 2348 5722 Ita
2373 5636 2635 5722 quinque
2652 5636 2806 5722 'r'nss.
2839 5636 2992 5722 Editi
3043 5658 3181 5703 vero
3242 5642 3298 5699 ἐν
3354 5653 3429 5719 τῷ
3470 5650 3649 5712 αὐτοῦ.

2096 5717 2220 5799 (⁷84)
2255 5717 2432 5785 Coisl.
2468 5717 2645 5779 Ὀ-οὗν
2674 5720 3045 5799 λυτρούμενος.
