4108 6220
241 404 360 471 445

1338 406 1666 470 HOMILIA
1707 402 1785 472 IN
1842 401 2207 470 PSALMUM
2252 402 2522 472 XLVIII.

3485 404 3604 470 446

233 545 381 607 θεοὺς
442 543 689 617 ὀνομάζει
748 542 869 606 τοὺς
930 544 1007 617 μὴ
1067 543 1217 621 φύσει
1269 541 1451 614 ὅντας,
1496 550 1563 614 τῇ
1632 541 1877 613 συνηθείᾳ

1970 539 2217 602 rantium
2253 548 2491 601 secutus
2522 536 3012 601 consuetudinem
3051 559 3063 599 :
3100 538 3177 599 ita
3228 557 3463 619 quoque
3497 558 3597 600 sa-

236 638 342 689 τῶν
390 631 754 705 ἠπατημένων
837 632 1123 711 ἑπόμενος,
1187 630 1325 689 οὕτω
1388 634 1473 687 καὶ
1518 634 1708 710 σοφοὺς
1754 632 1880 687 εἶπε

237 724 360 780 τοὺν
416 722 643 802 ἄφρονας
698 723 786 777 καὶ
843 721 1124 792 ἀνοήτους,
1189 724 1419 777 Δυνατὸν
1465 725 1553 779 οὖν
1582 728 1649 798 τῇ
1679 722 1880 793 ἐπινοίᾳ

238 811 436 869 διελεῖν
468 814 558 867 τὸν
594 810 795 890 ἇῳρονα
828 812 932 866 ἀπὸ
967 818 1057 867 τοῦ
1087 811 1340 881 ἀνοήτου.
1390 811 1616 891 ”Αφρων
1651 812 1748 885 μὲν
1781 812 1880 887 γὰρ

236 902 379 958 ἐστιν
424 904 452 957 6
496 902 845 978 ἐστερημένος
903 899 1229 981 φρονήσεως,
1294 903 1381 957 καὶ
1414 904 1441 956 6
1470 903 1601 978 πρὸς
1633 902 1697 956 τὰ
1730 902 1879 957 κοινὰ

238 993 326 1048 καὶ
401 991 699 1070 ἀνθρώπινα
770 989 1081 1067 διορατικῶς
1139 992 1216 1064 μη
1265 990 1432 1070 ἔχων.
1497 990 1647 1047 Οὕτω
1699 994 1784 1046 καὶ
1844 993 1877 1059 ἡ

238 1083 487 1150 συνήθεια
538 1080 819 1159 φρονίμους
876 1078 1033 1135 καλεῖ
1085 1080 1203 1142 τοὺς
1251 1080 1304 1135 ἐν
1334 1094 1450 1141 τοῖς
1483 1081 1619 1136 κατὰ
1646 1085 1737 1136 τὸν
1767 1080 1878 1155 βίον

239 1170 514 1248 πράγμασι
574 1170 634 1224 τὸ
691 1167 960 1247 ὠφέλιμον
996 1170 1084 1225 καὶ
1128 1168 1383 1245 βλαϐερὸν
1412 1168 1543 1247 (91)
1578 1167 1874 1240 διακρίνον-

237 1276 357 1320 τας’
394 1259 522 1314 καθὸ
578 1257 790 1335 εἴρηται
852 1259 937 1313 καὶ
992 1258 1045 1313 ἐν
1098 1262 1174 1331 τῷ
1229 1255 1560 1335 Εὖῖεγγελίῳ·
1626 1256 1759 1315 ’Ὅτι
1830 1259 1875 1313 οἷ

234 1348 335 1403 υἱοὶ
405 1355 497 1403 τοῦ
563 1345 752 1410 αἰῶνος
836 1348 1022 1402 τούτου
1106 1350 1492 1425 φρανιμώτεροι
1571 1346 1699 1419 ὑπὲρ
1756 1348 1876 1409 τοὺς

236 1437 379 1500 υἱοὺς
462 1444 553 1492 τοῦ
637 1438 810 1514 φωτὸς
895 1437 965 1500 εἱς
1049 1438 1145 1504 τὴν
1231 1437 1389 1513 γενὸιν
1474 1436 1570 1503 τὴν
1678 1436 1875 1491 ἑαυτῶν

240 1529 390 1584 εἶσιν.
453 1526 523 1582 Ού
578 1526 679 1603 γὰρ
737 1524 917 1587 ἁπλῶς
993 1526 1396 1604 φρονιμώτεροι,
1446 1523 1563 1580 ἀλλ’
1632 1526 1705 1589 εἷς
1777 1527 1877 1590 τὴν

239 1612 568 1691 διεξαγωγὴν
618 1612 712 1679 τῆς
757 1619 900 1683 ζωῆς
949 1615 1147 1678 ταύτης
1203 1620 1303 1681 σῆς
1348 1615 1400 1671 ἒν
1434 1620 1501 1690 τῇ
1539 1615 1690 1693 σαρκί
1731 1612 1871 1685 (92).

240 1702 395 1760 Οὗτοι
437 1700 491 1756 δὲ
547 1704 633 1758 καὶ
680 1702 948 1775 οἱκόνόμοι
983 1700 1182 1764 iam!“
1216 1701 1484 1777 λέγονται,
1534 1700 1618 1758 διὰ
1649 1703 1709 1757 τὸ
1741 1701 1874 1781 99°,-

237 1813 397 1866 νιμον
451 1795 549 1857 τῆς
609 1790 724 1865 περὶ
766 1793 856 1846 τὸν
912 1793 1110 1847 ἑαυτῶν
1162 1792 1275 1867 βίον
1329 1792 1653 1867 οἱκονομίας,

1049 1438 1145 1504 τὴν
1231 1437 1389 1513 γενὰν
1474 1436 1570 1503 τὴν

1734 1791 1877 1848 Κατὰ

1968 632 2218 707 pientes,
2254 628 2605 707 insipientes
2635 637 2694 689 et
2737 628 2945 688 stultos
3002 626 3167 688 dixit.
3220 626 3602 707 Insipientem

1964 716 2142 795 igitur
2169 738 2202 777 a
2233 719 2418 779 stulto
2456 717 2820 795 cogitatione
2844 717 2978 777 licet
3008 716 3607 797 distinguere.Siqui-

1964 806 2098 867 dem
2132 808 2423 888 insipiens
2447 816 2539 869 est
2562 810 2660 886 qui
2697 805 3011 886 prudentia
3043 804 3325 884 privatus,
3354 807 3414 867 in
3440 825 3604 867 com-

1966 898 2246 959 munibus
2276 918 2344 960 ac
2375 899 2653 960 humanis
2683 898 2862 958 rebus
2896 898 3200 977 perspicax
3223 916 3342 959 non
3373 908 3481 959 est.
3508 898 3607 967 Sic

1964 988 2136 1047 etiam
2162 989 2530 1049 consuetudo
2559 986 2883 1067 prudentes
2917 999 3084 1047 vocat
3106 1005 3232 1061 eos,
3268 987 3448 1067 quiin
3474 989 3606 1049 vitae

1963 1076 2238 1153 negotiis,
2265 1078 2409 1138 utile
2431 1086 2487 1137 et
2510 1078 2750 1137 noxium
2779 1076 3318 1155 discernunt,juxta
3339 1077 3495 1156 quod
3519 1077 3605 1137 di-

1961 1175 2119 1226 ctum
2151 1172 2241 1226 est
2272 1175 2330 1227 et
2356 1165 2418 1227 in
2458 1167 2777 1244 Evangelio
2806 1185 2819 1224 :
2860 1164 3017 1236 Quia
3050 1166 3171 1242 filii
3194 1165 3375 1245 hujus
3397 1165 3607 1227 saeculi

1952 1255 2317 1326 prudentiores
2341 1256 2473 1325 ﬁliis
2503 1257 2642 1311 lucis
2674 1256 2732 1311 in
2757 1260 3099 1326 generatione
3125 1270 3225 1309 sua
3242 1262 3369 1312 sunt
3403 1254 3602 1313 69.1%!)

1962 1342 2118 1401 enim
2147 1340 2565 1420 prudentiores
2589 1350 2729 1401 sunt
2750 1338 3237 1419 simpliciter,sed
3269 1340 3344 1401 ad
3375 1340 3603 1417 degen-

1960 1429 2093 1489 dam
2128 1431 2279 1491 hanc
2311 1434 2368 1491 in
2406 1449 2585 1491 carne
2628 1429 2825 1489 vitam.
2881 1427 3107 1489 Rursus
3156 1436 3211 1488 et
3257 1428 3434 1491 villici
3471 1431 3606 1490 185

1960 1518 2389 1600 illiiniquitatis
2430 1520 2754 1599 prudentes
2782 1517 3248 1596 dicuntur,quod
3283 1519 3611 1597 prudenter

1959 1608 2137 1670 vitam
2161 1626 2326 1669 suam
2354 1611 2685 1671 instituant.
2719 1608 3042 1668 Prudentes
3064 1626 3300 1686 quoque
3313 1617 3450 1669 sunt
3471 1628 3606 1671 scr-

1961 1706 2171 1777 pentes
2200 1698 2286 1771 70,
2307 1698 2634 1759 secundum
2663 1697 2813 1757 hanc
2836 1695 3352 1775 signiﬁcationem,
3383 1699 3605 1779 quippe

1961 1792 2059 1865 qui
2078 1786 2194 1846 sibi
2224 1793 2364 1867 ipsis
2384 1796 2591 1866 parent
2606 1785 3130 1864 latibula,atquein
3150 1786 3430 1864 periculis
3444 1792 3605 1850 omni

236 1902 392 1937 τουτο
422 1882 481 1936 τὸ
513 1882 933 1959 σημαινόμενον,
988 1882 1234 1961 φρύνιμαί
1280 1883 1406 1937 εἰσιν
1470 1883 1555 1937 καὶ
1613 1883 1659 1936 οἱ
1705 1881 1873 1957 ὄφεις²

1970 1875 2141 1935 modo
2176 1875 2374 1955 plagas
2404 1876 2615 1955 capitis
2646 1875 2892 1937 evitent.
2918 1872 3144 1935 Stultus
3164 1875 3429 1937 autemis
3450 1877 3605 1940 dici-

240 1968 552 2034 καταδύσεις
599 1971 810 2033 ἑαυτοῖς
864 1970 1277 2049 εὖτρεπίζοντες,
1316 1973 1399 2027 mi
1443 1971 1497 2026 ἐν
1542 1984 1654 2034 τοῖς
1696 1968 1877 2025 κινδύο

240 2082 349 2122 νοις
383 2061 539 2115 παντὶ
571 2060 751 2136 τρόπῳ
778 2059 873 2123 τὰς
906 2059 990 2115 ἐπὶ
1044 2060 1144 2127 τὴν
1201 2059 1435 2139 κεφαλὴν
1493 2059 1876 2137 πληγὰςρπο-

238 2150 546 2228 ιρεύγοντες·
611 2146 815 2212 "Ai-oue
849 2147 900 2203 δὲ
934 2148 1147 2228 λέγεται
1179 2152 1205 2205 6
1237 2154 1329 2208 οὐκ
1360 2148 1506 2229 ἔχων
1535 2151 1600 2205 τὰ
1631 2157 1721 2204 τοῦ
1779 2150 1877 2204 ἁν-

235 2238 444 2316 θρώπου
500 2236 753 2316 ἐξαίρετα.
786 2245 959 2295 Ταῦτα
1001 2236 1057 2294 δέ
1111 2238 1224 2294 ἐστι
1281 2247 1409 2295 Θεοῦ
1474 2240 1674 2314 [ἰατρὸς
1706 2260 1877 2293 κατα-

236 2330 445 2402 νόησις,
505 2329 591 2383 καὶ
642 2329 675 2395 ἡ
734 2335 825 2384 τοῦ
870 2327 923 2382 ἐν
984 2328 1130 2406 ἀρχῇ
1186 2327 1338 2391 ὄντος
1400 2330 1526 2406 πρὸς
1603 2329 1694 2383 τὸν
1751 2329 1880 2383 Θεὸν

242 2417 415 2493 Λόγου
458 2414 741 2496 παραδοχή
982 2420 1068 2473 καὶ
1137 2420 1164 2473 6
1214 2419 1355 2496 παρὰ
1405 2425 1495 2474 τοῦ
1537 2417 1689 2494 ἁγίου
1724 2424 1880 2473 Πνευ-

236 2528 404 2579 ματος
451 2505 790 2583 ὲγγινόμένος
843 2506 1137 2582 φωτισμός·
1174 2505 1352 2562 ὅντινα
1402 2507 1520 2562 νυῦν
1574 2504 1790 2585 ἔχουσιν
1834 2507 1878 2561 οἱ

236 2591 515 2669 δυναμενοι
566 2596 702 2669 μετὰ
747 2594 952 2653 Παύλου
1004 2594 1201 2673 λέγειν’
1267 2596 1461 2671 Ἠμεῖς
1494 2594 1548 2650 δὲ
1580 2604 1699 2653 νοῦν
1746 2603 1879 2673 Χρι-

241 2684 373 2738 στοῦ
429 2682 653 2762 ἴχομεν,
757 2682 1031 2762 Κέχρηται
1103 2684 1281 2758 μέντοι
1368 2686 1455 2740 καὶ
1543 2682 1878 2761 ἐνηλλαγμέ-

243 2794 348 2835 νως
408 2786 524 2837 τοῖς
587 2772 785 2851 ῥήμασι
842 2774 1043 2836 τούτοις
1093 2775 1126 2841 ἡ
1178 2776 1422 2843 συνήθεια
1491 2774 1586 2841 τῆς
1644 2779 1880 2852 Γραφῆς,

237 2864 329 2918 τὸν
390 2862 485 2936 μὲν
543 2862 693 2919 ἄθεον
751 2860 950 2942 ἄφρονα
1001 2861 1227 2940 λέγουσα
1259 2862 1312 2919 ἐν
1342 2869 1438 2936 τῷ,
1495 2863 1663 2921 Εἶπεν
1707 2862 1883 2942 ἄφρῶν

236 2951 295 3006 ἐν
350 2950 533 3030 καρδίᾳ
597 2955 773 3010 αὐτοῦ’
833 2951 940 3009 Οὐκ
1010 2951 1122 3008 ἔστι
1206 2953 1357 3016 Θεός’
1448 2954 1533 3008 καὶ
1618 2951 1776 3009 πάλιν
1822 2953 1881 3009 τὸ

238 3041 360 3118 περὶ
442 3041 541 3108 τὴν
624 3043 766 3112 ζωὴν
849 3038 1103 3118 βλαϐερὸν
1186 3040 1411 3108 ἀνόητον
1518 3042 1877 3117 ὀνομαζουσω

235 3132 313 3193 ὡς
374 3133 402 3186 ἱ)
450 3128 769 3195 Ἀπύστολος
829 3131 944 3207 περὶ
986 3137 1093 3186 τῶν
1148 3129 1520 3206 ἐμπιπτόντων
1566 3132 1637 3194 εἷς
1695 3130 1881 3187 ἐπιθυ-

1965 1972 2079 2038 tur,
2102 1965 2203 2043 qui
2223 1984 2341 2025 non
2365 1965 2541 2025 habet
2572 1984 2664 2037 ea,
2698 1981 2827 2044 quae
2847 1972 2983 2024 sunt
3003 1963 3263 2024 hominis
3282 1967 3602 2047 prmoipua.

1962 2052 2098 2115 Haec
2129 2065 2323 2115 autem
2356 2063 2516 2134 sunt,
2540 2054 2651 2116 Dei
2676 2053 2864 2115 Patris
2897 2056 3192 2132 notitia,et
3215 2052 3423 2130 Verbi,
3447 2058 3605 2136 quod

1963 2152 2090 2204 erat
2120 2143 2178 2203 in
2201 2142 2499 2223 principio
2523 2145 2680 2221 apud
2711 2142 2899 2205 Deum
2920 2141 3275 2215 7‘,doctrina
3300 2162 3333 2203 a
3358 2147 3604 2225 majori-

1963 2231 2073 2294 bus
2102 2238 2436 2311 accepta,et
2466 2252 2497 2292 a
2525 2241 2727 2293 sancto
2752 2231 2976 2311 Spiritu
3002 2233 3335 2311 procedens
3359 2233 3612 2297 illustra-

1963 2322 2043 2382 tio
2069 2344 2081 2384 :
2125 2340 2301 2403 quam
2325 2331 2586 2382 mentem
2614 2320 2971 2398 babent,qui
2995 2331 3243 2400 possunt
3266 2341 3399 2383 cum
3424 2323 3605 2387 Paulo

1962 2411 2314 2474 dicerezNos
2337 2418 2537 2473 autem
2556 2419 2815 2472 mentem
2836 2408 3064 2471 Christi
3092 2410 3381 2473 habemus
3410 2412 3607 2476 ".At-

1965 2509 2159 2562 tamen
2187 2501 2280 2561 his
2306 2500 2554 2561 vocibus
2584 2498 2839 2560 vicissim
2873 2516 2941 2560 ac
2969 2498 3308 2578 promiscue
3339 2500 3421 2562 uti
3453 2504 3604 2565 solet

1963 2590 2508 2669 Scriptura,utpote
2542 2606 2674 2671 quae
2704 2588 2955 2669 impium
2992 2601 3158 2648 vocet.
3188 2588 3593 2669 insipientem,

1964 2678 2245 2742 videlicet
2276 2679 2404 2741 loco
2433 2678 2556 2750 illo,
2597 2678 2775 2738 Dixit
2806 2678 3110 2757 insipiens
3143 2684 3206 2739 in
3234 2680 3410 2742 corde
3448 2699 3594 2745 suo:

1965 2770 2100 2832 Non
2129 2778 2211 2830 est
2253 2771 2406 2831 Deus
2433 2767 2509 2831 ⁷³.
2546 2770 2620 2831 Et
2664 2773 2880 2828 iterum
2935 2767 3018 2844 id,
3052 2768 3211 2848 quod
3242 2767 3372 2830 vitae
3401 2781 3599 2846 nocet,

1969 2861 2210 2921 stultum
2238 2859 2538 2939 nominat;
2572 2856 3075 2938 quemadmodum
3096 2858 3415 2936 Apostolus
3435 2860 3509 2921 de
3534 2863 3606 2923 iis

1966 2951 2070 3030 qui
2095 2950 2155 3010 in
2182 2947 2697 3028 concupiscentias
2721 2947 2929 3007 stultas
2947 2957 3006 3007 et
3029 2950 3235 3008 noxias
3254 2946 3602 3015 incidunt“.

1965 3036 2092 3101 Hoc
2116 3039 2319 3119 utique
2343 3046 2510 3117 pacto
2536 3036 2825 3115 insipiens
2849 3043 2905 3096 et
2926 3035 3139 3097 stultus
3161 3036 3509 3102 deferuntur
3530 3040 3603 3102 ad

1965 3148 2148 3190 unum
2177 3145 2557 3189 communem
2590 3125 2796 3197 tinem,
2817 3124 3212 3204 perditionem
3234 3126 3287 3168 7⁵
3304 3128 3601 3194 videlicet.

237 3224 362 3295 μίας
407 3221 660 3289 ἀνοήτους
715 3221 801 3275 καὶ
866 3199 1146 3298 βλαϐεράς,
1177 3199 1344 3277 Ὀὕτω
1402 3220 1581 3297 μέντοι
1661 3219 1789 3299 (94)
1855 3223 1879 3276 6

1970 3220 2159 3280 Possit
2189 3219 2364 3279 etiam
2396 3217 2530 3297 quis
2559 3215 2782 3287 dicere,
2811 3199 3193 3292 insipientem
3227 3218 3468 3298 quidem
3494 3238 3604 3299 ap-

238 3308 422 3388 ἅφρων
477 3311 563 3365 καὶ
620 3312 648 3364 6
693 3308 843 3373 ἄνους
895 3311 1024 3388 πρὸς
1082 3311 1137 3367 ἓν
1196 3312 1366 3366 κοινὸν
1413 3309 1567 3374 τέλος
1598 3310 1695 3377 τὴν
1724 3307 1879 3365 ἀπώ-

237 3397 391 3455 λειαν
444 3397 849 3476 καταφέρονται.
910 3399 1134 3454 Δύναται
1195 3396 1247 3454 δὲ
1298 3422 1377 3462 τις
1446 3402 1614 3455 εἰπεῖν
1685 3397 1883 3478 ἄφρονα

238 3488 341 3562 μὲν
393 3486 696 3562 ὠνομάσθαι
774 3489 867 3543 τὸν
952 3486 1172 3551 ἐθνικῶς
1229 3493 1422 3561 ζῶντα,
1478 3488 1632 3543 ἄνουν
1693 3486 1747 3543 δὲ
1792 3490 1882 3544 τὸν

238 3576 553 3644 ἰοὖδαϊκῶς
610 3579 747 3637 κατὰ
804 3581 903 3647 τὴν
957 3578 1122 3654 ψιλὴν
1170 3589 1260 3638 τυῦ
1310 3581 1472 3655 νόμο)
1519 3582 1745 3658 τήρησιν
1791 3601 1886 3635 πο-

238 3667 605 3743 λιτευόμενον,
671 3670 848 3743 Τούτῳ
877 3670 976 3749 γὰρ
1023 3676 1101 3743 τῷ
1150 3667 1335 3748 ἄφρονι
1368 3671 1525 3727 εἶπεν
1570 3671 1597 3725 6
1643 3670 1770 3733 Θεὸς
1803 3667 1886 3724 διὰ

239 3758 341 3826 τὴν
416 3758 816 3837 ἐνυπάρχουσαν
912 3761 1051 3831 οὒτῷ
1127 3757 1407 3825 ἀθεότητα*
1501 3755 1715 3838 ’Ἅφρον
1754 3805 1770 3832 ,
1832 3756 1886 3812 ἐν

240 3846 413 3924 ταύτῃ
464 3852 533 3923 τῇ
607 3852 752 3903 νυκτὶ
797 3846 891 3915 νὴν
972 3848 1155 3925 ψυχήν
1237 3869 1330 3906 σου
1398 3847 1701 3927 ἀφαιροῦσιν
1779 3846 1885 3903 ἀπὸ

242 3943 337 3993 σοῦ
392 3934 541 4013 (95),
595 3934 798 4001 ’Ἂνους
842 3935 895 3991 δὲ
943 3939 970 3992 6
1024 3938 1161 3993 κατὰ
1218 3937 1388 4014 σάρκα
1431 3935 1644 4015 ’[σραηλ
1676 3937 1886 4009 ὠνόμα-

244 4047 365 4082 σται
413 4029 548 4082 κατὰ
591 4028 680 4083 τόν
732 4028 1036 4106 προφήτην,
1072 4024 1128 4088 ὅς
1186 4043 1338 4105 φησι·
1391 4027 1489 4084 Καὶ
1549 4026 1613 4093 ἦν
1651 4024 1887 4105 Ἐφραῖμ

242 4118 317 4179 ὡς
373 4118 652 4194 περιστερὰ
708 4114 885 4179 ἄνουςο
945 4115 1216 4193 Αἴγυπτον
1294 4114 1615 4172 ἐπεκαλεῖτο
1695 4114 1881 4196 (96),

246 4207 333 4262 καὶ
387 4208 458 4270 εἰς
524 4206 824 4285 Ἀσσυρίους
901 4206 1205 4285 ἐπορεύετο.
1299 4207 1506 4264 Τούτων
1590 4206 1677 4262 οὖν
1732 4211 1887 4282 κοινῇ

244 4296 348 4351 ὑπὸ
390 4295 487 4363 τῆς
531 4293 660 4359 ἰδίας
730 4296 945 4375 ἀγνοίας
992 4293 1433 4375 συντριϐομένων,
1490 4297 1655 4370 ἡμεῖς
1705 4297 1753 4353 οἱ
1781 4293 1884 4351 ἀλ-

245 4382 450 4462 λότριοι
485 4384 655 4441 αύτῶν
684 4384 1023 4465 κληρομόμυι
1054 4392 1146 4440 τοῦ
1188 4384 1419 4441 πλούτου
1450 4384 1704 4463 γινόμεθα
1730 4383 1883 4463 (97).

1967 3307 2244 3388 pellatum
2302 3323 2436 3368 esse
2487 3324 2649 3375 eum,
2710 3303 2812 3384 qui
2875 3321 3038 3364 more
3096 3303 3234 3365 vivit
3282 3309 3597 3386 gentium:

1967 3396 2209 3458 stultum
2243 3412 2380 3458 vero
2411 3411 2573 3473 eum,
2600 3392 2701 3474 qui
2754 3409 2919 3453 more
2967 3390 3214 3454 Judaico
3274 3396 3604 3458 secundum

1971 3485 2191 3547 nudam
2216 3484 2365 3564 legis
2387 3481 2867 3545 observationem
2883 3482 3054 3543 vitam
3083 3481 3258 3561 degit.
3273 3483 3425 3547 Huic
3444 3485 3607 3548 enim

1968 3573 2279 3655 insipienti
2310 3571 2660 3651 dixitDeus,
2696 3569 2771 3631 ob
2828 3589 2959 3657 eam
3009 3590 3141 3650 quae
3177 3574 3237 3634 in
3298 3573 3427 3655 ipso
3480 3585 3610 3639 erat

1967 3664 2373 3744 impietatem:
2424 3662 2755 3741 Insipiens,
2789 3663 2899 3722 hac
2928 3669 3097 3723 nocte
3130 3670 3305 3724 tuam
3333 3668 3607 3729 animam

1967 3754 2253 3831 auferunt
2281 3770 2317 3813 a
2351 3753 2497 3814 te“.
2532 3751 2712 3812 lsrael
2742 3758 2962 3825 autem,
2992 3755 3095 3829 qui
3125 3753 3451 3815 secundum
3484 3773 3607 3818 car-

1970 3861 2106 3904 nem
2156 3849 2265 3921 est,
2330 3851 2566 3903 vocatus
2620 3847 2711 3901 est
2758 3839 2995 3913 stultus,
3033 3841 3202 3918 juxta
3251 3846 3603 3923 prophetam

1968 3932 2300 3993 dicentem:
2334 3930 2491 3993 Erat
2523 3930 2828 4010 Ephraim
2872 3932 3050 4008 quasi
3068 3929 3338 3993 columba
3366 3933 3552 3996 stulta
3588 3956 3603 3996 :

1966 4020 2308 4102 Egi/ptum
2339 4019 2685 4094 invocabat,
2718 4025 2772 4079 et
2803 4017 2881 4079 ad
2908 4020 3210 4097 Assyrios
3233 4021 3359 4084 ibat
3388 4020 3463 4085 ⁷⁷.
3501 4021 3607 4085 His

1970 4110 2144 4189 igitur
2172 4127 2279 4190 per
2299 4128 2465 4171 suam
2488 4110 2751 4190 ipsorum
2775 4106 3075 4170 inscitiam
3108 4110 3285 4171 simul
3307 4113 3603 4185 contritis,

1967 4200 2147 4261 alieni
2176 4218 2286 4261 nos
2311 4199 2649 4261 divitiarum
2678 4216 2920 4259 suarum
2964 4199 3239 4261 haeredes
3285 4201 3601 4266 efﬁcimur.

1966 4288 2179 4354 Nostra
2231 4289 2393 4351 enim
2451 4298 2592 4351 sunt
2651 4297 2966 4368 praecepta,
3028 4291 3215 4350 nostri
3274 4293 3603 4373 propheta),

1969 4380 2155 4443 nostri
2186 4379 2579 4460 patriarchae;
2613 4377 2799 4439 nostri
2841 4387 2981 4438 sunt
3014 4384 3115 4456 qui
3148 4397 3183 4441 a
3214 4382 3436 4444 saeculo
3460 4384 3609 4464 justi

245 4470 435 4549 Ἠμῶν
493 4476 592 4553 γὰρ
654 4478 706 4531 αἱ
791 4473 996 4533 ἐντολαὶ
1029 4522 1045 4553 ,
1137 4472 1380 4553 ἣμὲτεροι
1466 4476 1513 4531 οἱ
1596 4495 1879 4554 inpos-nteit,

1976 4470 2164 4532 fuere.
2198 4472 2349 4532 Suas
2380 4468 2550 4530 nobis
2577 4466 2809 4529 divitias
2861 4467 3233 4550 reliquerunt
3260 4472 3360 4553 qui
3409 4473 3470 4533 in
3499 4491 3607 4535 sua

328 4631 394 4682 69
422 4633 565 4697 Luc.
600 4650 722 4707 XVI,
755 4634 816 4699 8.

246 4711 357 4775 751
381 4711 538 4776 Tim.
571 4732 648 4795 v1,
682 4715 742 4777 9.

902 4635 963 4685 70
992 4631 1195 4698 Matth.
1222 4650 1283 4707 x,
1310 4634 1409 4695 46.

828 4713 893 4763 ⁷6
920 4717 1063 4779 Luc.
1102 4729 1209 4790 xu,
1244 4712 1345 4777 20.

330 4874 458 4953 (91)
480 4873 640 4936 Editi
669 4878 731 4932 τὸ
756 4874 1010 4954 βλαϐερὸν
1041 4878 1126 4932 καὶ
1154 4874 1449 4956 ὠφέλιμον.
1484 4874 1891 4956 Legiturvero

250 4955 314 5017 in
335 4952 441 5015 sex
465 4972 605 5015 mss.
649 4957 884 5017 inverso
910 4952 1123 5017 Ordine
1153 4952 1225 5013 τὸ⁷
1256 4955 1527 5037 ὠφέλιμον
1560 4952 1647 5014 καὶ
1694 4952 1889 5033 βλαϐε-

281 5037 364 5099 όν,

250 5059 465 5195 ρονξ92)
497 5112 654 5177 Editi
680 5116 734 5174 ἐν
761 5118 934 5195 σαρκί.
970 5118 1049 5179 At
1081 5132 1222 5177 mss.
1253 5115 1420 5178 multi
1450 5121 1519 5193 τῇ
1546 5116 1600 5173 ἐν
1632 5120 1805 5194 σαρκί.

363 5195 465 5277 93)
500 5195 631 5295 Illtl'2
657 5199 745 5295 mli
840 5205 932 5254 τοῦ
960 5201 1013 5295 ὲν
1044 5197 1189 5295 ἀρχῇ
1219 5195 1369 5295 (ivro;
1430 5199 1566 5295 ’πρὸὲ¹
1611 5199 1738 5295 τὸνπ
1762 5201 1892 5295 Θεὸν

251 5277 427 5358 Λόγου
446 5275 853 5357 παραδοχήβὶο
884 5275 1458 5358 verteratinterpres
1481 5296 1495 5337 :
1518 5275 1663 5338 Item
1695 5277 1887 5358 Verbi,

250 5357 416 5437 quod
436 5358 501 5419 in
523 5359 830 5438 principio
843 5366 973 5420 erat
997 5358 1163 5436 apud
1182 5357 1751 5438 Deum,assumptio.
1773 5357 1890 5421 Sed

250 5456 361 5519 vox
391 5437 741 5519 assumptio
764 5439 884 5499 visa
937 5448 1034 5519 est
1067 5437 1424 5519 Gombeﬁsio
1470 5437 1776 5519 remotior,
1810 5440 1886 5499 ob

248 5516 437 5598 idque
456 5516 839 5610 interpretari
861 5518 1086 5609 maluit,
1107 5516 1276 5580 Verbi
1307 5520 1372 5579 in
1388 5518 1696 5658 principio
1719 5516 1882 5598 apud

249 5600 445 5658 Deum
466 5600 719 5658 traditio
740 5607 800 5658 et
823 5596 1379 5658 fides.Vimvocabu
1409 5617 1495 5658 lSl
1515 5606 1878 5658 soectemus.

249 5596 445 5679 Deum
466 5596 719 5661 traditio
740 5607 800 5660 et
820 5596 1427 5679 ﬁdes.Vimvocabuli
1444 5598 1495 5679 si
1515 5596 1878 5679 spectemus,

249 5678 536 5760 παριδοχή
579 5677 829 5760 proprie
873 5680 987 5741 erit
1013 5680 1308 5760 susceptio
1338 5677 1504 5760 uerbi
1528 5695 1542 5740 :
1571 5678 1661 5738 vel
1688 5685 1882 5759 potius

249 5758 551 5851 doctrina,
583 5758 759 5839 quam
791 5778 825 5821 a
855 5758 1181 5839 majoribus
1199 5758 1275 5819 de
1303 5758 1487 5820 Verbi
1517 5758 1884 5840 susceptione

246 5855 617 5905 accepimus.
942 5890 951 5895 -

696 5920 886 5987 Paris.
911 5890 1046 6001 cum
1070 5918 1337 6002 quinque
1357 5926 1457 5984 aut
1486 5937 1595 5986 sex
1617 5936 1761 5984 mss.
1795 5921 1891 5979 οὖ-

1493 4632 1548 4683 7i
1584 4631 1760 4695 Joan.
1793 4649 1834 4707 1,
1864 4631 1925 4698 9.
2010 4630 2068 4682 τε
2096 4632 2121 4694 I
2146 4629 2283 4697 Cor.
2308 4647 2372 4709 ιι,
2398 4630 2497 4694 16.

1434 4713 1495 4763 77
1525 4711 1665 4776 Ose.
1701 4729 1799 4788 vn,
1837 4717 1894 4775 1.

2580 4631 2644 4681 73
2662 4628 2815 4692 Psal.
2847 4646 2975 4709 xm,
3004 4637 3055 4695 1.
3141 4627 3196 4674 7‘
3224 4634 3401 4696 Rom.
3436 4650 3477 4711 1,
3506 4633 3605 4698 3‘1.

1975 4895 2065 4955 τος
2098 4872 2305 4955 μέντοι.
2338 4871 2515 4955 Coisl.
2551 4881 2713 4955 Ουτσς
2757 4874 2855 4949 μὲν
2884 4875 2972 4931 οὖν
3004 4875 3203 4955 ἄφρων.
3239 4875 3438 4939 Editio
3472 4894 3609 4939 vero

1973 4952 2157 5038 Basil.
2185 4961 2245 5014 et
2268 4952 2438 5038 Regii
2458 4953 2758 5015 secundus
2779 4962 2837 5015 et
2857 4952 3213 5017 sextus'cum
3237 4957 3400 5020 Colb.
3415 4959 3608 5038 primo

1975 5035 2177 5109 Οὕτως,
2211 5034 2449 5097 melius.

2060 5115 2179 5195 (95)
2211 5116 2402 5176 Voces
2433 5116 2537 5172 ἀπὸ
2562 5121 2656 5172 σοῦ
2678 5113 2893 5176 desunt
2910 5113 2973 5176 in
3001 5134 3104 5179 sex
3135 5135 3279 5181 mss.
3313 5126 3374 5179 et
3395 5118 3456 5179 in
3488 5117 3612 5180 edi-

1977 5194 2137 5257 tione
2167 5195 2353 5258 Basil.

2061 5275 2187 5360 (96)
2214 5275 2542 5360 C_olberti_ni
2572 5275 2820 5360 primus,
2854 5285 3057 5360 sextus
3084 5286 3142 5339 et
3162 5278 3449 5360 septimus
3470 5297 3607 5346 cum

1976 5354 2208 5417 duobus
2238 5357 2440 5440 Regiis
2469 5354 2850 5440 ἐπεὶκλέσατο.
2880 5356 3109 5421 Ibidem
3142 5354 3283 5420 editi
3314 5368 3373 5421 et
3422 5361 3610 5440 major

1976 5454 2111 5516 pars
2146 5453 2285 5496 mss.
2322 5437 2619 5514 ἐπορεύετο.
2654 5437 2775 5499 Alii
2811 5440 3053 5515 quidam
3087 5457 3231 5501 mss.
3266 5437 3602 5515 ἐπορεύοντο,

1966 5514 2124 5580 LXX
2145 5534 2382 5596 quoque
2414 5533 2663 5579 numero
2681 5518 3079 5581 multitudinis
3103 5523 3189 5582 usi
3221 5514 3606 5601 sunt,énopsd-

1965 5601 2152 5665 θησαν.

2046 5676 2172 5757 (97)
2206 5676 2376 5760 Golb.
2402 5675 2696 5760 septimus
2722 5680 3001 5758 γενόμεθα.
3029 5683 3176 5758 Reg.
3197 5684 3495 5760 secundus
3515 5706 3604 5760 γι-

1968 5758 2201 5842 ζώμερα.
2238 5759 2367 5818 Hoc
2397 5757 2525 5839 ipso
2558 5757 2617 5818 in
2662 5757 2790 5821 loco
2816 5769 3053 5842 septem
3103 5757 3241 5821 mss.
3279 5758 3445 5837 Ἢμῐν
3479 5757 3600 5839 γάρ.

1974 5836 2135 5901 Editi
2166 5854 2301 5900 vero
2333 5836 2467 5902 cuin
2498 5856 2618 5901 uno
2648 5848 2748 5901 aut
2775 5836 2960 5903 altero
2992 5860 3105 5905 ms.
3133 5844 3288 5917 ἡμῶν
3319 5836 3441 5921 γάρ.
