4108 6220
238 330 358 409 449

1348 327 1666 396 HOMILIA
1712 322 1788 393 IN
1834 328 2201 395 PSALMUM
2246 328 2516 397 XLVIII.

3500 335 3619 403 450

242 489 461 546 ηγοριας
522 465 978 539 ἐνσημηναμενοι,
1036 464 1122 522 ἐπὶ
1210 464 1343 521 ποὶὺ
1418 470 1887 544 ωμπαραταθῆναι

1980 463 2217 545 longum
2250 468 2376 529 vitae
2404 476 2634 547 tempus
2665 485 2770 528 sua
2803 467 3065 547 ipsorum
3101 470 3389 533 memoria
3414 479 3610 533 exten-

241 563 315 630 τῷ
338 557 436 633 βίῳ
466 555 560 623 τὴν
626 555 847 630 μνήμην
900 554 1101 610 ἑαυτῶν
1151 553 1471 621 ἐπενόησαν·
1537 558 1623 610 καὶ
1681 556 1735 611 ἐν
1794 556 1894 612 τά-

241 668 357 726 φοις
406 642 460 700 δὲ
512 641 904 721 μεγαλουργίαν
976 641 1383 719 ἐπιδειξάμενοι,
1428 659 1545 707 τοὶς
1621 647 1893 721 μνήμασιν

240 734 438 791 ἓαυτῶν
534 732 803 809 ἐναφῆκαν
893 732 957 787 τὰ
1015 732 1273 806 ὀνόματα,
1343 734 1498 791 Οὗτοί
1555 735 1683 791 εἰσιν
1735 737 1783 791 οἱ
1830 735 1896 789 τὰ

237 826 402 901 γήϊνα
470 829 808 902 φρονοῦντες,
867 823 954 876 καὶ
1012 823 1111 889 τὴν
1164 826 1385 882 ἐνταῦθα
1432 821 1610 899 δόξαν,
1683 826 1770 882 καὶ
1828 824 1890 879 τὸ

240 913 382 991 παρὰ
427 912 549 973 τοῖς
607 909 905 979 ἀνθρώπσις
964 912 1393 985 μνημονεύεσθαι
1446 911 1699 989 αὔταρκες
1764 914 1888 968 ἑαυο

244 1014 358 1063 τοῖς
391 1003 462 1066 είς
492 1000 863 1077 μακαριότητα
916 998 1277 1078 λογιζόμενοι,
1328 1000 1435 1058 Κᾶν
1491 999 1616 1079 ἴδῃς
1642 1001 1695 1057 δὲ
1767 1023 1894 1058 τινα

242 1098 344 1148 τῶν
373 1091 459 1146 ἐπὶ
528 1089 854 1166 ψευδωνύμῳ
923 1088 1118 1165 γνώσει
1178 1089 1317 1166 μέγα
1397 1092 1729 1167 φρονούντων
1795 1090 1892 1167 (2),

243 1181 327 1235 καὶ
395 1178 799 1257 προσνεμόντων
854 1178 1072 1242 ὲαυτοὲις
1125 1181 1419 1257 μοχθηρῶν
1467 1201 1623 1235 τινων
1683 1178 1888 1259 δογμα-

241 1291 348 1325 των
380 1266 786 1345 συγκαταθέσεσι
842 1264 948 1343 (3),
1014 1270 1099 1322 καὶ
1161 1266 1273 1323 ἀντὶ
1321 1269 1416 1323 τοῦ
1472 1269 1732 1343 ὀνόματος
1785 1275 1891 1325 τῶν

246 1361 597 1437 Χριστιανῶν,
657 1355 746 1435 ἀφ’
801 1356 913 1417 ἑνός
972 1376 1115 1419 τινος
1168 1362 1274 1411 τῶν
1364 1358 1890 1437 αἰρεσιαρχησάντων

246 1447 458 1511 ἑαυτοὺς
510 1445 893 1520 ὀνομάζοντας,
958 1444 1281 1524 Μαρκίωνος,
1343 1446 1379 1513 ἢ
1432 1445 1798 1527 Οὒιλεντίνου,
1854 1447 1889 1514 ἢ

245 1537 349 1593 τῶν
380 1543 465 1592 νῦν
494 1533 924 1605 ἐπιπολαζόντων
956 1539 1125 1613 τινος,
1159 1536 1407 1616 γίνωσκε,
1472 1536 1552 1592 ὅτι
1601 1539 1689 1593 καὶ
1750 1540 1890 1593 οὗτοι

244 1623 634 1681 ἐπεκαλέσαντο
722 1624 788 1679 τὰ
841 1623 1076 1700 ὀνόματα
1134 1625 1303 1680 αὐτῶν
1389 1626 1478 1682 ἐπὶ
1533 1633 1639 1682 τῶν
1698 1627 1888 1705 γαιῶν,

244 1717 492 1793 φθαρνοῐς
576 1714 875 1793 ἆνθρὼποιτ
937 1714 1023 1769 καὶ
1081 1715 1140 1769 τὸ
1197 1712 1321 1770 ὅλον
1394 1715 1607 1793 γηΐνοις
1677 1717 1893 1778 ἑαυτοὺς

239 1806 645 1883 προσνείμαντες
656 1851 668 1865 ,
1778 1854 1793 1865 ι

324 1894 384 1957 8.
475 1894 571 1951 Καὶ
654 1892 924 1971 ἄνθρωπος
1002 1892 1055 1948 ἐν
1142 1897 1272 1967 τιμῆ
1344 1892 1441 1968 ὢν,
1526 1898 1586 1953 οὗ
1673 1900 1888 1962 συνῆκεν

242 1976 684 2058 παρασυνεϐλήθη
770 1995 887 2047 τοῖς
973 1980 1185 2049 κτήνεσι
1256 1996 1373 2048 τοῖς
1454 1984 1723 2057 ἀνοήτοις,
1804 1986 1892 2041 καὶ

242 2073 496 2149 ὡμοιώθη
581 2073 788 2138 αὐτοῖς.
883 2072 1026 2138 Αὕτη
1114 2075 1147 2140 ἡ
1204 2070 1319 2135 ὁδὸς
1371 2076 1541 2130 αὐτῶν
1598 2071 1891 2131 σκάνδαλον

243 2163 454 2225 αὒτοτς·
515 2163 604 2219 καὶ
679 2163 814 2237 μετὰ
883 2172 1047 2221 ταῦτα
1116 2161 1170 2216 ἐν
1253 2169 1329 2236 τῷ
1414 2164 1637 2237 στόματι
1718 2164 1889 2220 ἂῦτῶν

243 2251 611 2322 εὖδοκήσουσι,
682 2253 833 2329 Μέγα
916 2251 1210 2330 ἅνθρωπος,
1320 2254 1406 2309 καὶ
1486 2255 1660 2327 τίμιον
1756 2253 1890 2330 ἀνὴρ

245 2341 517 2416 ἐλεήμων,
549 2341 609 2395 τὸ
665 2341 840 2415 τίμιον
890 2341 944 2397 ἐν
976 2346 1042 2407 τῆ
1095 2345 1288 2419 φυσινῆ
1344 2346 1648 2408 κατασκευῆ
1716 2340 1888 2422 ἔχων,

244 2432 304 2488 Τί
331 2432 430 2508 γὰρ
461 2430 563 2485 τῶν
586 2429 669 2486 ἐπὶ
690 2435 791 2507 γῆς
832 2429 962 2489 ἄλλο
1033 2430 1151 2487 κατ’
1211 2431 1387 2487 εἰκόνα
1439 2438 1531 2488 τοῦ
1611 2431 1888 2496 κτίσαντος

241 2520 475 2598 γέγονες
551 2521 665 2576 Τίνι
724 2519 920 2586 ἠκατὰ
979 2520 1192 2576 πάντων
1220 2519 1308 2598 (4)
1366 2519 1516 2599 ἀρχὴ
1563 2524 1652 2577 καὶ
1682 2518 1887 2585 ἐξουσία

239 2610 349 2665 τῶν
379 2628 437 2663 τε
483 2609 750 2687 χερσαίων
806 2610 895 2665 καὶ
949 2606 1173 2685 ἐνύδρων
1242 2611 1330 2664 καὶ
1424 2607 1671 2687 ἐναερίων
1739 2610 1889 2680 ζώων

239 2698 557 2778 κεχάρισται
592 2715 608 2773 ;
662 2698 844 2777 Βραχὺ
904 2697 1001 2772 μὲν
1057 2694 1355 2763 ὕποϐἐϐηκε
1386 2699 1483 2765 τὴν
1511 2702 1615 2755 τῶν
1645 2697 1890 2777 ἀγγέλων

240 2787 384 2852 ἂξίαν
415 2785 493 2842 διὺ
526 2786 624 2854 τὴν
679 2788 808 2865 πρὸς
864 2788 926 2842 τὸ
975 2785 1169 2864 γεῶδες
1229 2788 1384 2863 σῶμα
1435 2788 1738 2869 συνάφειανο
1802 2790 1892 2844 τὸν

1978 556 2243 631 deretur,
2311 558 2450 637 quin
2513 556 2686 618 etiam
2748 557 3181 635 magniﬁcentia
3210 559 3271 621 in
3323 562 3615 641 sepulcris

1979 653 2239 719 ostensa,
2276 647 2676 708 monumentis
2718 650 2960 710 nomina
2989 667 3096 710 sua
3146 650 3613 729 insculpserum.

1977 734 2048 796 Hi
2076 745 2212 797 sunt
2235 737 2331 815 qui
2357 746 2590 798 terrena
2612 737 2868 817 sapiunt,
2900 748 2954 800 et
2995 753 3344 819 praesentem
3370 741 3614 818 gloriam

1975 844 2043 886 ac
2065 826 2370 887 hominum
2390 827 2860 890 recordationem
2889 828 3085 889 sibiad
3104 828 3445 891 felicitatem
3478 832 3619 893 satis

1977 932 2107 975 esse
2130 914 2657 987 existimant.Quod
2683 917 2732 976 si
2759 935 2934 993 quem
2961 918 3132 978 etiam
3157 917 3617 992 videriseorum,

1978 1003 2080 1083 qui
2114 1003 2187 1064 ob
2246 1005 2375 1064 falsi
2431 1005 2689 1067 nominis
2746 1007 3058 1069 scientiam
3121 1007 3495 1088 superbiant.
3563 1018 3621 1070 et

1981 1096 2171 1173 pravis
2204 1095 2552 1173 quibusdam
2586 1096 2959 1174 dogmatibus
2985 1098 3413 1171 assentiuntur,
3448 1118 3518 1161 ac
3541 1102 3619 1159 lo-

1975 1203 2045 1245 co
2076 1183 2334 1245 nominis
2363 1184 2715 1265 Christiani,
2747 1185 2819 1247 ab
2860 1204 2977 1247 uno
3004 1186 3200 1267 aliquo
3224 1189 3621 1250 haeresiarcha

1973 1273 2085 1335 sibi
2120 1291 2335 1335 nomen
2369 1275 2689 1348 asciscunt,
2729 1284 2868 1355 puta
2897 1295 2929 1336 a
2973 1275 3289 1346 Marcione,
3354 1288 3451 1339 aut
3499 1279 3616 1339 Va-

1976 1363 2226 1436 lentino,
2254 1372 2353 1423 aut
2382 1362 2454 1424 ab
2488 1364 2684 1443 aliquo
2711 1382 2919 1426 eorum
2954 1365 3055 1446 qui
3085 1385 3153 1427 ex
3216 1366 3431 1445 ignotis
3463 1386 3621 1428 nunc

1974 1452 2279 1531 conspicui
2314 1462 2498 1512 sunt:
2538 1454 2710 1515 velim
2765 1457 3003 1515 noveris
3062 1456 3168 1517 hos
3226 1474 3461 1537 quoque
3518 1475 3622 1517 sua

1978 1542 2215 1603 nomina
2246 1560 2487 1603 vocasse
2533 1542 2592 1603 in
2626 1544 2824 1618 terris,
2866 1554 2927 1604 ut
2958 1545 3053 1624 qui
3079 1545 3424 1607 hominibus
3483 1565 3619 1607 cor-

1977 1632 2163 1712 ruptis
2190 1650 2257 1693 ac
2290 1631 2463 1711 plane
2495 1634 2749 1695 terrenis
2778 1653 2910 1697 sese
2940 1635 3300 1697 addixerint.

2057 1902 2115 1960 8.
2153 1898 2327 1962 Vens.
2374 1901 2467 1974 l3,
2500 1902 2593 1964 14.
2624 1899 2709 1962 Et
2727 1900 2900 1963 homo
2922 1921 3053 1963 cum
3078 1904 3143 1965 in
3165 1902 3407 1968 humore
3451 1917 3618 1983 esset,

1979 2004 2085 2045 nou
2115 1991 2379 2047 intellexit
2409 2007 2428 2049 :
2458 1998 2801 2063 camparalus
2822 1995 2901 2045 est
2926 1992 3186 2062 jumentis
3216 1994 3620 2067 insipientibus,

1975 2079 2022 2127 et
2051 2071 2245 2127 similis
2271 2073 2454 2143 factm
2483 2078 2557 2129 est
2586 2072 2712 2129 illis.
2755 2072 2877 2129 Ηωο
2898 2075 2991 2129 via
3031 2073 3249 2130 illorum
3309 2076 3624 2133 scandalum

1980 2153 2150 2226 ipsis:
2169 2160 2225 2213 et
2235 2160 2443 2231 postea
2458 2155 2520 2214 in
2536 2170 2635 2214 ore
2649 2171 2757 2214 suo
2777 2152 3251 2233 complacebunt.
3282 2158 3493 2236 Magna
3524 2176 3623 2220 res

1979 2241 2175 2309 homo,
2209 2249 2266 2301 et
2284 2240 2608 2320 pretiosum
2622 2241 2900 2321 quiddam
2922 2242 3005 2303 vir
3028 2242 3391 2316 misericors,
3422 2246 3616 2325 digni-

1978 2336 2151 2390 tatem
2175 2330 2774 2410 excellentiamquein
2791 2332 3042 2393 naturali
3057 2350 3162 2393 sua
3180 2337 3622 2397 constructione

1976 2418 2222 2481 habens.
2253 2419 2405 2492 Quid
2433 2421 2591 2480 enim
2618 2419 2774 2481 aliud
2802 2438 2871 2481 ex
2896 2420 2965 2481 iis
3018 2439 3149 2500 quae
3172 2421 3231 2482 in
3259 2430 3413 2483 terra
3453 2436 3618 2498 sunt,

1973 2506 2044 2568 ad
2073 2508 2414 2570 Conditoris
2436 2508 2752 2587 imaginem
2773 2510 2989 2570 factum
3014 2518 3106 2571 est
3136 2506 3237 2569 82?
3261 2512 3365 2573 Cui
3394 2512 3617 2586 princi-

1974 2605 2141 2676 patus
2167 2606 2225 2658 et
2252 2605 2511 2677 potestas
2531 2598 2593 2658 in
2620 2598 3110 2659 omniaanimalia
3136 2607 3258 2660 tum
3286 2602 3617 2683 terrestria,

1978 2695 2094 2746 tum
2116 2687 2554 2767 aquatilia,tum
2575 2706 2748 2749 aerea
2766 2705 3049 2750 concessa
3062 2687 3247 2752 est”?
3268 2688 3364 2750 Est
3380 2691 3618 2769 quidem

1977 2776 2150 2856 paulo
2180 2775 2424 2838 interior
2453 2778 2678 2855 angelis
2710 2777 2992 2856 dignitate
3021 2774 3095 2851 ει,
3152 2777 3227 2839 ob
3257 2797 3423 2840 suam
3485 2799 3616 2840 cum

242 2877 340 2952 μὲν
370 2876 456 2932 οὖν
505 2875 776 2956 ἄνθρωπον
819 2877 1069 2943 ἐποίησεν
1125 2877 1230 2933 ὰπὸ
1274 2882 1372 2944 τῆς
1428 2865 1703 2955 γῆςίκαὶ
1769 2880 1888 2942 τοὺς

1980 2866 2243 2926 terrestri
2280 2884 2531 2946 corpore
2554 2865 3291 2947 conjunctionemzquippe
3312 2867 3616 2929 hominem

244 2954 611 3045 λειτουργοὺς
643 2966 799 3022 αὒτοῦ
879 2968 1039 3045 πυρὸς
1100 2966 1296 3046 φλόγα.
1358 2965 1478 3023 ἀλλ’
1516 2965 1660 3041 ὅμως
1722 2970 1757 3038 ἥ
1828 2989 1888 3045 γε

1980 2954 2215 3031 Γροίιξιιο
2264 2965 2418 3017 terra
2471 2954 2547 3031 ⁸⁵,
2617 2957 2684 3018 Et
2741 2963 3059 3019 ministros
3111 2974 3256 3018 suos
3309 2956 3621 3037 ﬂammam

242 3064 336 3113 τοῦ
366 3069 507 3112 νοεῖν
540 3058 626 3111 καὶ
686 3054 911 3111 συνιέναι
955 3057 1045 3110 τὸν
1088 3056 1287 3112 ἑαυτῶν
1349 3057 1577 3124 κτίστην
1628 3058 1716 3113 καὶ
1771 3067 1886 3123 Δη-

1980 3049 2135 3125 ignis
2170 3046 2245 3109 εδ.
2294 3050 2370 3109 At
2397 3056 2557 3110 certe
2581 3050 2665 3110 vis
2717 3048 3085 3128 intelligendi
3118 3057 3176 3110 et
3226 3051 3622 3129 cognoscendi

244 3148 498 3223 μιουργὸν
542 3142 756 3219 δύναμις
815 3145 902 3201 καί
957 3144 1010 3200 ἐν
1080 3158 1199 3209 τοῖς
1262 3144 1557 3223 ἂνθρώποις
1628 3147 1882 3226 δπάρχει,

1980 3137 2359 3200 Conditorem
2390 3148 2446 3199 et
2464 3138 2749 3220 Opiﬁcem
2789 3138 3325 3234 suuminestetiam
3353 3140 3412 3201 in
3428 3141 3623 3201 homi-

246 3233 572 3314 Ἐνεφύσησε
635 3235 733 3312 γὰρ
796 3232 873 3310 (5)
956 3235 1027 3298 εἰς
1087 3234 1146 3290 τὸ
1232 3234 1539 3312 πρόσωπον’
1621 3236 1884 3310 τουτέστι,

1980 3227 2518 3307 uibus.lnsu/]lavzt
2534 3232 2695 3291 enim
2718 3231 2778 3289 in
2791 3226 3083 3307 faciem“;
3104 3230 3219 3291 hoc
3233 3237 3344 3300 est,
3362 3230 3618 3310 aliquam

245 3324 440 3404 μοῖραν
515 3345 633 3379 τινα
688 3327 784 3389 τῆς
830 3320 962 3385 ἰδίας
1017 3326 1234 3402 χάριτος
1310 3323 1590 3381 ἐναπέθετο
1649 3329 1726 3397 τῷ
1786 3326 1885 3380 ἁν-

1980 3319 2176 3394 gratiaa
2209 3319 2460 3398 propria:
2492 3319 2619 3377 185
2644 3328 2868 3399 partem
2895 3322 2953 3381 in
2988 3321 3290 3381 hominem
3348 3320 3618 3399 immisit,

245 3418 464 3493 θρωπῳ,
498 3410 587 3468 ἵνα
624 3419 700 3487 τῷ
755 3414 922 3487 ὁμοίῳ
979 3412 1307 3490 ἐπιγινώσκῃ
1365 3414 1426 3468 τὸ
1474 3412 1682 3487 ὅμοιον⁶
1734 3412 1887 3474 Ἀλλ’

244 3503 391 3577 ὅμως
427 3502 489 3556 ἀν
527 3507 659 3576 τιμῇ
716 3500 790 3556 ὤν
838 3500 1159 3578 τηλικαύτῃ,
1235 3503 1295 3558 ἐκ
1346 3510 1439 3559 τοῦ
1495 3501 1890 3581 δεδημιουργῆ-

242 3596 360 3649 σθαι
394 3590 514 3647 κατ’
560 3590 737 3646 εἰκόνα
766 3594 863 3647 τοῦ
928 3591 1230 3664 κτίσαντος,
1275 3592 1405 3671 ὑπὲρ
1461 3595 1703 3672 οὐρανὸν,
1760 3592 1889 3669 ὑπὲρ

243 3681 420 3755 ἥλιον,
475 3682 605 3758 ὑπὲρ
674 3681 768 3745 τὰς
808 3682 915 3736 τῶν
970 3679 1205 3757 ἀστέρων
1262 3682 1479 3759 χορείας
1535 3680 1888 3756 τετιμημένος

242 3771 349 3849 (τίς
404 3771 504 3848 γὰρ
552 3775 658 3826 τῶν
715 3768 949 3847 οὐρανῶν
1007 3768 1085 3849 (6)
1144 3772 1299 3826 εἰκὼν
1353 3770 1566 3848 εἴρηται
1614 3778 1706 3826 τοῦ
1760 3777 1892 3827 Θεοῦ

242 3867 339 3919 τοῦ
367 3859 811 3935 ὑψίστουςποίαν
868 3856 923 3914 δὲ
974 3857 1127 3929 ἥλιος
1188 3861 1363 3916 εἰκόνα
1424 3861 1579 3930 σώζει
1628 3866 1720 3916 τοῦ
1778 3861 1894 3917 κτίο

246 3964 486 4023 σαντος;
554 3949 601 4004 τί
653 3948 689 4015 ⁵η
748 3948 989 4027 σελήνη;
1054 3948 1105 4004 τί
1131 3949 1178 4003 οἱ
1234 3947 1412 4005 λοιποὶ
1434 3948 1674 4026 ἀστέρεςς
1705 3948 1892 4030 ἄψυχα

245 4042 343 4116 μὲν
372 4041 460 4095 καὶ
488 4036 664 4113 ὑλικὰ,
697 4034 943 4117 ’διαφανῆ
973 4035 1027 4093 δὲ
1078 4038 1240 4113 μόνον
1284 4059 1349 4093 τα
1399 4040 1623 4113 σώματα
1691 4060 1885 4107 κεκτηο

245 4129 420 4203 μένοι,
508 4126 562 4181 ἐν
641 4126 728 4191 οἷς
823 4122 1051 4201 οὐδαμοῦ
1122 4125 1346 4206 διάνοια,
1421 4128 1480 4183 οὒ
1535 4130 1892 4207 προαιρετικαὶ

242 4219 512 4289 κινήσεις,
546 4214 641 4273 οὒκ
692 4214 1151 4283 αύνεξουσιότητος
1209 4214 1492 4293 ἐλευθερία’
1549 4216 1686 4273 ἀλλὰ
1733 4215 1889 4275 δοῡλᾶ

245 4306 358 4362 ἐστι
414 4308 512 4372 τῆς
566 4303 907 4379 ἐπικειμένης
960 4304 1223 4383 ἀνάγκης,
1283 4305 1400 4362 καθ’
1448 4305 1514 4372 ἣν
1570 4305 1889 4382 ἀπαραλλάο

243 4416 387 4457 κτως
437 4393 519 4449 ἀεὶ
592 4393 710 4472 περὶ
771 4393 836 4448 τὰ
921 4394 1053 4451 αὐτὰ
1110 4393 1539 4473 ἂναστρὲφεται)·
1600 4395 1731 4472 ὑπὲρ
1800 4396 1889 4453 οὖν

1973 3416 2031 3466 ιιι
2052 3407 2252 3468 simile
2286 3427 2389 3487 per
2418 3408 2613 3469 simile
2654 3420 2988 3488 cognoscat.
3030 3410 3309 3470 Attamen
3367 3427 3500 3469 cum
3558 3408 3618 3468 in

1969 3506 2129 3559 tanto
2164 3507 2321 3558 esset
2352 3498 2681 3573 honore,ex
2712 3518 2781 3559 eo
2814 3500 2970 3579 quod
3004 3500 3074 3559 ad
3109 3497 3447 3560 Condttoris
3473 3498 3617 3559 ima-

1972 3588 2167 3666 ginem
2191 3585 2459 3647 conditus
2519 3596 2698 3663 esset,
2766 3589 2948 3666 magis
2994 3587 3167 3661 coelo,
3226 3592 3410 3666 magis
3460 3587 3611 3662 sole,

1974 3675 2161 3754 magis
2190 3675 2498 3736 stellarum
2532 3677 2767 3737 choreis
2794 3677 3113 3738 honoratus
3143 3677 3394 3757 (ecquod
3455 3678 3613 3738 enim

1972 3767 2258 3826 caelorum
2282 3768 2472 3842 imago
2504 3764 2608 3825 Dei
2639 3766 2905 3826 altissimi
2936 3766 3158 3827 dictum
3191 3776 3279 3827 est
3303 3774 3330 3828 ?
3378 3768 3611 3846 qualem

1976 3855 2149 3915 etiam
2186 3853 2500 3931 imaginem
2546 3850 2873 3917 conditoris
2903 3855 2993 3916 sui
3023 3864 3219 3916 servat
3278 3855 3416 3917 sol?
3466 3854 3607 3935 quid

1976 3945 2166 4006 luna?
2225 3943 2366 4021 quid
2417 3943 2659 4025 reliquas
2702 3944 2885 4006 stellae
2913 3950 2941 4007 ?
2986 3962 3237 4025 corpora
3288 3942 3613 4006 inanimata

1974 4034 2217 4115 quidem
2239 4041 2298 4094 et
2320 4051 2389 4094 ex
2416 4034 2663 4094 materia
2684 4037 3013 4097 constantia
3030 4052 3095 4095 ac
3116 4035 3304 4095 solum
3321 4033 3615 4112 pellucida

1975 4124 2223 4195 sortitae,
2256 4122 2315 4182 in
2341 4121 2553 4202 quibus
2584 4142 2872 4205 nusquam
2909 4142 3075 4184 mens
3103 4132 3216 4195 est,
3247 4140 3364 4184 non
3392 4123 3608 4183 volun-

1973 4212 2103 4275 tarii
2136 4222 2357 4290 motus,
2400 4230 2515 4273 non
2550 4212 2802 4274 liberum
2831 4213 3165 4280 arbitrium;
3202 4211 3305 4272 sed
3349 4213 3612 4273 serviunt

1973 4301 2346 4385 incumbenti
2371 4304 2731 4379 necessitati,
2770 4321 2875 4383 per
2924 4320 3098 4382 quam
3145 4319 3393 4379 semper
3426 4302 3618 4363 modis

1998 4389 2446 4458 mmutabilibus
2478 4393 2636 4456 circa
2686 4396 2892 4455 eadem
2957 4389 3289 4469 versantur)
3333 4412 3345 4447 :
3409 4391 3611 4474 homo,

242 4493 409 4543 ταῦτα
464 4496 589 4546 ταῖς
646 4494 832 4557 τιμαῖς
875 4483 1206 4561 προηγκὲνος
1246 4485 1270 4539 ὃ
1304 4482 1599 4562 ἄνθρωπος,
1648 4484 1708 4540 οὒ
1762 4507 1885 4541 συν-

1980 4480 2461 4563 inquam,‘magis
2478 4482 2569 4544 his
2596 4485 2938 4562 honoratus,
2969 4499 3084 4541 non
3130 4478 3443 4559 intellexit,
3482 4483 3612 4557 sed,

243 4573 399 4646 ἧκεν,
431 4570 570 4627 ἀλλὰ
591 4568 900 4628 καταλιπὼν
942 4572 1001 4628 τύ
1058 4570 1273 4629 ἕπεσθαι
1338 4573 1474 4648 Θεῷ,
1523 4574 1611 4629 καὶ
1667 4575 1888 4649 ὁμοιοῦ-

1980 4577 2134 4659 quod
2162 4593 2296 4637 eum
2321 4575 2517 4654 sequi,
2542 4583 2599 4635 et
2621 4572 2920 4635 Conditori
2942 4569 3153 4631 similis
3177 4567 3307 4629 ﬁeri
3329 4569 3610 4651 neglexit,

247 4666 367 4719 σθαι
398 4668 474 4735 τῷ
493 4660 755 4734 κτίσαντι,
814 4658 998 4726 δοῦλος
1043 4670 1324 4741 γενόμενος
1394 4668 1499 4739 τῶν
1559 4666 1742 4720 παθῶν
1788 4670 1887 4733 τῆς

1980 4658 2181 4729 Servus
2203 4665 2450 4727 effectus
2471 4664 2858 4744 cupiditatum
2877 4660 3095 4733 carnis,
3121 4661 3517 4738 Compar-atus
3530 4667 3619 4723 est

251 4753 470 4831 σαρκὸς,
544 4747 992 4828 Παρασυνεϐλήθη
1090 4766 1207 4816 τοῖς
1262 4752 1478 4822 κτήνεσι
1546 4765 1663 4817 τοῖς
1716 4753 1885 4822 ἆνοιὶ-

1980 4757 2260 4830 iuemntis
2292 4752 2740 4833 insipientibus,
2774 4757 2829 4813 et
2860 4748 3079 4812 similis
3108 4751 3302 4827 factus
3332 4756 3417 4811 est
3464 4748 3613 4811 illis.

328 4910 394 4965 83
420 4909 570 4975 Gen.
604 4925 647 4992 ι,
681 4907 780 4973 27.
868 4910 932 4962 85
958 4908 1107 4972 ibid.
1140 4908 1241 4975 28.
1326 4911 1389 4962 84
1419 4909 1573 4973 Psal.
1604 4929 1734 4996 vm,
1768 4914 1829 4980 6.

2006 4916 2155 4983 Gen.
2189 4933 2254 4996 ιι,
2289 4917 2347 4978 7.
2433 4913 2498 4965 86
2523 4910 2710 4975 Hebr.
2739 4929 2780 4985 ι,
2813 4915 2870 4970 Ἰ.
2958 4908 3021 4959 87
3054 4908 3204 4972 Gen.
3239 4925 3302 4975 ιῐ,
3336 4910 3397 4972 7.

333 5089 430 5169 (2)
460 5089 619 5153 Edili
640 5109 775 5153 cum
804 5091 953 5168 Reg.
987 5094 1195 5170 quarto
1226 5087 1785 5170 μεγαλοφρονούντων,
1810 5096 1897 5160 At

250 5189 409 5252 mss.
432 5178 566 5252 09ίο
592 5175 1082 5252 μεγαφρονούντων.

338 5250 421 5342 (3)
456 5249 555 5342 Sic
589 5247 925 5342 mss.‘6ct‘o,
957 5268 991 5342 a
1020 5247 1236 5342 quibus
1266 5267 1384 5342 non
1409 5247 1692 5342 differunt
1720 5254 1892 5342 editi,

248 5329 365 5393 nisi
400 5331 567 5412 quod
593 5348 698 5412 pro
730 5329 1054 5412 μοχθηρῶν*
1079 5329 1339 5391 habeant
1388 5341 1659 5412 πονηρῶν.
1702 5335 1774 5397 At
1836 5329 1896 5397 ili

246 5414 401 5490 Reg.
435 5411 613 5473 tertio
637 5411 726 5473 sic
755 5411 989 5490 legitur,
1018 5412 1422 5490 προσνεμόντων
1454 5413 1664 5479 ἑαυτοῖς
1714 5440 1892 5484 πονη-

246 5500 355 5572 ρῶν
376 5514 532 5548 τινων
563 5492 845 5571 δογμάτων
876 5491 1304 5572 συγκαταθέσεις.

329 5573 413 5651 (4)
446 5572 606 5634 Editi
639 5568 833 5632 πάντα.
871 5568 1015 5634 Octo
1037 5588 1176 5632 vero
1212 5589 1367 5651 mss.
1384 5573 1619 5633 πάντων.
1656 5577 1779 5638 Nec
1816 5574 1894 5636 ita

250 5648 438 5714 multo
470 5661 600 5728 post
626 5653 743 5714 duo
777 5670 922 5713 mss.
956 5654 1086 5728 πρὸς
1120 5653 1178 5704 τὸ
1212 5648 1457 5728 γκιτῦδες.

336 5732 418 5812 ιε)

252 5830 399 5876 mss.

580 5934 849 5997 Parnm"
893 5934 1009 5998 Gn.
1056 5928 1276 5996 XXIX.

2057 5096 2139 5173 (6)
2175 5092 2275 5173 Sic
2299 5089 2624 5173 Colbertini
2675 5086 3620 5173 quintus,__s_extusiet“septimus

1977 5166 2363 5239 cum'duobus
2397 5171 2600 5247 Regiis
2632 5166 2852 5231 et'cum
2896 5168 3155 5247 editione
3186 5167 3360 5230 Basil.
3406 5166 3617 5228 ’Editio

1976 5274 2115 5317 vero
2142 5253 2330 5317 Paris.
2359 5254 2415 5309 Tt
2443 5246 2542 5328 γὰρ
2588 5257 2693 5306 τῶν
2730 5250 3002 5327 οὒρανίων,
3070 5246 3306 5327 Ecquid
3352 5250 3515 5328 enim
3544 5265 3621 5309 ea:

1976 5334 2435 5406 caelestibus,etc
2453 5327 2523 5391 {AV
2541 5328 2752 5410 quibus
2776 5327 3054 5410 omnibus
3075 5346 3193 5388 non
3222 5346 3428 5405 parum
3446 5327 3618 5388 dissi-

1976 5416 2076 5479 det
2100 5414 2267 5477 Colb.
2300 5406 2650 5491 quintus—in
2684 5428 2799 5489 quo
2823 5409 2908 5469 sic
2934 5406 3283 5491 legitur.rT‘t;
3310 5411 3408 5486 γὰρ
3434 5417 3535 5491 τῶν
3562 5413 3618 5463 ἐν

1978 5489 2625 5576 o'3pawp,Ecquis-_enim
2648 5507 2849 5576 eorum
2875 5492 3056 5567 quiin
3083 5490 3228 5549 coelo
3250 5489 3621 5576 stml,dictus

1977 5569 2061 5639 est
2088 5569 2627 5653 imago,etc.\f'erbu
2658 5570 2755 5629 illa
2777 5588 2907 5653 quae
2931 5587 3066 5632 mox
3090 5582 3440 5653 sequuntur,
3463 5571 3616 5623 ποίαν

1978 5647 2547 5737 δέθιοηξεογοιοιιῇςιε
2570 5647 2845 5737 leguntur
2865 5650 2925 5709 in
2953 5667 3095 5737 mss,
3114 5647 3240 5737 quo
3275 5647 3574 5737 edidimus
3601 5664 3614 5703 :

568 5732 632 5793 ἱιὶ
675 5736 776 5812 γὰρ
830 5727 1018 5812 φησιν.
1075 5727 1253 5792 Deest
1311 5731 1468 5808 φησίν
1520 5732 1580 5793 in
1638 5734 1902 5815 quinque
1986 5727 2091 5798 sed
2114 5727 2287 5795 aliter
2312 5736 2370 5815 in
2396 5730 2568 5815 editis
2589 5731 3008 5815 disponuntur,
3036 5727 3446 5815 videlicethoc
3493 5745 3611 5787 mo.

1985 5816 2060 5877 do
2097 5836 2111 5878 :
2145 5815 2300 5872 ποίαν
2328 5810 2381 5868 δὲ
2410 5812 2584 5868 εἰκόνα
2615 5812 2767 5881 σώζει
2797 5813 2824 5867 ὁ
2854 5810 3011 5876 ἣλιος
3043 5818 3134 5865 τοῦ
3163 5812 3460 5868 κτίσαντος.

3126 5932 3194 5992 15
