4108 6220
548 336 669 402 455

1900 336 1961 399 S.
2005 336 2286 399 BASILII
2328 333 2579 401 MAGNI

3777 351 3869 415 456

547 474 600 537 si
631 492 919 557 nusquam
946 472 1021 535 sit
1044 469 1417 563 providentia
1436 468 1570 542 Dei,
1602 489 1735 548 quas
1764 489 1865 533 res
1896 472 2187 563 humanas

2275 470 2499 547 οὐδαμοῦ
2556 473 2666 531 ἔστι
2714 476 2937 555 πρόνοια
2984 484 3119 533 Θεοῦ
3178 474 3539 538 ἐπισκοποῦσα
3596 484 3660 538 τὰ
3701 484 3871 563 ἀνθρώ-

548 566 847 646 inspiciat;
870 574 969 625 aut
990 566 1063 624 sit
1088 563 1329 643 quidem
1355 562 1621 624 fortassis
1645 563 1937 642 inspectio
1961 562 2178 636 divina,

547 657 657 718 sed
686 676 755 717 ea
786 670 1153 734 nequaquam
1177 652 1247 713 ad
1269 661 1613 713 terrestrem
1638 652 1835 712 locum
1861 652 2181 732 pertingat,

2274 584 2399 617 πινα
2435 582 2449 597 ·
2490 562 2518 629 ἥ
2550 566 2659 620 εστι
2694 566 2789 640 μέν
2823 588 2924 624 που
2959 566 3105 646 τάχα
3149 569 3182 634 ἡ
3216 569 3328 624 θεία
3360 569 3651 647 ἐπισκοπῇ,
3702 576 3755 630 οὗ
3788 562 3874 648 μὴν

2270 654 2357 707 καὶ
2418 655 2546 730 πρὸς
2606 658 2697 711 τὸν
2746 657 3011 733 περίγειον
3056 658 3221 714 τόπον
3264 659 3470 738 φθάνει,
3522 661 3659 718 ὥστε
3702 666 3780 719 καὶ
3827 668 3876 721 τὲ

549 749 698 809 adeo
720 759 779 807 ut
801 763 899 806 res
918 761 1152 823 quoque
1174 751 1411 803 nostras
1449 742 1575 800 £87
1594 742 1891 802 intueatur
1917 766 1930 809 ;
1960 742 2180 801 etenim

2275 740 2499 820 ἡμέτερα
2553 743 2763 822 ἐφορᾷν.
2813 748 2867 802 Εἰ
2924 748 3023 825 γὰρ
3080 748 3302 823 πρόνοια
3365 750 3454 821 ἦν,
3500 751 3703 825 ἑκάστῳ
3751 756 3873 827 μερί-

550 838 602 899 si
615 844 773 897 esset
786 830 1510 912 providentia,unicuique
1524 828 1906 890 distribuerat
1922 829 2182 909 prepria,

551 925 635 987 sic
666 931 729 985 ut
752 924 962 983 divites
992 920 1235 1001 quidem
1270 929 1471 981 essent
1500 919 1672 998 justi,
1718 920 1820 998 qui
1845 918 2071 979 divitiis
2105 916 2186 979 uti

553 1013 777 1075 scirent
810 1033 823 1075 :
864 1028 1305 1091 pauperesvero
1328 1016 1529 1069 essent
1552 1008 1941 1087 mali,quibus
1970 1007 2190 1067 divitiae

551 1107 1015 1165 instrumentum
1038 1099 1229 1162 forent
1247 1117 1369 1159 sua:
1390 1099 1656 1176 ipsorum
1682 1095 2187 1174 iuiquitatis.Cum

551 1194 733 1275 igitur
765 1192 932 1252 multi
963 1191 1083 1251 sint
1109 1190 1262 1250 inter
1294 1198 1501 1267 gentes
1523 1194 1699 1267 atque
1725 1186 2191 1265 terrigenas,qui

552 1284 699 1348 talia
720 1279 1244 1359 sentiunt,quique
1269 1288 1512 1357 propter
1533 1285 1916 1357 apparentem
1937 1276 2191 1357 inaaqua-

551 1374 778 1436 litatem
794 1369 1232 1431 distributionis
1244 1386 1443 1429 rerum
1459 1368 1528 1428 ad
1548 1370 1718 1428 vitam
1737 1366 2187 1446 pertinentium,

553 1462 842 1524 mundum
878 1459 1023 1520 citra
1055 1456 1484 1538 providentiam
1509 1457 1632 1534 regi
1651 1456 2053 1536 suspicantur;
2084 1457 2192 1516 hos

552 1570 681 1615 com
694 1546 1757 1632 pellatsermo,ineruditumipsorum
1783 1554 2000 1605 motum
2025 1563 2191 1608 coer-

551 1660 696 1703 cens
730 1661 743 1702 :
779 1637 1073 1716 quosipso
1098 1636 1273 1697 etiam
1296 1634 1463 1695 initio
1484 1634 1555 1695 ad
1585 1634 1881 1695 audienda
1911 1634 2189 1714 dogmata

555 1729 861 1793 invitabat.
900 1729 1017 1787 Aut
1048 1724 1223 1787 etiam
1263 1726 1531 1803 privatim
1585 1725 1657 1785 ad
1692 1724 1878 1785 solam
1911 1726 2191 1804 pauperis

2272 837 2428 899 ζουσα
2486 834 2549 887 τὰ
2606 836 2805 913 οἰκεῖα,
2852 834 2988 891 ὥστε
3048 836 3301 893 πλουτεῖν
3345 839 3443 911 μὲν
3503 842 3625 903 τοὺς
3655 841 3872 921 δικαίους,

2271 921 2391 985 τοὺς
2437 923 2818 997 ἐπισταμένους
2876 928 2951 998 τῷ
3006 923 3220 999 πλούτῳ
3283 930 3608 1005 χρήσασθαι,
3669 932 3875 987 πένεσθαι

2272 1007 2324 1064 δὲ
2386 1013 2506 1074 τοὺς
2563 1018 2829 1091 πονηροὺς
2881 1016 3003 1077 τοὺς
3036 1014 3266 1094 ἔχοντας
3302 1015 3427 1097 (20)
3476 1019 3698 1096 ὄργανον
3720 1024 3880 1087 τῆςοῖο

2273 1100 2415 1164 κείας
2471 1104 2725 1180 πονηρίας
2770 1106 2861 1159 τὸν
2909 1102 3160 1163 πλοῦτον.
3217 1106 3363 1162 Ἐπεὶ
3422 1108 3513 1163 οὖν
3561 1109 3746 1165 πολλοί
3774 1114 3877 1167 εἰσιν

2274 1188 2327 1243 ἐν
2357 1203 2473 1255 τοῖς
2502 1190 2667 1247 ἔθνεσι
2699 1193 2786 1248 καὶ
2816 1181 2934 1257 τοῖς
2964 1191 3244 1271 γηγενέσιν
3304 1198 3349 1251 οἱ
3394 1198 3457 1252 τὰ
3516 1199 3736 1255 τοιαῦτα
3764 1222 3873 1278 φρο-

2274 1286 2504 1354 νοῦντες,
2536 1282 2625 1337 καὶ
2654 1278 2737 1337 διὰ
2781 1282 2879 1349 τὴν
2930 1283 3256 1361 φαινομένην
3288 1285 3596 1359 ἀνωμαλίαν
3656 1299 3741 1347 τοῦ
3780 1290 3875 1345 ἐπι-

2274 1377 2532 1446 μερισμοῦ
2588 1371 2694 1425 τῶν
2750 1372 3012 1446 βιωτικῶν
3067 1374 3397 1451 πραγμάτων
3455 1376 3775 1453 ἀπρονόητον
3804 1381 3877 1434 εἴ·

2274 1481 2355 1514 ναι
2387 1460 2477 1514 τὸν
2535 1460 2735 1535 κόσμον
2784 1459 3245 1529 ὑπολαμϐάνοντες
3282 1481 3296 1494 '
3354 1465 3561 1528 τούτοις
3615 1465 3879 1545 διαλέγεται

2274 1548 2301 1601 ὁ
2346 1545 2527 1625 λόγος,
2574 1548 2947 1605 καταστέλλων
2978 1550 3149 1605 αὐτῶν
3194 1552 3292 1618 τήν
3334 1552 3644 1611 ἀπαίδευτον
3676 1558 3877 1623 κίνησιν

2274 1639 2359 1700 οὒς
2393 1638 2478 1693 καὶ
2504 1637 2556 1693 ἐν
2583 1640 2877 1712 προοιμίοις
2922 1638 3009 1695 ἐπὶ
3069 1641 3165 1707 τὴν
3211 1641 3462 1718 ἀκρόασιν
3506 1647 3613 1698 τῶν
3643 1644 3877 1722 eamut.

2273 1747 2379 1782 των
2407 1726 2609 1788 ἐκάλει.
2656 1727 2722 1783 Ἠ
2777 1750 2875 1784 που
2933 1731 3019 1784 καὶ
3076 1732 3208 1807 πρὸς
3267 1732 3431 1804 μόνον
3474 1732 3619 1799 ἰδίως
3654 1737 3711 1791 τὸ
3738 1737 3881 1812 πρόσ-

554 1837 870 1903 personam
890 1818 1220 1877 orationem
1243 1812 1764 1891 convertit,dicens
1800 1831 1813 1874 :
1850 1812 1938 1874 Ne
1959 1819 2188 1887 timeas,

2277 1839 2422 1871 ωπον
2451 1828 2545 1875 τοῦ
2573 1817 2800 1884 πένητος
2834 1819 3165 1874 ἀποτείνεται
3197 1818 3391 1897 λέγων’
3443 1823 3528 1880 Μὴ
3566 1821 3742 1901 ξοϐοῦ,
3775 1824 3875 1881 ὅταν

564 1929 701 1973 cum
718 1909 886 1971 dives
907 1909 1099 1984 factus
1115 1905 1302 1979 fuerit
1323 1904 1513 1964 homo.
1541 1902 1611 1962 Hi
1636 1902 1794 1962 enim
1818 1902 1905 1963 vel
1931 1903 2187 1965 maxime

2275 1904 2547 1982 πλουτήση
2588 1905 2880 1985 ἄνθρωπος.
2939 1908 3094 1965 Οὗτοι
3156 1910 3254 1986 γὰρ
3298 1912 3384 1965 καὶ
3444 1911 3680 1985 μάλιστα
3722 1937 3876 1992 παρα-

563 2000 834 2077 indigent
856 1994 1368 2065 consolatione,ne
1390 1993 1755 2071 potentiores
1774 1992 2183 2081 reformident.

2275 1998 2456 2069 μυθίας
2512 1995 2713 2051 δέονται
2770 1998 2899 2073 πρὸς
2941 1998 3002 2052 τὸ
3045 1999 3121 2071 μὴ
3166 2000 3533 2069 ὑποπτήσσειν
3588 2005 3707 2065 τοὺς
3752 2005 3882 2081 ὅπερ·

556 2088 735 2153 Nulla
753 2081 1390 2163 enim,inquit,utilitas
1416 2090 1504 2142 est
1525 2081 1689 2141 diviti
1726 2080 2027 2161 morienti,
2053 2102 2187 2143 cum

2275 2085 2523 2163 ἔχοντας.
2562 2083 2722 2143 0532?:
2751 2087 2873 2163 γὰρ,
2935 2090 3116 2165 φησὶν,
3151 2087 3342 2166 ὄφελος
3374 2097 3449 2160 τῷ
3483 2090 3715 2164 πλουσίῳ
3764 2080 3878 2147 ἀπὸ·

554 2199 675 2243 non
698 2184 873 2259 queat
926 2192 1129 2235 secum
1160 2173 1394 2234 auferre
1427 2171 1658 2232 divitias
1686 2192 1701 2247 ;
1735 2172 1834 2253 qui
1869 2173 2099 2233 scilicet
2128 2173 2185 2233 id

2275 2177 2575 2249 θνήσκοντι,
2639 2175 2715 2250 μὴ
2795 2173 3064 2250 δυναμένῳ
3136 2174 3322 2233 λαϐεῖν
3404 2182 3493 2235 τὸν
3551 2179 3769 2238 πλοῦτον
3812 2184 3884 2237 σὺν

554 2290 625 2334 ex
648 2285 850 2330 earum
907 2261 1281 2343 possessione
1340 2262 1601 2322 lucratus
1655 2260 1730 2321 sit
1757 2262 1974 2337 solum,
2030 2262 2189 2342 quod

2275 2266 2444 2338 ἑαυτῷ
2478 2280 2490 2293 ⁸
2541 2264 2598 2328 ὅς
2650 2287 2711 2342 γε
2762 2273 3011 2322 τοσοῦτον
3067 2266 3173 2322 ἀπὸ
3228 2274 3327 2334 τῆς
3384 2268 3728 2335 ἀπολαύσεως
3764 2272 3881 2348 ἐκέρ-

551 2358 740 2441 ipsius
755 2356 956 2417 anima
978 2354 1037 2413 in
1058 2354 1169 2413 hac
1194 2351 1313 2412 vita
1326 2351 1397 2413 ab
1412 2351 1819 2413 adulatoribus
1832 2352 2005 2415 beata
2034 2372 2190 2433 prae-

2275 2352 2415 2409 δαινε
2462 2355 2646 2430 μόνον,
2718 2355 2841 2411 ὅσον
2928 2356 3028 2421 τὴν
3103 2359 3286 2435 ψυχὴν
3346 2360 3502 2415 αὐτοῦ
3564 2360 3619 2415 ἐν
3678 2366 3740 2435 τῇ
3790 2368 3880 2435 ζωῇ

552 2448 748 2512 dicata
782 2445 884 2506 sit.
918 2441 1141 2505 Verum
1168 2459 1303 2502 cum
1334 2441 1610 2517 moritur,
1646 2461 1763 2502 non
1799 2444 2191 2517 assumet,in-

552 2538 700 2620 quit,
726 2552 967 2597 omnem
999 2532 1149 2593 hanc
1206 2530 1569 2620 opulentiam
1599 2551 1611 2593 :
1645 2530 1740 2592 vix
1772 2532 2189 2594 indumentum

552 2619 826 2705 accipiet,
860 2641 976 2701 quo
1011 2619 1283 2700 pudenda
1310 2622 1439 2699 ejus
1464 2628 1761 2699 tegantur,
1795 2622 1996 2701 idque,
2032 2623 2081 2681 si
2113 2625 2188 2684 vi-

551 2736 685 2779 sum
706 2714 887 2775 fuerit
906 2712 1138 2774 famulis
1176 2710 1367 2789 ipsum
1390 2709 1827 2772 amicientibus.
1864 2714 2026 2773 Bene
2057 2732 2189 2773 cum

554 2825 625 2867 eo
648 2815 844 2866 actum
868 2799 1127 2871 fuerit,si
1150 2799 1419 2877 exiguam
1449 2812 1539 2860 ter
1553 2818 1677 2860 ram
1712 2800 2191 2875 sortiatur,eam-

2276 2444 2441 2520 ταύτῃ
2505 2444 2629 2523 (Ξί)
2686 2446 2826 2522 παρά
2895 2451 3002 2500 τῶν
3045 2444 3287 2501 κολάκων
3357 2449 3763 2527 μακαρισθῆναι.
3810 2448 3882 2506 Ἐν

2275 2530 2329 2588 δὲ
2386 2540 2463 2607 τῷ
2493 2533 2867 2606 ἀποθνήσκειν,
2902 2536 2960 2589 οὐ
3011 2533 3267 2614 λήψεται,
3314 2538 3466 2615 φησὶ,
3517 2545 3692 2594 πᾶσαν
3719 2540 3885 2603 ταύτην

2274 2625 2375 2690 τὴν
2418 2621 2708 2700 περιϐολήν
2748 2640 2760 2653 ⁸
2811 2621 2967 2697 μόλις
2999 2621 3192 2698 ἔνδυμα
3238 2623 3469 2695 λήψεται
3522 2626 3782 2684 καλῡπτον
3808 2629 3886 2683 αὖ·

2276 2720 2367 2768 τοῦ
2396 2712 2461 2767 τὰ
2492 2712 2783 2792 ἀσχήμονα
2817 2728 2829 2740 ·
2892 2714 2978 2768 καὶ
3034 2724 3212 2787 τοῦτο,
3248 2714 3337 2770 ἐὰν
3367 2712 3489 2791 δόξῃ
3550 2717 3658 2773 τῶν
3688 2719 3883 2772 οἰκετῶν

2276 2815 2391 2863 τοῖς
2452 2801 2904 2879 περιστέλλουσα.
2984 2801 3297 2879 Ἀγαπητὸν
3369 2805 3510 2877 αὖτῷ
3571 2811 3671 2881 γῆς
3725 2805 3884 2881 ὀλίγης

554 2915 669 2977 que
692 2894 806 2973 ipsi
835 2911 869 2953 a
889 2890 1121 2953 funeris
1146 2887 1521 2949 curatoribus
1543 2888 1739 2949 datam
1772 2889 1848 2950 ob
1880 2892 2190 2953 commise-

2276 2890 2478 2969 λαχεῖν
2513 2910 2525 2922 ·
2561 2893 2649 2947 καὶ
2684 2892 2875 2958 ταύτης
2918 2889 2987 2946 δι’
3034 2891 3220 2948 οἶκτον
3276 2890 3557 2966 διδομένης
3605 2898 3738 2967 αὖτῷ
3765 2896 3883 2970 παρᾶ

551 2987 868 3047 rationem:
894 2979 997 3060 qui
1021 2986 1073 3039 ei
1096 2978 1298 3038 isthaec
1324 2977 1703 3057 praestantmb
1730 2980 2065 3039 communis
2089 2981 2190 3041 hu-

2276 2986 2381 3035 τὼν
2427 2979 2777 3052 κηδεδόντων,
2838 2980 3036 3040 οἵτινες
3073 2982 3215 3055 αὒτῷ
3265 2985 3597 3061 παρέχονται
3640 2990 3789 3039 ταῦτα
3818 2984 3889 3038 αἱ·

559 3091 749 3136 1118ηῶ
772 3080 993 3132 natura:
1022 3066 1571 3138 reverentiam,non
1604 3065 1659 3127 ei
1692 3067 1817 3129 haec
1849 3067 2190 3147 largientes,

2276 3067 2363 3126 δοῖ
2419 3069 2514 3136 τῆς
2571 3076 2751 3136 κοινῆς
2810 3071 2896 3127 καὶ
3155 3070 3483 3148 ἀνθρωπίνης
3535 3076 3759 3151 φύσεως,
3814 3076 3889 3127 Οὔκ

556 3164 660 3227 sed
683 3163 999 3224 humanam
1027 3166 1292 3218 naturam
1318 3157 1548 3217 honore
1576 3156 2190 3222 allicientes.l’roinde

2277 3164 2419 3218 αὒτῶ
2448 3160 2818 3239 χαριζόμενοι,
2878 3158 3015 3216 ἀλλὰ
3060 3160 3321 3231 τιμῶντες
3378 3162 3477 3227 τὴν
3508 3162 3884 3239 ἀνθρωπότητα,

557 3273 633 3315 ne
659 3253 740 3313 sis
757 3250 967 3333 pusillo
981 3247 1177 3308 animo
1196 3247 1355 3306 circa
1381 3247 1693 3325 praesentia
1726 3268 1738 3309 ε
1775 3248 1884 3308 sed
1916 3260 2190 3328 exspecta

2277 3251 2366 3316 Μὴ
2397 3251 2723 3329 μικροψύχει
2774 3252 2859 3306 οὖν
2919 3251 3037 3326 περὶ
3088 3251 3152 3305 τὰ
3203 3251 3460 3327 παρόντα,
3495 3251 3636 3308 ἀλλά
3689 3252 3883 3326 ἀνάμενε

557 3343 790 3404 beatam
821 3341 980 3401 illam
1014 3346 1073 3397 et
1107 3346 1450 3415 perpetuam
1486 3341 1686 3399 vitam.
1721 3336 1887 3399 Tunc
1922 3339 2081 3399 enim
2105 3339 2190 3399 vi-

2276 3340 2373 3406 τὴν
2428 3341 2688 3415 μακαρίαν
2770 3339 2974 3405 ἐκείνην
3036 3340 3176 3409 ζωὴν
3226 3342 3312 3396 καὶ
3356 3340 3675 3419 ἀπέραντον.
3735 3341 3884 3414 ’Ὀψει

558 3432 726 3493 debis
759 3436 1185 3509 paupertatem,
1219 3434 1276 3485 et
1309 3426 1716 3503 ignominiam,
1752 3436 1810 3487 et
1844 3426 2190 3489 deliciarum

2276 3429 2375 3507 γὰρ
2398 3430 2542 3500 τότε,
2579 3428 2659 3484 ὅτι
2691 3430 2820 3507 πρὸς
2854 3429 3020 3485 καλοῦ
3050 3430 3248 3505 γίνεται
3295 3436 3372 3502 τῷ
3415 3428 3604 3503 δικαίῳ
3655 3433 3688 3499 ἡ
3734 3432 3880 3487 πενία.

560 3521 947 3601 privationem
976 3516 1029 3575 ei
1061 3514 1161 3593 qui
1185 3517 1382 3592 justus
1413 3525 1503 3574 est
1550 3515 1703 3576 bene
1733 3518 1972 3579 cedere.
2007 3520 2082 3580 Et
2118 3537 2190 3581 ne

2275 3521 2425 3587 καὶὴ
2487 3516 2685 3597 ἀδοξία,
2748 3520 2837 3574 καὶ
2898 3521 2926 3585 ἡ
2978 3518 3217 3596 στέρησις
3261 3523 3357 3586 τῆς
3414 3526 3641 3597 τροφῆς.
3695 3522 3780 3577 Καί
3820 3520 3881 3590 μὴ

558 3606 936 3672 conturberis
966 3623 1124 3665 nunc
1159 3612 1399 3684 proptrr
1421 3623 1489 3664 ea
1535 3624 1668 3684 quae
1702 3614 1979 3684 putantur
2012 3608 2188 3682 bona,

2275 3612 2546 3686 ταραχθῇς
2580 3616 2663 3663 νῦν
2710 3607 2793 3663 ἐπὶ
2841 3621 2957 3672 τοῖς
2988 3608 3351 3682 νομιζομένοις
3382 3608 3635 3685 ἀγαθοῖς,
3689 3611 3753 3671 ὡς
3781 3606 3880 3662 ἀδί-

556 3707 831 3779 tanquam
854 3695 1066 3775 injuste
1088 3694 1203 3753 sint
1226 3692 1430 3755 divisa.
1471 3694 1695 3755 Audies
1714 3694 1872 3755 enim
1894 3698 2190 3775 quomodo

2275 3718 2380 3762 κως
2435 3697 2819 3773 μεριζομένοις.
2884 3695 3114 3772 Ἀκούσῃ
3161 3699 3261 3773 γὰρ
3317 3704 3429 3762 πῶς
3474 3703 3547 3771 τῷ
3597 3700 3689 3773 μὲν
3737 3696 3881 3752 πλου-

557 3788 791 3849 dicetur
810 3782 1239 3863 divitiquidem
1278 3804 1290 3844 :
1323 3782 1628 3861 Recepisti
1662 3785 1811 3845 bona
1834 3795 1938 3847 tua
1972 3789 2033 3847 in
2062 3790 2190 3849 vita

2277 3788 2373 3858 σίῳ
2416 3787 2737 3866 λεχθήσεται
2772 3802 2785 3815 ⁶
2865 3784 3161 3847 Ἀπὲλαὲες
3219 3788 3285 3841 τὰ
3352 3789 3523 3863 ἀγαθέ
3586 3810 3675 3845 σου
3731 3786 3779 3840 ἐν

555 3884 658 3939 tua
682 3876 733 3949 2;
757 3874 999 3956 pauperi
1032 3890 1167 3932 vero
1192 3871 1347 3951 quod
1364 3873 1826 3951 acceperitmala
1844 3876 1899 3935 in
1928 3877 2042 3937 vita
2060 3896 2187 3938 sua.

2275 3884 2387 3951 ζωῇ
2440 3899 2531 3932 σου
2566 3892 2579 3906 ⁶
2640 3884 2717 3949 τῷ
2748 3874 2801 3930 δὲ
2845 3875 3059 3954 πένητι,
3091 3874 3170 3930 ὅτι
3215 3875 3410 3954 ἀπέχει
3460 3878 3523 3931 τὰ
3556 3880 3693 3933 κακά
3744 3877 3791 3931 ἐν
3827 3881 3883 3949 τῇ

552 3966 925 4045 Quapropter
950 3970 1013 4021 ut
1036 3962 1129 4021 hic
1156 3960 1295 4041 jure
1321 3978 1389 4021 ac
1418 3961 1629 4021 merito
1666 3964 1886 4040 reperit
1922 3967 2190 4027 consola-

2275 3970 2386 4043 ζωῇ
2432 3965 2611 4028 αὖτοῦ,
2665 3966 2859 4042 Διόπερ
2903 3964 3199 4028 ἀκολούθως
3252 3968 3279 4021 ὸ
3341 3966 3439 4039 μὲν
3496 3965 3879 4043 παρακαλεῖται.

550 4054 945 4124 lationem,ita
964 4050 1066 4110 ille
1089 4048 1295 4109 dolore
1310 4049 2173 4133 crnciatur.VEns.19.Conﬁte

2275 4059 2303 4112 ὁ
2362 4058 2415 4111 δὲ
2474 4055 2737 4115 demam.
2823 4053 3308 4132 Ἐξομολογήσεταί
3367 4077 3473 4131 σοι,
3536 4057 3660 4113 ὅταν
3710 4056 3880 4132 ἀγαθό-

556 4144 659 4206 ῡον
692 4143 825 4216 tibi,
858 4158 990 4203 cum
1025 4140 1380 4215 bene/eceris
1418 4140 1494 4200 ei.
1529 4138 1811 4218 Loquitur
1845 4142 1918 4202 de
1950 4143 2190 4205 homine

2277 4168 2371 4221 νῃς
2420 4150 2560 4219 αὒτῷ
2608 4142 2757 4224 (Ξ3).
2794 4146 2917 4222 Περὶ
2960 4151 3052 4200 τοῦ
3091 4151 3287 4222 χοῖκοῦ
3320 4144 3599 4221 ἀνθρώπου)
3627 4146 3709 4201 καὶ
3742 4142 3885 4219 ἀγαθά

554 4242 816 4312 terreno,
848 4242 906 4292 et
929 4229 1028 4307 qui
1064 4227 1218 4288 bona
1251 4246 1386 4289 esse
1411 4228 1710 4290 existimat
1735 4234 1890 4292 solas
1920 4234 2049 4294 vita:
2079 4234 2191 4294 hu-

546 4322 650 4401 jus
675 4320 1273 4401 przerogativas,spes,
1306 4323 1735 4396 sanitate-nque
1762 4330 1821 4380 et
1845 4325 2191 4402 potentiam.

550 4408 637 4471 De
655 4410 765 4471 hoc
790 4416 900 4469 isto
921 4406 1251 4485 dicit,quod
1280 4407 1402 4468 Deo
1422 4407 1828 4482 conﬁtebitur,
1864 4431 1998 4473 cum
2021 4412 2197 4476 fuerit

550 4499 794 4560 aﬂ‘ectus
823 4496 1163 4570 beneficiis;
1186 4496 1244 4555 in
1277 4495 1543 4557 adversis
1574 4508 1770 4559 autem
1801 4518 2039 4563 omnem
2064 4506 2496 4598 pro-006mm;
2531 4520 2545 4535 ι

2278 4238 2579 4311 νομίζοντος
2635 4235 2775 4290 εἶναι
2836 4235 2971 4309 μόνα
3014 4235 3079 4289 τὰ
3136 4236 3230 4290 τοῦ
3283 4234 3401 4308 βίου
3431 4237 3616 4290 τούτου
3648 4234 3884 4312 προτερήσ-

2278 4348 2445 4405 ματα,
2496 4324 2746 4403 πλοῦτον,
2820 4326 2907 4379 καὶ
2963 4324 3185 4401 ὑγίειαν,
3245 4324 3332 4379 καὶ
3408 4321 3727 4393 δυναστείαν,
3786 4320 3883 4399 περὶ

2276 4415 2460 4472 τούτου
2486 4415 2668 4493 φησὶν,
2720 4412 2801 4469 ὅτι
2860 4412 3304 4490 ἐξομολογήσεται
3335 4417 3411 4486 τῷ
3443 4414 3584 4487 Θεῷ,
3615 4412 3734 4468 ὅταν
3762 4412 3881 4486 ἀγα-

2633 4503 2685 4558 ὲν
2747 4500 2800 4557 δὲ
2868 4516 2987 4565 τοῖς
3044 4514 3436 4579 περιστατικοῖς
3488 4509 3661 4558 πᾶσαν
3721 4501 3880 4579 ἀφίησι

551 4588 701 4650 ferat
719 4584 1149 4665 blasphemiam
1164 4584 1327 4647 .Nam
1343 4586 1550 4648 relicto
1579 4594 2057 4669 paupere,Deum
2072 4595 2190 4672 jam

2276 4594 2598 4672 δυσφημίαν.
2663 4592 2979 4651 Καταλιπὼν
3050 4593 3150 4670 γὰρ
3205 4593 3298 4647 τὸν
3361 4591 3589 4665 πένητα,
3635 4592 3756 4669 πρὸς
3807 4590 3882 4643 τὸν

550 4676 893 4757 alloquitur:
918 4674 980 4734 in
1008 4675 1436 4752 redarguendis
1457 4675 1675 4737 divitiis
1694 4679 2008 4758 etiamjboc
2030 4684 2196 4745 adbi-

554 4767 729 4848 bens,
750 4764 908 4849 quod
932 4764 1096 4828 dives
1116 4765 1175 4825 in
1197 4764 1322 4827 sola
1336 4766 1638 4846 opulentia
1659 4767 1783 4831 Deo
1805 4780 1936 4849 agat
1953 4774 2188 4851 gratias,

630 4930 659 4974 ¹
686 4933 833 4994 Luc.
867 4946 986 5011 xvr,
1021 4928 1120 4993 25.

641 5106 766 5186 (90)
788 5104 883 5169 Sic
914 5107 1088 5186 Regii
1122 5107 1372 5187 primus,
1397 5111 1715 5190 Secundus,
1745 5117 1955 5179 tertius
1983 5127 2040 5180 et
2058 5136 2195 5181 sex-

558 5194 820 5275 tus,_non
854 5205 1024 5248 secus
1077 5190 1523 5278 ac_Colbertini
1584 5195 1814 5278 tertius,
1867 5202 2109 5278 quintus
2140 5209 2198 5260 et

556 5267 842 5343 septimus
867 5286 999 5326 cum
1035 5267 1296 5331 editione
1322 5267 2055 5341 Basileensi.Editio'vero
2089 5285 2198 5341 t’a-

553 5346 662 5487 εἰς.
698 5365 833 5406 cum
866 5348 1035 5409 (ΞΟΠ).
1073 5359 1237 5409 sexto
1280 5354 1398 5417 τοὺς
1446 5354 1523 5426 μὴ
1558 5353 1807 5432 ἔχοντας,
1837 5377 1954 5421 non
1989 5380 2198 5422 amen-

596 5435 710 5487 ate.

596 5435 710 5487 ate.

667 5508 761 5579 21)
792 5506 939 5586 Reg.
974 5507 1181 5586 tertius
1206 5510 1257 5563 ἐν
1286 5518 1351 5586 τῇ
1383 5518 1496 5585 ζωῇ
1529 5517 1705 5579 animo,

666 5589 765 5655 2‘2)
796 5585 893 5646 Sic
926 5585 1188 5665 quinque
1222 5607 1361 5650 mss.
1390 5588 1566 5652 Deest
1596 5598 1682 5650 καί
1714 5596 1771 5655 in
1808 5597 2006 5661 editis.

636 5667 755 5744 (1'3)
787 5666 880 5728 Sic
908 5684 1050 5726 mss.
1086 5675 1216 5727 octo
1240 5686 1373 5729 cum
1426 5673 1687 5737 editione
1720 5679 2004 5739 Romana.
2040 5679 2195 5742 Editi

554 5763 692 5811 VOI‘O
713 5755 774 5809 οι
1025 5755 1225 5808 sextus
1272 5749 1535 5825 ἀγαθύνης
1565 5759 1744 5815 αὐτόν.
1778 5758 1911 5818 ΜΟΧ
1942 5757 2193 5823 COlber-

2277 4687 2405 4741 Θεὸν
2436 4682 2539 4750 ἤδη
2591 4696 2825 4738 ποιεῖται
2868 4684 2955 4737 τὸν
3011 4680 3172 4761 λόγον
3207 4697 3220 4710 ·
3276 4680 3329 4736 ὲν
3373 4684 3663 4758 κατηγορίᾳ
3706 4686 3766 4754 τῇ
3804 4682 3881 4731 τοῦ

2278 4775 2507 4833 πλούτου
2562 4771 2685 4851 (24)
2745 4768 3173 4849 παραλαμϐάνων
3225 4772 3313 4825 καὶ
3366 4772 3429 4826 τὸ
3473 4770 3528 4826 ἐν
3696 4766 3879 4835 εὖθηνίᾳ

2280 5116 2389 5179 tini
2416 5121 2617 5178 sextus
2638 5120 2698 5175 et
2726 5109 3013 5192 septimus
3041 5126 3174 5171 cum
3205 5107 3349 5187 Reg.
3374 5108 3547 5171 tertio
3579 5104 3876 5183 ἐξομολογήο

2280 5221 2427 5255 σεται

2521 5274 2672 5335 Εάἰιί
2709 5290 3017 5359 cum_ms_s.
3064 5289 3181 5359 non
3217 5271 3500 5359 paucis‘év
3530 5268 3799 5359 κατηγορίβ

2281 5346 2649 5415 τοῦὶπίούτου.
2700 5357 2777 5414 Αι
2835 5352 3007 5412 COiSl.
3076 5353 3129 5407 ἐν
3188 5346 3477 5427 κατηγορίᾳ
3521 5355 3584 5427 τῇ
3614 5357 3699 5405 τοῦ
3730 5346 3877 5427 πλού-

2275 5462 2387 5498 του.
2426 5435 2821 5499 Combelisius
2848 5452 2914 5492 ex
2940 5431 3160 5492 Catena
3189 5426 3504 5507 legendum
3535 5436 3725 5489 censet.
3751 5426 3879 5507 év-zf.

2278 5519 2571 5592 κατηγορία
2627 5524 2716 5570 του
2768 5513 2993 5592 πλούτου
3033 5530 3044 5570 ξ
3081 5534 3108 5570 a
3334 5511 3667 5592 conjectura
3720 5502 3879 5566 codex

2279 5589 2457 5659 Coisl.
2517 5615 2630 5655 non
2666 5594 2910 5653 multum
2946 5589 3196 5654 abludit:
3231 5590 3451 5651 Ibidem
3486 5589 3622 5650 editi
3654 5595 3708 5647 et
3752 5600 3874 5643 mss.

2280 5676 2551 5738 nonnum
2584 5678 2669 5733 καὶ
2698 5674 2757 5729 τδ
2802 5674 2853 5728 ἐν
2918 5680 3003 5749 τῇ.
3044 5673 3163 5734 Alli
3193 5672 3434 5753 quidam
3469 5688 3601 5730 mss.
3634 5665 3874 5723 καὶτοῦτο

2279 5761 2331 5813 ἓν
2362 5765 2453 5834 τῇ.
2480 5756 2624 5834 Reg.
2660 5761 2905 5834 quartus
2936 5755 3022 5809 καὶ
3063 5766 3215 5815 τοῦτο
3244 5754 3304 5806 τὸ
3333 5753 3387 5809 ἐν
