4108 6220
269 348 390 412 457

1357 346 1686 408 HOMILIA
1728 342 1808 408 IN
1853 342 2235 413 PSALMUM.
2286 352 2550 417 XLVIII.

3526 353 3645 421 458

268 486 409 560 μόνῃ
460 484 804 563 εὖχαριστετν
852 490 929 556 τῷ
978 490 1118 561 Θεῷ,
1165 481 1611 559 σκυθρωποτέρων
1669 482 1723 537 δέ
1754 505 1892 539 τινωε

1996 501 2105 544 nec
2135 486 2390 565 amplius
2420 486 2581 547 idem
2615 495 2989 567 permaneat,
3022 488 3126 549 ubi
3157 506 3257 550 res
3284 488 3499 570 aliqua;
3529 490 3637 551 tri-

269 575 648 646 περιστάντων,
717 573 934 650 μηκέτι,
982 574 1074 627 τὸν
1135 572 1298 629 αὒτὸν
1347 570 1907 645 διαμένειν,ΐοιοῦτον

266 666 366 742 γὰρ
398 665 506 725 ἐστι
539 665 625 719 καὶ
655 666 715 717 τὸ
760 670 847 718 τοῦ
905 658 1148 717 διαϐόλου
1207 664 1279 719 εἰς
1312 662 1636 737 κατηγορίαν
1669 683 1905 739 προσφε-

266 755 491 831 ρόμενον
522 760 597 825 τῷ
811 748 957 827 Ἰὼῗ,
1009 751 1084 805 ὄτι
1147 754 1205 808 οὗ
1263 750 1458 821 δωρεὰν
1512 747 1719 805 σέϐεται
1787 748 1907 807 ’1ὼέ

260 845 354 899 τὸν
392 843 599 919 Ιιὶύριοδ³
634 840 768 895 ἀλλὰ
799 843 984 913 μισθὸν
1016 839 1131 918 ἔχει
1164 840 1259 906 τῆς
1318 836 1579 902 εὖσεϐείας
1611 842 1700 897 τὸν
1734 839 1900 897 πλοῦ-

261 955 375 1004 τον,
410 934 495 986 καὶ
525 933 589 987 τὰ
620 930 803 991 λοιπά,
843 932 934 985 Διὸ
987 932 1075 985 καὶ
1127 931 1198 993 εἰς
1232 927 1491 993 ἀπόδειξιν
1538 935 1635 995 τῆς
1684 937 1776 986 τοῦ
1806 932 1901 984 ἀν-

257 1020 378 1099 δρὸς
422 1023 614 1097 ἀρετῆς
660 1022 962 1097 ἐγύμνωσεν
1014 1021 1170 1075 αὐτὸν
1222 1020 1249 1074 ὀ
1319 1026 1447 1082 Θεος
1492 1020 1567 1074 ὧν
1597 1018 1778 1098 εἶχε»,
1814 1020 1904 1076 ἴνα

256 1111 343 1166 διὰ
390 1111 598 1166 πάντων
657 1108 884 1190 διαφανῆ
936 1110 995 1164 τὸ
1054 1110 1185 1185 πρὸς
1248 1109 1377 1164 Θεὸν
1452 1108 1769 1187 εὐχάριστον
1810 1116 1905 1164 τοῦ

256 1199 531 1276 ἆνθρώαου
542 1242 555 1257 .

348 1290 440 1350 il.
495 1288 775 1363 Εἷσελεύσῃ
834 1283 956 1361 (26)
1014 1285 1112 1347 ἕως
1172 1292 1357 1364 γενεᾶς
1413 1285 1653 1363 πατέρων
1724 1287 1899 1343 αὖτοῦ.

257 1380 432 1450 Οἶμαι
464 1376 636 1455 λέγειν
670 1379 785 1452 περὶ
815 1383 904 1432 τοῦ
930 1374 1270 1453 ἀμαρτωλοῦ,
1303 1375 1381 1431 ὅτι
1439 1382 1689 1431 τοσοῦτον
1720 1376 1903 1453 ἐπιγι-

258 1469 450 1522 νώσκει
508 1469 636 1524 Θεὸν
694 1464 847 1545 «27),
881 1465 1002 1520 ὅσον
1060 1464 1090 1532 ἦ
1140 1464 1243 1520 τῶν
1298 1467 1539 1543 πατέρων
1588 1465 1745 1521 αὒτοῦ
1775 1486 1901 1521 συν-

258 1558 411 1626 ήθεια
461 1554 815 1634 παραδέδωκε·
866 1560 932 1630 τῇ
964 1552 1015 1609 δὲ
1047 1554 1209 1626 οἰκείᾳ
1266 1562 1357 1610 τοῦ
1407 1568 1622 1633 φρονεῖν
1689 1552 1901 1629 δυνάμει

261 1644 405 1701 οὐδὲν
457 1645 618 1701 πλέον
662 1650 1005 1721 προσκτᾶται,
1061 1641 1178 1699 οὒδὲ
1227 1647 1568 1721 προστιθησιν
1627 1646 1801 1717 ἓαυτῴ
1829 1645 1902 1705 εἰς

258 1736 360 1801 τὴν
426 1733 521 1801 τῆς
580 1733 821 1799 ἂληθείος
872 1735 1181 1810 ἒπίγνωσιν.
1239 1740 1501 1789 Τοσοῦτον
1555 1736 1643 1787 οὖν
1680 1780 1694 1805 ,
1746 1734 1897 1810 φησὶ,

1992 571 2209 634 stiores
2241 576 2595 637 acciderint.
2629 575 2769 637 Tale
2801 578 2958 637 enim
2992 578 3278 640 estetiam
3331 579 3473 639 illud
3499 579 3635 640 dia-

1992 661 2203 733 boli,in
2238 666 2652 725 criminisloco
2683 665 3171 742 objectumJebo,
3198 668 3356 742 quod
3381 670 3490 728 Job
3516 688 3635 730 non

1989 753 2172 828 gratis
2233 755 2385 814 colat
2441 754 2752 815 Dominum
2784 752 2830 821 3,
2868 756 2967 816 sed
3012 755 3241 816 divitias
3294 759 3633 819 mercedem

1991 841 2223 919 pietatis
2253 843 2612 918 obtineat,et
2645 842 2895 923 reliqua.
2930 843 3160 905 Idcirco
3206 846 3381 905 etiam
3416 847 3487 906 ad
3529 866 3632 907 os-

1991 930 2347 992 tendendam
2386 933 2489 993 viri
2524 934 2816 1007 virtutem,
2853 952 2987 993 eum
3016 933 3087 992 iis
3117 952 3250 1012 quae
3291 934 3635 1013 possidebat

1990 1017 2237 1096 privavit
2269 1020 2448 1094 Deus,
2503 1029 2568 1082 ut
2618 1027 2674 1080 in
2719 1020 2997 1082 omnibus
3051 1031 3251 1101 gratus
3283 1023 3541 1084 hominis
3570 1023 3631 1084 in

1991 1106 2177 1169 Deum
2205 1111 2442 1171 animus
2475 1112 2899 1171 innotesceret.

2052 1288 2068 1347 l
2092 1287 2108 1347 ι
2131 1286 2734 1352 .νειιδ.20.1ηινοίὺί.ς
2756 1308 2947 1369 usque
2967 1291 3033 1352 in
3050 1294 3371 1370 progenies
3384 1299 3633 1371 patrum

1989 1375 2200 1454 ipsius.
2218 1378 2350 1436 188
2370 1378 2643 1441 Arbitror
2664 1399 2798 1441 eum
2832 1381 2945 1441 hoc
2968 1379 3042 1440 de
3068 1389 3381 1460 peccatore
3402 1382 3626 1453 dicere,

1989 1465 2147 1543 quod
2174 1475 2400 1528 tantum
2426 1470 2730 1547 cognoscit
2761 1469 3263 1548 Deum,quantum
3297 1480 3527 1551 patrum
3549 1474 3634 1552 ip-

1988 1554 2109 1614 sius
2132 1558 2498 1618 consuetudo
2525 1559 2787 1639 tradidit;
2817 1559 3051 1639 propria
3079 1576 3218 1619 vero
3247 1560 3516 1639 sapiendi
3548 1561 3630 1622 fa-

1989 1642 2208 1706 cultate
2232 1646 2376 1706 nihil
2392 1647 2646 1727 amplius
2659 1647 3139 1726 acquirit,neque
3154 1656 3317 1725 parat
3332 1648 3447 1709 sibi
3464 1649 3633 1729 quid-

1988 1750 2158 1809 quam
2189 1735 2261 1794 ad
2292 1736 2554 1798 veritatis
2597 1736 2984 1815 agnitionem.
3019 1737 3267 1797 Tantum
3302 1737 3496 1815 igitur,
3534 1739 3631 1799 in-

258 1824 523 1902 παραγίνῃ
571 1825 653 1892 σὺ,
689 1826 715 1877 6
749 1824 902 1899 Θεὸς,
952 1824 1040 1877 καὶ
1097 1822 1328 1888 τοσαύτη
1388 1822 1527 1878 ἐστιν
1591 1822 1643 1877 ἐν
1694 1823 1892 1893 αὖτῷἡ

1987 1820 2134 1918 quit,
2159 1824 2396 1918 accedis
2424 1836 2510 1901 tu,
2536 1824 2783 1899 Deus,et
2814 1834 2974 1886 tanta
3002 1825 3057 1886 ei
3087 1825 3161 1887 de
3194 1836 3247 1890 te
3281 1829 3631 1891 inestintel-

255 1915 373 1989 περὶ
407 1919 497 1968 σοῦ
527 1912 721 1989 ἔννοια,
769 1910 870 1977 ὅση
901 1910 954 1965 ἐν
985 1916 1051 1986 τῇ
1092 1917 1247 1987 γενεᾷ
1289 1914 1394 1966 τῶν
1450 1910 1690 1988 πατέρων
1742 1910 1892 1965 αὒτοῦ

1987 1910 2254 1991 ligentia,
2309 1924 2524 1993 quanta
2587 1916 2642 1975 in
2703 1915 3092 1994 generatione
3164 1926 3393 1994 patrum
3446 1920 3633 1998 ipsius

252 2004 489 2081 ὑπῆρχε,
556 2003 660 2061 Καὶ
700 2000 909 2056 ἐνταῦθο
958 2003 1019 2056 τὸ
1078 2000 1235 2075 ἀργὸν
1296 2001 1429 2055 πολὺ
1485 1999 1581 2067 τῆς
1662 1997 1897 2062 διανοίας

250 2095 340 2147 καὶ
389 2091 514 2147 ὅλον
562 2093 751 2167 γήϊνον
796 2092 881 2145 καὶ
932 2090 1253 2167 φιλόσαρκον
1284 2096 1377 2145 τοῦ
1433 2089 1486 2144 ἑν
1541 2088 1751 2161 πλούτῳ
1810 2090 1897 2144 καὶ

250 2187 420 2258 τρυφῇ
468 2180 777 2254 κυλιομένου
822 2181 1131 2257 παρίστησι²
1164 2181 1249 2234 καὶ
1294 2186 1387 2234 τοῦ
1446 2179 1576 2256 ὑπὲρ
1635 2184 1739 2233 τῶν
1769 2178 1896 2252 βιω-

246 2277 412 2325 τικῶν
472 2270 709 2347 ιιεριμῶν
753 2268 1249 2345 καταπεπνιγμένον
1319 2270 1409 2323 τὸν
1469 2274 1587 2323 νοῦν
1646 2266 1886 2345 ἔχοντος.

264 2360 361 2414 Διά
392 2362 560 2415 τοῦτω
609 2358 706 2422 ἕως
751 2360 938 2418 αἰῶνος
996 2359 1090 2414 οὐκ
1136 2357 1323 2433 ὄψεται
1368 2363 1502 2436 φῶς,
1556 2359 1614 2413 Οἱ
1660 2358 1757 2433 γὰρ
1800 2378 1895 2411 τυ·-

258 2448 416 2527 φλοῖξ
454 2447 785 2512 διδασκάλοις
842 2470 942 2514 την
996 2447 1212 2525 ὸδηγίαν
1270 2447 1468 2502 ἑαυτῶν
1520 2447 1895 2524 ἐπιτρέψαντες

255 2537 543 2609 ἐστέρησαν
633 2538 846 2598 ἑαυτοὺς
929 2542 1027 2603 τῆς
1097 2546 1188 2594 τοῦ
1278 2537 1449 2613 φωτὸς
1528 2534 1895 2595 ἀπολαύσεως.

255 2627 432 2706 ’Ἔχει
476 2624 530 2681 δὲ
565 2625 686 2703 (⁸28)
748 2626 837 2680 καί
878 2646 995 2680 τινα
1051 2634 1288 2682 τοιοῦτον
1346 2631 1461 2680 νοῦν
1494 2626 1579 2700 τὸ,
1616 2622 1899 2700 Εἰσελεύσῃ

257 2716 359 2781 ἕως
405 2722 587 2792 γενεᾶς
648 2714 889 2789 πατέρων
932 2714 1114 2772 αυτοῦ.
1170 2715 1444 2785 Τουτέστι,
1500 2714 1620 2775 τοὺς
1682 2713 1734 2767 ἐν
1794 2735 1898 2767 πο·-

256 2813 402 2883 νηρῴ
477 2804 574 2877 βίῳ
627 2806 714 2860 καὶ
775 2803 929 2877 δμαςι
988 2802 1226 2880 πατρίοις
1297 2802 1417 2876 μὲν,
1485 2801 1775 2878 ἀλλοτρίως
1845 2800 1899 2857 δὲ

258 2895 445 2975 ἔχουσι
497 2897 624 2968 πρὸς
670 2893 768 2960 τὴν
819 2890 1112 2972 εὐσέϐειανὶ
1159 2890 1590 2970 καταληφθέντας
1624 2890 1771 2970 (99),
1808 2892 1902 2947 οὒκ

260 2984 446 3048 αὐτοὺς
501 2981 729 3045 ἐκδικεῖς
777 2983 958 3056 μόνον,
1012 2980 1150 3037 ἀλλὰ
1202 2981 1287 3035 καὶ
1330 2984 1449 3042 τοὺς
1477 2979 1751 3059 ἀρχηγοὺς
1795 2986 1899 3036 τῶν

258 3075 551 3153 μοχθηρῶν
614 3070 950 3149 διόαγμάτων
1006 3070 1310 3140 ἐπιζητεῖς.
1372 3070 1469 3127 Καὶ
1511 3070 1663 3125 τοῦτό
1695 3068 1805 3126 ἐστι
1839 3071 1900 3125 τὸ

255 3162 547 3238 λεγόμενον
624 3160 775 3240 (30)·
854 3158 1139 3234 Εἶσελεύση
1214 3158 1311 3223 ἕως

1984 2000 2223 2062 exstitit.
2265 2004 2333 2063 Et
2374 2003 2468 2063 hic
2510 2005 2775 2065 animum
2840 2004 3006 2064 valde
3056 2004 3309 2065 inertem
3343 2013 3401 2065 et
3445 2016 3629 2066 totum

1988 2097 2289 2151 terrenum
2325 2110 2396 2153 ac
2428 2094 2598 2154 carni
2630 2093 2932 2154 addictum
2966 2094 3209 2154 exhibet
3238 2094 3391 2173 ejus,
3438 2095 3538 2174 qui
3570 2096 3632 2155 iu

1984 2178 2203 2239 divitiis
2235 2179 2591 2262 deliciisque
2621 2183 3013 2253 volutatur,ac
3034 2193 3289 2243 mentem
3322 2182 3500 2244 habet
3526 2185 3635 2244 hu-

1973 2267 2073 2345 jus
2109 2271 2233 2329 vitae
2259 2270 2416 2329 curis
2435 2272 2799 2332 suil‘ocatam.
2840 2272 3223 2349 ()uapmpler
3252 2290 3438 2350 usque
3460 2276 3525 2334 in
3546 2293 3631 2335 ce-

1983 2358 2221 2418 lernum
2244 2376 2366 2420 non
2386 2360 2607 2421 videbit
2628 2360 2979 2432 lumen.Qui
2998 2360 3157 2421 enim
3191 2379 3256 2420 se
3278 2362 3451 2422 cmcis
3482 2363 3630 2424 doc-

1984 2445 2213 2506 toribus
2241 2447 2550 2508 ducendos
2596 2448 3036 2525 commiserint,
3090 2449 3449 2529 semetipsos
3486 2452 3632 2512 lucis

1984 2553 2094 2595 usu
2127 2534 2527 2614 privaverunt.
2553 2536 2706 2609 Quin
2730 2544 2789 2597 et
2824 2536 2997 2597 talem
3029 2538 3351 2616 quemdam
3384 2556 3627 2601 sensum

1986 2624 2163 2685 habet
2181 2625 2650 2705 illud,lntroibis
2668 2644 2856 2705 usque
2869 2632 2931 2687 in
2952 2628 3268 2705 progenies
3276 2635 3520 2706 patrum
3536 2631 3629 2708 ip-

1984 2713 2265 2775 sius.Hoc
2290 2716 2719 2796 est,eos,quiin
2740 2716 2892 2776 mala
2919 2716 3036 2777 vita
3058 2725 3116 2776 et
3145 2715 3520 2795 dogmatibus
3535 2736 3631 2796 pa-

1987 2804 2172 2863 ternis
2217 2803 2481 2885 quidem,
2534 2806 2638 2867 sed
2663 2825 2695 2865 a
2726 2806 2941 2884 pietate
2996 2804 3229 2879 alienis,
3269 2805 3631 2883 deprehensi

1985 2902 2271 2969 suot,non
2304 2893 2613 2955 ulcisceris
2627 2894 2827 2967 modo,
2858 2894 2964 2955 sed
2999 2902 3274 2955 auctores
3304 2900 3480 2955 etiam
3500 2913 3633 2975 pra-

1983 2998 2186 3042 vorum
2224 2984 2562 3062 dogmatum
2595 2984 3066 3064 inquiris.Atque
3101 2984 3214 3044 hoc
3230 2992 3321 3045 est
3345 2985 3504 3062 quod
3534 2985 3631 3046 di-

1983 3072 2168 3133 citur:
2196 3071 2699 3153 lntroibisusque
2726 3075 2790 3133 in
2799 3075 3120 3151 progenies
3145 3081 3388 3152 patrum
3413 3075 3629 3153 ipsius.

1390 3164 1572 3236 γενεᾶς
1657 3158 1892 3235 πατέρων

1987 3160 2113 3221 Non
2150 3161 2307 3221 enim
2342 3164 2532 3223 solum
2566 3161 2668 3241 qui
2692 3180 2865 3241 prave
2886 3161 2962 3222 de
2988 3164 3111 3224 Deo
3143 3162 3497 3236 sentit,reus
3516 3172 3625 3225 est:

251 3253 435 3311 αὖτοῦ.
470 3253 544 3309 Οὒ
572 3252 672 3327 γὰρ
704 3249 865 3325 μόνον
915 3252 942 3304 ὀ
989 3249 1221 3326 πονηρὰς
1268 3247 1413 3327 ἔχων
1470 3249 1585 3324 περὶ
1646 3255 1776 3306 Θεοῦ
1806 3247 1892 3302 έν-

1987 3248 2086 3308 sed
2120 3249 2296 3309 etiam
2327 3252 2425 3330 qui
2456 3251 2588 3312 aliis
2618 3251 2691 3312 ad
2724 3251 2877 3311 hanc
2933 3250 3330 3331 perditionem
3378 3252 3628 3331 praeivit.

252 3344 397 3404 νοίας
451 3342 712 3405 ὑπαίτιος,
748 3336 883 3393 ἀλλὰ
912 3339 997 3392 καὶ
1030 3340 1056 3392 6
1106 3337 1308 3392 τούτων
1338 3339 1466 3413 πρὸς
1512 3336 1610 3403 την
1640 3336 1894 3392 ἀπολειαν

252 3432 445 3496 ταύτην
478 3430 947 3507 καθηγησάμενος,
1001 3429 1242 3486 Τοιοῦτοι
1302 3424 1356 3481 δὲ
1405 3428 1451 3481 οἱ
1494 3427 1581 3481 καὶ
1630 3427 1724 3493 τὴν
1755 3448 1892 3499 προ-

243 3522 416 3597 γόνων
474 3520 660 3574 κακίαν
713 3515 1093 3593 διαδεξάμενοι,
1125 3518 1211 3572 καὶ
1255 3514 1595 3573 δυσέκνιπτον
1644 3514 1887 3593 ἔχοντες,

243 3606 331 3664 διὰ
386 3610 447 3663 τὸ
497 3609 696 3686 χρονίῳ
744 3604 845 3661 ἔθει
915 3603 1291 3680 βεϐαιωθῆναι,
1353 3600 1506 3666 ’Ἕως
1559 3604 1747 3667 αἰῶνος
1797 3603 1892 3659 οὒκ

247 3697 437 3771 ὄψεται
501 3697 610 3776 odi:
671 3695 972 3770 Πέμπονται
1023 3697 1121 3772 γὰρ
1186 3697 1273 3757 Εἲς
1316 3694 1375 3748 τὸ
1432 3695 1620 3757 σκότος
1675 3694 1736 3748 τὸ
1766 3691 1890 3757 ἐξώ-

244 3807 419 3863 τερον.
469 3786 583 3842 ἐκεῖ
654 3784 803 3841 ἐσται
849 3787 875 3840 6
948 3784 1215 3859 κλαυθμὸς
1274 3784 1362 3838 καὶ
1409 3784 1436 3837 ὁ
1492 3782 1725 3859 βρυγμὸς
1784 3788 1889 3838 τῶν

247 3874 497 3931 ὀδόντων
562 3876 648 3930 καὶ
727 3882 880 3931 τοῦτο
937 3876 1072 3929 κατὰ
1143 3874 1241 3938 τὴν
1297 3869 1499 3927 δικαίαν
1576 3872 1742 3946 κρίσιν
1798 3882 1893 3929 τοῦ

1984 3338 2291 3414 Ejusmodi
2314 3348 2508 3401 autem
2531 3350 2667 3401 sunt
2690 3341 2857 3420 etqui
2886 3340 3174 3420 majorum
3201 3339 3628 3419 malignitatem

1980 3446 2303 3507 suscepere
2334 3430 2683 3511 :quaa,quod
2710 3429 2943 3491 diutina
2971 3427 3405 3491 consuetudine
3430 3448 3633 3491 corro-

1980 3515 2181 3577 borata
2206 3518 2445 3589 est,elui
2471 3520 2562 3579 vix
2600 3526 2809 3598 potest.
2852 3517 3045 3599 Usque
3068 3519 3136 3579 in
3170 3527 3469 3580 ueternum
3499 3539 3623 3582 non

1974 3605 2201 3666 videbit
2227 3606 2775 3669 iumenMittuutur
2788 3608 2949 3669 enim
2976 3606 3050 3669 In
3063 3606 3347 3670 tenebras
3367 3613 3625 3671 exterio-

1976 3694 2208 3772 res,nbi
2228 3699 2341 3757 erit
2363 3698 2534 3774 ﬂetus
2556 3704 2610 3758 et
2634 3698 2867 3758 stridor
2889 3696 3165 3759 dentium
3193 3696 3241 3771 ‘;
3268 3698 3447 3777 idque
3464 3699 3623 3777 justo

1975 3781 2321 3861 Detjudicio
2345 3785 2808 3863 patiuntur,cum
2828 3785 2884 3845 in
2907 3786 3015 3846 hac
3040 3786 3324 3847 vitainter
3344 3787 3493 3846 mala
3515 3806 3621 3867 pa-

1978 3872 2186 3932 tranda
2208 3872 2449 3936 oderint
2468 3872 2957 3937 lumenVaasﬂt
2981 3922 2995 3936 .
3026 3873 3224 3936 Homo
3249 3893 3384 3937 cum
3414 3877 3477 3936 in
3507 3875 3619 3938 ho-

248 3971 379 4021 Θεοῦ
434 3964 801 4042 ὑπομένουσιν,
861 3962 1044 4029 ἐπειδὴ
1098 3962 1151 4017 ἐν
1206 3968 1282 4034 τῷ
1333 3960 1431 4035 βίῳ
1461 3960 1652 4037 τούτῳ,
1688 3959 1772 4018 διὰ
1800 3968 1892 4017 τοῦ

1987 3979 2123 4022 nore
2147 3971 2440 4033 esset,non
2461 3963 2782 4037 intellexit;
2812 3971 3195 4043 comparatus
3222 3973 3307 4026 est
3317 3966 3619 4042 jumentis

247 4055 314 4109 τὰ
370 4053 539 4133 φαῦλα
595 4052 719 4133 (31)
766 4054 1048 4131 πράσσειν,
1082 4052 1293 4123 ἑμίσουν
1337 4050 1398 4106 τό
1457 4056 1591 4128 φῶς.
1642 4048 1891 4128 ’Ἄνθρω-

1987 4051 2424 4132 insipientibus,
2456 4062 2508 4114 et
2529 4052 2749 4115 similis
2764 4054 2964 4132 factus
2992 4061 3077 4116 est
3110 4051 3618 4116 illis.Miserabilis

244 4164 373 4215 πος,
414 4142 465 4197 ἐν
522 4150 649 4218 τιμῇ
698 4143 796 4221 ὢν,
868 4145 928 4197 οὗ
984 4145 1199 4208 συνῆκε”
1267 4137 1707 4216 παρασυνεϐλήθη
1768 4152 1887 4203 τοῖς

1987 4158 2104 4201 vox.
2133 4141 2343 4221 Homo,
2382 4143 2552 4221 paulo
2583 4143 2808 4222 angelis
2832 4144 3076 4205 inferior
3105 4142 3153 4217 5,
3184 4142 3260 4204 de
3289 4162 3406 4223 quo
3426 4151 3482 4204 et
3504 4141 3616 4205 Sa-

244 4233 466 4301 κτήνεσι
508 4245 624 4293 τοῖς
686 4231 954 4311 ἀνοήτοις³
1027 4232 1113 4286 καὶ
1170 4229 1424 4303 ὡμοιώθη
1476 4231 1685 4292 αυτοῖς.
1739 4236 1887 4307 Σχε-

1987 4233 2177 4290 iomon
2211 4230 2597 4309 aitzMagnum
2634 4231 2917 4311 quiddam
2950 4242 3036 4293 est
3069 4233 3335 4311 homo,et
3355 4249 3453 4293 res
3475 4249 3617 4312 pre-

246 4321 531 4388 τλιαστικὴ
588 4324 622 4387 ἡ
676 4319 845 4398 φωνή·
902 4319 1246 4397 ”Ανθρωπος,
1272 4320 1299 4374 6
1328 4318 1502 4396 βραχύ
1548 4339 1598 4373 τι
1630 4318 1753 4397 παρ’
1789 4321 1881 4394 ἁγ-

1987 4315 2113 4379 iosa
2150 4320 2241 4379 vir
2272 4316 2611 4382 misericors
2638 4318 2685 4382 δε
2728 4321 2822 4382 hic
2855 4321 3085 4401 ipse,eo
3118 4322 3274 4400 quod
3308 4321 3613 4402 propriam

1422 4477 1455 4527 5
1482 4474 1665 4538 Hebr.
1703 4492 1765 4556 tt,
1797 4476 1857 4552 7,
1883 4477 1942 4540 9.

774 4481 805 4529 4
836 4480 1041 4543 Matth.
1074 4495 1203 4555 vui,
1240 4476 1338 4539 12.
1422 4477 1455 4527 5
1482 4476 1665 4538 Hebr.
1703 4492 1765 4556 ιι,
1797 4476 1857 4552 7,
1883 4477 1942 4540 9.
2030 4478 2063 4528 6
2098 4481 2268 4543 Prov.
2297 4498 2402 4558 xx,
2431 4482 2487 4545 6.

318 4482 355 4533 ὅ
384 4479 517 4545 Job.
552 4496 595 4561 ι,
627 4480 684 4541 9.

325 4641 449 4721 (25)
484 4639 686 4702 Codex
742 4638 1009 4721 Combet.
1070 4656 1206 4721 cum
1268 4636 1448 4698 Coisl.
1496 4636 1890 4721 προφερόμενον
1973 4639 2097 4702 Hoc
2129 4641 2286 4702 idem
2325 4649 2628 4721 peccatum
2653 4641 2794 4702 etin
2828 4639 3090 4703 editione
3124 4641 3299 4705 Basil.
3338 4650 3395 4703 et
3420 4644 3614 4705 inRe-

238 4716 342 4797 τῷζ
375 4716 688 4799 Aliquanto
723 4730 848 4799 post
880 4719 1045 4781 Colb.
1084 4720 1316 4799 primus
1345 4721 1433 4773 τὸν
1470 4716 1621 4776 Θεόν.

324 4802 448 4881 ('26)
479 4796 643 4879 Regii
678 4796 1001 4881 secundus,
1047 4796 1258 4859 tertius
1304 4807 1360 4857 et
1394 4804 1593 4857 sextus
1627 4804 1683 4855 et
1709 4796 1887 4881 editio

240 4878 746 4955 Basil.'aiaelsdm,
785 4880 1064 4942 introibis
1100 4900 1113 4939 :
1152 4897 1325 4958 quam
1358 4884 1713 4958 scripturam
1749 4886 1807 4937 et
1830 4878 1890 4937 hi

242 4972 364 5024 tres
396 4961 631 5022 codices
662 4971 719 5020 et
762 4960 941 5020 editio
994 4957 1180 5022 Basil.
1225 4958 1285 5017 in
1342 4957 1572 5017 duobus
1606 4957 1751 5016 locis
1783 4975 1881 5021 se-

291 5041 569 5102 uentibus
601 5050 944 5101 constanter
991 5040 1296 5101 exhibent.
1336 5040 1405 5098 Et
1452 5041 1525 5096 ita
1573 5037 1888 5115 scripsisse

291 5063 569 5102 uenimus
601 5063 944 5101 conswnter
991 5063 1296 5101 BXIIIUBIH.
1336 5063 1405 5098 [LI
1453 5063 1525 5096 ιιῑι
1573 5063 1888 5115 δυιίμδιδδϐ

244 5063 535 5184 ﬁasilium
562 5130 679 5181 tota
708 5121 994 5181 orationis
1020 5119 1208 5181 series
1251 5128 1453 5197 aperte
1488 5119 1765 5178 ostendit.
1807 5124 1894 5178 Ita

240 5221 479 5283 quoque
495 5202 634 5262 olim
653 5201 959 5283 legebatur
971 5201 1121 5283 apud
1141 5200 1895 5283 tresinterpretes_,auxt0re

244 5278 644 5345 Theodoreto.
680 5278 755 5343 At
785 5278 1114 5344 Colberlini
1164 5288 1362 5340 sextus
1392 5285 1449 5338 et
1483 5278 1793 5355 septimus,
1829 5288 1886 5338 et

244 5366 388 5439 Heg.
435 5372 699 5443 quartus,
751 5370 807 5422 et
838 5360 985 5443 Oliv.
1019 5369 1099 5443 et
1141 5360 1292 5423 LXX
1342 5367 1407 5443 et
1465 5357 1643 5443 editio
1689 5358 1879 5443 Paris.

237 5438 620 5513 εἰσελεύσεπαι,
658 5442 954 5503 introibit.
996 5442 1104 5505 Ubi
1140 5440 1487 5509 notandum,
1516 5438 1606 5497 hic
1638 5438 1881 5518 quidem

238 5526 300 5584 in
335 5522 558 5583 ultimis
608 5522 795 5582 tribus
850 5522 1163 5583 codicibus
1196 5522 1309 5597 legi
1343 5518 1729 5577 εἰσελεᾷσεταιζ
1776 5519 1880 5580 sed

238 5605 392 5665 infra
425 5603 481 5663 in
513 5603 721 5662 iisdem
760 5603 941 5662 semel
975 5615 1074 5662 aut
1097 5603 1311 5663 iterum
1338 5597 1452 5673 legi
1488 5599 1781 5674 εἰσελεύση.

323 5684 443 5753 t2?)
468 5681 564 5743 Ait
597 5681 985 5743 Combetisius
1032 5682 1149 5759 legi
1180 5679 1339 5759 fuedo
1376 5695 1579 5759 errore
1622 5677 1681 5738 in
1716 5679 1887 5739 (late-

239 5783 340 5838 na,
375 5773 624 5821 τοσοῦτον
657 5763 993 5841 ἐπιγινώσκει
1026 5766 1052 5818 6
1086 5756 1236 5835 Θεός,
1284 5758 1341 5818 id
1373 5757 1527 5837 quod
1556 5756 1635 5841 ita
1677 5759 1887 5819 reddi-

238 5845 327 5906 dit
341 5843 848 5922 Corderius,quod
862 5850 1106 5906 tantum
1118 5846 1425 5921 cognoscat
1439 5855 1575 5901 eum
1590 5840 1886 5911 Deus,etc.

1971 4722 2079 4796 giis
2138 4722 2427 4791 secundo,
2488 4720 2660 4781 tertio
2692 4731 2749 4783 et
2781 4730 2989 4801 quarto
3036 4722 3255 4799 pariter
3293 4722 3608 4802 reperitur.

1971 4802 2086 4861 Sed
2128 4810 2323 4863 tamen
2355 4802 2712 4881 scripturam
2739 4820 2956 4874 veram,
2992 4811 3240 4881 τοσοῦτον
3272 4803 3610 4879 ἐπιγινώσκει

1974 4884 2127 4960 Θεόν,
2168 4890 2407 4942 tuentur
2437 4880 2557 4942 tum
2587 4882 2772 4942 editio
2805 4880 3121 4955 Parieusis,
3154 4891 3273 4943 tum
3313 4882 3610 4945 Colherti-

1974 4962 2034 5023 ni
2062 4963 2528 5044 quintus,sextus
2553 4970 2609 5021 et
2633 4962 2945 5041 septimus.
2966 4961 3189 5023 Ibidem
3224 4963 3404 5023 editio
3434 4962 3610 5044 Hasil.

1974 5052 2031 5102 et
2072 5041 2215 5120 regii
2269 5043 2589 5115 secundus,
2628 5044 2837 5103 tertius
2888 5050 2943 5102 et
2996 5052 3238 5121 quartus
3265 5061 3399 5103 cum
3426 5041 3609 5105 Coisl.

1975 5124 2053 5179 ὅτι
2083 5131 2150 5198 τῇ
2184 5130 2285 5178 τῶν
2320 5124 2556 5201 πατέρων
2587 5125 2744 5183 αυτοῦ
2774 5124 3015 5195 συνηθείᾳ
3045 5121 3413 5199 παραδέδοται,

2065 5204 2186 5281 (28η
2224 5203 2320 5265 Sic
2355 5221 2497 5264 mss.
2532 5214 2785 5281 septem.
2811 5202 2993 5264 Abest
3021 5202 3073 5258 δέ
3104 5203 3176 5263 ab
3208 5203 3407 5266 editis.

2053 5285 2174 5364 {'29)
2217 5283 2408 5344 Editio
2441 5282 2992 5364 Basil.rctquatuo_r
3040 5301 3181 5346 mss.
3223 5283 3606 5364 καταλειφθέν-

1967 5386 2056 5423 rx;
2094 5362 2283 5424 Editio
2318 5380 2451 5425 vero
2514 5363 2699 5425 Paris.
2754 5381 2888 5424 cum
2925 5362 3091 5427 tlolb.
3130 5365 3343 5444 quinto
3388 5362 3606 5426 etcum

1967 5444 2117 5519 Reg.
2152 5454 2315 5503 sexto
2348 5444 2803 5523 καταληφθέντας.

2044 5523 2168 5603 βο)
2198 5522 2367 5600 Regii
2397 5521 2609 5585 tertius
2642 5532 2699 5585 et
2725 5530 2971 5603 quartus
3000 5522 3289 5603 λεγόμενον
3320 5522 3423 5586 ὅτι.
3467 5521 3608 5603 δία-τ

1971 5602 2071 5662 tim
2107 5602 2247 5679 Reg.
2283 5604 2495 5664 tertius
2547 5604 2682 5660 ἀλλὰ
2712 5601 2800 5661 κει
2844 5607 2871 5660 ὁ
2902 5601 3087 5661 τούτου
3136 5602 3289 5665 Editi
3344 5612 3403 5665 et
3443 5601 3613 5663 multi

1973 5702 2114 5744 mss.
2155 5685 2367 5747 τούτων,

2046 5765 2172 5841 (31]
2206 5763 2344 5840 Heg.
2385 5764 2594 5827 tertius
2624 5763 2708 5822 διὰ
2740 5767 2802 5822 τὸ
2834 5767 2899 5822 τὰ
2929 5765 3122 5845 φαυλα,
