4108 6220
512 315 630 397 463
1862 323 1923 384 s.
1970 322 2164 387 BASII

2290 322 2455 385 MAG
2463 318 2544 385 NI
3766 329 3869 394 464

513 470 585 512 ae
616 469 826 513 omnes
844 452 1023 530 hujus
1042 451 1257 531 psalmi
1285 452 1508 515 utilitas
1532 457 1857 534 perveniat.
1874 455 1984 529 Qui
2008 455 2164 516 enim

2252 454 2485 522 τέλοςδὶ
2515 455 2659 535 λέγει
2689 460 2750 513 τὸ
2781 458 2865 515 ἐπὶ
2914 457 3184 532 συντελείᾳ
3238 466 3345 516 τῶν
3401 462 3612 517 αἰώνων
3674 460 3871 533 ἐκϐήσε-

515 541 928 613 immutantur,
968 550 1021 601 et
1048 541 1147 620 qui
1174 543 1665 609 immutabuntur.
1698 545 1739 606 ii
1764 556 1900 606 sunt
1920 545 2020 627 qui
2045 564 2151 607 ηερ

2248 547 2359 601 σθαι
2397 543 2616 620 μέλλον.
2658 548 2749 602 Διὸ
2772 548 3000 609 καὶτοῖς
3031 546 3550 623 ἀλλοιωθησομένοις
3603 553 3869 631 γεγράφθαι

512 650 628 711 que
660 632 933 693 eumdem
967 631 1231 706 corporis
1267 631 1531 694 habitum
1576 643 1837 707 servant,
1868 653 2060 714 neque
2091 636 2150 696 in

514 721 719 782 eadem
746 719 1323 799 semperpersistunt
1344 722 1665 785 sententia:
1691 725 1794 785 sed
1821 723 1920 801 qui
1945 734 2151 786 utcnr-

514 829 658 890 pore
680 808 778 871 alii
805 808 1324 888 elﬁciunturjuxta
1346 820 1581 874 aetatum
1606 813 2150 889 vicissitudinesﬁta

514 907 711 959 mente
733 915 836 977 pro
861 914 1102 958 casuum
1137 899 1512 963 varietatibus
1549 910 1976 982 permutantur.
2029 903 2149 967 Alii

514 1003 771 1065 namque
801 1004 1005 1048 sumus
1038 996 1228 1069 pueri,
1251 988 1349 1050 alii
1391 990 1671 1071 puberes,
1734 991 1831 1051 alii
1864 992 1971 1052 viri
2025 994 2145 1072 jam

511 1076 673 1155 facti,
708 1093 778 1136 ac
809 1087 1304 1140 consenescentes
1335 1080 1550 1141 iterum
1584 1080 1830 1142 omnino
1864 1081 2145 1142 immuta-

513 1168 745 1228 mur.Et
763 1163 861 1226 alii
886 1164 1127 1245 quidem
1147 1186 1353 1230 sumus
1378 1170 1437 1229 in
1461 1168 1686 1231 laetiore
1707 1188 1907 1231 rerum
1949 1178 2101 1231 statu
2134 1190 2146 1232 :

514 1257 611 1319 alii
648 1273 782 1316 vero
808 1273 876 1315 ex
904 1254 1035 1316 aliis
1095 1255 1410 1333 efﬁcimur,
1466 1259 1771 1339 asperiore
1819 1268 2152 1337 temporum

513 1365 651 1408 casu
682 1344 773 1406 usi
810 1362 824 1406 :
860 1343 955 1404 alii
990 1344 1129 1405 dum
1164 1357 1547 1425 aegrotamus,
1574 1348 1673 1409 alii
1706 1350 1843 1409 dum
1871 1348 2148 1409 valemus:

514 1437 610 1497 alii
636 1436 692 1495 in
737 1432 979 1513 nuptiis,
1025 1434 1123 1494 alii
1154 1435 1215 1496 in
1247 1435 1429 1499 luctu.
1464 1438 1581 1498 Aut
1612 1440 1893 1513 quoniam
1928 1439 2152 1498 dictum

2233 637 2358 714 φησῖ
2413 636 2502 691 τὸν
2566 634 2806 711 ψαλμόν,
2844 633 3011 693 ’Ἔστι
3074 635 3128 692 δὲ
3184 637 3510 703 ἁπαξαπλῶς
3548 641 3673 716 περὶ
3700 646 3873 704 παντὸς

2232 730 2322 800 τοῦ
2350 723 2532 801 γένους
2578 732 2684 781 τῶν
2718 725 3006 803 ἀνθρώπων
3038 731 3252 805 νοῆσαι,
3287 729 3362 792 ὡς
3422 730 3496 793 είς
3542 731 3753 793 πάντας
3794 735 3872 795 τῆς

2234 815 2467 879 ἀπὸτοῦ
2522 812 2747 889 ψαλμοῦ
2779 812 3149 881 διαϐαινούσης
3207 816 3487 891 ὠφελείας.
3554 817 3877 893 Ἀλλοιούμε-

2233 924 2316 961 νοι
2350 903 2449 980 γὰρ
2480 904 2574 959 παὶ
2600 901 3094 976 ἀλλοιωθησόμενοι
3126 905 3174 960 οἱ
3214 906 3350 980 μήτε
3402 907 3499 973 τὴν
3556 914 3654 963 τοῦ
3708 908 3873 984 cuipa-

2232 1011 2324 1053 τος
2357 988 2460 1055 ἕξιν
2492 990 2592 1059 τῆν
2625 992 2790 1059 αὒτῆν
2839 989 3224 1072 διασώζοντες,
3286 996 3424 1066 μήτε
3455 993 3542 1051 ἐπὶ
3602 1000 3703 1061 τῆς
3754 996 3875 1073 γνάμ-

2233 1101 2342 1154 μτ,ς
2370 1079 2449 1135 ἀεὶ
2477 1082 2577 1146 τῆς
2602 1080 2767 1148 αὐτῆς
2800 1078 3119 1159 βεϐηκότες,
3173 1081 3311 1138 ἀλλὰ
3365 1086 3427 1139 τὸ
3458 1085 3562 1155 μὲν
3611 1090 3764 1159 σῶμα
3787 1108 3874 1141 κι-

2235 1168 2300 1225 τὰ
2330 1169 2424 1230 τὰς
2460 1175 2566 1224 τῶν
2602 1168 2825 1236 ἡλικιῶν
2882 1167 3182 1243 μεταϐολὰς
3225 1169 3633 1246 ἀλλοιούμενοι,
3692 1174 3784 1237 τὴν
3831 1172 3874 1228 δὲ

2236 1248 2471 1312 διάνοιαν
2511 1258 2645 1333 πρὸς
2689 1258 2786 1320 τὰς
2834 1257 3106 1321 ποικιλίας
3171 1261 3278 1315 τῶν
3329 1262 3747 1337 συμπτωμάτων
3788 1282 3871 1336 μισ

2236 1344 2591 1425 τατιθέμενοι.
2627 1344 2833 1403 ’Ἄλλοι
2868 1346 2964 1420 μὲν
2995 1347 3097 1425 γὰρ
3129 1347 3287 1423 ἐσμεν
3315 1348 3532 1425 παῖδες,
3605 1351 3697 1406 καὶ
3749 1350 3873 1406 ἄλλοι

2238 1423 2451 1514 ἴέφηϐοι,
2479 1436 2565 1490 καὶ
2589 1434 2935 1513 ἀνδρωθέντες
2960 1423 3280 1515 γάρ-ἕτεροι,
3314 1440 3401 1494 καὶ
3457 1423 3874 1516 ἀπογηράσαντες

516 1545 633 1587 non
661 1534 771 1604 est,
793 1522 871 1584 Iis
894 1524 992 1603 qui
1016 1523 1424 1601 immutantur,
1453 1527 1585 1601 sed,
1618 1528 1702 1589 Iis
1723 1529 1830 1606 qui
1870 1528 2158 1588 immuta-

2248 1521 2405 1578 πάλιν
2442 1522 2725 1589 παντελῶς
2757 1522 3118 1599 ἀλλοιούμεθα
3142 1524 3286 1605 (45).
3333 1529 3427 1585 Καὶ
3484 1527 3643 1584 ἄλλοι
3696 1529 3786 1602 μὲν
3834 1529 3875 1583 ἰν

514 1615 760 1686 buntur,
797 1631 1021 1693 voxque
1047 1614 1311 1692 Speciem
1368 1615 1697 1696 prophetiae
1731 1635 1854 1695 praa
1910 1635 1974 1677 se
2029 1615 2157 1677 fert.

2248 1623 2361 1673 ταῖς
2398 1610 2767 1691 φαιδροτέραις
2831 1612 2989 1688 ἐσμὲν
3065 1617 3420 1672 καταστάσεσι
3485 1616 3596 1673 τῶν
3652 1618 3877 1695 πραγμάο

511 1703 671 1780 quod
706 1700 883 1762 futuri
917 1700 987 1761 sit
1022 1704 1328 1782 temporis;
1362 1704 1818 1766 convenientius
1864 1705 2061 1777 fuerit,
2093 1712 2157 1763 ut

2248 1721 2367 1762 των,
2405 1699 2561 1759 ἄλλοι
2596 1699 2652 1758 δὲ
2688 1700 2739 1767 ἐξ
2800 1702 2978 1759 ἄλλων
3036 1704 3290 1781 γινόμεθα
3347 1716 3657 1784 τραχυτέρᾳ
3717 1727 3877 1764 συντυ-

508 1790 910 1855 immutandos
939 1790 1347 1870 intelligamus
1402 1811 1529 1867 eos,
1566 1795 1697 1875 qui,
1748 1794 1952 1855 relicta
2014 1812 2155 1853 vana

2248 1808 2338 1866 χιᾳ
2392 1790 2590 1867 καιρῶν
2651 1790 3008 1870 κεχρημένοι·
3091 1789 3245 1849 ἄλλοι
3292 1800 3598 1874 νοσοῦντες,
3662 1795 3747 1849 καὶ
3794 1792 3875 1848 ἄλ-

509 1891 740 1964 patrum
772 1898 1011 1943 suorum
1037 1882 1488 1957 consuetudine,
1518 1903 1586 1944 ex
1620 1883 1920 1963 Evangelii
1968 1882 2152 1944 disci-

2250 1875 2333 1932 λοι
2394 1878 2771 1944 εὖπαθοῦντεςο
2828 1878 2980 1939 ἄλλοι
3029 1879 3082 1937 ἓν
3169 1882 3389 1957 γάμοις,
3468 1884 3561 1939 καὶ
3647 1881 3790 1939 ἄλλοι
3834 1884 3875 1938 ἓν

513 1972 673 2054 plina
695 1972 869 2032 vitam
890 1988 1055 2031 suam
1081 1979 1252 2031 erant
1274 1972 1833 2053 instituturi.Itaque
1856 1991 1976 2035 non
2008 1972 2164 2033 illius

2249 1968 2510 2029 πένθεσιν.
2564 1967 2649 2024 ’Ἠ
2704 1967 2789 2025 διά
2845 1971 2906 2025 τὸ
2967 1969 3046 2044 μὴ
3119 1971 3356 2048 εἰρῆσθαι
3409 1981 3544 2033 Τοῖς
3585 1970 3875 2047 ἀλλοιουμέ-

512 2058 938 2124 aztatisJudteis
970 2058 1064 2121 hic
1100 2060 1368 2139 psalmus
1400 2062 1656 2141 scriptus
1689 2070 1799 2135 est,
1836 2062 1942 2122 sed
1994 2060 2164 2122 nobis

2248 2076 2381 2134 νοις,
2433 2055 2590 2125 ἀλλὰ,
2625 2057 2753 2122 Τοῖς
2821 2057 3371 2134 ἄλλοιωθησομένοις,
3426 2063 3519 2117 καὶ
3574 2061 3674 2127 τὴν
3725 2062 3872 2139 φωνὴν

516 2148 1031 2228 immutandis,qui
1054 2149 1300 2210 deorum
1331 2150 2158 2230 multitudinemiupietatem,

2248 2141 2457 2209 ἔνδειξιν
2501 2145 2648 2226 ἔχειν
2684 2148 3038 2227 προφητείας,
3072 2152 3149 2223 τῷ
3173 2150 3248 2213 είς
3268 2151 3330 2205 τὸ
3382 2149 3585 2224 μέλλον
3796 2154 3874 2205 ἔκιε

515 2259 585 2303 ac
608 2239 898 2301 idolorum
924 2255 1188 2299 errorem
1214 2239 1272 2299 in
1292 2239 1627 2303 Conditoris
1650 2240 1834 2302 nostri
1865 2241 2159 2319 cognitiu—

2248 2232 2513 2291 κεκλίσθαι
2540 2237 2629 2292 τὸν
2663 2237 2880 2316 χρόνον,
2915 2235 3327 2316 ἀκολουθότερον
3383 2238 3592 2295 ἐννοεῖν
3639 2241 3753 2302 τοὺς
3800 2237 3874 2293 ἆλ-

517 2348 651 2391 nem
672 2326 1160 2408 mutavimuszqui
1179 2347 1283 2407 pro
1309 2338 1680 2409 repugnante
1697 2329 1811 2408 legi
1833 2329 2159 2410 voluptate,

2248 2320 2706 2399 λοιωθησομένυυς
2738 2326 2860 2389 τοὺς
2888 2323 3216 2406 μέλλοντας,
3265 2330 3366 2394 τὴν
3410 2329 3546 2405 πρὸς
3578 2329 3646 2384 τὰ
3702 2329 3872 2402 μάταια

518 2418 987 2480 consentientem
1021 2416 1138 2493 legi
1167 2419 1623 2497 temperantiam
1680 2419 1976 2498 elegimus
2012 2437 2025 2480 :
2062 2419 2160 2499 qui

2248 2416 2347 2469 τῶν
2407 2414 2647 2493 πατέρων
2704 2417 2983 2485 συνήθειαν
3032 2414 3158 2495 (47)
3235 2416 3490 2497 ἀφέντας,
3539 2422 3610 2493 τῇ
3662 2419 3783 2473 κατὰ
3824 2418 3870 2470 τὸ

520 2528 623 2590 pro
646 2505 808 2569 tibiis
831 2514 889 2567 et
905 2505 1103 2567 choris
1122 2525 1189 2567 ac
1214 2506 1504 2569 ebrietate
1528 2508 1818 2586 psalmum
1831 2508 2164 2587 jejunium-

2253 2500 2578 2580 Εὑαγγέλιον
2639 2503 2881 2582 ἅκρικειᾳ
2966 2505 3257 2576 κανονίζειν
3326 2507 3425 2573 τὴν
3481 2504 3762 2565 πολιτείαν.
3814 2509 3871 2562 03

518 2616 635 2679 que
665 2605 722 2659 et
752 2596 1151 2675 precationem
1186 2595 1359 2657 nobis
1389 2596 1846 2658 vindicavimus.
1910 2596 2164 2659 Proinde

2250 2591 2423 2647 τοίνυν
2456 2605 2575 2658 τοῖς
2607 2593 2729 2649 τότε
2760 2592 3035 2657 Ἰουδαίοις
3070 2596 3098 2650 ὁ
3128 2593 3344 2670 ψαλμὸς
3404 2595 3716 2673 γέγραπται,
3772 2591 3869 2649 ἀλλ’

519 2687 620 2768 qui
651 2686 805 2747 hunc
834 2685 1122 2764 psalmum
1154 2685 1371 2745 dixerit
1404 2685 1693 2766 scriptum
1728 2686 1897 2747 nobis
1947 2705 2100 2767 esse,
2135 2706 2164 2748 a

2250 2680 2385 2753 ἡμῖν
2412 2694 2535 2742 τοῖς
2594 2680 3139 2759 ὲλλοιωθησομένοις,
3180 2696 3297 2747 τοῖς
3328 2684 3427 2752 τὴν
3484 2682 3766 2741 πολυθεὶαν
3810 2684 3868 2744 εἷς

514 2775 772 2841 veritatis
794 2793 975 2855 scopo
1000 2773 1154 2835 haud
1179 2772 1510 2837 aberrabit.
1535 2774 1676 2840 Ideo
1724 2785 1781 2837 et
1800 2784 2001 2838 nostra
2032 2785 2169 2838 sunt

514 2866 755 2930 oracula
785 2864 1004 2940 divina,
1041 2874 1100 2926 et
1130 2862 1203 2925 ab
1240 2865 1509 2927 Ecclesia
1536 2866 1666 2945 Dei,
1700 2871 1978 2946 tanquam
2014 2866 2168 2927 dona

513 2955 791 3018 divinitus
818 2953 1019 3032 missa,
1057 2953 1115 3012 in
1152 2952 1400 3031 singulis
1425 2952 1826 3016 conventibus
1860 2954 2162 3036 leguntur,

512 3048 670 3114 velut
696 3043 1043 3105 alimentum
1076 3042 1369 3123 quoddam
1402 3044 1761 3123 animarum,
1792 3044 1950 3124 quod
1976 3044 2167 3124 aSpi-

2251 2767 2518 2827 εὐσέϐειαν
2609 2770 2960 2848 διαμείϐουσι,
3024 2773 3125 2841 τὴν
3188 2772 3306 2852 πέρὶ
3356 2776 3422 2829 τὰ
3503 2771 3702 2830 εἴδωλα
3760 2772 3871 2827 πλά-

2251 2880 2347 2925 νην
2397 2858 2529 2935 (48)
2578 2862 2648 2926 εἰς
2696 2864 2801 2918 τῶν
2859 2868 2951 2918 τοῦ
3006 2864 3330 2931 ποιήσαντος
3375 2862 3525 2939 ἡμᾶς
3599 2864 3867 2940 ἐπίγνωσιν.

2252 2960 2368 3008 τοῖς
2399 2948 2512 3005 ἀντὶ
2544 2947 2740 3020 ἡδονῆς
2798 2950 3098 3027 παρανόμου
3151 2950 3497 3031 σωφροσύνην
3532 2952 3738 3027 ἔννομον
3798 2952 3867 3004 αἶ-

2251 3036 2550 3113 ρυυμένοις·
2588 3038 2700 3096 ἀντὶ
2744 3037 2943 3117 αὐλῶν,
2975 3041 3061 3096 καὶ
3093 3044 3292 3119 χορῶν,
3354 3042 3442 3098 καὶ
3504 3043 3689 3117 μέθης,
3746 3038 3865 3115 ψιλ-

510 3133 627 3195 ritu
649 3132 1165 3196 subministrctur.
1207 3131 1322 3193 Sed
1367 3132 1465 3194 hic
1487 3133 1752 3213 psalmus
1777 3132 2039 3213 scriptus
2079 3142 2164 3193 est

2251 3127 2377 3200 μὸν,
2440 3129 2527 3183 καὶ
2586 3130 2860 3201 νηστείαν,
2913 3129 3001 3183 καὶ
3061 3129 3364 3208 προσευχὴν
3421 3128 3866 3204 μεταλμόάνουσιν.

512 3231 573 3284 ιιι
606 3222 665 3283 in
696 3224 972 3285 columna
1000 3221 1387 3302 inscribatnr;
1422 3222 1537 3283 hoc
1571 3230 1684 3300 est,
1722 3239 1841 3282 non
1866 3220 2166 3300 negligen-

513 3320 603 3372 ter
632 3319 690 3371 et
723 3309 1121 3390 perfunctiore
1150 3310 1445 3384 audiatur;
1487 3328 1711 3390 neque,
1765 3311 2158 3389 quemadmo-

514 3400 653 3460 dum
687 3398 802 3459 cito
833 3398 1110 3459 delentur
1140 3418 1271 3481 quae
1301 3401 1360 3458 in
1397 3399 1643 3460 materia
1697 3416 1761 3459 se
1804 3401 1925 3460 191
1993 3399 2164 3460 facile

516 3495 932 3567 corrumpente
978 3485 1324 3548 scribuntur
1358 3504 1371 3549 :
1410 3487 1499 3549 sic
1532 3488 1590 3548 in
1618 3496 1716 3548 tuo
1739 3488 1935 3549 animo
1962 3488 2165 3550 isthzec

516 3575 591 3637 ad
626 3574 800 3635 breve
833 3583 1065 3655 tempus
1097 3578 1402 3637 memoriae
1435 3576 1753 3656 insculpas,
1790 3576 2006 3638 deinde
2038 3578 2165 3657 ipsa

518 3664 799 3726 contundi
830 3683 898 3725 ac
923 3665 1251 3727 oblitterari
1277 3665 1460 3743 sinas;
1483 3666 1587 3727 sed
1626 3668 1685 3727 in
1713 3673 1812 3727 tua
1834 3667 2033 3727 anima
2057 3686 2165 3728 ceu

521 3754 579 3814 in
614 3754 890 3816 columna
922 3756 1107 3817 incisa
1138 3756 1285 3828 sint;
1326 3755 1385 3816 id
1420 3766 1529 3829 est,
1594 3755 2044 3817 immutabiliter
2098 3774 2167 3816 ac

521 3843 895 3924 firmiterper
923 3864 1100 3907 omne
1131 3844 1444 3925 tempusin
1498 3845 1787 3906 memoria
1836 3845 2163 3906 insideant.

523 3934 698 4006 Quod
730 3934 910 3995 sinos
934 3933 1677 4014 repuleritludaaus,velut
1697 3953 1732 3994 a
1763 3934 2004 4014 scriptis
2034 3934 2170 3994 alie-

526 4041 653 4096 nos;
694 4041 797 4103 per
818 4025 944 4085 hac
974 4041 1103 4103 quae
1132 4023 1351 4102 scripta
1380 4032 1540 4096 sunt,
1594 4023 1788 4104 ipsum
1844 4024 2172 4086 afficiamus

529 4113 757 4193 pudore
794 4130 806 4172 :
842 4113 927 4173 sic
955 4122 1023 4172 ut
1068 4111 1449 4173 ostendamus
1500 4117 1740 4173 mixtam
1803 4113 2169 4174 vocationem

524 4220 657 4263 esse
688 4220 820 4282 quae
840 4201 1118 4263 distantia
1132 4201 1444 4280 colligit,et
1463 4219 1533 4263 ea
1569 4217 1701 4281 quas
1726 4204 1927 4282 procul
1956 4201 2174 4262 absunt

527 4299 832 4365 convocat,
858 4309 926 4351 ac
958 4308 1065 4370 per
1097 4290 1273 4352 fidem
1308 4290 1368 4350 in
1400 4289 1700 4353 Christum
1743 4291 1925 4353 efficit
1960 4291 2174 4352 multos

2246 3220 2415 3290 Ἦμϊν
2459 3216 2550 3272 οὖν
2584 3218 2876 3295 γεγράφθαι
2922 3218 3014 3272 τὸν
3048 3215 3263 3292 ψαλμὸν
3316 3217 3480 3274 εἰπών
3532 3242 3634 3298 τις,
3681 3222 3763 3275 οὒκ
3817 3214 3865 3270 ἂν

2246 3304 2473 3381 ἁμάρτοι
2504 3310 2604 3373 τῆς
2635 3304 2912 3372 ἀληθείας,
2950 3307 3043 3362 Διὸ
3074 3305 3201 3386 (49)
3234 3308 3321 3363 καί
3350 3309 3619 3386 ἡμτέτερά
3672 3309 3770 3363 ἐστι
3814 3306 3865 3359 τὰ

2244 3396 2363 3449 θεῖα
2419 3396 2602 3473 Λὸγια,
2660 3395 2752 3451 καὶ
2807 3400 2874 3470 τῇ
2931 3395 3024 3450 τοῦ
3088 3397 3221 3451 Θεοῦ
3276 3394 3599 3475 Ἐκκλησία,
3647 3398 3713 3457 ὡς
3762 3393 3859 3450 θεό-

2252 3505 2467 3557 πεμπτα
2551 3481 2713 3561 δῶρα.
2788 3482 2906 3541 καθ’
2964 3482 3188 3542 ἕκαστον
3242 3483 3504 3562 σύλλογον
3564 3482 3859 3561 ὑπαναγινώ-

2248 3593 2454 3647 σκεται,
2510 3573 2626 3630 οἷόν
2657 3595 2736 3635 τις
2765 3574 2936 3653 τροφὴ
2996 3575 3189 3653 ψυχῶν
3258 3575 3638 3654 χορηγουμένη
3682 3572 3754 3628 διὰ
3788 3580 3859 3627 τοῦ

2249 3663 2576 3737 Ηνεύμττος.
2638 3661 2806 3718 Ἀλλὰ
2866 3665 2953 3719 καὶ
3011 3667 3089 3726 εἷς
3153 3662 3553 3742 στηλογραφίαν
3608 3664 3857 3741 γέγραπται

2249 3756 2278 3809 ὁ
2334 3749 2571 3827 ψαλμὸςο
2634 3752 2902 3826 τουτέστι,
2955 3753 3032 3827 μὴ
3097 3753 3358 3831 πάρὲργος
3422 3752 3565 3810 ἔστω
3632 3756 3771 3810 αὑτοῦ
3833 3750 3858 3813 ἡ

2252 3841 2527 3918 ἀκρόασις·
2580 3838 2742 3916 μηδὲ,
2790 3841 2970 3919 ὥσπερ
3000 3843 3069 3897 τὰ
3103 3841 3157 3896 ἐν
3210 3846 3276 3919 τῇ
3312 3844 3584 3922 εὐφθάρτῳ
3621 3841 3711 3917 ὕλῃ
3760 3859 3860 3915 γρι-

2254 3930 2457 4009 φόμενα
2508 3931 2679 4009 ταχὺν
2731 3931 2862 4009 (50)
2911 3928 3171 4005 λαμϐάνει
3202 3932 3293 3988 τὸν
3365 3932 3682 4012 ἀφανισμὸν,
3716 3928 3854 3988 οὕτως

2255 4029 2309 4084 ἐν
2338 4024 2407 4094 τῇ
2439 4026 2660 4074 σεαυτοῦ
2689 4017 2887 4092 διανοίᾳ
2915 4021 3046 4097 πρὸς
3078 4018 3257 4097 ὀλίγον
3306 4019 3607 4100 ἐγχαράξας
3650 4025 3708 4093 τῇ
3736 4017 3857 4091 μνή-

2257 4132 2357 4184 μῃ,
2414 4107 2539 4164 ε’ίτα
2597 4110 2966 4187 συγχωρήσης
3026 4109 3158 4164 αὐτὰ
3216 4113 3545 4188 συγχυθῆναι
3632 4108 3734 4186 (511
3788 4104 3858 4158 καὶ

2256 4198 2626 4277 ἀφανισθῆναι”
2652 4195 2774 4253 ῃλλ’
2823 4196 2922 4278 ἔχε
2951 4197 3425 4271 ἑνεστηλιτευμένα
3475 4220 3568 4257 σου
3593 4203 3655 4270 τῇ
3702 4199 3851 4272 ψυχῇ

2254 4285 2524 4343 τουτέστιν
2567 4284 2791 4353 ἀκίνητα
2850 4287 2944 4344 καὶ
3010 4288 3178 4364 πάγια
3229 4287 3301 4348 εἷς
3351 4287 3526 4343 πάντα
3567 4288 3650 4341 τὸν
3695 4281 3853 4363 χρόνον

528 4399 737 4442 unum.
764 4369 1027 4443 VERsr'l.
1042 4378 1217 4473 ﬂleus
1238 4380 1590 4473 est,_inquit,
1613 4380 1892 4473 _Ga£oad,
1919 4389 1977 4441 et
2015 4399 2164 4473 metu

2260 4374 2563 4453 ὲνιδρυμένα
2633 4381 2702 4452 τῇ
2743 4377 2962 4452 μνήμῃ.
3020 4374 3146 4433 Ἐαν
3210 4374 3263 4431 δὲ
3319 4381 3624 4454 παρωθῆται
3664 4376 3784 4448 ἡμᾶς
3831 4369 3852 4423 δ

526 4467 1317 4548 estManusses.EtEphraim
1339 4467 1460 4529 dixi
1479 4476 1586 4548 t,et
1606 4467 1634 4531 J
1644 4468 1815 4529 udam
1834 4467 2174 4548 assumpsit,

528 4558 1010 4619 etanuumeravit
1026 4556 1380 4629 Moab.Quin
1411 4557 1543 4618 etin
1564 4556 1880 4618 ldumaeam
1897 4573 2176 4620 ascensu-

528 4665 661 4707 rum
684 4664 749 4708 se
771 4648 1125 4718 minatur,ac
1144 4646 1411 4706 omnium
1430 4647 1604 4707 simul
1628 4644 2059 4726 subjectionem
2079 4662 2180 4707 an-

529 4736 760 4799 nuntiat
795 4756 808 4799 :
843 4737 1027 4798 Vens.
1063 4737 1160 4796 tO.
1203 4734 1360 4796 Mihi
1383 4737 1742 4814 alienigenae
1763 4734 2175 4796 subditisunt.

2261 4463 2515 4527 Ἰουδαῖος
2565 4466 2639 4529 ὡς
2688 4464 2999 4544 ἀλλοτρίους
3065 4472 3173 4521 τῶν
3226 4466 3627 4545 γεγραμμένων,
3672 4462 3724 4518 ἐκ
3769 4463 3853 4514 τῶν

2261 4554 2644 4633 γεγραμμένων
2735 4554 2890 4611 αὔτόν
2975 4552 3395 4629 δυσωπήσωμεν·
3468 4554 3725 4621 δηλοῦντες
3802 4548 3849 4601 τὸ

2263 4645 2557 4719 σύμμικτον
2587 4648 2685 4710 τῆς
2717 4642 2986 4713 κλήσεως”
3026 4643 3174 4709 ὅπως
3229 4644 3292 4699 τὰ
3359 4642 3609 4700 διεστῶτα
3653 4639 3846 4712 συνάγει.

2262 4735 2328 4790 τὰ
2357 4733 2564 4811 μακρὰν
2584 4732 2872 4813 συγκαλεῖ,
2900 4732 2991 4790 ἕνα
3040 4746 3191 4790 ποιεῖ
3219 4732 3341 4796 tab;
3392 4731 3615 4795 πολλοὺς
3658 4728 3728 4784 διὰ
3769 4729 3847 4788 τῆς

529 4829 603 4889 εἰς
661 4827 884 4905 Χριστὸν
942 4826 1170 4890 πίστεως
1234 4823 1389 4903 (52).
1454 4824 1616 4900 Ἐμός
1685 4824 1820 4899 ἐστι,
1886 4825 2037 4904 φησὶ,
2100 4821 2312 4881 Γαλαάδ
2350 4839 2363 4854 ·
2430 4820 2529 4877 καῖ
2613 4821 2741 4898 ἐμός
2806 4823 2918 4879 ἐστι
2982 4827 3303 4889 Μανασσῆς.
3365 4823 3460 4880 Καὶ
3516 4824 3601 4877 τὸν
3650 4816 3845 4894 Ἐφραὶμ

611 4992 741 5071 (45)
771 4991 917 5073 Reg.
945 4992 1160 5073 tertius
1180 4993 1575 5073 ἆλλοιούμενοι,

615 5073 737 5152 (46)
758 5071 959 5135 Nostri
986 5072 1265 5136 undecim
1299 5091 1444 5135 mss.
1477 5072 1697 5135 habent
1731 5076 1802 5137 εἷς
1862 5077 1922 5129 τὸ
1954 5071 2171 5147 μέλλον,

531 5150 685 5214 Editi
719 5150 794 5216 εἰς
818 5156 907 5210 τὸν
941 5153 1233 5231 μέλλοντα,
1284 5152 1512 5216 Ibidem
1569 5161 1688 5214 tres
1742 5172 1884 5214 mss.
1943 5152 2179 5232 ἐγκεκλί-

534 5232 930 5315 οθκιτέδιειιὶιηί
946 5234 1207 5315 quinque
1234 5250 1375 5315 mss.
1413 5234 1819 5315 ᾁκολουθότερον
1850 5246 2015 5294 νοεῖν,

621 5311 743 5390 (47l
787 5313 871 5373 lta
900 5311 1052 5376 Ol'iv.
1089 5311 1147 5374 et
1177 5313 1442 5377 Combef.
1480 5332 1613 5374 cum
1645 5313 1774 5374 aliis
1799 5330 1899 5375 sex
1926 5331 2064 5374 mss.
2094 5312 2171 5373 At

535 5390 679 5473 editi
705 5401 763 5473 ei
784 5392 939 5473 Περ.
970 5402 1302 5473 εθιγιυεῄτῶν
1334 5394 1589 5473 ἁθρώπων
1614 5393 1908 5460 συνήθειαν,

613 5471 741 5550 (48)
762 5472 1088 5553 Colbertini
1108 5470 1332 5552 primus
1350 5470 1408 5534 et
1433 5483 1635 5535 sextus
1652 5492 1781 5535 cam
1810 5475 2177 5553 Begquarto

535 5553 785 5633 τήνπερῖ
802 5555 872 5633 τὰ
897 5552 1094 5609 εἴδωλα
1121 5555 1330 5633 πτοίαν,
1358 5555 1597 5616 inanem
1620 5552 1910 5616 idolorum
1928 5552 2174 5616 metum.

538 5631 838 5713 Multialii
871 5649 1011 5695 mss.
1039 5651 1172 5694 cum
1199 5631 1372 5694 editis
1402 5635 1496 5701 τήν
1544 5636 1657 5713 περὶ
1689 5636 1752 5692 τὰ
1795 5633 1995 5691 εἴδωλα
2031 5634 2176 5690 πλά-

535 5737 657 5781 νην.
692 5710 815 5775 Nec
846 5713 925 5775 ita
957 5713 1137 5775 multo
1172 5721 1301 5794 post
1330 5722 1530 5775 nostra
1559 5710 1736 5776 editio
1770 5712 1955 5776 Paris.
2019 5717 2178 5795 αἱρη-

2260 4991 2466 5068 μένοις,
2502 4990 2775 5053 Secunda
2836 4989 3018 5053 editio
3040 4990 3232 5053 Paris.
3290 4989 3593 5068 ἡρημένοις.
3628 4983 3692 5045 At
3728 4995 3842 5041 mss.

2262 5071 2593 5150 αἱρουμένοις
2605 5118 2619 5133 ,

2346 5137 2472 5230 (49)
2497 5151 2587 5230 ita
2608 5167 2708 5211 sex
2736 5169 2873 5213 mss.
2918 5169 3054 5213 cum
3081 5150 3346 5212 editione
3378 5148 3549 5212 Basil.
3581 5147 3653 5209 At
3696 5137 3843 5202 editio

2264 5228 2453 5291 Paris.
2491 5228 2645 5292 διότι,

2337 5310 2454 5387 (5οι
2490 5309 2740 5392 Codices
2772 5311 2995 5391 aliquot
3022 5314 3189 5391 ταχύ,
3214 5310 3519 5372 celeriter.
3760 5382 3804 5392 η

2335 5382 2461 5471 (41)
2522 5390 2681 5471 Ειὶίιὶ
2711 5382 3033 5471 censbam
3067 5382 3142 5453 Ᾰὶ
3172 5382 3333 5471 ἰῐιεεο
3366 5382 3839 5471 εσριειη-συγγυρῶ

2263 5466 2354 5528 ναι
2408 5466 2532 5533 Hoc
2562 5470 2692 5553 ipso
2722 5466 2943 5534 inloco
2974 5471 3159 5553 editio
3190 5470 3373 5532 Paris.
3407 5466 3840 5553 ἐνεετῃλιτευμέγξ

2264 5552 2339 5614 At
2390 5544 2615 5630 ‘qnator
2671 5570 2819 5616 mss.
2898 5551 3368 5626 ἐνεστηλιτιυμένα
3404 5596 3419 5610 .
3473 5547 3623 5613 Colb.
3682 5544 3843 5601 sextus

2264 5629 2704 5705 ἱστηλίιτευμένα.

2342 5711 2463 5790 (52)
2495 5702 2821 5774 Golbertiui
2858 5711 3108 5794 primus,
3134 5718 3399 5792 quartus,
3431 5702 3836 5792 quintus,sextus
