4108 6220
300 340 419 404 473

1460 338 1784 404 HOMILIA
1827 340 1910 403 IN
1956 339 2320 403 PSALMUM
2366 335 2515 402 LXI.

3554 339 3671 403 474

296 479 581 556 ἀνθρώπων
612 526 627 553 ,
676 480 703 534 6
752 479 813 535 τὸ
880 475 1095 542 ἀσθενὲς
1158 478 1313 552 ἡμῶν
1381 475 1686 555 ὑπερείδων,
1763 479 1789 534 ὁ
1852 479 1935 533 τὸν

2031 476 2251 537 tionem
2277 494 2346 538 ex
2379 474 2805 539 tentationibus
2833 471 3048 534 animis
3091 472 3310 534 nostris
3342 472 3672 539 advenien-

294 571 354 625 ἐκ
413 574 520 623 τῶν
583 573 889 645 πειρασμῶν
948 566 1288 645 ἐγγινύμενον
1332 579 1455 629 ταῖς
1524 573 1732 647 ψυχαῖς
1784 570 1937 644 ἡμῶν

294 658 454 718 σάλον
515 658 983 737 ἐπανορθούμενος.
1041 667 1079 714 Ο
1129 659 1205 732 μὴ
1269 656 1504 713 σαλευθῶ
1571 658 1653 712 ἐπὶ
1718 658 1929 715 πλεῖον·

294 747 632 825 ἀνθρωπὶνως
717 746 976 825 ὁμολογεῖ
1066 748 1156 801 τὸν
1255 745 1438 804 σάλον.
1525 745 1644 803 Ἐπὶ
1721 747 1934 821 πλεῖον,

295 833 613 915 Ἀμήχανον
658 835 758 913 γὰρ
813 835 866 890 ἐν
913 836 1171 913 ἆνθροπου
1211 835 1330 915 (75)
1386 840 1539 915 ψῡχῇ
1572 839 1649 910 μὴ
1697 837 1935 914 γενέσθαι

294 927 411 982 τινὰ
440 926 602 981 σάλον
646 924 752 981 ἀπὸ
812 930 914 980 τῶν
972 928 1304 1002 πειρασμῶν.
1349 923 1501 989 ’Ἕως
1555 925 1651 999 μὲν
1706 925 1793 982 οὖν
1841 950 1938 1000 μι-

296 1016 393 1093 κρὰ
449 1014 817 1091 ἁμαρθάνομεν
892 1014 977 1069 καὶ
1049 1012 1223 1091 ὀλίγα,
1282 1014 1459 1091 ὥσπερ
1512 1015 1578 1070 τὰ
1650 1014 1781 1095 φυτὰ
1839 1017 1939 1071 ὑπὸ

293 1104 524 1182 πραείας
571 1103 733 1180 αὔρας
789 1100 1217 1175 περιδονούμενοι
1282 1102 1435 1184 (76),
1491 1102 1666 1182 ἡρέμα
1692 1126 1807 1169 πως
1836 1126 1939 1160 σα-

293 1191 572 1267 λευόμεθα·
624 1190 834 1248 ἐπειδὰν
884 1190 938 1247 δὲ
998 1190 1165 1248 τλείω
1217 1194 1302 1248 καὶ
1343 1193 1556 1267 μείζονα
1593 1196 1628 1269 ᾖ
1671 1194 1736 1249 τὰ
1778 1195 1939 1275 κακὰ,

291 1284 430 1339 κατὰ
472 1283 569 1348 τὴν
600 1280 885 1358 ἀναλογίαν
932 1286 1032 1348 τῆς
1090 1280 1195 1337 τῶν
1247 1281 1645 1359 ἁμαρτημάτων
1675 1281 1941 1352 αὐξήσεως

291 1372 381 1429 καὶ
431 1373 458 1427 6
517 1370 676 1433 σάλος
724 1369 1072 1427 ἐπιτείνεσθαι
1123 1370 1346 1450 πέφυκε.
1424 1372 1521 1428 Καὶ
1581 1372 1627 1428 οἱ
1702 1372 1800 1445 μὲν
1858 1373 1943 1429 ἐπὶ

292 1459 485 1517 πλεῖον
542 1458 873 1516 σαλεύονταιο
940 1464 987 1516 οἱ
1039 1458 1093 1515 δὲ
1151 1462 1315 1539 μέχρι
1379 1468 1472 1517 τοῦ
1526 1462 1611 1516 ταὶ
1652 1460 1939 1539 αὖτόῤῥιζοι

292 1549 679 1627 ἀνατραπέντες
735 1547 1159 1621 καταϐληθῆναι,
1224 1549 1347 1606 ὅταν
1424 1549 1672 1612 λαίλατος
1761 1553 1937 1618 πάσης

292 1639 591 1717 βιαιότερον
651 1640 716 1694 τὰ
786 1640 1118 1712 πνευματικά
1168 1644 1265 1705 τῆς
1310 1641 1565 1717 πονηρίας
1637 1640 1730 1702 τὰς
1787 1642 1939 1697 οἷονεί

292 1728 435 1805 ῥίζας
486 1732 585 1794 τῆς
645 1732 854 1807 ψυχῆς,
889 1729 981 1791 αῖς
1012 1730 1363 1806 ἒπεστήρικτο
1410 1728 1526 1809 (77)
1570 1734 1638 1805 τῇ
1668 1730 1840 1785 πίστει
1872 1735 1939 1808 τῇ

294 1818 432 1874 κατὰ
465 1819 615 1897 Θεὸν,
651 1816 942 1893 ἆποῤῥήξη,
1000 1819 1142 1895 Ἐγὼ
1180 1819 1373 1892 τοίνυν,
1435 1821 1614 1897 φησὶν,
1652 1818 1938 1886 ἒσαλεύθην

294 1907 390 1981 μὲν
422 1908 493 1969 ὡς
524 1906 816 1985 ἄνθρωπος’
878 1907 961 1963 ἐπὶ
1004 1907 1193 1964 πλεῖον
1238 1907 1291 1963 δὲ
1325 1911 1384 1964 οὖ
1411 1911 1488 1982 μὴ
1522 1908 1820 1989 σαλεουθῶ,
1853 1908 1935 1965 διὰ

294 1997 356 2050 τὸ
388 1995 839 2074 ἀντιστηρίζεσθαι
870 2002 939 2072 τῇ
969 1994 1109 2068 δεξιᾷ
1142 2001 1285 2076 χειρὶ
1330 2005 1415 2053 τοῦ
1460 1999 1730 2075 Σωτῆρος.

373 2088 433 2145 3.
470 2086 622 2149 ’Ἕως
674 2086 803 2142 πότε
848 2086 1136 2142 ἐπιτίθεσθε
1186 2087 1271 2142 ἐπ’
1332 2084 1625 2165 ἄνθρωπονς
1693 2089 1931 2167 φονεύετε

294 2174 488 2238 πάντες
533 2180 715 2250 ὑμεῖς,
791 2177 865 2240 ὡς
938 2178 1110 2253 τοίχῳ
1179 2175 1475 2249 κεκλιμένῳ
1544 2180 1631 2231 καὶ
1712 2185 1938 2255 φραγμῷ

292 2262 538 2337 ὡσμένῳς
590 2264 754 2319 Πάλιν
810 2277 927 2329 τοῖς
972 2279 1229 2342 πονηροῖς
1287 2264 1574 2342 ὑπηρέταις
1653 2274 1744 2322 τοῦ
1812 2265 1933 2322 δια-

293 2350 451 2408 56100
503 2356 763 2432 μάχεται,
816 2354 913 2419 τὴν
946 2355 1195 2431 ἀμετρίαν
1230 2354 1544 2428 αἰτιώμενος
1579 2357 1605 2409 ὁ
1649 2354 1805 2433 λόγος
1833 2362 1931 2421 τῆς

292 2435 419 2519 παρ’
477 2441 649 2498 αὒτῶν
704 2442 1046 2520 ἶεπαγομὲνης
1090 2442 1398 2510 ἐπιϐουλῆς.
1450 2442 1582 2500 ’Ὅτι
1628 2446 1673 2499 οἱ
1706 2445 1801 2518 μέν
1833 2445 1931 2500 ἄν-

290 2531 491 2609 θρωποί
538 2533 636 2587 είσι
686 2532 821 2602 ζῶον
879 2532 1113 2596 ἀσθενές’
1160 2534 1321 2607 ὑμεῖς
1379 2531 1432 2587 δέ
1484 2532 1791 2606 ἐπιτίθεσθε,
1840 2536 1933 2590 οὒκ

292 2620 607 2695 ἀρκούμενοι
662 2619 729 2695 τῇ
786 2621 972 2699 πρώτῃ
1021 2620 1319 2699 προσϐολῇ⁸
1372 2621 1509 2678 ἀλλὰ
1577 2625 1664 2679 καὶ
1696 2620 1935 2699 δευτέραν

291 2711 379 2765 καὶ
430 2710 609 2789 τρίτην
658 2710 906 2789 ἐπείγετε,
943 2709 1040 2774 ἕως
1086 2710 1146 2766 ἂν
1180 2712 1316 2767 οὕτω
1347 2712 1444 2779 τὴν
1477 2714 1659 2791 ψυχὴν
1704 2720 1795 2769 τοῦ
1823 2736 1934 2768 πα-

292 2800 613 2877 ραπεσόντος
674 2802 800 2875 ὗμϊν
860 2802 1265 2879 καταστρέψητε
1327 2801 1477 2880 (78),
1533 2802 1670 2857 ὥστε
1700 2803 1937 2878 γενέσθαι

290 2886 669 2956 παραπλησίαν
713 2888 887 2968 τοίχῳ
934 2889 1162 2945 κλιθέντι
1216 2892 1301 2945 καὶ
1347 2898 1573 2969 φραγμῷ
1607 2890 1938 2968 ἀνατραπέν-

292 2998 367 3038 τι.
402 2986 607 3057 Τοτχος
638 2976 715 3058 δὲ,
751 2977 850 3041 ἕως
892 2979 989 3041 μὲν
1021 2978 1106 3034 ὅτε
1131 2980 1227 3045 τὴν
1252 2981 1409 3056 ὀρθὴν
1438 2979 1776 3044 διαφυλάσσει
1807 2982 1939 3036 στά-

294 3087 402 3145 σιν,
432 3068 625 3145 πάγιος
680 3068 849 3141 μένει·
918 3067 1128 3124 ἐπειδὰν
1179 3068 1232 3123 δὲ
1285 3068 1464 3145 κλιθῇ,
1529 3071 1735 3147 ἀνάγκη
1793 3077 1936 3127 πᾶσα

2022 576 2140 627 tem
2164 564 2629 644 corrigens.N0n
2653 562 2940 625 movebar
2961 560 3521 624 multumﬂumano
3547 582 3673 624 mo-

2022 673 2087 716 re
2119 655 2434 715 conﬁtetur
2482 659 2968 717 commotionem.
3012 651 3290 714 Mullum.
3324 652 3482 713 Fieri
3512 652 3669 713 enim

2020 761 2139 805 non
2192 751 2383 821 potest
2410 751 2472 803 ut
2522 743 2581 802 in
2615 740 2875 802 hominis
2909 750 3116 800 natura
3156 740 3478 802 commotio
3508 742 3672 804 nulla

2024 833 2318 896 excitetur
2346 850 2380 893 a
2406 830 3015 894 tentationibus.Dum
3047 830 3222 911 igitur
3253 848 3426 910 parva
3451 838 3511 890 et
3533 847 3671 909 pau-

2024 941 2091 984 ca
2109 932 2353 1002 peccata
2370 921 2660 984 committi
2673 920 3045 997 mus,leniter
3056 919 3492 1000 quodammodo
3507 939 3673 981 com-

2026 1030 2361 1092 movemur,
2388 1012 2546 1072 velut
2578 1010 2789 1090 plantae
2806 1029 2935 1090 quae
2968 1028 2999 1071 a
3022 1008 3142 1071 leni
3174 1027 3316 1069 aura
3345 1011 3667 1087 agitantur:

2023 1101 2124 1162 ubi
2156 1121 2293 1163 vero
2320 1102 2489 1182 plura
2518 1101 2864 1179 majoraque
2894 1098 3114 1161 fuerint
3152 1098 3322 1177 mala,
3362 1116 3467 1177 pro
3498 1099 3674 1160 ratiu-

2029 1191 2482 1252 neincrementi
2518 1198 2923 1270 peccatorum,
2958 1188 3133 1249 etiam
3193 1188 3512 1249 commotio
3560 1205 3671 1249 au-

2026 1287 2150 1360 geri
2183 1280 2361 1342 solet.
2394 1282 2466 1342 Et
2495 1280 2596 1341 alii
2630 1278 2871 1355 quidem
2905 1277 3155 1339 multum
3186 1288 3669 1339 commoventur:

2026 1370 2127 1430 alii
2150 1388 2288 1431 vero
2310 1389 2497 1451 usque
2528 1369 2700 1442 adeo,
2728 1376 2791 1429 ut
2812 1372 2985 1429 etiam
3021 1365 3305 1429 radicitus
3334 1372 3524 1428 eversi
3571 1367 3676 1428 de-

2015 1459 2323 1542 jiciantur,
2352 1479 2486 1520 cum
2535 1457 2879 1540 spirituales
2909 1456 3193 1538 nequitiae
3245 1458 3411 1535 quasi
3440 1456 3673 1519 radices

2022 1550 2256 1629 animae,
2291 1551 2506 1631 quibus
2538 1567 2645 1629 per
2697 1548 2872 1611 ﬁdem
2905 1547 2963 1607 in
2997 1550 3183 1609 Deum
3237 1545 3490 1608 subnixa
3521 1554 3668 1621 erat,

2025 1640 2188 1700 omni
2226 1639 2463 1700 turbine
2512 1638 2830 1699 violentius
2886 1635 3257 1717 abruperint.
3291 1636 3413 1714 Ego
3447 1636 3672 1716 itaque,

2024 1729 2235 1808 inquit,
2271 1741 2605 1789 commotus
2632 1726 2871 1807 quidem
2908 1744 3039 1788 sum
3081 1733 3143 1785 ut
3172 1726 3372 1798 homo;
3398 1724 3502 1785 sed
3528 1725 3674 1784 mul-

1964 1854 1998 1902 Β
2026 1826 2147 1879 tum
2182 1836 2300 1879 non
2332 1816 3062 1897 commovebor,quoniam
3091 1813 3400 1875 suﬂ‘ulcior
3430 1814 3671 1876 dextera

2023 1926 2199 1969 manu
2231 1905 2568 1970 Salvatoris.

2100 2084 2325 2148 3.V1-:ns
2357 2086 2748 2166 4.0uousque
2776 2085 3021 2146 iri-uitis
3043 2084 3109 2143 in
3126 2081 3458 2144 hominem?
3471 2083 3667 2143 inter-

2018 2178 2235 2256 ﬁcite‘sl
2250 2178 2343 2239 05
2360 2181 2631 2239 universi
2649 2195 2751 2238 vos
2764 2185 3057 2255 tanquam
3065 2174 3285 2254 parieti
3304 2176 3601 2243 inclinato
3612 2181 3670 2233 et

2016 2274 2297 2328 maceria!
2318 2266 2610 2346 depulsa)?
2629 2265 2855 2327 Rursus
2876 2263 3161 2325 adversus
3204 2281 3416 2344 pravos
3446 2262 3667 2324 diaboli

2018 2356 2321 2417 ministros
2355 2365 2574 2436 pugnat
2618 2356 2711 2414 hic
2751 2373 2977 2433 sermo,
3023 2352 3373 2413 immodicas
3403 2371 3537 2432 quae
3585 2350 3659 2413 ab

2015 2444 2161 2524 ipsis
2178 2443 2755 2506 struunturinsidias
2786 2459 3092 2505 acrusans.
3136 2440 3428 2501 Nimirum
3465 2441 3661 2500 bomi-

2019 2553 2125 2595 nes
2155 2536 2368 2596 ammal
2406 2533 2603 2595 debile
2637 2542 2793 2604 sunt;
2832 2551 2932 2593 vos
2954 2540 3152 2592 autem
3189 2529 3436 2602 irruitis,
3468 2529 3659 2609 primo

2018 2621 2240 2682 assultu
2267 2642 2383 2682 non
2409 2621 2714 2683 contenti:
2742 2621 2845 2681 sed
2871 2629 2928 2682 et
2969 2618 3301 2681 secundum
3336 2626 3396 2679 et
3426 2618 3665 2680 tertium

2020 2709 2482 2784 inferlis,donec
2506 2709 2591 2772 sic
2615 2712 2873 2771 animam
2900 2709 3033 2787 ejus
3062 2708 3167 2785 qui
3202 2708 3262 2768 in
3293 2726 3393 2768 vos
3426 2706 3661 2767 incide-

2023 2799 2513 2880 rit,subvertatis,
2546 2802 2627 2862 ita
2659 2808 2724 2860 ut
2756 2798 2966 2880 parieti
2998 2798 3281 2859 inclinato
3306 2805 3365 2859 et
3394 2795 3665 2858 maceriae

2022 2888 2236 2951 dirutze
2259 2890 2358 2951 ﬁat
2392 2888 2740 2950 consimilis.
2783 2888 2985 2951 Paries
3005 2896 3201 2948 autem
3234 2886 3496 2967 quandiu
3529 2885 3665 2966 qui-

2022 2978 2158 3039 dem
2193 2978 2369 3038 situm
2394 2988 2620 3041 rectum
2658 2984 2989 3051 conservat,
3050 2977 3255 3036 ﬁrmus
3296 2983 3517 3050 manet;
3563 2974 3663 3035 ubi

2021 3086 2159 3129 vero
2212 3067 2528 3128 inclinatus
2576 3068 2772 3141 fuerit,
2809 3067 3002 3147 ipsum
3054 3065 3407 3126 dissolutum
3440 3066 3664 3126 cadere

291 3159 450 3214 αύτὸν
502 3155 809 3214 διαλυθέν-τα
856 3172 1062 3217 πεσεῖν.
1112 3160 1185 3217 Τὰ
1232 3159 1458 3237 μὲνγὰρ
1499 3160 1747 3234 ἡνωμένα
1797 3162 1933 3238 βάρη

2021 3158 2263 3217 omnino
2289 3175 2540 3218 necesse
2570 3155 2829 3218 esl.Nam
2864 3155 3125 3234 pondera
3146 3171 3221 3216 ex
3244 3172 3360 3214 uno
3394 3162 3668 3214 constan-

294 3247 429 3321 μετὰ
462 3246 555 3313 τὴν
596 3245 765 3303 κλίσιν
810 3250 1049 3326 ὀρθοῦται
1099 3248 1238 3324 (79),
1303 3250 1367 3305 τὰ
1426 3248 1479 3303 δὲ
1543 3249 1602 3303 ἐκ
1674 3249 1934 3306 πλειόνων

294 3337 634 3415 συγκείμενα,
692 3335 903 3392 ἐπειδὰν
932 3337 1011 3405 ἐφ’
1042 3335 1122 3415 ’ἐφ’
1157 3338 1210 3392 ἔν
1240 3338 1340 3404 ειην
1364 3338 1531 3414 ῥοπὴν
1564 3341 1729 3415 πάθῃ,
1759 3339 1931 3396 οὐκέτι

293 3421 507 3504 δέχεται
540 3428 639 3493 τὴν
671 3426 1048 3504 ἐπανόρθωσιν.
1089 3426 1438 3485 Ἐνδείκνυται
1490 3430 1659 3483 τοίνυν
1690 3429 1719 3483 ὅ
1748 3429 1928 3506 λόγος.

294 3514 380 3570 ὅτε
411 3516 446 3582 ἡ
479 3516 627 3586 φύσις
661 3519 695 3584 ἡ
724 3526 815 3573 τοῦ
839 3517 1135 3596 ἀνθρώπου,
1171 3518 1411 3579 σύνθετος
1445 3525 1595 3584 οὖσα,
1633 3517 1811 3584 ἐκλίθη
1839 3519 1932 3591 μὲν

291 3605 394 3661 ὕπὸ
415 3608 510 3672 τῆς
534 3606 814 3682 ἁμαρτίας,
852 3606 1064 3673 λυθῆναι
1092 3606 1145 3661 δέ
1176 3608 1386 3669 πάντως
1436 3608 1596 3672 αὒτὴν
1657 3604 1930 3685 χρήῶστε,

290 3694 392 3748 ὑπὸ
422 3697 514 3749 τοῦ
541 3695 591 3759 ἐξ
621 3696 794 3773 ἀρχῆς
851 3694 1300 3769 οἰκοδομήσαντος
1349 3697 1513 3762 ait-iw
1544 3696 1789 3773 τεχνίτου
1822 3696 1930 3751 πεί-

291 3781 376 3838 λιν
420 3783 926 3863 ἀυασκευασθεῖσαν,
961 3787 1022 3840 τὸ
1054 3784 1286 3865 ἀσφαλὲς
1333 3786 1420 3840 καὶ
1463 3784 1794 3839 ἀκατάλυτον
1845 3787 1933 3841 καὶ

293 3874 427 3948 πρὸς
493 3871 735 3950 δευτέραν
810 3875 1010 3930 πτῶσιν
1093 3872 1524 3930 ἀνεπιϐούλευτον
1614 3870 1929 3933 ἀπολαϐεῖν.

294 3968 426 4017 Θεοῦ
478 3967 756 4043 γεώργιον,
820 3966 972 4044 φησὶ,
1057 3972 1186 4020 Θεοῦ
1274 3963 1528 4039 οἰκοδομή
1603 3963 1742 4020 ἐστε.
1828 3964 1933 4030 Τὴν

293 4050 580 4124 οἰκοδομὴν
612 4054 809 4119 ταύτην
854 4054 1160 4110 κατέσεισεν
1196 4057 1221 4110 6
1266 4054 1453 4133 ἐχθρός
1483 4069 1496 4082 ‘
1551 4055 1617 4108 τὰ
1673 4053 1933 4130 γενόμενα

290 4143 349 4196 ἓν
395 4143 524 4216 αὖτῇ
579 4141 826 4219 ῥήγματα
902 4143 1248 4198 ἀνεσκεύασεν
1306 4148 1334 4199 ὁ
1398 4142 1757 4220 Δημιουργός.
1824 4142 1932 4199 06'-

292 4252 400 4293 τως
458 4232 721 4309 ἀναγκαία
780 4234 876 4305 μὲν
919 4235 953 4300 ἡ
1011 4239 1212 4297 πτῶσις
1246 4232 1328 4289 διὰ
1382 4235 1480 4299 τὴν
1509 4233 1790 4307 ἁμαρτίαν,
1827 4254 1931 4306 με·-

293 4320 437 4398 γάλη
483 4319 537 4375 δὲ
569 4323 601 4388 ἡ
661 4321 945 4385 ἀνάστασις
1003 4321 1087 4378 διὰ
1130 4323 1227 4389 τὴν
1258 4323 1562 4379 ἀθανασίαν.
1628 4320 1775 4388 Πλὴν
1832 4322 1930 4387 τὴν

288 4410 455 4484 τιμήν
513 4432 615 4483 μου
672 4408 1048 4469 ἐϐουλεύσαντο
1120 4410 1430 4469 ἀπώσασθαι
1466 4426 1483 4445 ⁹
1531 4409 1753 4490 ἔδραμον
1798 4410 1926 4490 (80)

370 4527 473 4590 εει
501 4529 638 4591 Cor.
666 4547 751 4610 ιιι,
781 4530 841 4593 9.

381 4651 505 4730 (75)
538 4650 704 4714 Colb.
767 4660 1012 4733 quartus
1062 4653 1147 4713 ἐπ’
1197 4653 1490 4733 ἀνθρώπου.
1552 4650 1779 4714 Ibidem
1810 4659 1933 4714 tres

292 4748 438 4792 mss.
466 4733 718 4809 γίνεσθαι,

378 4812 506 4891 (76)
540 4812 739 4874 Editio
771 4812 945 4894 Basi].
981 4813 1415 4894 περιδονούμενα.
1453 4812 1647 4875 Editio
1667 4831 1806 4875 vero
1832 4816 1935 4874 Pa-

289 4890 401 4974 ris.
437 4903 497 4954 et
528 4894 767 4973 Anglic.
803 4890 1128 4957 etOliv.'et
1149 4895 1338 4957 nostri
1366 4912 1578 4956 novem
1611 4912 1756 4957 mss.
1779 4916 1934 4974 περι-

291 4970 597 5047 δονούμενοι
608 5020 620 5033 .

373 5054 498 5134 (77)
537 5052 701 5116 Colb.
738 5061 981 5135 quartus
1009 5053 1601 5135 ἀπεστήρικτοδιᾶῐίη]
1634 5054 1939 5133 εάἱιίἚγὼ

289 5135 464 5189 τοίνυν
514 5134 822 5211 ἐσαλεύθην,
855 5139 1037 5216 φησὶν,
1084 5139 1182 5201 ὡς.
1219 5134 1294 5199 At
1318 5155 1459 5198 mss.
1495 5136 1760 5217 quinque
1793 5135 1938 5196 utin

292 5223 593 5275 contextu.

381 5296 504 5374 (78)
538 5295 621 5357 [tu
656 5294 986 5357 Colbertini
1014 5298 1274 5378 quintus,
1323 5306 1527 5359 sextus
1565 5305 1625 5358 et
1655 5295 1942 5378 septimus

292 5392 427 5435 cum
464 5377 791 5454 Reg.tertio
825 5386 886 5439 et
908 5376 1046 5438 cum
1081 5381 1340 5440 editione
1366 5378 1666 5440 Basil.A|ii
1699 5376 1940 5457 quidam

291 5472 436 5515 mss.
472 5475 604 5535 cum
639 5457 900 5518 editione
934 5458 1118 5520 Paris.
1155 5460 1605 5535 καταστρέψησθε.

378 5537 507 5608 (79)
540 5534 683 5617 Reg.
720 5540 1022 5599 secundus
1051 5543 1344 5617 ὁρθοῦνται.

391 5617 515 5697 (80)
547 5616 725 5697 lilud,
761 5619 1005 5695 ἔδραμον,
1042 5614 1119 5680 ita
1157 5622 1213 5680 in
1245 5619 1494 5698 Vulgata
1525 5626 1582 5679 et
1604 5614 1759 5698 apud
1776 5614 1937 5677 Lati-

293 5714 406 5757 nos
455 5699 662 5779 Patres
698 5716 1051 5779 expressum
1092 5700 1424 5779 invenitur,
1471 5699 1755 5779 cucurng
1783 5701 1944 5759 etita

293 5796 559 5860 quoque,
593 5776 1056 5860 invito'Basilio,
1084 5778 1507 5860 interpretatus
1532 5787 1624 5842 est
1669 5776 1940 5839 Tilman-

289 5873 429 5923 nus.
454 5858 694 5923 Etenim
723 5858 826 5939 qui
853 5879 974 5925 non
1006 5858 1190 5939 videt,
1224 5858 1340 5923 nisi
1368 5867 1627 5924 vertatur
1651 5874 1939 5923 cucurre-

2019 3246 2099 3306 tia
2132 3254 2262 3326 post
2293 3246 2738 3307 inclinationem
2775 3245 3083 3323 eriguntur
3113 3265 3124 3300 :
3152 3242 3255 3304 sed
3313 3261 3382 3304 ea
3432 3260 3560 3322 quae
3593 3260 3662 3301 ex

2018 3335 2286 3416 pluribus
2313 3343 3091 3415 componuntur,postquam
3120 3332 3568 3393 inclinationem
3590 3329 3663 3391 ad

2017 3445 2195 3485 unum
2232 3437 2456 3504 partem
2495 3443 2777 3504 perpessa
2827 3423 3069 3497 fuerint,
3114 3422 3312 3482 denuo
3366 3418 3514 3498 erigi
3544 3439 3661 3480 non

2018 3516 2573 3594 possunt.Ostendit
2608 3515 2784 3592 igitur
2813 3532 3035 3594 sermo,
3081 3521 3349 3572 naturam
3403 3510 3662 3571 hominis

2017 3622 2149 3665 cum
2186 3606 2511 3684 composita
2534 3604 2979 3675 sit,inclinatam
3005 3602 3243 3682 quidem
3268 3601 3445 3661 fuisse
3468 3618 3500 3659 a
3520 3619 3663 3680 pec—

2018 3694 2492 3769 cato,sedipsam
2523 3693 3226 3772 penitussolvioportere.
3256 3699 3317 3750 ut
3338 3692 3411 3749 ab
3435 3690 3662 3750 artiﬁce

2018 3783 2122 3858 qui
2141 3801 2267 3842 eam
2295 3783 2371 3843 ab
2392 3782 2557 3841 initio
2578 3781 2887 3842 aediﬁcavit
2911 3799 3114 3841 rursus
3146 3788 3662 3859 reparata.statum

2016 3872 2273 3950 accipiat
2306 3869 3142 3949 tutum,indissolubilemque,
3179 3880 3236 3930 et
3266 3868 3498 3928 insidiis
3520 3867 3664 3930 altec

2013 3961 2138 4021 rius
2168 3979 2340 4021 casus
2372 3960 2762 4019 inaccessum.
2780 3960 2891 4021 Dei
2911 3955 3665 4038 agricultura,inquit,Dei

2015 4051 2331 4129 wdiﬁwtio
2354 4047 2587 4111 estis”.
2624 4048 3100 4110 Aﬁdiﬁcationem
3140 4048 3309 4107 istam
3358 4046 3663 4106 concussit

2014 4138 2317 4219 inimicus,
2344 4147 2404 4197 at
2429 4138 2683 4199 fraturas
2714 4138 2773 4197 in
2805 4156 2875 4197 ea
2906 4137 3086 4198 factas
3118 4135 3324 4213 Opifex
3367 4135 3659 4195 instaura-

2015 4228 2226 4291 vit.Sic
2251 4227 2623 4290 necessarius
2660 4227 2901 4307 quidem
2934 4234 3025 4286 est.
3046 4234 3493 4303 casus,propter
3517 4243 3655 4303 pec-

2015 4327 2229 4380 catum:
2257 4318 2359 4378 sed
2386 4337 2595 4396 magna
2628 4327 2717 4378 est
2748 4313 3212 4393 resurrectio,ob
3245 4314 3662 4375 immortalita-

2015 4406 2422 4471 tem.VEas.5.
2444 4408 2873 4469 Vorumtamen
2890 4404 3099 4484 pretia
3124 4420 3324 4465 meum
3348 4405 3662 4481 cogitave-

2014 4656 2181 4723 runt,
2198 4648 2508 4706 ἀκολουθίαν
2542 4647 2830 4710 orationis
2860 4654 3135 4709 constare
3164 4664 3281 4707 non
3311 4662 3506 4726 posse,
3541 4664 3661 4708 cae-

2016 4732 2196 4793 cutiat
2228 4747 2474 4791 necesse
2508 4738 2617 4790 est.
2648 4727 2795 4790 Rem
2822 4736 3045 4807 gratam
3068 4726 3359 4789 facturum
3404 4744 3500 4787 me
3530 4736 3659 4787 stu-

2018 4812 2202 4874 diosis
2235 4808 2639 4889 existimavi,si
2664 4811 2775 4870 hoc
2807 4806 2934 4869 leco
2959 4806 3190 4869 edenda
3221 4822 3495 4889 curarem
3528 4825 3662 4883 quae

2019 4892 2159 4954 olim
2194 4893 2253 4951 in
2290 4895 2443 4950 hunc
2476 4886 2669 4953 locum
2690 4886 3458 4968 annotavitantiquissimus
3480 4886 3658 4947 inter-

2022 4991 2161 5066 pres
2193 4968 2848 5061 EusebiusEjusigitur
2876 4972 3001 5030 inec
3022 4968 3664 5073 sunt,ps&almum.se{a-

2022 5047 2312 5131 gesimum
2349 5047 2623 5131 primumi
2659 5047 3141 5131 interpretantis:
3170 5047 3449 5131 ’Ἒδραμον
3481 5048 3547 5131 ἐν,
3579 5047 3661 5131 8t:-

2023 5128 2111 5211 ᾧει
2143 5136 2238 5200 τὴν
2272 5128 2407 5198 ἐμὴν
2438 5130 2707 5188 ἀπώλειαν
2748 5133 3027 5186 θεάσασθαι
3071 5129 3350 5204 διψῶντες.
3417 5129 3558 5184 Ἀντὶ
3605 5128 3659 5182 δὲ

2021 5205 2135 5289 τοῦ,
2168 5214 2219 5270 ὲν
2280 5211 2439 5287 δίψει,
2502 5212 2556 5266 ἐν
2615 5209 2968 5285 διαψεύσματι
3003 5212 3030 5265 ὁ
3062 5209 3310 5269 Ἀκύλας’
3347 5210 3374 5263 ὁ
3422 5205 3477 5263 δὲ
3520 5209 3660 5285 Σύρ-

2026 5287 2231 5372 μαχος,
2268 5292 2322 5347 ἐν
2357 5293 2645 5366 ψεύσματιο
2679 5290 2786 5357 ἡδὲ
2822 5289 2863 5345 ε’
2891 5288 3117 5369 ἕκδοσις,
3150 5287 3410 5363 ἒνψευδει,
3437 5288 3525 5344 καὶ
3550 5288 3659 5343 πέ-

2024 5368 2289 5451 λινέτέρα
2322 5371 2546 5443 ἔκδοσις,
2581 5371 2633 5424 ἐν
2665 5369 2824 5444 δόλῳ,
2859 5371 3217 5447 ἡρμήνευσαν.
3256 5370 3406 5432 Εἰκὸς
3451 5368 3545 5424 οὗκ
3576 5370 3660 5423 καὶ

2025 5454 2079 5509 ἐν
2109 5461 2176 5530 τῇ
2208 5450 2322 5509 καθ’
2352 5454 2493 5524 ἡμᾶς
2550 5452 2840 5528 ἀναγνώσει
2892 5454 3097 5505 κεῖσθαι
3147 5450 3243 5524 μέν
3288 5450 3541 5526 πρότερον
3574 5450 3655 5521 τὸ,

2024 5535 2078 5590 ἐν
2130 5527 2327 5607 ᾠεύδευ
2382 5532 2472 5587 ’ίνα
2502 5532 2537 5605 ᾗ
2570 5533 2628 5586 τὸ
2660 5527 2967 5607 λεγόμενοψ
3022 5528 3302 5605 ’Ἒδραμον
3342 5528 3395 5583 ὲν
3456 5527 3654 5606 ψεύδει,

2024 5616 2315 5685 τουτέστιν,
2376 5614 2421 5667 οἱ
2475 5612 2656 5690 ἐχθροί
2696 5634 2819 5683 μου,
2877 5612 2964 5667 καὶ
3005 5612 3051 5666 οἱ
3112 5607 3539 5669 ἐπιϐουλεύοντες
3599 5610 3659 5663 οὒ

2027 5696 2118 5752 σὺν
2148 5692 2388 5772 ἀληθείᾳ,
2441 5686 2543 5747 τὸν*
2578 5686 2701 5772 'mf
2732 5689 3092 5772 Epoﬁi6pdp0v
3123 5692 3208 5746 καὶ
3239 5690 3338 5756 τὴν
3365 5686 3484 5772 κατ’
3529 5686 3659 5760 ἐμοῦ

2026 5772 2259 5842 σπουδὴν
2318 5765 2611 5845 ἐποιοῦντο,
2658 5765 2811 5838 ὅλους
2856 5765 2929 5827 δὲ’
2957 5771 3143 5835 αὐτοὺς
3172 5776 3248 5844 τῷ
3279 5765 3451 5840 ψεύδει
3482 5786 3659 5843 παρα-

2024 5855 2223 5921 δόντες·
2281 5852 2498 5933 σφάλμα
2547 5851 2601 5909 δὲ
2648 5852 2900 5933 γραφίκὸν
2949 5850 3221 5931 γεγονέναι
3280 5849 3335 5905 ἐν
3381 5857 3495 5910 τοῖς
3526 5845 3660 5921 μετὰ
