4108 6220
311 322 424 391 477

1445 321 1769 390 HOMILIA
1814 322 1897 387 IN
1940 318 2303 389 PSALMUM
2350 320 2508 389 LXI.

3565 321 3686 388 478

310 463 396 518 καὶ
429 458 579 517 ἄλλοι
614 460 667 516 ἐν
695 459 1014 538 ὑδραγωγῶν
1076 474 1453 535 κατασκευαῖς,
1514 462 1601 517 καὶ
1658 460 1951 539 γυμνασίων

2041 476 2172 520 rum
2198 459 2638 540 gymnasiorum
2658 456 2928 521 insiticio.
2944 454 3048 520 [lle
3066 475 3212 538 opes
3235 473 3373 521 suas
3388 457 3449 519 in
3472 456 3691 521 bestia-

310 549 560 629 μεγάλων
620 548 1080 625 οίιιοδομήμασιν,
1144 552 1203 609 Ὀ
1246 551 1395 609 δεῖνα
1451 550 1505 606 δὲ
1594 551 1685 606 τὸν
1734 551 1959 610 πλοῦτον

308 640 494 696 ἑαυτοῦ
521 641 882 719 θηριομάχοις
929 641 1393 718 προσαναλίσκων,
1429 642 1513 697 καὶ
1542 654 1662 702 ταῖς
1711 642 1957 712 ματαίαις

310 734 415 784 τῶν
444 728 630 804 δήμων
662 742 865 807 φωναῖς
910 729 1373 807 ἐπαγαλλόμενος,
1407 737 1630 809 φυσᾶται
1657 744 1772 795 τοῖς
1801 731 1958 787 ἐπαί-

309 840 441 897 νοις,
489 820 580 874 καὶ
610 818 749 896 μέγα
772 832 981 899 φρονεῖ,
1016 820 1114 887 τὴν
1154 818 1306 885 δόξαν
1348 819 1495 899 ἔχων
1540 819 1593 875 ἐν
1616 825 1682 895 τῇ
1727 821 1958 899 αὶσχόνῃ

309 910 487 964 αὐτουο
551 905 610 971 ὃς
654 928 717 984 γε
760 910 846 964 καὶ
902 908 1162 987 ἔγγραφον
1222 910 1275 965 ἐν
1328 923 1443 973 τοῖς
1503 908 1808 988 περιφανέσι
1865 915 1959 976 τῆς

308 995 515 1060 πολεως
544 997 643 1063 τὴν
675 997 865 1054 ἑαυτοῦ
896 999 1159 1074 ἁμαρτίαν
1191 999 1276 1055 ἐπὶ
1307 1005 1409 1053 τῶν
1470 999 1705 1055 πινάκων
1752 997 1957 1055 δείκνυ-

308 1107 415 1145 σιν.
454 1083 669 1149 ’Ἄλλος
693 1084 778 1141 ἐπὶ
802 1085 1019 1160 πλούτῳ
1086 1086 1205 1166 (86)
1262 1085 1555 1159 δοξάζεται’
1618 1090 1705 1144 καὶ
1770 1086 1955 1168 ἄλλος,

309 1172 395 1231 δτι
427 1175 603 1251 ῥήτωρ
626 1174 735 1232 ἐστὶ
765 1172 937 1238 δεινός
967 1198 1049 1241 τις
1081 1178 1169 1233 καὶ
1199 1175 1437 1257 ἄμαχος,
1480 1176 1517 1244 ἢ
1548 1182 1643 1244 τῆς
1675 1179 1809 1234 κατὰ
1865 1182 1957 1235 τὸν

310 1263 512 1337 κόσμον
580 1264 766 1343 σοφίας
845 1263 1121 1343 ἔμπειρος.
1186 1265 1300 1321 ”Ων
1364 1267 1575 1325 πάντων
1634 1266 1806 1323 ἐλεεῖν
1860 1268 1955 1335 τὴν

313 1351 463 1418 δόξαν
492 1356 756 1431 προσῆκε.
788 1357 1096 1432 μακαρίζειν
1127 1355 1181 1411 δὲ
1242 1357 1364 1418 τοὺς
1423 1358 1514 1412 τὸν
1570 1358 1701 1413 Θεὸν
1754 1359 1956 1414 ἓαυτῶν

314 1440 465 1507 δόξαν
495 1443 865 1518 ποιουμένους.
901 1447 958 1500 Ei
988 1446 1088 1523 γὰρ
1118 1448 1146 1501 ὁ
1200 1443 1349 1502 δεῖνα
1420 1445 1557 1523 μέγα
1614 1460 1822 1525 φρονεῖ,
1876 1448 1955 1503 ὅτι

314 1530 496 1595 δοῦλός
539 1533 653 1588 ἑστι
691 1531 981 1613 βασιλέως,
1014 1535 1357 1610 τιμώμενως,
1394 1535 1519 1612 παρ’
1549 1534 1707 1595 αὖτοῦ
1735 1539 1801 1592 τὰ
1851 1559 1953 1612 με-

315 1622 473 1699 γάλω
508 1624 675 1680 πόσον
718 1645 799 1678 σοι
857 1629 1129 1700 προσῆκεν
1179 1625 1264 1682 ἐπὶ
1321 1633 1497 1700 σαυτῷ
1545 1626 1952 1705 μεγαλῦνεσθαι,

314 1712 392 1767 ὅτι
424 1710 607 1775 δοῦλος
638 1712 694 1768 εἴ
725 1720 817 1769 τοῦ
845 1713 1083 1791 μεγάλου
1115 1714 1406 1788 Βασιλέως,
1445 1715 1795 1793 προσκληθεὶς
1829 1715 1954 1794 παρ’

2040 548 2163 610 rios
2185 549 2583 629 insumens,et
2609 549 2766 609 vanis
2789 547 3140 628 populorum
3160 546 3687 613 acclamationibus

2042 638 2653 710 exsultausJaudibus
2670 638 3012 711 inﬂatur,ac
3037 638 3352 717 magniﬁce
3371 637 3445 700 de
3466 654 3686 700 sesen-

2041 727 2112 787 tit
2129 738 2272 799 tum,
2301 747 2437 792 cum
2454 728 2697 807 gloriam
2723 726 2781 788 in
2799 745 2905 788 sua
2939 727 3303 806 turpitudine
3319 727 3569 789 collocat
3589 728 3682 791 37:

2044 821 2145 895 qui
2176 817 2349 878 etiam
2374 823 2432 879 in
2449 816 2970 896 patentibusurbis
3000 815 3147 878 locis
3178 834 3347 878 suum
3379 826 3685 898 peccatum

2045 903 2258 966 tabulis
2281 906 2629 985 inscriptum
2664 913 2935 967 ostentat.
2969 903 3228 966 Eﬂertur
3254 906 3402 970 alius
3424 910 3498 971 ob
3530 911 3685 973 divi-

2043 993 2176 1057 tias:
2197 995 2369 1068 alius,
2397 996 2556 1076 quod
2581 997 2790 1057 rhetor
2820 995 2895 1056 sit
2925 994 3194 1076 callidus,
3222 1003 3280 1057 et
3301 998 3681 1077 invincibilis,

2039 1091 2138 1143 aut
2169 1085 2486 1146 mundanae
2519 1084 2827 1165 sapientiae
2860 1084 3379 1165 peritus.Quorum
3415 1089 3684 1151 omnium

2039 1171 2249 1248 gloria:
2273 1174 2542 1236 misereri
2568 1193 2675 1255 par
2695 1174 2959 1254 fuerit,et
2986 1173 3192 1235 beatos
3214 1177 3540 1255 praedicare
3559 1198 3683 1262 eos,

2040 1262 2138 1341 qui
2164 1265 2350 1325 Deum
2384 1284 2551 1325 suam
2586 1265 2851 1345 ipsorum
2880 1263 3133 1341 gloriam
3158 1269 3547 1331 constituunt.
3580 1268 3686 1332 Et-

2040 1352 2198 1413 enim
2223 1354 2269 1414 si
2290 1356 2424 1434 quis
2448 1372 2579 1416 sese
2608 1372 2968 1433 magnopere
2983 1352 3359 1432 jactat,quod
3385 1377 3592 1421 servus
3612 1360 3688 1421 sit

2038 1440 2197 1518 regis
2217 1446 2466 1522 atquein
2489 1462 2697 1521 magno
2736 1443 2962 1504 honore
2993 1443 3147 1523 apud
3177 1462 3311 1505 eum
3348 1446 3683 1512 habeatur:

2041 1540 2320 1608 quantum
2354 1531 2629 1592 convenit
2658 1532 2898 1611 gloriari
2959 1540 3015 1592 te
3070 1533 3225 1612 apud
3281 1536 3687 1617 temetipsum,

2040 1620 2200 1698 quod
2222 1620 2395 1697 Regis
2420 1621 2613 1700 magni
2634 1640 2836 1683 servus
2858 1639 2942 1684 es.
2961 1620 3034 1682 ab
3052 1620 3179 1701 ipso
3194 1624 3414 1686 accitus
3430 1626 3501 1687 ad
3515 1644 3682 1688 sum-

2044 1727 2197 1769 mam
2218 1709 2698 1790 familiaritatem,
2731 1711 3147 1789 promissionis
3171 1710 3398 1792 Spiritu
3415 1724 3681 1797 accepto:

312 1802 471 1858 αὒτοῦ
500 1804 572 1866 εἷς
595 1804 693 1869 τὴν
727 1801 888 1881 ἄκραν
917 1804 1201 1881 οἰκείωσιν,
1237 1803 1413 1861 λαϐὼν
1478 1808 1539 1861 τὸ
1584 1811 1796 1881 Πνεῦμα
1854 1808 1951 1874 τῆς

2040 1808 2099 1858 ιιι
2116 1800 2174 1858 in
2196 1799 2322 1878 ipso
2339 1800 3009 1891 obsignatus,ﬁDeiﬁlius
3029 1801 3469 1865 efﬁriare?Cum
3488 1815 3682 1867 autem

309 1891 654 1967 ἱπαγγελίας,
689 1891 825 1948 ὥστε
860 1896 1191 1970 σφραγισθεὶς
1249 1895 1301 1950 ὲν
1365 1894 1507 1968 άῦτῷ
1568 1896 1677 1954 uti):
1728 1895 1948 1952 ἀποδει-

2038 1888 2285 1950 sincerae
2310 1889 2369 1950 in
2388 1889 2574 1950 Deum
2601 1890 2728 1969 spei
2748 1890 3059 1951 utilitatem
3084 1891 3144 1951 in
3167 1891 3486 1973 semetipso
3504 1913 3685 1974 agno-

308 1984 507 2059 χθῆναι
533 1987 691 2053 Θεοῦ;
718 1978 805 2038 Ἐν
829 1981 998 2056 ἐαυτῷ
1021 1981 1075 2038 δὲ
1092 1985 1244 2060 γνοὺς
1267 1984 1392 2062 (87)
1414 1987 1474 2040 τὸ
1491 1984 1677 2051 ὄφελος
1701 1992 1801 2052 τῆς
1824 2009 1950 2064 γνη-

307 2071 419 2134 σίας
450 2070 535 2126 ἐπὶ
568 2072 696 2127 Θεὸν
730 2070 960 2146 ἐλπίδος,
996 2073 1080 2129 ἐπὶ
1109 2076 1201 2129 τὸν
1234 2074 1353 2130 ἴσον
1374 2075 1559 2134 ἑαυτοῦ
1587 2074 1748 2147 ζῆλον
1772 2099 1949 2156 παρα-

307 2158 466 2215 καλεῖ
510 2162 599 2217 τὸν
625 2158 776 2233 λαὸν,
812 2159 1003 2239 λέγων’
1076 2161 1358 2219 Ἐλπίσατε
1422 2163 1506 2219 ἐπ’
1581 2166 1759 2245 αὐτὸν,
1807 2173 1952 2223 πᾶσα

307 2250 595 2327 συναγωγή
654 2248 819 2323 λαῶν,
888 2250 1119 2326 ἐκψὲατε
1174 2252 1299 2332 (88)
1356 2254 1586 2309 ὶνώπιον
1645 2255 1800 2310 αὐτοῦ
1856 2257 1950 2321 τὰς

306 2336 518 2410 καρδίας
550 2341 719 2412 ὑμῶν,
766 2337 1084 2419 Ἀμάχανόν
1116 2340 1229 2397 ἐστι
1265 2344 1601 2421 γνωρητιγοὺς
1630 2344 1778 2416 ὴμῆς
1809 2346 1953 2422 γενέο

310 2430 429 2483 σθαι
458 2433 557 2493 τῆς
588 2429 727 2491 θείας
760 2432 984 2508 χάριτος
1030 2432 1105 2504 μὴ
1135 2432 1200 2486 τὰ
1254 2432 1359 2487 ἀπὸ
1390 2434 1575 2495 κακίας
1630 2434 1770 2499 πάθη
1810 2457 1950 2510 προ-

308 2520 651 2597 κατασχόντα
709 2522 802 2580 τὰς
876 2522 1057 2599 ψυχὰς
1145 2523 1300 2595 ἡμῶν
1362 2520 1728 2587 ἐξελάσαντας.
1794 2524 1952 2582 Εἶδον

306 2608 513 2685 ἰατροὺς
547 2608 654 2685 ἐγὼ
683 2610 759 2682 μὴ
789 2630 1041 2686 προτερον
1085 2607 1317 2673 διδόντας
1372 2612 1437 2666 τα
1509 2614 1745 2690 σωτήρια
1816 2615 1954 2692 φᾶρ-

308 2700 625 2777 μακα,πρὶν
656 2698 867 2772 ἐμετοῖς
902 2699 1238 2755 ἆποκενῶσαι
1290 2702 1387 2767 τὴν
1448 2703 1726 2758 νοσοποιὸν
1796 2702 1950 2778 ὕλην,

308 2789 373 2853 ἣν
418 2787 478 2843 ἐκ
505 2794 741 2865 πονηρᾶς
801 2786 1004 2855 διαίτης
1064 2790 1277 2853 ἑαυτοῖς
1347 2793 1393 2846 οἱ
1455 2790 1741 2848 ἀκόλαστοι
1787 2792 1953 2851 ἐναπ-

308 2876 505 2935 έθεντο.
566 2877 730 2933 Ἀλλὰ
786 2879 874 2934 καί
962 2877 1187 2955 ἀγγεῖον
1262 2879 1795 2958 προκατειλημμένον
1854 2881 1955 2939 ὑπό

306 2989 447 3030 τινος
478 2964 738 3030 δυσώδους
794 2968 943 3047 ὁγοῦ,
996 2968 1073 3040 μὴ
1133 2967 1440 3044 ἐκπλδνθὲν,
1496 2971 1556 3026 οὗ
1612 2970 1689 3044 μὴ
1744 2968 1953 3038 δέξηται

308 3064 395 3114 τοῦ
438 3056 603 3136 μύρου
654 3057 752 3125 τὴν
802 3055 1070 3134 ἐπιῤῥοήν,
1145 3067 1243 3115 Δεῖ
1313 3060 1482 3115 τοίνυν
1541 3059 1831 3139 ἐκχυθῆναι
1887 3063 1954 3119 τὰ

303 3121 740 3226 προϋπάρχοντα,
802 3121 930 3202 ’ίναη
966 3121 1162 3214 δυνηθῆ
1218 3152 1533 3227 χωρηθῆναι
1598 3121 1667 3205 ἑὲ
1743 3121 2009 3229 ἱεπαγό-ιιῖ

303 3258 457 3307 μενα.
498 3237 647 3304 Πλὴν
677 3236 890 3311 μάταιοι
935 3240 981 3293 οἱ
1013 3239 1109 3293 νίοι
1142 3244 1249 3293 τῶν
1306 3239 1616 3317 ἀνθρώπων.
1671 3238 1797 3297 Εἵδε
1869 3242 1946 3316 μὴ

304 3322 503 3389 πάντας
525 3325 936 3389 ἀκολουθοῦντας
988 3330 1144 3383 αὒνοῦ
1196 3329 1273 3400 τῷ
1320 3328 1731 3406 παραγγέλματι
1791 3328 1941 3408 (89),

303 3414 441 3490 μηδὲ
489 3412 949 3495 καταδεχομένους
1007 3414 1233 3481 ἐλπίξειν
1291 3416 1374 3472 ἐπὶ
1447 3420 1540 3476 τὸν
1606 3423 1759 3491 Θεὸν,
1816 3419 1939 3495 ἀλλ,

302 3505 532 3586 ἔχοντας
586 3507 686 3573 τὴν
744 3502 928 3561 ἐλπίδα
987 3507 1075 3561 επὶ
1136 3506 1202 3562 τὰ
1260 3507 1461 3581 μάταια
1507 3515 1600 3565 τοῦ
1654 3509 1789 3584 βίου.
1859 3510 1955 3565 Διὰ

304 3596 459 3652 τοῦτό
520 3617 673 3675 φησι.
738 3593 882 3663 Πλὴν
942 3596 1157 3671 μάταιοι
1230 3597 1278 3652 οἱ
1341 3598 1436 3653 νίοί
1483 3604 1586 3654 τῶν
1643 3597 1953 3677 ἀνθρώπων,

304 3685 519 3760 ψευδεῖς
571 3689 616 3742 οἱ
687 3686 785 3742 νὶοὶ
844 3685 949 3740 τῶν
1018 3685 1326 3763 ἀνθρώπων,
1422 3688 1521 3744 Διὰ
1576 3690 1626 3743 τὶ
1686 3688 1952 3765 ptimum;

305 3776 527 3845 Ἐπειδὴ
613 3776 851 3852 ψευδεῖς.
935 3783 1043 3836 Ποῦ
1099 3777 1333 3853 μάλιστα
1418 3779 1589 3835 αὐτῶν
1648 3782 1704 3837 τὸ
1764 3779 1953 3854 ψεῦδος

304 3867 591 3947 ἐλέγχεται
632 3886 647 3947 ;
707 3866 800 3924 Ἐν
847 3874 1055 3945 ζυγοῖς,
1087 3869 1239 3945 φησί,
1300 3878 1392 3927 τοῦ
1440 3866 1712 3935 ἀδικῆσαι,
1772 3871 1952 3935 Ποίοις

304 3960 433 4038 φησὶ
473 3965 681 4035 ζυγοῖς
741 3958 829 4025 Μὴ
881 3958 980 4034 γὰρ
1038 3957 1232 4022 πάντες
1286 3956 1551 4036 ἅνθρωποι
1596 3966 1950 4037 ζυγοστατοῦ-

305 4072 354 4104 σι
385 4068 401 4123 ;
434 4048 511 4122 μὴ
534 4047 726 4111 πάντες
748 4046 1061 4124 ἒριοπῶλαι,
1096 4047 1131 4114 ἢ
1164 4046 1301 4110 ὅλως
1336 4050 1453 4123 περὶ
1474 4049 1667 4111 ταύτας
1706 4050 1797 4113 τὰς
1824 4047 1949 4113 ὕλας

299 4138 336 4205 ἢ
368 4138 590 4214 ἄργυρον
623 4134 966 4209 διατίθενται,
1001 4135 1035 4201 ἢ
1071 4133 1209 4200 ὅλως
1276 4138 1393 4214 περὶ
1424 4138 1615 4202 ταύτας
1682 4138 1775 4202 τὰς
1824 4137 1948 4204 ὕλας

298 4229 399 4295 τὴν
442 4224 674 4293 σπουδὴν
704 4225 944 4305 ἔχουσιν,
991 4225 1052 4288 ἃς
1078 4233 1261 4304 ζυγοῖς
1322 4228 1409 4283 καὶ
1460 4231 1717 4301 σταθμοῖς
1771 4229 1943 4305 πεφύ-

299 4339 454 4373 κασιν
503 4318 549 4372 οἱ
607 4314 830 4394 ἔμποροι
890 4312 1224 4393 διαμείϐειν;
1275 4313 1450 4372 Ἀλλὰ
1507 4315 1643 4372 πολὺ
1729 4316 1827 4392 μὲν
1882 4319 1942 4373 τὸ

1422 3688 1521 3744 Διὰ
1576 3690 1626 3743 τὶ
1686 3688 1950 3763 μάταιοι;

2031 1988 2224 2039 sceret
2246 1978 2854 2059 Pr0pheta,populum
2883 1980 2954 2040 ad
2979 1998 3180 2059 parem
3206 1999 3409 2043 secum
3434 1985 3681 2046 aemula-

2032 2067 2252 2129 tionem
2274 2069 2477 2131 invitat
2498 2069 2708 2130 dicens
2729 2088 2742 2103 ο
2770 2070 2945 2131 Vnus.
2970 2070 3685 2153 9.8perateineo,omnis

2029 2160 2371 2229 congregatio
2385 2160 2726 2231 populorum,
2762 2160 2869 2230 eﬂ'u
2884 2158 3033 2214 adite
3059 2176 3238 2215 coram
3276 2161 3371 2219 illo
3397 2162 3563 2221 corda
3591 2176 3683 2221 ob

2032 2256 2179 2310 atra.
2218 2248 2372 2309 Fieri
2409 2266 2527 2310 non
2566 2254 2775 2328 potest,
2821 2255 2887 2309 ut
2916 2248 3131 2310 divinae
3178 2251 3386 2327 gratia:
3438 2270 3687 2333 capaces

2035 2338 2501 2411 reddamur,nisi
2524 2338 2762 2399 malitiae
2778 2338 3289 2420 atl'ectiones,quaa
3306 2342 3537 2404 animas
3568 2362 3683 2405 no-

2036 2434 2188 2487 stras
2207 2438 2664 2506 occupaverant.
2702 2426 3127 2507 expulerimus.
3161 2427 3309 2490 Novi
3352 2448 3464 2507 ego
3499 2432 3686 2493 medi-

2039 2516 2403 2595 cos,quinon
2426 2516 2589 2597 prius
2600 2516 2878 2577 saiutaria
2891 2516 3327 2579 medicamenta
3347 2519 3676 2596 trabebaut,

2038 2617 2211 2678 quam
2240 2612 2544 2667 materiam
2582 2604 2917 2666 morbidam
2951 2623 3056 2685 per
3076 2608 3364 2669 vomitum
3398 2627 3680 2672 evacuas-

2039 2702 2194 2756 sent.
2227 2713 2403 2774 quam
2435 2695 3007 2776 intemperantesilli
3037 2713 3111 2757 ex
3144 2696 3301 2758 malo
3354 2697 3509 2760 victu
3566 2697 3679 2761 sibi

2039 2798 2417 2862 pepererant.
2443 2785 2558 2847 Sed
2584 2794 2640 2846 et
2668 2784 2729 2845 in
2758 2802 2851 2844 vas
2873 2802 3045 2863 grave
3061 2785 3231 2846 ‘ilenti
3260 2788 3541 2867 quopiam
3602 2787 3678 2849 li-

2036 2890 2219 2951 quore
2240 2872 2680 2947 imbutum,nisi
2697 2875 2872 2935 luerit
2894 2874 3138 2949 elotum,
3168 2883 3536 2955 unguentum
3558 2895 3679 2939 non

2034 2961 2383 3024 infunditur.
2438 2963 2520 3025 Ea
2567 2982 2705 3041 ergo
2738 2982 2869 3044 quae
2924 2962 3088 3043 prius
3140 2965 3398 3040 inerant,
3455 2965 3680 3028 effundi

1990 3114 2009 3131 η
2035 3058 2290 3129 Oportet.
2316 3062 2381 3115 ut
2404 3071 2535 3133 quae
2556 3054 2977 3127 immittuntur,
3005 3052 3194 3134 recipi
3223 3056 3446 3134 possint
3486 3059 3676 3121 VERS.

2038 3145 2136 3204 10.
2174 3142 2599 3205 Verumtamen
2630 3145 2776 3204 vani
2804 3143 2925 3223 ﬁlii
2945 3142 3281 3205 hominum.
3328 3143 3501 3206 Novit
3560 3164 3679 3208 non

2033 3250 2241 3294 omnes
2262 3251 2432 3293 suum
2454 3241 2618 3314 sequi
2648 3234 2970 3309 monitum,
2998 3252 3192 3313 neque
3214 3253 3378 3314 spem
3403 3234 3462 3296 in
3487 3235 3674 3297 Deum

2030 3329 2363 3403 suscipere,
2386 3322 2491 3385 sed
2514 3343 2680 3404 spem
2710 3341 3003 3403 reponere
3025 3322 3085 3384 in
3109 3323 3287 3404 hujus
3310 3326 3443 3386 vita;
3465 3326 3678 3388 vanita-

2031 3411 2445 3475 tibustcin-o
2468 3414 2578 3474 ait:
2616 3411 3037 3475 Verumtamen
3058 3417 3202 3475 vani
3210 3414 3328 3491 ﬁlii
3344 3416 3675 3495 hominum,

2040 3502 2492 3581 mendacesﬁlt’i
2509 3501 2823 3564 hominum
2838 3553 2851 3567 .
2871 3504 2991 3565 Cur
3006 3502 3321 3575 vani?Quia
3334 3505 3679 3567 mendaces.

2036 3588 2143 3653 Ubi
2155 3611 2287 3653 nam
2303 3592 2553 3652 maxime
2566 3592 2938 3654 mendacium
2953 3612 3157 3655 eorum
3173 3593 3679 3673 deprehenditur?

2036 3679 2109 3741 1η
2124 3682 2611 3761 stateris,inquit,
2629 3682 2707 3743 ad
2717 3684 3136 3759 fraudandum
3155 3683 3363 3762 factis.
3381 3683 3677 3767 Dequali-

2036 3768 2147 3830 bus
2170 3770 2402 3831 stateris
2428 3770 2684 3850 loquitur
2714 3777 2741 3832 ?
2781 3770 3058 3851 Nunquid
3096 3774 3254 3835 enim
3301 3794 3509 3836 omnes
3546 3775 3678 3836 197

2037 3861 2311 3922 homines
2334 3870 2577 3923 utuntur
2598 3860 2865 3923 stateris?
2896 3882 3034 3923 num
3062 3882 3270 3924 omnes
3302 3862 3450 3924 lanae
3476 3863 3681 3925 vendi-

2035 3957 2196 4011 tores
2218 3958 2378 4031 sunt,
2401 3958 2500 4009 aut
2519 3950 2862 4032 macellarii;
2892 3959 2989 4012 aut
3010 3971 3217 4013 aurum
3247 3962 3346 4013 aut
3365 3961 3675 4031 argentum

2034 4047 2308 4114 tractant,
2374 4050 2476 4101 aut
2509 4040 2756 4100 omnino
2790 4040 2846 4101 in
2883 4041 3047 4102 hisce
3074 4041 3336 4102 materiis
3353 4059 3596 4120 cperam
3621 4048 3680 4102 et

2035 4130 2292 4190 studium
2330 4138 2576 4209 ponunt,
2610 4147 2757 4210 quas
2790 4140 3149 4193 mercatores
3177 4150 3310 4191 cum
3344 4130 3576 4192 stateris
3608 4149 3678 4192 ac

2032 4218 2401 4300 ponderibus
2426 4220 2619 4281 solent
2666 4220 3020 4282 divendere?
3052 4220 3230 4300 Atqui
3290 4220 3475 4281 multa
3536 4230 3676 4281 sunt

2026 4326 2245 4388 genera
2277 4308 2709 4388 operariorum,
2745 4310 2941 4388 quiad
2999 4327 3212 4389 operas
3256 4328 3393 4370 suas
3444 4310 3677 4372 stateris

296 4413 403 4463 τῶν
446 4406 718 4483 βαναύσων
749 4404 925 4483 γένος,
957 4410 1126 4481 ζυγῶν
1184 4402 1330 4461 οὐδὲν
1392 4408 1464 4469 εἰς
1548 4407 1643 4474 τὴν
1694 4405 1939 4484 ἐργασίαν

2038 4398 2171 4460 nihil
2206 4416 2353 4477 opus
2378 4396 2619 4459 habent.
2658 4397 2821 4458 Multi
2846 4399 3006 4459 enim
3039 4399 3343 4460 nauticam
3392 4408 3675 4462 exercent

298 4500 470 4555 αὐτῶν
500 4493 884 4571 προσδεόμενον
917 4492 1065 4572 (90)⁸
1098 4492 1287 4552 πολλοὶ
1315 4493 1371 4551 δὲ
1404 4498 1450 4551 οἱ
1509 4494 1933 4572 ναυτιλλόμενοι,

2038 4496 2236 4563 trtem;
2270 4486 2437 4549 multi
2475 4493 2648 4547 etiam
2684 4488 2843 4550 circa
2878 4488 3070 4550 forum
3099 4497 3159 4550 et
3180 4491 3554 4567 magistratus
3575 4508 3673 4551 oc-

298 4584 485 4642 πολλοῖ
510 4582 564 4641 δὲ
594 4588 639 4640 οἱ
682 4584 893 4662 περὶτὰ
924 4582 1238 4663 δικαστήρια
1278 4586 1366 4641 καὶ
1408 4587 1469 4642 τὸ
1535 4585 1723 4665 ἄρχειν
1778 4606 1941 4664 στρε-

2038 4586 2345 4659 cupantur,
2376 4576 2531 4657 apud
2571 4595 2719 4656 quos
2742 4578 2982 4658 quidem
3006 4589 3097 4641 est
3127 4578 3529 4659 mendacium,
3562 4596 3673 4641 nec

296 4675 544 4753 φόμενοι,
586 4673 712 4753 παρ’
743 4677 827 4735 οἷς
859 4672 955 4749 μὲν
976 4675 1037 4729 τὸ
1068 4671 1257 4749 ψεῦδός
1306 4674 1473 4754 ἐστιν,
1520 4677 1547 4730 ὁ
1601 4674 1654 4730 δὲ
1705 4672 1787 4731 διὰ
1835 4675 1946 4731 τῶν

2038 4677 2223 4731 tamen
2248 4686 2353 4749 per
2377 4676 2631 4728 stateras
2668 4669 2839 4730 dolus
2863 4669 3189 4749 perﬁcitur.
3225 4668 3372 4740 Quid
3392 4668 3566 4747 igitur
3587 4676 3677 4729 est

296 4770 465 4842 ζυγῶν
494 4762 645 4826 δόλος
675 4767 767 4823 οὒκ
797 4761 1186 4824 ἐπιτηδεύεται.
1232 4764 1294 4821 Τί
1352 4764 1439 4820 οὖν
1468 4764 1609 4821 ἐστιν
1670 4764 1697 4819 ὃ
1745 4762 1892 4843 λέγει
1927 4780 1945 4839 ;

2038 4758 2190 4840 quod
2207 4756 2545 4829 dicitiQuod
2560 4758 2617 4818 in
2631 4774 2989 4840 unoquoque
3004 4769 3269 4821 nostrum
3286 4761 3441 4819 intus
3455 4764 3675 4820 statera

298 4851 433 4922 ”οτι
467 4852 692 4911 ἑκάστου
720 4842 879 4930 ἡμῶν
905 4851 1035 4932 (91)
1069 4852 1121 4909 ὲν
1151 4857 1228 4926 τῷ
1273 4860 1489 4931 κρυπτῷ
1535 4854 1687 4933 ζυγὸς
1716 4875 1798 4919 τις
1826 4842 1950 4910 ἐστὶ

2038 4848 2299 4931 quaedam
2330 4866 2363 4909 a
2393 4858 2593 4910 nostro
2620 4848 2941 4911 Conditore
2971 4856 3309 4911 constructa
3350 4847 3448 4927 sit,
3470 4847 3527 4908 in
3556 4865 3673 4929 qua

374 5013 437 5064 ετ
475 5011 726 5093 Philipp.
766 5030 850 5077 ιιι.
888 5014 984 5077 19.

380 5172 516 5253 (86)
545 5174 691 5252 Reg.
730 5174 1031 5236 secundus
1061 5176 1116 5231 ἐν
1143 5172 1378 5249 πλούτῳ.

381 5252 503 5327 (87)
536 5252 724 5315 Editio
758 5254 939 5316 Basil.
976 5264 1033 5316 et
1056 5273 1159 5316 sex
1192 5273 1337 5315 mss.
1376 5254 1463 5313 Ἐν
1520 5256 1692 5331 ἑαυτῷ
1763 5257 1940 5333 γνούς.

296 5335 376 5469 ἐλι
402 5334 584 5458 editio
620 5336 805 5397 Paris.
841 5344 900 5397 et
929 5335 1073 5415 Reg.
1108 5343 1309 5397 sextus
1339 5336 1619 5399 secundis
1671 5338 1831 5398 curis
1887 5336 1944 5392 tv

330 5438 470 5469 ‘1'th
502 5434 575 5469 Ο..-

330 5438 680 5577 ιίὲξξίέιίὶιὶ
715 5506 772 5556 et
794 5513 932 5555 mss.
965 5495 1460 5577 θιίίιυοιὲκχέατέ.
1495 5496 1609 5557 Alii
1636 5504 1756 5577 tres
1788 5514 1930 5559 mss.

2110 5172 2244 5254 (89)
2275 5169 2513 5252 Legitur
2533 5171 2594 5233 in
2618 5173 2842 5234 Cateua
2889 5166 3135 5233 Corder.
3184 5170 3340 5228 αὐτοῦ
3383 5174 3459 5243 τῷ
3502 5170 3670 5249 κηρύ-

2264 5336 2411 5414 Reg.
2440 5339 2682 5413 quartus
2727 5330 3150 5414 προσδεομένῳν.
3193 5329 3287 5392 Ad
3343 5329 3666 5414 marginem

2030 5432 2166 5474 vero
2202 5410 2526 5492 Regfseiti
2559 5419 2841 5493 scriptum
2903 5411 3199 5472 invenitur
3263 5410 3661 5493 προσδεόμενοι.

2020 5495 2225 5557 Statim
2262 5491 2403 5572 Reg.
2430 5491 2837 5569 quartus—cum
2878 5493 3043 5555 Golb.
3086 5499 3292 5567 quarto
3353 5491 3667 5572 δικαστήρια

292 5575 537 5655 ἐκχέετε.
568 5575 791 5637 [bidem
829 5586 1027 5657 nostra
1058 5571 1239 5657 editio
1268 5571 1471 5657 Paris.
1492 5576 1771 5657 ἀμήχανόν
1824 5577 1932 5634 ἐστι

2038 5578 2105 5657 tati.
2134 5578 2198 5632 τὰ
2228 5571 2449 5655 ἀρχεῖα.
2486 5574 2642 5637 Editi
2669 5590 2809 5635 sero
2839 5592 2973 5634 cum
3006 5573 3205 5632 multis
3238 5590 3382 5634 mss.
3457 5572 3546 5628 ut
3601 5571 3663 5626 τὸ

289 5659 354 5712 τὸ
385 5654 719 5734 χωρητικοὺς
751 5655 1110 5732 ὒμᾶς.Εάίίίο
1139 5672 1277 5717 vero
1322 5656 1499 5718 Basil.
1535 5654 1669 5720 cum
1732 5656 1933 5718 multis

2038 5654 2227 5735 ἱρχειν.

294 5753 439 5797 mss.
474 5743 537 5797 ut
564 5735 626 5797 in
656 5744 961 5799 contextu.

2097 5731 2223 5813 (91)
2253 5732 2577 5798 Coldertini
2608 5744 2854 5815 quartus
2884 5740 2941 5795 et
2970 5734 3216 5814 quintus
3238 5732 3448 5804 ἑκάστῳ
3482 5731 3662 5804 ἡμῶν.
