4108 6220
335 282 452 347 529
1442 278 1839 341 ADVERSUS
1882 276 2293 339 EUNOMIUM
2340 280 2484 340 LIB.
2535 281 2581 339 Ι.
3578 281 3696 343 530

328 418 473 494 Ἐγώ
517 420 650 495 εἰμι,
708 418 796 472 καὶ
868 418 963 473 οὒκ
1017 414 1346 495 ἠλλοίωμαι,
1398 416 1461 471 τὸ
1508 414 1588 469 ἀεὶ
1643 413 1832 468 ταύτὸν
1888 408 1971 463 καὶ

2060 408 2331 495 audimus
2362 410 2519 490 quod
2553 412 2763 473 Posuit
2785 410 3055 473 tenebras
3078 412 3401 474 latibulum
3421 431 3598 475 suum
3612 412 3687 494 α,

330 503 589 584 ἄτρεπτον
636 494 765 573 ίτῆς
839 504 979 568 θείας
1036 506 1212 567 οὐσίας
1286 494 1641 579 μανθάνομεν,
1721 504 1835 566 Πῶς
1884 500 1971 554 οῦν

2060 494 2370 559 invisibilis
2386 505 2611 561 natura;
2631 501 2758 575 ejus
2783 498 3354 564 admonemur.Cum
3381 519 3697 563 rursusau-

331 597 452 675 οὐχὶ
483 595 644 668 μανία
676 594 872 673 σαφὴς,
924 594 1002 667 μὴ
1034 591 1172 649 ἴδιον
1201 592 1601 669 σημαινόμενον
1632 592 1838 664 ἑκάστῳ
1867 588 1971 645 τῶν

2060 585 2251 648 dimus
2273 587 2333 649 id
2353 588 2513 666 quod
2539 589 2599 649 in
2630 606 2887 669 persona
2917 588 3024 651 Dei
3056 588 3294 652 dicitur:
3321 591 3447 671 Ego
3474 600 3697 671 sum,et

330 681 607 759 ὀνομάτων
683 679 1073 750 ὑποϐεϐλῆσθαι
1154 682 1354 762 λέγειν,
1429 682 1589 762 ἀλλὰ,
1677 681 1818 757 παρά
1872 679 1971 746 τὴν

329 774 595 851 ἐνέργειαν
628 769 779 850 (53),
830 772 999 828 πάντα
1045 772 1235 828 ταυτὸν
1276 767 1527 830 δύνασθαι
1587 770 1842 841 ἀλληλοις
1887 768 1969 825 δι-

330 862 585 939 ορίζεσθαι
615 862 682 917 τὰ
711 860 949 935 ὀνόματα
989 878 1006 935 ;
1063 859 1313 917 ’Ἔπειτα
1356 860 1446 916 ἐὰν
1475 861 1561 917 καὶ
1592 858 1766 935 δῶμεν
1784 860 1970 933 τοῦτο,

331 949 438 1007 οὐδ’
484 948 623 1007 οὕτω
652 948 813 1006 πλέον
845 951 1028 1012 αὐτοῖς
1062 946 1176 1004 οῦδὲ
1207 950 1281 1011 εἰς
1311 950 1400 1005 τὸν
1432 950 1629 1005 σκοπὸν
1674 946 1966 1025 περιέσται.

333 1042 392 1097 Ei
422 1040 522 1117 γάρ
575 1039 748 1098 πάντα
808 1044 994 1111 ταῦτα,
1055 1037 1142 1093 ἰπὶ
1172 1045 1268 1095 τοῦ
1304 1044 1433 1095 Θεοῦ
1464 1039 1552 1094 καὶ
1580 1039 1783 1115 Πατρὸς
1825 1036 1971 1109 λαμ-

327 1125 617 1203 ϐανόμενα,
664 1128 764 1186 τὴν
794 1128 972 1183 οὖσίαν
1006 1126 1160 1184 αὐτοῦ
1190 1128 1463 1206 σημαίνει,
1509 1128 1570 1183 τὸ
1619 1124 1970 1182 ἀναλλοίωτον

328 1216 494 1296 λέγω,
552 1221 639 1272 καὶ
684 1219 743 1272 τὸ
785 1216 1034 1294 ἀόρατον,
1096 1217 1182 1271 καὶ
1240 1218 1301 1271 τὸ
1359 1216 1641 1294 ἄφθαρτον,
1691 1212 1974 1292 παραπλη-

329 1307 455 1370 σίως
527 1304 773 1373 δηλονότι
832 1307 917 1361 καὶ
986 1305 1070 1361 ἐπὶ
1149 1312 1240 1361 τοῦ
1317 1312 1636 1383 μονογενοῦς
1692 1306 1813 1361 Υἱοῦ
1879 1301 1972 1358 τοῦ

331 1401 462 1451 Θεοῦ
522 1394 676 1475 (54),
729 1395 904 1456 οῦσίας
978 1393 1122 1449 ἔσται
1181 1392 1473 1460 δηλωτικὰ
1534 1393 1787 1470 Ἀόρατον
1844 1393 1966 1469 γὰρ,

327 1486 416 1541 καὶ
472 1483 848 1557 ἀναλλοίωτον,
910 1485 997 1539 καὶ
1041 1481 1322 1561 ἄφθαρτον,
1384 1484 1470 1539 καὶ
1514 1482 1710 1561 ἀμερῆ,
1760 1482 1849 1537 καὶ
1906 1480 1972 1537 τὰ

326 1581 544 1630 τοιαῦτα
598 1575 796 1647 πάντα,
858 1575 946 1629 καὶ
993 1574 1077 1628 τὸν
1124 1572 1389 1650 μονογενῆ
1438 1574 1556 1628 ἰ’ῖὸν
1615 1574 1967 1644 ὀνομάζομεν.

2052 694 2171 739 non
2194 677 2833 758 mutoﬂ-"gperpetuam
2856 676 3242 740 idenditatem
3269 697 3338 740 ac
3360 680 3699 741 immutabi-

2056 764 2281 827 litatem
2295 766 3698 847 substantiaedivinaaintelligimus.Nonneigitur

2058 855 2365 917 manifesta
2395 864 2485 918 est
2511 856 2824 931 insania,si
2857 854 3019 917 dicas
3052 855 3358 937 proprium
3392 858 3692 936 signiﬁca-

2056 952 2178 1005 tum
2213 945 2534 1027 unicuique
2567 946 2792 1007 nomini
2824 943 3159 1021 subjectum
3197 964 3314 1006 non
3346 963 3479 1007 esse
3511 944 3536 1007 ἳ
3589 948 3693 1008 sed

2056 1042 2261 1095 contra
2275 1033 3049 1109 verborumvim,decernas
3064 1037 3305 1096 nomina
3322 1035 3692 1096 omniaidem

2056 1123 2215 1185 inter
2243 1143 2307 1185 se
2337 1125 2562 1186 valere?
2585 1126 2884 1187 Praeterea
2915 1123 3148 1184 etiamsi
3178 1124 3289 1185 hoc
3320 1123 3690 1199 dederimus,

2054 1232 2129 1274 ne
2157 1214 2241 1275 sic
2270 1214 2508 1294 quidem
2546 1216 2633 1274 eis
2655 1213 2982 1295 quidquam
3010 1213 3266 1292 amplius
3296 1215 3595 1293 supererit
3621 1216 3694 1275 ad

2056 1300 2338 1362 tuendum
2356 1301 2993 1380 propositum.Etenim
3018 1302 3065 1361 si
3088 1302 3211 1363 limc
3236 1303 3437 1363 omnia
3458 1321 3593 1363 cum
3621 1303 3695 1363 de

2053 1387 2174 1450 Deo
2196 1397 2255 1450 et
2278 1392 2446 1450 Patre
2467 1389 3169 1469 dicuntur,substantiam
3183 1391 3317 1470 ejus
3335 1390 3695 1470 signiﬁcant,

2054 1478 2424 1540 immutabile
2439 1479 2573 1540 dico
2589 1480 2959 1542 etinvisibile
2981 1487 3034 1542 et
3050 1479 3695 1561 incorruptibilezsimi-

2054 1569 2191 1630 liter
2221 1570 2349 1629 sine
2381 1568 2562 1630 dubio
2588 1571 2761 1631 etiam
2796 1570 2869 1630 de
2889 1570 3188 1649 unigenito
3210 1572 3313 1632 Dei
3335 1567 3485 1631 Filio
3511 1570 3691 1651 dicta,

333 1665 429 1720 Καὶ
460 1661 598 1720 οὕτω
640 1668 701 1719 τὸ
730 1663 893 1742 σοφὸν
926 1664 1108 1737 αὐτοῖς
1143 1664 1215 1722 εἷς
1276 1664 1337 1718 τὸ
1368 1661 1600 1718 ἐναντίον
1631 1660 1968 1739 περιελεύσε-

2060 1658 2441 1719 substantiam
2466 1658 2992 1723 indicabuntNam
3019 1659 3076 1719 in
3089 1659 3381 1721 visibilem
3406 1668 3463 1719 et
3483 1665 3695 1720 immu-

325 1773 437 1813 ται.
501 1754 572 1809 O6
623 1753 723 1830 γὰρ
784 1749 905 1830 (55)
950 1750 1154 1826 μᾶλλον
1207 1749 1292 1805 διὰ
1339 1752 1400 1805 τὸ
1434 1749 1487 1805 ἐν
1518 1750 1615 1826 μιᾷ
1643 1753 1971 1829 προσηγορίᾳ

2060 1746 2295 1810 labilem
2320 1756 2377 1810 et
2395 1748 2915 1826 incorruptibilem
2942 1756 3000 1808 et
3022 1747 3445 1809 indivisibilem
3465 1767 3534 1810 ac
3560 1748 3695 1810 reli-

327 1839 572 1920 διάφορον
656 1839 908 1915 ἀνόμοιον
992 1842 1128 1896 κατά
1216 1840 1313 1906 τὴν
1374 1841 1548 1899 οὐσίαν
1608 1838 1969 1895 ἀποδεικνύειν

328 1929 551 2005 ἕξουσιν,
596 1930 631 1998 ἢ
684 1928 767 1984 διά
818 1930 919 1998 τὴν
978 1929 1032 1985 ἐν
1063 1944 1178 1993 τοῖς
1230 1928 1439 1986 πλείοσι
1469 1931 1739 1985 κοινωνίαν
1786 1928 1969 2004 ὅμοιον

328 2019 617 2098 ὁμολογεῖν
666 2018 756 2075 ὑπ’
807 2021 969 2085 αὐτῆς
1056 2024 1156 2084 τῆς
1228 2020 1463 2096 ἀνάγκης
1523 2018 1627 2074 τῶν
1680 2016 1970 2092 δεδομένων

330 2107 796 2178 ἆκϐιασθήσονται.
846 2109 901 2165 Ei
932 2106 985 2162 δὲ
1036 2107 1186 2183 λέγοι
1220 2108 1305 2163 ἐπὶ
1350 2108 1518 2181 μόνης
1558 2109 1655 2173 τῆς
1686 2113 1777 2162 τοῦ
1805 2108 1967 2185 ἀγεν-

330 2199 490 2267 νήτου
524 2198 709 2276 φωνῆς
754 2204 820 2273 τῇ
867 2195 1109 2268 εὒλαϐείᾳ
1154 2196 1272 2275 (56)
1309 2198 1473 2270 ταύτῃ
1504 2196 1821 2275 κεχρῇτθαι,
1884 2198 1969 2252 επὶ

326 2285 381 2342 δὲ
425 2291 530 2341 τῶν
560 2284 734 2343 ἄλλων
779 2285 1091 2365 ἀφυλάκτως
1124 2285 1276 2364 ἔχειν
1310 2301 1322 2313 ·
1373 2284 1533 2343 πάλιν
1579 2287 1734 2341 αὐτὸν
1760 2287 1967 2363 ἐρωτή-

326 2397 529 2450 σωμεν,
575 2377 651 2438 τίς
682 2379 717 2446 ἡ
743 2374 1121 2446 ἀποκλήρωσις
1158 2374 1308 2453 (57),
1344 2374 1605 2429 τοσούτων
1638 2374 1802 2430 ὄντων
1860 2382 1965 2431 τῶν

325 2486 443 2543 περι
486 2471 617 2520 Θεοῦ
659 2463 987 2542 λεγομένων,
1050 2463 1104 2517 ἐν
1157 2464 1230 2518 ἑνὶ
1277 2463 1447 2533 τούτῳ
1493 2462 1639 2537 μόνῳ
1690 2464 1786 2531 τὴν
1816 2464 1966 2541 ἀκρί-

324 2552 469 2609 ϐειαν
530 2552 930 2630 ἐπιδείκνυσθαι,
982 2555 1068 2607 καὶ
1109 2552 1161 2607 ἐν
1226 2553 1299 2608 ἑνὶ
1359 2553 1528 2625 τούτῳ
1587 2552 1968 2631 ἀποπληροῦν-

324 2666 391 2698 τα
453 2642 576 2722 (58)
614 2645 758 2716 αὒτῷ
798 2642 898 2708 τὴν
942 2651 1033 2700 τοῦ
1090 2642 1233 2698 εἶναι
1279 2640 1306 2697 ὅ
1363 2642 1506 2698 ἐστιν
1551 2642 1862 2720 ὁμολογίαν,
1913 2643 1965 2699 ἐν

327 2731 521 2810 ἑτέροις
594 2728 973 2806 παμπληθέσιν
1042 2732 1391 2809 ἀνθρωπίναις
1453 2730 1707 2796 ἐπινοίαις
1765 2734 1967 2807 σεμνύ-

2054 1838 2182 1918 quis
2200 1837 2542 1898 nominibus
2566 1836 2867 1897 similibus
2891 1837 3066 1897 etiam
3094 1837 3463 1914 unigenitum
3477 1838 3691 1899 Filium

2053 1928 2534 1988 nominamus.Et
2563 1926 2640 1985 ita
2659 1925 2895 1985 subtilis
2926 1944 3130 1986 eorum
3164 1925 3395 2005 argutia
3426 1928 3567 2005 ipsis
3590 1946 3692 1986 re-

2053 2016 2213 2079 cidet.
2239 2017 2299 2077 in
2323 2016 2851 2078 contrarium.Non
2878 2015 3035 2075 enim
3066 2015 3251 2093 magis
3269 2017 3694 2095 propterunius

2052 2106 2471 2186 appellationis
2484 2104 3271 2178 diversitatem,dissimilem
3288 2104 3346 2164 in
3365 2104 3696 2166 substantia

2052 2196 2267 2258 Filium
2299 2202 2576 2276 poterunt
2608 2194 3046 2272 demonstrare,
3081 2212 3256 2274 quam
3292 2202 3532 2274 propter
3557 2195 3689 2274 plu-

2054 2288 2209 2346 rium
2239 2283 2716 2345 convenientiam
2735 2283 2991 2343 similem
3011 2283 3280 2343 conﬁteri
3303 2285 3694 2362 cogentur,ad

2052 2374 2165 2436 hoc
2196 2393 2265 2435 ex
2296 2376 2596 2434 concessis
2625 2371 2963 2432 necessario
2994 2369 3391 2442 adacti.Quod
3415 2371 3698 2433 sidixerit

2048 2462 2108 2525 in
2136 2463 2260 2523 sola
2285 2461 2534 2541 ingeniti
2553 2479 2694 2521 voce
2725 2478 2789 2520 se
2813 2460 2922 2520 hac
2945 2459 3482 2538 circumspectione
3517 2460 3696 2537 uti,iu

2048 2552 2294 2632 reliquis
2317 2569 2456 2612 vero
2479 2550 2716 2611 incaute
2746 2566 2811 2609 se
2838 2565 3067 2627 gerere:
3096 2565 3306 2609 rursus
3330 2550 3523 2629 ipsum
3552 2567 3694 2628 per-

2051 2650 2669 2719 contemur,qusenam
2695 2639 2770 2698 sit
2792 2638 2919 2699 hac
2941 2637 3249 2717 divisio,ut
3270 2657 3406 2699 cum
3441 2646 3523 2699 tot
3553 2640 3688 2698 221

2052 2732 2173 2793 sint
2205 2749 2337 2811 quas
2365 2729 2441 2790 de
2469 2732 2591 2792 Deo
2619 2727 2923 2806 dicuntur,
2956 2735 3154 2786 tamen
3186 2728 3243 2788 in
3275 2727 3387 2788 hoc
3419 2746 3536 2790 uno
3568 2730 3695 2790 solo

331 2843 438 2876 νειν
482 2820 560 2896 μή
605 2819 729 2901 (59)
790 2823 1162 2897 παραιτεῖσθαι
1194 2840 1209 2892 ;
1242 2819 1302 2877 Ὀ
1335 2823 1433 2899 γάρ
1464 2818 1723 2876 πλειόνων
1758 2820 1969 2900 ὀφειλέ-

2060 2819 2421 2900 diligentiam
2455 2817 2753 2896 ostendat,
2776 2823 2953 2897 atque
2984 2817 3043 2877 in
3071 2816 3185 2878 hoc
3217 2834 3338 2877 uno
3361 2818 3415 2877 ei
3449 2817 3692 2879 confes-

326 2933 426 2976 της
484 2910 542 2966 οὗ
588 2909 791 2984 μᾶλλον
821 2908 1107 2986 εῦγνώμων
1166 2908 1221 2963 ἐν
1273 2915 1341 2984 τῇ
1371 2909 1464 2965 τοῦ
1495 2911 1607 2973 ἑνὸς
1633 2909 1880 2966 ἀποδόσει
1936 2912 1971 2977 ἦ

2060 2910 2284 2970 sionem
2320 2906 2761 2986 persolvat,qua
2782 2905 3101 2966 conﬁtetur
3126 2904 3185 2965 id
3209 2922 3344 2965 eum
3374 2922 3507 2966 esse
3537 2906 3694 2985 quod

328 2996 670 3077 ὑπερϐάλλων
696 2998 1051 3075 ἀγνωμοσύνῃ
1114 2996 1168 3051 ἐν
1212 3003 1279 3074 τῇ
1308 2997 1413 3053 τῶν
1444 2997 1705 3054 πλειόνων
1738 3000 1964 3056 ἀποστεσι

2060 3007 2183 3060 est:
2217 2995 2278 3057 in
2311 2994 2544 3058 caeteris
2566 3012 2703 3055 vero
2735 3012 2913 3071 quam
2937 2993 3379 3073 plurimis,eum
3414 2995 3694 3057 humanis

326 3090 502 3167 ρήσει.
564 3087 715 3145 Οὕτω
765 3087 861 3162 μὲν
904 3093 1016 3156 οῦν,
1048 3087 1211 3150 ὡςτά
1269 3096 1536 3164 πανοῦργα
1583 3093 1689 3143 τῶν
1746 3091 1964 3166 θηρίων,

2060 3085 2423 3165 intelligendi
2461 3084 2652 3145 modis
2682 3088 2970 3145 decorare
3003 3102 3120 3144 non
3151 3094 3419 3145 recuset.
3456 3083 3692 3144 Etenim

324 3189 448 3237 ταῖς
475 3177 659 3231 ἑαυτοῦ
686 3178 906 3254 τεχναις
939 3174 1236 3247 ἀλίσκεται,
1285 3176 1373 3240 οἷς
1427 3176 1698 3233 λανθάνειν
1746 3181 1966 3256 ἒπιχει-

2060 3177 2220 3258 plura
2242 3181 2337 3254 qui
2354 3174 2679 3254 debet,non
2702 3174 2887 3250 magis
2908 3180 3106 3250 gratus
3112 3173 3504 3252 judicaturob
3521 3174 3694 3235 unius

328 3279 438 3344 ρεϊ,
469 3268 675 3329 τούτοις
707 3264 870 3321 πλέον
897 3262 1333 3343 διελεγχόμενος,

2050 3265 2653 3343 redditionem,quam
2688 3279 2868 3341 supra
2900 3261 3137 3323 modum
3168 3262 3434 3341 ingratus
3454 3262 3531 3324 ob
3559 3264 3695 3340 plu-

328 3354 483 3415 rium
513 3352 966 3413 fraudationem.
1004 3350 1102 3413 Sic
1135 3352 1537 3433 igiturﬁnstar
1600 3363 1973 3419 versutarum
2028 3355 2353 3419 bestiarum
2404 3354 2525 3413 suis
2556 3352 2740 3432 ipsius
2766 3348 2995 3411 artibus
3022 3353 3270 3432 capitur,
3306 3352 3445 3412 dum
3478 3352 3696 3430 quibus

331 3443 516 3504 latere
545 3441 773 3521 nititur,
804 3441 874 3501 iis
904 3441 1090 3520 magis
1122 3442 1528 3503 convincitur.

410 3546 477 3597 δι
504 3546 660 3610 Psal.
694 3563 835 3623 xvn,
872 3545 967 3606 12.
1053 3546 1122 3597 65
1151 3546 1364 3621 Malae,
1397 3563 1485 3625 ιιι,
1521 3552 1581 3608 6.

334 3656 487 3717 Ven.
530 3663 590 3715 et
644 3653 787 3734 Reg.
848 3660 1086 3733 quintus
1133 3654 1290 3713 πάλιν
1345 3652 1399 3709 δὲ
1455 3656 1528 3734 ,τὸ
1584 3656 1641 3711 ἐκ
1686 3660 1973 3732 προσώπου

331 3747 426 3794 τοῦ
469 3743 599 3792 Θεοῦ
643 3733 954 3813 λεγὸμενον,
1002 3743 1062 3797 et
1117 3734 1197 3796 ita
1256 3733 1578 3812 legendum
1631 3753 1763 3797 esse
1806 3737 1972 3799 arbi-

333 3824 483 3890 tror,
515 3814 602 3875 sic
634 3821 698 3875 ut
727 3814 900 3888 illud,
956 3815 1081 3872 ὅταν
1134 3816 1468 3889 ἀκούσωμεν,
1520 3813 1833 3877 subaudiri
1863 3817 1973 3878 de-

336 3896 493 3958 beaL

422 3976 546 4055 (54)
569 3976 719 4053 Reg.
754 3973 962 4035 tertius
1012 3972 1261 4055 perinde
1285 3981 1459 4053 atque
1500 3974 1598 4034 alii
1624 3993 1767 4037 mss.
1804 3977 1981 4039 habet

336 4056 579 4137 quidem
612 4055 671 4115 in
715 4063 1011 4137 contextu.
1050 4055 1334 4137 ἐνέργειαν,
1383 4062 1600 4137 contra
1622 4062 1745 4117 vim
1774 4057 1980 4119 uerbo-

336 4134 472 4198 rum
508 4156 521 4195 :
556 4143 612 4196 at
641 4134 932 4214 scriptum
956 4134 1256 4215 invenitur
1284 4136 1345 4215 in
1381 4134 1648 4212 margine
1681 4138 1976 4215 ἐνάργειαν,

333 4225 545 4279 contra
579 4213 1120 4296 eoidetiitamMihi
1154 4213 1555 4296 dubiumuon
1590 4225 1679 4275 est
1705 4213 1847 4296 quin
1882 4217 1977 4277 in-

2056 3656 2197 3719 tas?
2255 3654 2481 3716 Ibidem
2542 3653 2796 3715 delenda
2856 3655 3087 3733 negatio
3119 3663 3263 3715 ante
3294 3661 3695 3731 παραιτεῖσθαι.

2058 3738 2227 3800 Clara
2252 3734 2410 3796 enim
2438 3734 2634 3814 Basili}
2669 3734 2963 3814 sententia
2997 3753 3009 3793 :
3045 3736 3237 3813 arguit
3263 3735 3692 3814 adversarium,

2059 3817 2215 3897 quod
2245 3820 2561 3897 essentiam
2593 3812 2699 3897 Dei
2726 3813 2785 3872 in
2816 3814 2940 3876 sola
2969 3812 3216 3892 ingeniti
3243 3812 3691 3897 voc‘econﬁteri

2061 3893 2328 3959 vellet.in
2350 3894 2481 3955 aliis
2504 3893 2990 3974 vocibus,uempe
3023 3894 3491 3972 iucorruptibilis
3520 3904 3577 3955 et
3599 3896 3691 3953 in-v

2060 3974 2335 4047 visibilis,
2370 3975 2501 4053 ejus
2533 3972 2849 4035 essentiam
2884 3972 3104 4053 pariter
3148 3974 3416 4036 conﬁteri
3450 3991 3697 4036 recusa-

2062 4066 2172 4117 ret.
2212 4058 2441 4117 MARAN.

2143 4137 2265 4213 (58)
2298 4135 2452 4197 Editi
2487 4136 2573 4190 καὶ
2621 4138 2673 4189 ἓν
2731 4137 2901 4206 τούτῳ
2949 4136 3313 4211 ἀποπληροῦν,
3367 4134 3539 4213 Regii
3577 4144 3695 4193 tres

2064 4219 2118 4271 ἐν
2166 4219 2237 4273 ἑνὶ
2288 4214 2453 4288 τούτῳ
2506 4214 2935 4291 ἀποπληροῦντα,
2994 4214 3159 4275 Colb.
3230 4232 3405 4274 manu
3465 4216 3692 4274 recenti

338 4307 571 4379 terpres
592 4303 760 4379 vetus
791 4294 1000 4373 legerit
1023 4297 1163 4379 παρῃά
1186 4297 1284 4360 τὴν
1316 4292 1589 4379 ἀλήθειαν,
1618 4292 1752 4379 ωιῂ
1786 4296 1971 4360 inger-

2067 4294 2415 4358 emendatus
2448 4295 2873 4379 ἀπο-κληροῦνται.

339 4376 602 4457 pretatus
631 4376 730 4457 sit,
758 4382 973 4457 contra
1006 4377 1318 4435 veritatem
1355 4391 1367 4436 :
1396 4376 1500 4435 sed
1535 4393 1649 4454 qua
1682 4376 1740 4437 id
1773 4386 1984 4439 aucto-

340 4455 514 4519 ritate
539 4455 766 4526 fecerit,
804 4455 1030 4516 nescio.

422 4537 541 4611 (54)
580 4533 733 4595 Editi
765 4544 823 4596 et
872 4552 1015 4595 mss.
1053 4532 1320 4596 nonnulli
1371 4538 1493 4594 Υἱοῦ
1538 4536 1625 4591 καὶ
1679 4545 1830 4598 Θεοῦ.
1864 4536 1981 4598 Alii

344 4635 487 4679 mss.
522 4621 641 4673 Υἱοῦ
669 4623 760 4672 τοῦ
791 4622 943 4673 Θεοῦ.

428 4697 557 4777 (55)
577 4695 701 4777 Hoc
722 4696 862 4756 dicit
882 4693 1139 4777 Basilius
1151 4713 1186 4777 ςΔ
1205 4695 1431 4777 Patrem
1463 4692 1613 4777 Filio
1648 4695 1978 4758 substantia

342 4772 693 4839 disSimilem
716 4792 851 4855 esse
872 4792 939 4835 ex
966 4792 1037 4835 eo
1054 4773 1282 4855 cslligit
1304 4772 1651 4850 Eunowius,
1677 4780 1831 4855 quod
1867 4781 1973 4838 Pa-

344 4868 435 4920 ter
464 4854 891 4936 ingenitussit,
958 4854 1141 4936 Filius
1188 4871 1327 4914 vero
1376 4855 1606 4936 genitus
1644 4871 1657 4913 :
1691 4854 1795 4918 sed
1829 4856 1974 4918 illud

340 4935 793 5018 argumentandi
809 4954 994 5018 genus
1014 4935 1280 5018 ineptum
1294 4946 1380 4995 est
1397 4935 1969 5018 etabsurdumﬁum

343 5013 503 5081 enim
538 5017 718 5077 multa
747 5016 866 5076 sint
894 5014 955 5075 in
986 5013 1200 5092 quibus
1229 5014 1387 5075 inter
1442 5032 1505 5076 se
1537 5017 1972 5092 perfectissime

345 5098 696 5161 conveniant
726 5097 900 5159 Pater
925 5104 983 5156 et
1005 5093 1210 5169 Filius,
1231 5094 1307 5155 ob
1332 5093 1775 5172 integerrimam
1806 5097 1966 5159 illam

342 5181 403 5240 in
428 5176 693 5257 pluribus
741 5176 1193 5257 consensionem
1243 5182 1421 5253 atque
1469 5177 1965 5250 convenientiam,

345 5256 540 5339 potius
574 5256 1122 5339 Eunomiumfateri
1154 5258 1852 5339 oportu_erat,Patrem_et
1882 5257 1971 5317 Fi-

342 5334 484 5401 iium
510 5338 669 5400 inter
696 5356 761 5398 se
790 5336 1017 5397 similes
1046 5352 1319 5414 esse,nec
1340 5334 1543 5395 debuit
1574 5336 1647 5395 ob
1680 5337 1856 5397 unius
1878 5356 1974 5398 vo-

341 5421 427 5483 cis
457 5418 857 5480 diversitatem
894 5434 997 5477 eos
1023 5415 1349 5475 dissimiles
1380 5414 1732 5494 praedicare.

427 5501 553 5579 (56),
569 5496 693 5559 Vox
718 5495 961 5579 εὔλπιϐείᾳ
983 5496 1137 5556 sumi
1162 5495 1392 5555 videtur
1412 5496 1522 5556 hoc
1546 5495 1678 5555 loco
1707 5515 1811 5577 pro
1834 5515 1974 5579 qua-

342 5576 475 5642 dam
507 5576 1064 5656 circumspectione,
1098 5593 1226 5656 seu,
1265 5593 1368 5656 pro
1417 5585 1691 5656 accurata
1716 5576 1971 5656 quadam

340 5659 624 5742 loquendi
648 5667 705 5742 et
731 5652 1038 5742 scribendi
1064 5652 1715 5716 ratione.Combeﬁsius
1736 5652 1924 5718 vertit
1957 5674 1970 5718 :

342 5737 456 5804 hac
483 5740 802 5818 religionis
825 5737 1025 5818 larfva.

429 5821 557 5904 (57)
583 5816 667 5884 Tt:
703 5817 1137 5895 ὴάποπλήρωσις
1167 5834 1184 5891 ;
1236 5816 1530 5892 Quaenam
1570 5816 1697 5878 haec
1721 5818 1974 5879 temeri-

2146 4377 2274 4453 (59)
2306 4374 2601 4437 Particula
2631 4378 2705 4449 μή
2741 4371 2907 4434 abest
2933 4392 2965 4433 a
2992 4372 3432 4452 Regsecundo;
3471 4393 3577 4435 nec
3603 4375 3703 4436 in-

2064 4462 2391 4535 cogitauter
2417 4455 2637 4516 omissa
2659 4461 2746 4514 est
2769 4472 2799 4512 a
2827 4453 3234 4531 librario,cum
3264 4455 3319 4513 in
3344 4472 3447 4535 ora
3468 4456 3518 4534 ej
3532 4472 3597 4515 us
3623 4455 3701 4515 li-

2064 4534 2153 4596 bri
2183 4535 2599 4614 scriptumﬁsit,
2634 4537 2694 4590 τὸ
2726 4537 2801 4607 μή
2836 4534 3106 4613 περισσόν,
3146 4534 3454 4611 particula
3482 4538 3557 4609 μή
3589 4554 3697 4596 su-

2058 4612 2422 4696 perﬂueret.
2458 4612 2582 4674 Hoc
2602 4614 2757 4674 idem
2784 4615 2970 4674 visum
2995 4612 3170 4696 estet
3187 4614 3563 4696 Combeﬁsio,
3593 4615 3701 4696 qui

2062 4693 2143 4757 ait
2169 4693 2368 4757 vocula
2386 4698 2461 4770 μή
2482 4701 2821 4775 contextum
2843 4703 3045 4775 aperte
3074 4695 3350 4754 vitiosum
3382 4693 3697 4755 reddi.Sed

2064 4795 2171 4855 ego
2203 4776 2377 4853 longe
2409 4775 2578 4835 aliter
2609 4773 2823 4855 sentio,
2848 4773 3225 4855 arbitrorun
3251 4775 3598 4855 particulam
3623 4778 3699 4844 μή

2065 4852 2327 4917 maxime
2347 4853 2743 4916 necessariam
2768 4854 3149 4927 esse,nedum
3174 4852 3304 4931 ejus
3328 4852 3440 4915 loci
3463 4864 3700 4915 senten-

2061 4936 2199 4997 tiam
2222 4943 2585 5014 corrumpat.
2619 4932 2805 5010 Igitur
2835 4935 3045 5014 horum
3099 4938 3408 4994 verborum
3455 4935 3576 4995 haec
3612 4945 3699 4995 est

2056 5016 2371 5077 sententia:
2400 5013 2721 5075 Eunomius
2735 5013 3241 5091 aliterjudicatde
3260 5033 3397 5075 voce
3414 5016 3695 5091 ingeniti,

2054 5098 2225 5157 aliter
2256 5098 2328 5157 de
2358 5114 2500 5155 voce
2530 5093 3384 5172 indz'visibilisimmutabilis,
3415 5096 3693 5156 incorru-

2050 5176 2351 5253 ptibiliset
2368 5176 2618 5236 aliorum
2636 5173 2921 5236 similium
2954 5175 3471 5251 NegatEunomius
3494 5193 3696 5236 vocem

2060 5257 2321 5334 ἕης]θηὶίί
2345 5256 2419 5316 de
2449 5254 2571 5315 Deo
2604 5253 2720 5313 dici
2774 5272 2945 5332 posse
2976 5273 3043 5313 ex
3092 5264 3290 5314 nostro
3323 5255 3698 5331 intelligendi

2060 5338 2231 5397 modo
2270 5358 2281 5397 :
2322 5336 2425 5397 sed
2461 5334 2578 5395 vult
2612 5353 2740 5394 eam
2774 5343 2997 5395 naturae
3021 5335 3233 5397 divina:
3273 5335 3355 5396 ita
3388 5353 3521 5396 esse
3555 5354 3695 5415 pro-

2059 5415 2273 5495 priam,
2312 5431 2372 5475 ut
2407 5416 2892 5495 naturamiipsam
2920 5415 3177 5495 divinam
3214 5418 3553 5476 constituat.
3588 5416 3692 5476 Et-

2059 5494 2243 5573 enim,
2278 5496 2475 5574 utjam
2511 5494 2863 5575 notavimus,
2920 5494 3066 5556 illud
3114 5504 3241 5555 erat
3276 5505 3691 5570 argumentum

2061 5578 2420 5656 praecipuum
2455 5574 2747 5646 Eunomii,
2779 5580 2838 5631 τὸ
2863 5576 3699 5656 ἀγέννητον,ἰηῃρηεναιὶοηεηι

2057 5654 2442 5717 substantiam
2475 5656 2658 5734 ipsam
2688 5673 2818 5715 esse
2844 5654 3402 5731 divinam.Negabat
3425 5673 3563 5732 ergo
3580 5654 3697 5715 ha:-

2060 5745 2281 5797 reticus
2303 5736 2403 5797 ille
2428 5735 2999 5814 nomen,ingem‘tus,
3038 5736 3153 5796 dici
3175 5735 3249 5796 de
3276 5736 3395 5797 Deo
3422 5753 3591 5809 posse
3626 5754 3698 5797 ex

2055 5818 2319 5880 humano
2349 5814 2723 5895 intelligendi
2753 5816 2926 5878 modo
2955 5837 2967 5879 :
3003 5816 3109 5877 sed
3142 5814 3438 5877 fatebatur
3458 5815 3698 5878 nomina
