  <div class='ocr_page' id='page_1' title='image "/cluster/home/n/w/nwhite01/storage/ocr_20150623/29/hvd.32044054128665/692.png"; bbox 0 0 4108 6220; ppageno 0'>
   <div class='ocr_carea' id='block_1_1' title="bbox 288 280 413 345">
    <p class='ocr_par' dir='ltr' id='par_1_1' title="bbox 288 280 413 345">
     <span class='ocr_line' id='line_1_1' title="bbox 288 280 413 345; baseline -0.024 0"><span class='ocrx_word' id='word_1_1' title='bbox 288 280 413 345; x_wconf 83' lang='grc'><strong>533</strong></span> 
     </span>
    </p>
   </div>
   <div class='ocr_carea' id='block_1_2' title="bbox 1408 278 2557 344">
    <p class='ocr_par' dir='ltr' id='par_1_2' title="bbox 1408 278 2557 344">
     <span class='ocr_line' id='line_1_2' title="bbox 1408 278 2557 344; baseline -0.005 0"><span class='ocrx_word' id='word_1_2' title='bbox 1408 279 1806 344; x_wconf 82' lang='lat' dir='ltr'><strong>ADVERSUS</strong></span> <span class='ocrx_word' id='word_1_3' title='bbox 1849 278 2263 340; x_wconf 86' lang='lat' dir='ltr'><strong>EUNOMIUM</strong></span> <span class='ocrx_word' id='word_1_4' title='bbox 2313 280 2456 340; x_wconf 91' lang='lat' dir='ltr'><strong>LIB.</strong></span> <span class='ocrx_word' id='word_1_5' title='bbox 2508 279 2557 338; x_wconf 84' lang='grc' dir='ltr'><strong>Ι.</strong></span> 
     </span>
    </p>
   </div>
   <div class='ocr_carea' id='block_1_3' title="bbox 3554 275 3667 342">
    <p class='ocr_par' dir='ltr' id='par_1_3' title="bbox 3554 275 3667 342">
     <span class='ocr_line' id='line_1_3' title="bbox 3554 275 3667 342; baseline 0 -1"><span class='ocrx_word' id='word_1_6' title='bbox 3554 275 3667 342; x_wconf 87' lang='grc'><strong>534</strong></span> 
     </span>
    </p>
   </div>
   <div class='ocr_carea' id='block_1_4' title="bbox 277 409 1942 495">
    <p class='ocr_par' dir='ltr' id='par_1_4' title="bbox 277 413 1932 495">
     <span class='ocr_line' id='line_1_4' title="bbox 277 413 1932 495; baseline -0.003 -21"><span class='ocrx_word' id='word_1_7' title='bbox 277 423 457 474; x_wconf 79' lang='grc' dir='ltr'>πᾶσαν</span> <span class='ocrx_word' id='word_1_8' title='bbox 493 416 595 483; x_wconf 79' lang='grc' dir='ltr'><strong>τὴν</strong></span> <span class='ocrx_word' id='word_1_9' title='bbox 625 415 709 471; x_wconf 76' lang='grc' dir='ltr'><strong>διὰ</strong></span> <span class='ocrx_word' id='word_1_10' title='bbox 734 414 841 472; x_wconf 74' lang='grc' dir='ltr'><strong>τῶν</strong></span> <span class='ocrx_word' id='word_1_11' title='bbox 868 413 1155 495; x_wconf 70' lang='grc' dir='ltr'>ὀφθαλμῶν</span> <span class='ocrx_word' id='word_1_12' title='bbox 1186 414 1516 490; x_wconf 71' lang='grc' dir='ltr'>κατάληψιν*</span> <span class='ocrx_word' id='word_1_13' title='bbox 1563 416 1650 470; x_wconf 85' lang='grc' dir='ltr'><strong>καὶ</strong></span> <span class='ocrx_word' id='word_1_14' title='bbox 1692 415 1753 470; x_wconf 71' lang='grc' dir='ltr'><strong>τὸ</strong></span> <span class='ocrx_word' id='word_1_15' title='bbox 1784 413 1932 470; x_wconf 78' lang='grc' dir='ltr'><strong>ἆσώ⁹</strong></span> 
     </span>
    </p>
   </div>
   <div class='ocr_carea' id='block_1_5' title="bbox 2032 409 3668 495">
    <p class='ocr_par' dir='ltr' id='par_1_5' title="bbox 2032 409 3668 483">
     <span class='ocr_line' id='line_1_5' title="bbox 2032 409 3668 483; baseline 0.002 -12"><span class='ocrx_word' id='word_1_16' title='bbox 2032 412 2078 471; x_wconf 73' lang='lat' dir='ltr'><strong>in</strong></span> <span class='ocrx_word' id='word_1_17' title='bbox 2109 411 2271 482; x_wconf 54' lang='lat' dir='ltr'><strong>Deof:</strong></span> <span class='ocrx_word' id='word_1_18' title='bbox 2300 419 2357 472; x_wconf 91' lang='lat' dir='ltr'><strong>et</strong></span> <span class='ocrx_word' id='word_1_19' title='bbox 2379 409 2698 483; x_wconf 87' lang='lat' dir='ltr'><strong>invisibile,</strong></span> <span class='ocrx_word' id='word_1_20' title='bbox 2725 410 3019 472; x_wconf 81' lang='lat' dir='ltr'><strong>excedere</strong></span> <span class='ocrx_word' id='word_1_21' title='bbox 3044 429 3178 472; x_wconf 89' lang='lat' dir='ltr'><strong>eum</strong></span> <span class='ocrx_word' id='word_1_22' title='bbox 3199 430 3436 472; x_wconf 90' lang='lat' dir='ltr'><strong>omnem</strong></span> <span class='ocrx_word' id='word_1_23' title='bbox 3464 414 3668 474; x_wconf 82' lang='lat' dir='ltr'><strong>oculo-</strong></span> 
     </span>
    </p>
   </div>
   <div class='ocr_carea' id='block_1_6' title="bbox 282 503 1932 585">
    <p class='ocr_par' dir='ltr' id='par_1_6' title="bbox 282 503 1932 585">
     <span class='ocr_line' id='line_1_6' title="bbox 282 503 1932 585; baseline -0.004 -23"><span class='ocrx_word' id='word_1_24' title='bbox 282 529 454 582; x_wconf 89' lang='grc' dir='ltr'>ματον</span> <span class='ocrx_word' id='word_1_25' title='bbox 477 508 537 562; x_wconf 81' lang='grc' dir='ltr'>τὸ</span> <span class='ocrx_word' id='word_1_26' title='bbox 588 507 664 580; x_wconf 80' lang='grc' dir='ltr'>μὴ</span> <span class='ocrx_word' id='word_1_27' title='bbox 724 506 988 585; x_wconf 80' lang='grc' dir='ltr'>ὑπάρχειν</span> <span class='ocrx_word' id='word_1_28' title='bbox 1046 503 1204 560; x_wconf 70' lang='grc' dir='ltr'>αὐτοῦ</span> <span class='ocrx_word' id='word_1_29' title='bbox 1267 509 1430 583; x_wconf 79' lang='grc' dir='ltr'>τριχῆ</span> <span class='ocrx_word' id='word_1_30' title='bbox 1482 504 1768 572; x_wconf 75' lang='grc' dir='ltr'>διαστατῆν</span> <span class='ocrx_word' id='word_1_31' title='bbox 1837 504 1932 568; x_wconf 77' lang='grc' dir='ltr'><strong>τὴν</strong></span> 
     </span>
    </p>
   </div>
   <div class='ocr_carea' id='block_1_7' title="bbox 281 592 1930 668">
    <p class='ocr_par' dir='ltr' id='par_1_7' title="bbox 281 592 1930 668">
     <span class='ocr_line' id='line_1_7' title="bbox 281 592 1930 668; baseline -0.003 -15"><span class='ocrx_word' id='word_1_32' title='bbox 281 598 478 652; x_wconf 70' lang='grc' dir='ltr'>οὐσίανο</span> <span class='ocrx_word' id='word_1_33' title='bbox 511 596 608 651; x_wconf 65' lang='grc' dir='ltr'><strong>καί</strong></span> <span class='ocrx_word' id='word_1_34' title='bbox 661 597 721 650; x_wconf 77' lang='grc' dir='ltr'>τὸ</span> <span class='ocrx_word' id='word_1_35' title='bbox 784 596 1039 650; x_wconf 70' lang='grc' dir='ltr'>ἀθάνατον</span> <span class='ocrx_word' id='word_1_36' title='bbox 1088 596 1147 648; x_wconf 82' lang='grc' dir='ltr'>τὸ</span> <span class='ocrx_word' id='word_1_37' title='bbox 1206 592 1474 668; x_wconf 74' lang='grc' dir='ltr'>μηδέποτε</span> <span class='ocrx_word' id='word_1_38' title='bbox 1533 592 1761 649; x_wconf 63' lang='grc' dir='ltr'>’διάλυσιν</span> <span class='ocrx_word' id='word_1_39' title='bbox 1833 595 1930 651; x_wconf 70' lang='grc' dir='ltr'>αὒ-</span> 
     </span>
    </p>
   </div>
   <div class='ocr_carea' id='block_1_8' title="bbox 279 681 1928 762">
    <p class='ocr_par' dir='ltr' id='par_1_8' title="bbox 279 681 1928 762">
     <span class='ocr_line' id='line_1_8' title="bbox 279 681 1928 762; baseline -0.003 -21"><span class='ocrx_word' id='word_1_40' title='bbox 279 691 356 757; x_wconf 87' lang='grc' dir='ltr'>τῷ</span> <span class='ocrx_word' id='word_1_41' title='bbox 425 684 900 762; x_wconf 78' lang='grc' dir='ltr'>προσγενήσεσθαι·</span> <span class='ocrx_word' id='word_1_42' title='bbox 951 681 1088 739; x_wconf 66' lang='grc' dir='ltr'>οὕτω</span> <span class='ocrx_word' id='word_1_43' title='bbox 1149 683 1322 762; x_wconf 71' lang='grc' dir='ltr'>φαμὲν</span> <span class='ocrx_word' id='word_1_44' title='bbox 1361 683 1446 738; x_wconf 83' lang='grc' dir='ltr'><strong>καὶ</strong></span> <span class='ocrx_word' id='word_1_45' title='bbox 1519 685 1578 738; x_wconf 82' lang='grc' dir='ltr'>τὸ</span> <span class='ocrx_word' id='word_1_46' title='bbox 1620 682 1928 761; x_wconf 74' lang='grc' dir='ltr'>ἀγέννητον,</span> 
     </span>
    </p>
   </div>
   <div class='ocr_carea' id='block_1_9' title="bbox 280 771 1930 850">
    <p class='ocr_par' dir='ltr' id='par_1_9' title="bbox 280 771 1930 850">
     <span class='ocr_line' id='line_1_9' title="bbox 280 771 1930 850; baseline -0.001 -22"><span class='ocrx_word' id='word_1_47' title='bbox 280 771 476 839; x_wconf 81' lang='grc' dir='ltr'><strong>δηλοῦν</strong></span> <span class='ocrx_word' id='word_1_48' title='bbox 519 775 580 828; x_wconf 85' lang='grc' dir='ltr'>τὸ</span> <span class='ocrx_word' id='word_1_49' title='bbox 610 771 856 850; x_wconf 79' lang='grc' dir='ltr'><strong>γέννησιν</strong></span> <span class='ocrx_word' id='word_1_50' title='bbox 913 771 1054 846; x_wconf 72' lang='grc' dir='ltr'><strong>αὖτῷ</strong></span> <span class='ocrx_word' id='word_1_51' title='bbox 1090 771 1208 850; x_wconf 77' lang='grc'><strong>(62)</strong></span> <span class='ocrx_word' id='word_1_52' title='bbox 1265 773 1342 846; x_wconf 79' lang='grc' dir='ltr'><strong>μὴ</strong></span> <span class='ocrx_word' id='word_1_53' title='bbox 1394 785 1668 850; x_wconf 78' lang='grc' dir='ltr'>προσεῖναι</span> <span class='ocrx_word' id='word_1_54' title='bbox 1733 774 1790 829; x_wconf 78' lang='lat' dir='ltr'><strong>Ei.</strong></span> <span class='ocrx_word' id='word_1_55' title='bbox 1835 771 1930 847; x_wconf 78' lang='grc' dir='ltr'>μὲν</span> 
     </span>
    </p>
   </div>
   <div class='ocr_carea' id='block_1_10' title="bbox 284 859 1932 937">
    <p class='ocr_par' dir='ltr' id='par_1_10' title="bbox 284 859 1932 937">
     <span class='ocr_line' id='line_1_10' title="bbox 284 859 1932 937; baseline -0.002 -18"><span class='ocrx_word' id='word_1_56' title='bbox 284 866 372 920; x_wconf 77' lang='grc' dir='ltr'><strong>οῦν</strong></span> <span class='ocrx_word' id='word_1_57' title='bbox 419 861 588 937; x_wconf 77' lang='grc' dir='ltr'>μηδὲν</span> <span class='ocrx_word' id='word_1_58' title='bbox 613 862 815 918; x_wconf 77' lang='grc' dir='ltr'>τούτων</span> <span class='ocrx_word' id='word_1_59' title='bbox 875 861 1186 937; x_wconf 80' lang='grc' dir='ltr'><strong>στερητικὸν</strong></span> <span class='ocrx_word' id='word_1_60' title='bbox 1269 861 1375 917; x_wconf 79' lang='grc' dir='ltr'><strong>τῶν</strong></span> <span class='ocrx_word' id='word_1_61' title='bbox 1459 863 1756 936; x_wconf 73' lang='grc' dir='ltr'>ὀνομάίτων,</span> <span class='ocrx_word' id='word_1_62' title='bbox 1819 859 1932 917; x_wconf 70' lang='grc' dir='ltr'>οῦδὲ</span> 
     </span>
    </p>
   </div>
   <div class='ocr_carea' id='block_1_11' title="bbox 281 947 1934 1022">
    <p class='ocr_par' dir='ltr' id='par_1_11' title="bbox 281 947 1934 1022">
     <span class='ocr_line' id='line_1_11' title="bbox 281 947 1934 1022; baseline -0.003 -13"><span class='ocrx_word' id='word_1_63' title='bbox 281 953 484 1010; x_wconf 68' lang='grc' dir='ltr'>ἰκετνο.</span> <span class='ocrx_word' id='word_1_64' title='bbox 547 954 603 1008; x_wconf 71' lang='grc' dir='ltr'><strong>ΕΞ</strong></span> <span class='ocrx_word' id='word_1_65' title='bbox 665 949 720 1007; x_wconf 77' lang='grc' dir='ltr'>δὲ</span> <span class='ocrx_word' id='word_1_66' title='bbox 770 950 854 1006; x_wconf 80' lang='grc' dir='ltr'><strong>ἐπ’</strong></span> <span class='ocrx_word' id='word_1_67' title='bbox 907 949 1116 1006; x_wconf 80' lang='grc' dir='ltr'>ἐκείνων</span> <span class='ocrx_word' id='word_1_68' title='bbox 1178 947 1327 1012; x_wconf 79' lang='grc' dir='ltr'>δίδως</span> <span class='ocrx_word' id='word_1_69' title='bbox 1393 953 1454 1006; x_wconf 83' lang='grc' dir='ltr'>τὸ</span> <span class='ocrx_word' id='word_1_70' title='bbox 1502 952 1637 1008; x_wconf 73' lang='grc' dir='ltr'>κατὰ</span> <span class='ocrx_word' id='word_1_71' title='bbox 1687 949 1934 1022; x_wconf 80' lang='grc' dir='ltr'><strong>στέρησιν</strong></span> 
     </span>
    </p>
   </div>
   <div class='ocr_carea' id='block_1_12' title="bbox 279 1039 1936 1118">
    <p class='ocr_par' dir='ltr' id='par_1_12' title="bbox 279 1039 1936 1118">
     <span class='ocr_line' id='line_1_12' title="bbox 279 1039 1936 1118; baseline -0.002 -21"><span class='ocrx_word' id='word_1_72' title='bbox 279 1040 551 1118; x_wconf 84' lang='grc' dir='ltr'>λέγεσθαι,</span> <span class='ocrx_word' id='word_1_73' title='bbox 612 1040 697 1097; x_wconf 79' lang='grc' dir='ltr'>ἐπὶ</span> <span class='ocrx_word' id='word_1_74' title='bbox 750 1041 846 1108; x_wconf 75' lang='grc' dir='ltr'><strong>τῆς</strong></span> <span class='ocrx_word' id='word_1_75' title='bbox 929 1047 1020 1096; x_wconf 90' lang='grc' dir='ltr'><strong>τοῦ</strong></span> <span class='ocrx_word' id='word_1_76' title='bbox 1070 1040 1358 1116; x_wconf 80' lang='grc' dir='ltr'>ἇγεννήτου</span> <span class='ocrx_word' id='word_1_77' title='bbox 1449 1040 1806 1118; x_wconf 80' lang='grc' dir='ltr'>προσηγορίας</span> <span class='ocrx_word' id='word_1_78' title='bbox 1878 1039 1936 1096; x_wconf 74' lang='grc' dir='ltr'>οὒ</span> 
     </span>
    </p>
   </div>
   <div class='ocr_carea' id='block_1_13' title="bbox 281 1127 1934 1210">
    <p class='ocr_par' dir='ltr' id='par_1_13' title="bbox 281 1127 1934 1210">
     <span class='ocr_line' id='line_1_13' title="bbox 281 1127 1934 1210; baseline -0.013 -5"><span class='ocrx_word' id='word_1_79' title='bbox 281 1142 615 1210; x_wconf 78' lang='grc' dir='ltr'><strong>συγχωρεῖς,</strong></span> <span class='ocrx_word' id='word_1_80' title='bbox 653 1131 791 1206; x_wconf 64' lang='grc' dir='ltr'>εἶπέ,</span> <span class='ocrx_word' id='word_1_81' title='bbox 825 1131 965 1192; x_wconf 75' lang='grc' dir='ltr'>τίνος</span> <span class='ocrx_word' id='word_1_82' title='bbox 1017 1130 1114 1203; x_wconf 76' lang='grc' dir='ltr'>μὲν</span> <span class='ocrx_word' id='word_1_83' title='bbox 1169 1127 1324 1193; x_wconf 68' lang='grc' dir='ltr'>ἕξεως</span> <span class='ocrx_word' id='word_1_84' title='bbox 1387 1127 1757 1206; x_wconf 67' lang='grc' dir='ltr'>προλαϐοῦσης</span> <span class='ocrx_word' id='word_1_85' title='bbox 1818 1127 1934 1185; x_wconf 68' lang='grc' dir='ltr'>στέα-</span> 
     </span>
    </p>
   </div>
   <div class='ocr_carea' id='block_1_14' title="bbox 282 1215 1932 1299">
    <p class='ocr_par' dir='ltr' id='par_1_14' title="bbox 282 1215 1932 1299">
     <span class='ocr_line' id='line_1_14' title="bbox 282 1215 1932 1299; baseline -0.002 -25"><span class='ocrx_word' id='word_1_86' title='bbox 282 1241 437 1299; x_wconf 88' lang='grc' dir='ltr'>ρησιν</span> <span class='ocrx_word' id='word_1_87' title='bbox 481 1217 727 1296; x_wconf 70' lang='grc' dir='ltr'>ἓμφαίνει</span> <span class='ocrx_word' id='word_1_88' title='bbox 796 1219 858 1273; x_wconf 82' lang='grc' dir='ltr'>τὸ</span> <span class='ocrx_word' id='word_1_89' title='bbox 913 1215 1219 1296; x_wconf 65' lang='grc' dir='ltr'>ἄφθαρτον,</span> <span class='ocrx_word' id='word_1_90' title='bbox 1265 1223 1382 1280; x_wconf 82' lang='grc' dir='ltr'>πῶς</span> <span class='ocrx_word' id='word_1_91' title='bbox 1409 1217 1462 1271; x_wconf 75' lang='grc' dir='ltr'>δὲ</span> <span class='ocrx_word' id='word_1_92' title='bbox 1523 1219 1644 1296; x_wconf 68' lang='grc' dir='ltr'>οὖχὶ</span> <span class='ocrx_word' id='word_1_93' title='bbox 1703 1219 1762 1272; x_wconf 77' lang='grc' dir='ltr'>τὸ</span> <span class='ocrx_word' id='word_1_94' title='bbox 1813 1217 1932 1272; x_wconf 67' lang='grc' dir='ltr'>ἴσον</span> 
     </span>
    </p>
   </div>
   <div class='ocr_carea' id='block_1_15' title="bbox 284 1305 1932 1385">
    <p class='ocr_par' dir='ltr' id='par_1_15' title="bbox 284 1305 1932 1385">
     <span class='ocr_line' id='line_1_15' title="bbox 284 1305 1932 1385; baseline -0.003 -20"><span class='ocrx_word' id='word_1_95' title='bbox 284 1309 426 1382; x_wconf 71' lang='grc' dir='ltr'>αὒτῷ</span> <span class='ocrx_word' id='word_1_96' title='bbox 454 1305 664 1364; x_wconf 72' lang='grc' dir='ltr'>δύναται</span> <span class='ocrx_word' id='word_1_97' title='bbox 695 1307 755 1363; x_wconf 79' lang='grc' dir='ltr'>τὸ</span> <span class='ocrx_word' id='word_1_98' title='bbox 813 1305 934 1385; x_wconf 85' lang='grc'><strong>(63)</strong></span> <span class='ocrx_word' id='word_1_99' title='bbox 969 1306 1255 1384; x_wconf 74' lang='grc' dir='ltr'><strong>ἀγέννητον</strong></span> <span class='ocrx_word' id='word_1_100' title='bbox 1293 1325 1308 1379; x_wconf 86' lang='grc'>;</span> <span class='ocrx_word' id='word_1_101' title='bbox 1371 1305 1538 1362; x_wconf 75' lang='grc' dir='ltr'>Ἀλλὰ</span> <span class='ocrx_word' id='word_1_102' title='bbox 1598 1307 1712 1385; x_wconf 79' lang='grc' dir='ltr'>περὶ</span> <span class='ocrx_word' id='word_1_103' title='bbox 1762 1308 1932 1381; x_wconf 84' lang='grc' dir='ltr'>μόνην</span> 
     </span>
    </p>
   </div>
   <div class='ocr_carea' id='block_1_16' title="bbox 283 1393 1930 1475">
    <p class='ocr_par' dir='ltr' id='par_1_16' title="bbox 283 1393 1930 1475">
     <span class='ocr_line' id='line_1_16' title="bbox 283 1393 1930 1475; baseline -0.001 -22"><span class='ocrx_word' id='word_1_104' title='bbox 283 1398 480 1463; x_wconf 80' lang='grc' dir='ltr'>ταύτην</span> <span class='ocrx_word' id='word_1_105' title='bbox 506 1397 604 1461; x_wconf 74' lang='grc' dir='ltr'><strong>νὴν</strong></span> <span class='ocrx_word' id='word_1_106' title='bbox 633 1395 770 1462; x_wconf 80' lang='grc' dir='ltr'>λέξιν</span> <span class='ocrx_word' id='word_1_107' title='bbox 811 1409 1161 1475; x_wconf 69' lang='grc' dir='ltr'>κακοτεχνετ,</span> <span class='ocrx_word' id='word_1_108' title='bbox 1195 1393 1328 1451; x_wconf 85' lang='grc' dir='ltr'>διότι</span> <span class='ocrx_word' id='word_1_109' title='bbox 1385 1398 1619 1452; x_wconf 65' lang='grc' dir='ltr'>ἐντεῦθεν</span> <span class='ocrx_word' id='word_1_110' title='bbox 1679 1401 1820 1470; x_wconf 66' lang='grc' dir='ltr'><strong>αότῷ</strong></span> <span class='ocrx_word' id='word_1_111' title='bbox 1881 1400 1930 1452; x_wconf 75' lang='grc' dir='ltr'>αἱ</span> 
     </span>
    </p>
   </div>
   <div class='ocr_carea' id='block_1_17' title="bbox 283 1481 1922 1564">
    <p class='ocr_par' dir='ltr' id='par_1_17' title="bbox 283 1481 1922 1564">
     <span class='ocr_line' id='line_1_17' title="bbox 283 1481 1922 1564; baseline -0.001 -22"><span class='ocrx_word' id='word_1_112' title='bbox 283 1487 514 1564; x_wconf 75' lang='grc' dir='ltr'>ἀφορμαὶ</span> <span class='ocrx_word' id='word_1_113' title='bbox 546 1487 642 1552; x_wconf 78' lang='grc' dir='ltr'><strong>τῆς</strong></span> <span class='ocrx_word' id='word_1_114' title='bbox 686 1483 927 1549; x_wconf 81' lang='grc' dir='ltr'>ἀσεϐείας</span> <span class='ocrx_word' id='word_1_115' title='bbox 960 1485 1240 1563; x_wconf 70' lang='grc' dir='ltr'>ἤρτηνται,</span> <span class='ocrx_word' id='word_1_116' title='bbox 1299 1481 1426 1540; x_wconf 69' lang='lat' dir='ltr'><strong>&quot;Iv:</strong></span> <span class='ocrx_word' id='word_1_117' title='bbox 1497 1483 1550 1540; x_wconf 75' lang='grc' dir='ltr'>δὲ</span> <span class='ocrx_word' id='word_1_118' title='bbox 1610 1487 1773 1564; x_wconf 72' lang='grc' dir='ltr'>σαφὲς</span> <span class='ocrx_word' id='word_1_119' title='bbox 1830 1489 1922 1540; x_wconf 65' lang='lat'><strong>1&quot;)-</strong></span> 
     </span>
    </p>
   </div>
   <div class='ocr_carea' id='block_1_18' title="bbox 285 1572 1931 1654">
    <p class='ocr_par' dir='ltr' id='par_1_18' title="bbox 285 1572 1931 1654">
     <span class='ocr_line' id='line_1_18' title="bbox 285 1572 1931 1654; baseline -0.001 -23"><span class='ocrx_word' id='word_1_120' title='bbox 285 1576 378 1631; x_wconf 83' lang='grc' dir='ltr'><strong>τοῦ</strong></span> <span class='ocrx_word' id='word_1_121' title='bbox 420 1576 479 1631; x_wconf 84' lang='grc' dir='ltr'>τὸ</span> <span class='ocrx_word' id='word_1_122' title='bbox 537 1573 821 1654; x_wconf 79' lang='grc' dir='ltr'>τέχνασμα</span> <span class='ocrx_word' id='word_1_123' title='bbox 877 1572 1119 1652; x_wconf 85' lang='grc' dir='ltr'>γένηται,</span> <span class='ocrx_word' id='word_1_124' title='bbox 1176 1573 1314 1630; x_wconf 70' lang='grc' dir='ltr'>οὕτω</span> <span class='ocrx_word' id='word_1_125' title='bbox 1365 1576 1649 1644; x_wconf 79' lang='grc' dir='ltr'>ποιήσατεο</span> <span class='ocrx_word' id='word_1_126' title='bbox 1711 1577 1799 1640; x_wconf 74' lang='grc' dir='ltr'><strong>οὒς</strong></span> <span class='ocrx_word' id='word_1_127' title='bbox 1849 1575 1931 1630; x_wconf 80' lang='grc' dir='ltr'><strong>ἐπὶ</strong></span> 
     </span>
    </p>
   </div>
   <div class='ocr_carea' id='block_1_19' title="bbox 284 1661 1931 1742">
    <p class='ocr_par' dir='ltr' id='par_1_19' title="bbox 284 1661 1931 1742">
     <span class='ocr_line' id='line_1_19' title="bbox 284 1661 1931 1742; baseline -0.003 -21"><span class='ocrx_word' id='word_1_128' title='bbox 284 1672 378 1722; x_wconf 87' lang='grc' dir='ltr'><strong>τοῦ</strong></span> <span class='ocrx_word' id='word_1_129' title='bbox 409 1665 701 1742; x_wconf 75' lang='grc' dir='ltr'>ἀγεννήτου</span> <span class='ocrx_word' id='word_1_130' title='bbox 733 1665 988 1740; x_wconf 79' lang='grc' dir='ltr'>γυμνάσει</span> <span class='ocrx_word' id='word_1_131' title='bbox 1049 1661 1263 1741; x_wconf 82' lang='grc' dir='ltr'>λόγους,</span> <span class='ocrx_word' id='word_1_132' title='bbox 1339 1661 1419 1718; x_wconf 84' lang='grc' dir='ltr'><strong>ὅτι</strong></span> <span class='ocrx_word' id='word_1_133' title='bbox 1465 1661 1579 1718; x_wconf 73' lang='grc' dir='ltr'>οὔτε</span> <span class='ocrx_word' id='word_1_134' title='bbox 1622 1661 1740 1718; x_wconf 77' lang='grc' dir='ltr'>κατ’</span> <span class='ocrx_word' id='word_1_135' title='bbox 1814 1664 1931 1718; x_wconf 78' lang='grc' dir='ltr'>ἐπί-</span> 
     </span>
    </p>
   </div>
   <div class='ocr_carea' id='block_1_20' title="bbox 2013 501 3664 580">
    <p class='ocr_par' dir='ltr' id='par_1_20' title="bbox 2013 501 3664 580">
     <span class='ocr_line' id='line_1_20' title="bbox 2013 501 3664 580; baseline 0.002 -21"><span class='ocrx_word' id='word_1_136' title='bbox 2013 517 2144 560; x_wconf 91' lang='lat' dir='ltr'><strong>rum</strong></span> <span class='ocrx_word' id='word_1_137' title='bbox 2175 501 2774 580; x_wconf 68' lang='lat' dir='ltr'><strong>comprehensionem</strong></span> <span class='ocrx_word' id='word_1_138' title='bbox 2807 525 2818 558; x_wconf 88' lang='lat'>:</span> <span class='ocrx_word' id='word_1_139' title='bbox 2857 511 2912 562; x_wconf 89' lang='lat' dir='ltr'><strong>et</strong></span> <span class='ocrx_word' id='word_1_140' title='bbox 2935 501 3664 580; x_wconf 88' lang='lat' dir='ltr'><strong>incorporeum,substan-</strong></span> 
     </span>
    </p>
   </div>
   <div class='ocr_carea' id='block_1_21' title="bbox 2019 590 3663 670">
    <p class='ocr_par' dir='ltr' id='par_1_21' title="bbox 2019 590 3663 670">
     <span class='ocr_line' id='line_1_21' title="bbox 2019 590 3663 670; baseline 0.002 -22"><span class='ocrx_word' id='word_1_141' title='bbox 2019 590 2153 651; x_wconf 89' lang='lat' dir='ltr'><strong>tiam</strong></span> <span class='ocrx_word' id='word_1_142' title='bbox 2188 592 2318 670; x_wconf 85' lang='lat' dir='ltr'><strong>ejus</strong></span> <span class='ocrx_word' id='word_1_143' title='bbox 2347 594 2501 652; x_wconf 85' lang='lat' dir='ltr'><strong>trina</strong></span> <span class='ocrx_word' id='word_1_144' title='bbox 2534 592 2910 652; x_wconf 79' lang='lat' dir='ltr'><strong>dimensione</strong></span> <span class='ocrx_word' id='word_1_145' title='bbox 2935 610 3049 651; x_wconf 93' lang='lat' dir='ltr'><strong>non</strong></span> <span class='ocrx_word' id='word_1_146' title='bbox 3083 605 3356 652; x_wconf 85' lang='lat' dir='ltr'><strong>constare</strong></span> <span class='ocrx_word' id='word_1_147' title='bbox 3409 615 3418 649; x_wconf 92' lang='lat'><em>:</em></span> <span class='ocrx_word' id='word_1_148' title='bbox 3458 600 3515 652; x_wconf 89' lang='lat' dir='ltr'><strong>et</strong></span> <span class='ocrx_word' id='word_1_149' title='bbox 3545 593 3663 652; x_wconf 89' lang='lat' dir='ltr'><strong>im-</strong></span> 
     </span>
    </p>
   </div>
   <div class='ocr_carea' id='block_1_22' title="bbox 2017 682 3662 761">
    <p class='ocr_par' dir='ltr' id='par_1_22' title="bbox 2017 682 3662 761">
     <span class='ocr_line' id='line_1_22' title="bbox 2017 682 3662 761; baseline 0.003 -21"><span class='ocrx_word' id='word_1_150' title='bbox 2017 683 2429 753; x_wconf 89' lang='lat' dir='ltr'><strong>mortale,cum</strong></span> <span class='ocrx_word' id='word_1_151' title='bbox 2447 682 2822 742; x_wconf 90' lang='lat' dir='ltr'><strong>dissolutioni</strong></span> <span class='ocrx_word' id='word_1_152' title='bbox 2843 701 3161 761; x_wconf 85' lang='lat' dir='ltr'><strong>numquam</strong></span> <span class='ocrx_word' id='word_1_153' title='bbox 3180 683 3496 744; x_wconf 80' lang='lat' dir='ltr'><strong>obnoxium</strong></span> <span class='ocrx_word' id='word_1_154' title='bbox 3517 682 3662 744; x_wconf 82' lang='lat' dir='ltr'><strong>fore:</strong></span> 
     </span>
    </p>
   </div>
   <div class='ocr_carea' id='block_1_23' title="bbox 2017 770 3662 850">
    <p class='ocr_par' dir='ltr' id='par_1_23' title="bbox 2017 770 3662 850">
     <span class='ocr_line' id='line_1_23' title="bbox 2017 770 3662 850; baseline 0.002 -20"><span class='ocrx_word' id='word_1_155' title='bbox 2017 770 2291 830; x_wconf 89' lang='lat' dir='ltr'><strong>eumdem</strong></span> <span class='ocrx_word' id='word_1_156' title='bbox 2308 771 2376 831; x_wconf 90' lang='lat' dir='ltr'><strong>ad</strong></span> <span class='ocrx_word' id='word_1_157' title='bbox 2405 772 2645 832; x_wconf 73' lang='lat' dir='ltr'><strong>modum</strong></span> <span class='ocrx_word' id='word_1_158' title='bbox 2663 772 2916 832; x_wconf 87' lang='lat' dir='ltr'><strong>dicimus</strong></span> <span class='ocrx_word' id='word_1_159' title='bbox 2932 774 3272 850; x_wconf 79' lang='lat' dir='ltr'><strong>ingenitum</strong></span> <span class='ocrx_word' id='word_1_160' title='bbox 3291 772 3468 833; x_wconf 85' lang='lat' dir='ltr'><strong>etiam</strong></span> <span class='ocrx_word' id='word_1_161' title='bbox 3485 772 3662 850; x_wconf 86' lang='lat' dir='ltr'><strong>signi-</strong></span> 
     </span>
    </p>
   </div>
   <div class='ocr_carea' id='block_1_24' title="bbox 2017 859 3665 939">
    <p class='ocr_par' dir='ltr' id='par_1_24' title="bbox 2017 859 3665 939">
     <span class='ocr_line' id='line_1_24' title="bbox 2017 859 3665 939; baseline 0.002 -20"><span class='ocrx_word' id='word_1_162' title='bbox 2017 859 2215 926; x_wconf 82' lang='lat' dir='ltr'><strong>ﬁcare.</strong></span> <span class='ocrx_word' id='word_1_163' title='bbox 2252 861 2700 936; x_wconf 82' lang='lat' dir='ltr'><strong>generationem</strong></span> <span class='ocrx_word' id='word_1_164' title='bbox 2743 861 2800 920; x_wconf 90' lang='lat' dir='ltr'><strong>in</strong></span> <span class='ocrx_word' id='word_1_165' title='bbox 2830 861 2955 939; x_wconf 87' lang='lat' dir='ltr'><strong>ipso</strong></span> <span class='ocrx_word' id='word_1_166' title='bbox 3001 861 3362 922; x_wconf 87' lang='lat' dir='ltr'><strong>noninesse.</strong></span> <span class='ocrx_word' id='word_1_167' title='bbox 3406 861 3665 922; x_wconf 82' lang='lat' dir='ltr'><strong>Proinde</strong></span> 
     </span>
    </p>
   </div>
   <div class='ocr_carea' id='block_1_25' title="bbox 2017 948 3658 1029">
    <p class='ocr_par' dir='ltr' id='par_1_25' title="bbox 2017 948 3658 1029">
     <span class='ocr_line' id='line_1_25' title="bbox 2017 948 3658 1029; baseline 0.003 -22"><span class='ocrx_word' id='word_1_168' title='bbox 2017 948 2068 1008; x_wconf 92' lang='lat' dir='ltr'><strong>si</strong></span> <span class='ocrx_word' id='word_1_169' title='bbox 2093 949 2319 1010; x_wconf 92' lang='lat' dir='ltr'><strong>nullum</strong></span> <span class='ocrx_word' id='word_1_170' title='bbox 2346 949 2517 1010; x_wconf 77' lang='lat' dir='ltr'><strong>exiis</strong></span> <span class='ocrx_word' id='word_1_171' title='bbox 2545 949 2888 1010; x_wconf 82' lang='lat' dir='ltr'><strong>nominibus</strong></span> <span class='ocrx_word' id='word_1_172' title='bbox 2932 951 3280 1027; x_wconf 82' lang='lat' dir='ltr'><strong>privativum</strong></span> <span class='ocrx_word' id='word_1_173' title='bbox 3306 959 3415 1029; x_wconf 92' lang='lat' dir='ltr'><strong>est,</strong></span> <span class='ocrx_word' id='word_1_174' title='bbox 3460 968 3658 1027; x_wconf 85' lang='lat' dir='ltr'><strong>neque</strong></span> 
     </span>
    </p>
   </div>
   <div class='ocr_carea' id='block_1_26' title="bbox 2020 1037 3665 1119">
    <p class='ocr_par' dir='ltr' id='par_1_26' title="bbox 2020 1037 3665 1119">
     <span class='ocr_line' id='line_1_26' title="bbox 2020 1037 3665 1119; baseline 0.001 -21"><span class='ocrx_word' id='word_1_175' title='bbox 2020 1037 2137 1099; x_wconf 86' lang='lat' dir='ltr'><strong>hoc</strong></span> <span class='ocrx_word' id='word_1_176' title='bbox 2162 1039 2294 1101; x_wconf 89' lang='lat' dir='ltr'><strong>erit.</strong></span> <span class='ocrx_word' id='word_1_177' title='bbox 2331 1040 2496 1110; x_wconf 84' lang='lat' dir='ltr'><strong>Quod</strong></span> <span class='ocrx_word' id='word_1_178' title='bbox 2519 1041 2568 1100; x_wconf 91' lang='lat' dir='ltr'><strong>si</strong></span> <span class='ocrx_word' id='word_1_179' title='bbox 2595 1040 2988 1101; x_wconf 83' lang='lat' dir='ltr'><strong>concedisilla</strong></span> <span class='ocrx_word' id='word_1_180' title='bbox 3011 1040 3342 1102; x_wconf 92' lang='lat' dir='ltr'><strong>secundum</strong></span> <span class='ocrx_word' id='word_1_181' title='bbox 3381 1039 3665 1119; x_wconf 87' lang='lat' dir='ltr'><strong>privatio-</strong></span> 
     </span>
    </p>
   </div>
   <div class='ocr_carea' id='block_1_27' title="bbox 2018 1129 3666 1210">
    <p class='ocr_par' dir='ltr' id='par_1_27' title="bbox 2018 1129 3666 1210">
     <span class='ocr_line' id='line_1_27' title="bbox 2018 1129 3666 1210; baseline 0.001 -23"><span class='ocrx_word' id='word_1_182' title='bbox 2018 1147 2152 1190; x_wconf 89' lang='lat' dir='ltr'><strong>nem</strong></span> <span class='ocrx_word' id='word_1_183' title='bbox 2181 1129 2434 1203; x_wconf 88' lang='lat' dir='ltr'><strong>dici,sed</strong></span> <span class='ocrx_word' id='word_1_184' title='bbox 2459 1130 2512 1188; x_wconf 91' lang='lat' dir='ltr'><strong>id</strong></span> <span class='ocrx_word' id='word_1_185' title='bbox 2543 1138 2600 1190; x_wconf 89' lang='lat' dir='ltr'><strong>in</strong></span> <span class='ocrx_word' id='word_1_186' title='bbox 2621 1130 3020 1208; x_wconf 78' lang='lat' dir='ltr'><strong>appellatione</strong></span> <span class='ocrx_word' id='word_1_187' title='bbox 3043 1131 3286 1210; x_wconf 82' lang='lat' dir='ltr'><strong>ingeniti</strong></span> <span class='ocrx_word' id='word_1_188' title='bbox 3314 1130 3666 1190; x_wconf 84' lang='lat' dir='ltr'><strong>nonadmit-</strong></span> 
     </span>
    </p>
   </div>
   <div class='ocr_carea' id='block_1_28' title="bbox 2017 1218 3663 1299">
    <p class='ocr_par' dir='ltr' id='par_1_28' title="bbox 2017 1218 3663 1299">
     <span class='ocr_line' id='line_1_28' title="bbox 2017 1218 3663 1299; baseline -0.001 -19"><span class='ocrx_word' id='word_1_189' title='bbox 2017 1225 2144 1280; x_wconf 89' lang='lat' dir='ltr'><strong>tas:</strong></span> <span class='ocrx_word' id='word_1_190' title='bbox 2177 1218 2292 1280; x_wconf 89' lang='lat' dir='ltr'><strong>dic.</strong></span> <span class='ocrx_word' id='word_1_191' title='bbox 2321 1218 2659 1298; x_wconf 84' lang='lat' dir='ltr'><strong>quohabitu</strong></span> <span class='ocrx_word' id='word_1_192' title='bbox 2693 1221 2830 1278; x_wconf 64' lang='lat'><strong>222</strong></span> <span class='ocrx_word' id='word_1_193' title='bbox 2857 1220 3257 1299; x_wconf 67' lang='lat' dir='ltr'><strong>praacedente,</strong></span> <span class='ocrx_word' id='word_1_194' title='bbox 3295 1219 3663 1298; x_wconf 86' lang='lat' dir='ltr'><strong>incorrupti-</strong></span> 
     </span>
    </p>
   </div>
   <div class='ocr_carea' id='block_1_29' title="bbox 2017 1308 3664 1388">
    <p class='ocr_par' dir='ltr' id='par_1_29' title="bbox 2017 1308 3664 1388">
     <span class='ocr_line' id='line_1_29' title="bbox 2017 1308 3664 1388; baseline 0.001 -20"><span class='ocrx_word' id='word_1_195' title='bbox 2017 1308 2135 1368; x_wconf 90' lang='lat' dir='ltr'><strong>bile</strong></span> <span class='ocrx_word' id='word_1_196' title='bbox 2175 1309 2562 1388; x_wconf 73' lang='lat' dir='ltr'><strong>privationem</strong></span> <span class='ocrx_word' id='word_1_197' title='bbox 2588 1309 2862 1372; x_wconf 84' lang='lat' dir='ltr'><strong>indicet?</strong></span> <span class='ocrx_word' id='word_1_198' title='bbox 2885 1319 2981 1370; x_wconf 88' lang='lat' dir='ltr'><strong>aut</strong></span> <span class='ocrx_word' id='word_1_199' title='bbox 3005 1310 3306 1388; x_wconf 86' lang='lat' dir='ltr'><strong>quomodo</strong></span> <span class='ocrx_word' id='word_1_200' title='bbox 3337 1311 3664 1388; x_wconf 84' lang='lat' dir='ltr'><strong>ingenitum</strong></span> 
     </span>
    </p>
   </div>
   <div class='ocr_carea' id='block_1_30' title="bbox 2016 1397 3654 1478">
    <p class='ocr_par' dir='ltr' id='par_1_30' title="bbox 2016 1397 3654 1478">
     <span class='ocr_line' id='line_1_30' title="bbox 2016 1397 3654 1478; baseline 0 -20"><span class='ocrx_word' id='word_1_201' title='bbox 2016 1417 2132 1458; x_wconf 89' lang='lat' dir='ltr'><strong>non</strong></span> <span class='ocrx_word' id='word_1_202' title='bbox 2167 1397 2323 1458; x_wconf 85' lang='lat' dir='ltr'><strong>idem</strong></span> <span class='ocrx_word' id='word_1_203' title='bbox 2353 1399 2513 1478; x_wconf 87' lang='lat' dir='ltr'><strong>quod</strong></span> <span class='ocrx_word' id='word_1_204' title='bbox 2546 1399 2659 1459; x_wconf 88' lang='lat' dir='ltr'><strong>hoc</strong></span> <span class='ocrx_word' id='word_1_205' title='bbox 2686 1400 2870 1459; x_wconf 88' lang='lat' dir='ltr'><strong>valeat</strong></span> <span class='ocrx_word' id='word_1_206' title='bbox 2900 1399 2929 1457; x_wconf 70' lang='grc' dir='ltr'>ί]</span> <span class='ocrx_word' id='word_1_207' title='bbox 2963 1399 3031 1461; x_wconf 77' lang='lat' dir='ltr'><strong>At</strong></span> <span class='ocrx_word' id='word_1_208' title='bbox 3074 1402 3230 1461; x_wconf 87' lang='lat' dir='ltr'><strong>circa</strong></span> <span class='ocrx_word' id='word_1_209' title='bbox 3271 1400 3381 1461; x_wconf 90' lang='lat' dir='ltr'><strong>hoc</strong></span> <span class='ocrx_word' id='word_1_210' title='bbox 3414 1398 3654 1459; x_wconf 85' lang='lat' dir='ltr'><strong>verbum</strong></span> 
     </span>
    </p>
   </div>
   <div class='ocr_carea' id='block_1_31' title="bbox 2013 1486 3663 1568">
    <p class='ocr_par' dir='ltr' id='par_1_31' title="bbox 2013 1486 3663 1568">
     <span class='ocr_line' id='line_1_31' title="bbox 2013 1486 3663 1568; baseline 0.001 -22"><span class='ocrx_word' id='word_1_211' title='bbox 2013 1486 2206 1548; x_wconf 90' lang='lat' dir='ltr'><strong>solum</strong></span> <span class='ocrx_word' id='word_1_212' title='bbox 2239 1487 2510 1564; x_wconf 78' lang='lat' dir='ltr'><strong>malignis</strong></span> <span class='ocrx_word' id='word_1_213' title='bbox 2544 1487 2769 1548; x_wconf 83' lang='lat' dir='ltr'><strong>artibus</strong></span> <span class='ocrx_word' id='word_1_214' title='bbox 2801 1488 3005 1563; x_wconf 82' lang='lat' dir='ltr'><strong>utitur,</strong></span> <span class='ocrx_word' id='word_1_215' title='bbox 3037 1489 3189 1568; x_wconf 89' lang='lat' dir='ltr'><strong>quod</strong></span> <span class='ocrx_word' id='word_1_216' title='bbox 3215 1489 3267 1548; x_wconf 82' lang='lat' dir='ltr'><strong>ei</strong></span> <span class='ocrx_word' id='word_1_217' title='bbox 3290 1488 3426 1550; x_wconf 92' lang='lat' dir='ltr'><strong>hinc</strong></span> <span class='ocrx_word' id='word_1_218' title='bbox 3452 1488 3663 1568; x_wconf 89' lang='lat' dir='ltr'><strong>impie-</strong></span> 
     </span>
    </p>
   </div>
   <div class='ocr_carea' id='block_1_32' title="bbox 2017 1577 3670 1656">
    <p class='ocr_par' dir='ltr' id='par_1_32' title="bbox 2017 1577 3670 1656">
     <span class='ocr_line' id='line_1_32' title="bbox 2017 1577 3670 1656; baseline 0 -20"><span class='ocrx_word' id='word_1_219' title='bbox 2017 1577 2146 1636; x_wconf 83' lang='lat' dir='ltr'><strong>tatis</strong></span> <span class='ocrx_word' id='word_1_220' title='bbox 2166 1577 2502 1654; x_wconf 89' lang='lat' dir='ltr'><strong>depeudent</strong></span> <span class='ocrx_word' id='word_1_221' title='bbox 2527 1577 3027 1640; x_wconf 85' lang='lat' dir='ltr'><strong>occasiones.Sed</strong></span> <span class='ocrx_word' id='word_1_222' title='bbox 3053 1578 3364 1639; x_wconf 79' lang='lat' dir='ltr'><strong>artificium</strong></span> <span class='ocrx_word' id='word_1_223' title='bbox 3395 1578 3522 1656; x_wconf 79' lang='lat' dir='ltr'><strong>ejus</strong></span> <span class='ocrx_word' id='word_1_224' title='bbox 3544 1595 3670 1636; x_wconf 87' lang='lat' dir='ltr'><strong>ma-</strong></span> 
     </span>
    </p>
   </div>
   <div class='ocr_carea' id='block_1_33' title="bbox 2021 1665 3664 1748">
    <p class='ocr_par' dir='ltr' id='par_1_33' title="bbox 2021 1665 3664 1748">
     <span class='ocr_line' id='line_1_33' title="bbox 2021 1665 3664 1748; baseline 0.001 -24"><span class='ocrx_word' id='word_1_225' title='bbox 2021 1665 2298 1725; x_wconf 84' lang='lat' dir='ltr'><strong>nifestum</strong></span> <span class='ocrx_word' id='word_1_226' title='bbox 2337 1673 2398 1726; x_wconf 92' lang='lat' dir='ltr'><strong>ut</strong></span> <span class='ocrx_word' id='word_1_227' title='bbox 2430 1668 2548 1740; x_wconf 88' lang='lat' dir='ltr'><strong>tiat,</strong></span> <span class='ocrx_word' id='word_1_228' title='bbox 2586 1666 2665 1725; x_wconf 86' lang='lat' dir='ltr'><strong>ita</strong></span> <span class='ocrx_word' id='word_1_229' title='bbox 2697 1666 2872 1728; x_wconf 85' lang='lat' dir='ltr'><strong>facite</strong></span> <span class='ocrx_word' id='word_1_230' title='bbox 2903 1687 2916 1726; x_wconf 90' lang='lat'><strong>:</strong></span> <span class='ocrx_word' id='word_1_231' title='bbox 2952 1683 3105 1748; x_wconf 90' lang='lat' dir='ltr'><strong>quos</strong></span> <span class='ocrx_word' id='word_1_232' title='bbox 3136 1668 3210 1726; x_wconf 92' lang='lat' dir='ltr'><strong>de</strong></span> <span class='ocrx_word' id='word_1_233' title='bbox 3245 1667 3507 1744; x_wconf 78' lang='lat' dir='ltr'><strong>ingenito</strong></span> <span class='ocrx_word' id='word_1_234' title='bbox 3568 1665 3664 1726; x_wconf 89' lang='lat' dir='ltr'><strong>in-</strong></span> 
     </span>
    </p>
   </div>
   <div class='ocr_carea' id='block_1_34' title="bbox 285 1736 1942 1836">
    <p class='ocr_par' dir='ltr' id='par_1_34' title="bbox 285 1751 1933 1830">
     <span class='ocr_line' id='line_1_34' title="bbox 285 1751 1933 1830; baseline -0.002 -20"><span class='ocrx_word' id='word_1_235' title='bbox 285 1777 432 1810; x_wconf 90' lang='grc' dir='ltr'>νοιαν</span> <span class='ocrx_word' id='word_1_236' title='bbox 479 1754 832 1830; x_wconf 79' lang='grc' dir='ltr'>ἀνθρωπίνην.</span> <span class='ocrx_word' id='word_1_237' title='bbox 885 1753 1002 1808; x_wconf 69' lang='grc' dir='ltr'>οὔτε</span> <span class='ocrx_word' id='word_1_238' title='bbox 1065 1752 1200 1806; x_wconf 79' lang='grc' dir='ltr'>κατὰ</span> <span class='ocrx_word' id='word_1_239' title='bbox 1249 1751 1494 1827; x_wconf 79' lang='grc' dir='ltr'>στέρησιν</span> <span class='ocrx_word' id='word_1_240' title='bbox 1566 1751 1782 1830; x_wconf 63' lang='grc' dir='ltr'>εὔλογόν</span> <span class='ocrx_word' id='word_1_241' title='bbox 1826 1751 1933 1808; x_wconf 79' lang='grc' dir='ltr'>ἐστι</span> 
     </span>
    </p>
   </div>
   <div class='ocr_carea' id='block_1_35' title="bbox 2032 1736 3670 1836">
    <p class='ocr_par' dir='ltr' id='par_1_35' title="bbox 2032 1736 3670 1836">
     <span class='ocr_line' id='line_1_35' title="bbox 2032 1736 3670 1836; baseline 0 -22"><span class='ocrx_word' id='word_1_242' title='bbox 2032 1754 2194 1815; x_wconf 79' lang='lat' dir='ltr'><strong>struit</strong></span> <span class='ocrx_word' id='word_1_243' title='bbox 2218 1773 2549 1834; x_wconf 81' lang='lat' dir='ltr'><strong>sermones,</strong></span> <span class='ocrx_word' id='word_1_244' title='bbox 2586 1756 2740 1834; x_wconf 89' lang='lat' dir='ltr'><strong>quod</strong></span> <span class='ocrx_word' id='word_1_245' title='bbox 2778 1736 2988 1836; x_wconf 47' lang='lat' dir='ltr'><strong>neque.</strong></span> <span class='ocrx_word' id='word_1_246' title='bbox 3012 1775 3080 1817; x_wconf 86' lang='lat' dir='ltr'><strong>ex</strong></span> <span class='ocrx_word' id='word_1_247' title='bbox 3138 1736 3398 1816; x_wconf 81' lang='lat' dir='ltr'><strong>humano</strong></span> <span class='ocrx_word' id='word_1_248' title='bbox 3460 1755 3670 1816; x_wconf 90' lang='lat' dir='ltr'><strong>conci—</strong></span> 
     </span>
    </p>
   </div>
   <div class='ocr_carea' id='block_1_36' title="bbox 287 1840 1942 1924">
    <p class='ocr_par' dir='ltr' id='par_1_36' title="bbox 287 1840 1939 1922">
     <span class='ocr_line' id='line_1_36' title="bbox 287 1840 1939 1922; baseline -0.002 -23"><span class='ocrx_word' id='word_1_249' title='bbox 287 1845 406 1922; x_wconf 76' lang='grc' dir='ltr'>περὶ</span> <span class='ocrx_word' id='word_1_250' title='bbox 439 1850 572 1899; x_wconf 90' lang='grc' dir='ltr'>Θεοῦ</span> <span class='ocrx_word' id='word_1_251' title='bbox 621 1841 890 1920; x_wconf 71' lang='grc' dir='ltr'>λέγεσθαι,</span> <span class='ocrx_word' id='word_1_252' title='bbox 952 1841 1164 1905; x_wconf 79' lang='grc' dir='ltr'>τούτους</span> <span class='ocrx_word' id='word_1_253' title='bbox 1224 1844 1631 1917; x_wconf 80' lang='grc' dir='ltr'>μετενεγκόντες</span> <span class='ocrx_word' id='word_1_254' title='bbox 1706 1840 1791 1896; x_wconf 66' lang='grc' dir='ltr'><strong>ἔπ’</strong></span> <span class='ocrx_word' id='word_1_255' title='bbox 1849 1841 1939 1896; x_wconf 74' lang='grc' dir='ltr'><strong>ἅλ-</strong></span> 
     </span>
    </p>
   </div>
   <div class='ocr_carea' id='block_1_37' title="bbox 2032 1840 3673 1924">
    <p class='ocr_par' dir='ltr' id='par_1_37' title="bbox 2032 1843 3673 1924">
     <span class='ocr_line' id='line_1_37' title="bbox 2032 1843 3673 1924; baseline 0.002 -21"><span class='ocrx_word' id='word_1_256' title='bbox 2032 1843 2221 1922; x_wconf 68' lang='lat' dir='ltr'><strong>piendi</strong></span> <span class='ocrx_word' id='word_1_257' title='bbox 2251 1845 2446 1914; x_wconf 89' lang='lat' dir='ltr'><strong>modo,</strong></span> <span class='ocrx_word' id='word_1_258' title='bbox 2477 1863 2673 1924; x_wconf 84' lang='lat' dir='ltr'><strong>neque</strong></span> <span class='ocrx_word' id='word_1_259' title='bbox 2696 1863 2764 1905; x_wconf 87' lang='lat' dir='ltr'><strong>ex</strong></span> <span class='ocrx_word' id='word_1_260' title='bbox 2786 1851 3114 1924; x_wconf 85' lang='lat' dir='ltr'><strong>privatione</strong></span> <span class='ocrx_word' id='word_1_261' title='bbox 3158 1847 3232 1906; x_wconf 91' lang='lat' dir='ltr'><strong>de</strong></span> <span class='ocrx_word' id='word_1_262' title='bbox 3256 1847 3378 1906; x_wconf 87' lang='lat' dir='ltr'><strong>Deo</strong></span> <span class='ocrx_word' id='word_1_263' title='bbox 3403 1845 3520 1905; x_wconf 91' lang='lat' dir='ltr'><strong>dici</strong></span> <span class='ocrx_word' id='word_1_264' title='bbox 3569 1853 3673 1924; x_wconf 83' lang='lat' dir='ltr'><strong>pal&#39;</strong></span> 
     </span>
    </p>
   </div>
   <div class='ocr_carea' id='block_1_38' title="bbox 287 1928 1942 2014">
    <p class='ocr_par' dir='ltr' id='par_1_38' title="bbox 287 1928 1937 2009">
     <span class='ocr_line' id='line_1_38' title="bbox 287 1928 1937 2009; baseline -0.001 -21"><span class='ocrx_word' id='word_1_265' title='bbox 287 1932 383 1988; x_wconf 91' lang='grc' dir='ltr'><strong>λου</strong></span> <span class='ocrx_word' id='word_1_266' title='bbox 435 1933 576 1994; x_wconf 82' lang='grc' dir='ltr'>τινὸς</span> <span class='ocrx_word' id='word_1_267' title='bbox 635 1937 744 1986; x_wconf 85' lang='grc' dir='ltr'>τῶν</span> <span class='ocrx_word' id='word_1_268' title='bbox 789 1933 907 2009; x_wconf 84' lang='grc' dir='ltr'>πυρὶ</span> <span class='ocrx_word' id='word_1_269' title='bbox 967 1937 1097 1987; x_wconf 87' lang='grc' dir='ltr'>Θεοῦ</span> <span class='ocrx_word' id='word_1_270' title='bbox 1138 1928 1462 2008; x_wconf 77' lang='grc' dir='ltr'>λεγομένων,</span> <span class='ocrx_word' id='word_1_271' title='bbox 1523 1944 1798 1993; x_wconf 75' lang='grc' dir='ltr'>σκοπεῖτε,</span> <span class='ocrx_word' id='word_1_272' title='bbox 1834 1932 1937 1988; x_wconf 72' lang='grc' dir='ltr'><strong>Εὖ-</strong></span> 
     </span>
    </p>
   </div>
   <div class='ocr_carea' id='block_1_39' title="bbox 2032 1928 3674 2014">
    <p class='ocr_par' dir='ltr' id='par_1_39' title="bbox 2032 1933 3674 2014">
     <span class='ocr_line' id='line_1_39' title="bbox 2032 1933 3674 2014; baseline -0.001 -21"><span class='ocrx_word' id='word_1_273' title='bbox 2032 1942 2111 1993; x_wconf 74' lang='lat' dir='ltr'><strong>est</strong></span> <span class='ocrx_word' id='word_1_274' title='bbox 2135 1957 2148 2008; x_wconf 73' lang='grc' dir='ltr'><strong>ς</strong></span> <span class='ocrx_word' id='word_1_275' title='bbox 2173 1934 2278 1994; x_wconf 82' lang='lat' dir='ltr'><strong>bos</strong></span> <span class='ocrx_word' id='word_1_276' title='bbox 2305 1934 2621 1995; x_wconf 85' lang='lat' dir='ltr'><strong>translatos</strong></span> <span class='ocrx_word' id='word_1_277' title='bbox 2645 1934 2703 1994; x_wconf 90' lang='lat' dir='ltr'><strong>iu</strong></span> <span class='ocrx_word' id='word_1_278' title='bbox 2727 1934 2887 1995; x_wconf 86' lang='lat' dir='ltr'><strong>aliud</strong></span> <span class='ocrx_word' id='word_1_279' title='bbox 2913 1935 3210 2014; x_wconf 86' lang='lat' dir='ltr'><strong>quoddam</strong></span> <span class='ocrx_word' id='word_1_280' title='bbox 3235 1952 3447 1994; x_wconf 90' lang='lat' dir='ltr'><strong>nomen</strong></span> <span class='ocrx_word' id='word_1_281' title='bbox 3488 1953 3557 1994; x_wconf 81' lang='lat' dir='ltr'><strong>ex</strong></span> <span class='ocrx_word' id='word_1_282' title='bbox 3582 1933 3674 1994; x_wconf 91' lang='lat' dir='ltr'><strong>his</strong></span> 
     </span>
    </p>
   </div>
   <div class='ocr_carea' id='block_1_40' title="bbox 290 2017 1942 2103">
    <p class='ocr_par' dir='ltr' id='par_1_40' title="bbox 290 2017 1937 2099">
     <span class='ocr_line' id='line_1_40' title="bbox 290 2017 1937 2099; baseline -0.001 -23"><span class='ocrx_word' id='word_1_283' title='bbox 290 2022 482 2099; x_wconf 75' lang='grc' dir='ltr'>ρήσετε</span> <span class='ocrx_word' id='word_1_284' title='bbox 512 2021 611 2098; x_wconf 82' lang='grc' dir='ltr'>γὰρ</span> <span class='ocrx_word' id='word_1_285' title='bbox 669 2020 879 2093; x_wconf 79' lang='grc' dir='ltr'>ἑκάστῳ</span> <span class='ocrx_word' id='word_1_286' title='bbox 932 2017 1162 2096; x_wconf 76' lang='grc' dir='ltr'>ἀκριϐῶς</span> <span class='ocrx_word' id='word_1_287' title='bbox 1225 2017 1642 2096; x_wconf 75' lang='grc' dir='ltr'>ἒφαρμόζολτας.</span> <span class='ocrx_word' id='word_1_288' title='bbox 1702 2022 1820 2099; x_wconf 83' lang='grc' dir='ltr'>Καὶ,</span> <span class='ocrx_word' id='word_1_289' title='bbox 1895 2021 1937 2075; x_wconf 77' lang='grc' dir='ltr'>εἰ</span> 
     </span>
    </p>
   </div>
   <div class='ocr_carea' id='block_1_41' title="bbox 2032 2017 3669 2103">
    <p class='ocr_par' dir='ltr' id='par_1_41' title="bbox 2032 2021 3669 2103">
     <span class='ocr_line' id='line_1_41' title="bbox 2032 2021 3669 2103; baseline -0.001 -19"><span class='ocrx_word' id='word_1_290' title='bbox 2032 2041 2151 2103; x_wconf 56' lang='lat' dir='ltr'><strong>quae</strong></span> <span class='ocrx_word' id='word_1_291' title='bbox 2177 2024 2250 2084; x_wconf 91' lang='lat' dir='ltr'><strong>de</strong></span> <span class='ocrx_word' id='word_1_292' title='bbox 2277 2022 2396 2084; x_wconf 90' lang='lat' dir='ltr'><strong>Deo</strong></span> <span class='ocrx_word' id='word_1_293' title='bbox 2430 2023 2728 2098; x_wconf 90' lang='lat' dir='ltr'><strong>dicuntur,</strong></span> <span class='ocrx_word' id='word_1_294' title='bbox 2766 2025 3161 2086; x_wconf 88' lang='lat' dir='ltr'><strong>consideretis</strong></span> <span class='ocrx_word' id='word_1_295' title='bbox 3193 2023 3388 2098; x_wconf 67' lang='lat' dir='ltr'><strong>velim;</strong></span> <span class='ocrx_word' id='word_1_296' title='bbox 3421 2021 3669 2085; x_wconf 88' lang='lat' dir='ltr'><strong>Unicui-</strong></span> 
     </span>
    </p>
   </div>
   <div class='ocr_carea' id='block_1_42' title="bbox 289 2107 1942 2194">
    <p class='ocr_par' dir='ltr' id='par_1_42' title="bbox 289 2107 1933 2186">
     <span class='ocr_line' id='line_1_42' title="bbox 289 2107 1933 2186; baseline -0.001 -21"><span class='ocrx_word' id='word_1_297' title='bbox 289 2108 560 2186; x_wconf 60' lang='grc' dir='ltr'>βούλεσθε,</span> <span class='ocrx_word' id='word_1_298' title='bbox 612 2107 697 2164; x_wconf 77' lang='grc' dir='ltr'><strong>ἐπὶ</strong></span> <span class='ocrx_word' id='word_1_299' title='bbox 754 2111 848 2164; x_wconf 91' lang='grc' dir='ltr'><strong>τοῦ</strong></span> <span class='ocrx_word' id='word_1_300' title='bbox 919 2107 1180 2186; x_wconf 69' lang='grc' dir='ltr'>ἀφθάρτου</span> <span class='ocrx_word' id='word_1_301' title='bbox 1227 2115 1387 2163; x_wconf 84' lang='grc' dir='ltr'>ταῦτα</span> <span class='ocrx_word' id='word_1_302' title='bbox 1445 2107 1708 2183; x_wconf 73' lang='grc' dir='ltr'><strong>λέγωμεν²</strong></span> <span class='ocrx_word' id='word_1_303' title='bbox 1772 2110 1933 2176; x_wconf 70' lang='grc' dir='ltr'>αὐτὴν</span> 
     </span>
    </p>
   </div>
   <div class='ocr_carea' id='block_1_43' title="bbox 2032 2107 3669 2194">
    <p class='ocr_par' dir='ltr' id='par_1_43' title="bbox 2032 2111 3669 2194">
     <span class='ocr_line' id='line_1_43' title="bbox 2032 2111 3669 2194; baseline 0 -22"><span class='ocrx_word' id='word_1_304' title='bbox 2032 2131 2138 2187; x_wconf 66' lang='lat' dir='ltr'><strong>que</strong></span> <span class='ocrx_word' id='word_1_305' title='bbox 2170 2112 2329 2174; x_wconf 89' lang='lat' dir='ltr'><strong>enim</strong></span> <span class='ocrx_word' id='word_1_306' title='bbox 2365 2113 2598 2174; x_wconf 90' lang='lat' dir='ltr'><strong>illorum</strong></span> <span class='ocrx_word' id='word_1_307' title='bbox 2634 2131 2877 2194; x_wconf 85' lang='lat' dir='ltr'><strong>prorsus</strong></span> <span class='ocrx_word' id='word_1_308' title='bbox 2911 2116 3230 2175; x_wconf 85' lang='lat' dir='ltr'><strong>convenire</strong></span> <span class='ocrx_word' id='word_1_309' title='bbox 3265 2111 3669 2192; x_wconf 91' lang='lat' dir='ltr'><strong>comperietis.</strong></span> 
     </span>
    </p>
   </div>
   <div class='ocr_carea' id='block_1_44' title="bbox 288 2196 1942 2282">
    <p class='ocr_par' dir='ltr' id='par_1_44' title="bbox 288 2196 1932 2277">
     <span class='ocr_line' id='line_1_44' title="bbox 288 2196 1932 2277; baseline -0.001 -22"><span class='ocrx_word' id='word_1_310' title='bbox 288 2201 447 2256; x_wconf 67' lang='grc' dir='ltr'>αὐτοῦ</span> <span class='ocrx_word' id='word_1_311' title='bbox 498 2199 595 2264; x_wconf 76' lang='grc' dir='ltr'>τὴν</span> <span class='ocrx_word' id='word_1_312' title='bbox 650 2197 788 2261; x_wconf 78' lang='grc' dir='ltr'>λέξιν</span> <span class='ocrx_word' id='word_1_313' title='bbox 835 2197 1310 2272; x_wconf 81' lang='grc' dir='ltr'>μετακομίσαντες,</span> <span class='ocrx_word' id='word_1_314' title='bbox 1375 2197 1667 2277; x_wconf 77' lang='grc' dir='ltr'>Ἀφθαρτον</span> <span class='ocrx_word' id='word_1_315' title='bbox 1725 2196 1778 2253; x_wconf 74' lang='grc' dir='ltr'>δὲ</span> <span class='ocrx_word' id='word_1_316' title='bbox 1839 2199 1932 2254; x_wconf 86' lang='grc' dir='ltr'>λέ-</span> 
     </span>
    </p>
   </div>
   <div class='ocr_carea' id='block_1_45' title="bbox 2032 2196 3672 2282">
    <p class='ocr_par' dir='ltr' id='par_1_45' title="bbox 2032 2200 3672 2282">
     <span class='ocr_line' id='line_1_45' title="bbox 2032 2200 3672 2282; baseline 0 -22"><span class='ocrx_word' id='word_1_317' title='bbox 2032 2200 2110 2262; x_wconf 80' lang='lat' dir='ltr'><strong>Et.</strong></span> <span class='ocrx_word' id='word_1_318' title='bbox 2139 2201 2186 2262; x_wconf 89' lang='lat' dir='ltr'><strong>si</strong></span> <span class='ocrx_word' id='word_1_319' title='bbox 2212 2203 2407 2275; x_wconf 83' lang='lat' dir='ltr'><strong>vultis,</strong></span> <span class='ocrx_word' id='word_1_320' title='bbox 2436 2203 2510 2263; x_wconf 91' lang='lat' dir='ltr'><strong>de</strong></span> <span class='ocrx_word' id='word_1_321' title='bbox 2543 2202 2976 2282; x_wconf 81' lang='lat' dir='ltr'><strong>incorraptibili</strong></span> <span class='ocrx_word' id='word_1_322' title='bbox 3008 2201 3216 2263; x_wconf 90' lang='lat' dir='ltr'><strong>eadem</strong></span> <span class='ocrx_word' id='word_1_323' title='bbox 3254 2201 3543 2281; x_wconf 81' lang='lat' dir='ltr'><strong>dicamus,</strong></span> <span class='ocrx_word' id='word_1_324' title='bbox 3580 2200 3672 2262; x_wconf 89' lang='lat' dir='ltr'><strong>his</strong></span> 
     </span>
    </p>
   </div>
   <div class='ocr_carea' id='block_1_46' title="bbox 286 2285 1942 2370">
    <p class='ocr_par' dir='ltr' id='par_1_46' title="bbox 286 2285 1930 2366">
     <span class='ocr_line' id='line_1_46' title="bbox 286 2285 1930 2366; baseline -0.001 -23"><span class='ocrx_word' id='word_1_325' title='bbox 286 2309 498 2366; x_wconf 85' lang='grc' dir='ltr'>γοντες,</span> <span class='ocrx_word' id='word_1_326' title='bbox 536 2289 595 2343; x_wconf 77' lang='grc' dir='ltr'><strong>οῦ</strong></span> <span class='ocrx_word' id='word_1_327' title='bbox 637 2286 754 2342; x_wconf 87' lang='grc' dir='ltr'>κατ’</span> <span class='ocrx_word' id='word_1_328' title='bbox 816 2286 1050 2342; x_wconf 74' lang='grc' dir='ltr'>ἐπίνοιαν</span> <span class='ocrx_word' id='word_1_329' title='bbox 1110 2285 1434 2363; x_wconf 78' lang='grc' dir='ltr'>ἀνθρωπίνην</span> <span class='ocrx_word' id='word_1_330' title='bbox 1492 2288 1763 2360; x_wconf 71' lang='grc' dir='ltr'>σεμνύνειν</span> <span class='ocrx_word' id='word_1_331' title='bbox 1821 2288 1930 2343; x_wconf 77' lang='grc' dir='ltr'>οἶό-</span> 
     </span>
    </p>
   </div>
   <div class='ocr_carea' id='block_1_47' title="bbox 2032 2285 3670 2370">
    <p class='ocr_par' dir='ltr' id='par_1_47' title="bbox 2032 2289 3670 2370">
     <span class='ocr_line' id='line_1_47' title="bbox 2032 2289 3670 2370; baseline 0 -20"><span class='ocrx_word' id='word_1_332' title='bbox 2032 2292 2162 2369; x_wconf 90' lang='lat' dir='ltr'><strong>.psis</strong></span> <span class='ocrx_word' id='word_1_333' title='bbox 2187 2291 2404 2370; x_wconf 88' lang='lat' dir='ltr'><strong>quibus</strong></span> <span class='ocrx_word' id='word_1_334' title='bbox 2434 2291 2619 2352; x_wconf 90' lang='lat' dir='ltr'><strong>utitur</strong></span> <span class='ocrx_word' id='word_1_335' title='bbox 2643 2292 2838 2352; x_wconf 81' lang='lat' dir='ltr'><strong>verbis</strong></span> <span class='ocrx_word' id='word_1_336' title='bbox 2865 2293 2977 2352; x_wconf 87' lang='lat' dir='ltr'><strong>huc</strong></span> <span class='ocrx_word' id='word_1_337' title='bbox 2998 2289 3368 2352; x_wconf 88' lang='lat' dir='ltr'><strong>transmotis.</strong></span> <span class='ocrx_word' id='word_1_338' title='bbox 3396 2293 3670 2352; x_wconf 87' lang='lat' dir='ltr'><strong>Incorru-</strong></span> 
     </span>
    </p>
   </div>
   <div class='ocr_carea' id='block_1_48' title="bbox 289 2372 1935 2454">
    <p class='ocr_par' dir='ltr' id='par_1_48' title="bbox 289 2372 1935 2454">
     <span class='ocr_line' id='line_1_48' title="bbox 289 2372 1935 2454; baseline 0 -21"><span class='ocrx_word' id='word_1_339' title='bbox 289 2381 426 2454; x_wconf 84' lang='grc' dir='ltr'>μεθα</span> <span class='ocrx_word' id='word_1_340' title='bbox 475 2377 611 2432; x_wconf 79' lang='grc' dir='ltr'>δεῖν’</span> <span class='ocrx_word' id='word_1_341' title='bbox 674 2376 1007 2432; x_wconf 73' lang='grc' dir='ltr'>ἆποτιδνύναι</span> <span class='ocrx_word' id='word_1_342' title='bbox 1057 2372 1111 2430; x_wconf 66' lang='grc' dir='ltr'>δὲ</span> <span class='ocrx_word' id='word_1_343' title='bbox 1200 2379 1342 2446; x_wconf 72' lang='grc' dir='ltr'>αὐτῷ</span> <span class='ocrx_word' id='word_1_344' title='bbox 1403 2377 1460 2429; x_wconf 72' lang='grc' dir='ltr'>τὸ</span> <span class='ocrx_word' id='word_1_345' title='bbox 1509 2377 1720 2432; x_wconf 82' lang='grc' dir='ltr'>πάντων</span> <span class='ocrx_word' id='word_1_346' title='bbox 1778 2378 1935 2454; x_wconf 82' lang='grc' dir='ltr'>ἆναγ·</span> 
     </span>
    </p>
   </div>
   <div class='ocr_carea' id='block_1_49' title="bbox 287 2461 1932 2545">
    <p class='ocr_par' dir='ltr' id='par_1_49' title="bbox 287 2461 1932 2545">
     <span class='ocr_line' id='line_1_49' title="bbox 287 2461 1932 2545; baseline -0.004 -21"><span class='ocrx_word' id='word_1_347' title='bbox 287 2467 570 2524; x_wconf 82' lang='grc' dir='ltr'>καιότατον</span> <span class='ocrx_word' id='word_1_348' title='bbox 600 2465 841 2545; x_wconf 70' lang='grc' dir='ltr'>ὄφλημα,</span> <span class='ocrx_word' id='word_1_349' title='bbox 901 2467 990 2530; x_wconf 79' lang='grc' dir='ltr'>τὴν</span> <span class='ocrx_word' id='word_1_350' title='bbox 1039 2472 1130 2520; x_wconf 82' lang='grc' dir='ltr'><strong>τοῦ</strong></span> <span class='ocrx_word' id='word_1_351' title='bbox 1163 2465 1302 2520; x_wconf 79' lang='grc' dir='ltr'>εἶναι</span> <span class='ocrx_word' id='word_1_352' title='bbox 1355 2461 1383 2519; x_wconf 73' lang='grc' dir='ltr'>ὅ</span> <span class='ocrx_word' id='word_1_353' title='bbox 1432 2465 1571 2521; x_wconf 83' lang='grc' dir='ltr'>ἐστιν</span> <span class='ocrx_word' id='word_1_354' title='bbox 1624 2465 1932 2544; x_wconf 79' lang='grc' dir='ltr'>ὁμολογίαν·</span> 
     </span>
    </p>
   </div>
   <div class='ocr_carea' id='block_1_50' title="bbox 289 2553 1944 2632">
    <p class='ocr_par' dir='ltr' id='par_1_50' title="bbox 289 2553 1944 2632">
     <span class='ocr_line' id='line_1_50' title="bbox 289 2553 1944 2632; baseline 0.001 -21"><span class='ocrx_word' id='word_1_355' title='bbox 289 2555 430 2612; x_wconf 75' lang='grc' dir='ltr'>ἀλλὰ</span> <span class='ocrx_word' id='word_1_356' title='bbox 460 2557 565 2630; x_wconf 72' lang='grc' dir='ltr'>μὴν</span> <span class='ocrx_word' id='word_1_357' title='bbox 599 2555 711 2611; x_wconf 69' lang='grc' dir='ltr'>οὔδε</span> <span class='ocrx_word' id='word_1_358' title='bbox 741 2556 877 2612; x_wconf 78' lang='grc' dir='ltr'>κατὰ</span> <span class='ocrx_word' id='word_1_359' title='bbox 917 2554 1165 2632; x_wconf 88' lang='grc' dir='ltr'>στέρησιν</span> <span class='ocrx_word' id='word_1_360' title='bbox 1225 2553 1376 2630; x_wconf 74' lang='grc'><strong>(64)·</strong></span> <span class='ocrx_word' id='word_1_361' title='bbox 1424 2553 1476 2609; x_wconf 71' lang='grc' dir='ltr'><strong>εἴ</strong></span> <span class='ocrx_word' id='word_1_362' title='bbox 1531 2577 1592 2630; x_wconf 88' lang='grc' dir='ltr'><strong>γε</strong></span> <span class='ocrx_word' id='word_1_363' title='bbox 1647 2561 1751 2610; x_wconf 86' lang='grc' dir='ltr'>τῶν</span> <span class='ocrx_word' id='word_1_364' title='bbox 1809 2557 1944 2612; x_wconf 79' lang='grc' dir='ltr'>κατὰ</span> 
     </span>
    </p>
   </div>
   <div class='ocr_carea' id='block_1_51' title="bbox 291 2642 1943 2724">
    <p class='ocr_par' dir='ltr' id='par_1_51' title="bbox 291 2642 1943 2724">
     <span class='ocr_line' id='line_1_51' title="bbox 291 2642 1943 2724; baseline -0.001 -24"><span class='ocrx_word' id='word_1_365' title='bbox 291 2646 444 2724; x_wconf 77' lang='grc' dir='ltr'>φύσιν</span> <span class='ocrx_word' id='word_1_366' title='bbox 498 2648 545 2700; x_wconf 65' lang='grc' dir='ltr'><strong>ιις</strong></span> <span class='ocrx_word' id='word_1_367' title='bbox 597 2647 870 2722; x_wconf 72' lang='grc' dir='ltr'>στερήσεις</span> <span class='ocrx_word' id='word_1_368' title='bbox 931 2645 1031 2700; x_wconf 77' lang='grc' dir='ltr'>εἶσὶ</span> <span class='ocrx_word' id='word_1_369' title='bbox 1101 2642 1396 2717; x_wconf 80' lang='grc' dir='ltr'>στερήσεις,</span> <span class='ocrx_word' id='word_1_370' title='bbox 1461 2646 1548 2699; x_wconf 84' lang='grc' dir='ltr'><strong>καὶ</strong></span> <span class='ocrx_word' id='word_1_371' title='bbox 1608 2652 1715 2699; x_wconf 81' lang='grc' dir='ltr'>τῶν</span> <span class='ocrx_word' id='word_1_372' title='bbox 1785 2645 1943 2711; x_wconf 76' lang='grc' dir='ltr'>ἕξεων</span> 
     </span>
    </p>
   </div>
   <div class='ocr_carea' id='block_1_52' title="bbox 293 2731 1942 2811">
    <p class='ocr_par' dir='ltr' id='par_1_52' title="bbox 293 2731 1942 2811">
     <span class='ocr_line' id='line_1_52' title="bbox 293 2731 1942 2811; baseline 0.001 -23"><span class='ocrx_word' id='word_1_373' title='bbox 293 2731 548 2810; x_wconf 77' lang='grc' dir='ltr'>δεύτεραι,</span> <span class='ocrx_word' id='word_1_374' title='bbox 583 2736 642 2790; x_wconf 86' lang='grc' dir='ltr'>Τί</span> <span class='ocrx_word' id='word_1_375' title='bbox 689 2733 893 2807; x_wconf 79' lang='grc' dir='ltr'>μᾶλλον</span> <span class='ocrx_word' id='word_1_376' title='bbox 924 2734 1008 2788; x_wconf 70' lang='grc' dir='ltr'><strong>επὶ</strong></span> <span class='ocrx_word' id='word_1_377' title='bbox 1054 2739 1147 2789; x_wconf 90' lang='grc' dir='ltr'><strong>τοῦ</strong></span> <span class='ocrx_word' id='word_1_378' title='bbox 1205 2733 1496 2809; x_wconf 73' lang='grc' dir='ltr'>ἀγεννήτου</span> <span class='ocrx_word' id='word_1_379' title='bbox 1539 2733 1724 2811; x_wconf 83' lang='grc' dir='ltr'>πρέπει</span> <span class='ocrx_word' id='word_1_380' title='bbox 1781 2742 1942 2791; x_wconf 84' lang='grc' dir='ltr'>ταῦτα</span> 
     </span>
    </p>
   </div>
   <div class='ocr_carea' id='block_1_53' title="bbox 293 2821 1945 2902">
    <p class='ocr_par' dir='ltr' id='par_1_53' title="bbox 293 2821 1945 2902">
     <span class='ocr_line' id='line_1_53' title="bbox 293 2821 1945 2902; baseline 0.001 -25"><span class='ocrx_word' id='word_1_381' title='bbox 293 2821 610 2902; x_wconf 68' lang='grc' dir='ltr'>γιλοσοφεῖν</span> <span class='ocrx_word' id='word_1_382' title='bbox 656 2823 691 2890; x_wconf 76' lang='grc' dir='ltr'>ἢ</span> <span class='ocrx_word' id='word_1_383' title='bbox 745 2824 832 2879; x_wconf 87' lang='grc' dir='ltr'><strong>καὶ</strong></span> <span class='ocrx_word' id='word_1_384' title='bbox 889 2823 974 2878; x_wconf 78' lang='grc' dir='ltr'><strong>ἐπὶ</strong></span> <span class='ocrx_word' id='word_1_385' title='bbox 1025 2829 1116 2878; x_wconf 89' lang='grc' dir='ltr'><strong>τοῦ</strong></span> <span class='ocrx_word' id='word_1_386' title='bbox 1185 2821 1464 2902; x_wconf 67' lang='grc' dir='ltr'>ἀφθάρτου,</span> <span class='ocrx_word' id='word_1_387' title='bbox 1525 2825 1611 2878; x_wconf 85' lang='grc' dir='ltr'><strong>καὶ</strong></span> <span class='ocrx_word' id='word_1_388' title='bbox 1668 2821 1802 2886; x_wconf 80' lang='grc' dir='ltr'>ὅλως</span> <span class='ocrx_word' id='word_1_389' title='bbox 1864 2825 1945 2902; x_wconf 68' lang='grc' dir='ltr'><strong>ἐφ’</strong></span> 
     </span>
    </p>
   </div>
   <div class='ocr_carea' id='block_1_54' title="bbox 296 2911 1945 2993">
    <p class='ocr_par' dir='ltr' id='par_1_54' title="bbox 296 2911 1945 2993">
     <span class='ocr_line' id='line_1_54' title="bbox 296 2911 1945 2993; baseline 0.001 -27"><span class='ocrx_word' id='word_1_390' title='bbox 296 2912 526 2978; x_wconf 78' lang='grc' dir='ltr'>ἑκάστης</span> <span class='ocrx_word' id='word_1_391' title='bbox 550 2917 730 2992; x_wconf 74' lang='grc' dir='ltr'>φωνῆς</span> <span class='ocrx_word' id='word_1_392' title='bbox 762 2917 858 2978; x_wconf 75' lang='grc' dir='ltr'>τῆς</span> <span class='ocrx_word' id='word_1_393' title='bbox 890 2913 1023 2968; x_wconf 79' lang='grc' dir='ltr'>κατὰ</span> <span class='ocrx_word' id='word_1_394' title='bbox 1073 2912 1162 2967; x_wconf 85' lang='grc' dir='ltr'>τὸν</span> <span class='ocrx_word' id='word_1_395' title='bbox 1223 2913 1284 2966; x_wconf 75' lang='grc' dir='ltr'>τὸ</span> <span class='ocrx_word' id='word_1_396' title='bbox 1311 2911 1465 2967; x_wconf 69' lang='grc' dir='ltr'>αὒτὸν</span> <span class='ocrx_word' id='word_1_397' title='bbox 1515 2913 1674 2968; x_wconf 83' lang='grc' dir='ltr'>τύπον</span> <span class='ocrx_word' id='word_1_398' title='bbox 1723 2913 1945 2993; x_wconf 75' lang='grc' dir='ltr'>ἐκφερο-</span> 
     </span>
    </p>
   </div>
   <div class='ocr_carea' id='block_1_55' title="bbox 2023 2379 3670 2461">
    <p class='ocr_par' dir='ltr' id='par_1_55' title="bbox 2023 2379 3670 2461">
     <span class='ocr_line' id='line_1_55' title="bbox 2023 2379 3670 2461; baseline 0.001 -25"><span class='ocrx_word' id='word_1_399' title='bbox 2023 2381 2288 2460; x_wconf 90' lang='lat' dir='ltr'><strong>ptibilem</strong></span> <span class='ocrx_word' id='word_1_400' title='bbox 2305 2390 2503 2449; x_wconf 85' lang='lat' dir='ltr'><strong>autem</strong></span> <span class='ocrx_word' id='word_1_401' title='bbox 2523 2400 2657 2441; x_wconf 89' lang='lat' dir='ltr'><strong>cum</strong></span> <span class='ocrx_word' id='word_1_402' title='bbox 2678 2381 2954 2461; x_wconf 86' lang='lat' dir='ltr'><strong>dicimus,</strong></span> <span class='ocrx_word' id='word_1_403' title='bbox 2975 2400 3092 2441; x_wconf 93' lang='lat' dir='ltr'><strong>non</strong></span> <span class='ocrx_word' id='word_1_404' title='bbox 3113 2379 3440 2442; x_wconf 78' lang='lat' dir='ltr'><strong>secundum</strong></span> <span class='ocrx_word' id='word_1_405' title='bbox 3456 2381 3670 2440; x_wconf 91' lang='lat' dir='ltr'><strong>huma-</strong></span> 
     </span>
    </p>
   </div>
   <div class='ocr_carea' id='block_1_56' title="bbox 2028 2468 3669 2545">
    <p class='ocr_par' dir='ltr' id='par_1_56' title="bbox 2028 2468 3669 2545">
     <span class='ocr_line' id='line_1_56' title="bbox 2028 2468 3669 2545; baseline -0.001 -16"><span class='ocrx_word' id='word_1_406' title='bbox 2028 2489 2166 2530; x_wconf 92' lang='lat' dir='ltr'><strong>num</strong></span> <span class='ocrx_word' id='word_1_407' title='bbox 2200 2470 2571 2545; x_wconf 82' lang='lat' dir='ltr'><strong>intelligendi</strong></span> <span class='ocrx_word' id='word_1_408' title='bbox 2596 2471 2835 2530; x_wconf 92' lang='lat' dir='ltr'><strong>modum</strong></span> <span class='ocrx_word' id='word_1_409' title='bbox 2868 2470 3271 2532; x_wconf 88' lang='lat' dir='ltr'><strong>decorandum</strong></span> <span class='ocrx_word' id='word_1_410' title='bbox 3296 2487 3426 2531; x_wconf 87' lang='lat' dir='ltr'><strong>esse</strong></span> <span class='ocrx_word' id='word_1_411' title='bbox 3486 2468 3669 2528; x_wconf 93' lang='lat' dir='ltr'><strong>Deum</strong></span> 
     </span>
    </p>
   </div>
   <div class='ocr_carea' id='block_1_57' title="bbox 2026 2557 3676 2638">
    <p class='ocr_par' dir='ltr' id='par_1_57' title="bbox 2026 2557 3676 2638">
     <span class='ocr_line' id='line_1_57' title="bbox 2026 2557 3676 2638; baseline -0.002 -18"><span class='ocrx_word' id='word_1_412' title='bbox 2026 2559 2408 2621; x_wconf 86' lang='lat' dir='ltr'><strong>arbitramur:</strong></span> <span class='ocrx_word' id='word_1_413' title='bbox 2437 2559 2543 2620; x_wconf 91' lang='lat' dir='ltr'><strong>sed</strong></span> <span class='ocrx_word' id='word_1_414' title='bbox 2577 2560 3031 2638; x_wconf 88' lang='lat' dir='ltr'><strong>persolvendum</strong></span> <span class='ocrx_word' id='word_1_415' title='bbox 3055 2561 3106 2620; x_wconf 88' lang='lat' dir='ltr'><strong>ei</strong></span> <span class='ocrx_word' id='word_1_416' title='bbox 3134 2559 3400 2622; x_wconf 89' lang='lat' dir='ltr'><strong>debitum</strong></span> <span class='ocrx_word' id='word_1_417' title='bbox 3421 2557 3676 2618; x_wconf 80' lang='lat' dir='ltr'><strong>maxime</strong></span> 
     </span>
    </p>
   </div>
   <div class='ocr_carea' id='block_1_58' title="bbox 2027 2647 3674 2727">
    <p class='ocr_par' dir='ltr' id='par_1_58' title="bbox 2027 2647 3674 2727">
     <span class='ocr_line' id='line_1_58' title="bbox 2027 2647 3674 2727; baseline -0.002 -17"><span class='ocrx_word' id='word_1_418' title='bbox 2027 2650 2290 2710; x_wconf 91' lang='lat' dir='ltr'><strong>omnium</strong></span> <span class='ocrx_word' id='word_1_419' title='bbox 2323 2651 2744 2726; x_wconf 84' lang='lat' dir='ltr'><strong>necessarium,</strong></span> <span class='ocrx_word' id='word_1_420' title='bbox 2774 2649 3210 2712; x_wconf 84' lang='lat' dir='ltr'><strong>confessionem</strong></span> <span class='ocrx_word' id='word_1_421' title='bbox 3237 2647 3532 2721; x_wconf 87' lang='lat' dir='ltr'><strong>videlicet,</strong></span> <span class='ocrx_word' id='word_1_422' title='bbox 3559 2665 3674 2727; x_wconf 83' lang='lat' dir='ltr'><strong>qua</strong></span> 
     </span>
    </p>
   </div>
   <div class='ocr_carea' id='block_1_59' title="bbox 2029 2737 3670 2820">
    <p class='ocr_par' dir='ltr' id='par_1_59' title="bbox 2029 2737 3670 2820">
     <span class='ocr_line' id='line_1_59' title="bbox 2029 2737 3670 2820; baseline -0.001 -21"><span class='ocrx_word' id='word_1_423' title='bbox 2029 2757 2160 2799; x_wconf 85' lang='lat' dir='ltr'><strong>eum</strong></span> <span class='ocrx_word' id='word_1_424' title='bbox 2198 2740 2254 2800; x_wconf 91' lang='lat' dir='ltr'><strong>id</strong></span> <span class='ocrx_word' id='word_1_425' title='bbox 2282 2759 2412 2801; x_wconf 92' lang='lat' dir='ltr'><strong>esse</strong></span> <span class='ocrx_word' id='word_1_426' title='bbox 2443 2739 2602 2820; x_wconf 89' lang='lat' dir='ltr'><strong>quod</strong></span> <span class='ocrx_word' id='word_1_427' title='bbox 2635 2750 2728 2800; x_wconf 91' lang='lat' dir='ltr'><strong>est</strong></span> <span class='ocrx_word' id='word_1_428' title='bbox 2757 2740 3186 2800; x_wconf 82' lang='lat' dir='ltr'><strong>conﬁteamur:</strong></span> <span class='ocrx_word' id='word_1_429' title='bbox 3223 2737 3328 2799; x_wconf 89' lang='lat' dir='ltr'><strong>sed</strong></span> <span class='ocrx_word' id='word_1_430' title='bbox 3351 2755 3550 2814; x_wconf 90' lang='lat' dir='ltr'><strong>neque</strong></span> <span class='ocrx_word' id='word_1_431' title='bbox 3571 2754 3670 2797; x_wconf 91' lang='lat' dir='ltr'><strong>se-</strong></span> 
     </span>
    </p>
   </div>
   <div class='ocr_carea' id='block_1_60' title="bbox 2029 2827 3676 2910">
    <p class='ocr_par' dir='ltr' id='par_1_60' title="bbox 2029 2827 3676 2910">
     <span class='ocr_line' id='line_1_60' title="bbox 2029 2827 3676 2910; baseline -0.002 -21"><span class='ocrx_word' id='word_1_432' title='bbox 2029 2829 2290 2889; x_wconf 89' lang='lat' dir='ltr'><strong>cundum</strong></span> <span class='ocrx_word' id='word_1_433' title='bbox 2324 2828 2710 2910; x_wconf 86' lang='lat' dir='ltr'><strong>privationem</strong></span> <span class='ocrx_word' id='word_1_434' title='bbox 2748 2849 2760 2886; x_wconf 93' lang='lat'><strong>:</strong></span> <span class='ocrx_word' id='word_1_435' title='bbox 2795 2829 3089 2908; x_wconf 91' lang='lat' dir='ltr'><strong>stpuidem</strong></span> <span class='ocrx_word' id='word_1_436' title='bbox 3150 2827 3509 2908; x_wconf 81' lang='lat' dir='ltr'><strong>privationes</strong></span> <span class='ocrx_word' id='word_1_437' title='bbox 3539 2828 3676 2886; x_wconf 70' lang='lat' dir='ltr'><strong>sunt</strong></span> 
     </span>
    </p>
   </div>
   <div class='ocr_carea' id='block_1_61' title="bbox 2032 2914 3674 2998">
    <p class='ocr_par' dir='ltr' id='par_1_61' title="bbox 2032 2914 3674 2998">
     <span class='ocr_line' id='line_1_61' title="bbox 2032 2914 3674 2998; baseline -0.002 -21"><span class='ocrx_word' id='word_1_438' title='bbox 2032 2919 2315 2998; x_wconf 89' lang='lat' dir='ltr'><strong>privation</strong></span> <span class='ocrx_word' id='word_1_439' title='bbox 2327 2937 2392 2978; x_wconf 83' lang='lat' dir='ltr'><strong>es</strong></span> <span class='ocrx_word' id='word_1_440' title='bbox 2415 2936 2618 2978; x_wconf 88' lang='lat' dir='ltr'><strong>eorum</strong></span> <span class='ocrx_word' id='word_1_441' title='bbox 2639 2935 2767 2998; x_wconf 63' lang='lat' dir='ltr'><strong>quae</strong></span> <span class='ocrx_word' id='word_1_442' title='bbox 2790 2926 2924 2979; x_wconf 90' lang='lat' dir='ltr'><strong>sunt</strong></span> <span class='ocrx_word' id='word_1_443' title='bbox 2947 2927 3178 2993; x_wconf 86' lang='lat' dir='ltr'><strong>natura,</strong></span> <span class='ocrx_word' id='word_1_444' title='bbox 3205 2923 3462 2998; x_wconf 88' lang='lat' dir='ltr'><strong>suntque</strong></span> <span class='ocrx_word' id='word_1_445' title='bbox 3503 2914 3674 2976; x_wconf 83' lang='lat' dir='ltr'><strong>habi-</strong></span> 
     </span>
    </p>
   </div>
   <div class='ocr_carea' id='block_1_62' title="bbox 296 3001 1942 3086">
    <p class='ocr_par' dir='ltr' id='par_1_62' title="bbox 296 3001 1942 3079">
     <span class='ocr_line' id='line_1_62' title="bbox 296 3001 1942 3079; baseline 0.002 -22"><span class='ocrx_word' id='word_1_446' title='bbox 296 3001 463 3076; x_wconf 81' lang='grc' dir='ltr'>μένης</span> <span class='ocrx_word' id='word_1_447' title='bbox 499 3019 514 3075; x_wconf 90' lang='grc'>;</span> <span class='ocrx_word' id='word_1_448' title='bbox 559 3001 710 3059; x_wconf 79' lang='grc' dir='ltr'>Ἀλλ’</span> <span class='ocrx_word' id='word_1_449' title='bbox 741 3003 886 3059; x_wconf 69' lang='grc' dir='ltr'>υιῖιθὲν</span> <span class='ocrx_word' id='word_1_450' title='bbox 915 3004 1020 3058; x_wconf 79' lang='grc' dir='ltr'>τῶν</span> <span class='ocrx_word' id='word_1_451' title='bbox 1069 3001 1245 3058; x_wconf 78' lang='grc' dir='ltr'>ἄλλων</span> <span class='ocrx_word' id='word_1_452' title='bbox 1277 3003 1417 3064; x_wconf 71' lang='grc' dir='ltr'><strong>αὒτῷ</strong></span> <span class='ocrx_word' id='word_1_453' title='bbox 1475 3003 1605 3079; x_wconf 81' lang='grc' dir='ltr'>πρὸς</span> <span class='ocrx_word' id='word_1_454' title='bbox 1663 3005 1759 3071; x_wconf 67' lang='grc' dir='ltr'>τὴν</span> <span class='ocrx_word' id='word_1_455' title='bbox 1817 3004 1942 3060; x_wconf 77' lang='grc' dir='ltr'>ἆσέ-</span> 
     </span>
    </p>
   </div>
   <div class='ocr_carea' id='block_1_63' title="bbox 2032 3001 3670 3086">
    <p class='ocr_par' dir='ltr' id='par_1_63' title="bbox 2032 3005 3670 3086">
     <span class='ocr_line' id='line_1_63' title="bbox 2032 3005 3670 3086; baseline -0.002 -18"><span class='ocrx_word' id='word_1_456' title='bbox 2032 3009 2190 3068; x_wconf 86' lang='lat' dir='ltr'><strong>tibus</strong></span> <span class='ocrx_word' id='word_1_457' title='bbox 2229 3009 2745 3086; x_wconf 88' lang='lat' dir='ltr'><strong>posteriores.Cur</strong></span> <span class='ocrx_word' id='word_1_458' title='bbox 2767 3007 2950 3086; x_wconf 83' lang='lat' dir='ltr'><strong>magis</strong></span> <span class='ocrx_word' id='word_1_459' title='bbox 2981 3007 3056 3068; x_wconf 91' lang='lat' dir='ltr'><strong>de</strong></span> <span class='ocrx_word' id='word_1_460' title='bbox 3077 3006 3341 3083; x_wconf 80' lang='lat' dir='ltr'><strong>ingenito</strong></span> <span class='ocrx_word' id='word_1_461' title='bbox 3359 3007 3484 3067; x_wconf 86' lang='lat' dir='ltr'><strong>haec</strong></span> <span class='ocrx_word' id='word_1_462' title='bbox 3505 3005 3638 3067; x_wconf 80' lang='lat' dir='ltr'><strong>amr</strong></span> <span class='ocrx_word' id='word_1_463' title='bbox 3656 3041 3670 3052; x_wconf 90' lang='lat'><strong><em>-</em></strong></span> 
     </span>
    </p>
   </div>
   <div class='ocr_carea' id='block_1_64' title="bbox 296 3087 1942 3179">
    <p class='ocr_par' dir='ltr' id='par_1_64' title="bbox 296 3087 1937 3172">
     <span class='ocr_line' id='line_1_64' title="bbox 296 3087 1937 3172; baseline 0.002 -26"><span class='ocrx_word' id='word_1_464' title='bbox 296 3087 444 3147; x_wconf 77' lang='grc' dir='ltr'>ϐειαν</span> <span class='ocrx_word' id='word_1_465' title='bbox 475 3106 741 3170; x_wconf 77' lang='grc' dir='ltr'>συνεργεῖ.</span> <span class='ocrx_word' id='word_1_466' title='bbox 787 3095 878 3148; x_wconf 76' lang='grc' dir='ltr'>Διὸ</span> <span class='ocrx_word' id='word_1_467' title='bbox 920 3096 1026 3147; x_wconf 81' lang='grc' dir='ltr'>τῶν</span> <span class='ocrx_word' id='word_1_468' title='bbox 1056 3091 1254 3148; x_wconf 79' lang='grc' dir='ltr'>λοιπῶν</span> <span class='ocrx_word' id='word_1_469' title='bbox 1287 3089 1402 3148; x_wconf 70' lang='grc' dir='ltr'>οῦδὲ</span> <span class='ocrx_word' id='word_1_470' title='bbox 1465 3095 1754 3172; x_wconf 83' lang='grc' dir='ltr'>μέμνηται,</span> <span class='ocrx_word' id='word_1_471' title='bbox 1817 3096 1937 3150; x_wconf 77' lang='grc' dir='ltr'>καί·</span> 
     </span>
    </p>
   </div>
   <div class='ocr_carea' id='block_1_65' title="bbox 2032 3087 3672 3179">
    <p class='ocr_par' dir='ltr' id='par_1_65' title="bbox 2032 3094 3672 3179">
     <span class='ocr_line' id='line_1_65' title="bbox 2032 3094 3672 3179; baseline -0.001 -22"><span class='ocrx_word' id='word_1_472' title='bbox 2032 3116 2187 3158; x_wconf 90' lang='lat' dir='ltr'><strong>mare</strong></span> <span class='ocrx_word' id='word_1_473' title='bbox 2218 3097 2414 3179; x_wconf 91' lang='lat' dir='ltr'><strong>decet,</strong></span> <span class='ocrx_word' id='word_1_474' title='bbox 2439 3116 2614 3177; x_wconf 86' lang='lat' dir='ltr'><strong>quam</strong></span> <span class='ocrx_word' id='word_1_475' title='bbox 2639 3096 2714 3157; x_wconf 89' lang='lat' dir='ltr'><strong>de</strong></span> <span class='ocrx_word' id='word_1_476' title='bbox 2745 3097 3208 3176; x_wconf 86' lang='lat' dir='ltr'><strong>incorruptibili,</strong></span> <span class='ocrx_word' id='word_1_477' title='bbox 3239 3104 3296 3157; x_wconf 91' lang='lat' dir='ltr'><strong>et</strong></span> <span class='ocrx_word' id='word_1_478' title='bbox 3321 3095 3564 3156; x_wconf 92' lang='lat' dir='ltr'><strong>omnino</strong></span> <span class='ocrx_word' id='word_1_479' title='bbox 3595 3094 3672 3156; x_wconf 88' lang='lat' dir='ltr'><strong>de</strong></span> 
     </span>
    </p>
   </div>
   <div class='ocr_carea' id='block_1_66' title="bbox 295 3181 1616 3260">
    <p class='ocr_par' dir='ltr' id='par_1_66' title="bbox 295 3181 1616 3260">
     <span class='ocr_line' id='line_1_66' title="bbox 295 3181 1616 3260; baseline 0.001 -25"><span class='ocrx_word' id='word_1_480' title='bbox 295 3203 378 3238; x_wconf 86' lang='grc' dir='ltr'><strong>τοι</strong></span> <span class='ocrx_word' id='word_1_481' title='bbox 412 3183 608 3259; x_wconf 80' lang='grc' dir='ltr'>μυρίων</span> <span class='ocrx_word' id='word_1_482' title='bbox 637 3182 800 3238; x_wconf 76' lang='grc' dir='ltr'>ὅντων</span> <span class='ocrx_word' id='word_1_483' title='bbox 833 3187 938 3237; x_wconf 75' lang='grc' dir='ltr'>τῶν</span> <span class='ocrx_word' id='word_1_484' title='bbox 968 3183 1084 3260; x_wconf 80' lang='grc' dir='ltr'>περὶ</span> <span class='ocrx_word' id='word_1_485' title='bbox 1116 3184 1246 3238; x_wconf 84' lang='grc' dir='ltr'>Θεοῦ</span> <span class='ocrx_word' id='word_1_486' title='bbox 1289 3181 1616 3260; x_wconf 69' lang='grc' dir='ltr'>λεγομένων.</span> 
     </span>
    </p>
   </div>
   <div class='ocr_carea' id='block_1_67' title="bbox 2023 3183 3668 3266">
    <p class='ocr_par' dir='ltr' id='par_1_67' title="bbox 2023 3183 3668 3266">
     <span class='ocr_line' id='line_1_67' title="bbox 2023 3183 3668 3266; baseline -0.003 -18"><span class='ocrx_word' id='word_1_487' title='bbox 2023 3186 2288 3266; x_wconf 87' lang='lat' dir='ltr'><strong>qualibet</strong></span> <span class='ocrx_word' id='word_1_488' title='bbox 2309 3205 2476 3259; x_wconf 87' lang='lat' dir='ltr'><strong>voce,</strong></span> <span class='ocrx_word' id='word_1_489' title='bbox 2512 3205 2641 3266; x_wconf 64' lang='lat' dir='ltr'><strong>quas</strong></span> <span class='ocrx_word' id='word_1_490' title='bbox 2672 3186 2884 3247; x_wconf 92' lang='lat' dir='ltr'><strong>eodem</strong></span> <span class='ocrx_word' id='word_1_491' title='bbox 2920 3186 3094 3248; x_wconf 92' lang='lat' dir='ltr'><strong>modo</strong></span> <span class='ocrx_word' id='word_1_492' title='bbox 3125 3185 3511 3266; x_wconf 79' lang='lat' dir='ltr'><strong>proferatur?</strong></span> <span class='ocrx_word' id='word_1_493' title='bbox 3551 3183 3668 3246; x_wconf 91' lang='lat' dir='ltr'><strong>Sed</strong></span> 
     </span>
    </p>
   </div>
   <div class='ocr_carea' id='block_1_68' title="bbox 295 3270 3669 3358">
    <p class='ocr_par' dir='ltr' id='par_1_68' title="bbox 295 3270 3669 3358">
     <span class='ocr_line' id='line_1_68' title="bbox 295 3270 3669 3358; baseline 0.002 -28"><span class='ocrx_word' id='word_1_494' title='bbox 295 3270 454 3330; x_wconf 89' lang='lat' dir='ltr'><strong>aliud</strong></span> <span class='ocrx_word' id='word_1_495' title='bbox 490 3271 638 3331; x_wconf 89' lang='lat' dir='ltr'><strong>nihil</strong></span> <span class='ocrx_word' id='word_1_496' title='bbox 673 3271 726 3332; x_wconf 92' lang='lat' dir='ltr'><strong>ei</strong></span> <span class='ocrx_word' id='word_1_497' title='bbox 759 3270 828 3332; x_wconf 90' lang='lat' dir='ltr'><strong>ad</strong></span> <span class='ocrx_word' id='word_1_498' title='bbox 883 3270 1248 3351; x_wconf 87' lang='lat' dir='ltr'><strong>impietatem</strong></span> <span class='ocrx_word' id='word_1_499' title='bbox 1307 3270 1608 3333; x_wconf 88' lang='lat' dir='ltr'><strong>conducit.</strong></span> <span class='ocrx_word' id='word_1_500' title='bbox 1673 3270 1872 3343; x_wconf 86' lang='lat' dir='ltr'><strong>Quare</strong></span> <span class='ocrx_word' id='word_1_501' title='bbox 1930 3292 2004 3337; x_wconf 90' lang='lat' dir='ltr'><strong>ne</strong></span> <span class='ocrx_word' id='word_1_502' title='bbox 2061 3278 2334 3340; x_wconf 90' lang='lat' dir='ltr'><strong>meminit</strong></span> <span class='ocrx_word' id='word_1_503' title='bbox 2387 3277 2626 3358; x_wconf 82' lang='lat' dir='ltr'><strong>quidem</strong></span> <span class='ocrx_word' id='word_1_504' title='bbox 2660 3276 3056 3357; x_wconf 83' lang='lat' dir='ltr'><strong>reliquorum,</strong></span> <span class='ocrx_word' id='word_1_505' title='bbox 3089 3275 3324 3337; x_wconf 89' lang='lat' dir='ltr'><strong>etiamsi</strong></span> <span class='ocrx_word' id='word_1_506' title='bbox 3354 3277 3669 3336; x_wconf 86' lang='lat' dir='ltr'><strong>innumera</strong></span> 
     </span>
    </p>
   </div>
   <div class='ocr_carea' id='block_1_69' title="bbox 295 3361 1171 3442">
    <p class='ocr_par' dir='ltr' id='par_1_69' title="bbox 295 3361 1171 3442">
     <span class='ocr_line' id='line_1_69' title="bbox 295 3361 1171 3442; baseline 0.001 -19"><span class='ocrx_word' id='word_1_507' title='bbox 295 3361 418 3423; x_wconf 91' lang='lat' dir='ltr'><strong>sint</strong></span> <span class='ocrx_word' id='word_1_508' title='bbox 444 3380 576 3442; x_wconf 83' lang='lat' dir='ltr'><strong>quae</strong></span> <span class='ocrx_word' id='word_1_509' title='bbox 605 3361 680 3424; x_wconf 90' lang='lat' dir='ltr'><strong>de</strong></span> <span class='ocrx_word' id='word_1_510' title='bbox 710 3365 832 3424; x_wconf 91' lang='lat' dir='ltr'><strong>Deo</strong></span> <span class='ocrx_word' id='word_1_511' title='bbox 865 3362 1171 3424; x_wconf 86' lang='lat' dir='ltr'><strong>dicuntur.</strong></span> 
     </span>
    </p>
   </div>
   <div class='ocr_carea' id='block_1_70' title="bbox 384 3450 1944 3531">
    <p class='ocr_par' dir='ltr' id='par_1_70' title="bbox 384 3450 1944 3531">
     <span class='ocr_line' id='line_1_70' title="bbox 384 3450 1944 3531; baseline -0.001 -19"><span class='ocrx_word' id='word_1_512' title='bbox 384 3452 481 3516; x_wconf 81' lang='grc'><strong>10.</strong></span> <span class='ocrx_word' id='word_1_513' title='bbox 513 3451 688 3531; x_wconf 80' lang='grc' dir='ltr'>’Ἔχει</span> <span class='ocrx_word' id='word_1_514' title='bbox 718 3450 771 3508; x_wconf 77' lang='grc' dir='ltr'>δὲ</span> <span class='ocrx_word' id='word_1_515' title='bbox 803 3451 993 3514; x_wconf 66' lang='grc' dir='ltr'>οὔτως.</span> <span class='ocrx_word' id='word_1_516' title='bbox 1027 3451 1136 3509; x_wconf 87' lang='grc' dir='ltr'><strong>’Ἐν</strong></span> <span class='ocrx_word' id='word_1_517' title='bbox 1187 3453 1284 3526; x_wconf 79' lang='grc' dir='ltr'>μὲν</span> <span class='ocrx_word' id='word_1_518' title='bbox 1316 3451 1462 3509; x_wconf 75' lang='grc' dir='ltr'>οὐδὲν</span> <span class='ocrx_word' id='word_1_519' title='bbox 1495 3451 1635 3510; x_wconf 77' lang='grc' dir='ltr'>ἐστιν</span> <span class='ocrx_word' id='word_1_520' title='bbox 1693 3453 1860 3528; x_wconf 76' lang='grc' dir='ltr'>ὄνομα</span> <span class='ocrx_word' id='word_1_521' title='bbox 1917 3454 1944 3510; x_wconf 81' lang='grc'><strong>8</strong></span> 
     </span>
    </p>
   </div>
   <div class='ocr_carea' id='block_1_71' title="bbox 298 3539 1945 3622">
    <p class='ocr_par' dir='ltr' id='par_1_71' title="bbox 298 3539 1945 3622">
     <span class='ocr_line' id='line_1_71' title="bbox 298 3539 1945 3622; baseline 0.001 -23"><span class='ocrx_word' id='word_1_522' title='bbox 298 3549 474 3599; x_wconf 83' lang='grc' dir='ltr'>πᾶσαν</span> <span class='ocrx_word' id='word_1_523' title='bbox 505 3541 714 3618; x_wconf 77' lang='grc' dir='ltr'>ἐξαρκεῖ</span> <span class='ocrx_word' id='word_1_524' title='bbox 757 3545 856 3609; x_wconf 72' lang='grc' dir='ltr'>τὴν</span> <span class='ocrx_word' id='word_1_525' title='bbox 910 3549 1003 3598; x_wconf 90' lang='grc' dir='ltr'><strong>τοῦ</strong></span> <span class='ocrx_word' id='word_1_526' title='bbox 1054 3550 1185 3598; x_wconf 89' lang='grc' dir='ltr'>Θεου</span> <span class='ocrx_word' id='word_1_527' title='bbox 1245 3543 1391 3622; x_wconf 73' lang='grc' dir='ltr'>φύειν</span> <span class='ocrx_word' id='word_1_528' title='bbox 1451 3539 1756 3620; x_wconf 76' lang='grc' dir='ltr'>περιλαϐόν,</span> <span class='ocrx_word' id='word_1_529' title='bbox 1823 3547 1945 3600; x_wconf 83' lang='grc' dir='ltr'>ἱκα-</span> 
     </span>
    </p>
   </div>
   <div class='ocr_carea' id='block_1_72' title="bbox 299 3630 1943 3711">
    <p class='ocr_par' dir='ltr' id='par_1_72' title="bbox 299 3630 1943 3711">
     <span class='ocr_line' id='line_1_72' title="bbox 299 3630 1943 3711; baseline 0.001 -23"><span class='ocrx_word' id='word_1_530' title='bbox 299 3640 402 3697; x_wconf 80' lang='grc' dir='ltr'><strong>νῶς</strong></span> <span class='ocrx_word' id='word_1_531' title='bbox 459 3630 798 3711; x_wconf 77' lang='grc' dir='ltr'>ἐξαγγεῖλαιο</span> <span class='ocrx_word' id='word_1_532' title='bbox 860 3631 1026 3688; x_wconf 80' lang='grc' dir='ltr'>πλείω</span> <span class='ocrx_word' id='word_1_533' title='bbox 1081 3630 1134 3686; x_wconf 75' lang='grc' dir='ltr'>δὲ</span> <span class='ocrx_word' id='word_1_534' title='bbox 1195 3633 1282 3687; x_wconf 84' lang='grc' dir='ltr'>καὶ</span> <span class='ocrx_word' id='word_1_535' title='bbox 1338 3632 1556 3688; x_wconf 83' lang='grc' dir='ltr'>ποικίλα</span> <span class='ocrx_word' id='word_1_536' title='bbox 1612 3632 1729 3687; x_wconf 88' lang='grc' dir='ltr'>κατ’</span> <span class='ocrx_word' id='word_1_537' title='bbox 1812 3631 1943 3689; x_wconf 80' lang='grc' dir='ltr'>ἰδίαν</span> 
     </span>
    </p>
   </div>
   <div class='ocr_carea' id='block_1_73' title="bbox 298 3719 1944 3801">
    <p class='ocr_par' dir='ltr' id='par_1_73' title="bbox 298 3719 1944 3801">
     <span class='ocr_line' id='line_1_73' title="bbox 298 3719 1944 3801; baseline -0.002 -22"><span class='ocrx_word' id='word_1_538' title='bbox 298 3723 523 3779; x_wconf 77' lang='grc' dir='ltr'>ἕκαστον</span> <span class='ocrx_word' id='word_1_539' title='bbox 553 3723 846 3801; x_wconf 69' lang='grc' dir='ltr'>στίμασίαν,</span> <span class='ocrx_word' id='word_1_540' title='bbox 899 3719 1130 3797; x_wconf 74' lang='grc' dir='ltr'>ἀμυδρὰν</span> <span class='ocrx_word' id='word_1_541' title='bbox 1201 3721 1299 3795; x_wconf 75' lang='grc' dir='ltr'>μὲν</span> <span class='ocrx_word' id='word_1_542' title='bbox 1371 3720 1642 3786; x_wconf 78' lang='grc' dir='ltr'>παντελῶς</span> <span class='ocrx_word' id='word_1_543' title='bbox 1713 3724 1799 3776; x_wconf 88' lang='grc' dir='ltr'><strong>καὶ</strong></span> <span class='ocrx_word' id='word_1_544' title='bbox 1848 3746 1944 3796; x_wconf 88' lang='grc' dir='ltr'>μι-</span> 
     </span>
    </p>
   </div>
   <div class='ocr_carea' id='block_1_74' title="bbox 300 3809 1950 3890">
    <p class='ocr_par' dir='ltr' id='par_1_74' title="bbox 300 3809 1950 3890">
     <span class='ocr_line' id='line_1_74' title="bbox 300 3809 1950 3890; baseline -0.002 -22"><span class='ocrx_word' id='word_1_545' title='bbox 300 3812 587 3890; x_wconf 77' lang='grc' dir='ltr'>κροτάτην,</span> <span class='ocrx_word' id='word_1_546' title='bbox 621 3813 692 3874; x_wconf 83' lang='grc' dir='ltr'>ὡς</span> <span class='ocrx_word' id='word_1_547' title='bbox 723 3812 851 3889; x_wconf 80' lang='grc' dir='ltr'>πρὸς</span> <span class='ocrx_word' id='word_1_548' title='bbox 883 3812 944 3866; x_wconf 80' lang='grc' dir='ltr'>τὸ</span> <span class='ocrx_word' id='word_1_549' title='bbox 989 3809 1136 3882; x_wconf 79' lang='grc' dir='ltr'>ὅλον,</span> <span class='ocrx_word' id='word_1_550' title='bbox 1169 3811 1309 3885; x_wconf 77' lang='grc' dir='ltr'>ἡμῖν</span> <span class='ocrx_word' id='word_1_551' title='bbox 1368 3831 1427 3884; x_wconf 84' lang='grc' dir='ltr'><strong>γε</strong></span> <span class='ocrx_word' id='word_1_552' title='bbox 1460 3811 1564 3883; x_wconf 77' lang='grc' dir='ltr'>μὴν</span> <span class='ocrx_word' id='word_1_553' title='bbox 1637 3809 1950 3888; x_wconf 80' lang='grc' dir='ltr'>ἐξαρκοῦσαν</span> 
     </span>
    </p>
   </div>
   <div class='ocr_carea' id='block_1_75' title="bbox 302 3896 1952 3978">
    <p class='ocr_par' dir='ltr' id='par_1_75' title="bbox 302 3896 1952 3978">
     <span class='ocr_line' id='line_1_75' title="bbox 302 3896 1952 3978; baseline -0.001 -21"><span class='ocrx_word' id='word_1_554' title='bbox 302 3902 402 3967; x_wconf 76' lang='grc' dir='ltr'>τὴν</span> <span class='ocrx_word' id='word_1_555' title='bbox 437 3898 636 3956; x_wconf 74' lang='grc' dir='ltr'>ἔννοιαν</span> <span class='ocrx_word' id='word_1_556' title='bbox 686 3901 1028 3978; x_wconf 86' lang='grc' dir='ltr'>συναθροίζει.</span> <span class='ocrx_word' id='word_1_557' title='bbox 1098 3897 1187 3955; x_wconf 86' lang='grc' dir='ltr'>Ἐν</span> <span class='ocrx_word' id='word_1_558' title='bbox 1249 3899 1417 3954; x_wconf 75' lang='grc' dir='ltr'>τοίνυν</span> <span class='ocrx_word' id='word_1_559' title='bbox 1450 3896 1589 3962; x_wconf 59' lang='grc' dir='ltr'>’τοῖς</span> <span class='ocrx_word' id='word_1_560' title='bbox 1649 3901 1763 3977; x_wconf 82' lang='grc' dir='ltr'>περὶ</span> <span class='ocrx_word' id='word_1_561' title='bbox 1822 3903 1952 3956; x_wconf 85' lang='grc' dir='ltr'>Θεοῦ</span> 
     </span>
    </p>
   </div>
   <div class='ocr_carea' id='block_1_76' title="bbox 302 3989 1951 4067">
    <p class='ocr_par' dir='ltr' id='par_1_76' title="bbox 302 3989 1951 4067">
     <span class='ocr_line' id='line_1_76' title="bbox 302 3989 1951 4067; baseline 0 -21"><span class='ocrx_word' id='word_1_562' title='bbox 302 3989 616 4067; x_wconf 85' lang='grc' dir='ltr'>λεγομένοις</span> <span class='ocrx_word' id='word_1_563' title='bbox 648 3989 893 4067; x_wconf 85' lang='grc' dir='ltr'>ὀνόμασι,</span> <span class='ocrx_word' id='word_1_564' title='bbox 924 3989 990 4046; x_wconf 79' lang='grc' dir='ltr'>τὰ</span> <span class='ocrx_word' id='word_1_565' title='bbox 1041 3989 1139 4064; x_wconf 71' lang='grc' dir='ltr'>μὲν</span> <span class='ocrx_word' id='word_1_566' title='bbox 1167 3995 1273 4044; x_wconf 83' lang='grc' dir='ltr'>τῶν</span> <span class='ocrx_word' id='word_1_567' title='bbox 1331 3989 1633 4064; x_wconf 76' lang='grc' dir='ltr'>προσόντων</span> <span class='ocrx_word' id='word_1_568' title='bbox 1698 3991 1774 4046; x_wconf 76' lang='grc' dir='ltr'>τῶ</span> <span class='ocrx_word' id='word_1_569' title='bbox 1837 3997 1951 4063; x_wconf 85' lang='grc' dir='ltr'>Θεῷ</span> 
     </span>
    </p>
   </div>
   <div class='ocr_carea' id='block_1_77' title="bbox 303 4077 1952 4157">
    <p class='ocr_par' dir='ltr' id='par_1_77' title="bbox 303 4077 1952 4157">
     <span class='ocr_line' id='line_1_77' title="bbox 303 4077 1952 4157; baseline 0 -21"><span class='ocrx_word' id='word_1_570' title='bbox 303 4079 576 4148; x_wconf 73' lang='grc' dir='ltr'>δηλωτικὰ</span> <span class='ocrx_word' id='word_1_571' title='bbox 603 4079 735 4157; x_wconf 81' lang='grc' dir='ltr'>ἐστι,</span> <span class='ocrx_word' id='word_1_572' title='bbox 775 4079 840 4133; x_wconf 77' lang='grc' dir='ltr'><strong>τὰ</strong></span> <span class='ocrx_word' id='word_1_573' title='bbox 865 4077 917 4133; x_wconf 72' lang='grc' dir='ltr'>δὲ</span> <span class='ocrx_word' id='word_1_574' title='bbox 945 4079 1006 4134; x_wconf 82' lang='grc' dir='ltr'>τὸ</span> <span class='ocrx_word' id='word_1_575' title='bbox 1057 4078 1288 4134; x_wconf 80' lang='grc' dir='ltr'>ἐναντίον</span> <span class='ocrx_word' id='word_1_576' title='bbox 1331 4084 1438 4134; x_wconf 82' lang='grc' dir='ltr'><strong>τῶν</strong></span> <span class='ocrx_word' id='word_1_577' title='bbox 1489 4080 1566 4153; x_wconf 72' lang='grc' dir='ltr'>μὴ</span> <span class='ocrx_word' id='word_1_578' title='bbox 1596 4101 1601 4107; x_wconf 89' lang='grc'>·</span> <span class='ocrx_word' id='word_1_579' title='bbox 1626 4079 1952 4155; x_wconf 80' lang='grc' dir='ltr'>προσόντων,</span> 
     </span>
    </p>
   </div>
   <div class='ocr_carea' id='block_1_78' title="bbox 303 4167 1953 4246">
    <p class='ocr_par' dir='ltr' id='par_1_78' title="bbox 303 4167 1953 4246">
     <span class='ocr_line' id='line_1_78' title="bbox 303 4167 1953 4246; baseline -0.001 -21"><span class='ocrx_word' id='word_1_580' title='bbox 303 4167 402 4225; x_wconf 87' lang='grc' dir='ltr'>Ἐκ</span> <span class='ocrx_word' id='word_1_581' title='bbox 430 4167 519 4224; x_wconf 78' lang='grc' dir='ltr'>δύο</span> <span class='ocrx_word' id='word_1_582' title='bbox 552 4169 650 4246; x_wconf 76' lang='grc' dir='ltr'><strong>γὰρ</strong></span> <span class='ocrx_word' id='word_1_583' title='bbox 679 4168 875 4223; x_wconf 76' lang='grc' dir='ltr'>τούτων</span> <span class='ocrx_word' id='word_1_584' title='bbox 911 4168 1068 4224; x_wconf 73' lang='grc' dir='ltr'>οἱονεὶ</span> <span class='ocrx_word' id='word_1_585' title='bbox 1124 4167 1406 4246; x_wconf 72' lang='grc' dir='ltr'>χαρακτὴρ</span> <span class='ocrx_word' id='word_1_586' title='bbox 1463 4189 1544 4230; x_wconf 90' lang='grc' dir='ltr'><strong>τις</strong></span> <span class='ocrx_word' id='word_1_587' title='bbox 1605 4169 1742 4242; x_wconf 75' lang='grc' dir='ltr'>ἡμῖν</span> <span class='ocrx_word' id='word_1_588' title='bbox 1801 4169 1953 4246; x_wconf 74' lang='grc' dir='ltr'>ἒγγί-</span> 
     </span>
    </p>
   </div>
   <div class='ocr_carea' id='block_1_79' title="bbox 306 4255 1954 4334">
    <p class='ocr_par' dir='ltr' id='par_1_79' title="bbox 306 4255 1954 4334">
     <span class='ocr_line' id='line_1_79' title="bbox 306 4255 1954 4334; baseline -0.002 -22"><span class='ocrx_word' id='word_1_589' title='bbox 306 4279 452 4314; x_wconf 88' lang='grc' dir='ltr'>νεται</span> <span class='ocrx_word' id='word_1_590' title='bbox 482 4259 576 4312; x_wconf 83' lang='grc' dir='ltr'><strong>τοῦ</strong></span> <span class='ocrx_word' id='word_1_591' title='bbox 604 4263 758 4329; x_wconf 83' lang='grc' dir='ltr'>Θεοῦ,</span> <span class='ocrx_word' id='word_1_592' title='bbox 791 4256 850 4310; x_wconf 72' lang='grc' dir='ltr'>ἔκ</span> <span class='ocrx_word' id='word_1_593' title='bbox 881 4278 935 4311; x_wconf 83' lang='grc' dir='ltr'><strong>τε</strong></span> <span class='ocrx_word' id='word_1_594' title='bbox 969 4261 1062 4322; x_wconf 78' lang='grc' dir='ltr'>τῆς</span> <span class='ocrx_word' id='word_1_595' title='bbox 1118 4262 1223 4310; x_wconf 83' lang='grc' dir='ltr'>τῶν</span> <span class='ocrx_word' id='word_1_596' title='bbox 1284 4255 1725 4334; x_wconf 71' lang='grc' dir='ltr'>ἀπεμφαινόντων</span> <span class='ocrx_word' id='word_1_597' title='bbox 1785 4257 1954 4334; x_wconf 71' lang='grc' dir='ltr'><strong>ἄρνῆ-</strong></span> 
     </span>
    </p>
   </div>
   <div class='ocr_carea' id='block_1_80' title="bbox 307 4343 1950 4428">
    <p class='ocr_par' dir='ltr' id='par_1_80' title="bbox 307 4343 1950 4428">
     <span class='ocr_line' id='line_1_80' title="bbox 307 4343 1950 4428; baseline -0.003 -24"><span class='ocrx_word' id='word_1_598' title='bbox 307 4368 443 4412; x_wconf 86' lang='grc' dir='ltr'>σεως</span> <span class='ocrx_word' id='word_1_599' title='bbox 473 4347 560 4402; x_wconf 84' lang='grc' dir='ltr'><strong>καὶ</strong></span> <span class='ocrx_word' id='word_1_600' title='bbox 595 4345 654 4402; x_wconf 80' lang='grc' dir='ltr'>ἐκ</span> <span class='ocrx_word' id='word_1_601' title='bbox 709 4351 809 4412; x_wconf 76' lang='grc' dir='ltr'>τῆς</span> <span class='ocrx_word' id='word_1_602' title='bbox 857 4346 962 4400; x_wconf 80' lang='grc' dir='ltr'>τῶν</span> <span class='ocrx_word' id='word_1_603' title='bbox 1015 4346 1367 4424; x_wconf 68' lang='grc' dir='ltr'>ὑπαρχόντων</span> <span class='ocrx_word' id='word_1_604' title='bbox 1425 4343 1731 4422; x_wconf 69' lang='grc' dir='ltr'>ὁμολογίας,</span> <span class='ocrx_word' id='word_1_605' title='bbox 1797 4348 1950 4428; x_wconf 72' lang='grc' dir='ltr'><strong>Οἷον⁷</strong></span> 
     </span>
    </p>
   </div>
   <div class='ocr_carea' id='block_1_81' title="bbox 309 4432 1955 4512">
    <p class='ocr_par' dir='ltr' id='par_1_81' title="bbox 309 4432 1955 4512">
     <span class='ocr_line' id='line_1_81' title="bbox 309 4432 1955 4512; baseline -0.001 -19"><span class='ocrx_word' id='word_1_606' title='bbox 309 4437 438 4493; x_wconf 77' lang='grc' dir='ltr'>ὅταν</span> <span class='ocrx_word' id='word_1_607' title='bbox 494 4436 753 4512; x_wconf 54' lang='grc' dir='ltr'>ἅυθαρτον</span> <span class='ocrx_word' id='word_1_608' title='bbox 813 4435 1180 4507; x_wconf 74' lang='grc' dir='ltr'>ὀνομάζωμεν,</span> <span class='ocrx_word' id='word_1_609' title='bbox 1263 4432 1477 4497; x_wconf 77' lang='grc' dir='ltr'>δυνάμει</span> <span class='ocrx_word' id='word_1_610' title='bbox 1531 4435 1664 4511; x_wconf 82' lang='grc'><strong>(65)</strong></span> <span class='ocrx_word' id='word_1_611' title='bbox 1732 4435 1955 4512; x_wconf 69' lang='grc' dir='ltr'>λέγομεν</span> 
     </span>
    </p>
   </div>
   <div class='ocr_carea' id='block_1_82' title="bbox 312 4521 1954 4604">
    <p class='ocr_par' dir='ltr' id='par_1_82' title="bbox 312 4521 1954 4604">
     <span class='ocr_line' id='line_1_82' title="bbox 312 4521 1954 4604; baseline -0.003 -22"><span class='ocrx_word' id='word_1_612' title='bbox 312 4529 524 4587; x_wconf 74' lang='grc' dir='ltr'>ἑαυτοῖς</span> <span class='ocrx_word' id='word_1_613' title='bbox 555 4525 590 4592; x_wconf 74' lang='grc' dir='ltr'><strong>ἢ</strong></span> <span class='ocrx_word' id='word_1_614' title='bbox 647 4537 764 4588; x_wconf 74' lang='grc' dir='ltr'>τοῖς</span> <span class='ocrx_word' id='word_1_615' title='bbox 815 4523 1114 4602; x_wconf 78' lang='grc' dir='ltr'>ἃκούουσίν,</span> <span class='ocrx_word' id='word_1_616' title='bbox 1173 4521 1253 4578; x_wconf 84' lang='grc' dir='ltr'><strong>ὅτι</strong></span> <span class='ocrx_word' id='word_1_617' title='bbox 1308 4523 1396 4589; x_wconf 76' lang='grc' dir='ltr'><strong>Μὴ</strong></span> <span class='ocrx_word' id='word_1_618' title='bbox 1469 4523 1587 4580; x_wconf 72' lang='grc' dir='ltr'>οἴου</span> <span class='ocrx_word' id='word_1_619' title='bbox 1647 4529 1810 4604; x_wconf 76' lang='grc' dir='ltr'>φθορᾳ</span> <span class='ocrx_word' id='word_1_620' title='bbox 1866 4527 1954 4580; x_wconf 81' lang='grc' dir='ltr'>τὸν</span> 
     </span>
    </p>
   </div>
   <div class='ocr_carea' id='block_1_83' title="bbox 313 4611 1954 4690">
    <p class='ocr_par' dir='ltr' id='par_1_83' title="bbox 313 4611 1954 4690">
     <span class='ocr_line' id='line_1_83' title="bbox 313 4611 1954 4690; baseline -0.002 -19"><span class='ocrx_word' id='word_1_621' title='bbox 313 4618 445 4672; x_wconf 80' lang='grc' dir='ltr'>Θεὸν</span> <span class='ocrx_word' id='word_1_622' title='bbox 473 4617 817 4670; x_wconf 71' lang='grc' dir='ltr'>ὑποκεῖσθαιο</span> <span class='ocrx_word' id='word_1_623' title='bbox 854 4614 940 4668; x_wconf 86' lang='grc' dir='ltr'><strong>καὶ</strong></span> <span class='ocrx_word' id='word_1_624' title='bbox 970 4611 1094 4667; x_wconf 83' lang='grc' dir='ltr'>ὅταν</span> <span class='ocrx_word' id='word_1_625' title='bbox 1157 4611 1400 4690; x_wconf 80' lang='grc' dir='ltr'>ἀόρατον,</span> <span class='ocrx_word' id='word_1_626' title='bbox 1455 4611 1534 4668; x_wconf 83' lang='grc' dir='ltr'><strong>ὅτι</strong></span> <span class='ocrx_word' id='word_1_627' title='bbox 1594 4615 1679 4682; x_wconf 75' lang='grc' dir='ltr'><strong>Μὴ</strong></span> <span class='ocrx_word' id='word_1_628' title='bbox 1749 4613 1954 4670; x_wconf 82' lang='grc' dir='ltr'>ὑπολᾶ-</span> 
     </span>
    </p>
   </div>
   <div class='ocr_carea' id='block_1_84' title="bbox 311 4701 1948 4783">
    <p class='ocr_par' dir='ltr' id='par_1_84' title="bbox 311 4701 1948 4783">
     <span class='ocr_line' id='line_1_84' title="bbox 311 4701 1948 4783; baseline -0.002 -21"><span class='ocrx_word' id='word_1_629' title='bbox 311 4703 413 4783; x_wconf 52' lang='lat'><strong>6“:</strong></span> <span class='ocrx_word' id='word_1_630' title='bbox 459 4706 615 4761; x_wconf 73' lang='grc' dir='ltr'>αὐτὸν</span> <span class='ocrx_word' id='word_1_631' title='bbox 655 4708 722 4778; x_wconf 77' lang='grc' dir='ltr'><strong>τῇ</strong></span> <span class='ocrx_word' id='word_1_632' title='bbox 769 4701 852 4758; x_wconf 75' lang='grc' dir='ltr'><strong>διὰ</strong></span> <span class='ocrx_word' id='word_1_633' title='bbox 909 4708 1014 4758; x_wconf 79' lang='grc' dir='ltr'>τῶν</span> <span class='ocrx_word' id='word_1_634' title='bbox 1067 4701 1242 4776; x_wconf 72' lang='grc' dir='ltr'>ὄψεων</span> <span class='ocrx_word' id='word_1_635' title='bbox 1297 4701 1535 4770; x_wconf 71' lang='grc' dir='ltr'>αἰσθήσει</span> <span class='ocrx_word' id='word_1_636' title='bbox 1591 4702 1948 4779; x_wconf 67' lang='grc' dir='ltr'>καταλαμϐά-</span> 
     </span>
    </p>
   </div>
   <div class='ocr_carea' id='block_1_85' title="bbox 395 4860 1955 4942">
    <p class='ocr_par' dir='ltr' id='par_1_85' title="bbox 395 4860 1955 4942">
     <span class='ocr_line' id='line_1_85' title="bbox 395 4860 1955 4942; baseline 0.001 -18"><span class='ocrx_word' id='word_1_637' title='bbox 395 4863 515 4942; x_wconf 72' lang='grc'><strong>(62)</strong></span> <span class='ocrx_word' id='word_1_638' title='bbox 549 4861 694 4940; x_wconf 81' lang='lat' dir='ltr'><strong>Reg.</strong></span> <span class='ocrx_word' id='word_1_639' title='bbox 729 4861 937 4923; x_wconf 89' lang='lat' dir='ltr'><strong>tertius</strong></span> <span class='ocrx_word' id='word_1_640' title='bbox 966 4862 1169 4942; x_wconf 84' lang='grc' dir='ltr'>γένεσιν</span> <span class='ocrx_word' id='word_1_641' title='bbox 1201 4864 1364 4933; x_wconf 76' lang='grc' dir='ltr'><strong>αὐτῷ.</strong></span> <span class='ocrx_word' id='word_1_642' title='bbox 1402 4860 1558 4923; x_wconf 87' lang='lat' dir='ltr'><strong>Editi</strong></span> <span class='ocrx_word' id='word_1_643' title='bbox 1591 4870 1648 4923; x_wconf 90' lang='lat' dir='ltr'><strong>et</strong></span> <span class='ocrx_word' id='word_1_644' title='bbox 1680 4863 1778 4924; x_wconf 89' lang='lat' dir='ltr'><strong>alii</strong></span> <span class='ocrx_word' id='word_1_645' title='bbox 1811 4882 1955 4926; x_wconf 92' lang='lat' dir='ltr'><strong>mss.</strong></span> 
     </span>
    </p>
   </div>
   <div class='ocr_carea' id='block_1_86' title="bbox 317 4944 760 5022">
    <p class='ocr_par' dir='ltr' id='par_1_86' title="bbox 317 4944 760 5022">
     <span class='ocr_line' id='line_1_86' title="bbox 317 4944 760 5022; baseline -0.005 -21"><span class='ocrx_word' id='word_1_646' title='bbox 317 4944 564 5022; x_wconf 80' lang='grc' dir='ltr'>γέννησιν</span> <span class='ocrx_word' id='word_1_647' title='bbox 595 4944 736 5018; x_wconf 73' lang='grc' dir='ltr'><strong>αὖτῷ</strong></span> <span class='ocrx_word' id='word_1_648' title='bbox 747 4990 760 5003; x_wconf 93' lang='grc'><strong>.</strong></span> 
     </span>
    </p>
   </div>
   <div class='ocr_carea' id='block_1_87' title="bbox 402 5019 1957 5103">
    <p class='ocr_par' dir='ltr' id='par_1_87' title="bbox 402 5019 1957 5103">
     <span class='ocr_line' id='line_1_87' title="bbox 402 5019 1957 5103; baseline -0.005 -15"><span class='ocrx_word' id='word_1_649' title='bbox 402 5024 528 5103; x_wconf 79' lang='grc'><strong>(63)</strong></span> <span class='ocrx_word' id='word_1_650' title='bbox 559 5021 710 5085; x_wconf 78' lang='lat' dir='ltr'><strong>Edili</strong></span> <span class='ocrx_word' id='word_1_651' title='bbox 741 5019 939 5078; x_wconf 82' lang='grc' dir='ltr'>δύναιτ’</span> <span class='ocrx_word' id='word_1_652' title='bbox 970 5021 1032 5077; x_wconf 79' lang='grc' dir='ltr'><strong>ἂν</strong></span> <span class='ocrx_word' id='word_1_653' title='bbox 1075 5023 1157 5083; x_wconf 81' lang='grc' dir='ltr'><strong>τὸ.</strong></span> <span class='ocrx_word' id='word_1_654' title='bbox 1196 5021 1273 5081; x_wconf 60' lang='lat' dir='ltr'><strong>At</strong></span> <span class='ocrx_word' id='word_1_655' title='bbox 1304 5038 1450 5083; x_wconf 85' lang='lat' dir='ltr'><strong>mss.</strong></span> <span class='ocrx_word' id='word_1_656' title='bbox 1474 5027 1728 5100; x_wconf 85' lang='lat' dir='ltr'><strong>quatuor</strong></span> <span class='ocrx_word' id='word_1_657' title='bbox 1749 5023 1957 5082; x_wconf 76' lang='grc' dir='ltr'>δύναται</span> 
     </span>
    </p>
   </div>
   <div class='ocr_carea' id='block_1_88' title="bbox 318 5108 405 5176">
    <p class='ocr_par' dir='ltr' id='par_1_88' title="bbox 318 5108 405 5176">
     <span class='ocr_line' id='line_1_88' title="bbox 318 5108 405 5176; baseline 0 -14"><span class='ocrx_word' id='word_1_658' title='bbox 318 5108 405 5176; x_wconf 82' lang='grc' dir='ltr'>τὸ,</span> 
     </span>
    </p>
   </div>
   <div class='ocr_carea' id='block_1_89' title="bbox 400 5181 1950 5260">
    <p class='ocr_par' dir='ltr' id='par_1_89' title="bbox 400 5181 1950 5260">
     <span class='ocr_line' id='line_1_89' title="bbox 400 5181 1950 5260; baseline -0.001 -14"><span class='ocrx_word' id='word_1_659' title='bbox 400 5182 522 5260; x_wconf 74' lang='grc'>(64)</span> <span class='ocrx_word' id='word_1_660' title='bbox 550 5181 714 5244; x_wconf 77' lang='lat' dir='ltr'><strong>Editi</strong></span> <span class='ocrx_word' id='word_1_661' title='bbox 743 5184 878 5239; x_wconf 78' lang='grc' dir='ltr'>κατὰ</span> <span class='ocrx_word' id='word_1_662' title='bbox 907 5185 1004 5250; x_wconf 76' lang='grc' dir='ltr'><strong>τὴν</strong></span> <span class='ocrx_word' id='word_1_663' title='bbox 1055 5181 1324 5258; x_wconf 88' lang='grc' dir='ltr'>στέρησιν.</span> <span class='ocrx_word' id='word_1_664' title='bbox 1367 5182 1668 5244; x_wconf 86' lang='lat' dir='ltr'><strong>Articulus</strong></span> <span class='ocrx_word' id='word_1_665' title='bbox 1698 5185 1754 5244; x_wconf 91' lang='lat' dir='ltr'><strong>in</strong></span> <span class='ocrx_word' id='word_1_666' title='bbox 1811 5204 1950 5245; x_wconf 88' lang='lat' dir='ltr'><strong>mss.</strong></span> 
     </span>
    </p>
   </div>
   <div class='ocr_carea' id='block_1_90' title="bbox 317 5261 1955 5343">
    <p class='ocr_par' dir='ltr' id='par_1_90' title="bbox 317 5261 1955 5343">
     <span class='ocr_line' id='line_1_90' title="bbox 317 5261 1955 5343; baseline 0 -17"><span class='ocrx_word' id='word_1_667' title='bbox 317 5282 436 5326; x_wconf 92' lang='lat' dir='ltr'><strong>non</strong></span> <span class='ocrx_word' id='word_1_668' title='bbox 458 5262 779 5324; x_wconf 88' lang='lat' dir='ltr'><strong>invenitur.</strong></span> <span class='ocrx_word' id='word_1_669' title='bbox 809 5261 1348 5343; x_wconf 64' lang='lat' dir='ltr'><strong>Neqnesecundum</strong></span> <span class='ocrx_word' id='word_1_670' title='bbox 1368 5265 1802 5343; x_wconf 74' lang='lat' dir='ltr'><strong>privationem.</strong></span> <span class='ocrx_word' id='word_1_671' title='bbox 1832 5267 1955 5328; x_wconf 84' lang='lat' dir='ltr'><strong>Hoc</strong></span> 
     </span>
    </p>
   </div>
   <div class='ocr_carea' id='block_1_91' title="bbox 317 5342 1954 5414">
    <p class='ocr_par' dir='ltr' id='par_1_91' title="bbox 317 5342 1954 5414">
     <span class='ocr_line' id='line_1_91' title="bbox 317 5342 1954 5414; baseline -0.001 -12"><span class='ocrx_word' id='word_1_672' title='bbox 317 5353 421 5410; x_wconf 85' lang='lat' dir='ltr'><strong>est,</strong></span> <span class='ocrx_word' id='word_1_673' title='bbox 447 5342 923 5414; x_wconf 85' lang='lat' dir='ltr'><strong>quemadmodum</strong></span> <span class='ocrx_word' id='word_1_674' title='bbox 943 5357 1056 5400; x_wconf 88' lang='lat' dir='ltr'><strong>non</strong></span> <span class='ocrx_word' id='word_1_675' title='bbox 1079 5349 1348 5411; x_wconf 89' lang='lat' dir='ltr'><strong>putamus</strong></span> <span class='ocrx_word' id='word_1_676' title='bbox 1371 5342 1542 5399; x_wconf 70' lang='lat' dir='ltr'><strong>Deum</strong></span> <span class='ocrx_word' id='word_1_677' title='bbox 1570 5343 1954 5402; x_wconf 86' lang='lat' dir='ltr'><strong>decorandum</strong></span> 
     </span>
    </p>
   </div>
   <div class='ocr_carea' id='block_1_92' title="bbox 318 5414 1954 5494">
    <p class='ocr_par' dir='ltr' id='par_1_92' title="bbox 318 5414 1954 5494">
     <span class='ocr_line' id='line_1_92' title="bbox 318 5414 1954 5494; baseline -0.001 -16"><span class='ocrx_word' id='word_1_678' title='bbox 318 5433 454 5479; x_wconf 89' lang='lat' dir='ltr'><strong>esse</strong></span> <span class='ocrx_word' id='word_1_679' title='bbox 483 5431 588 5494; x_wconf 89' lang='lat' dir='ltr'><strong>per</strong></span> <span class='ocrx_word' id='word_1_680' title='bbox 608 5414 994 5494; x_wconf 89' lang='lat' dir='ltr'><strong>privationem</strong></span> <span class='ocrx_word' id='word_1_681' title='bbox 1023 5431 1036 5472; x_wconf 90' lang='lat'><strong>:</strong></span> <span class='ocrx_word' id='word_1_682' title='bbox 1067 5416 1144 5474; x_wconf 90' lang='lat' dir='ltr'><strong>ita</strong></span> <span class='ocrx_word' id='word_1_683' title='bbox 1165 5431 1281 5494; x_wconf 84' lang='lat' dir='ltr'><strong>non</strong></span> <span class='ocrx_word' id='word_1_684' title='bbox 1313 5423 1588 5480; x_wconf 84' lang='lat' dir='ltr'><strong>putamus</strong></span> <span class='ocrx_word' id='word_1_685' title='bbox 1606 5434 1741 5476; x_wconf 94' lang='lat' dir='ltr'><strong>eum</strong></span> <span class='ocrx_word' id='word_1_686' title='bbox 1769 5417 1954 5477; x_wconf 87' lang='lat' dir='ltr'><strong>deco-</strong></span> 
     </span>
    </p>
   </div>
   <div class='ocr_carea' id='block_1_93' title="bbox 2110 3455 3671 3536">
    <p class='ocr_par' dir='ltr' id='par_1_93' title="bbox 2110 3455 3671 3536">
     <span class='ocr_line' id='line_1_93' title="bbox 2110 3455 3671 3536; baseline -0.001 -19"><span class='ocrx_word' id='word_1_687' title='bbox 2110 3460 2205 3521; x_wconf 80' lang='grc'><strong>10.</strong></span> <span class='ocrx_word' id='word_1_688' title='bbox 2234 3458 2422 3521; x_wconf 88' lang='lat' dir='ltr'><strong>Habet</strong></span> <span class='ocrx_word' id='word_1_689' title='bbox 2445 3466 2641 3520; x_wconf 86' lang='lat' dir='ltr'><strong>autem</strong></span> <span class='ocrx_word' id='word_1_690' title='bbox 2670 3477 2734 3520; x_wconf 94' lang='lat' dir='ltr'><strong>se</strong></span> <span class='ocrx_word' id='word_1_691' title='bbox 2749 3475 2844 3520; x_wconf 89' lang='lat' dir='ltr'><strong>res</strong></span> <span class='ocrx_word' id='word_1_692' title='bbox 2893 3459 3004 3519; x_wconf 93' lang='lat' dir='ltr'><strong>hoc</strong></span> <span class='ocrx_word' id='word_1_693' title='bbox 3033 3457 3231 3521; x_wconf 89' lang='lat' dir='ltr'><strong>modo.</strong></span> <span class='ocrx_word' id='word_1_694' title='bbox 3259 3456 3500 3518; x_wconf 90' lang='lat' dir='ltr'><strong>Nullum</strong></span> <span class='ocrx_word' id='word_1_695' title='bbox 3533 3455 3671 3536; x_wconf 86' lang='lat' dir='ltr'><strong>qui-</strong></span> 
     </span>
    </p>
   </div>
   <div class='ocr_carea' id='block_1_94' title="bbox 2029 3546 3678 3628">
    <p class='ocr_par' dir='ltr' id='par_1_94' title="bbox 2029 3546 3678 3628">
     <span class='ocr_line' id='line_1_94' title="bbox 2029 3546 3678 3628; baseline -0.001 -20"><span class='ocrx_word' id='word_1_696' title='bbox 2029 3548 2165 3609; x_wconf 90' lang='lat' dir='ltr'><strong>dem</strong></span> <span class='ocrx_word' id='word_1_697' title='bbox 2189 3567 2406 3609; x_wconf 89' lang='lat' dir='ltr'><strong>nomen</strong></span> <span class='ocrx_word' id='word_1_698' title='bbox 2431 3557 2520 3608; x_wconf 90' lang='lat' dir='ltr'><strong>est</strong></span> <span class='ocrx_word' id='word_1_699' title='bbox 2542 3548 2700 3628; x_wconf 90' lang='lat' dir='ltr'><strong>quod</strong></span> <span class='ocrx_word' id='word_1_700' title='bbox 2727 3555 2907 3609; x_wconf 81' lang='lat' dir='ltr'><strong>totam</strong></span> <span class='ocrx_word' id='word_1_701' title='bbox 2957 3547 3063 3608; x_wconf 89' lang='lat' dir='ltr'><strong>Dei</strong></span> <span class='ocrx_word' id='word_1_702' title='bbox 3087 3556 3356 3609; x_wconf 86' lang='lat' dir='ltr'><strong>naturam</strong></span> <span class='ocrx_word' id='word_1_703' title='bbox 3402 3546 3678 3626; x_wconf 87' lang='lat' dir='ltr'><strong>comple-</strong></span> 
     </span>
    </p>
   </div>
   <div class='ocr_carea' id='block_1_95' title="bbox 2029 3637 3677 3716">
    <p class='ocr_par' dir='ltr' id='par_1_95' title="bbox 2029 3637 3677 3716">
     <span class='ocr_line' id='line_1_95' title="bbox 2029 3637 3677 3716; baseline -0.001 -17"><span class='ocrx_word' id='word_1_704' title='bbox 2029 3657 2190 3714; x_wconf 84' lang='lat' dir='ltr'><strong>xum,</strong></span> <span class='ocrx_word' id='word_1_705' title='bbox 2219 3646 2309 3699; x_wconf 88' lang='lat' dir='ltr'><strong>sat</strong></span> <span class='ocrx_word' id='word_1_706' title='bbox 2331 3657 2460 3699; x_wconf 85' lang='lat' dir='ltr'><strong>eam</strong></span> <span class='ocrx_word' id='word_1_707' title='bbox 2487 3638 2669 3716; x_wconf 86' lang='lat' dir='ltr'><strong>possit</strong></span> <span class='ocrx_word' id='word_1_708' title='bbox 2693 3637 3002 3697; x_wconf 89' lang='lat' dir='ltr'><strong>enuntiare</strong></span> <span class='ocrx_word' id='word_1_709' title='bbox 3029 3659 3042 3697; x_wconf 88' lang='lat'><strong>:</strong></span> <span class='ocrx_word' id='word_1_710' title='bbox 3107 3637 3278 3716; x_wconf 85' lang='lat' dir='ltr'><strong>plura</strong></span> <span class='ocrx_word' id='word_1_711' title='bbox 3309 3655 3450 3698; x_wconf 90' lang='lat' dir='ltr'><strong>vero</strong></span> <span class='ocrx_word' id='word_1_712' title='bbox 3476 3644 3535 3696; x_wconf 86' lang='lat' dir='ltr'><strong>et</strong></span> <span class='ocrx_word' id='word_1_713' title='bbox 3575 3653 3677 3697; x_wconf 88' lang='lat' dir='ltr'><strong>va-</strong></span> 
     </span>
    </p>
   </div>
   <div class='ocr_carea' id='block_1_96' title="bbox 2040 3725 3676 3806">
    <p class='ocr_par' dir='ltr' id='par_1_96' title="bbox 2040 3725 3676 3806">
     <span class='ocr_line' id='line_1_96' title="bbox 2040 3725 3676 3806; baseline -0.001 -20"><span class='ocrx_word' id='word_1_714' title='bbox 2040 3727 2147 3806; x_wconf 86' lang='lat' dir='ltr'><strong>ria,</strong></span> <span class='ocrx_word' id='word_1_715' title='bbox 2182 3727 2410 3802; x_wconf 85' lang='lat' dir='ltr'><strong>singula</strong></span> <span class='ocrx_word' id='word_1_716' title='bbox 2442 3727 2503 3786; x_wconf 96' lang='lat' dir='ltr'><strong>in</strong></span> <span class='ocrx_word' id='word_1_717' title='bbox 2561 3725 2802 3805; x_wconf 91' lang='lat' dir='ltr'><strong>propria</strong></span> <span class='ocrx_word' id='word_1_718' title='bbox 2859 3726 3316 3802; x_wconf 77' lang='lat' dir='ltr'><strong>signiﬁcatione,</strong></span> <span class='ocrx_word' id='word_1_719' title='bbox 3365 3725 3676 3786; x_wconf 84' lang='lat' dir='ltr'><strong>obscuram</strong></span> 
     </span>
    </p>
   </div>
   <div class='ocr_carea' id='block_1_97' title="bbox 2042 3815 3678 3896">
    <p class='ocr_par' dir='ltr' id='par_1_97' title="bbox 2042 3815 3678 3896">
     <span class='ocr_line' id='line_1_97' title="bbox 2042 3815 3678 3896; baseline -0.001 -21"><span class='ocrx_word' id='word_1_720' title='bbox 2042 3817 2278 3896; x_wconf 90' lang='lat' dir='ltr'><strong>quidem</strong></span> <span class='ocrx_word' id='word_1_721' title='bbox 2303 3815 2546 3876; x_wconf 89' lang='lat' dir='ltr'><strong>omnino</strong></span> <span class='ocrx_word' id='word_1_722' title='bbox 2572 3823 2630 3875; x_wconf 90' lang='lat' dir='ltr'><strong>et</strong></span> <span class='ocrx_word' id='word_1_723' title='bbox 2652 3833 2930 3895; x_wconf 89' lang='lat' dir='ltr'><strong>perquam</strong></span> <span class='ocrx_word' id='word_1_724' title='bbox 2951 3815 3260 3894; x_wconf 83' lang='lat' dir='ltr'><strong>exiguam,</strong></span> <span class='ocrx_word' id='word_1_725' title='bbox 3306 3816 3354 3875; x_wconf 93' lang='lat' dir='ltr'><strong>si</strong></span> <span class='ocrx_word' id='word_1_726' title='bbox 3379 3833 3510 3875; x_wconf 91' lang='lat' dir='ltr'><strong>cum</strong></span> <span class='ocrx_word' id='word_1_727' title='bbox 3557 3822 3678 3874; x_wconf 89' lang='lat' dir='ltr'><strong>toto</strong></span> 
     </span>
    </p>
   </div>
   <div class='ocr_carea' id='block_1_98' title="bbox 2042 3901 3677 3975">
    <p class='ocr_par' dir='ltr' id='par_1_98' title="bbox 2042 3901 3677 3975">
     <span class='ocr_line' id='line_1_98' title="bbox 2042 3901 3677 3975; baseline -0.002 -15"><span class='ocrx_word' id='word_1_728' title='bbox 2042 3905 2600 3975; x_wconf 82' lang='lat' dir='ltr'><strong>comparetur.uobis</strong></span> <span class='ocrx_word' id='word_1_729' title='bbox 2627 3912 2813 3960; x_wconf 87' lang='lat' dir='ltr'><strong>tamen</strong></span> <span class='ocrx_word' id='word_1_730' title='bbox 2840 3901 3677 3973; x_wconf 74' lang='lat' dir='ltr'><strong>sufficientem,iutelligentiam</strong></span> 
     </span>
    </p>
   </div>
   <div class='ocr_carea' id='block_1_99' title="bbox 2041 3981 3676 4066">
    <p class='ocr_par' dir='ltr' id='par_1_99' title="bbox 2041 3981 3676 4066">
     <span class='ocr_line' id='line_1_99' title="bbox 2041 3981 3676 4066; baseline -0.004 -18"><span class='ocrx_word' id='word_1_731' title='bbox 2041 3985 2607 4066; x_wconf 81' lang='lat' dir='ltr'><strong>congerunt.ltaque</strong></span> <span class='ocrx_word' id='word_1_732' title='bbox 2629 3984 3043 4046; x_wconf 90' lang='lat' dir='ltr'><strong>internomiua</strong></span> <span class='ocrx_word' id='word_1_733' title='bbox 3064 4004 3132 4047; x_wconf 91' lang='lat' dir='ltr'><strong>ea</strong></span> <span class='ocrx_word' id='word_1_734' title='bbox 3171 4003 3300 4066; x_wconf 63' lang='lat' dir='ltr'><strong>qua:</strong></span> <span class='ocrx_word' id='word_1_735' title='bbox 3327 3984 3400 4045; x_wconf 86' lang='lat' dir='ltr'><strong>de</strong></span> <span class='ocrx_word' id='word_1_736' title='bbox 3437 3981 3556 4043; x_wconf 90' lang='lat' dir='ltr'><strong>Deo</strong></span> <span class='ocrx_word' id='word_1_737' title='bbox 3579 3981 3676 4042; x_wconf 80' lang='lat' dir='ltr'><strong>(li-</strong></span> 
     </span>
    </p>
   </div>
   <div class='ocr_carea' id='block_1_100' title="bbox 2038 4072 3680 4155">
    <p class='ocr_par' dir='ltr' id='par_1_100' title="bbox 2038 4072 3680 4155">
     <span class='ocr_line' id='line_1_100' title="bbox 2038 4072 3680 4155; baseline -0.004 -17"><span class='ocrx_word' id='word_1_738' title='bbox 2038 4085 2272 4147; x_wconf 82' lang='lat' dir='ltr'><strong>euntur,</strong></span> <span class='ocrx_word' id='word_1_739' title='bbox 2305 4076 2500 4155; x_wconf 88' lang='lat' dir='ltr'><strong>aliqua</strong></span> <span class='ocrx_word' id='word_1_740' title='bbox 2531 4075 2866 4153; x_wconf 83' lang='lat' dir='ltr'><strong>signiticant</strong></span> <span class='ocrx_word' id='word_1_741' title='bbox 2897 4093 3026 4155; x_wconf 81' lang='lat' dir='ltr'><strong>quae</strong></span> <span class='ocrx_word' id='word_1_742' title='bbox 3054 4077 3174 4136; x_wconf 93' lang='lat' dir='ltr'><strong>Deo</strong></span> <span class='ocrx_word' id='word_1_743' title='bbox 3202 4076 3406 4136; x_wconf 89' lang='lat' dir='ltr'><strong>insunt</strong></span> <span class='ocrx_word' id='word_1_744' title='bbox 3433 4091 3446 4135; x_wconf 92' lang='lat'>:</span> <span class='ocrx_word' id='word_1_745' title='bbox 3483 4072 3680 4152; x_wconf 73' lang='lat' dir='ltr'><strong>aliqua</strong></span> 
     </span>
    </p>
   </div>
   <div class='ocr_carea' id='block_1_101' title="bbox 2037 4159 3680 4243">
    <p class='ocr_par' dir='ltr' id='par_1_101' title="bbox 2037 4159 3680 4243">
     <span class='ocr_line' id='line_1_101' title="bbox 2037 4159 3680 4243; baseline -0.001 -19"><span class='ocrx_word' id='word_1_746' title='bbox 2037 4185 2175 4226; x_wconf 88' lang='lat' dir='ltr'><strong>vero</strong></span> <span class='ocrx_word' id='word_1_747' title='bbox 2208 4165 2544 4227; x_wconf 86' lang='lat' dir='ltr'><strong>econtrario</strong></span> <span class='ocrx_word' id='word_1_748' title='bbox 2574 4165 2840 4226; x_wconf 88' lang='lat' dir='ltr'><strong>indicant</strong></span> <span class='ocrx_word' id='word_1_749' title='bbox 2887 4183 3017 4243; x_wconf 81' lang='lat' dir='ltr'><strong>quze</strong></span> <span class='ocrx_word' id='word_1_750' title='bbox 3077 4165 3129 4226; x_wconf 91' lang='lat' dir='ltr'><strong>ei</strong></span> <span class='ocrx_word' id='word_1_751' title='bbox 3182 4183 3299 4224; x_wconf 91' lang='lat' dir='ltr'><strong>non</strong></span> <span class='ocrx_word' id='word_1_752' title='bbox 3332 4163 3556 4224; x_wconf 88' lang='lat' dir='ltr'><strong>insunt.</strong></span> <span class='ocrx_word' id='word_1_753' title='bbox 3596 4159 3680 4222; x_wconf 84' lang='lat' dir='ltr'><strong>Ex</strong></span> 
     </span>
    </p>
   </div>
   <div class='ocr_carea' id='block_1_102' title="bbox 2039 4253 3682 4334">
    <p class='ocr_par' dir='ltr' id='par_1_102' title="bbox 2039 4253 3682 4334">
     <span class='ocr_line' id='line_1_102' title="bbox 2039 4253 3682 4334; baseline -0.003 -18"><span class='ocrx_word' id='word_1_754' title='bbox 2039 4256 2130 4316; x_wconf 84' lang='lat' dir='ltr'><strong>lllS</strong></span> <span class='ocrx_word' id='word_1_755' title='bbox 2155 4255 2310 4317; x_wconf 89' lang='lat' dir='ltr'><strong>enim</strong></span> <span class='ocrx_word' id='word_1_756' title='bbox 2340 4254 2593 4333; x_wconf 84' lang='lat' dir='ltr'><strong>duobus,</strong></span> <span class='ocrx_word' id='word_1_757' title='bbox 2647 4264 2704 4315; x_wconf 92' lang='lat' dir='ltr'><strong>et</strong></span> <span class='ocrx_word' id='word_1_758' title='bbox 2736 4272 2805 4314; x_wconf 75' lang='lat' dir='ltr'><strong>ex</strong></span> <span class='ocrx_word' id='word_1_759' title='bbox 2855 4271 3060 4315; x_wconf 89' lang='lat' dir='ltr'><strong>eorum</strong></span> <span class='ocrx_word' id='word_1_760' title='bbox 3112 4272 3246 4334; x_wconf 62' lang='lat' dir='ltr'><strong>qna:</strong></span> <span class='ocrx_word' id='word_1_761' title='bbox 3301 4253 3682 4314; x_wconf 80' lang='lat' dir='ltr'><strong>dissentanea</strong></span> 
     </span>
    </p>
   </div>
   <div class='ocr_carea' id='block_1_103' title="bbox 2038 4340 3680 4424">
    <p class='ocr_par' dir='ltr' id='par_1_103' title="bbox 2038 4340 3680 4424">
     <span class='ocr_line' id='line_1_103' title="bbox 2038 4340 3680 4424; baseline -0.002 -19"><span class='ocrx_word' id='word_1_762' title='bbox 2038 4355 2174 4407; x_wconf 90' lang='lat' dir='ltr'><strong>sunt</strong></span> <span class='ocrx_word' id='word_1_763' title='bbox 2202 4349 2534 4422; x_wconf 77' lang='lat' dir='ltr'><strong>negatione,</strong></span> <span class='ocrx_word' id='word_1_764' title='bbox 2562 4353 2618 4404; x_wconf 89' lang='lat' dir='ltr'><strong>et</strong></span> <span class='ocrx_word' id='word_1_765' title='bbox 2639 4361 2710 4403; x_wconf 83' lang='lat' dir='ltr'><strong>ex</strong></span> <span class='ocrx_word' id='word_1_766' title='bbox 2737 4361 2940 4403; x_wconf 92' lang='lat' dir='ltr'><strong>eorum</strong></span> <span class='ocrx_word' id='word_1_767' title='bbox 2962 4363 3090 4424; x_wconf 71' lang='lat' dir='ltr'><strong>quae</strong></span> <span class='ocrx_word' id='word_1_768' title='bbox 3111 4343 3326 4403; x_wconf 91' lang='lat' dir='ltr'><strong>adsunt</strong></span> <span class='ocrx_word' id='word_1_769' title='bbox 3348 4340 3680 4403; x_wconf 81' lang='lat' dir='ltr'><strong>confessio—</strong></span> 
     </span>
    </p>
   </div>
   <div class='ocr_carea' id='block_1_104' title="bbox 2040 4431 3664 4514">
    <p class='ocr_par' dir='ltr' id='par_1_104' title="bbox 2040 4431 3664 4514">
     <span class='ocr_line' id='line_1_104' title="bbox 2040 4431 3664 4514; baseline -0.002 -18"><span class='ocrx_word' id='word_1_770' title='bbox 2040 4454 2138 4510; x_wconf 92' lang='lat' dir='ltr'><strong>ne,</strong></span> <span class='ocrx_word' id='word_1_771' title='bbox 2161 4436 2318 4495; x_wconf 91' lang='lat' dir='ltr'><strong>velut</strong></span> <span class='ocrx_word' id='word_1_772' title='bbox 2339 4434 2576 4514; x_wconf 90' lang='lat' dir='ltr'><strong>quidam</strong></span> <span class='ocrx_word' id='word_1_773' title='bbox 2603 4433 3034 4496; x_wconf 89' lang='lat' dir='ltr'><strong>Deicharacter</strong></span> <span class='ocrx_word' id='word_1_774' title='bbox 3073 4433 3244 4494; x_wconf 87' lang='lat' dir='ltr'><strong>nobis</strong></span> <span class='ocrx_word' id='word_1_775' title='bbox 3277 4431 3664 4512; x_wconf 89' lang='lat' dir='ltr'><strong>imprimitur.</strong></span> 
     </span>
    </p>
   </div>
   <div class='ocr_carea' id='block_1_105' title="bbox 2039 4521 3669 4604">
    <p class='ocr_par' dir='ltr' id='par_1_105' title="bbox 2039 4521 3669 4604">
     <span class='ocr_line' id='line_1_105' title="bbox 2039 4521 3669 4604; baseline -0.003 -19"><span class='ocrx_word' id='word_1_776' title='bbox 2039 4528 2304 4604; x_wconf 76' lang='lat' dir='ltr'><strong>Exempli</strong></span> <span class='ocrx_word' id='word_1_777' title='bbox 2322 4542 2522 4597; x_wconf 88' lang='lat' dir='ltr'><strong>causa,</strong></span> <span class='ocrx_word' id='word_1_778' title='bbox 2547 4542 2680 4584; x_wconf 90' lang='lat' dir='ltr'><strong>cum</strong></span> <span class='ocrx_word' id='word_1_779' title='bbox 2702 4523 3219 4602; x_wconf 91' lang='lat' dir='ltr'><strong>incorruptibilem</strong></span> <span class='ocrx_word' id='word_1_780' title='bbox 3265 4521 3669 4595; x_wconf 91' lang='lat' dir='ltr'><strong>nominamus,</strong></span> 
     </span>
    </p>
   </div>
   <div class='ocr_carea' id='block_1_106' title="bbox 2040 4611 3671 4680">
    <p class='ocr_par' dir='ltr' id='par_1_106' title="bbox 2040 4611 3671 4680">
     <span class='ocr_line' id='line_1_106' title="bbox 2040 4611 3671 4680; baseline -0.004 -8"><span class='ocrx_word' id='word_1_781' title='bbox 2040 4617 2190 4673; x_wconf 87' lang='lat' dir='ltr'><strong>idem</strong></span> <span class='ocrx_word' id='word_1_782' title='bbox 2221 4615 2458 4671; x_wconf 78' lang='lat' dir='ltr'><strong>facimus</strong></span> <span class='ocrx_word' id='word_1_783' title='bbox 2489 4629 2549 4669; x_wconf 91' lang='lat' dir='ltr'><strong>ac</strong></span> <span class='ocrx_word' id='word_1_784' title='bbox 2575 4614 2619 4668; x_wconf 90' lang='lat' dir='ltr'><strong>si</strong></span> <span class='ocrx_word' id='word_1_785' title='bbox 2653 4613 2910 4669; x_wconf 88' lang='lat' dir='ltr'><strong>dicamus</strong></span> <span class='ocrx_word' id='word_1_786' title='bbox 2942 4622 3036 4669; x_wconf 88' lang='lat' dir='ltr'><strong>aut</strong></span> <span class='ocrx_word' id='word_1_787' title='bbox 3074 4613 3241 4670; x_wconf 89' lang='lat' dir='ltr'><strong>nobis</strong></span> <span class='ocrx_word' id='word_1_788' title='bbox 3270 4611 3410 4680; x_wconf 88' lang='lat' dir='ltr'><strong>Ipsis</strong></span> <span class='ocrx_word' id='word_1_789' title='bbox 3441 4620 3538 4666; x_wconf 89' lang='lat' dir='ltr'><strong>aut</strong></span> <span class='ocrx_word' id='word_1_790' title='bbox 3569 4625 3671 4666; x_wconf 84' lang='lat' dir='ltr'><strong>ou-</strong></span> 
     </span>
    </p>
   </div>
   <div class='ocr_carea' id='block_1_107' title="bbox 1978 4691 3675 4773">
    <p class='ocr_par' dir='ltr' id='par_1_107' title="bbox 1978 4691 3675 4773">
     <span class='ocr_line' id='line_1_107' title="bbox 1978 4691 3675 4773; baseline -0.003 -19"><span class='ocrx_word' id='word_1_791' title='bbox 1978 4710 2010 4754; x_wconf 62' lang='lat'>:</span> <span class='ocrx_word' id='word_1_792' title='bbox 2037 4696 2368 4760; x_wconf 88' lang='lat' dir='ltr'><strong>dientibns:</strong></span> <span class='ocrx_word' id='word_1_793' title='bbox 2394 4698 2542 4756; x_wconf 76' lang='lat' dir='ltr'><strong>Cave</strong></span> <span class='ocrx_word' id='word_1_794' title='bbox 2563 4702 2728 4773; x_wconf 85' lang='lat' dir='ltr'><strong>putes</strong></span> <span class='ocrx_word' id='word_1_795' title='bbox 2757 4695 2938 4754; x_wconf 89' lang='lat' dir='ltr'><strong>Deum</strong></span> <span class='ocrx_word' id='word_1_796' title='bbox 2955 4693 3266 4773; x_wconf 83' lang='lat' dir='ltr'><strong>subjacere</strong></span> <span class='ocrx_word' id='word_1_797' title='bbox 3281 4691 3675 4770; x_wconf 88' lang='lat' dir='ltr'><strong>corruptioni:</strong></span> 
     </span>
    </p>
   </div>
   <div class='ocr_carea' id='block_1_108' title="bbox 2043 4851 3675 4932">
    <p class='ocr_par' dir='ltr' id='par_1_108' title="bbox 2043 4851 3675 4932">
     <span class='ocr_line' id='line_1_108' title="bbox 2043 4851 3675 4932; baseline -0.008 -9"><span class='ocrx_word' id='word_1_798' title='bbox 2043 4858 2213 4921; x_wconf 80' lang='lat' dir='ltr'><strong>aliter</strong></span> <span class='ocrx_word' id='word_1_799' title='bbox 2239 4856 2312 4917; x_wconf 86' lang='lat' dir='ltr'><strong>de</strong></span> <span class='ocrx_word' id='word_1_800' title='bbox 2347 4871 2487 4915; x_wconf 76' lang='lat' dir='ltr'><strong>voce</strong></span> <span class='ocrx_word' id='word_1_801' title='bbox 2519 4853 2830 4932; x_wconf 73' lang='grc' dir='ltr'>ἀγέννητος.</span> <span class='ocrx_word' id='word_1_802' title='bbox 2868 4855 2967 4916; x_wconf 86' lang='lat' dir='ltr'><strong>llla</strong></span> <span class='ocrx_word' id='word_1_803' title='bbox 3003 4853 3162 4914; x_wconf 91' lang='lat' dir='ltr'><strong>enim</strong></span> <span class='ocrx_word' id='word_1_804' title='bbox 3197 4851 3477 4932; x_wconf 78' lang='lat' dir='ltr'><strong>privativa</strong></span> <span class='ocrx_word' id='word_1_805' title='bbox 3513 4860 3675 4925; x_wconf 91' lang='lat' dir='ltr'><strong>sunt,</strong></span> 
     </span>
    </p>
   </div>
   <div class='ocr_carea' id='block_1_109' title="bbox 2043 4930 3675 5016">
    <p class='ocr_par' dir='ltr' id='par_1_109' title="bbox 2043 4930 3675 5016">
     <span class='ocr_line' id='line_1_109' title="bbox 2043 4930 3675 5016; baseline -0.007 -14"><span class='ocrx_word' id='word_1_806' title='bbox 2043 4957 2176 5002; x_wconf 90' lang='lat' dir='ltr'><strong>cum</strong></span> <span class='ocrx_word' id='word_1_807' title='bbox 2198 4955 2318 5016; x_wconf 82' lang='lat' dir='ltr'><strong>prae</strong></span> <span class='ocrx_word' id='word_1_808' title='bbox 2340 4953 2403 4996; x_wconf 93' lang='lat' dir='ltr'><strong>se</strong></span> <span class='ocrx_word' id='word_1_809' title='bbox 2426 4930 2810 5016; x_wconf 80' lang='lat' dir='ltr'><strong>privationem</strong></span> <span class='ocrx_word' id='word_1_810' title='bbox 2837 4934 3051 5006; x_wconf 80' lang='lat' dir='ltr'><strong>ferant,</strong></span> <span class='ocrx_word' id='word_1_811' title='bbox 3077 4930 3675 5016; x_wconf 81' lang='lat' dir='ltr'><strong>corruptionis,mor-</strong></span> 
     </span>
    </p>
   </div>
   <div class='ocr_carea' id='block_1_110' title="bbox 2044 5011 3675 5094">
    <p class='ocr_par' dir='ltr' id='par_1_110' title="bbox 2044 5011 3675 5094">
     <span class='ocr_line' id='line_1_110' title="bbox 2044 5011 3675 5094; baseline -0.005 -14"><span class='ocrx_word' id='word_1_812' title='bbox 2044 5021 2139 5092; x_wconf 89' lang='lat' dir='ltr'><strong>tis,</strong></span> <span class='ocrx_word' id='word_1_813' title='bbox 2173 5011 2332 5078; x_wconf 81' lang='lat' dir='ltr'><strong>visus</strong></span> <span class='ocrx_word' id='word_1_814' title='bbox 2357 5037 2369 5079; x_wconf 92' lang='lat'><strong>:</strong></span> <span class='ocrx_word' id='word_1_815' title='bbox 2395 5011 2496 5078; x_wconf 83' lang='lat' dir='ltr'><strong>sed</strong></span> <span class='ocrx_word' id='word_1_816' title='bbox 2522 5015 2632 5075; x_wconf 88' lang='lat' dir='ltr'><strong>hoc</strong></span> <span class='ocrx_word' id='word_1_817' title='bbox 2657 5014 2770 5076; x_wconf 89' lang='lat' dir='ltr'><strong>tale</strong></span> <span class='ocrx_word' id='word_1_818' title='bbox 2799 5033 2916 5075; x_wconf 93' lang='lat' dir='ltr'><strong>non</strong></span> <span class='ocrx_word' id='word_1_819' title='bbox 2943 5020 3056 5094; x_wconf 86' lang='lat' dir='ltr'><strong>est,</strong></span> <span class='ocrx_word' id='word_1_820' title='bbox 3109 5032 3242 5074; x_wconf 92' lang='lat' dir='ltr'><strong>cum</strong></span> <span class='ocrx_word' id='word_1_821' title='bbox 3265 5011 3675 5092; x_wconf 87' lang='lat' dir='ltr'><strong>privationem</strong></span> 
     </span>
    </p>
   </div>
   <div class='ocr_carea' id='block_1_111' title="bbox 2043 5094 3680 5173">
    <p class='ocr_par' dir='ltr' id='par_1_111' title="bbox 2043 5094 3680 5173">
     <span class='ocr_line' id='line_1_111' title="bbox 2043 5094 3680 5173; baseline -0.004 -12"><span class='ocrx_word' id='word_1_822' title='bbox 2043 5116 2161 5161; x_wconf 90' lang='lat' dir='ltr'><strong>non</strong></span> <span class='ocrx_word' id='word_1_823' title='bbox 2183 5097 2432 5164; x_wconf 84' lang='lat' dir='ltr'><strong>indicet,</strong></span> <span class='ocrx_word' id='word_1_824' title='bbox 2450 5095 2554 5155; x_wconf 91' lang='lat' dir='ltr'><strong>sed</strong></span> <span class='ocrx_word' id='word_1_825' title='bbox 2578 5095 2700 5173; x_wconf 89' lang='lat' dir='ltr'><strong>ipsa</strong></span> <span class='ocrx_word' id='word_1_826' title='bbox 2713 5114 2765 5154; x_wconf 93' lang='lat' dir='ltr'><strong>m</strong></span> <span class='ocrx_word' id='word_1_827' title='bbox 2790 5104 3058 5156; x_wconf 82' lang='lat' dir='ltr'><strong>naturam</strong></span> <span class='ocrx_word' id='word_1_828' title='bbox 3075 5094 3328 5155; x_wconf 87' lang='lat' dir='ltr'><strong>divinam</strong></span> <span class='ocrx_word' id='word_1_829' title='bbox 3344 5097 3680 5173; x_wconf 86' lang='lat' dir='ltr'><strong>constituat.</strong></span> 
     </span>
    </p>
   </div>
   <div class='ocr_carea' id='block_1_112' title="bbox 2039 5172 3684 5256">
    <p class='ocr_par' dir='ltr' id='par_1_112' title="bbox 2039 5172 3684 5256">
     <span class='ocr_line' id='line_1_112' title="bbox 2039 5172 3684 5256; baseline -0.004 -15"><span class='ocrx_word' id='word_1_830' title='bbox 2039 5172 2857 5256; x_wconf 76' lang='lat' dir='ltr'><strong>Argumentumautemillud</strong></span> <span class='ocrx_word' id='word_1_831' title='bbox 2884 5174 3151 5236; x_wconf 87' lang='lat' dir='ltr'><strong>Eunomii</strong></span> <span class='ocrx_word' id='word_1_832' title='bbox 3174 5172 3498 5254; x_wconf 87' lang='lat' dir='ltr'><strong>quamleve</strong></span> <span class='ocrx_word' id='word_1_833' title='bbox 3517 5172 3590 5233; x_wconf 88' lang='lat' dir='ltr'><strong>sit</strong></span> <span class='ocrx_word' id='word_1_834' title='bbox 3625 5182 3684 5234; x_wconf 91' lang='lat' dir='ltr'><strong>et</strong></span> 
     </span>
    </p>
   </div>
   <div class='ocr_carea' id='block_1_113' title="bbox 2040 5253 3319 5337">
    <p class='ocr_par' dir='ltr' id='par_1_113' title="bbox 2040 5253 3319 5337">
     <span class='ocr_line' id='line_1_113' title="bbox 2040 5253 3319 5337; baseline -0.006 -16"><span class='ocrx_word' id='word_1_835' title='bbox 2040 5253 2230 5331; x_wconf 78' lang='lat' dir='ltr'><strong>futile,</strong></span> <span class='ocrx_word' id='word_1_836' title='bbox 2263 5277 2332 5320; x_wconf 85' lang='lat' dir='ltr'><strong>ex</strong></span> <span class='ocrx_word' id='word_1_837' title='bbox 2361 5255 2556 5337; x_wconf 79' lang='lat' dir='ltr'><strong>Basilii</strong></span> <span class='ocrx_word' id='word_1_838' title='bbox 2590 5253 2785 5316; x_wconf 76' lang='lat' dir='ltr'><strong>verbis</strong></span> <span class='ocrx_word' id='word_1_839' title='bbox 2817 5256 3073 5337; x_wconf 88' lang='lat' dir='ltr'><strong>perspici</strong></span> <span class='ocrx_word' id='word_1_840' title='bbox 3111 5253 3319 5337; x_wconf 88' lang='lat' dir='ltr'><strong>potest.</strong></span> 
     </span>
    </p>
   </div>
   <div class='ocr_carea' id='block_1_114' title="bbox 2121 5335 3675 5416">
    <p class='ocr_par' dir='ltr' id='par_1_114' title="bbox 2121 5335 3675 5416">
     <span class='ocr_line' id='line_1_114' title="bbox 2121 5335 3675 5416; baseline -0.006 -15"><span class='ocrx_word' id='word_1_841' title='bbox 2121 5341 2241 5416; x_wconf 73' lang='lat'><strong>(65)</strong></span> <span class='ocrx_word' id='word_1_842' title='bbox 2304 5337 2475 5413; x_wconf 89' lang='lat' dir='ltr'><strong>Illud,</strong></span> <span class='ocrx_word' id='word_1_843' title='bbox 2539 5335 2776 5408; x_wconf 60' lang='grc' dir='ltr'>δυνάμει,</span> <span class='ocrx_word' id='word_1_844' title='bbox 2845 5335 3075 5415; x_wconf 27' lang='lat' dir='ltr'><strong>qui‘ita</strong></span> <span class='ocrx_word' id='word_1_845' title='bbox 3155 5336 3675 5413; x_wconf 86' lang='lat' dir='ltr'><strong>interpretaretur,</strong></span> 
     </span>
    </p>
   </div>
   <div class='ocr_carea' id='block_1_115' title="bbox 2040 5416 3679 5500">
    <p class='ocr_par' dir='ltr' id='par_1_115' title="bbox 2040 5416 3679 5500">
     <span class='ocr_line' id='line_1_115' title="bbox 2040 5416 3679 5500; baseline -0.005 -20"><span class='ocrx_word' id='word_1_846' title='bbox 2040 5416 2708 5500; x_wconf 63' lang='lat' dir='ltr'><strong>mquipollenter,_bene</strong></span> <span class='ocrx_word' id='word_1_847' title='bbox 2766 5417 3007 5500; x_wconf 70' lang='lat' dir='ltr'><strong>quidem</strong></span> <span class='ocrx_word' id='word_1_848' title='bbox 3075 5431 3679 5500; x_wconf 84' lang='lat' dir='ltr'><strong>rem_expressurum</strong></span> 
     </span>
    </p>
   </div>
   <div class='ocr_carea' id='block_1_116' title="bbox 315 5492 3678 5580">
    <p class='ocr_par' dir='ltr' id='par_1_116' title="bbox 315 5492 3678 5580">
     <span class='ocr_line' id='line_1_116' title="bbox 315 5492 3678 5580; baseline -0.001 -23"><span class='ocrx_word' id='word_1_849' title='bbox 315 5492 566 5580; x_wconf 77' lang='lat' dir='ltr'><strong>randum</strong></span> <span class='ocrx_word' id='word_1_850' title='bbox 587 5492 718 5580; x_wconf 80' lang='lat' dir='ltr'><strong>esse</strong></span> <span class='ocrx_word' id='word_1_851' title='bbox 735 5492 1838 5580; x_wconf 75' lang='lat' dir='ltr'><strong>perhumanum_intellig_endimodum.</strong></span> <span class='ocrx_word' id='word_1_852' title='bbox 1869 5499 1949 5558; x_wconf 82' lang='lat' dir='ltr'><strong>Ea</strong></span> <span class='ocrx_word' id='word_1_853' title='bbox 2035 5492 2214 5580; x_wconf 53' lang='lat' dir='ltr'><strong>pu&#39;to;&#39;</strong></span> <span class='ocrx_word' id='word_1_854' title='bbox 2243 5498 2346 5580; x_wconf 85' lang='lat' dir='ltr'><strong>sed</strong></span> <span class='ocrx_word' id='word_1_855' title='bbox 2383 5515 2504 5580; x_wconf 14' lang='lat' dir='ltr'><strong>non,</strong></span> <span class='ocrx_word' id='word_1_856' title='bbox 2532 5495 2758 5556; x_wconf 85' lang='lat' dir='ltr'><strong>Latine.</strong></span> <span class='ocrx_word' id='word_1_857' title='bbox 2786 5492 3110 5578; x_wconf 46' lang='lat' dir='ltr'><strong>&#39;Aliquanto</strong></span> <span class='ocrx_word' id='word_1_858' title='bbox 3144 5495 3295 5556; x_wconf 80' lang='lat' dir='ltr'><strong>infra</strong></span> <span class='ocrx_word' id='word_1_859' title='bbox 3329 5512 3468 5555; x_wconf 88' lang='lat' dir='ltr'><strong>mss.</strong></span> <span class='ocrx_word' id='word_1_860' title='bbox 3525 5511 3678 5553; x_wconf 89' lang='lat' dir='ltr'><strong>non-</strong></span> 
     </span>
    </p>
   </div>
   <div class='ocr_carea' id='block_1_117' title="bbox 318 5573 2583 5656">
    <p class='ocr_par' dir='ltr' id='par_1_117' title="bbox 318 5573 2583 5656">
     <span class='ocr_line' id='line_1_117' title="bbox 318 5573 2583 5656; baseline 0.001 -18"><span class='ocrx_word' id='word_1_861' title='bbox 318 5577 496 5656; x_wconf 83' lang='lat' dir='ltr'><strong>igitur</strong></span> <span class='ocrx_word' id='word_1_862' title='bbox 513 5574 744 5656; x_wconf 81' lang='lat' dir='ltr'><strong>videtur</strong></span> <span class='ocrx_word' id='word_1_863' title='bbox 760 5575 940 5656; x_wconf 82' lang='lat' dir='ltr'><strong>fuisse</strong></span> <span class='ocrx_word' id='word_1_864' title='bbox 961 5592 1129 5656; x_wconf 88' lang='lat' dir='ltr'><strong>mens</strong></span> <span class='ocrx_word' id='word_1_865' title='bbox 1149 5573 1444 5656; x_wconf 88' lang='lat' dir='ltr'><strong>Eunomii,</strong></span> <span class='ocrx_word' id='word_1_866' title='bbox 1473 5573 1946 5654; x_wconf 82' lang='lat' dir='ltr'><strong>aliterjndican-</strong></span> <span class='ocrx_word' id='word_1_867' title='bbox 2034 5573 2191 5641; x_wconf 81' lang='lat' dir='ltr'><strong>nulli</strong></span> <span class='ocrx_word' id='word_1_868' title='bbox 2215 5577 2349 5655; x_wconf 74' lang='grc' dir='ltr'>μηδὲ</span> <span class='ocrx_word' id='word_1_869' title='bbox 2377 5579 2583 5656; x_wconf 69' lang='grc' dir='ltr'>ἀρχῆς.</span> 
     </span>
    </p>
   </div>
   <div class='ocr_carea' id='block_1_118' title="bbox 320 5655 1944 5742">
    <p class='ocr_par' dir='ltr' id='par_1_118' title="bbox 320 5655 1944 5742">
     <span class='ocr_line' id='line_1_118' title="bbox 320 5655 1944 5742; baseline -0.003 -22"><span class='ocrx_word' id='word_1_870' title='bbox 320 5655 462 5720; x_wconf 86' lang='lat' dir='ltr'><strong>dum</strong></span> <span class='ocrx_word' id='word_1_871' title='bbox 485 5673 618 5718; x_wconf 84' lang='lat' dir='ltr'><strong>esse</strong></span> <span class='ocrx_word' id='word_1_872' title='bbox 642 5655 716 5718; x_wconf 85' lang='lat' dir='ltr'><strong>de</strong></span> <span class='ocrx_word' id='word_1_873' title='bbox 769 5655 1010 5717; x_wconf 91' lang='lat' dir='ltr'><strong>vocibus</strong></span> <span class='ocrx_word' id='word_1_874' title='bbox 1042 5655 1323 5736; x_wconf 71' lang='grc' dir='ltr'>ἅφθτρτος,</span> <span class='ocrx_word' id='word_1_875' title='bbox 1357 5655 1633 5732; x_wconf 65' lang='grc' dir='ltr'>ἀθάνατος,</span> <span class='ocrx_word' id='word_1_876' title='bbox 1696 5659 1944 5742; x_wconf 74' lang='grc' dir='ltr'>ἀόρατος,</span> 
     </span>
    </p>
   </div>
  </div>
