4108 6220
369 322 486 387 537

1480 317 1879 381 ADVERSUS
1924 318 2332 381 EUNOMIUM
2382 322 2527 381 LIB.
2578 322 2628 381 Ι.

3615 321 3731 385 538

365 455 583 510 τίθεσθαι
619 454 678 508 τὸ
710 453 1017 528 ἀγέννητον,
1050 454 1137 507 καί
1188 450 1425 527 συνάγων
1482 448 1651 521 ἐαυτῷ
1698 451 1786 503 τὸν
1837 449 1992 528 λόγον

2085 449 2246 529 fugit;
2278 470 2348 514 eo
2382 452 2754 532 nimirum,ut
2796 452 2856 512 in
2884 452 3012 530 ipsa
3040 451 3365 514 substantia
3395 453 3724 533 ingenitum

366 547 496 622 πρὸς
528 547 587 599 τὸ
618 542 928 623 κεφάλαιον,
962 539 1096 597 οὕτω
1145 541 1349 619 γράφει·

449 733 597 783 EI‘N.
662 723 879 799 0'3xo'3v,
944 725 984 777 εἱ
1039 724 1172 794 μήτε
1223 720 1344 775 κατ’
1397 721 1651 793 ἐπίνοιαν,
1703 721 1837 793 μήτε
1870 722 2005 777 κατὰ

298 802 303 807 η
367 814 637 891 στέρησιν,
699 815 837 886 μήτε
896 813 948 867 ἐν
1010 811 1154 888 μέρει
1192 810 1419 889 (ἀμερὴς
1452 808 1601 889 γὰρ),
1640 811 1774 883 μήτε
1809 811 1862 865 ἐν
1907 812 2002 866 αὒ-

360 912 436 974 τῷ
494 904 567 967 ὠς
612 902 785 979 ἕτερον
819 902 1037 971 (ἀπλοῦς
1095 900 1244 978 γὰρ),
1303 901 1439 974 μήτε
1498 899 1623 974 παρ’
1698 902 1851 956 αὐτὸν
1884 900 2002 955 ἕτε-

360 1018 448 1071 ρον
497 992 605 1070 (εἷς
636 1013 735 1068 γαρ
791 992 874 1046 καὶ
934 991 1091 1063 μόνος
1144 989 1481 1066 ἀγέννητοςλέ.
1532 990 1653 1043 αὐτὸ
1682 986 1741 1042 ἂν
1775 989 1864 1054 ε’ίη
1907 992 1999 1046 οὒ-

362 1084 448 1138 σία
477 1082 786 1158 ἀγέννητος.

440 1268 589 1320 ΒΑΣ,
627 1259 850 1335 ’Ἦγαγε
882 1261 972 1313 τὸν
1006 1258 1163 1336 λόγον
1208 1259 1289 1336 ἐφ’
1349 1258 1380 1313 Ei
1438 1256 1704 1333 ἐϐουλετο,
1740 1263 1823 1314 καὶ
1870 1283 1998 1315 παν-

1667 1349 1827 1414 αὖτὴν
1871 1348 2000 1426 (73)

364 1437 675 1507 συνήλασεν,
736 1440 805 1501 ως
864 1438 1021 1511 ᾠετο,
1080 1441 1178 1502 τὴν
1240 1438 1437 1494 οὐσίαν·
1502 1438 1661 1491 εἰπὼν
1748 1440 1861 1513 περὶ
1913 1446 2001 1495 τοῦ

362 1530 495 1583 Θεοῦ
536 1550 641 1581 των
700 1525 861 1603 ὅλων,
919 1525 999 1581 ὅτι
1062 1526 1182 1580 αὕτὸ
1246 1524 1306 1580 ἂν
1358 1525 1447 1590 εἴη
1509 1525 1656 1580 οὖσία
1688 1526 1998 1602 ἀγέννητος,

367 1351 599 1428 ταχόθεν
655 1351 714 1403 τὸ
771 1346 1060 1423 ἀγέννητον
1117 1348 1461 1425 ἀποσπάσας,
1521 1349 1589 1408 εἷς

363 1614 506 1691 Ἐγὼ
559 1614 612 1670 δὲ
673 1617 769 1680 την
830 1615 923 1689 μὲν
980 1617 1156 1670 οὒςίαν
1217 1622 1303 1668 τ’,ὖ
1350 1622 1480 1669 Θεοῦ
1529 1614 1819 1691 ἀγέννητον
1864 1616 2002 1671 εἶναι

363 1706 447 1759 καὶ
500 1706 653 1767 αὐτὸς
706 1702 763 1758 ἂν
836 1706 1015 1783 φαίην,
1054 1705 1114 1759 οὗ
1170 1703 1278 1775 μὴν
1310 1704 1370 1757 τὸ
1428 1703 1716 1778 ἀγέννητον
1768 1704 1864 1769 τὴν
1910 1706 2004 1759 οὒ-

359 1794 497 1853 σίαν,
533 1790 768 1849 ’Ἔπειτα
817 1792 996 1864 μέντοι
1054 1792 1278 1864 κάκείνῳ
1307 1791 1594 1869 προσέχειν
1641 1790 1803 1869 ἀξιον,

2091 541 2435 612 constituat;
2466 541 3001 621 sermonemquein
3026 559 3316 602 summam
3341 545 3722 620 contrahens,

2091 629 2170 689 ita
2202 630 2413 692 scribit
2447 652 2460 690 :

2172 718 2317 779 EUN.
2351 721 2529 797 Igitur
2547 719 2596 779 si
2618 738 2809 799 neque
2840 718 3170 779 secundum
3205 720 3580 800 concipiendi
3605 741 3729 784 mo-

2090 807 2457 888 dum,neque
2482 810 2808 870 secundum
2846 809 3458 890 privationem,neque
3476 812 3535 873 in
3556 820 3728 892 parte

2094 896 2333 978 (quippe
2364 914 2455 957 est
2482 896 2843 975 invisibilis),
2881 915 3073 975 neque
3106 897 3162 957 in
3195 897 3325 976 ipso
3376 899 3537 961 velut
3567 902 3723 964 aliud

2087 986 2358 1065 (simplex
2390 1006 2647 1066 namque
2678 987 2815 1064 est),
2874 1003 3065 1064 neque
3128 995 3348 1064 praeter
3398 1007 3533 1049 eum
3567 990 3726 1051 aliud

2085 1076 2261 1149 (unus
2283 1078 2443 1136 enim
2468 1084 2558 1136 est
2586 1084 2644 1135 et
2672 1076 2832 1135 solus
2864 1074 3206 1153 ingenitus):
3244 1076 3356 1137 hoc
3380 1076 3573 1156 ipsum
3600 1080 3722 1140 fue-

2083 1163 2162 1223 rit
2182 1164 2385 1244 utique
2414 1164 2740 1225 substantia
2772 1162 3059 1238 ingenita.

2164 1257 2299 1315 Bas.
2335 1251 2617 1334 Perduxgt
2658 1254 2983 1314 orationem
3015 1271 3128 1331 quo
3161 1253 3367 1329 voluit;
3416 1264 3473 1316 et
3494 1266 3726 1335 postea-

2084 1362 2261 1424 quam
2287 1342 2594 1405 undelibet
2645 1344 2967 1419 ingenitum
3020 1344 3288 1417 extrusit,
3325 1344 3386 1404 in
3412 1344 3622 1424 ipsam.
3664 1355 3730 1410 ut

2089 1438 2334 1513 putavit,
2370 1432 2758 1493 substantiam
2793 1430 3051 1502 intrusit,
3088 1430 3314 1511 quippe
3343 1434 3448 1512 qui
3500 1436 3574 1495 de
3607 1438 3728 1497 Deo

2089 1523 2499 1584 universorum
2532 1521 2772 1595 dixerit,
2832 1522 2987 1600 quod
3037 1521 3365 1599 ingenitum
3398 1524 3525 1602 ipsa
3558 1528 3726 1604 inge-

2092 1613 2210 1673 nita
2238 1610 2567 1670 substantia
2614 1610 2707 1671 sit.
2742 1608 2864 1687 Ego
2894 1627 3031 1669 vero
3062 1610 3457 1673 substantiam
3496 1613 3601 1675 Dei
3629 1616 3724 1674 in-

2090 1704 2348 1782 genitam
2382 1701 2722 1773 esse,etiam
2747 1696 2876 1778 ipse
2908 1697 3312 1777 dixerim,non
3342 1710 3538 1762 autem
3567 1705 3729 1782 inge-

1840 1791 1918 1847 ὅτι
1949 1794 2007 1848 τὸ
2033 1826 2069 1874 Β
2093 1785 2282 1874 nitum
2305 1805 2437 1849 esse
2454 1787 3105 1851 substantiam.Deinde
3130 1789 3273 1850 illud
3290 1808 3529 1869 quoque
3545 1800 3728 1853 atten-

358 1881 548 1959 ἀμερὲς
601 1882 685 1936 καὶ
731 1883 789 1935 τὸ
837 1880 1059 1959 ἁπλοῦν,
1114 1883 1302 1936 ταυτὸν
1332 1882 1573 1959 ὑπάρχον
1604 1882 1739 1936 κατὰ
1772 1882 1869 1947 τὴν
1914 1881 1992 1935 ἔν-

2089 1871 2233 1936 dere
2260 1896 2457 1955 operm
2486 1877 2743 1957 pretium
2779 1890 2888 1953 est,
2916 1880 3074 1959 quod
3108 1879 3470 1941 indivisibile
3494 1892 3553 1942 et
3586 1888 3727 1942 sim-

355 1993 502 2027 νοιαν
530 1970 745 2045 (ἀμερές
778 1992 831 2025 τε
861 1970 987 2046 (Ἱ4)
1023 1973 1122 2046 γὰρ
1150 1971 1259 2024 ἐστι
1292 1972 1352 2024 τὸ
1385 1972 1461 2043 μὴ
1496 1970 1554 2025 ἐκ
1596 1977 1768 2047 μερῶν
1796 1974 1991 2048 συγκείη

356 2082 541 2135 μενον,
578 2062 661 2113 καὶ
703 2059 901 2113 ἁπλοῦν
945 2060 1196 2120 ὡσαύτως
1243 2062 1302 2113 τὸ
1364 2061 1438 2131 μὴ
1470 2059 1529 2113 ἐκ
1583 2058 1842 2114 πλειόνων
1904 2061 2000 2124 τὴν

356 2151 605 2205 σύστασιν
665 2149 816 2225 ἕχον)
854 2193 868 2219 ,
917 2148 1066 2211 οὗτος
1136 2150 1209 2210 ὡς
1268 2146 1576 2226 διαφέροντα
1635 2156 1710 2221 τῷ
1778 2151 1997 2204 ὑποκει-

353 2237 499 2312 μένῳ
549 2235 812 2313 διίγτησιν
868 2235 961 2291 ἀπ’
1018 2235 1291 2305 ἀλλήλων.
1358 2236 1491 2291 Εἶτα
1535 2237 1853 2313 ἀπαγορεύει
1922 2238 1997 2309 μὴ

350 2325 463 2382 δεῖν
494 2328 858 2403 καταμερίζειν
891 2329 978 2381 τὸν
1014 2327 1164 2394 Θεὸν,
1193 2325 1327 2391 μηδὲ
1361 2328 1420 2379 τὸ
1452 2326 1546 2398 μέν
1576 2348 1627 2381 τι
1648 2330 1805 2383 αυτοῦ
1839 2326 1998 2403 ἀγέν-

352 2437 532 2488 νητον,
570 2417 627 2470 τὸ
674 2414 728 2469 δὲ
758 2416 1012 2491 γεννητὸν
1063 2416 1397 2469 ὑποπτεύειν⁸
1438 2411 1563 2486 μηδ’
1616 2414 1676 2468 α]
1726 2414 1997 2491 ἐγκεῖσθαι

356 2505 429 2565 ὡς
472 2504 648 2581 ἕτερον
695 2502 748 2557 ἐν
777 2502 939 2581 ἑτέρῳ
972 2504 1198 2576 νομίζειν
1258 2504 1398 2571 αὒτῴ
1424 2504 1484 2557 τὸ
1510 2501 1822 2577 ἀγέννητον,
1859 2502 1996 2560 Τού-

278 2612 293 2618 ‘
355 2615 463 2648 των
507 2591 559 2647 δὲ
616 2595 677 2647 τὸ
726 2593 949 2666 μάταιον
1010 2592 1225 2647 ἀποκνῶ
1276 2590 1597 2669 διελέγχειν,
1658 2589 1851 2647 "Eoth
1897 2593 1995 2670 γάρ

356 2703 473 2743 πως
505 2680 955 2754 συνεξομοιοῦσθαι
986 2686 1062 2752 τῷ
1112 2688 1548 2757 ματαιολογοῦντι
1609 2683 1634 2735 ὁ
1680 2679 1990 2755 ἀντιλέγων.

2089 1967 2243 2045 plex,
2274 1984 2406 2045 qua;
2434 1966 2641 2028 eadem
2675 1977 2811 2029 sunt
2834 1970 2991 2029 inter
3010 1988 3073 2029 se
3097 1968 3526 2046 signiﬁcatione
3555 1972 3727 2047 (indi-

2087 2054 2313 2115 visibile
2346 2056 2505 2116 enim
2537 2068 2627 2117 est
2658 2058 2813 2136 quod
2848 2076 2923 2118 ex
2958 2056 3226 2138 partibus
3259 2074 3377 2117 non
3411 2060 3722 2140 componi-

2084 2150 2267 2218 tur,et
2294 2144 2542 2223 simplex
2572 2145 2848 2208 similiter
2870 2146 3027 2227 quod
3065 2166 3097 2208 e
3132 2144 3401 2226 pluribus
3425 2166 3542 2208 non
3572 2168 3723 2210 con-

2080 2239 2240 2305 stat);
2269 2234 2363 2293 hic
2392 2237 2555 2312 quasi
2594 2234 2825 2297 diversa
2876 2237 2994 2297 sint
3038 2234 3328 2314 subjecto,
3360 2236 3615 2299 alterum
3650 2237 3722 2299 ab

2085 2320 2268 2380 altero
2299 2333 2552 2401 separat.
2580 2323 2788 2385 Postea
2810 2324 3178 2394 vetat,Deum
3206 2324 3386 2386 dividi
3419 2336 3721 2406 oportere,

2083 2416 2183 2467 aut
2212 2410 2384 2471 aliam
2415 2412 2602 2492 ipsius
2630 2423 2851 2492 partem
2881 2415 3226 2492 ingenitam,
3254 2412 3428 2475 aliam
3460 2417 3719 2492 genitam

2083 2499 2394 2577 suspicari,
2421 2510 2520 2561 aut
2554 2521 2755 2563 rursus
2803 2502 3109 2581 arbitrari,
3144 2503 3468 2580 ingenitum
3501 2505 3559 2564 in
3592 2504 3723 2584 ipso

2081 2587 2240 2648 velut
2267 2589 2426 2650 aliud
2460 2590 2516 2651 in
2550 2593 2662 2652 alio
2694 2593 2871 2653 situm
2903 2610 3056 2654 esse.
3090 2591 3313 2652 Horum
3352 2601 3546 2653 autem
3584 2612 3718 2655 ver-

2078 2675 2287 2739 borum
2320 2680 2638 2741 vanitatem
2660 2681 2819 2758 piget
2844 2700 2936 2742 me
2952 2680 3532 2742 confutare.Videtur
3554 2688 3715 2746 enim

362 2779 577 2845 Διοπερ,
634 2770 818 2847 οἶμαι,
865 2772 891 2825 ὁ
924 2772 1083 2849 σοφὸς
1116 2771 1385 2845 παρεγγυᾷ
1426 2769 1680 2841 Σολομὼν
1711 2773 1819 2842 μὴν
1849 2770 1991 2825 ἀπο-

2085 2767 2511 2845 quodammodo
2542 2769 2755 2829 similis
2786 2771 2913 2829 fieri
2942 2771 2996 2831 ei
3020 2771 3119 2850 qui
3152 2787 3301 2830 vana
3330 2770 3492 2845 dicit,
3536 2773 3588 2833 is
3611 2771 3709 2851 qui

354 2861 622 2935 κρίνασθαι
837 2864 913 2929 τῷ
942 2855 1121 2936 ἄφρονι
1180 2861 1316 2913 κατὰ
1366 2860 1462 2922 τὴν
1522 2858 1721 2913 ἐκείνου
1759 2859 1992 2936 ἀφροσύ-

2085 2856 2591 2918 contradicit.224
2614 2858 3248 2937 Quapropter,opiuor,
3267 2859 3508 2937 sapiens
3539 2861 3712 2920 Salo-

357 2970 478 3012 νην,
526 2948 655 3009 Τοὺς
684 2948 782 3024 γὰρ
841 2946 966 3026 (76)
1029 2948 1165 3020 μήτε
1198 2947 1505 3022 εἰρημένους
1538 2948 1675 3020 μήτε
1705 2945 1990 3025 λεχθέντας

2085 2963 2217 3004 mon
2259 2945 2642 3027 admonet”,
2672 2957 2733 3008 ut
2763 2966 2838 3008 ne
2886 2948 3359 3027 respondeamus
3411 2948 3715 3029 insipienti

357 3038 487 3091 ποτε
518 3034 704 3113 λόγους
748 3037 853 3091 ὑωὸ
903 3034 1149 3113 διαίρεσιν
1201 3033 1423 3112 ἤγαγεν,
1465 3036 1553 3091 ἵνα
1609 3034 1734 3110 δόξῃ
1764 3036 1818 3091 ἐν
1850 3036 1990 3092 πολ-

2085 3033 2237 3108 iuxta
2266 3036 2666 3116 insipientiam
2726 3037 2910 3098 illius.
2949 3036 3090 3108 Quae
3123 3036 3283 3097 enim
3310 3056 3506 3117 neque
3537 3039 3716 3117 dicta,

351 3123 474 3189 λοῖς
534 3137 651 3188 τοῖς
693 3125 1178 3200 ἀπηριθμημένοις,
1242 3120 1360 3179 καθ’
1406 3122 1493 3179 ἕνα
1553 3125 1714 3198 μόνον
1768 3126 1986 3202 τρόπον,

2085 3141 2268 3203 neque
2301 3126 2523 3203 prolata
2544 3133 2683 3187 sunt
2713 3145 2999 3206 unquam,
3032 3144 3104 3187 ea
3136 3125 3232 3186 hic
3280 3144 3403 3187 suae
3435 3128 3715 3190 divisioni

352 3214 556 3278 οἰκείως
614 3212 925 3287 ἐξευρίσκειν
983 3210 1268 3291 λεγόμενον
1324 3215 1385 3268 ab
1444 3212 1753 3290 ἀγέννητον,
1816 3214 1987 3287 Ἢμῖν

2085 3213 2351 3290 subjecit,
2375 3222 2460 3293 ut,
2497 3214 2699 3275 multis
2731 3215 3115 3288 enumeratis,
3147 3214 3413 3276 invenire
3446 3217 3712 3278 videatur

351 3301 406 3357 δὲ
447 3303 582 3365 ’ίσως
648 3304 887 3371 πλείονος
935 3300 1037 3357 ἔδει
1094 3301 1254 3381 λόγου
1298 3304 1428 3378 πρὸς
1477 3305 1575 3369 τὴν
1631 3310 1723 3359 τοῦ
1767 3304 1983 3377 ψεύδους

350 3394 701 3471 παράστασιν,
764 3394 848 3447 καὶ
898 3393 1027 3469 πρὸς
1084 3393 1144 3446 τὸ
1202 3389 1392 3461 δεῖξαι,
1451 3391 1530 3446 ὅτι
1588 3413 1685 3468 περ
1716 3394 1808 3448 οὐκ
1839 3394 1982 3449 οὖσία

349 3488 481 3539 Θεοὺ
534 3484 593 3536 τὸ
639 3481 950 3558 ἀγέονητον,
981 3480 1135 3559 εἴπερ
1159 3481 1225 3537 τὰ
1268 3478 1321 3533 ἐν
1362 3479 1430 3555 τῇ
1459 3478 1703 3558 διπιρέσει
1738 3480 1859 3559 παρ’
1894 3486 1984 3540 αὖ·

348 3577 440 3626 τοῦ
495 3571 908 3648 ἀπηριθμημένα
952 3571 1028 3644 μὴ
1079 3576 1259 3649 σαφῶς
1315 3567 1686 3644 ἐξελήλεγκτο,
1762 3572 1816 3626 Εἰ
1884 3572 1982 3647 γὰρ

345 3661 577 3737 ἰσχυρῶς
636 3661 795 3738 εἶχεν
846 3661 874 3715 ὸ
925 3659 1081 3738 λόγος
1140 3663 1305 3739 αὐτῷ,
1339 3658 1417 3714 ὅτι
1449 3658 1567 3713 οὕτε
1599 3658 1720 3715 κατ’
1748 3659 1983 3716 ἐπίνοιαν

345 3745 462 3804 οὔτε
517 3750 654 3805 κατὰ
726 3750 974 3827 στέρησιν
1029 3746 1356 3819 λαμϐάνεται
1410 3748 1469 3803 τὸ
1514 3748 1827 3827 ἀγέννητον,
1875 3748 1982 3804 οὐδ’

348 3835 487 3891 οὕτω
538 3836 634 3909 μὲν
697 3836 758 3891 ἂν
819 3858 1033 3898 παντως
1083 3834 1390 3892 ἀκολουθίαν
1420 3835 1547 3913 εἶχε
1578 3838 1636 3891 τὸ
1682 3836 1984 3913 συναγόμε-

349 3948 459 3986 νον,
492 3927 579 3988 Τίς
622 3928 723 4002 γὰρ
762 3927 796 3992 ἦ
834 3925 1064 4002 ἀνάγκη,
1110 3926 1213 3981 ὑπὸ
1256 3928 1311 3979 ἓν
1381 3931 1486 3980 τῶν
1537 3924 1988 4001 ἀπηριθμημένων

349 4014 450 4080 τὴν
481 4015 795 4092 ἆγεννησίαν
853 4028 1061 4084 πεσεϊν;
1100 4016 1173 4071 Οὐ
1203 4015 1311 4088 μὴν
1354 4012 1473 4069 ἀλλ’
1518 4011 1701 4080 ἐπειδὴ
1733 4016 1889 4079 αὐτὸς
1915 4017 1987 4079 ὡς

353 4103 655 4181 ἀναγκαίως
703 4103 1037 4179 συνημμένον
1080 4117 1196 4166 τοῖς
1252 4104 1570 4181 προάγουσιν
1626 4103 1858 4184 ἐπιφέρει
1903 4108 1985 4180 τὸ,

358 4194 556 4249 Οὐκοῦν
586 4195 630 4249 εὶ
664 4192 787 4273 (³77)
821 4193 956 4268 μήτε
1008 4194 1125 4249 κατ’
1180 4193 1434 4266 ἐπίνοιαν,
1497 4193 1633 4265 μήτε
1679 4194 1813 4248 κατά
1863 4194 1986 4249 στέ-

355 4303 533 4358 ρησιν,
597 4285 734 4357 μήτε
790 4284 927 4338 κατά
1001 4280 1162 4339 ἄλλον
1206 4283 1320 4337 τινὰ
1376 4288 1481 4336 τῶν
1540 4281 1990 4359 ἀπηριθμημένων

2066 3303 2395 3380 ingenitum
2427 3305 2597 3365 unico
2633 3305 2807 3365 modo
2843 3307 3081 3385 proprie
3112 3305 3252 3366 dici.
3292 3306 3480 3369 Nobis
3509 3314 3708 3369 autem

2069 3400 2316 3460 fortasse
2335 3393 2585 3471 longiori
2608 3412 2756 3473 opus
2780 3402 2937 3455 esset
2957 3394 3324 3467 oratione,ut
3343 3395 3717 3457 mendacium

2066 3478 2506 3562 detegeremus,
2543 3482 2996 3563 ingenitumque
3026 3482 3420 3546 substantiam
3455 3484 3561 3546 Dei
3596 3505 3713 3546 non

2067 3587 2202 3630 esse
2223 3573 2776 3634 demonstraremus
2804 3574 2952 3635 :nisi
2983 3592 3117 3649 qua;
3144 3572 3218 3634 ab
3243 3593 3313 3635 eo
3350 3592 3456 3653 per
3485 3575 3724 3637 divisio-

2066 3676 2202 3720 nem
2233 3670 2578 3722 enumerata
2610 3669 2767 3738 sunt,
2797 3663 2919 3741 jam
2956 3661 3176 3765 liquido
3201 3663 3457 3725 refutata
3485 3675 3711 3726 essent.

2067 3749 2214 3809 Nam
2247 3748 2478 3809 etiamsi
2500 3750 2612 3809 vim
2637 3750 2882 3811 haberet
2904 3748 3079 3811 allata
3102 3752 3178 3811 ab
3210 3752 3309 3811 illo
3341 3753 3512 3825 ratio,
3550 3754 3713 3830 quod

2069 3853 2262 3918 neque
2317 3838 2682 3917 intelligendi
2737 3840 2944 3912 modo,
3010 3858 3207 3918 neque
3266 3858 3335 3901 ex
3392 3842 3718 3920 privatione

2072 3928 2399 4004 ingenitum
2423 3928 2952 4007 accipiturzutique
2977 3946 3053 3990 ne
3084 3931 3170 3989 sic
3203 3929 3445 4008 quidem
3465 3931 3533 3996 id
3559 3930 3719 4011 quod

2072 4016 2294 4093 colligit
2324 4017 2977 4096 consequeretur.Quid
3012 4018 3173 4078 enim
3207 4036 3455 4081 necesse
3482 4030 3569 4081 est
3605 4019 3715 4081 sub

2073 4125 2190 4167 uno
2222 4116 2704 4168 enumeratorum
2727 4108 3023 4169 contineri
3046 4108 3406 4186 ingenitum?
3430 4110 3548 4170 Sed
3571 4129 3715 4191 quo-

2076 4195 2374 4275 niamipse
2400 4196 2927 4276 tanquamlaliquid
2952 4197 3426 4278 praecedentibus
3450 4217 3719 4261 necessa-

2074 4286 2165 4347 rio
2190 4288 2571 4362 conjunctum
2592 4287 2769 4347 infert
2789 4284 2954 4348 illud:
2986 4288 3167 4364 Igitur
3196 4286 3245 4347 si
3272 4306 3463 4367 neque
3494 4308 3716 4351 secun-

349 4370 570 4448 τρόπον,
619 4371 743 4427 αὐτὸ
798 4371 860 4427 ἂν
911 4372 1002 4438 εἴη
1065 4372 1211 4429 οὐσία
1256 4370 1562 4447 ἀγέννητος·
1614 4371 1776 4435 οὕτως
1817 4373 1992 4445 ἱιμαῖς

2085 4375 2225 4436 dum
2244 4374 2925 4454 intelligentiam,neque
2945 4374 3273 4435 secundum
3307 4376 3715 4454 privationem,

348 4460 791 4538 ἀντιστρέψαντες
846 4462 1133 4536 εἴπωμεν,
1216 4460 1295 4516 ὅτι
1386 4465 1583 4519 Οὐκοῦν
1655 4460 1837 4526 ἐπειδή
1896 4484 1992 4518 κατ

2087 4479 2270 4535 neque
2282 4463 2597 4520 secundum
2615 4463 2789 4519 alium
2804 4452 2985 4521 ullum
3004 4479 3069 4520 ex
3092 4452 3442 4522 enumeratis
3466 4452 3717 4533 modum,

350 4550 584 4607 ἐπίνοιαν
639 4554 941 4629 θεωρεῖται,
1002 4553 1089 4607 καὶ
1138 4550 1446 4629 στερητικόν
1507 4552 1615 4606 ἐστι
1674 4552 1735 4606 τὸ
1799 4551 1989 4626 ὄνομα,

2085 4545 2403 4625 ingenitum
2437 4545 2639 4623 utique
2673 4545 2926 4624 ipsamet
2973 4542 3151 4605 fuerit
3182 4545 3513 4609 substantia
3542 4548 3717 4625 inge-

347 4640 468 4718 οὐχὶ
523 4640 669 4695 οὐσία
737 4648 826 4697 τοῦ
873 4648 1004 4699 Θεοῦ
1060 4643 1120 4695 τὸ
1192 4640 1500 4717 ἀγέννητον·
1558 4637 1714 4697 “Em:
1767 4642 1866 4719 γὰρ
1898 4642 1992 4698 οὐκ

2085 4637 2219 4702 uita:
2250 4654 2359 4696 nos
2379 4642 2794 4713 retorquentes
2814 4634 2898 4696 sic
2925 4633 3408 4713 dicamuszlgitur
3431 4638 3714 4717 quoniam

426 4797 492 4848 69
520 4797 693 4861 Prov.
728 4817 888 4877 xxv1,
919 4801 976 4862 4.

351 4961 515 5021 tione
543 4958 734 5021 Paris.
773 4960 969 5023 Codex
1003 4958 1170 5022 Colb.
1203 4968 1261 5019 et
1287 4959 1388 5021 alii
1420 4961 1684 5041 quinque
1714 4959 1882 5040 Regii
1903 4984 1992 5021 κα-

2163 4959 2280 5041 (15)
2315 4956 2563 5041 Antiqui
2592 4956 2709 5041 duo
2740 4956 2873 5020 libri
2904 4960 2981 5034 μὴ
3012 4958 3411 5041 ἀποκρίνεσθαι,

353 5043 625 5119 ταφεύγει,
661 5043 721 5096 τὸ
753 5042 824 5104 εἰς
857 5042 1018 5109 αὐτὴν
1058 5041 1156 5107 τὴν
1214 5043 1389 5098 οὒσίαν
1445 5038 1669 5098 τίθεσθαι
1721 5044 1779 5096 τὸ
1808 5038 1992 5118 *ἀγέν-

2168 5039 2295 5119 (76)
2327 5038 2547 5120 Horum
2584 5039 3088 5120 _verborum,Tob:
3139 5040 3262 5120 γὰρ,
3301 5047 3444 5120 etc.,
3476 5039 3603 5100 baac
3631 5049 3722 5102 est

355 5116 543 5188 νητονξ
574 5116 798 5201 Supple
826 5120 944 5201 ἤτοι
976 5123 1082 5191 ἐπί,
1117 5127 1179 5180 ut
1212 5121 1369 5199 legas
1396 5200 1399 5201 ν
1425 5120 1540 5201 ἤτοι
1585 5120 1670 5177 ἐπὶ
1700 5124 1769 5201 τὸ,
1794 5116 1992 5201 εἷς-αύ-

2085 5116 2430 5181 sententia:
2479 5116 2828 5201 divisionem
2890 5118 3086 5201 illam,
3114 5116 3714 5201 μήτε-κατ’-ἐπίνοιαν,

354 5202 455 5267 τὴν
485 5203 609 5273 τήν,
644 5198 761 5262 etc.
796 5200 1090 5263 Videlicet
1141 5218 1211 5261 eo
1267 5198 1525 5279 confugit
1560 5219 1574 5235 ·
1607 5212 1704 5261 aut
1736 5200 1904 5281 illud,
1939 5204 1992 5256 τὲ

2086 5203 2224 5274 μήτε
2254 5201 2390 5256 κατὰ
2424 5198 2692 5281 στέρησιν,
2728 5201 2893 5281 μήτε,
2915 5200 2966 5252 ὲν
3016 5199 3189 5281 μέρει,
3249 5198 3572 5262 Eunomius
3601 5202 3718 5262 fin-

356 5283 429 5344 εἷς
464 5283 650 5359 mitra/iv,
686 5280 933 5353 inverte,
988 5288 1051 5341 ut
1104 5281 1287 5356 legas,
1320 5284 1392 5345 εἰς
1421 5276 1667 5360 «suam
1698 5281 1819 5360 τὴν,
1853 5276 1993 5353 etc.,
2086 5281 2187 5352 vit,
2223 5296 2475 5360 eamque
2512 5276 2735 5356 primas
2768 5278 3078 5360 evulgavit.

355 5366 449 5422 ita
477 5369 538 5445 ut
568 5357 1661 5445 arbitreturiltutljngfnilumipsam
1687 5357 1995 5445 esse_sub-
2166 5361 2285 5445 (77)
2314 5357 2442 5429 llla,
2477 5360 2763 5445 Q-Szo-av‘et,
2796 5358 2878 5445 _i_t_a
2921 5357 3185 5445 intellige
3219 5376 3232 5417 :
3284 5359 3345 5422 Si
3392 5378 3586 5441 neque
3617 5377 3717 5423 se-

352 5442 651 5522 stantiam.
701 5440 932 5522 Etenim
968 5438 1276 5522 principiis
1305 5440 1427 5522 suis
1482 5438 1768 5502 insistens
1796 5440 1997 5502 Euno-
2082 5439 2343 5522 cundum
2372 5444 2632 5522 nostrain
2670 5438 3040 5516 intelligendi
3070 5440 3387 5522 rationem,
3411 5438 3609 5521 neque
3630 5458 3723 5501 se-

355 5521 671 5589 mius,mox
704 5521 783 5581 ait
812 5517 983 5596 illud,
1008 5517 1539 5601 ingeizitusjpsam
1564 5538 1693 5581 esse
1728 5522 1999 5581 substan-
2082 5520 2342 5580 cundqu
2370 5517 2787 5601 privationem,
2824 5536 3019 5601 neque
3048 5517 3381 5601 secundum
3405 5517 3553 5580 alios
3575 5540 3722 5599 quos

354 5600 498 5661 tiam
1080 5596 1099 5601 ⁷
1379 5596 1395 5599 ’
2080 5596 2564 5679 enumeravimus
2594 5596 2963 5676 intelligendi
3014 5600 3222 5660 modos
3264 5596 3609 5679 ingenitum
3649 5601 3722 5657 de

440 5680 562 5759 (73)
601 5682 745 5761 Reg.
775 5695 1020 5761 quartus
1047 5682 1363 5745 ἀποσπάσας
1400 5682 1482 5738 ἐπ’
1516 5683 1695 5748 αὐτὴν,

2085 5677 2201 5741 Deo
2226 5678 2465 5756 dicitur;
2500 5694 2749 5761 necesse
2781 5686 2869 5739 est
2897 5686 2962 5741 ut
2991 5677 3489 5758 ingenitum'ipsa
3516 5678 3592 5739 sit
3624 5680 3718 5738 in—

435 5756 559 5839 (74)
595 5756 869 5824 δίοηιέε.
906 5773 1048 5821 tres.
1085 5762 1274 5823 Abest
1306 5785 1361 5817 τε
1390 5782 1424 5823 a
1460 5762 1725 5839 vulgatis.
2078 5763 2274 5838 genita
2299 5764 2557 5820 essentia
2589 5756 3057 5835 substantiaque.
