4108 6220
197 295 314 361 549

1313 289 1714 355 ADVERSUS
1758 287 2162 351 EUNOMIUM
2213 290 2359 351 LIB.
2408 287 2454 347 Ι.

3449 285 3569 349 550

193 434 308 504 Θεῴ
333 431 420 485 καὶ
454 429 613 506 Πατρὶ
644 429 734 483 τὸν
782 429 1053 505 Μονογενῆ
1088 429 1204 482 Υἱὸν
1235 429 1320 482 καὶ
1373 427 1499 481 Θεὸν
1557 422 1834 495 ἐπιδεῖξαι,

1932 422 2110 481 Deum
2134 422 2253 482 vult
2273 419 2614 495 ostendere,
2640 419 2830 482 Patris
2843 419 3052 481 etFilii
3080 439 3299 483 nomen
3327 420 3567 484 silentio

191 522 253 576 τὸ
282 519 378 594 μὲν
414 520 503 573 τοῦ
561 518 762 594 Πατρὸς
790 518 876 572 καὶ
906 523 996 572 τοῦ
1047 515 1165 571 Γίοῦ
1218 513 1382 590 ὄνομα
1437 520 1612 586 σιωπᾷ
1664 512 1845 574 ἁπλῶς

193 608 249 664 δὲ
295 609 415 685 περὶ
473 604 762 682 ἆγεννῆτου
816 606 903 661 καὶ
953 613 1207 683 γεννητοῦ
1262 603 1580 682 διαλέγεται’
1637 605 1724 659 καὶ
1782 603 1846 658 τὰ

193 701 290 766 τῆς
351 696 611 772 σωτηρίου
659 694 885 758 πίστεως
939 694 1173 768 ὀνόματα
1227 694 1486 769 κρύπτων,
1541 691 1673 767 ψιλὰ
1731 715 1843 748 πα·-

190 783 428 861 ραδίδωσι
459 790 556 848 της
589 783 932 860 βλασνρημίας
961 785 1027 838 τὰ
1056 781 1322 861 δόγματα·
1381 782 1494 854 ἵνα,
1550 781 1644 848 τῆς
1706 782 1838 836 ἀσε-

188 874 332 936 ϐείας
383 874 434 928 ἐν
466 885 585 934 τοῖς
637 873 910 949 πράγμασι
968 873 1349 951 γυμνωθείσης,
1397 872 1521 926 εἶτα
1578 871 1674 938 τῆς
1735 891 1836 944 με-

188 962 463 1026 ταϐάσεως
496 962 579 1017 ἐπὶ
610 963 676 1016 τὰ
705 964 989 1040 πρόσωπα,
1046 961 1342 1037 γενομένης
1376 959 1486 1036 (8),
1534 961 1686 1022 αὐτὸς
1741 960 1837 1034 μὲν

189 1051 355 1128 μηδὲν
384 1049 508 1125 δόξῃ
535 1049 806 1126 δύσφημον
833 1049 1117 1127 εἰρηκέναι,
1154 1055 1220 1124 τῇ
1250 1047 1304 1103 δὲ
1361 1055 1453 1105 106
1495 1046 1656 1126 λύγου
1713 1048 1840 1104 ἆκο·

187 1142 366 1213 λουθίᾳ
416 1138 910 1213 κατεσκευασμένην
941 1137 1046 1216 ἔχῃ
1088 1139 1184 1204 τὴν
1234 1137 1598 1218 βλασφημίαν,
1648 1135 1837 1214 Ἀγέν-

189 1253 350 1296 νητος
375 1228 428 1284 δὲ
459 1228 555 1305 ὢν,
591 1229 772 1306 φησὶν,
822 1226 1035 1305 ἐκφύγοί
1079 1226 1142 1281 ἂν
1200 1234 1374 1282 πᾶσαν
1425 1228 1697 1305 σύγκρισιν
1755 1229 1840 1282 καὶ

189 1320 466 1376 κοινωνίαν
488 1318 586 1382 τὴν
611 1319 741 1393 πρὸς
787 1316 845 1371 τὸ
897 1319 1170 1393 γεννητόν.
1215 1318 1320 1372 Οὔκ
1365 1317 1543 1395 εἶπεν,
1597 1313 1677 1370 ὅτι
1725 1321 1840 1369 [Ια-

190 1410 290 1486 τὴρ
313 1409 398 1462 καὶ
429 1407 571 1468 Υἱός·
604 1405 748 1480 ἀλλ’,
786 1405 1081 1482 Αγέννητος
1112 1406 1198 1461 καὶ
1243 1403 1494 1482 γεννητός
1732 1403 1838 1460 ’Ἐν

193 1499 290 1572 μὲν
319 1496 384 1564 δὴ
447 1499 603 1554 αὐτοῦ
669 1503 822 1551 τοῦτο
857 1502 1098 1550 τοιοῦτον
1155 1495 1501 1572 κακούργημα
1562 1492 1735 1569 ἕτερον
1786 1491 1839 1548 δὲ

191 1601 375 1659 ποῖον,
401 1597 674 1643 σκοπεῖτε.
736 1582 1051 1660 Ἀγέννητος
1105 1583 1157 1639 δὲ
1227 1583 1322 1656 ὢν,
1384 1606 1568 1662 φησιν,
1636 1585 1731 1638 οὒκ
1781 1581 1841 1637 ἕν

193 1698 324 1732 ποτε
356 1675 605 1752 πρόσοιτο
636 1673 903 1751 γέννησιν·
941 1674 1026 1728 καὶ
1067 1673 1286 1750 ἐπάγει,
1339 1671 1475 1729 ὥστε
1545 1676 1644 1738 τῆς
1715 1669 1841 1735 ἰδίας

189 1763 503 1835 μεταδοῦναι
547 1770 625 1837 τῷ
661 1762 971 1840 γεννωμένῳ
1011 1762 1238 1841 φύσεως.
1299 1763 1392 1841 Τὸ,
1468 1763 1560 1818 οὐκ
1598 1760 1660 1816 ἄν
1715 1782 1844 1819 ποτε

187 1861 440 1931 πρόσοιτο
491 1851 763 1930 γέννησιν,
832 1848 920 1906 δύο
991 1851 1260 1925 σημαίνει.
1339 1853 1393 1907 ἓν
1451 1851 1570 1923 μὲν,
1624 1849 1702 1905 ὅτι
1775 1855 1842 1916 τῆ

186 1943 290 2016 ἰδίᾳ
318 1944 474 1999 τί)τοῦ
503 1943 650 2021 φύσει
710 1941 803 1997 οὒκ
859 1940 1140 2020 ἐφαρμόζει
1203 1937 1330 2016 (10)
1378 1940 1623 2016 γέννησις
1684 1937 1842 2017 (ἀδύ-

187 2055 344 2088 νατον
393 2035 492 2110 γὰρ
562 2033 662 2086 ὑπὸ
736 2031 984 2108 γέννησιν
1033 2029 1206 2084 ἐλθεῖν
1235 2033 1331 2096 τὴν
1399 2028 1689 2106 ἄγέννητον
1738 2029 1838 2108 φύ-

186 2125 316 2188 σιν)·
355 2121 533 2199 ἕτερον
577 2118 657 2194 δὲ,
719 2119 798 2174 ὅτι
857 2122 1104 2196 γεννῆσαι
1164 2121 1222 2174 οὗ
1283 2116 1636 2197 καταδέχεται
1691 2117 1836 2197 (11).

184 2214 352 2272 Οὗτος
391 2211 487 2284 μὲν
541 2209 631 2265 οὖν
661 2210 797 2264 κατὰ
823 2210 883 2263 τὸ
912 2206 1148 2286 δεύτερον
1201 2207 1596 2282 σημαινόμενον
1659 2209 1838 2286 ἐχρή-

183 2321 316 2356 τατο
347 2301 412 2374 τῇ
456 2305 629 2378 φωνῇ’
678 2299 991 2375 συναρπάζει
1051 2297 1103 2352 δὲ
1159 2298 1280 2357 τοὺς
1329 2295 1559 2360 πολλοὺς
1625 2295 1685 2351 ἐκ
1740 2301 1838 2362 τῆς

184 2389 445 2467 προτέρας
487 2388 712 2452 ἐννοίας,
749 2387 896 2443 Ἐπεὶ
953 2385 1032 2442 ὅτι
1060 2408 1120 2464 γε
1178 2386 1332 2441 τοῦτό
1384 2385 1488 2440 ἐσει
1541 2387 1600 2442 τὸ
1680 2407 1842 2441 411:1-

187 2481 600 2555 σκευαζόμενον,
687 2479 866 2554 σαφῶς
962 2477 1022 2531 τὸ
1108 2475 1484 2555 ἐπιφερόμενον
1563 2473 1840 2535 δείκνυσιν,

191 2569 369 2624 Εἰπὼν
429 2570 528 2643 γὰρ
587 2564 690 2639 ὅτι,
767 2568 873 2622 Οὐκ
931 2565 989 2620 Ξίν
1063 2585 1192 2621 ποτε
1254 2564 1504 2640 πρόσοιτο
1563 2564 1838 2642 γέννησιν,

194 2658 498 2733 ἐπήγαγεν·
550 2653 687 2710 ὥστε
748 2659 846 2720 τῆς
903 2651 1032 2716 ἰδίας
1087 2651 1398 2726 μεταδοῦναι
1471 2659 1547 2725 τῷ
1644 2675 1841 2730 γεννω-

189 2745 340 2820 μένῳ
389 2745 614 2810 φύσεως.
680 2745 756 2808 Τῆ
815 2744 913 2821 γὰρ
987 2741 1198 2821 δευτέρᾳ
1271 2740 1388 2821 (12)
1449 2741 1620 2815 ἐννοίᾳ
1688 2743 1842 2798 τοῦτό

186 2832 334 2889 ἐστιν
391 2831 692 2888 ἀκόλουθον·
755 2830 836 2885 ὅτι
891 2831 949 2886 06
1007 2829 1364 2911 καταδέχεται
1410 2830 1649 2908 γενέσθαι
1728 2837 1844 2885 Πα-

186 2922 315 2999 “rip,
374 2924 464 2977 ’ἱνα
527 2922 604 2995 μὴ
653 2918 863 2995 μεταδῷ
910 2925 1008 2987 τῆς
1063 2919 1194 2982 ἰδίας
1253 2921 1456 2999 φύσεως
1504 2924 1580 2990 τῷ
1649 2941 1846 2998 γεννω-

687 2479 866 2554 σαφῶς

1931 511 2347 589 praetermittit,
2382 529 2450 572 ac
2480 509 2833 589 simpliciter
2867 510 2940 571 de
2965 509 3227 589 ingenito
3259 518 3318 572 et
3365 511 3565 589 genito

1928 599 2184 660 disserit.
2213 599 2364 673 Quin
2392 607 2450 660 et
2470 598 2783 661 occultatis
2799 599 3118 661 salutiferae
3140 597 3279 661 ﬁdei
3303 601 3566 663 nomini»

1927 685 2455 770 bus,blasphemim
2470 688 2741 766 dogmata
2759 688 2918 748 nuda
2936 689 3131 761 tradit,
3159 697 3246 763 ut,
3270 690 3570 753 denudata

1924 775 1985 836 in
2010 775 2156 856 ipsis
2176 776 2355 838 rebus
2377 777 2704 856 impietate,
2734 795 2801 837 ac
2829 776 3044 838 eeinde
3070 777 3226 838 facto
3252 777 3322 838 ad
3353 797 3567 858 perso-

1923 883 2028 924 nas
2055 865 2328 957 transitu,
2361 865 2630 957 videatur
2652 866 2780 957 ipse
2804 865 2946 957 nihil
2965 865 3185 928 dixisse
3208 865 3570 957 blaSphemi,

1922 954 2027 1015 sed
2059 955 2344 1016 orationis
2376 956 2538 1016 serie
2568 953 3000 1034 blasphemiam
3021 957 3435 1020 concinnatam
3467 953 3568 1018 bal

1923 1042 2078 1105 beat.
2100 1044 2406 1122 Ingenitus
2423 1053 2619 1105 autem
2642 1064 2711 1105 cu
2725 1063 2774 1104 m
2803 1045 2898 1125 sit,
2921 1045 3347 1126 inquit,eﬁ‘ugit
3364 1046 3573 1127 utique

1924 1150 2162 1194 omnem
2191 1133 2697 1212 comparationem
2718 1152 2784 1194 ac
2806 1134 3290 1195 communionem
3317 1154 3452 1197 cum
3475 1154 3572 1216 ge-

1925 1221 2068 1282 nito.
2111 1226 2240 1284 Non
2276 1223 2424 1283 dixit
2460 1244 2475 1284 :
2517 1225 2688 1283 Pater
2718 1230 2774 1283 et
2797 1222 3003 1296 Filius,
3033 1223 3162 1303 sed,
3188 1226 3493 1303 Ingenitus
3516 1233 3574 1286 et

1925 1311 2180 1387 genitus.
2219 1310 2359 1372 Tale
2392 1321 2479 1372 est
2510 1312 2694 1391 igitur
2725 1331 2930 1393 unum,
2958 1314 3115 1393 quod
3149 1312 3220 1375 ab
3243 1332 3313 1375 eo
3337 1303 3574 1394 excogi-

1927 1408 2102 1460 tatum
2128 1410 2217 1461 est
2251 1402 2526 1462 :alterum
2559 1419 2704 1462 vero
2737 1402 2912 1478 quale
2945 1403 3021 1462 sit
3049 1403 3453 1466 considerate.
3475 1411 3566 1466 in-

1921 1491 2154 1566 genitus
2188 1508 2322 1550 vero
2349 1509 2484 1550 cum
2519 1490 2614 1570 sit,
2652 1490 2863 1571 inquit,
2890 1510 3194 1570 nunquam
3218 1510 3361 1553 sane
3383 1493 3569 1554 admi-

1926 1577 2069 1639 serit
2099 1578 2542 1655 generationem
2583 1600 2594 1640 :
2628 1588 2684 1640 et
2715 1579 3050 1659 subjungit,
3104 1579 3253 1641 adeo
3287 1594 3350 1640 ut
3405 1599 3569 1644 suam

1928 1667 2112 1745 ipsius
2135 1677 2404 1729 naturam
2427 1667 2826 1729 communicet
2842 1687 2975 1730 cum
2992 1669 3566 1748 genito.lllud,nun-

1869 1734 1906 1782 Β
1928 1734 2109 1834 quam
2131 1775 2278 1816 sane
2297 1757 2612 1818 admiserit
2627 1734 3232 1837 generationem,duo
3252 1759 3563 1836 signiﬁcat:

1928 1863 2109 1904 unum
2139 1846 2293 1926 quod
2330 1845 2583 1925 propriae
2615 1847 2802 1925 ipsius
2840 1853 3067 1906 naturae
3129 1865 3247 1907 non
3299 1850 3572 1926 congruit

1927 1941 2230 2010 generatio
2263 1935 2502 2014 (quippe
2541 1935 2666 1996 ﬁeri
2701 1954 2816 1995 non
2847 1943 3036 2014 potest
3064 1949 3126 1996 ut
3155 1945 3369 1998 natura
3395 1938 3570 2016 inge-

1926 2023 2424 2104 nita_generetur)
2458 2046 2470 2086 :
2513 2024 2955 2103 alterum,quod
2985 2042 3274 2103 generare
3297 2044 3417 2087 non
3441 2046 3567 2088 sus-

1927 2112 2088 2174 tinet.
2118 2110 2226 2173 Hic
2260 2113 2498 2193 quidem
2535 2115 2798 2175 hacvoce
2819 2115 3147 2174 secundum
3176 2116 3568 2194 posteriorem

1923 2219 2163 2262 sensum
2201 2220 2342 2263 usus
2374 2211 2465 2264 est
2502 2220 2515 2264 :
2551 2203 2654 2264 sed
2689 2221 2756 2262 ex
2795 2203 2992 2282 priore
3024 2221 3205 2264 sensu
3235 2205 3443 2283 vulgus
3467 2206 3565 2267 ho-

1923 2290 2146 2350 minum
2173 2289 2228 2351 in
2257 2309 2420 2351 suam
2442 2299 2795 2369 sententiam
2818 2290 3257 2352 trahit.Etenim
3282 2293 3438 2373 quod
3457 2294 3570 2355 hoc

1927 2379 2003 2439 sit
2033 2379 2186 2458 quod
2221 2381 2523 2454 astruitur,
2561 2380 2872 2441 manifeste
2899 2391 3150 2460 patetex
3173 2399 3242 2442 eo
3270 2381 3436 2462 quod
3473 2383 3568 2445 in-

1925 2467 2133 2529 fertur.
2170 2471 2309 2529 229
2339 2469 2481 2530 Nam
2544 2478 2923 2549 posteaquam
2984 2470 3132 2532 dixit
3171 2489 3184 2532 :
3247 2470 3573 2552 Nunquam

1925 2575 2073 2618 sane
2098 2561 2412 2620 admzserit
2439 2563 2920 2638 generationem,
2956 2559 3289 2641 subjunxit,
3329 2563 3478 2625 adeo
3506 2574 3576 2628 ut

1925 2666 2092 2707 suam
2132 2651 2326 2726 ipsius
2356 2658 2646 2709 naturam
2695 2651 3097 2710 communicet
3151 2667 3285 2710 cum
3342 2657 3568 2730 genito.

1928 2737 2051 2798 Hoc
2085 2757 2339 2817 namque
2367 2737 2570 2799 sensui
2594 2739 2913 2817 posteriori
2939 2739 3236 2818 convenit,
3273 2739 3570 2820 siquidem

1928 2847 2045 2889 non
2080 2830 2333 2890 sustinet
2369 2832 2540 2890 Pater
2567 2829 2718 2901 ﬁeri,
2756 2837 2816 2890 ut
2848 2848 2923 2891 ne
2954 2847 3087 2889 cum
3136 2829 3335 2908 genito
3396 2841 3568 2894 natu-

1927 2937 2050 2980 ram
2087 2923 2380 2998 propriam
2435 2919 2856 2982 communicet.
2910 2921 3218 3000 Impietate
3275 2920 3384 2982 hac
3441 2940 3572 3002 quae

188 3010 360 3087 μένῳ.
393 3011 479 3073 Τίς
535 3009 596 3066 ἂν
651 3009 859 3087 γένοιτο
902 3010 996 3077 τῆς
1038 3006 1278 3072 ἀσεϐείας
1324 3010 1519 3076 ταύτης
1571 3008 1828 3088 χαλεπω-

1932 3009 2103 3089 possit
2134 3026 2265 3070 esse
2299 3007 2719 3088 perniciosior?
2750 3008 2880 3088 quis
2905 3027 3162 3089 unquam
3196 3017 3416 3071 tantam
3446 3010 3564 3071 ini-

182 3100 367 3180 τέρα,
438 3101 514 3164 τίς
601 3097 829 3165 ἐλάλησα
891 3107 1150 3165 τοςαύτην
1199 3097 1402 3155 ἀδικίαν
1455 3100 1528 3162 εἰς
1576 3101 1637 3154 τὸ
1702 3097 1836 3173 ὕψος

181 3189 322 3246 ποτέ
349 3210 367 3261 ;

273 3280 377 3339 17.
417 3278 560 3357 Ἐγὼ
621 3279 717 3353 μὲν
763 3279 863 3356 γὰρ
924 3275 1210 3357 φοϐοῦμαι,
1257 3279 1334 3352 μὴ
1391 3280 1478 3334 καὶ
1534 3279 1723 3357 ἡμεῖς,
1783 3277 1837 3332 ἐν

181 3375 263 3442 τῷ
292 3370 387 3431 τας
435 3366 712 3444 ἀλλοτρίας
770 3366 1158 3441 ἀναλαμὸάνειν
1216 3365 1560 3446 βλασφημίας
1619 3364 1702 3421 δια
1746 3372 1837 3421 τοῦ

182 3459 478 3535 στόματος,
512 3456 822 3532 μολύνωμεν
875 3457 1074 3512 ἑαυτῶν
1121 3455 1222 3522 την
1278 3454 1535 3528 διάνοιαν,
1600 3456 1684 3511 καὶ
1743 3455 1838 3521 τῆς

179 3548 546 3624 κατακρίσεως
616 3545 799 3608 αὐτοῖς
884 3547 1299 3620 κὸινωνήσωμεν
1359 3544 1508 3624 (13).
1580 3550 1836 3623 Παραμυ-

178 3641 357 3694 Θεῖται
415 3635 470 3692 δέ
527 3657 592 3710 με
653 3638 711 3691 τὸ
769 3635 822 3690 ἐν
871 3649 989 3696 τοῖς
1057 3633 1422 3712 Εὐαγγελίοις,
1490 3632 1569 3689 ὅτι
1634 3635 1721 3689 καὶ
1781 3633 1840 3688 τὸ

183 3729 404 3801 Πνεῦμα
445 3727 506 3783 τὸ
555 3725 706 3803 ἅγιον
761 3727 860 3792 τὴν
909 3729 1013 3781 τῶν
1073 3722 1336 3780 Ἰουδαίων
1395 3725 1465 3790 εἰς
1511 3724 1603 3779 τὸν
1658 3723 1842 3800 Κύριον

179 3815 534 3893 βλασφημίαν
592 3813 855 3893 ἔγγραφον
916 3827 1035 3878 τοῖς
1096 3815 1231 3888 μετὰ
1291 3820 1453 3870 ταῦτα
1523 3809 1844 3889 παραδοῦναι

181 3907 248 3962 o6
278 3901 648 3982 παρῃτήσατο,
697 3903 910 3958 ἐκείνων
941 3901 1251 3968 στηλιτεῦον
1301 3903 1373 3965 εἷς
1433 3899 1641 3956 ἅπαντα
1703 3899 1845 3979 χρό-

185 4016 279 4050 νον
323 3994 422 4059 τὴν
452 3992 816 4072 βλασφημίαν,
850 3993 970 4072 οὖχὶ
1010 3997 1078 4068 τῇ
1131 3991 1382 4070 ἄχραντῷ
1433 3989 1557 4066 δόξῃ
1587 3996 1679 4046 106
1731 3995 1844 4045 Mo-

190 4089 441 4160 νογενοῦς
481 4081 927 4159 προστριϐόμενόν
984 4097 1102 4137 τινα
1154 4079 1494 4157 βλασφημίαν
1568 4078 1715 4159 (14).
1794 4087 1850 4142 Εἰ

190 4175 368 4234 τοίνυν
404 4171 498 4226 οὒκ
528 4169 589 4224 ἄν
619 4192 747 4226 ποτε
783 4173 1040 4250 πρόσοιτο
1071 4170 1336 4247 γέννησιν,
1369 4170 1505 4225 ὥστε
1562 4171 1658 4235 τῆς
1719 4167 1849 4233 ἰδίας

193 4259 512 4336 μεταδοῦναι
578 4264 655 4332 τῷ
715 4261 1028 4336 γεννωμένῳ
1111 4262 1338 4337 φύσεως,
1410 4263 1504 4317 οὐκ
1572 4258 1682 4313 ἔστι
1753 4258 1850 4331 μὲν

1921 3097 2200 3178 quitatem
2236 3099 2464 3159 locutus
2494 3105 2584 3160 est
2614 3098 2675 3158 in
2701 3097 3121 3160 celsitudinem
3143 3099 3174 3159 ?

2003 3277 2098 3338 17.
2135 3278 2254 3354 Ego
2288 3275 2564 3356 equidem
2599 3294 2829 3349 vereor,
2867 3296 2938 3337 ne
2969 3296 3076 3338 nos
3126 3296 3362 3359 quoque
3413 3278 3556 3339 dum

1923 3364 2139 3421 alienas
2161 3365 2547 3436 blasphemiae
2567 3381 2665 3422 ore
2688 3365 3020 3436 repetimus,
3041 3375 3286 3424 mentem
3310 3376 3563 3425 nostram

1925 3453 2279 3532 polluamus,
2304 3463 2480 3534 atque
2510 3455 3090 3517 condemmnationis
3111 3475 3318 3519 eorum
3353 3457 3566 3519 ﬁamus

1923 3543 2260 3623 participes.
2306 3541 2423 3605 Sed
2457 3544 2798 3605 consolatur
2829 3564 2923 3605 me
2958 3547 3120 3625 illum
3145 3546 3203 3608 in
3228 3545 3567 3626 Evangeliis

1925 3632 2249 3713 proditum,
2285 3634 2438 3712 quod
2469 3632 2728 3712 Spiritus
2759 3635 3012 3695 Sanctus
3042 3655 3276 3716 quoque
3321 3634 3564 3698 Judaao-

1927 3739 2059 3782 rum
2089 3722 2147 3780 in
2183 3719 2497 3781 Dominum
2533 3721 2963 3801 blasphemiam
2992 3725 3278 3805 scriptam
3311 3727 3566 3808 posteris

1929 3810 2162 3871 tradere
2187 3829 2302 3870 non
2339 3809 2710 3890 abstinuerit,
2747 3811 2985 3872 illorum
3018 3812 3451 3894 blasphemiam
3505 3814 3563 3874 in

1929 3918 2104 3960 omne
2126 3908 2358 3978 tempus
2377 3899 2456 3960 ita
2480 3909 2708 3980 notans,
2738 3909 2801 3960 ut
2826 3901 3046 3963 nullam
3079 3911 3276 3964 tamen
3304 3903 3564 3964 inconta-

1933 3987 2165 4050 minatae
2193 3988 2488 4066 Unigeniti
2516 3990 2809 4068 majestali
2834 3990 3262 4070 blasphemiam
3301 3992 3564 4064 aﬁ'ricet;

1933 4081 2136 4157 Itaque
2167 4079 2214 4138 si
2250 4097 2550 4159 nunquam
2576 4081 3021 4158 generationem
3055 4081 3384 4165 admiserit,
3415 4084 3564 4145 adeo

1934 4175 1997 4227 nt
2022 4168 2272 4247 propriae
2296 4175 2518 4231 naturae
2540 4169 2887 4248 participem
2928 4169 3100 4230 faciat
3119 4170 3405 4249 genitum,
3449 4192 3564 4233 non

1933 4265 2027 4318 est
2050 4256 2293 4332 quidem
2318 4257 2488 4319 Pater
2504 4258 2678 4324 Deus,
2712 4277 2825 4318 non
2844 4268 2929 4318 est
2956 4260 3156 4330 etiam;
3203 4262 3306 4323 sed
3334 4272 3568 4343 praestat

188 4351 432 4425 Πατήρὸ
466 4351 617 4415 Θεὸς,
671 4351 764 4406 οὐκ
796 4347 904 4404 ἔστι
937 4347 990 4404 δὲ
1061 4348 1211 4427 (15)⁶
1268 4346 1387 4404 ἀλλ’
1440 4347 1654 4422 ἄμεινον
1703 4349 1841 4422 ἡμῖν

1932 4353 1988 4406 ut
2017 4344 2446 4425 blasphemiam
2477 4347 2886 4427 imperfectam
2923 4349 3352 4430 relinquamus.
3402 4352 3570 4413 Alter

274 4510 355 4590 (8)
385 4508 540 4590 Editi
563 4509 876 4587 γινομένης.
911 4508 1067 4590 Libri
1096 4507 1324 4586 antiqui
1355 4508 1673 4585 γενομένης,
1707 4507 1841 4569 Mox

184 4587 342 4669 Reg.
377 4588 586 4669 tertius
612 4591 765 4654 αὒτὸς
797 4591 891 4662 μὲν
930 4591 1008 4664 μὴ
1041 4587 1186 4664 δοξῃ.

272 4668 361 4749 (9)
393 4668 537 4748 Reg.
574 4677 815 4749 quartus
845 4669 983 4725 ἀλλὰ
1026 4669 1305 4748 ἐγέννητυν
1337 4671 1424 4725 καὶ
1455 4671 1735 4747 γεννητὸν.

272 4753 394 4827 (10)
429 4749 679 4811 Codices
710 4751 826 4810 duo
857 4751 1168 4830 ἐφαρμόσει,
1633 4797 1638 4800 _

277 4832 410 4911 (i1)
447 4836 699 4897 Γεννῆσαι
733 4835 794 4888 o6
822 4828 1201 4910 καταδέχεται,
1251 4831 1314 4892 id
1365 4847 1490 4892 non
1544 4828 1844 4911 admittit,

191 4917 265 4974 ut
293 4909 546 4992 generet
580 4926 594 4971 :
623 4911 736 4971 hoc
769 4917 857 4970 est
892 4928 906 4972 :
940 4909 1232 4988 generare
1259 4928 1382 4972 non
1420 4918 1608 4989 potest
1645 4909 1850 4992 :_liae—

197 4988 340 5053 rum
375 4997 432 5052 ei
455 5007 579 5052 non
611 5000 694 5051 est
741 5006 1040 5069 generare
1083 5013 1106 5063 ;
1158 4988 1454 5072 gzgnendt
1502 5008 1623 5052 non
1674 4988 1852 5050 habet

190 5071 582 5148 facultatem.

287 5152 519 5237 (12)Τῆ
565 5153 664 5237 γὰρ
690 5149 922 5237 δευτέρα.
961 5149 1085 5237 Hoc
1141 5159 1232 5210 est
1290 5171 1304 5208 :
1365 5149 1519 5230 quod
1567 5149 1832 5237 sequitur

201 5233 299 5288 ἵνα
331 5233 410 5306 μὴ
441 5231 652 5306 μεταδῷ
682 5235 778 5292 τῆς
825 5231 954 5293 ἰδίας
1016 5231 1219 5311 φύσεως
1268 5237 1344 5304 τῷ
1401 5231 1738 5308 γεννωμένῳ,
1799 5231 1816 5286 i

201 5316 419 5392 aperte
449 5309 711 5373 ostendit
743 5308 921 5392 verba
950 5308 1049 5372 illa
1105 5309 1405 5392 Eunomii,
1453 5311 1545 5366 οιζιοι
1600 5310 1664 5392 ἅν
1715 5327 1861 5392 ’ποτε

201 5386 460 5472 πρόσοιτο
494 5392 756 5470 γέννησιν,
791 5390 1093 5472 άεμαοιίυα
1126 5386 1510 5472 generatione
1539 5386 1732 5468 accipi
1763 5386 1862 5448 de-

202 5470 378 5550 bere,
416 5473 502 5533 sic
535 5480 600 5532 ut
633 5480 798 5550 pater
829 5470 1074 5550 gignere
1097 5488 1212 5534 non
1244 5470 1455 5550 possit.

290 5521 410 5639 iis)
443 5552 545 5639 §ic_
559 5521 714 5639 iniri
741 5521 993 5639 νεζέἒθε.
1031 5550 1190 5639 Editi
1221 5521 1857 5639 «itaqowgamptv.

294 5633 414 5713 (t3)
447 5631 612 5713 Colb.
651 5650 783 5693 cum
817 5631 963 5710 Reg.
1000 5631 1174 5692 tertio
1219 5653 1336 5686 τινα
1392 5629 1714 5709 δυσφημίαν,
1771 5629 1865 5690 in-

201 5712 470 5794 famiam
501 5712 802 5792 aliquam.

2007 4506 2132 4585 (15)
2165 4505 2293 4578 Illa,
2333 4506 2561 4591 τζῦιξστι
2595 4508 2671 4580 δὲ,
2707 4509 2790 4591 sic
2833 4510 3003 4591 vertit
3059 4510 3354 4591 interpres
3402 4529 3414 4571 :
3468 4513 3569 4573 sed

1922 4603 2050 4671 non.
2075 4593 2301 4671 1'ta_est‘.
2336 4585 2486 4671 Quid
2513 4599 2705 4648 autem
2738 4588 2864 4649 haec
2894 4590 3007 4650 sibi
3040 4585 3245 4671 velint,
3271 4592 3448 4671 alius
3479 4593 3567 4653 viv

1926 4665 2097 4728 derit.
2139 4665 2257 4742 Ego
2289 4666 2546 4728 arbitror
2579 4685 2778 4729 vocem
2811 4671 2917 4734 υἱός
2978 4665 3286 4733 subaudiri
3341 4672 3566 4734 debere

1928 4755 2058 4827 post
2093 4746 2234 4807 illud
2265 4750 2357 4827 of»:
2387 4747 2495 4802 ἔστι
2529 4748 2604 4827 δέ,
2635 4749 2743 4809 hac
2766 4749 3060 4811 sententia
3089 4770 3102 4813 :
3139 4761 3203 4812 ut
3249 4750 3406 4812 Deus
3454 4771 3569 4813 non

1931 4825 2024 4887 est
2059 4828 2252 4906 Pater,
2284 4825 2365 4887 ita
2415 4846 2528 4887 non
2565 4825 2654 4888 est
2702 4827 2909 4890 Filius.
2943 4829 3066 4892 Hoc
3095 4840 3207 4906 est,
3264 4850 3372 4893 nec
3419 4836 3573 4893 Deus

1932 4909 2104 4969 Pater
2129 4906 2323 4967 vocari
2353 4907 2529 4968 debet
2561 4906 2755 4981 Pater,
2821 4927 2930 4970 nec.
2989 4910 3172 4974 Filius
3231 4911 3412 4973 debet
3467 4931 3572 4973 vo-

1935 4985 2056 5047 cari
2111 4984 2320 5046 Filius.
2382 4986 2449 5046 Et
2506 4987 2727 5049 idcirco
2789 4989 3042 5050 Basilius
3101 4992 3183 5052 ait
3239 4991 3576 5055 relinquere

1935 5085 2000 5127 se
2032 5065 2460 5154 blasphemiam
2495 5065 2804 5154 Euno_mii_,_
2827 5069 3229 5154 imperfectam
3276 5065 3430 5154 quod
3461 5092 3574 5134 no-

1944 5163 2080 5232 men
2109 5149 2219 5232 uid:
2253 5149 2718 5232 praetermiserit.
2753 5151 2877 5232 Nec
2919 5149 3001 5209 ita
3059 5151 3240 5232 multo
3285 5149 3411 5232 post
3464 5157 3577 5214 Ba-

1944 5225 2111 5311 silius
2136 5225 2433 5311 hoc'idem
2465 5226 2623 5299 fecit,
2654 5230 2906 5311 cumita
2955 5231 3212 5311 scripsit,
3248 5225 3378 5304 αὖτή
3432 5257 3488 5290 τε
3545 5238 3580 5302 ἡ

1944 5306 2190 5391 ἀλήθεια,
2239 5310 2265 5362 ὁ
2330 5309 2524 5391 Διςύριος
2583 5311 2737 5383 ἡμῶν
2793 5308 2997 5391 Ἰησους
3081 5306 3336 5391 Χριστός.
3395 5311 3582 5376 Nemo

1948 5384 2106 5473 enim
2141 5384 2259 5473 non
2293 5384 2675 5473 videtvocem
2701 5388 2896 5473 ψευδής
2917 5389 3015 5473 hic
3047 5384 3308 5472 suppleri
3340 5391 3584 5473 debere,

1942 5465 2056 5552 ὶιοο
2087 5468 2260 5552 modo
2297 5483 2310 5527 ε
2346 5466 2717 5552 ψευδὴς-αὐτή
2750 5491 2805 5525 τε
2850 5472 2884 5538 ἦ
2933 5465 3176 5552 divitia-at,
3212 5474 3480 5552 mendas:
3535 5465 3588 5536 et

1944 5548 2077 5624 ipsa
2110 5547 2364 5624 veritas,
2395 5557 2510 5608 etc.
2547 5545 2702 5608 Sane
2734 5567 2851 5610 non
2892 5549 2967 5610 ob
2997 5543 3175 5613 aliam
3205 5543 3446 5615 causam
3486 5555 3590 5615 has

1989 5643 2120 5719 uas“
2125 5644 2300 5687 voces
2316 5627 2716 5719 praetermisit
2745 5628 3025 5719 Basilius,
3060 5651 3238 5719 quam
3282 5635 3438 5719 quod
3476 5636 3593 5693 im-

1951 5705 2046 5786 pia
2077 5703 2354 5768 Eunomii
2383 5707 2564 5768 verba
2599 5709 2796 5771 omnia
2829 5703 3093 5790 proferre
3125 5703 3442 5775 horruerit.
3487 5781 3492 5784 ,
