4108 6220
273 302 392 366 569
1371 298 1773 364 ADVERSUS
1815 298 1944 358 ΕΗΒ

2036 299 2224 360 MlUM
2275 297 2416 360 LlB.
2467 298 2515 358 Ι.
3511 295 3630 360 570

273 433 412 489 ἀλλὰ
453 435 539 489 καὶ
598 436 752 497 αὗτὸς
807 435 976 506 ἑαυτῷ
1031 432 1374 513 διαμάχεται,
1439 433 1660 502 Μείζονα
1691 434 1788 509 γὰρ
1831 434 1944 489 εἶσι

2036 429 2138 491 lam
2190 431 2295 492 ubi
2348 430 2534 492 Deum
2569 439 2629 491 et
2691 433 2922 492 Patrem
2977 429 3125 491 dixit
3153 430 3460 507 unigenito
3488 429 3640 492 Filio

276 525 390 580 πὼν
422 528 510 578 τὸν
557 525 686 579 Θεὸν
743 525 830 578 καὶ
890 523 1092 600 Πατέρα
1137 531 1228 580 τοῦ
1274 529 1596 598 Μονογενοῦς
1629 523 1770 601 ι’ἱοῦ,
1824 523 1913 578 καὶ

2036 520 2376 598 iajorem,et
2401 539 2502 580 eos
2533 521 2634 598 qui
2666 519 2951 598 aequalem
2975 519 3529 592 dicunt,dementite
3557 518 3646 579 in-

277 625 394 673 τοϊς
419 614 478 668 τὸ
511 613 630 669 ἴσον
662 611 873 689 λέγουσι
904 613 1094 686 μανίαν
1116 611 1432 675 ἐπικαλέσας
1470 611 1622 690 (84),
1653 613 1725 675 ὡς
1761 613 1912 674 αὐτὸς

2036 609 2315 684 imulavit;
2349 611 2514 690 quasi
2550 619 2941 688 suppeterent
2964 608 3080 669 sibi
3111 627 3181 668 ea
3205 609 3278 668 de
3308 626 3374 668 re
3405 609 3646 669 demon-

277 699 682 780 ἀναντιῤῥήτους
734 700 880 781 ἔχων
959 701 1142 757 τούτου
1194 702 1289 764 τὰς
1359 700 1667 774 ἀποδείξεις,
1730 703 1916 774 μικρὸν

2036 700 2337 773 trationes,
2372 698 2589 778 quibus
2615 717 2730 758 non
2767 705 2952 776 possut
2981 695 3646 777 contradici,paululum

273 788 474 854 ὑποϐὰς
506 791 767 865 σκέψασθε
801 794 895 847 οἷα
924 791 1129 869 γράφει.

359 888 511 939 ΕΥΝ.
573 878 725 934 Ἀλλ’
781 878 860 935 ὅτι
919 880 1016 952 μὲν
1061 880 1146 942 εἷς
1201 882 1227 935 ὁ
1286 882 1389 935 τῶν
1441 877 1582 934 ὅλων
1614 881 1744 942 Θεὸς
1776 879 1919 956 ἀγέν-

277 991 438 1036 νητος
502 971 590 1025 κιὶ
648 968 986 1046 ἀσύγκριτος,
1040 968 1300 1024 πλειονων
1361 971 1528 1024 ὀντων
1581 975 1685 1024 τῶν
1742 990 1918 1042 παρα·

283 1057 674 1133 λελειμμένων,
752 1057 1029 1136 ἀποχρῆν,
1107 1059 1365 1135 ἡγοῦμαι,
1448 1059 1534 1113 καὶ
1579 1059 1644 1114 τὰ
1699 1057 1921 1134 ῥηθέντα

285 1150 416 1227 πρὸς
447 1145 734 1212 ἀπόδειξιν,

364 1243 513 1296 ΒΑΣ.
577 1235 894 1314 Ἐρωτάσθω
962 1237 1154 1311 τοίνυν,
1219 1239 1262 1292 εὶ
1319 1237 1630 1315 ἀσύγκριτος
1678 1239 1704 1291 'o
1766 1237 1918 1308 Θεὸς,

283 1328 440 1381 πόθεν
473 1325 628 1380 αὑτοῦ
678 1327 712 1388 ἡ
767 1326 1010 1404 ὑπεροχὴ
1061 1325 1369 1405 κατελήφθη
1405 1348 1432 1396 ;-
1465 1327 1536 1383 Τὸ
1580 1327 1680 1404 γὰρ
1738 1331 1924 1399 μεῖζον

283 1419 344 1468 ἐκ
401 1413 496 1480 τῆς
546 1415 675 1489 πρὸς
730 1415 796 1468 τά
861 1415 1202 1494 ὑπερχόμενα
1289 1415 1626 1492 παραθέσεως
1697 1417 1921 1489 θεωρεῖ-

281 1525 389 1563 ται.
453 1503 571 1565 Πῶς
615 1503 704 1558 οὖν
747 1505 774 1557 ὁ
819 1505 970 1566 αὐτὸς
1031 1505 1116 1560 καὶ
1173 1505 1361 1577 μείζων
1419 1503 1529 1560 ἐστὶ
1567 1505 1654 1560 καὶ
1711 1501 1924 1579 ἀπαρά-

282 1596 471 1671 Θετοςς
508 1589 664 1647 Ἀλλ’
703 1589 794 1647 ἵνα
837 1593 933 1666 μὲν
981 1591 1433 1671 παρηλλαγμένην
1488 1593 1579 1650 τοῦ
1639 1594 1771 1648 Θεοῦ
1826 1592 1924 1658 τὴν

285 1682 466 1738 οὐσίαν
522 1683 651 1759 πρὸς
716 1681 806 1748 τὴν
865 1689 956 1737 τοῦ
1019 1689 1343 1759 Μονογενοῦς
1414 1681 1667 1757 ἐπιδείξῃ,
1714 1702 1928 1758 συγκρι-

285 1772 445 1834 τικῶς
505 1769 795 1846 λεγόμενον
837 1772 898 1826 τὸ
944 1779 1126 1844 μεῖζον
1178 1774 1248 1836 εἰς
1305 1774 1401 1838 τὴν
1459 1778 1556 1839 τῆς
1602 1773 1778 1835 οὐσίας
1810 1769 1924 1826 δια-

288 1860 449 1938 φορὰν
495 1856 758 1923 ἐξεδέξατο
795 1877 806 1889 ·
857 1858 950 1914 τίνα
1008 1857 1061 1914 δὲ
1121 1859 1282 1916 πάλιν
1325 1863 1400 1925 εἷς
1434 1863 1495 1918 τὸ
1549 1861 1809 1935 ὁμότιμοι
1866 1865 1936 1935 τῇ

288 1948 456 2003 κτίσει
539 1947 632 2010 τὸν
690 1949 963 2024 Μονογενῆ
1053 1952 1359 2028 καταγάγῃ,
1420 1951 1731 2027 ἀσύγκριτον
1793 1949 1937 2022 εἶναι

287 2039 379 2092 τὸν
433 2037 635 2112 Πατέρα
693 2041 971 2112 νομοθετεῖ
1005 2053 1018 2067 ⁸
1086 2041 1272 2107 καινήν
1322 2061 1438 2094 τινα
1489 2041 1578 2095 καὶ
1625 2039 1941 2118 ἀσύγκριτον

290 2125 456 2188 ὅντως
516 2124 613 2192 τὴν
671 2123 790 2181 ὁδὸν
841 2131 939 2192 τῆς
997 2127 1334 2206 βλασφημίας
1382 2129 1608 2185 ἐπινοῶν
1645 2150 1657 2162 ·
1693 2130 1747 2185 ἐν
1779 2149 1948 2208 προσ-

291 2217 510 2282 ποιήσει
569 2213 634 2282 δὴ
691 2222 783 2271 τοῦ
857 2217 1022 2291 ὕψουν
1108 2218 1194 2272 καὶ
1247 2215 1466 2291 ἐξαίρειν
1523 2219 1612 2272 τὸν
1671 2221 1800 2274 Θεὸν
1859 2225 1946 2278 καὶ

294 2305 520 2379 Πατέρα,
572 2307 665 2360 τοῦ
731 2311 1059 2383 Μονογενοῦς
1131 2313 1251 2362 Υίοῦ
1300 2309 1389 2362 καὶ
1439 2307 1570 2363 Θεοῦ
1628 2309 1724 2375 τὴι
1793 2307 1944 2373 δόξαν

291 2394 729 2471 κατασμικρύνων
764 2410 777 2424 ³
871 2402 962 2451 τοῦ
1040 2398 1225 2474 Κυρίου
1291 2394 1805 2475 διαμαρτυρούμενα)
1856 2389 1944 2453 καὶ

293 2483 583 2559 λέγοντος·
656 2482 717 2539 Ὀ
774 2483 852 2558 μὴ
922 2489 1092 2557 τιμῶν
1147 2487 1236 2540 τὸν
1326 2487 1466 2553 Υἱὸν,
1537 2487 1596 2540 ού
1651 2491 1779 2559 τιμᾷ
1849 2486 1941 2540 τὸν

300 2570 504 2648 Πατέρα
539 2586 552 2600 ⁶
619 2571 708 2627 καί
742 2587 754 2600 ⁸
821 2569 881 2629 Ὀ
940 2572 1138 2628 ἀθετῶν
1209 2573 1303 2645 ἐμὲ
1356 2575 1451 2631 οὑκ
1524 2574 1619 2648 ἐμὲ
1706 2575 1885 2629 ἀθετεῖ
1922 2582 1934 2603 "

294 2659 432 2716 ἀλλά
480 2662 570 2715 τὸν
625 2659 909 2737 πέμψαντά
957 2683 1047 2737 με.
1112 2660 1261 2719 Ἀλλ’
1319 2666 1345 2717 ὁ
1403 2662 1594 2743 ἐχθρὸς
1650 2665 1748 2729 τῆς
1795 2661 1938 2728 ἁλη-

297 2750 462 2821 θείας,
526 2752 552 2804 ὁ
617 2749 844 2826 ἐνεργῶν
915 2753 980 2806 τὰ
1059 2761 1279 2809 τοιαῦτα
1333 2750 1508 2828 λέγειν
1577 2753 1666 2807 καὶ
1723 2753 1940 2829 γράφειν

297 2838 506 2909 αὺτοῖς,
561 2836 704 2894 εἶδεν
748 2837 924 2895 ἐκεῖνο
961 2839 1112 2918 (85),
1162 2839 1268 2916 ὅτι,
1320 2842 1364 2894 εἰ
1413 2843 1542 2919 πρὸς
1597 2842 1692 2906 τὴν
1739 2841 1941 2896 σύνεσιν

301 2927 486 2990 αὐτοὺς
544 2927 640 2994 τῆς
688 2935 779 2984 τοῦ
837 2934 1165 3006 Μονογενοῦς
1196 2928 1348 2996 δόξης
1382 2928 1802 3009 ἀποτξφλώσειε,
1857 2928 1944 2984 καὶ

298 3018 399 3083 τὴν
456 3017 614 3072 αὕτού
651 3025 743 3072 τοῦ
785 3024 916 3073 Θεοῦ
971 3021 1060 3074 καὶ
1109 3020 1310 3098 Πατρὸς
1377 3025 1572 3096 γνῶσιν
1611 3019 1942 3096 συναφαιρή-

301 3127 449 3162 σεται
485 3121 498 3134 '
547 3105 710 3177 ὥστε,
767 3108 812 3161 εἱ
870 3108 956 3162 καὶ
1012 3105 1252 3164 δοκοῦσιν
1297 3105 1592 3185 ὑπερϐολάς
1651 3130 1799 3171 τινας
1851 3106 1942 3162 νέ-

304 3215 424 3270 μειν
453 3202 530 3268 τῷ
581 3203 696 3269 Θεῷ
755 3197 842 3252 καὶ
893 3198 1082 3275 Πατρὶ,
1126 3195 1294 3272 μηδὲν
1337 3199 1518 3258 αὐτοῖς
1552 3196 1742 3276 ὄφελος
1800 3198 1942 3253 εἶναι

300 3289 402 3350 τῆς
456 3286 584 3362 πρὸς
649 3286 804 3342 αύτὸν
861 3285 1091 3363 ἀγούσης
1151 3284 1270 3342 ὁδοῦ
1323 3287 1420 3354 τὴν
1478 3292 1672 3364 γνῶσιν
1728 3287 1942 3366 ἀφῃρη-

307 3372 512 3448 μένοις.
577 3371 794 3440 Ἐπειδὴ
872 3377 960 3430 καὶ
1043 3372 1293 3432 Ἰουδαῖοι
1366 3375 1594 3446 δοξάζειν
1671 3379 1756 3431 τὸν
1817 3377 1946 3430 Θεὸν

307 3461 536 3535 οἴονται,
608 3465 696 3519 καὶ
772 3462 1045 3532 Ἑλλήνων
1123 3486 1203 3528 τις
1261 3466 1538 3521 ἀκούσεται
1609 3465 1948 3540 βουλομένων

314 3574 360 3608 τι
420 3552 559 3630 μέγα
597 3554 716 3631 περὶ
774 3560 905 3609 Θεοῦ
963 3551 1136 3631 λέγειν
1173 3574 1184 3586 ·
1240 3551 1358 3609 ἀλλ’
1417 3555 1564 3629 ὅμως
1610 3559 1705 3613 οὒκ
1762 3553 1822 3609 ἄν
1865 3575 1946 3614 τις

309 3639 456 3697 εἴποι
492 3640 804 3719 μεγαλύνειν
834 3641 1019 3707 αὐτοὺς
1069 3644 1159 3698 τὸν
1214 3645 1344 3698 Θεὸν
1388 3639 1510 3698 ἄνευ
1547 3643 1644 3710 τῆς
1689 3644 1762 3706 εἰς
1817 3649 1950 3720 Χρι-

311 3730 436 3785 στὸν
494 3731 736 3810 πίστεως,
797 3727 865 3785 δι’
945 3733 1005 3785 οὗ
1057 3733 1093 3798 ἡ
1154 3733 1480 3810 προσαγωγὴ
1548 3736 1646 3797 τῆς
1704 3732 1951 3808 γνώσεως

311 3819 476 3877 ἐστιν.

393 3905 495 3970 27.
554 3905 897 3990 Ἀσύγκριτον
955 3908 1044 3966 οὖν
1103 3912 1195 3966 τὸν
1250 3913 1379 3968 Θεὸν
1441 3909 1609 3987 λέγει,
1670 3910 1762 3967 ’ίνα
1811 3909 1950 3988 δείξῃ

317 4001 434 4053 Υίὸν
476 3997 596 4054 *ίσον
640 3997 765 4055 ὅντα
825 4005 893 4074 τῇ
950 3999 1138 4071 κτίσει,
1202 4000 1257 4054 ἐν
1285 4003 1362 4073 τῷ
1405 4002 1599 4076 ὁμοίως
1643 4005 1738 4068 τῆς
1796 3998 1950 4068 δόξης

314 4094 408 4143 τοῦ
467 4087 669 4165 Πατρὸς
724 4086 1101 4144 ἀπολείπεσθαι
1138 4104 1149 4117 ·
1205 4087 1336 4145 διότι
1387 4091 1453 4146 τὰ
1482 4089 1605 4166 (86)
1640 4089 1745 4163 ἴσῳ
1777 4089 1954 4169 μέτρῳ

2004 803 2352 866 progressus
2384 788 2580 867 qualia
2614 786 2857 865 scribat,
2895 786 3238 866 expendite.

2082 875 2228 938 Eunt.
2261 873 2506 957 Verum,
2540 877 2696 956 quod
2755 894 2908 937 unus
2939 875 3016 936 sit
3046 875 3456 936 universorum
3494 872 3652 933 Deus

2003 965 2306 1042 ingenitus
2327 975 2510 1042 atque
2552 963 3058 1044 incomparabilis,
3087 963 3362 1043 pluribus
3385 960 3648 1036 omissis,

2007 1072 2077 1115 ea
2106 1072 2238 1134 quas
2259 1053 2420 1116 dicta
2449 1063 2608 1129 sunt,
2646 1062 2808 1135 puto,
2834 1053 3143 1115 sufﬁciunt
3176 1053 3246 1113 ad
3281 1051 3654 1113 demonstra-

2007 1143 2257 1206 tionem.

2090 1230 2638 1312 BASJnterrogetur
2662 1234 2855 1312 itaque
2887 1253 2900 1295 :
2928 1231 2978 1292 si
3000 1228 3487 1310 incomparabilis
3508 1230 3648 1289 257

2008 1330 2096 1382 εει
2128 1324 2309 1397 Deus,
2347 1322 2507 1383 unde
2538 1321 2855 1401 praesentia
2885 1321 3016 1400 ejus
3044 1319 3484 1406 comprehensa
3517 1323 3655 1380 est?

2007 1408 2244 1490 Quippe
2266 1410 2324 1472 id
2349 1414 2506 1492 quod
2538 1411 2731 1490 majus
2751 1420 2841 1472 est
2879 1429 2946 1472 ex
2981 1416 3424 1490 comparatione
3447 1426 3653 1469 eorum

2007 1518 2140 1580 quae
2163 1502 2906 1580 superantur,testimatur.
2938 1497 3245 1578 Quiigitur
3269 1498 3395 1558 ﬁeri
3433 1505 3650 1578 potest,

2007 1599 2069 1649 ut
2104 1589 2263 1650 idem
2298 1600 2359 1651 et
2383 1593 2571 1669 major
2599 1591 2675 1650 sit
2707 1597 2766 1650 et
2795 1587 3312 1669 incomparabilis?
3338 1588 3556 1647 Verum
3589 1596 3657 1647 ut
3753 1660 3755 1663 η

2013 1677 2117 1738 Dei
2150 1677 2538 1740 substantiam
2568 1678 2641 1740 ab
2673 1677 2977 1757 Unigeniti
3010 1675 3340 1739 substantia
3366 1677 3660 1738 diversam

2013 1770 2384 1846 ostenderet,
2407 1768 2580 1848 illud,
2605 1769 2943 1846 majus,ceu
2964 1766 3365 1847 comparative
3397 1783 3656 1844 usurpa-

2018 1865 2139 1917 tum
2176 1876 2280 1936 pro
2311 1856 2654 1919 substantiae
2686 1856 3029 1918 diversitate
3050 1855 3285 1934 accepit
3319 1875 3331 1914 :
3360 1861 3662 1933 rursus,ut

2020 1946 2091 2007 ad
2140 1956 2428 2007 creatum
2475 1946 2870 2025 aequalitatem
2921 1944 3301 2022 Unigenitum
3357 1944 3655 2016 detrudat,

2026 2038 2263 2097 Patrem
2295 2037 2488 2096 sancit
2518 2054 2650 2096 esse.
2677 2032 3236 2114 incomparabilem.
3263 2034 3486 2095 Novam
3518 2033 3661 2111 qui-

2029 2124 2168 2185 dem
2199 2143 2268 2186 ac
2319 2143 2457 2186 vere
2516 2123 3044 2203 incomparabilem
3101 2121 3486 2200 blasphemiae
3509 2121 3660 2180 viam

2029 2222 2400 2283 commentus
2433 2223 2544 2294 est,
2577 2213 2703 2290 qui
2754 2216 2984 2273 interea
3015 2211 3152 2272 dum
3185 2210 3443 2271 exaltare
3491 2226 3556 2270 se
3596 2225 3666 2270 ac

2029 2304 2316 2364 extollere
2348 2305 2535 2365 Deum
2563 2311 2622 2363 et
2655 2305 2891 2364 Patrem
2918 2300 3499 2372 simulat,imminuat
3528 2297 3670 2358 Uni-

2024 2391 2211 2470 geniti
2243 2391 2376 2452 Filii
2399 2401 2456 2452 et
2485 2390 2592 2452 Dei
2628 2391 2994 2470 majestatem
3027 2409 3042 2468 ;
3085 2405 3420 2469 quanquam
3454 2385 3662 2450 Domi-

2027 2499 2138 2541 nus
2165 2489 2410 2543 testatur
2440 2499 2510 2541 ac
2561 2479 2706 2541 dicit
2740 2497 2752 2538 :
2807 2478 2932 2554 Qui
2959 2496 3085 2540 non
3116 2481 3372 2539 honorat
3408 2475 3660 2549 Filium,

2025 2573 2272 2632 Patrem
2300 2587 2424 2632 non
2454 2569 2719 2632 honorat
2750 2570 2848 2644 ‘5;
2905 2574 2983 2641 et,
3019 2567 3146 2642 Qui
3186 2583 3280 2627 me
3313 2567 3662 2639 contemnit,

2021 2676 2146 2720 non
2179 2676 2271 2720 me
2298 2659 2652 2731 contemnit,
2685 2657 2786 2719 sed
2817 2673 2956 2718 eum
2987 2657 3093 2736 qui
3121 2673 3213 2716 me
3241 2656 3405 2716 misit
3435 2653 3514 2716 16.
3549 2652 3667 2714 Sed

2023 2747 2292 2809 veritatis
2313 2747 2795 2825 inimicus,cujus
2818 2763 3000 2826 Opera
3023 2762 3092 2806 ac
3123 2743 3384 2824 impulsu
3419 2743 3516 2805 isti
3540 2743 3666 2803 haec

2030 2835 2238 2896 dicunt
2267 2837 2680 2914 sci-ibuntque,
2711 2835 2852 2896 illud
2886 2834 3050 2907 vidit,
3086 2832 3246 2910 quod
3275 2833 3326 2893 si
3358 2850 3462 2894 eos
3508 2831 3670 2892 circa

2029 2924 2238 3003 gloria:
2272 2923 2570 3004 Unigeniti
2595 2925 2990 3003 cognitionem
3017 2921 3352 2996 excaacarit,
3380 2922 3558 2984 etiam
3585 2920 3672 3000 ip-

2029 3015 2154 3074 sius
2182 3013 2290 3075 Dei
2345 3032 2413 3075 ac
2465 3013 2653 3074 Patris
2705 3012 3106 3091 cognitionem
3141 3009 3318 3072 simul
3369 3009 3669 3071 ablaturus

2031 3112 2210 3166 esset:
2245 3111 2306 3164 ut
2337 3103 2570 3164 etiamsi
2599 3101 2913 3164 videantur
2938 3099 3356 3182 praerogativas
3386 3099 3669 3179 quasdam

2031 3196 2152 3254 Deo
2183 3202 2241 3253 et
2273 3193 2426 3254 Patri
2456 3189 2803 3270 attribuere,
2835 3190 3067 3251 nullum
3102 3198 3297 3250 tamen
3330 3187 3469 3249 inde
3499 3205 3673 3249 emo-

2032 3281 2362 3342 lumentum
2413 3287 2876 3356 consequantur,
2927 3296 3066 3340 cum
3101 3277 3188 3340 eis
3221 3277 3349 3356 ejus
3379 3276 3506 3350 vite,
3542 3293 3675 3356 quae

2029 3371 2101 3432 ad
2129 3379 2320 3452 ipsum
2342 3371 2530 3445 ducit,
2554 3371 2833 3452 adempta
2860 3370 3069 3432 notitia
3099 3368 3356 3431 sit.Nam
3391 3378 3451 3431 et
3481 3365 3672 3430 Judaei

2031 3461 2216 3537 gloria
2249 3465 2436 3525 Deum
2466 3462 2708 3522 afﬁcere
2740 3479 2804 3522 se
2839 3468 3068 3540 putant,
3103 3468 3162 3519 et
3185 3458 3393 3521 audias
3421 3456 3675 3536 gentiles

2036 3553 2376 3624 nonnullos,
2407 3553 2509 3628 qui
2541 3550 2762 3630 aliquid
2811 3550 2990 3612 velint
3024 3549 3219 3627 magni
3249 3549 3325 3610 de
3355 3547 3476 3608 Deo
3508 3546 3673 3608 dice-

2034 3658 2098 3700 re
2133 3658 2146 3702 :
2184 3644 2283 3701 sed
2317 3641 2389 3701 ab
2421 3641 2494 3700 iis
2523 3641 2747 3719 absque
2783 3641 2900 3701 ﬁde
2930 3639 2993 3699 in
3025 3639 3326 3700 Christum
3352 3655 3460 3718 per
3487 3653 3666 3716 quem

2034 3729 2104 3788 ad
2137 3730 2537 3807 cognitionem
2593 3746 2869 3790 accessus
2924 3729 3008 3800 ﬁt,
3063 3731 3254 3790 Deum
3304 3725 3674 3805 magniﬁcari

2035 3820 2252 3881 dixerit
2289 3840 2486 3881 nemo.

2115 3909 2756 3989 97.1ncomparabilem
2788 3907 2966 3987 igitur
2981 3906 3126 3968 dicit
3151 3907 3434 3978 Deum,ut
3459 3903 3671 3967 Filium

2034 3999 2096 4062 in
2110 4018 2180 4060 eo
2204 4003 2494 4062 creaturis
2515 4000 2800 4080 mqualem
2822 4015 2956 4059 esse
2973 3994 3430 4075 ostendat,quod
3459 3997 3678 4074 pariter

2035 4093 2258 4150 abesta
2281 4091 2586 4168 majestate
2619 4088 2834 4151 Patris.
2870 4086 3014 4159 Quae
3052 4085 3211 4146 enim
3242 4083 3455 4163 aquali
3487 4101 3674 4164 supe-

319 4176 690 4255 ὑπερεχόμενα
744 4175 838 4233 ἴσα
882 4175 1136 4246 ἀλλήλοις
1193 4178 1492 4257 ἀναγκαίως
1556 4179 1684 4238 ἐστί.
1747 4186 1944 4236 Τοσοῦ-

2037 4189 2245 4239 rantur
2267 4196 2564 4253 mensura,
2590 4176 2839 4258 aequalia
2878 4175 3033 4235 inter
3056 4191 3121 4234 se
3144 4173 3482 4234 necessario
3512 4181 3675 4233 sunt.

320 4287 412 4321 τον
461 4262 515 4319 δὲ
571 4264 891 4344 ὑπερέχεται
943 4269 1079 4322 κατά
1109 4269 1199 4324 τὸν
1230 4271 1414 4326 τούτου
1467 4268 1591 4348 (87)
1645 4267 1803 4348 λόγον
1854 4269 1944 4324 Siti

2037 4266 2289 4329 Tantum
2313 4276 2507 4329 autem
2532 4275 2849 4348 superatur
2877 4262 3206 4325 secundum
3235 4263 3412 4340 hujus
3438 4270 3680 4323 senten-

323 4361 416 4410 τοῦ
447 4355 578 4409 Θεοῦ
625 4355 712 4411 καὶ
746 4356 948 4433 Πατρὸς
979 4357 1006 4410 ὃ
1058 4358 1359 4435 Μονογενὴς
1393 4358 1534 4432 Υἱὸς,
1570 4356 1690 4415 ὅσον
1721 4359 1810 4414 καὶ
1851 4364 1956 4414 τῶν

320 4440 483 4498 ἄλλον
563 4441 808 4505 ἕκαστον,
883 4453 1130 4502 Τοιοῦτον
1187 4442 1285 4523 γάρ
1336 4446 1442 4502 ἐστι
1501 4448 1562 4503 τὸ
1618 4448 1954 4525 ἀσύγκριτον,

321 4532 350 4586 ὃ
379 4537 538 4586 πᾶσιν
592 4533 787 4604 ὁμοίως
845 4531 983 4588 ἐστὶν
1037 4534 1473 4612 ἀπροσπέλαστον
1520 4538 1608 4592 καὶ
1652 4537 1954 4615 ἀνέρικτον.

326 4621 383 4677 Εἰ
442 4617 496 4674 δὲ
543 4618 663 4675 ἴσον
724 4621 836 4697 (88)
868 4635 985 4686 τοῖς
1045 4622 1223 4689 ἄλλοις
1281 4631 1373 4680 τοῦ
1433 4628 1630 4704 Πατρὺς
1665 4625 1956 4682 ἀπολείπε-

321 4730 432 4783 ται,
494 4707 610 4768 ἴσος
670 4709 888 4774 ἐκείνοις
939 4712 1047 4768 ἐστὶ
1095 4712 1210 4788 μεθ’
1241 4715 1316 4769 ῶν
1359 4714 1726 4775 ἀπολείπεται.
1764 4715 1823 4772 Τί
1871 4712 1959 4770 οὖν

324 4805 424 4868 τῆς
479 4800 820 4880 βλασφημίας
850 4809 1043 4874 ταύτης
1087 4815 1275 4886 χεῖρον
1305 4801 1508 4860 εἴποιεν
1539 4804 1602 4859 ἂν
1667 4802 1912 4860 Ἰουδαῖοι
1947 4818 1965 4878 ;

322 4903 372 4956 τί
415 4904 470 4963 δὲ
518 4905 625 4959 τῶν
687 4889 850 4952 ἐθνῶν
893 4901 1158 4980 λεγόντων
1215 4893 1354 4950 ἐστὶν
1407 4896 1668 4966 ἀκούεινς
1719 4896 1818 4954 Καὶ
1872 4896 1969 4952 οὐκ

321 4995 623 5076 ἐρυθριῶσιν
681 4989 728 5044 οἱ
771 4992 864 5048 τὸν
920 4999 1013 5049 τοῦ
1061 4997 1192 5047 Θεοῦ
1235 4987 1403 5076 Λόγον
1464 4983 1767 5076 πρεσϐεύειν
1817 5007 1968 5063 σχη-

322 5074 691 5161 ματιζόμενοι,
753 5079 1020 5144 Ἰουδαίοις
1065 5082 1152 5136 καὶ
1203 5075 1446 5144 ’Ἕλλησι
1490 5074 1614 5155 φίλα
1670 5075 1760 5131 καὶ
1791 5095 1964 5153 προσ-

405 5262 460 5306 ¹⁶
485 5261 658 5325 Joan.
693 5278 755 5336 ν,
783 5259 884 5324 ἓ3.
973 5255 1026 5302 1⁸
1051 5256 1191 5319 Luc.
1227 5271 1286 5327 ι,
1321 5257 1420 5316 16.

409 5431 532 5510 (84)
567 5430 712 5511 Reg.
749 5429 956 5492 tertius
984 5429 1044 5490 in
1069 5423 1337 5505 margine
1361 5441 1536 5484 manu
1559 5421 1730 5503 paulo
1751 5423 1968 5482 recen-

328 5511 480 5574 tiore
507 5511 892 5589 ἓπεγκαλέσας,

419 5592 542 5672 (85)
578 5580 1150 5682 Ῑξι’ρε;(ιυὶιιςιιιεΛοξδεν
1180 5587 1378 5676 ἐκεῖνο,
1417 5585 1577 5682 novit
1610 5581 1786 5682 illitd,
1816 5589 1873 5642 et
1895 5580 1974 5642 ita

330 5663 571 5752 quoque
593 5663 822 5752 legitur
869 5671 926 5730 in
958 5666 1324 5752 C_olbe_rti_n_o,
1359 5666 1460 5752 sed
1481 5663 1742 5752 secunda
1768 5674 1970 5752 manu.

413 5744 544 5833 (8'6)
580 5744 775 5815 Codex
801 5766 956 5812 unus
985 5749 1065 5804 διὸ
1085 5749 1175 5806 τά.
1206 5744 1326 5808 Alii
1347 5745 1466 5806 duo
1498 5744 1628 5802 διότι
1657 5746 1745 5800 καὶ
1775 5745 1861 5805 τά.

2042 4357 2179 4418 tiam
2212 4377 2243 4419 a
2267 4360 2389 4418 Deo
2419 4367 2482 4419 et
2511 4357 2683 4418 Patre
2713 4352 3060 4434 unigenitus
3089 4350 3591 4427 Filius,quantum
3617 4361 3679 4411 et

2038 4448 2284 4508 aliorum
2309 4445 2713 4525 singula.Nam
2736 4443 2893 4526 quod
2909 4441 3244 4519 comparari
3260 4459 3376 4500 non
3398 4438 3676 4520 potest,id

2040 4535 2337 4614 ejusmodi
2360 4546 2545 4616 est,ut
2567 4533 2842 4596 omnibus
2859 4531 3080 4610 pariter
3102 4529 3472 4590 inaccessum
3496 4531 3570 4590 sit
3592 4539 3677 4590 at-

2043 4643 2157 4705 que
2175 4623 2527 4706 impervium
2542 4624 2756 4698 .Quare
2773 4621 3012 4683 siFilius
3031 4637 3065 4680 a
3090 4621 3265 4680 Patre
3285 4636 3452 4697 teque
3475 4618 3675 4692 distat,

2052 4724 2231 4794 atque
2245 4732 2342 4775 res
2361 4714 2762 4794 alim,mqualis
2787 4720 2876 4773 est
2894 4710 2970 4771 iis
2993 4707 3346 4788 quibuscum
3375 4707 3570 4768 abillo
3593 4707 3683 4767 di.

2049 4803 2338 4875 stat.Quid
2358 4803 2536 4883 igitur
2555 4807 2662 4865 hac
2686 4799 3053 4883 blasphemia
3079 4796 3248 4876 pejus
3288 4796 3546 4858 dixerint
3569 4799 3678 4859 Ju-

2050 4893 2159 4956 daei
2183 4893 2208 4953 Υ
2236 4893 2375 4974 quid
2405 4893 2672 4954 deterius
2697 4911 2766 4953 ex
2797 4888 3074 4969 gentibus
3101 4885 3307 4974 audire
3340 4892 3682 4965 possumus?

2049 4985 2174 5046 Nec
2208 4973 2388 5063 pudet
2417 5001 2518 5045 eos
2548 4981 2653 5059 qui
2683 4999 2747 5042 se
2772 4979 3029 5042 Verbum
3067 4975 3169 5036 Dei
3199 4973 3398 5036 colere
3428 4975 3678 5054 ﬁngunt,

2047 5070 2078 5135 J
2085 5071 2273 5135 udteis
2284 5089 2353 5134 ac
2363 5070 2682 5151 gentilibus
2687 5069 2953 5150 jucunda
2965 5069 3321 5131 documenta
3333 5073 3510 5147 atque
3521 5063 3686 5127 fami-

2133 5418 2254 5497 (87)
2292 5418 2541 5482 Codices
2597 5417 2824 5501 aliquot
2877 5421 2969 5478 τὸν
3027 5419 3248 5498 τούτων,
3297 5417 3395 5478 uti
3422 5414 3690 5477 sentiunt

2049 5498 2451 5561 Eunomia-ni.

2060 5581 2264 5717 E‘t61f8n)
2297 5576 2474 5662 Editi,
2513 5583 2568 5640 El
2617 5579 2671 5636 δὲ
2719 5583 2780 5636 τὸ
2837 5579 2980 5648 ἴσον.
3015 5580 3092 5641 At
3123 5596 3265 5639 mss.
3300 5573 3687 5654 antiquiores,

2101 5684 2115 5715 ι
2175 5682 2197 5714 ε
2229 5681 2366 5717 ισον.
