4108 6220
252 280 377 347 573

1340 281 1739 346 ADVERSUS
1783 284 2189 348 EUNOMIUM
2234 287 2382 349 LIB.
2433 286 2509 348 II.

3502 290 3614 353 574

618 718 1091 847 ΠΡΟΣ
1195 718 2129 851 ΕΥΝΟΜΙΟΝ
2226 699 2357 782 (9⁸)
2456 722 3040 854 ΛΟΓΟΣ
3142 729 3281 853 Β.

1754 1016 1904 1067 ΠΕΡΙ
1951 1018 2098 1072 ΥΙΟΥ
2109 1058 2120 1069 .

691 1402 1341 1500 ADVERSUS
1400 1405 2057 1501 EUNOMIUM
2119 1408 2487 1502 LIBER
2532 1409 3172 1510 SECUNDUS

1752 1620 1847 1683 DE
1890 1620 2116 1687 FILIO.

328 1796 388 1856 1.
447 1797 534 1854 Ἐν
608 1800 779 1853 τοίνυν
834 1812 951 1862 τοῖς
1000 1802 1116 1875 περὶ
1172 1808 1303 1857 Θεοῦ
1361 1807 1465 1854 τῶν
1521 1799 1659 1855 ὅλων
1711 1800 1952 1875 λόγοιςΛ

2057 1803 2113 1859 1.
2145 1800 2349 1883 Itaque
2382 1812 2761 1882 posteaquam
2794 1804 2852 1865 in
2886 1807 2957 1867 iis
2992 1827 3139 1886 quos
3172 1808 3247 1869 de
3308 1806 3424 1867 Deo
3480 1807 3619 1866 uni-

242 1887 749 1951 ῦποκατασκευάσας
810 1886 937 1944 ὅσον
985 1886 1196 1943 ἐδύνατο
1256 1889 1371 1961 ,τὰς
1418 1891 1489 1952 εἱς
1532 1891 1623 1943 τὸν
1658 1890 1774 1943 rte.»
1804 1898 1885 1945 τοῦ

1983 1908 2285 1952 versorum
2340 1894 2545 1953 habuit
2593 1894 2972 1956 sermonibus
3004 1896 3356 1975 prmstruxit,
3429 1896 3617 1974 quoad

244 1981 379 2029 Θεοῦ
437 1972 803 2055 ϐλασφημίας,
850 1978 993 2050 αὐτῷ
1037 1977 1223 2033 λοιπὸν
1284 1978 1523 2056 ἐπαφῆκε
1550 1981 1626 2050 τῷ
1650 1984 1890 2053 Μονογε-

244 2077 332 2119 νεϊ
365 2072 479 2134 Θεῷ
522 2067 621 2132 τήν
652 2064 917 2142 γλῶσσαν.
959 2068 1017 2123 Τί
1046 2066 1145 2143 γάρ
1175 2086 1328 2145 φησις

334 2250 486 2304 ΕΥΝ.
544 2244 638 2300 Καὶ
691 2243 775 2307 εἷς
810 2241 949 2306 Υἱός,
1002 2243 1303 2319 Μονογενης
1334 2243 1455 2320 γὰρ,
1490 2244 1605 2318 περὶ
1656 2265 1711 2298 ου
1768 2243 1891 2308 ἐνῆν

246 2330 347 2405 μὲν
391 2332 483 2394 τὰς
544 2340 647 2387 τῶν
700 2332 863 2408 ἁγίων
917 2334 1090 2411 φωνὰς
1140 2332 1524 2408 ἰἰταρςιθέμενονἦ
1562 2330 1729 2387 δι’ὦν
1774 2335 1890 2387 ι’ἷὸν

244 2422 335 2475 καὶ
387 2422 627 2496 γέννημα
687 2424 773 2477 καί
846 2424 1053 2494 ποίημα
1113 2420 1548 2498 καταγγέλλουσι,
1623 2436 1741 2485 ταῖς
1784 2426 1887 2477 τῶν

247 2512 526 2583 ὀνομάτων
584 2508 867 2589 διαφοραῖς
929 2512 1013 2565 καὶ
1084 2511 1181 2575 τὴν
1231 2517 1330 2574 τῆς
1389 2511 1564 2575 οὐσίας
1608 2510 1888 2584 παραλλα-

246 2598 351 2674 γὴν
412 2600 825 2676 ἓμῳανίσαντας,
897 2597 1245 2675 ἀπηλλάχθαι
1303 2596 1585 2675 ⁹ξυροντίδων
1630 2601 1717 2653 καὶ
1761 2621 1891 2675 πρα-

242 2688 486 2762 γμάτων·
535 2684 617 2741 διὰ
675 2687 728 2741 δὲ
778 2688 895 2749 τοὺς
954 2688 1268 2758 σωματικὴν
1326 2688 1420 2752 τὴν
1473 2686 1719 2763 γέννησιν
1747 2689 1886 2742 ὑπο-

243 2774 611 2849 λαμὸάνοντας
645 2824 657 2847 ,
732 2778 820 2831 καὶ
910 2788 1032 2837 ταῖς
1118 2776 1445 2848 ὀμωνυιιίαις
1531 2778 1887 2851 προσπταίον-

240 2886 364 2942 τας,
415 2865 709 2941 ἀναγκαῖον
774 2863 908 2928 ἴσως
963 2865 1051 2919 καὶ
1108 2866 1227 2919 πεοὶ
1276 2864 1478 2918 τούτων
1509 2863 1592 2919 διὰ
1635 2864 1884 2943 βραχέων

241 2955 355 3009 εἷπε
361 2966 414 3009 Iv
426 2999 435 3010 .

324 3050 475 3102 ΒΑΣ.
511 3052 684 3100 Ταῦτα
714 3062 809 3115 μεν
844 3040 965 3120 (99)
998 3044 1025 3096 ὁ
1094 3045 1373 3115 Εὖνομιος.
1424 3042 1568 3118 Ἐγὼ
1609 3040 1689 3121 δὲ,
1716 3045 1757 3098 εἰ
1789 3044 1883 3117 μὲν

241 3130 382 3189 οὕτω
439 3134 547 3211 χρὴ
603 3130 922 3186 διανοεῖσθαι
973 3132 1091 3207 περὶ
1148 3138 1241 3187 τοῦ
1301 3130 1463 3208 λόγου
1535 3134 1753 3205 παντὸς,
1810 3135 1881 3196 ὡς

240 3220 557 3295 πλάσματος
590 3221 684 3276 οἶα
727 3220 780 3276 ἐν
824 3234 941 3282 τοῖς
974 3219 1353 3285 διδασκαλείοις
1385 3226 1482 3286 τῆς
1527 3222 1883 3294 ματαιότητος

241 3313 317 3374 εἰς
378 3309 608 3384 μελέτην
668 3319 761 3367 τοῦ
813 3310 865 3364 ἐν
923 3315 999 3380 τῷ
1039 3311 1301 3383 ψεύσματι
1359 3314 1575 3367 πιθανοῦ
1621 3324 1738 3373 τοῖς
1770 3333 1883 3385 μει-

244 3422 449 3479 ρακιοις
506 3397 863 3477 προϐάλλεται
899 3396 1107 3476 (ἒπειδτ,
1158 3400 1245 3454 ιιαὶ
1298 3397 1682 3474 παραπλησίως
1729 3400 1880 3457 ἐκεί-

242 3512 353 3553 νοις
385 3490 557 3545 πάντα
612 3489 913 3567 σκιαμαχία
970 3488 1247 3564 προσέοικε
1282 3504 1295 3516 ·
1360 3492 1488 3565 πρὸς
1552 3493 1880 3567 κατηγόρους

244 3600 302 3635 τε
334 3579 493 3657 μάχη
520 3578 595 3653 μὴ
625 3580 952 3657 ὑφεστῶτας·
988 3578 1076 3632 καὶ
1103 3576 1361 3652 ἂπολογία
1404 3580 1531 3652 πρὸς
1560 3582 1881 3656 κατηγορίαν

246 3669 304 3725 οὒ
348 3667 773 3745 προρῥηθεϊσανο
832 3668 922 3722 καὶ
971 3664 1129 3742 λόγος
1188 3665 1275 3744 (1)
1309 3667 1437 3745 πρὸς
1482 3669 1728 3730 δικαστὰς
1760 3669 1881 3731 τοῦς

243 3755 473 3831 οὐδαμοῦ
551 3757 924 3834 φαινομένους)
956 3771 970 3787 ⁸
1062 3756 1104 3810 εί
1187 3755 1323 3811 οὔτω
1406 3757 1516 3835 χρὴ
1600 3760 1687 3812 καὶ
1768 3759 1884 3814 τού-

244 3869 352 3903 των
411 3846 619 3902 ἀκούειν
653 3888 667 3915 ,
728 3845 882 3907 αὒτός
934 3865 991 3900 τε
1047 3845 1241 3923 ἀτρίημι
1301 3851 1399 3912 τὴν
1450 3844 1682 3909 ἐξέτασιν
1716 3894 1732 3920 ,
1795 3854 1881 3907 καὶ

244 3936 401 3992 παντὶ
431 3940 671 4010 παραινῶ
718 3932 884 4006 μηδὲν
934 3939 1041 3988 τῶν
1098 3933 1391 4010 εἰρημένων
1421 3936 1875 4013 πεφξεργάζεσθαιο

244 4027 288 4080 εἰ
319 4023 373 4079 δὲ
431 4022 619 4098 μεῖζόν
675 4022 785 4080 ἐστι
838 4024 900 4077 τὸ
953 4021 1291 4099 ἐπάγγελμα,
1350 4026 1437 4080 καὶ
1469 4024 1693 4086 παλλοϊς
1726 4024 1882 4102 γέγο-

246 4135 331 4169 νεν
377 4115 595 4169 ὑπόνοια
651 4110 761 4191 (2),
813 4113 955 4169 εἶναί
983 4133 1099 4166 τινα
1151 4112 1275 4189 παρ’
1320 4114 1461 4187 αὐτῷ
1503 4119 1601 4179 τῆς
1635 4112 1881 4179 ἀληθείας

245 4200 513 4282 φροντίδα,
544 4202 750 4278 ἀνάγκη
793 4207 944 4256 πᾶσα
987 4206 1093 4255 τῶν
1135 4202 1428 4277 εἰρημένων
1487 4200 1706 4258 ἕκαστον
1738 4202 1881 4258 διευ-

1979 1980 2186 2057 potuit,
2225 1983 2282 2041 in
2318 1982 2423 2042 Dei
2474 1982 2685 2042 Filium
2748 1981 3163 2061 blasphemias,
3218 1984 3501 2063 deinceps
3561 1986 3619 2044 in

1977 2070 2167 2147 ipsum
2209 2071 2574 2148 unigenitum
2605 2070 2792 2132 Deum
2827 2073 3091 2135 immittit
3140 2074 3427 2151 linguam.
3464 2072 3616 2145 Quid

1974 2158 2132 2218 enim
2159 2160 2305 2220 dicit
2334 2159 2365 2218 ‘2

2052 2249 2204 2311 EUN.
2246 2248 2317 2309 Et
2351 2268 2501 2309 unus
2534 2248 2736 2310 Filius.
2777 2250 3127 2328 Unigenitus
3180 2252 3364 2331 enim,
3397 2251 3472 2312 de
3502 2271 3618 2330 quo

1973 2346 2311 2397 sanctorum
2345 2356 2517 2399 Voces
2552 2356 2657 2417 per
2685 2357 2831 2416 quas
2860 2338 3074 2400 Filium
3106 2349 3163 2400 et
3193 2340 3528 2417 genituram
3563 2348 3618 2401 et

1974 2434 2308 2485 creaturam
2361 2425 2702 2502 praedicant,
2749 2427 2796 2486 si
2835 2428 3337 2508 protulissemus;
3390 2430 3477 2488 sic
3510 2447 3617 2507 po-

1977 2522 2265 2594 teramus,
2300 2515 2641 2574 substantize
2682 2516 2852 2575 etiam
2888 2517 3231 2577 diversitate
3255 2536 3361 2596 per
3420 2517 3616 2576 nomi-

1977 2620 2115 2662 num
2150 2603 2548 2664 diversitatem
2605 2603 2921 2676 declarata,
2964 2606 3127 2666 curis
3158 2605 3330 2666 liberi
3361 2624 3495 2666 esse
3522 2615 3615 2665 at-

1974 2709 2090 2767 que
2147 2693 2420 2769 negotiis.
2458 2690 2573 2752 Sed
2634 2701 2877 2773 propter
2907 2712 3007 2754 eos
3039 2694 3138 2774 qui
3167 2695 3612 2772 generationem

1968 2798 2317 2859 corpoream
2353 2781 2713 2859 intelligunt,
2750 2791 2807 2841 et
2838 2782 3052 2861 quibus
3099 2802 3272 2843 voces
3328 2784 3616 2859 ambiguae

1970 2876 2109 2929 sunt
2138 2868 2478 2940 offensioni,
2518 2889 2765 2931 necesse
2797 2870 2947 2933 forte
2995 2872 3174 2933 fuerit
3202 2873 3277 2933 de
3307 2872 3381 2933 iis
3436 2874 3611 2933 etiam

1911 2999 1947 3049 Β
1970 2975 2156 3049 pauca
2186 2958 2415 3049 dicere.

2049 3047 2190 3108 BAS.
2227 3046 2361 3108 Haec
2387 3046 2627 3127 quidem
2661 3048 3014 3110 Eunomius.
3048 3048 3173 3127 Ego
3194 3068 3331 3111 vero
3361 3050 3410 3110 si
3443 3069 3613 3129 Opor-

1971 3143 2089 3196 teat
2113 3134 2186 3195 de
2210 3143 2327 3195 tota
2345 3137 2611 3197 oratione
2648 3136 2801 3198 sicut
2824 3136 2898 3198 de
2922 3155 2987 3197 re
3028 3138 3159 3199 ﬁcta
3184 3138 3431 3219 sentire,
3462 3158 3610 3218 qua-

1966 3223 2040 3285 lia
2075 3224 2135 3284 in
2169 3224 2439 3285 vanitatis
2462 3224 2683 3286 scholis
2699 3234 3113 3305 pr0ponuntur
3137 3226 3613 3289 adolescentibus

1965 3313 2035 3374 ad
2071 3314 2578 3387 exercitationem,
2609 3324 2670 3374 ut
2690 3324 2970 3394 appareat
2989 3315 3049 3375 in
3074 3318 3385 3377 mendacio
3410 3317 3613 3377 verisi-

1967 3400 2239 3461 militudo
2272 3402 2601 3481 (siquidem
2631 3410 2692 3462 ut
2714 3402 2830 3463 illis
2854 3403 3161 3481 contingit,
3188 3404 3265 3465 ita
3287 3404 3382 3465 hic
3405 3424 3614 3483 pugnae

1967 3491 2337 3551 adumbratas
2369 3491 2582 3551 similia
2613 3492 2971 3553 suntomnia
3013 3514 3025 3555 :
3084 3512 3277 3572 pugna
3337 3494 3615 3555 videlicet

1969 3588 2175 3639 contra
2205 3589 2580 3640 accusatores
2630 3586 2726 3658 qui
2759 3598 2875 3641 non
2908 3590 3138 3642 exstant
3179 3603 3191 3637 :
3225 3580 3496 3660 apologia
3542 3602 3610 3642 ac

1963 3669 2272 3746 responsio
2305 3668 2376 3727 ad
2426 3668 2860 3729 accusationem
2922 3688 3038 3730 non
3102 3672 3608 3749 praenuntiatam;

1964 3763 2150 3817 oratio
2173 3756 2503 3835 adjudices
2519 3757 2619 3835 qui
2646 3776 2932 3835 nusquam
2953 3762 3325 3838 comparent)
3356 3782 3370 3829 ς
3404 3766 3473 3833 si,
3513 3760 3610 3819 in-

1965 3864 2163 3925 quam,
2199 3855 2256 3905 et
2283 3846 2410 3906 haec
2439 3848 2644 3907 audire
2678 3855 2932 3926 Oportet,
2970 3855 3090 3909 tum
3124 3848 3250 3926 ipse
3281 3848 3358 3908 de
3410 3849 3482 3909 iis
3510 3848 3609 3909 in-

1967 3944 2204 4015 quirere
2237 3935 2467 4007 desino,
2505 3945 2625 3994 tum
2660 3953 2872 3995 omnes
2898 3936 3211 4009 admoneo,
3241 3936 3469 3997 utnihil
3501 3956 3605 3997 eo-

1968 4042 2099 4084 rum
2136 4043 2265 4103 quae
2295 4023 2452 4085 dicta
2481 4036 2640 4104 sunt,
2674 4034 2954 4101 satagant.
2978 4025 3080 4087 Sin
3119 4028 3305 4103 majus
3337 4034 3423 4086 est
3450 4027 3606 4106 quod

1970 4113 2284 4193 promittit;
2320 4123 2377 4173 et
2411 4113 2607 4174 multis
2637 4114 2844 4176 aborta
2875 4122 2963 4175 est
3021 4115 3303 4194 suspicio,
3350 4114 3606 4194 aliquam

1973 4222 2104 4265 esse
2141 4203 2292 4283 apud
2330 4221 2461 4263 eum
2497 4203 2756 4263 veritatis
2800 4222 3023 4283 curam,
3073 4221 3315 4264 necesse
3366 4203 3608 4263 omnino

246 4292 413 4348 θύνειν
446 4292 518 4353 εἷς
574 4288 811 4364 δύναμιν.
876 4288 963 4351 Τίς
1008 4288 1067 4342 ἂν
1117 4289 1205 4343 οὖν
1256 4292 1448 4368 τρόπος
1480 4296 1575 4355 τῆς
1605 4290 1885 4355 ἐξετάσεως

1983 4293 2409 4370 fueritsingula
2466 4294 2605 4352 259
2636 4294 2815 4355 verba
2846 4313 2950 4373 pro
3002 4304 3203 4353 nostra
3236 4293 3385 4354 virili
3448 4302 3608 4371 parte

245 4379 566 4457 δικαιότερος
621 4378 848 4457 γένοιτὸ⁷
908 4381 944 4444 ἢ
998 4391 1116 4441 τοῖς
1157 4375 1439 4454 διδάγμασι
1616 4392 1733 4441 τοῖς
1784 4402 1884 4435 πα-

246 4471 311 4547 ρὰ
342 4472 435 4526 τοῦ
465 4468 769 4543 Πνεύματος
800 4470 935 4542 ἡμῖν
964 4464 1261 4540 δεδομένοις
1290 4470 1379 4522 τὸν
1402 4466 1561 4544 λόγον
1586 4470 1884 4547 συγκρίνον-

245 4580 364 4632 τας,
398 4556 431 4613 ὅ
482 4559 579 4632 μὲν
630 4556 690 4611 ἂν
741 4558 963 4620 ἐκείνοις
1013 4559 1324 4635 συμφωνοῦν
1381 4556 1609 4633 εὕρωμεν
1668 4556 1877 4613 καταδέο

250 4650 461 4727 χεσθαι,
522 4648 599 4721 τῷ
658 4644 712 4701 δὲ
776 4644 1019 4708 ἐναντίως
1095 4644 1275 4724 ἔχοντι
1360 4646 1609 4703 ἀπιστεῖν
1669 4650 1753 4703 καὶ
1811 4649 1883 4711 ὡς

247 4736 438 4814 ἐχθρὸν
481 4736 821 4815 ἀποφεύγεινς

329 4916 386 4981 ἓ.
425 4924 636 4998 Πρῶτον
665 4938 838 4974 τοινυν
868 4926 1044 4971 έκεῖνο
1076 4913 1345 4990 δείκνύτω,
1383 4917 1513 4981 τίνες
1557 4924 1662 4973 τῶν
1720 4919 1881 4996 ἁγίων

334 5102 455 5184 (98)
493 5104 659 5181 Regii
691 5102 920 5184 primus
951 5115 1010 5167 et
1040 5114 1249 5168 sextus
1278 5109 1382 5164 Τοῦ
1410 5108 1566 5163 αὑτοῦ
1597 5103 1755 5182 λόγος
1803 5105 1884 5181 β’,

248 5186 517 5263 ἀνατροπὴ
548 5193 639 5242 τοῦ
673 5188 823 5240 ἀθέου
875 5184 1137 5263 δόγματος
1195 5194 1287 5242 τοῦ
1357 5187 1632 5254 εὐνομία).
1696 5185 1887 5262 Eius-

248 5266 381 5327 dem
410 5264 561 5327 uber
588 5266 909 5344 secundus,
942 5267 1192 5327 Evcrsio
1224 5267 1399 5333 impii
1426 5266 1724 5344 dogmatis
1761 5264 1886 5323 Eu-

248 5347 461 5408 nomii.
500 5347 646 5423 Reg.
682 5348 979 5406 secundus
1032 5354 1135 5402 Τοῦ
1188 5348 1343 5403 αὐτοῦ
1392 5349 1510 5419 περὶ
1555 5348 1671 5402 ΐίοῦ
1730 5344 1886 5421 λόγος

248 5425 507 5503 δεύτερος,
546 5426 838 5502 ἀνατροπὴ,
874 5436 1015 5505 ctc._,
1083 5433 1147 5485 ut
1202 5443 1400 5505 supra.
1445 5423 1639 5485 Editio
1696 5423 1883 5486 Paris

249 5507 377 5564 Κατ’
416 5509 669 5581 Εὖνομίου
702 5514 793 5562 τοῦ
815 5503 1090 5569 δυσσεϐοῦς
1142 5503 1298 5584 λόγος
1329 5505 1402 5582 β’.
1459 5506 1661 5569 Codex
1717 5505 1884 5568 Colb.

247 5595 305 5645 et
330 5588 474 5665 Reg.
512 5586 719 5665 tertius
751 5595 814 5645 ut
842 5584 903 5646 in
935 5594 1232 5665 contextu.

334 5664 457 5749 (99)
487 5664 642 5729 Edili
673 5674 845 5724 Ταῦτα
876 5668 975 5742 μὲν
1010 5665 1119 5727 οὖν.
1154 5664 1279 5727 Vox
1311 5669 1400 5723 οὖν
1422 5665 1483 5726 in
1512 5681 1654 5728 mss.
1685 5666 1878 5729 deest.

1966 4381 2292 4443 confutare.
2330 4380 2467 4451 Quis
2488 4392 2682 4443 autem
2733 4383 3107 4462 expendendi
3143 4383 3350 4443 modus
3392 4381 3610 4461 justior

1968 4470 2164 4543 fuerit,
2191 4488 2367 4550 quam
2398 4470 2445 4528 si
2476 4471 2628 4530 datis
2660 4474 2830 4532 nobis
2862 4491 2894 4532 a
2953 4471 3176 4551 Spiritu
3233 4471 3610 4533 documentis

1971 4562 2187 4622 mentis
2217 4566 2544 4619 orationem
2596 4562 2994 4639 conferentes,
3030 4560 3185 4639 quod
3219 4560 3457 4641 quidem
3496 4560 3610 4621 illis

1969 4667 2294 4712 consonum
2350 4648 2776 4721 invenerimus,
2835 4652 2892 4711 id
2946 4651 3387 4729 suScipiamus:
3451 4649 3607 4727 quod

1967 4757 2111 4801 vero
2157 4738 2231 4799 iis
2288 4736 2652 4812 adversatur,
2719 4741 2773 4801 id
2827 4758 3200 4819 nequaquam
3292 4738 3608 4800 credamus

1966 4838 2147 4909 atque
2173 4837 2234 4889 ut
2262 4825 2569 4887 inimicum
2605 4828 2954 4905 eﬂ'ugiamus
2979 4833 3007 4889 ?

2046 4920 2105 4981 2.
2142 4917 2403 4979 Primum
2427 4915 2626 4996 itaque
2655 4918 2800 4980 illud
2833 4916 3125 4993 ostendat,
3153 4917 3255 4994 qui
3278 4917 3397 4979 sint
3419 4919 3607 4987 sancti

2056 5102 2137 5181 (l)
2172 5101 2367 5165 Codex
2400 5120 2551 5163 unus
2581 5104 2665 5157 ni
2706 5100 2878 5179 λὸγοι.
2906 5099 3025 5161 Alii
3057 5109 3177 5162 tres
3206 5119 3351 5163 mss.
3386 5103 3471 5158 καὶ
3512 5102 3607 5158 λό-

1973 5205 2110 5261 γοις,
2146 5190 2441 5262 corrupte.

2057 5262 2143 5342 (‘2)
2174 5264 2422 5325 Codices
2452 5262 2567 5322 duo
2597 5262 2876 5342 ἐγγέγονεν
2908 5263 3146 5342 ὅπόνοια.

2054 5340 2130 5418 (3i
2162 5343 2541 5423 Antiquiduo
2567 5341 2701 5404 libri
2732 5344 2767 5410 ἢ
2801 5355 2922 5397 τοῒσ
2951 5340 3230 5419 δόγμασιν,
3265 5352 3323 5403 et
3348 5342 3429 5404 ita
3448 5362 3604 5419 quo-

1973 5440 2087 5502 que
2119 5421 2420 5499 legitur—in
2448 5421 2579 5483 aliis
2610 5423 2839 5483 duobus
2870 5438 3039 5484 ωδε..
3076 5423 3179 5483 sed
3212 5424 3271 5483 in
3303 5442 3407 5485 ora
3466 5423 3605 5484 libri

1972 5506 2273 5578 duntaxat,
2309 5505 2367 5563 in
2426 5513 2707 5566 contextu
2764 5519 2904 5564 vero
2964 5503 3245 5582 scriptum
3305 5503 3604 5564 invenitur

1966 5582 2299 5664 διδάγμασις
2352 5602 2526 5663 quam
2582 5584 2847 5647 ultimam
2906 5582 3228 5646 lectionem
3280 5583 3605 5664 praaferunt

1964 5680 2204 5743 quoque
2234 5662 2457 5725 editi’et
2486 5664 2589 5726 alii
2613 5673 2733 5725 tres
2766 5682 2911 5727 mss.
