4072 6200
474 295 589 357 575

1832 298 1891 357 S.
1942 296 2207 357 BASILII
2252 294 2497 359 MAGNI

475 431 574 510 qui
607 430 943 506 genituram
976 437 1034 488 et
1062 428 1347 487 facturam
1381 429 1679 488 tlhristum
1711 431 2066 509 appellarint
2098 430 2106 489 l

2202 430 2439 503 γέννημα
2468 434 2556 486 καὶ
2589 436 2795 504 ποίημα
2824 436 2914 487 τὸν
2949 436 3172 499 Χριστὸν
3217 435 3597 509 προσειρήκασι
3636 455 3653 505 ς

3724 301 3835 363 5'78

3689 437 3837 494 ποίας

472 537 622 595 quas
653 518 1093 595 Scripturarum
1123 535 1297 577 voces
1321 515 1534 577 habeat
1563 518 1633 576 ad
1670 518 2106 580 demonstratio-

2203 516 2318 595 ἔχει
2370 521 2541 597 φωνὰς
2572 527 2675 574 τῶν
2712 524 2926 599 Γρανροῦν
2972 523 3042 580 εἷς
3100 518 3357 584 ἀπόδειξιν
3393 541 3407 599 ;
3450 524 3505 577 Εἰ
3536 523 3635 599 γὰρ
3664 528 3840 597 τῇτοῦ

474 608 657 668 nem?
688 605 834 667 Nam
865 606 913 665 si
949 606 1105 665 beati
1137 605 1296 665 Petri
1332 623 1472 665 voce
1504 625 1635 685 quae
1667 607 1723 667 in
1758 608 1922 670 Actis
1969 628 2117 687 apo-

472 697 758 757 stolorum
791 696 1127 773 conscripta
1158 695 1584 766 est,innititur,
1614 695 1714 756 ubi
1745 697 1911 759 dicit:
1948 696 2118 759 Sciat

472 793 587 843 tota
616 788 793 841 domus
821 785 1007 851 Israel,
1042 787 1185 859 quod
1216 786 1507 841 Dominum
1530 789 1706 858 ipsum
1731 796 1780 845 et
1837 789 2115 846 Christum

469 875 615 951 fecit
651 874 825 946 Deus,
860 873 1022 933 hunc
1051 874 1250 934 Jesum
1276 890 1456 951 quum
1482 891 1585 933 vos
1615 876 2017 950 cruciﬁxistis
2037 872 2109 932 ‘9:

472 964 727 1041 primum
741 962 981 1038 quidem
999 962 1054 1021 id
1072 961 1475 1022 testimonium
1495 964 1969 1024 convenientiam
1987 964 2117 1024 nul-

472 1051 584 1111 lam
617 1051 794 1111 habet
823 1069 957 1111 cum
990 1050 1255 1130 quaesito.
1293 1051 1443 1111 Nam
1477 1060 1849 1111 ostensurum
1884 1070 1949 1113 se
1985 1072 2114 1131 pro-

467 1141 673 1207 fessus,
714 1140 927 1201 Filium
962 1159 993 1199 a
1022 1139 1239 1199 sanctis
1267 1139 1577 1217 facturam
1637 1140 1857 1200 dictum
1913 1142 2115 1220 fuisse,

469 1229 871 1290 testimonium
908 1228 1180 1307 perhibet
1210 1232 1284 1287 de
1322 1230 1443 1289 Deo
1478 1236 1535 1288 et
1568 1229 1935 1309 l’atre,quod
1960 1230 2117 1291 fece-

468 1318 564 1378 rit.
600 1316 726 1377 Non
759 1316 916 1376 enim
945 1316 1089 1376 illud
1122 1315 1362 1395 dixerit,
1414 1316 1591 1376 licere
1644 1316 1778 1389 sibi,
1808 1326 1928 1378 tum
1984 1336 2113 1378 cum

473 1406 547 1467 de
570 1407 739 1465 tantis
763 1404 1151 1465 rebussermo
1172 1404 2112 1486 instituitur,dcrivationesquas-

463 1494 599 1557 dam
623 1512 690 1555 ac
713 1492 1063 1554 variationes
1088 1494 1394 1553 nominum
1422 1498 1777 1571 excogitare.
1798 1495 2113 1557 Enimvero

466 1583 515 1643 si
545 1582 640 1643 vel
673 1582 847 1643 otiosi
878 1582 1044 1643 verbi
1078 1598 1281 1659 pinnas
1311 1582 1370 1640 in
1405 1581 1501 1641 die
1532 1582 1744 1660 judicii
1796 1584 2067 1645 dabimus
2096 1607 2111 1665 ;

468 1672 649 1732 multo
684 1672 878 1732 minus
910 1671 957 1731 si
986 1670 1307 1751 quidquam
1349 1672 1407 1729 in
1440 1674 1617 1731 tantis
1650 1672 1830 1733 rebus
1862 1673 2111 1734 innova-

2202 609 2457 684 μακαρίου
2503 608 2697 686 Πέτρου
2754 616 2904 689 φωνῇ
2962 611 3030 684 τῇ
3061 612 3113 664 εν
3146 623 3271 672 ταῖς
3306 609 3527 687 Πράξεσι
3562 617 3669 666 τῶν
3700 612 3840 667 ἀπο-

2200 694 2401 751 στόλων
2473 698 2917 775 ἀναγεγραμμένῃ
2990 698 3399 778 ἐπιστηρίζοιτο,
3470 699 3586 755 ἔνθα
3661 704 3836 778 φησί·

2200 786 2509 841 Γινωσκέτω
2582 794 2684 849 πᾶς
2763 788 2912 851 οἶκος
2987 785 3223 865 Ἰσραὴλ,
3294 787 3373 842 ὅτι
3438 790 3625 864 Κύριον
3690 792 3838 844 αὐτὸν

2196 875 2281 928 καὶ
2343 878 2565 951 Χριστὸν
2612 876 2860 941 ἐποίησεν
2917 879 2943 931 ὁ
3013 880 3165 945 Θεὸς,
3226 884 3412 933 τοῦτον
3464 879 3553 931 τὸν
3606 877 3839 956 Ἰησοῦν,

2196 964 2252 1016 ὃν
2304 975 2457 1037 υμεϊς
2519 965 2879 1042 ἐσταυρώσατε
2915 982 2927 994 ·
2992 972 3198 1042 πρῶτον
3264 967 3358 1033 μὲν
3435 963 3578 1021 οὐδὲν
3643 967 3840 1022 οἰκεῖον

2198 1052 2310 1130 ἔχει
2371 1054 2445 1124 τῷ
2500 1057 2805 1126 ζητουμένῳ
2862 1056 2895 1121 ἡ
2983 1056 3259 1130 μαρτυρία,
3339 1054 3839 1131 Ἐπαγγειλάμενος

2202 1143 2300 1218 γὰρ
2344 1139 2523 1204 δείξειν
2602 1144 2740 1219 παρὰ
2790 1149 2895 1198 τῶν
2972 1144 3131 1220 ἁγίων
3194 1144 3424 1219 εἰρῆσθαι
3484 1145 3699 1216 ποίημα
3755 1146 3842 1198 τὸν

2204 1232 2342 1307 Υὶὶν,
2398 1231 2494 1297 τὴν
2551 1234 2833 1309 μαρτυρίαν
2891 1232 3183 1311 παρέξεται
3243 1235 3359 1303 περὶ
3417 1240 3509 1287 τοῦ
3559 1240 3693 1290 Θεοῦ
3752 1234 3837 1288 καὶ

2203 1322 2424 1396 ῐΙιτρὸς,
2464 1319 2543 1374 ὅτι
2602 1321 2870 1387 ἐποίησεν,
2929 1324 3000 1379 Ob
3042 1324 3141 1399 γὰρ
3207 1320 3381 1377 ἐκεῖνό
3438 1343 3495 1398 γε
3557 1321 3616 1377 ἂν
3667 1321 3836 1392 ε’ἶποι,

2200 1406 2280 1462 ὅτι
2312 1408 2504 1472 ἔξεστιν
2535 1411 2675 1482 αὐτῷ
2719 1410 2772 1464 ἐν
2823 1424 2941 1474 τοῖς
2986 1414 3100 1486 περὶ
3144 1416 3248 1465 τῶν
3293 1412 3623 1476 τηλικούτων
3657 1408 3839 1487 λόγοις

2200 1499 2519 1574 παραγωγάς
2566 1521 2709 1556 τινας
2754 1502 2840 1555 καὶ
2896 1502 3487 1578 παρασχημαστισμοὺς
3550 1507 3656 1555 τῶν
3713 1502 3837 1554 ὀνο-

2201 1586 2381 1657 μάτων
2440 1586 2672 1641 ἐπινοεῖν
2892 1589 2946 1643 Εἰ
2995 1588 3093 1665 γὰρ
3142 1590 3225 1643 καὶ
3272 1588 3434 1664 ἀργοῦ
3493 1586 3656 1662 λόγου
3688 1588 3837 1641 εἰσω-

2200 1696 2288 1736 νας
2344 1673 2596 1751 ὑφέξομεν
2626 1678 2681 1729 ἒν
2723 1676 2896 1752 ἡμέρᾳ
2934 1675 3029 1741 τῆς
3061 1676 3304 1752 κρίσεως,
3338 1676 3372 1741 ἦ
3408 1676 3507 1730 πού
3537 1697 3597 1751 γε
3628 1678 3693 1730 τὸ
3728 1678 3839 1750 περὶ

467 1780 618 1836 mus,
652 1760 709 1821 id
746 1760 917 1821 nobis
946 1762 1093 1821 citra
1128 1777 1359 1838 poenam
1411 1759 1771 1823 remittetur.
1841 1761 2106 1823 Fortasse

2200 1764 2302 1817 τῶν
2344 1762 2675 1828 τηλικούτων
2725 1778 3065 1838 καινοτομεῖν
3124 1764 3394 1819 ἀνεύθυνον
3441 1766 3577 1837 ἡμῖν
3630 1765 3837 1843 ἀφεθή-

467 1852 624 1912 enim
649 1850 794 1911 illud
821 1849 1060 1928 quidem
1087 1859 1363 1928 tanquam
1397 1858 1865 1911 consentaneum
1892 1850 1966 1911 de
1990 1854 2113 1913 Deo

465 1949 522 2000 et
557 1943 724 1999 Patre
752 1937 895 2009 dici,
934 1957 967 1997 a
1009 1938 1210 1998 divina
1268 1936 1573 2016 Scriptura
1603 1938 1796 1999 edocti
1854 1958 2058 2000 sumus
2096 1959 2109 2001 :

464 2029 578 2089 hoc
605 2046 744 2087 vero
773 2046 888 2087 non
918 2031 1241 2088 convenire
1260 2024 1854 2104 Unigenito,Spiritus
1876 2037 2113 2089 sanctus

463 2116 698 2177 silendo
721 2114 1322 2187 ostenditQuomodo
1346 2115 1522 2193 igitur
1546 2123 1731 2174 tutum
1761 2115 2114 2190 fuerit,voce

462 2204 988 2278 Fecitimmutata,
1047 2209 1459 2263 universorum
1492 2204 1773 2265 factorem
1824 2205 2108 2267 facturam

465 2293 696 2356 dicere?
726 2293 966 2355 Etenim
999 2292 1048 2353 si
1079 2292 1400 2373 appellatio
1433 2293 1726 2372 ejusmodi
1757 2296 1809 2355 ei
1835 2296 2111 2356 conveni-

463 2393 581 2456 ret,
608 2385 809 2464 utique
829 2401 947 2444 non
969 2383 1176 2443 fuisset
1202 2382 1599 2461 prtetermissa
1621 2402 1654 2443 a
1680 2381 1905 2463 Spiritu
1934 2386 2111 2445 silen-

464 2471 565 2535 tio.
600 2474 665 2535 In
695 2471 983 2533 creaturis
1014 2471 1254 2552 quidem
1290 2471 1624 2551 reperimus
1656 2490 1689 2533 a
1724 2473 1903 2534 verbo
1936 2474 2109 2535 Fecit

464 2561 836 2641 desumptam
863 2563 1076 2623 luissse
1093 2561 1331 2623 facturas
1354 2561 1810 2640 appellationem
1845 2583 1857 2624 :
1880 2568 1938 2623 in
1964 2562 2106 2623 Fiiio

460 2660 658 2712 autem
686 2650 793 2713 Dei
819 2670 936 2712 non
956 2651 1123 2713 item.
1165 2649 1236 2711 In
1254 2652 1565 2729 principio
1582 2652 1741 2711 enim
1782 2651 1946 2713 Deus
1975 2653 2112 2729 fecit

463 2740 667 2802 calum
686 2748 745 2801 et
766 2739 1158 2803 terram2°.Et
1176 2758 1382 2800 rursus
1406 2757 1420 2801 :
1450 2739 1521 2799 In
1533 2741 1793 2816 facturis
1816 2757 2114 2802 manuum

461 2840 707 2890 turrum
723 2828 1131 2891 meditabar?“
1144 2878 1157 2891 .
1176 2830 1265 2895 Et.
1290 2828 1618 2890 Enimvero
1632 2838 1918 2908 qnwsunt
1956 2832 2113 2891 trivi-

460 2918 669 2981 sibilia
684 2918 778 2979 illi
786 2937 954 2991 us,ea:
966 2924 1274 2980 creatione
1289 2919 1521 2991 mundi,
1538 2918 1683 2980 dum
1712 2937 1826 2999 per
1841 2922 2112 2998 facturas

462 3008 873 3083 innotescunt,
885 3006 1426 3087 perspiciuntur“.
1449 3006 1548 3067 Sic
1563 3006 1868 3083 Scriptura
1900 3008 1959 3069 in
1977 3010 2113 3090 qui-

463 3095 576 3157 bus
599 3105 1007 3177 opportunum
1043 3106 1133 3158 est
1167 3114 1459 3176 usurpans
1503 3097 1615 3156 hoc
1646 3115 1890 3167 nomen,
1926 3099 1983 3158 id
2036 3099 2106 3165 de

2200 3098 2366 3170 ήμασι
2439 3094 2692 3166 νοούμενα
2780 3096 3081 3170 καθορᾶται.

464 3186 713 3246 Domino
742 3194 943 3245 nostro
967 3184 1341 3246 etSalvatore
1361 3183 1500 3245 Jesu
1535 3182 1789 3259 Christo,
1820 3197 2101 3265 tanquam

460 3273 663 3352 gloriae
687 3278 815 3352 ejus
842 3276 1212 3354 majestatem
1245 3273 1401 3335 haud
1419 3273 1661 3340 decens,
1691 3272 1960 3334 obticuit.
1987 3275 2102 3338 Sed

460 3371 657 3424 tamen
676 3364 993 3437 etasciam,
1022 3372 1078 3423 et
1100 3363 1364 3442 lapidem
1388 3362 1824 3439 angularem,et
1847 3363 2104 3444 lapidem

463 3451 827 3516 offensionis,
864 3460 921 3512 et
953 3460 1175 3531 petram
1208 3450 1495 3523 scandali,
1551 3466 1608 3513 ct
1630 3453 1757 3513 aliis
1814 3453 2107 3531 ejusmodi

460 3540 826 3616 nominibus,
860 3542 918 3601 in
949 3540 1167 3621 quibus
1200 3560 1318 3602 non
1344 3541 1594 3603 multum
1621 3540 1858 3602 videtur
1909 3542 2108 3606 inesse

462 3628 676 3709 laudis,
715 3631 805 3703 iis,
842 3629 944 3708 qui
976 3630 1285 3690 nominum
1319 3629 1815 3709 signiﬁcationem
1853 3650 1970 3692 non
2001 3651 2105 3693 as-

458 3725 808 3797 sequuntur,
838 3717 1153 3778 Dominum
1174 3718 1376 3794 gloriae
1404 3718 1709 3797 appellere
1726 3738 1843 3779 non
1863 3720 2105 3782 erubes-

458 3806 643 3879 cit;at
688 3811 995 3887 [ucturum
1037 3825 1328 3887 nusquam
1361 3807 1607 3868 omnino
1653 3808 1998 3871 nominavit.
2029 3810 2104 3871 At

458 3913 598 3957 vero
624 3897 720 3957 hic
744 3916 811 3957 ac
834 3897 980 3977 ipsis
1002 3897 1223 3957 sanctis
1244 3897 1357 3957 hoc
1390 3914 1456 3957 se
1498 3895 1757 3958 nominis
1801 3898 2106 3975 accepisse

457 3984 562 4058 ait,
598 3995 660 4046 ut
692 4005 808 4046 non
841 4003 979 4047 suos
1010 3984 1199 4046 solum
1231 3985 1513 4065 aequales,
1546 3986 1649 4046 sed
1668 3996 1905 4048 sanctos
1927 3988 2100 4048 etiam

459 4073 563 4150 qui
593 4074 734 4135 olim
767 4074 1029 4154 fuerunt,
1062 4072 1375 4138 calumniis
1405 4074 1528 4135 suis
1558 4075 1830 4138 insolvat.

536 4345 596 4404 3.
623 4339 844 4402 Vornm
874 4348 1263 4421 prmtarquam
1295 4340 1451 4421 quod
1502 4339 1576 4401 ob
1612 4341 1942 4421 periculum
1979 4362 2097 4405 non

2199 1872 2365 1908 σεται.
2403 1852 2556 1929 Τάχα
2588 1853 2686 1929 γάρ
2718 1874 2815 1907 που
2846 1854 2906 1908 τὸ
2955 1853 3051 1926 μὲν
3079 1854 3173 1925 (5)
3202 1855 3274 1913 ὡς
3323 1854 3521 1929 πρέπον
3563 1851 3649 1907 ἐπὶ
3712 1859 3841 1907 Θεοό

2197 1941 2283 1994 καὶ
2342 1942 2544 2015 [ἰατρὸς
2620 1939 2859 2017 λέγεσθαι
2927 1940 3068 2017 παρὰ
3141 1950 3233 1998 τοῦ
3300 1942 3438 1996 θείου
3490 1938 3837 2015 δεδιδαγμεθα

2196 2028 2354 2104 λόγου
2384 2045 2399 2059 ⁸
2453 2032 2513 2083 τὸ
2558 2027 2612 2083 δὲ
2670 2033 2767 2106 οὐχ
2831 2030 3056 2106 ἁρμόζον
3103 2033 3177 2101 ’ᾧ
3209 2030 3505 2105 Μονογενεῖ
3534 2027 3598 2083 δι’
3631 2030 3713 2084 ὧν
3742 2030 3838 2084 ἁπ-

2196 2118 2462 2183 εσιώπησε
2521 2120 2582 2172 τὸ
2631 2119 2839 2191 Πνεῦμα
2878 2120 2938 2173 τὸ
2995 2117 3145 2195 ἅγιον
3194 2117 3505 2181 ἒνεδείξατο,
3564 2124 3685 2182 Ηώς
3747 2120 3835 2174 οὖν

2196 2205 2430 2284 ἀσφαλὲς
2513 2206 2636 2276 τὴν,
2734 2204 3012 2275 Ἰεὶποίησε,
3089 2206 3269 2285 φωνὴν
3357 2205 3837 2283 μεταρρυθμίζοντα

2196 2295 2280 2369 (6)
2341 2296 2544 2368 ποίημα
2576 2294 2749 2372 λέγειν
2804 2297 2892 2350 τὸν
2944 2297 3174 2361 ποιητὴν
3234 2300 3338 2348 τῶν
3387 2293 3574 2373 ’ἅλω-ις
3625 2296 3682 2350 Εἰ
3740 2298 3837 2373 γὰρ

2194 2383 2415 2461 ἔπρεπεν
2461 2387 2601 2457 αὐτῷ
2657 2385 2983 2461 προσηγορία
3034 2386 3276 2455 τοιαύτη,
3332 2386 3427 2439 οὒκ
3459 2382 3519 2437 ἂν
3553 2384 3835 2451 ἑσιωπὴθη

2192 2476 2333 2549 παρα
2389 2483 2479 2531 τοῦ
2541 2474 2866 2544 Πνεύματος.
2930 2470 3079 2528 Ἀλλ’
3150 2472 3232 2527 ἐπὶ
3291 2472 3386 2543 μὲν
3454 2477 3553 2537 τῆς
3612 2475 3832 2533 κτίσεως

2820 2557 3097 2637 Ἐποίησε,
3184 2562 3282 2627 τὴν
3367 2567 3459 2615 τοῦ
3531 2562 3833 2633 ποιήματος

2195 2650 2553 2726 προσηγορίαν
2616 2647 3035 2725 μεταλεφθεῖσαν
3075 2664 3088 2677 ⁸
3162 2648 3247 2702 ἐπὶ
3301 2646 3353 2701 δὲ
3407 2650 3499 2702 τοῦ
3558 2650 3670 2702 ι’ἱου
3745 2656 3835 2703 τοῦ

2197 2746 2327 2795 Θεοῦ
2385 2737 2476 2814 (7)
2532 2737 2725 2792 οὒκετι.
2790 2735 2879 2791 ἰιῖν
2934 2736 3083 2815 ἀρχῇ
3150 2738 3249 2812 γὰρ
3304 2736 3550 2801 ἐποίησεν
3607 2740 3633 2790 ὁ
3703 2739 3832 2798 Θεὸς

2196 2829 2287 2883 τὸν
2329 2828 2543 2904 οὐρανὸν
2601 2828 2687 2881 καὶ
2772 2831 2870 2889 τὴν
2942 2831 3044 2901 γῆν
3080 2846 3091 2858 ·
3169 2826 3255 2880 καὶ
3315 2824 3515 2880 πάλιν⁹
3569 2825 3657 2881 Ἐν
3720 2840 3835 2889 τοῖς

2194 2915 2459 2991 ποιήμασι
2512 2916 2617 2970 τῶν
2668 2915 2865 2993 χειρῶν
2918 2935 3010 2969 σου
3086 2913 3352 2987 ἐμελέτων
3390 2930 3403 2943 ⁸
3438 2917 3547 2992 καὶ,
3604 2918 3679 2970 Τα
3740 2914 3829 2991 (8)

2196 3006 2296 3084 γὰρ
2354 3005 2550 3084 ἀόρατα
2608 3006 2763 3059 αὐτοῦ
2812 3006 2916 3059 ἀπὸ
2987 3004 3203 3065 κτίσεως
3262 3004 3464 3077 κόσμου
3532 3017 3649 3066 τοῖς
3705 3026 3833 3059 ποι-

3172 3090 3348 3155 Οὕτως
3434 3090 3515 3171 ἐφ’
3574 3094 3647 3147 ὦν
3720 3092 3831 3147 ἐστι

2196 2560 2410 2639 εὕρομεν
2468 2562 2574 2616 ἀπὸ
2625 2569 2739 2633 του,

2189 3186 2459 3268 χρήσιμον
2518 3185 2579 3237 τὸ
2632 3182 2796 3257 ὄνομα
2856 3179 3336 3258 παραλαμϐάνουσα
3393 3184 3426 3247 ἡ
3484 3184 3689 3259 Γραυὴ,
3746 3183 3831 3238 ἐπὶ

2189 3286 2281 3333 τοῦ
2342 3273 2528 3349 Κυρίου
2587 3273 2741 3347 ᾑμῶν
2784 3274 2873 3327 καὶ
2928 3276 3174 3348 Σωτῆρος
3219 3270 3398 3336 ἰησοῦ
3456 3275 3683 3347 Χριστοῦ
3708 3272 3828 3349 (9),

2190 3368 2261 3425 ὡς
2320 3362 2378 3417 οὗ
2409 3362 2609 3435 πρέπον
2641 3367 2716 3435 τῷ
2758 3359 3022 3436 μεγαλείῳ
3053 3363 3150 3427 τῆς
3192 3357 3369 3429 δόξης,
3416 3360 3825 3437 παρεσιὼπησε.

2244 3462 2262 3469 ~
2359 3453 2377 3482 ι
2434 3450 2503 3485 ’ς’
2694 3451 2712 3481 :
2858 3452 2871 3472 κ
3107 3448 3144 3481 ν.
3637 3451 3647 3464 ~
3730 3452 3739 3471 ν

2192 3464 2295 3511 Νυν
2325 3450 2380 3506 δε.
2424 3472 2599 3516 α,ινην
2649 3473 2748 3525 μιν
2790 3472 2875 3505 και
2911 3449 3047 3505 λίθον
3100 3461 3505 3525 αιιρογωνιαϊον,
3564 3471 3652 3503 και
3685 3448 3830 3505 λιὸον

2190 3540 2630 3616 προσκόμματος,
2681 3540 2768 3593 καὶ
2820 3538 3015 3616 πέτραν
3076 3536 3390 3609 σκανδάλου,
3451 3540 3534 3593 καὶ
3604 3546 3828 3594 τοιαῦτα

2188 3630 2338 3709 ἕτερα
2369 3628 2423 3684 ἐν
2453 3628 2542 3690 οἷς
2571 3628 2628 3684 οὔ
2671 3628 2804 3683 πολὺ
2843 3626 2992 3685 δοκεῖ
3040 3628 3101 3683 τὸ
3131 3628 3367 3706 εὒιρημον
3399 3627 3545 3682 εἶναι
3578 3640 3699 3689 τοῖς
3746 3629 3825 3701 μὴ

2188 3718 2615 3793 καθικνουμένας
2646 3723 2743 3783 τῆς
2795 3719 3059 3792 σημασίας
3109 3723 3215 3773 τῶν
3245 3717 3540 3795 ὀνομάτων,
3569 3718 3662 3771 τὸν
3714 3718 3828 3774 K6-

2188 3830 2297 3881 ριον
2353 3814 2451 3875 τῆς
2507 3805 2661 3873 δόξης
2734 3808 3142 3884 προσαγορεύειν
3213 3808 3307 3861 οὒκ
3394 3805 3778 3884 ἐπαισχύνεται
3810 3822 3824 3835 ⁸

2188 3899 2395 3970 ποίημα
2451 3894 2505 3951 δὲ
2560 3893 2789 3969 οὖδαμοῦ
2831 3898 2892 3949 τὸ
2918 3896 3167 3971 παράπαν
3195 3894 3461 3960 ὠνόμασε.
3515 3895 3702 3950 Καίτοι
3765 3916 3827 3971 γε

2187 3990 2333 4050 οὗτος
2391 3984 2513 4065 παρ’
2574 3986 2744 4043 αὐτῶν
2804 3982 3072 4063 εἰληφέναι
3158 3989 3261 4038 τῶν
3324 3984 3485 4058 ἁγίων
3546 3985 3605 4037 τὸ
3658 3982 3827 4055 ὄνομα

2188 4084 2339 4132 τοῦτο
2396 4096 2579 4154 φησιν,
2639 4073 2732 4128 ’ίνα
2794 4086 2914 4134 ταῖς
2956 4073 3320 4151 συκοφαντίαις
3366 4072 3443 4145 μὴ
3502 4072 3661 4146 μόνον
3692 4072 3826 4150 (10)

2184 4166 2307 4227 τοὺς
2340 4162 2456 4219 κατ’
2502 4164 2656 4218 αὐτὸν
2701 4159 2984 4241 περιϐάλῃ,
3033 4161 3167 4220 ἀλλὰ
3204 4165 3439 4224 καὶτοὺς
3473 4159 3643 4217 πάλαι
3691 4162 3827 4216 ποτὲ

2182 4253 2496 4331 γενομένους
2528 4253 2703 4330 ἁγίους
2716 4297 2729 4311 .

2262 4344 2322 4405 3,
2370 4341 2540 4400 ’Ἄνευ
2570 4341 2624 4397 δὲ
2675 4348 2761 4397 τοῦ
2802 4342 2878 4414 μὴ
2910 4344 3108 4418 χρῆναι
3140 4337 3226 4393 διὰ
3257 4341 3315 4393 τὸ
3348 4336 3674 4395 ἐπικίνδυνον
3703 4352 3824 4401 τοῖς

456 4440 696 4510 Oportet
717 4431 854 4492 talia
872 4434 1318 4509 auilere,neque
1342 4430 1573 4491 Domini
1599 4431 1881 4491 nominaa
1904 4432 2100 4511 seipsu

2200 4434 2439 4496 τοιούτοις
2470 4431 2786 4509 ἓπιτολαᾷν,
2823 4432 2909 4485 καὶ
2951 4430 3015 4484 τὰ
3057 4436 3149 4484 τοῦ
3193 4427 3313 4506 (li)
3371 4428 3554 4505 Κυρίου
3586 4430 3827 4485 ὀνόματα

456 4522 876 4582 transformare
911 4543 923 4576 :
965 4530 1250 4601 prieterea
1283 4538 1355 4579 ne
1388 4519 1515 4597 ipsa
1549 4520 1788 4598 quidem
1822 4523 2094 4602 Apostoli

2200 4522 2301 4596 παρ’
2334 4522 2518 4578 ἑαυτοῦ
2572 4519 2959 4596 μεταπλὰττειν
2992 4533 3006 4547 ·

3069 4518 3142 4573 ἔτι
3196 4516 3309 4574 οὒδέ
3358 4520 3391 4584 ἦ
3424 4524 3513 4573 τοῦ
3545 4518 3825 4574 Ἀποστά-

461 4609 1006 4671 sententiaexhibet
1020 4609 1191 4670 nobis
1205 4628 1334 4671 eam
1352 4606 1649 4686 Unigenili
1670 4630 1805 4689 qua:
1822 4620 1955 4671 ante
1978 4629 2093 4673 ste-

2200 4634 2271 4667 .0u
2302 4613 2501 4668 διάνοια
2532 4616 2630 4678 την
2690 4612 2791 4688 πρὸ
2835 4610 3021 4671 αἰῶνος
3081 4609 3368 4663 ὑπόστασιν
3423 4616 3516 4663 τοῦ
3578 4613 3825 4684 Μονογε-

538 4769 591 4812 ¹9
619 4770 750 4832 Act.
785 4788 847 4846 ιι,
879 4769 978 4834 36.
1064 4770 1122 4820 90
1144 4768 1292 4832 Gen.
1319 4786 1363 4841 ι,
1395 4770 1453 4832 1.

539 4930 641 5010 (4)
668 4932 816 5010 Reg.
852 4940 1097 5012 quartus
1128 4931 1189 4993 in
1242 4930 1506 5008 margine
1547 4932 1817 5007 ὀνομάτων
1872 4933 2098 5010 ἐπικρα-

460 5025 574 5067 τεῒν

539 5090 626 5166 (d)
651 5089 775 5152 Hoc
804 5090 951 5151 dicit
980 5088 1234 5150 Basilius
1268 5106 1282 5151 :
1313 5088 1617 5167 Scriptura
1642 5107 1774 5152 cum
1823 5089 1899 5150 de
1930 5088 2101 5152 Patre

456 5187 796 5231 sermonem
823 5172 1215 5244 habet,verbo
1239 5171 1381 5246 fecit
1404 5171 1677 5243 utitur,ut
1702 5170 1969 5231 ostendat
1988 5170 2100 5231 hoc

451 5248 696 5310 verbum
731 5252 889 5313 Patri
922 5261 1195 5331 tanquam
1228 5268 1426 5311 rerum
1474 5252 1742 5313 omnium
1801 5251 2091 5312 conditori

451 5336 768 5390 convenire
794 5350 808 5391 :
834 5341 1199 5402 contra,cum
1229 5331 1303 5392 de
1332 5331 1476 5391 Filio
1502 5332 2092 5411 loquitur,nunquam

455 5426 658 5491 vocem
686 5412 947 5491 facturae
969 5421 1233 5491 usurpat,
1261 5420 1321 5471 ut
1343 5413 1666 5472 doceamur
1686 5412 1743 5471 id
1769 5430 1984 5472 nomen
2012 5412 2091 5490 ei,

453 5490 551 5570 qui
577 5490 799 5572 pariter
820 5508 1017 5572 rerum
1042 5493 1315 5552 conditor
1332 5501 1442 5568 est,
1467 5512 1584 5552 non
1604 5496 2093 5572 congruere.An-

454 5570 600 5652 tiqui
624 5580 878 5652 quatuor
910 5571 1043 5631 libri
1090 5575 1244 5652 Τάχα
1302 5575 1400 5650 γαρ
1427 5595 1526 5629 που
1582 5576 1642 5627 τὸ
1906 5572 2086 5649 λόγου,

450 5638 820 5711 τὸ’δὲ.Ἐδτὶιί
855 5656 1000 5732 ταχα
1030 5655 1128 5742 γὰρ
1173 5638 1337 5709 ’τοῦτο
1600 5652 1783 5731 λόγου,
1833 5638 1995 5708 τοῦτο¹
2039 5654 2092 5708 δὲ

452 5729 577 5792 Hoc
608 5731 738 5810 ipso
762 5731 826 5791 in
856 5729 985 5793 loco
1025 5729 1167 5793 editi
1219 5740 1279 5792 et
1316 5730 1433 5791 duo
1464 5748 1607 5793 mss.
1660 5729 1777 5811 οὐχ’
1819 5733 2083 5809 ἁρμόζειν.

1538 4767 1587 4810 ’ί
1616 4768 1776 4831 Psal.
1803 4787 1975 4843 cxui,
2012 4772 2071 4834 5.
2163 4771 2217 4820 1‘3
2248 4770 2420 4833 Rom.
2457 4786 2499 4845 1,
2523 4770 2624 4832 20.

2183 4930 2299 4993 Alii
2329 4930 2595 5011 quinque
2626 4948 2767 4991 mss.
2790 4932 2906 5011 0-31
2935 4928 3186 5007 ἁρμόζον,

2265 5005 2365 5089 (6]
2422 5005 2583 5072 Εόῖιί
2642 5005 3170 5087 μεταρρυθμίζοντας.
3230 5005 3476 5083 Antiqui
3525 5022 3627 5066 sex
3684 5006 3827 5068 libri

2184 5092 2681 5169 μεταῤῥσθμίζοντα,
2715 5090 3001 5168 quomoda
3031 5095 3223 5149 tutum
3252 5089 3439 5165 fuerit
3468 5089 3526 5169 ei
3581 5089 3691 5165 qui
3745 5105 3828 5149 ex

2184 5172 2365 5234 verbo
2393 5171 2536 5231 fecit
2564 5188 2764 5232 vocem
2793 5171 3033 5230 [θείω-ω
3062 5168 3495 5230 concinnavit?

2262 5252 2353 5330 (Ἰ)
2379 5250 2499 5330 Alii
2531 5260 2622 5308 τοῦ
2656 5253 2775 5330 Υἱου
2804 5253 2891 5306 καὶ
2922 5258 3072 5309 Θεοῦ.

2256 5326 2344 5404 (8)
2376 5329 2533 5391 Edili
2561 5333 2649 5388 καὶ
2684 5329 2842 5387 πάλιν
2871 5330 2957 5391 τὰ.
2991 5327 3245 5389 Codices
3274 5326 3437 5388 multi
3458 5327 3547 5384 καὶ
3567 5327 3656 5386 τὰ.

2257 5412 2344 5489 (9)
2368 5409 2520 5471 Editi
2558 5413 2742 5489 Κυρίου
2799 5412 2887 5467 καὶ
2958 5414 3208 5488 Σωτῆρος
3263 5409 3419 5481 ἡμῶν
3474 5407 3671 5473 Ἰησοῦ.
3745 5405 3828 5466 Δί

2178 5510 2319 5552 mss.
2358 5492 2439 5550 uti
2474 5492 2531 5550 in
2562 5499 2865 5551 contextu.

2258 5572 2386 5647 (10)
2420 5569 2562 5652 Rrg.
2599 5582 2844 5652 quartus
2874 5572 2950 5645 μὴ
2986 5573 3195 5646 μόνους.

2258 5646 2382 5730 (Η)
2430 5646 2581 5713 Εώιὶ
2618 5646 2956 5724 ’ἐπιτολμᾶη
3022 5654 3157 5707 κατα
3208 5656 3318 5708 του.
3395 5646 3638 5725 Antiqui
3696 5655 3820 5707 tres

2176 5732 2313 5793 libri
2342 5732 2657 5813 ὲπιτολμᾳν,
2692 5735 2779 5788 καὶ
2822 5731 2887 5787 τὰ
2909 5754 3023 5811 του,
3056 5737 3240 5792 recte.
