4072 6200
267 340 375 404 581

1387 342 1784 407 ADVERSUS
1833 346 2237 410 EUNOMIUM
2289 347 2428 411 LIB.
2476 345 2547 410 Il.

3522 361 3639 425 582

267 481 548 554 Μονογενῆ
583 476 844 554 λεγούσης
878 500 1111 553 ποιημα,
1147 480 1241 536 οὐκ
1299 478 1360 534 ἂν
1419 479 1736 560 ἑκεκώφωτο
1786 478 1881 560 (26

1995 496 2110 558 quo
2146 477 2495 558 Unigenitus
2521 478 2744 541 factura
2766 480 3297 562 diceretur,nonne
3310 488 3433 567 jam
3458 508 3630 554 aures

272 567 423 641 ἡμῶν
454 564 557 635 ἤδη
590 568 656 622 τὰ
683 570 795 624 ὦτα
854 566 1353 645 περιθρυλλούμενα.
1411 570 1552 626 Εἶτά
1613 593 1767 652 φησι,
1828 569 1911 626 διὰ

264 656 388 717 τσὺς
444 656 757 731 σωματικὴν
810 657 908 724 τὴν
984 658 1227 735 γέννησιν
1286 658 1756 734 ὑπολαμϐάνοντας
1822 668 1912 717 τοὺ

266 744 479 824 Κυρίου,
538 747 625 802 καὶ
686 760 809 808 ταῖς
887 749 1214 821 ὁμωνυμίαις
1271 751 1685 826 προσπαίοντας,
1744 750 1910 826 ἀναγ-

262 846 419 890 καῖον
450 834 592 909 αὗτῷ
615 836 702 890 καὶ
744 836 862 913 περὶ
906 841 1103 892 τούτων
1176 837 1319 893 εἶναι
1378 837 1459 894 διὰ
1523 840 1770 917 βραχέων
1832 842 1910 894 εἷ-

262 936 412 985 πεῐν,
456 926 631 981 Καίτοι
671 928 716 979 τί
766 924 988 1005 ἐκώλυε,
1044 940 1165 989 ταῖς
1223 930 1283 982 ἒκ
1340 928 1443 984 τῶν
1500 929 1717 1007 Γραφῶν
1770 951 1910 1007 μαρσ

261 1016 459 1089 τυρίαις
504 1016 594 1069 τὸν
628 1012 787 1092 λόγον
856 1016 1040 1071 ἑαυτοῦ
1098 1018 1528 1092 πιστωσάμενον,
1605 1016 1768 1080 οὕτως
1827 1018 1912 1073 ἐπὶ

1994 576 2211 629 nostra.)
2246 570 2338 630 his
2364 570 2724 631 clamoribus
2745 573 3250 636 circumsonantes
3273 579 3626 643 obsurduis~

1996 657 2177 718 sent?
2206 658 2434 720 Deinde
2456 662 2535 720 ait
2568 678 2814 721 necesse
2838 663 2948 723 sibi
2978 682 3106 723 esse
3135 677 3378 745 propter
3402 688 3503 729 eos
3525 674 3623 751 qui

1997 765 2345 827 corpoream
2396 748 2630 809 Domini
2689 751 3131 827 generationem
3181 748 3630 835 ἰηιθΗίευηιξει

1997 834 2214 912 quibus
2237 855 2409 898 voces
2424 837 2717 917 ambiguae
2734 850 2869 899 sunt
2892 842 3310 918 oifensioni,de
3334 834 3426 907 his
3449 834 3623 911 etiam

1996 922 2254 986 breviter
2267 927 2618 988 dicere.Sed
2639 928 2779 1006 quid
2796 938 2923 989 veta
2936 929 3053 1003 bat,
3066 933 3291 994 ﬁrmata
3309 935 3628 1016 Scriptum

1996 1016 2350 1075 testimoniis
2372 1021 2641 1077 oratione
2656 1035 2783 1090 sua,
2807 1018 2887 1078 ita
2915 1019 3155 1079 demum
3175 1023 3247 1081 ad
3271 1024 3625 1089 debiliorum

259 1100 356 1169 τήν
388 1100 668 1181 διόρθωσιν
699 1110 803 1158 τῶν
834 1104 1218 1182 ἀσθενεστέρων
1275 1105 1468 1180 ἐλθεῖν,
1539 1108 1625 1163 καὶ
1696 1109 1791 1173 τὴν
1850 1107 1881 1162 ἐπ

1992 1104 2472 1166 emendationem
2506 1105 2998 1186 accedere,atque
3022 1118 3207 1170 ortam
3242 1130 3312 1171 ex
3338 1112 3629 1194 ambiguis

256 1190 354 1258 τῆς
387 1192 696 1265 ὁμωνυμίας
739 1191 940 1268 βλάϐην
998 1197 1497 1275 παραμδθήσασθαι,
1560 1194 1615 1251 εἶ’
1672 1219 1751 1260 τις
1807 1196 1881 1276 ἔρε

1988 1192 2232 1255 vocibus
2265 1194 2593 1274 perniciem
2612 1196 2963 1265 emollire,si
2985 1216 3101 1273 qua
3132 1208 3328 1261 tamen
3365 1190 3623 1279 unquam

258 1280 445 1358 γέγονέ
487 1282 618 1337 ποτέ
650 1303 785 1338 τισιν
815 1283 848 1350 ἢ
896 1284 1177 1360 γενήσεται
1213 1303 1228 1359 ;
1284 1286 1369 1347 Τίς
1431 1286 1530 1363 γάρ
1590 1286 1726 1342 οὕτω
1764 1308 1881 1341 παν·

1990 1281 2094 1342 ulli
2115 1283 2332 1343 accidit
2352 1291 2454 1342 aut
2472 1284 2878 1356 accidet?Quis
2902 1292 3059 1345 enim
3080 1286 3167 1346 sic
3190 1291 3432 1351 omnino
3461 1313 3624 1355 men-

256 1367 426 1456 τελῶς
455 1371 699 1447 σάρκινος
730 1370 859 1451 (27)
894 1374 990 1439 τὴν
1049 1370 1302 1446 διάνοιαν,
1376 1376 1464 1429 καὶ
1520 1376 1673 1430 θείων
1728 1373 1881 1453 λόγωε

1989 1378 2043 1431 te
2078 1373 2331 1433 carnalis
2358 1382 2469 1452 est,
2491 1382 2549 1433 et
2579 1373 2657 1432 ita
2689 1373 3018 1434 divinarum
3053 1373 3493 1456 Scripturarum
3528 1403 3628 1443 ru-

257 1455 499 1537 ἅπειρος,
536 1459 696 1530 ὥστε,
754 1462 959 1517 ἀκούων
1019 1462 1159 1527 θείας
1214 1461 1535 1542 γεννάσεως,
1613 1465 1744 1541 πρὸς
1803 1466 1881 1520 τὰς

1986 1461 2100 1532 dis,
2140 1471 2225 1540 ιιι,
2262 1461 2459 1522 divina
2506 1463 2890 1538 generatione
2923 1465 3148 1545 audita,
3182 1455 3255 1527 ad
3307 1488 3625 1549 corporeas

255 1550 567 1621 σωματικὰς
643 1551 1026 1628 καταφέρεσθαι
1106 1552 1418 1630 φαντασίας,
1498 1552 1553 1607 ἐν
1610 1556 1699 1619 αἶς
1754 1575 1881 1629 cup.-

1981 1547 2268 1627 imagines
2298 1549 2685 1625 deferatur,in
2710 1550 2925 1630 quibus
2956 1570 3310 1629 congressus
3336 1547 3541 1618 sitviri
3567 1570 3624 1621 et

254 1636 433 1703 πλοκῆ
463 1638 559 1713 μὲν
593 1637 804 1716 ἅῤῥενος
834 1641 963 1717 πρὸς
991 1641 1052 1695 τὸ
1081 1638 1236 1720 θῆλυ,
1299 1640 1518 1707 κύσησις
1579 1640 1632 1697 δὲ
1682 1644 1736 1699 ἓν
1791 1646 1881 1717 μή·

1982 1638 2271 1709 mulieris,
2296 1639 2610 1719 conceptio
2634 1639 2694 1699 in
2728 1648 2919 1712 utero,
2950 1644 3625 1727 conformatio,conligu-

253 1748 375 1806 τρᾳ,
427 1730 512 1783 καὶ
563 1725 864 1802 διάπλασις,
929 1730 1017 1784 καὶ
1074 1730 1369 1809 μόρφωσις,
1430 1733 1517 1788 καὶ
1576 1745 1692 1795 τοῖς
1764 1736 1881 1788 καθ-

1983 1728 2154 1802 ratio,
2189 1746 2255 1789 ac
2286 1727 2502 1788 debitis
2535 1729 2905 1806 temporibus
2936 1748 3283 1819 progressus
3306 1734 3362 1793 in
3398 1725 3622 1799 lucem?

251 1818 440 1885 ήκουσι
494 1817 710 1896 χρόνοις
770 1815 986 1896 πρόοδος
1034 1820 1106 1882 εἷς
1167 1821 1227 1874 τὶ,
1283 1818 1381 1884 ἔξω
1429 1823 1547 1898 (28)
1589 1837 1604 1895 ;
1640 1821 1727 1885 Τίς
1759 1822 1881 1877 οὕτο

1980 1817 2122 1887 Quis
2154 1817 2302 1878 adeo
2329 1816 2654 1893 belluinus,
2682 1827 2766 1891 ut,
2793 1820 2930 1878 dum
2965 1813 3334 1881 audit'Deum
3364 1824 3619 1887 Verbum

249 1903 555 1979 κτηνώδης,
584 1906 744 1982 ὥστε,
779 1908 982 1963 ἁκούων
1010 1910 1138 1964 Θεὸν
1186 1909 1357 1987 Λόγον
1391 1910 1449 1965 ἐκ
1507 1918 1637 1967 Θεοῦ
1695 1911 1894 1989 προελ-

249 1994 431 2069 θόντα,
466 1995 672 2053 ἀκούων
705 1994 758 2051 δὲ
808 1997 990 2075 σοφίαν
1040 1997 1098 2053 ἐκ
1154 2000 1282 2054 Θεοὺ
1340 2002 1709 2079 γεννηθεῖσαν,
1766 2003 1893 2079 πρὸς

251 2084 318 2139 τὰ
361 2085 608 2158 σώματος
641 2086 783 2151 πάθη
808 2098 922 2151 τοῖς
954 2085 1237 2164 λογισμοῖς
1270 2090 1618 2145 καταπίπτειν
1655 2110 1671 2165 ;

331 2172 390 2236 6,
416 2172 587 2235 Ἀλλὰ
628 2176 897 2234 καὶτοῦτο
946 2177 1082 2250 μετὰ
1141 2182 1246 2231 τῶν
1305 2176 1481 2234 ἄλλων
1555 2179 1894 2258 εὐπρόσωπον

246 2266 391 2336 αὐτῷ
445 2268 640 2344 σχῆμα
688 2271 794 2320 τῶν
845 2264 1020 2343 λόγων
1065 2265 1424 2341 ἐπινενόηται,
1482 2270 1557 2333 ὡς
1612 2274 1709 2337 τῆς
1764 2272 1894 2347 πρὸς

244 2354 368 2416 τοὺς
455 2353 733 2419 ἀσυνέτους
791 2356 895 2409 τῶν
952 2353 1189 2435 ἀδελφῶν
1256 2355 1653 2435 εὔσπλαγχνὶας
1720 2357 1894 2413 ἕνεκεν

243 2443 336 2499 τὸν
367 2443 533 2499 κόπον
569 2448 667 2509 τῆς
700 2442 829 2522 (29)
880 2440 1215 2509 διδασκαλίας
1247 2443 1425 2501 δοκεῖν
1484 2445 1888 2525 καταδέχεσθαι,

248 2534 347 2589 Καὶ
378 2533 470 2595 τὰς
502 2532 599 2607 μὲν
663 2530 782 2609 (30)
837 2535 1145 2607 σωματιιὰς
1215 2534 1482 2613 ὑπονοίας,
1545 2537 1636 2600 τὰς
1682 2537 1767 2591 ἐπὶ
1824 2543 1891 2610 τῇ

244 2622 574 2699 προσηγορίᾳ
624 2622 790 2697 ταύτῃ
838 2622 1205 2701 ἐγγινομένας,
1271 2626 1642 2703 ἐπανορθοῦται
1712 2623 1885 2692 δῆθεν⁸

242 2712 346 2766 τᾶσ
380 2708 435 2766 δέ
464 2711 636 2767 ἐκτοῦ
692 2713 898 2788 ποὶημα
956 2714 1046 2767 τὸν
1112 2714 1297 2791 Κύριον
1358 2714 1701 2789 ὀνομάζεσθαι
1751 2715 1889 2791 βλά-

238 2796 338 2864 ϐας
363 2800 421 2857 οὔ
450 2813 813 2879 παραιτεῖται,
848 2802 1029 2858 Καίτοι
1062 2799 1089 2856 ὅ
1138 2823 1198 2881 γε
1240 2800 1363 2880 (31)
1416 2804 1728 2875 σωματικήν
1800 2810 1888 2861 εἴ-

241 2911 325 2944 ναι
369 2891 468 2952 την
502 2890 748 2965 γέννησιν
777 2890 1191 2972 φανταζόμενος,
1226 2894 1253 2947 ὁ
1313 2894 1467 2954 αὗτός
1536 2892 1596 2949 ἂν
1656 2896 1739 2949 καὶ
1804 2898 1889 2952 Eni.

236 2981 360 3044 τοὺς
389 2978 598 3043 ὑλικοὺς
659 2986 758 3048 τῆς
811 2982 1081 3050 ποιήσεως
1126 2985 1350 3059 τρόπους
1402 2983 1741 3062 ὑπενεχθείη.
1818 2988 1890 3042 Οὐ

1981 1923 2049 1965 ex
2085 1905 2203 1969 Deo
2236 1906 2551 1985 prodiisse,
2574 1913 2749 1985 atque
2802 1925 2873 1966 ex
2904 1906 3027 1967 Deo
3059 1910 3315 1985 genitam
3350 1930 3481 1973 esse
3514 1935 3617 1976 sa—

1980 1995 2282 2074 pientiam,
2317 1996 2387 2057 ad
2423 2012 2742 2074 corporeus
2771 1996 3017 2056 affectus
3058 1999 3414 2075 cogitatione
3449 2003 3616 2065 dela-

1980 2082 2154 2146 batur
2179 2086 2203 2143 Υ

2061 2174 2117 2234 6.
2156 2172 2271 2235 Sed
2307 2174 2434 2234 haec
2465 2191 2705 2253 quoque
2760 2192 3029 2253 speetosa
3074 2174 3388 2238 verborum
3430 2182 3619 2243 forma

1979 2263 2116 2321 242
2136 2282 2252 2323 uno
2286 2282 2417 2323 cum
2451 2262 2582 2322 aliis
2614 2263 2668 2323 ei
2704 2264 3033 2341 excogitata
3060 2274 3166 2344 est,
3194 2276 3279 2345 ut,
3306 2268 3380 2328 ob
3405 2289 3617 2349 quam-

1978 2351 2111 2410 dam
2146 2370 2285 2430 erga
2315 2351 2623 2430 imperitos
2651 2351 2861 2411 fratres
2887 2359 3489 2438 commiserationem,
3527 2362 3615 2420 la-

1977 2438 2275 2501 boriosam
2311 2441 2466 2501 hanc
2496 2440 2753 2502 docendi
2787 2442 3148 2519 provinciam
3181 2448 3518 2524 suscepisse
3543 2452 3621 2509 vi-

1976 2532 2207 2592 deatur.
2237 2530 2309 2590 Et
2340 2546 2657 2609 corporeas
2688 2530 2927 2609 quidem
2975 2532 3348 2610 suspiciones
3381 2554 3515 2615 qua:
3548 2557 3616 2599 ex

1976 2620 2085 2679 hac
2114 2618 2509 2698 appellatione
2540 2618 2915 2693 oboriuntur,
2944 2621 3182 2697 corrigit
3212 2623 3441 2686 scilicet
3468 2643 3480 2687 :
3510 2629 3615 2689 sed

1974 2707 2327 2768 detrimenta
2351 2725 2580 2787 ea,quaa
2595 2706 2671 2768 ob
2704 2707 2946 2768 factura}
2978 2728 3194 2770 nomen
3218 2712 3469 2775 Domino
3495 2716 3611 2776 im-

1980 2797 2232 2874 positum
2259 2806 2600 2870 nascuntur,
2634 2815 3007 2877 nequaquam
3035 2800 3310 2862 evitat.Et
3339 2820 3477 2863 vero
3510 2824 3614 2882 ge-

1979 2893 2343 2947 nerationem
2378 2903 2731 2964 corpoream
2758 2904 2888 2947 esse
2913 2888 3016 2963 qui
3039 2890 3235 2949 animo
3261 2892 3611 2973 lingit,idem

1977 2976 2181 3055 utique
2199 2978 2268 3036 ad
2297 2974 2635 3037 materiales
2668 2976 2845 3036 etiam
2875 2976 3142 3037 factionis
3166 2980 3375 3040 modos
3403 2983 3611 3046 deduci

237 3069 341 3146 γὰρ
384 3066 554 3137 δήπου
586 3072 845 3148 μερισμὸν
877 3068 971 3143 μέν
1000 3091 1117 3125 τινα
1161 3071 1247 3125 καὶ
1296 3068 1622 3145 μετάστασιν
1653 3075 1739 3129 καὶ
1789 3074 1881 3150 ῥύ-

1977 3066 2215 3144 poterit.
2239 3064 2361 3125 Nec
2393 3064 2551 3125 enim
2579 3065 2958 3144 partitionem
2986 3068 3320 3147 quampiam
3349 3078 3404 3129 et
3431 3081 3613 3133 trans-

238 3179 325 3213 σιν
348 3164 446 3233 τῇς
490 3165 580 3214 τοῦ
610 3166 898 3236 γεννῶντος
929 3158 1105 3222 οὐσίας
1143 3157 1273 3238 (32)
1302 3159 1361 3216 ἐκ
1385 3166 1484 3227 τῆς
1551 3164 1731 3239 φωνῆς
1790 3171 1881 3219 τοῦ

1974 3155 2111 3214 itum
2145 3164 2243 3214 aut
2267 3155 2512 3226 ﬂuxum,
2542 3153 2643 3229 qui
2670 3172 2739 3214 ex
2762 3157 3102 3233 generantis
3124 3159 3452 3219 substantia
3478 3161 3601 3241 liat,

238 3247 427 3325 γεννᾷν
497 3250 523 3302 ὁ
596 3249 814 3316 ἀσθενὴς
866 3248 1125 3318 ἐννοήσει·
1186 3248 1317 3316 ὕλην
1369 3248 1422 3305 δὲ
1481 3250 1663 3315 ἔξωθεν
1689 3251 1748 3306 ἐκ
1793 3260 1881 3309 τοῦ

1974 3243 2039 3316 is,
2069 3243 2167 3323 qui
2191 3242 2502 3303 imbecillis
2524 3251 2713 3317 est,ex
2745 3244 3069 3318 generandi
3104 3263 3242 3303 voce
3274 3246 3607 3328 intelliget;

234 3338 316 3411 μη
344 3336 491 3401 ὄντος
536 3338 929 3416 εἰσενεχθεῖσαν
960 3340 1033 3401 εἷς
1086 3338 1200 3412 τὴν,
1250 3341 1323 3401 ὡς
1368 3341 1523 3414 ὑμεῖς
1574 3363 1729 3421 φατε,
1792 3350 1881 3399 τοῦ

1974 3334 2271 3393 materiam
2303 3349 2442 3393 vero
2468 3349 2596 3411 qua:
2628 3332 2995 3393 extrinsecus
3020 3352 3086 3392 ex
3112 3334 3297 3394 nihilo
3318 3339 3387 3394 ad
3408 3337 3601 3399 factu-

231 3426 542 3500 ποιήματος
605 3427 917 3501 ὅπόστασιν,
973 3425 1367 3501 ὑπολαμϐάνειν
1438 3430 1533 3485 οὒκ
1581 3430 1881 3510 ὲναχθήσε-

1974 3442 2071 3502 rae,
2108 3431 2169 3483 ut
2199 3441 2299 3482 vos
2331 3421 2549 3496 dicitis,
2574 3422 3044 3482 constituendam
3082 3423 3472 3485 substantiam
3498 3432 3607 3489 ad-

230 3537 346 3577 ται,
408 3516 555 3579 Τίνος
613 3517 700 3572 οὖν
751 3515 925 3572 ἕνεκεν
983 3517 1046 3572 τὰ
1104 3515 1493 3595 ἀρρωστήματα
1550 3526 1654 3576 τῶν
1727 3520 1881 3599 λογι-

1974 3521 2134 3574 vecta
2164 3512 2260 3591 sit,
2295 3530 2413 3571 non
2442 3511 2771 3572 adducetur
2800 3520 2863 3570 ut
2893 3513 3087 3571 animo
3140 3514 3456 3593 concipiat.
3491 3522 3609 3579 Cur

231 3610 387 3679 σμῶν
416 3610 521 3660 τῶν
566 3603 805 3685 ἀδελφῶν
877 3606 927 3671 ἐξ
984 3606 1230 3680 ἡμισείας
1282 3608 1449 3681 ἰᾶται,
1503 3610 1589 3663 καὶ
1637 3612 1741 3664 τῶν
1780 3633 1881 3666 σωη

1974 3603 2149 3681 igitur
2178 3602 2599 3679 cogitationum
2652 3601 3010 3680 :egritudini,
3044 3621 3161 3677 qua
3186 3602 3400 3663 fratres
3434 3607 3605 3667 labu-

231 3693 469 3767 ματικὴν
496 3695 592 3762 τὴν
658 3696 905 3772 γέννησιν
958 3693 1081 3774 (33)
1142 3693 1625 3771 ὑπολαμϐαιόντων
1683 3697 1878 3773 ἐπιμε-

1974 3704 2126 3764 rant,
2155 3690 2349 3752 media
2381 3709 2450 3751 ex
2472 3700 2637 3768 parte
2664 3693 3025 3763 medetur,et
3048 3710 3249 3752 eorum
3279 3695 3607 3776 quicurpo-

228 3781 513 3857 λούμενος,
546 3784 667 3845 τοὺς
710 3790 780 3860 τῇ
808 3787 1137 3862 προσηγορίᾳ
1198 3795 1291 3843 τοῦ
1346 3787 1650 3860 ποιήματος
1714 3808 1872 3859 περι-

228 3874 517 3936 πταίοντας
552 3880 806 3952 παρορᾷ,
837 3872 974 3931 ’Ὅτι
1030 3876 1089 3929 τὸ
1135 3874 1230 3949 μὲν
1295 3879 1636 3953 γεγεννῆσθαι
1703 3876 1874 3932 διολέ-

228 3985 355 4038 μιον
386 3961 505 4045 οἶδε
548 3976 664 4028 τοῖς
715 3961 970 4041 δόγμασιν
1029 3964 1235 4043 ἑαυτοῦ,
1296 3972 1387 4021 τοῦ
1415 3964 1756 4043 γεννηθέντος
1789 3968 1874 4022 οἱ-

224 4054 383 4116 κείως
439 4051 587 4131 ἔχειν
645 4052 943 4131 ὀφείλοντος
1019 4054 1230 4117 πάντως
1288 4057 1375 4111 καὶ
1452 4054 1874 4133 ἀπαραλλάκτως

226 4143 361 4219 πρὸς
416 4142 506 4197 τὸν
565 4143 913 4219 γεννήσαντα·
974 4144 1035 4198 τὸ
1091 4142 1144 4198 δὲ
1214 4145 1537 4211 πεποιῆσθαι
1587 4144 1737 4225 φίλον
1788 4147 1874 4201 καὶ

226 4233 520 4311 σύμμαχον
553 4244 674 4296 ταῖς
705 4233 895 4289 ἑαυτοῦ
916 4232 1214 4309 ὑποθέσεσι,
1239 4231 1322 4290 διὰ
1353 4236 1413 4290 τὸ
1448 4232 1728 4313 ἀλλοτρίου
1760 4232 1873 4307 (34)

1957 3800 2120 3844 ream
2155 3779 2597 3858 generationem
2633 3779 2988 3859 intelligunt,
3017 3792 3291 3861 suscepta
3321 3802 3601 3859 cura,eos

1959 3872 2175 3953 quibus
2204 3870 2444 3930 facturae
2475 3868 2793 3947 appellatio
2829 3871 3138 3930 offensioni
3175 3882 3285 3950 est,
3313 3876 3585 3952 negligit?

1960 3961 2254 4034 Quoniam
2274 3960 2386 4019 hoc
2411 3959 2958 4037 quidem,geuitum
2979 3960 3259 4033 esse,suis
3283 3964 3470 4039 ipsius
3492 3965 3597 4024 do-

1959 4051 2251 4129 gmatibus
2272 4048 2627 4109 contrarium
2655 4048 2974 4119 novit,cum
3008 4050 3241 4127 genitus
3260 4068 3393 4110 cum
3415 4052 3589 4128 geni-

1964 4148 2090 4200 tore
2110 4140 2426 4218 conjuncte
2449 4138 2692 4197 omnino
2706 4156 2772 4197 ac
2787 4139 2934 4197 citra
2952 4139 3351 4200 diversitatem
3372 4141 3592 4204 habere

1956 4249 2022 4292 se
2053 4228 2294 4304 debeat;
2323 4226 2467 4288 illud
2502 4228 2897 4305 vero,/uctum
2931 4244 3279 4301 essc,causze
3298 4233 3587 4293 suaeami-

306 4390 430 4472 (96)
464 4390 717 4453 Codices
776 4400 897 4453 tres
948 4395 1175 4469 ποίημα,
1208 4392 1302 4448 κᾶν
1362 4394 1701 4472 ἐκεκώφωτο,
1737 4392 1866 4454 sine

1974 4392 2131 4469 ingat
2159 4398 2255 4449 aut
2282 4388 2681 4472 partitionem,
2709 4397 2813 4472 aut
2848 4388 3178 4472 transitum,
3212 4391 3583 4472 autaliquem

222 4480 365 4532 nota
381 4470 1079 4553 interrogationis,etiam
1101 4493 1177 4534 au
1186 4491 1277 4535 res
1294 4481 1516 4536 nostrae
1531 4470 1871 4536 obsurduit-

222 4560 379 4613 sent.

337 4632 437 4715 27)
463 4632 716 4715 μείων
742 4635 805 4695 in
835 4634 1107 4713 margine
1166 4632 1337 4713 Regii
1367 4634 1560 4714 quarti
1590 4636 1861 4715 σαρκικός,

219 4792 271 4847 ἶ,
312 4710 431 4792 (ἳὸ)
461 4710 617 4774 Editi
647 4718 719 4779 εἷς
781 4717 846 4771 τὰ
893 4710 1010 4781 ἕξιιῖ.
1047 4716 1125 4775 At
1186 4710 1328 4776 mss.
1388 4710 1669 4795 quatuor
1701 4718 1772 4780 εἷς
1804 4720 1864 4773 τὸ

248 4815 342 4847 ςω.

248 4815 342 4858 ςω.

308 4872 433 4957 (29)
452 4873 652 4957 Codex
674 4892 830 4936 unus
852 4877 942 4931 τὸν
966 4878 1164 4933 σκοπὸν
1190 4882 1309 4951 τῆς,
1326 4878 1699 4957 propositum
1725 4894 1862 4939 con-

213 4953 549 5033 siliumque
580 4954 854 5017 docendi.

303 5032 631 5117 t30)_’Illud,
665 5039 751 5092 καὶ
785 5038 876 5117 τᾲς
901 5036 1022 5117 μέν,
1049 5043 1188 5112 etc.,
1226 5035 1449 5117 dictum
1481 5045 1569 5097 est
1600 5055 1707 5117 per
1728 5037 1858 5097 iro-

213 5113 408 5185 niam,
434 5113 542 5175 hac
573 5115 909 5177 sententia:
940 5113 1123 5187 Quasi
1149 5134 1287 5178 vero
1317 5113 1645 5178 Eunomius
1668 5119 1851 5190 timet,

216 5212 315 5275 ne,
351 5196 754 5277 generationis
784 5195 980 5256 audito
1031 5204 1297 5271 nomine,
1328 5198 1601 5277 corporei
1632 5198 1854 5276 aliquid

212 5274 664 5367 exeogitemusn;
691 5295 803 5367 nec
826 5286 1021 5367 tamen
1044 5287 1283 5338 veretur
1312 5274 1525 5367 li‘ilium
1541 5274 1855 5367 facturam

210 5355 552 5437 nominare.
608 5356 851 5419 Scilicet
881 5355 1030 5417 Filio
1087 5359 1370 5419 convenit
1397 5360 1584 5437 magis
1634 5376 1854 5418 nomen

210 5435 482 5513 facturae,
503 5455 691 5517 quam
744 5438 1178 5516 generationis.

298 5515 552 5598 (31))Sic
583 5536 726 5580 mss.
755 5515 1031 5598 plerique
1082 5536 1310 5580 omnes.
1345 5516 1502 5579 Editi
1536 5518 1779 5595 Καίτοιγε
1806 5520 1859 5578 ὁ.

206 5596 345 5659 M0!
376 5597 518 5659 editi
550 5601 699 5660 οὗτος
731 5596 792 5653 ἂν
839 5596 952 5662 mi:
991 5603 1065 5661 At
1122 5600 1239 5660 duo
1302 5616 1444 5659 mss.
1508 5602 1535 5654 ὁ
1583 5601 1739 5661 αὐτὸς
1797 5600 1860 5653 ἂν

1984 4468 2057 4533 ει(
2075 4473 2414 4548 generantis
2434 4468 2757 4527 substantia
2781 4468 3021 4539 fluxum,
3056 4470 3231 4539 is,ubi
3266 4468 3481 4532 nomen
3507 4476 3585 4534 fa-

1953 4563 2134 4614 cturae
2164 4550 2440 4619 audierit,
2468 4550 2649 4607 multu
2678 4549 2860 4625 magis
2893 4550 3244 4623 excogitabit
3277 4552 3579 4615 materiam

1950 4634 2205 4712 aliquam
2227 4647 2302 4712 ex
2330 4630 2929 4712 nihilosumptmn,qex
2954 4648 3067 4708 qua
3092 4634 3382 4690 constabit
3405 4635 3584 4693 factu-

1948 4708 2189 4773 rafVos
2221 4711 2417 4787 igitur,
2436 4710 2537 4785 qui
2564 4712 2636 4768 de
2674 4708 2817 4770 Filio
2841 4710 3150 4787 loquentes
3173 4729 3316 4771 voce
3342 4714 3581 4773 facturae

1945 4792 2207 4871 utimini,
2232 4809 2341 4851 nec
2367 4801 2559 4871 tamen
2583 4792 2983 4867 generationis
3006 4791 3249 4852 nomine
3272 4793 3349 4851 uti
3384 4794 3579 4868 vultis,

1947 4874 2162 4935 minori
2195 4869 2349 4931 malo
2384 4869 2708 4952 medemini
2736 4888 2964 4942 eorum,
2994 4871 3093 4949 qui
3114 4890 3462 4951 corpoream
3484 4895 3579 4952 ge-

1946 4954 2316 5016 nerationem
2340 4950 2709 5010 comminisci
2749 4962 2998 5029 possunt
3025 4972 3036 5011 :
3064 4952 3166 5010 sed
3193 4950 3357 5012 vobis
3384 4950 3575 5015 studio

1947 5054 2069 5097 non
2100 5043 2211 5113 est,
2240 5030 2431 5110 majus
2456 5031 2675 5115 malum
2704 5048 2912 5115 curare
2936 5048 3164 5115 eorum,
3194 5034 3423 5115 quisibi
3449 5054 3575 5115 per-

1943 5112 2205 5178 suadere
2228 5121 2493 5193 possunt,
2525 5112 2909 5171 substantiam
2938 5112 3068 5173 Filii
3090 5130 3160 5171 ex
3191 5113 3376 5174 niliilo
3407 5112 3573 5175 suin-

1944 5206 2101 5281 Dial“
2138 5213 2293 5281 εἶδε·
2462 5272 2495 5281 ..
2796 5272 2801 5281 ι
3027 5272 3119 5281 .

2026 5276 2151 5355 (33)
2184 5274 2328 5355 Reg.
2364 5272 2571 5355 tertius
2621 5294 2715 5337 την
2747 5272 2971 5355 γένεσι-ε.
3008 5272 3122 5330 Alii
3152 5290 3251 5332 sex
3286 5292 3433 5335 mss.
3476 5278 3573 5343 τὴν

1943 5352 2210 5435 γέννησιν.
2244 5354 2406 5415 Idem
2467 5353 2649 5411 codex
2708 5352 3188 5424 ὺπολαμόανόντων
3241 5358 3574 5431 προνοούμε-

1946 5460 2059 5500 νος.

2037 5516 2159 5594 (34)
2196 5512 2324 5588 Illa,
2363 5511 2446 5567 διὰ
2478 5515 2533 5566 τὸ
2566 5511 2878 5594 ,ἀλλοτρίοὴ
2915 5520 3056 5591 etc.,
3094 5513 3249 5573 dicta
3300 5527 3437 5575 sunt
3468 5518 3577 5577 ltuc

1949 5591 2297 5660 sensuildeo
2324 5592 2651 5655 Eunomius
2673 5591 2928 5652 libenter
2948 5610 3087 5652 voce
3108 5594 3349 5655 facturae
3372 5598 3571 5670 utitur,

206 5677 319 5737 καί.
1100 5756 1146 5759 ι
1262 5757 1272 5759 Α
1700 5758 1703 5759 ν
1950 5677 2111 5759 quod,
2156 5694 2276 5759 suae
2308 5673 2574 5759 opinioni
2622 5675 3577 5759 faveatpatrocineturque._Nam

300 5756 564 5843 (32)«Ho_c
596 5758 743 5843 dicit
761 5757 1060 5843 Basilius:
1092 5756 1151 5843 S_i
1176 5757 1866 5843 qu_i_s,generationisau-
1951 5754 2151 5843 omnis
2179 5757 2402 5817 factura
2421 5754 2678 5843 alienum
2703 5754 2984 5841 quiddam
3016 5764 3174 5843 estet
3198 5754 3579 5843 peregrinum

200 5837 341 5902 ditu
373 5840 639 5915 nomine,
668 5838 744 5901 ob
768 5838 997 5918 ingenii
1021 5834 1497 5901 imbecillitatem
1527 5841 1642 5902 sibi
1665 5839 1867 5901 animo
1952 5857 1993 5902 ι
2019 5839 2294 5909 faciente,
2327 5853 2435 5895 uec
2466 5834 2816 5909 intelligitur
2840 5840 3167 5894 naturalem
3200 5837 3422 5897 habere
3449 5854 3583 5897 cum
