  <div class='ocr_page' id='page_1' title='image "/cluster/home/n/w/nwhite01/storage/ocr_20150623/29/hvd.32044054128665/717.png"; bbox 0 0 4072 6200; ppageno 0'>
   <div class='ocr_carea' id='block_1_1' title="bbox 449 277 569 345">
    <p class='ocr_par' dir='ltr' id='par_1_1' title="bbox 449 277 569 345">
     <span class='ocr_line' id='line_1_1' title="bbox 449 277 569 345; baseline 0.008 -1"><span class='ocrx_word' id='word_1_1' title='bbox 449 277 569 345; x_wconf 81' lang='lat'><strong>583</strong></span> 
     </span>
    </p>
   </div>
   <div class='ocr_carea' id='block_1_2' title="bbox 1807 283 2484 351">
    <p class='ocr_par' dir='ltr' id='par_1_2' title="bbox 1807 283 2484 351">
     <span class='ocr_line' id='line_1_2' title="bbox 1807 283 2484 351; baseline -0.003 -1"><span class='ocrx_word' id='word_1_2' title='bbox 1807 288 1867 350; x_wconf 91' lang='lat' dir='ltr'><strong>S.</strong></span> <span class='ocrx_word' id='word_1_3' title='bbox 1916 286 2193 350; x_wconf 87' lang='lat' dir='ltr'><strong>BASILII</strong></span> <span class='ocrx_word' id='word_1_4' title='bbox 2238 283 2484 351; x_wconf 86' lang='lat' dir='ltr'><strong>MAGNI</strong></span> 
     </span>
    </p>
   </div>
   <div class='ocr_carea' id='block_1_3' title="bbox 3722 287 3843 352">
    <p class='ocr_par' dir='ltr' id='par_1_3' title="bbox 3722 287 3843 352">
     <span class='ocr_line' id='line_1_3' title="bbox 3722 287 3843 352; baseline 0 0"><span class='ocrx_word' id='word_1_5' title='bbox 3722 287 3843 352; x_wconf 74' lang='grc'><strong>584</strong></span> 
     </span>
    </p>
   </div>
   <div class='ocr_carea' id='block_1_4' title="bbox 451 412 2088 501">
    <p class='ocr_par' dir='ltr' id='par_1_4' title="bbox 451 412 2088 501">
     <span class='ocr_line' id='line_1_4' title="bbox 451 412 2088 501; baseline 0.003 -23"><span class='ocrx_word' id='word_1_6' title='bbox 451 433 588 478; x_wconf 87' lang='lat' dir='ltr'><strong>cum</strong></span> <span class='ocrx_word' id='word_1_7' title='bbox 621 432 692 480; x_wconf 88' lang='lat' dir='ltr'><strong>ac</strong></span> <span class='ocrx_word' id='word_1_8' title='bbox 719 412 1143 489; x_wconf 83' lang='lat' dir='ltr'><strong>subsidiarium</strong></span> <span class='ocrx_word' id='word_1_9' title='bbox 1174 417 1436 500; x_wconf 81' lang='lat' dir='ltr'><strong>agnovit,</strong></span> <span class='ocrx_word' id='word_1_10' title='bbox 1467 419 1626 500; x_wconf 92' lang='lat' dir='ltr'><strong>quod</strong></span> <span class='ocrx_word' id='word_1_11' title='bbox 1659 419 1720 482; x_wconf 89' lang='lat' dir='ltr'>id</span> <span class='ocrx_word' id='word_1_12' title='bbox 1778 420 1958 483; x_wconf 88' lang='lat' dir='ltr'><strong>alieni</strong></span> <span class='ocrx_word' id='word_1_13' title='bbox 1991 441 2088 501; x_wconf 91' lang='lat' dir='ltr'><strong>pe-</strong></span> 
     </span>
    </p>
   </div>
   <div class='ocr_carea' id='block_1_5' title="bbox 2182 412 3839 501">
    <p class='ocr_par' dir='ltr' id='par_1_5' title="bbox 2182 420 3839 499">
     <span class='ocr_line' id='line_1_5' title="bbox 2182 420 3839 499; baseline 0 -22"><span class='ocrx_word' id='word_1_14' title='bbox 2182 422 2264 477; x_wconf 82' lang='grc' dir='ltr'><strong>καὶ</strong></span> <span class='ocrx_word' id='word_1_15' title='bbox 2309 420 2476 490; x_wconf 80' lang='grc' dir='ltr'><strong>ξένου,</strong></span> <span class='ocrx_word' id='word_1_16' title='bbox 2510 422 2598 478; x_wconf 83' lang='grc' dir='ltr'><strong>καὶ</strong></span> <span class='ocrx_word' id='word_1_17' title='bbox 2645 421 2816 487; x_wconf 84' lang='grc' dir='ltr'>πάντη</span> <span class='ocrx_word' id='word_1_18' title='bbox 2876 422 3138 478; x_wconf 78' lang='grc' dir='ltr'>ἁνοικείου</span> <span class='ocrx_word' id='word_1_19' title='bbox 3192 424 3324 499; x_wconf 82' lang='grc' dir='ltr'>πρὸς</span> <span class='ocrx_word' id='word_1_20' title='bbox 3385 424 3475 478; x_wconf 67' lang='grc' dir='ltr'>τὸν</span> <span class='ocrx_word' id='word_1_21' title='bbox 3527 425 3839 491; x_wconf 61' lang='grc' dir='ltr'>ποιήσαντα</span> 
     </span>
    </p>
   </div>
   <div class='ocr_carea' id='block_1_6' title="bbox 456 504 2097 586">
    <p class='ocr_par' dir='ltr' id='par_1_6' title="bbox 456 504 2097 586">
     <span class='ocr_line' id='line_1_6' title="bbox 456 504 2097 586; baseline 0.002 -18"><span class='ocrx_word' id='word_1_22' title='bbox 456 504 828 586; x_wconf 87' lang='lat' dir='ltr'><strong>regrinique,</strong></span> <span class='ocrx_word' id='word_1_23' title='bbox 867 516 928 566; x_wconf 92' lang='lat' dir='ltr'><strong>et</strong></span> <span class='ocrx_word' id='word_1_24' title='bbox 958 504 1189 567; x_wconf 86' lang='lat' dir='ltr'><strong>nullam</strong></span> <span class='ocrx_word' id='word_1_25' title='bbox 1221 506 1466 568; x_wconf 87' lang='lat' dir='ltr'><strong>omnino</strong></span> <span class='ocrx_word' id='word_1_26' title='bbox 1508 527 1642 570; x_wconf 90' lang='lat' dir='ltr'><strong>cum</strong></span> <span class='ocrx_word' id='word_1_27' title='bbox 1695 509 1922 572; x_wconf 87' lang='lat' dir='ltr'><strong>factore</strong></span> <span class='ocrx_word' id='word_1_28' title='bbox 1953 530 2097 572; x_wconf 88' lang='lat' dir='ltr'><strong>con-</strong></span> 
     </span>
    </p>
   </div>
   <div class='ocr_carea' id='block_1_7' title="bbox 449 592 2102 676">
    <p class='ocr_par' dir='ltr' id='par_1_7' title="bbox 449 592 2102 676">
     <span class='ocr_line' id='line_1_7' title="bbox 449 592 2102 676; baseline 0.003 -19"><span class='ocrx_word' id='word_1_29' title='bbox 449 595 825 676; x_wconf 86' lang='lat' dir='ltr'><strong>junctionem</strong></span> <span class='ocrx_word' id='word_1_30' title='bbox 860 592 1140 657; x_wconf 89' lang='lat' dir='ltr'><strong>habentis</strong></span> <span class='ocrx_word' id='word_1_31' title='bbox 1192 595 1499 660; x_wconf 88' lang='lat' dir='ltr'><strong>notionem</strong></span> <span class='ocrx_word' id='word_1_32' title='bbox 1549 599 1811 664; x_wconf 76' lang='lat' dir='ltr'><strong>exhibet.</strong></span> <span class='ocrx_word' id='word_1_33' title='bbox 1877 602 2102 664; x_wconf 85' lang='lat' dir='ltr'><strong>Deinde</strong></span> 
     </span>
    </p>
   </div>
   <div class='ocr_carea' id='block_1_8' title="bbox 453 682 1190 758">
    <p class='ocr_par' dir='ltr' id='par_1_8' title="bbox 453 682 1190 758">
     <span class='ocr_line' id='line_1_8' title="bbox 453 682 1190 758; baseline 0.001 -12"><span class='ocrx_word' id='word_1_34' title='bbox 453 684 527 746; x_wconf 87' lang='lat' dir='ltr'><strong>ad</strong></span> <span class='ocrx_word' id='word_1_35' title='bbox 559 685 686 746; x_wconf 65' lang='lat' dir='ltr'><strong>hac</strong></span> <span class='ocrx_word' id='word_1_36' title='bbox 716 682 903 758; x_wconf 91' lang='lat' dir='ltr'><strong>addit,</strong></span> <span class='ocrx_word' id='word_1_37' title='bbox 944 682 1190 747; x_wconf 89' lang='lat' dir='ltr'><strong>dicens:</strong></span> 
     </span>
    </p>
   </div>
   <div class='ocr_carea' id='block_1_9' title="bbox 534 771 2099 855">
    <p class='ocr_par' dir='ltr' id='par_1_9' title="bbox 534 771 2099 855">
     <span class='ocr_line' id='line_1_9' title="bbox 534 771 2099 855; baseline 0.003 -18"><span class='ocrx_word' id='word_1_38' title='bbox 534 775 690 838; x_wconf 81' lang='lat' dir='ltr'><strong>EUN.</strong></span> <span class='ocrx_word' id='word_1_39' title='bbox 723 771 1069 838; x_wconf 89' lang='lat' dir='ltr'><strong>Genituram</strong></span> <span class='ocrx_word' id='word_1_40' title='bbox 1106 773 1305 855; x_wconf 78' lang='lat' dir='ltr'><strong>itaque</strong></span> <span class='ocrx_word' id='word_1_41' title='bbox 1332 777 1544 838; x_wconf 88' lang='lat' dir='ltr'><strong>Filium</strong></span> <span class='ocrx_word' id='word_1_42' title='bbox 1573 780 1847 853; x_wconf 84' lang='lat' dir='ltr'><strong>dicimus,</strong></span> <span class='ocrx_word' id='word_1_43' title='bbox 1879 799 2099 842; x_wconf 91' lang='lat' dir='ltr'><strong>secun-</strong></span> 
     </span>
    </p>
   </div>
   <div class='ocr_carea' id='block_1_10' title="bbox 457 861 2097 948">
    <p class='ocr_par' dir='ltr' id='par_1_10' title="bbox 457 861 2097 948">
     <span class='ocr_line' id='line_1_10' title="bbox 457 861 2097 948; baseline 0.004 -22"><span class='ocrx_word' id='word_1_44' title='bbox 457 864 598 926; x_wconf 89' lang='lat' dir='ltr'><strong>dum</strong></span> <span class='ocrx_word' id='word_1_45' title='bbox 625 861 1063 944; x_wconf 89' lang='lat' dir='ltr'><strong>Scripturarum</strong></span> <span class='ocrx_word' id='word_1_46' title='bbox 1091 864 1579 940; x_wconf 89' lang='lat' dir='ltr'><strong>doctrinam,non</strong></span> <span class='ocrx_word' id='word_1_47' title='bbox 1602 869 1763 930; x_wconf 85' lang='lat' dir='ltr'><strong>aliud</strong></span> <span class='ocrx_word' id='word_1_48' title='bbox 1794 870 1932 948; x_wconf 86' lang='lat' dir='ltr'><strong>quid</strong></span> <span class='ocrx_word' id='word_1_49' title='bbox 1952 871 2097 932; x_wconf 90' lang='lat' dir='ltr'><strong>sub-</strong></span> 
     </span>
    </p>
   </div>
   <div class='ocr_carea' id='block_1_11' title="bbox 454 950 2101 1035">
    <p class='ocr_par' dir='ltr' id='par_1_11' title="bbox 454 950 2101 1035">
     <span class='ocr_line' id='line_1_11' title="bbox 454 950 2101 1035; baseline 0.004 -23"><span class='ocrx_word' id='word_1_50' title='bbox 454 950 736 1013; x_wconf 78' lang='lat' dir='ltr'><strong>stantiam</strong></span> <span class='ocrx_word' id='word_1_51' title='bbox 770 950 1198 1029; x_wconf 86' lang='lat' dir='ltr'><strong>intelligentes,</strong></span> <span class='ocrx_word' id='word_1_52' title='bbox 1229 960 1287 1012; x_wconf 92' lang='lat' dir='ltr'><strong>et</strong></span> <span class='ocrx_word' id='word_1_53' title='bbox 1335 952 1498 1014; x_wconf 85' lang='lat' dir='ltr'><strong>aliud</strong></span> <span class='ocrx_word' id='word_1_54' title='bbox 1530 954 1672 1035; x_wconf 88' lang='lat' dir='ltr'><strong>quid</strong></span> <span class='ocrx_word' id='word_1_55' title='bbox 1703 956 1856 1035; x_wconf 91' lang='lat' dir='ltr'><strong>quod</strong></span> <span class='ocrx_word' id='word_1_56' title='bbox 1893 966 2101 1035; x_wconf 60' lang='lat' dir='ltr'><strong>praeter</strong></span> 
     </span>
    </p>
   </div>
   <div class='ocr_carea' id='block_1_12' title="bbox 455 1039 2096 1126">
    <p class='ocr_par' dir='ltr' id='par_1_12' title="bbox 455 1039 2096 1126">
     <span class='ocr_line' id='line_1_12' title="bbox 455 1039 2096 1126; baseline 0.002 -24"><span class='ocrx_word' id='word_1_57' title='bbox 455 1041 646 1121; x_wconf 85' lang='lat' dir='ltr'><strong>ipsam</strong></span> <span class='ocrx_word' id='word_1_58' title='bbox 663 1039 1166 1119; x_wconf 82' lang='lat' dir='ltr'><strong>signiﬁcetur,sed</strong></span> <span class='ocrx_word' id='word_1_59' title='bbox 1181 1040 1366 1121; x_wconf 87' lang='lat' dir='ltr'><strong>ipsam</strong></span> <span class='ocrx_word' id='word_1_60' title='bbox 1382 1061 1512 1103; x_wconf 90' lang='lat' dir='ltr'><strong>esse</strong></span> <span class='ocrx_word' id='word_1_61' title='bbox 1535 1043 1889 1124; x_wconf 78' lang='lat' dir='ltr'><strong>bypostasim</strong></span> <span class='ocrx_word' id='word_1_62' title='bbox 1901 1065 2096 1126; x_wconf 87' lang='lat' dir='ltr'><strong>,quam</strong></span> 
     </span>
    </p>
   </div>
   <div class='ocr_carea' id='block_1_13' title="bbox 461 1128 2100 1211">
    <p class='ocr_par' dir='ltr' id='par_1_13' title="bbox 461 1128 2100 1211">
     <span class='ocr_line' id='line_1_13' title="bbox 461 1128 2100 1211; baseline 0.002 -21"><span class='ocrx_word' id='word_1_63' title='bbox 461 1148 682 1192; x_wconf 83' lang='lat' dir='ltr'><strong>nomen</strong></span> <span class='ocrx_word' id='word_1_64' title='bbox 711 1128 1027 1209; x_wconf 85' lang='lat' dir='ltr'><strong>signiﬁcat,</strong></span> <span class='ocrx_word' id='word_1_65' title='bbox 1056 1146 1191 1190; x_wconf 94' lang='lat' dir='ltr'><strong>cum</strong></span> <span class='ocrx_word' id='word_1_66' title='bbox 1225 1129 1573 1193; x_wconf 75' lang='lat' dir='ltr'><strong>substantiae</strong></span> <span class='ocrx_word' id='word_1_67' title='bbox 1630 1151 1767 1194; x_wconf 87' lang='lat' dir='ltr'><strong>vere</strong></span> <span class='ocrx_word' id='word_1_68' title='bbox 1814 1144 2100 1211; x_wconf 83' lang='lat' dir='ltr'><strong>congruat</strong></span> 
     </span>
    </p>
   </div>
   <div class='ocr_carea' id='block_1_14' title="bbox 454 1219 949 1300">
    <p class='ocr_par' dir='ltr' id='par_1_14' title="bbox 454 1219 949 1300">
     <span class='ocr_line' id='line_1_14' title="bbox 454 1219 949 1300; baseline -0.002 -19"><span class='ocrx_word' id='word_1_69' title='bbox 454 1219 582 1281; x_wconf 72' lang='lat' dir='ltr'><strong>haec</strong></span> <span class='ocrx_word' id='word_1_70' title='bbox 609 1219 949 1300; x_wconf 85' lang='lat' dir='ltr'><strong>appellatio.</strong></span> 
     </span>
    </p>
   </div>
   <div class='ocr_carea' id='block_1_15' title="bbox 534 1307 2094 1392">
    <p class='ocr_par' dir='ltr' id='par_1_15' title="bbox 534 1307 2094 1392">
     <span class='ocr_line' id='line_1_15' title="bbox 534 1307 2094 1392; baseline 0.001 -20"><span class='ocrx_word' id='word_1_71' title='bbox 534 1311 684 1372; x_wconf 79' lang='lat' dir='ltr'><strong>BAS.</strong></span> <span class='ocrx_word' id='word_1_72' title='bbox 717 1309 791 1371; x_wconf 83' lang='lat' dir='ltr'><strong>Et</strong></span> <span class='ocrx_word' id='word_1_73' title='bbox 808 1308 869 1370; x_wconf 92' lang='lat' dir='ltr'><strong>in</strong></span> <span class='ocrx_word' id='word_1_74' title='bbox 892 1308 984 1369; x_wconf 88' lang='lat' dir='ltr'><strong>bis</strong></span> <span class='ocrx_word' id='word_1_75' title='bbox 1006 1307 1211 1389; x_wconf 87' lang='lat' dir='ltr'><strong>utique</strong></span> <span class='ocrx_word' id='word_1_76' title='bbox 1232 1308 1536 1371; x_wconf 76' lang='lat' dir='ltr'><strong>veritatem</strong></span> <span class='ocrx_word' id='word_1_77' title='bbox 1562 1310 1753 1390; x_wconf 87' lang='lat' dir='ltr'><strong>palam</strong></span> <span class='ocrx_word' id='word_1_78' title='bbox 1776 1323 2094 1392; x_wconf 84' lang='lat' dir='ltr'><strong>oppugnat,</strong></span> 
     </span>
    </p>
   </div>
   <div class='ocr_carea' id='block_1_16' title="bbox 463 1398 2094 1480">
    <p class='ocr_par' dir='ltr' id='par_1_16' title="bbox 463 1398 2094 1480">
     <span class='ocr_line' id='line_1_16' title="bbox 463 1398 2094 1480; baseline 0.001 -18"><span class='ocrx_word' id='word_1_79' title='bbox 463 1399 700 1480; x_wconf 88' lang='lat' dir='ltr'><strong>sibiipsi</strong></span> <span class='ocrx_word' id='word_1_80' title='bbox 729 1407 931 1461; x_wconf 89' lang='lat' dir='ltr'><strong>tamen</strong></span> <span class='ocrx_word' id='word_1_81' title='bbox 973 1415 1239 1459; x_wconf 89' lang='lat' dir='ltr'><strong>consona</strong></span> <span class='ocrx_word' id='word_1_82' title='bbox 1269 1398 1551 1478; x_wconf 84' lang='lat' dir='ltr'><strong>loquitur.</strong></span> <span class='ocrx_word' id='word_1_83' title='bbox 1583 1400 2094 1472; x_wconf 88' lang='lat' dir='ltr'><strong>Quemadmodum</strong></span> 
     </span>
    </p>
   </div>
   <div class='ocr_carea' id='block_1_17' title="bbox 458 1485 2096 1568">
    <p class='ocr_par' dir='ltr' id='par_1_17' title="bbox 458 1485 2096 1568">
     <span class='ocr_line' id='line_1_17' title="bbox 458 1485 2096 1568; baseline 0.001 -17"><span class='ocrx_word' id='word_1_84' title='bbox 458 1486 618 1552; x_wconf 90' lang='lat' dir='ltr'><strong>enim</strong></span> <span class='ocrx_word' id='word_1_85' title='bbox 647 1487 708 1548; x_wconf 86' lang='lat' dir='ltr'><strong>in</strong></span> <span class='ocrx_word' id='word_1_86' title='bbox 727 1486 1141 1568; x_wconf 83' lang='lat' dir='ltr'><strong>superioribus</strong></span> <span class='ocrx_word' id='word_1_87' title='bbox 1161 1485 1524 1549; x_wconf 86' lang='lat' dir='ltr'><strong>decernebat</strong></span> <span class='ocrx_word' id='word_1_88' title='bbox 1555 1489 1612 1548; x_wconf 93' lang='lat' dir='ltr'><strong>in</strong></span> <span class='ocrx_word' id='word_1_89' title='bbox 1645 1488 1767 1551; x_wconf 92' lang='lat' dir='ltr'><strong>Deo</strong></span> <span class='ocrx_word' id='word_1_90' title='bbox 1788 1490 2096 1552; x_wconf 89' lang='lat' dir='ltr'><strong>universo-</strong></span> 
     </span>
    </p>
   </div>
   <div class='ocr_carea' id='block_1_18' title="bbox 2183 509 3835 589">
    <p class='ocr_par' dir='ltr' id='par_1_18' title="bbox 2183 509 3835 589">
     <span class='ocr_line' id='line_1_18' title="bbox 2183 509 3835 589; baseline 0 -23"><span class='ocrx_word' id='word_1_91' title='bbox 2183 511 2281 577; x_wconf 75' lang='grc' dir='ltr'><strong>τὴν</strong></span> <span class='ocrx_word' id='word_1_92' title='bbox 2351 509 2552 568; x_wconf 76' lang='grc' dir='ltr'>ἔννοιαν</span> <span class='ocrx_word' id='word_1_93' title='bbox 2631 514 2901 589; x_wconf 77' lang='grc' dir='ltr'>περιστᾷν.</span> <span class='ocrx_word' id='word_1_94' title='bbox 2995 513 3130 568; x_wconf 81' lang='grc' dir='ltr'><strong>Εἶτα</strong></span> <span class='ocrx_word' id='word_1_95' title='bbox 3202 511 3411 576; x_wconf 79' lang='grc' dir='ltr'><strong>τούτοις</strong></span> <span class='ocrx_word' id='word_1_96' title='bbox 3483 512 3835 572; x_wconf 75' lang='grc' dir='ltr'>ἐπισυνάπτει</span> 
     </span>
    </p>
   </div>
   <div class='ocr_carea' id='block_1_19' title="bbox 2185 597 2403 674">
    <p class='ocr_par' dir='ltr' id='par_1_19' title="bbox 2185 597 2403 674">
     <span class='ocr_line' id='line_1_19' title="bbox 2185 597 2403 674; baseline -0.005 -21"><span class='ocrx_word' id='word_1_97' title='bbox 2185 597 2356 674; x_wconf 82' lang='grc' dir='ltr'>λέγων</span> <span class='ocrx_word' id='word_1_98' title='bbox 2391 615 2403 630; x_wconf 83' lang='grc'>⁶</span> 
     </span>
    </p>
   </div>
   <div class='ocr_carea' id='block_1_20' title="bbox 2268 775 3835 858">
    <p class='ocr_par' dir='ltr' id='par_1_20' title="bbox 2268 775 3835 858">
     <span class='ocr_line' id='line_1_20' title="bbox 2268 775 3835 858; baseline 0.001 -26"><span class='ocrx_word' id='word_1_99' title='bbox 2268 783 2415 836; x_wconf 79' lang='grc' dir='ltr'><strong>ΕΥΝ.</strong></span> <span class='ocrx_word' id='word_1_100' title='bbox 2464 775 2709 852; x_wconf 84' lang='grc' dir='ltr'>Γέννημα</span> <span class='ocrx_word' id='word_1_101' title='bbox 2753 777 2924 832; x_wconf 80' lang='grc' dir='ltr'>τοίνυν</span> <span class='ocrx_word' id='word_1_102' title='bbox 2987 778 3078 832; x_wconf 73' lang='grc' dir='ltr'>τὸν</span> <span class='ocrx_word' id='word_1_103' title='bbox 3121 775 3242 832; x_wconf 78' lang='grc' dir='ltr'>Υἱόν</span> <span class='ocrx_word' id='word_1_104' title='bbox 3300 799 3498 858; x_wconf 81' lang='grc' dir='ltr'>φαμεν,</span> <span class='ocrx_word' id='word_1_105' title='bbox 3531 780 3668 836; x_wconf 84' lang='grc' dir='ltr'><strong>κατᾶ</strong></span> <span class='ocrx_word' id='word_1_106' title='bbox 3732 781 3835 846; x_wconf 73' lang='grc' dir='ltr'>τὴν</span> 
     </span>
    </p>
   </div>
   <div class='ocr_carea' id='block_1_21' title="bbox 2181 863 3836 945">
    <p class='ocr_par' dir='ltr' id='par_1_21' title="bbox 2181 863 3836 945">
     <span class='ocr_line' id='line_1_21' title="bbox 2181 863 3836 945; baseline 0.003 -26"><span class='ocrx_word' id='word_1_107' title='bbox 2181 866 2286 920; x_wconf 81' lang='grc' dir='ltr'><strong>τῶν</strong></span> <span class='ocrx_word' id='word_1_108' title='bbox 2343 866 2562 945; x_wconf 81' lang='grc' dir='ltr'>Γραφῶν</span> <span class='ocrx_word' id='word_1_109' title='bbox 2641 863 3025 921; x_wconf 71' lang='grc' dir='ltr'><strong>διδασκαλίαν·</strong></span> <span class='ocrx_word' id='word_1_110' title='bbox 3106 866 3210 944; x_wconf 68' lang='grc' dir='ltr'>οὔχ</span> <span class='ocrx_word' id='word_1_111' title='bbox 3261 865 3436 944; x_wconf 77' lang='grc' dir='ltr'>ἕτερον</span> <span class='ocrx_word' id='word_1_112' title='bbox 3486 868 3583 942; x_wconf 88' lang='grc' dir='ltr'><strong>μέν</strong></span> <span class='ocrx_word' id='word_1_113' title='bbox 3635 892 3684 923; x_wconf 85' lang='grc' dir='ltr'>τι</span> <span class='ocrx_word' id='word_1_114' title='bbox 3735 870 3836 935; x_wconf 74' lang='grc' dir='ltr'>τὴν</span> 
     </span>
    </p>
   </div>
   <div class='ocr_carea' id='block_1_22' title="bbox 2183 951 3836 1033">
    <p class='ocr_par' dir='ltr' id='par_1_22' title="bbox 2183 951 3836 1033">
     <span class='ocr_line' id='line_1_22' title="bbox 2183 951 3836 1033; baseline 0.002 -23"><span class='ocrx_word' id='word_1_115' title='bbox 2183 954 2360 1010; x_wconf 72' lang='grc' dir='ltr'>οὐσίαν</span> <span class='ocrx_word' id='word_1_116' title='bbox 2405 965 2666 1030; x_wconf 72' lang='grc' dir='ltr'>νοοῦντες,</span> <span class='ocrx_word' id='word_1_117' title='bbox 2730 953 2906 1032; x_wconf 71' lang='grc' dir='ltr'>ἕτερον</span> <span class='ocrx_word' id='word_1_118' title='bbox 2963 951 3017 1010; x_wconf 86' lang='grc' dir='ltr'>δέ</span> <span class='ocrx_word' id='word_1_119' title='bbox 3067 976 3117 1010; x_wconf 87' lang='grc' dir='ltr'>τι</span> <span class='ocrx_word' id='word_1_120' title='bbox 3177 954 3301 1033; x_wconf 84' lang='grc' dir='ltr'>παρ’</span> <span class='ocrx_word' id='word_1_121' title='bbox 3332 956 3496 1023; x_wconf 72' lang='grc' dir='ltr'>αὐτὴν</span> <span class='ocrx_word' id='word_1_122' title='bbox 3525 960 3587 1013; x_wconf 86' lang='grc' dir='ltr'>τὸ</span> <span class='ocrx_word' id='word_1_123' title='bbox 3619 980 3836 1032; x_wconf 80' lang='grc' dir='ltr'>σημαιο</span> 
     </span>
    </p>
   </div>
   <div class='ocr_carea' id='block_1_23' title="bbox 2183 1043 3834 1121">
    <p class='ocr_par' dir='ltr' id='par_1_23' title="bbox 2183 1043 3834 1121">
     <span class='ocr_line' id='line_1_23' title="bbox 2183 1043 3834 1121; baseline 0.002 -23"><span class='ocrx_word' id='word_1_124' title='bbox 2183 1043 2426 1117; x_wconf 78' lang='grc' dir='ltr'>νόμενον,</span> <span class='ocrx_word' id='word_1_125' title='bbox 2473 1043 2592 1099; x_wconf 83' lang='grc' dir='ltr'>ἀλλ’</span> <span class='ocrx_word' id='word_1_126' title='bbox 2625 1045 2790 1112; x_wconf 74' lang='grc' dir='ltr'>αὐτὴν</span> <span class='ocrx_word' id='word_1_127' title='bbox 2848 1045 2989 1100; x_wconf 77' lang='grc' dir='ltr'>εἶναι</span> <span class='ocrx_word' id='word_1_128' title='bbox 3042 1045 3142 1111; x_wconf 72' lang='grc' dir='ltr'>τὴν</span> <span class='ocrx_word' id='word_1_129' title='bbox 3171 1046 3483 1120; x_wconf 81' lang='grc' dir='ltr'>ὑπόστασιν,</span> <span class='ocrx_word' id='word_1_130' title='bbox 3516 1047 3582 1114; x_wconf 77' lang='grc' dir='ltr'>ἣν</span> <span class='ocrx_word' id='word_1_131' title='bbox 3615 1051 3834 1121; x_wconf 79' lang='grc' dir='ltr'>σημαί-</span> 
     </span>
    </p>
   </div>
   <div class='ocr_carea' id='block_1_24' title="bbox 2185 1132 3828 1211">
    <p class='ocr_par' dir='ltr' id='par_1_24' title="bbox 2185 1132 3828 1211">
     <span class='ocr_line' id='line_1_24' title="bbox 2185 1132 3828 1211; baseline 0.002 -24"><span class='ocrx_word' id='word_1_132' title='bbox 2185 1153 2259 1188; x_wconf 91' lang='grc' dir='ltr'><strong>νει</strong></span> <span class='ocrx_word' id='word_1_133' title='bbox 2315 1132 2549 1208; x_wconf 70' lang='grc' dir='ltr'>τοῦνομα</span> <span class='ocrx_word' id='word_1_134' title='bbox 2631 1132 3062 1200; x_wconf 78' lang='grc' dir='ltr'>ἐπαληθευούσης</span> <span class='ocrx_word' id='word_1_135' title='bbox 3136 1139 3205 1209; x_wconf 80' lang='grc' dir='ltr'>τῇ</span> <span class='ocrx_word' id='word_1_136' title='bbox 3279 1135 3424 1206; x_wconf 73' lang='grc' dir='ltr'>οὕσίᾳ</span> <span class='ocrx_word' id='word_1_137' title='bbox 3501 1137 3594 1203; x_wconf 74' lang='grc' dir='ltr'><strong>τῆς</strong></span> <span class='ocrx_word' id='word_1_138' title='bbox 3655 1159 3828 1211; x_wconf 77' lang='grc' dir='ltr'>προσ-</span> 
     </span>
    </p>
   </div>
   <div class='ocr_carea' id='block_1_25' title="bbox 2182 1224 2424 1300">
    <p class='ocr_par' dir='ltr' id='par_1_25' title="bbox 2182 1224 2424 1300">
     <span class='ocr_line' id='line_1_25' title="bbox 2182 1224 2424 1300; baseline -0.012 -12"><span class='ocrx_word' id='word_1_139' title='bbox 2182 1224 2399 1300; x_wconf 81' lang='grc' dir='ltr'>ηγορίας</span> <span class='ocrx_word' id='word_1_140' title='bbox 2411 1272 2424 1286; x_wconf 94' lang='grc'><strong>.</strong></span> 
     </span>
    </p>
   </div>
   <div class='ocr_carea' id='block_1_26' title="bbox 2262 1312 3827 1394">
    <p class='ocr_par' dir='ltr' id='par_1_26' title="bbox 2262 1312 3827 1394">
     <span class='ocr_line' id='line_1_26' title="bbox 2262 1312 3827 1394; baseline -0.003 -19"><span class='ocrx_word' id='word_1_141' title='bbox 2262 1321 2415 1374; x_wconf 78' lang='grc' dir='ltr'><strong>ΒΑΣ.</strong></span> <span class='ocrx_word' id='word_1_142' title='bbox 2477 1316 2574 1371; x_wconf 84' lang='grc' dir='ltr'><strong>Καὶ</strong></span> <span class='ocrx_word' id='word_1_143' title='bbox 2633 1312 2686 1368; x_wconf 79' lang='grc' dir='ltr'>ἐν</span> <span class='ocrx_word' id='word_1_144' title='bbox 2745 1313 2948 1375; x_wconf 73' lang='grc' dir='ltr'>τούτοις</span> <span class='ocrx_word' id='word_1_145' title='bbox 3008 1313 3181 1367; x_wconf 86' lang='grc' dir='ltr'>τοίνυν</span> <span class='ocrx_word' id='word_1_146' title='bbox 3221 1319 3289 1388; x_wconf 79' lang='grc' dir='ltr'>τῇ</span> <span class='ocrx_word' id='word_1_147' title='bbox 3333 1313 3428 1388; x_wconf 80' lang='grc' dir='ltr'><strong>μὲν</strong></span> <span class='ocrx_word' id='word_1_148' title='bbox 3461 1312 3682 1386; x_wconf 71' lang='grc' dir='ltr'>ἀληθείᾳ</span> <span class='ocrx_word' id='word_1_149' title='bbox 3714 1338 3827 1394; x_wconf 65' lang='grc' dir='ltr'><strong>φας</strong></span> 
     </span>
    </p>
   </div>
   <div class='ocr_carea' id='block_1_27' title="bbox 2182 1399 3824 1482">
    <p class='ocr_par' dir='ltr' id='par_1_27' title="bbox 2182 1399 3824 1482">
     <span class='ocr_line' id='line_1_27' title="bbox 2182 1399 3824 1482; baseline 0.002 -26"><span class='ocrx_word' id='word_1_150' title='bbox 2182 1407 2340 1480; x_wconf 84' lang='grc' dir='ltr'>νερῶς</span> <span class='ocrx_word' id='word_1_151' title='bbox 2401 1401 2750 1482; x_wconf 77' lang='grc' dir='ltr'>διαμάχεται,</span> <span class='ocrx_word' id='word_1_152' title='bbox 2796 1402 2965 1474; x_wconf 68' lang='grc' dir='ltr'>ἑανοτῷ</span> <span class='ocrx_word' id='word_1_153' title='bbox 3015 1399 3070 1456; x_wconf 77' lang='grc' dir='ltr'>δὲ</span> <span class='ocrx_word' id='word_1_154' title='bbox 3129 1401 3272 1475; x_wconf 70' lang='grc' dir='ltr'>ὅμως</span> <span class='ocrx_word' id='word_1_155' title='bbox 3345 1402 3604 1462; x_wconf 75' lang='grc' dir='ltr'>ἀκόλουθα</span> <span class='ocrx_word' id='word_1_156' title='bbox 3648 1403 3824 1482; x_wconf 72' lang='grc' dir='ltr'>λέγει,</span> 
     </span>
    </p>
   </div>
   <div class='ocr_carea' id='block_1_28' title="bbox 2183 1488 3830 1572">
    <p class='ocr_par' dir='ltr' id='par_1_28' title="bbox 2183 1488 3830 1572">
     <span class='ocr_line' id='line_1_28' title="bbox 2183 1488 3830 1572; baseline 0.003 -26"><span class='ocrx_word' id='word_1_157' title='bbox 2183 1488 2277 1554; x_wconf 86' lang='grc' dir='ltr'><strong>Ὠς</strong></span> <span class='ocrx_word' id='word_1_158' title='bbox 2330 1494 2428 1572; x_wconf 81' lang='grc' dir='ltr'><strong>γὰρ</strong></span> <span class='ocrx_word' id='word_1_159' title='bbox 2460 1491 2513 1546; x_wconf 80' lang='grc' dir='ltr'><strong>ἐν</strong></span> <span class='ocrx_word' id='word_1_160' title='bbox 2569 1506 2686 1554; x_wconf 76' lang='grc' dir='ltr'>τοῖς</span> <span class='ocrx_word' id='word_1_161' title='bbox 2719 1490 2828 1547; x_wconf 78' lang='grc' dir='ltr'>ἅνω</span> <span class='ocrx_word' id='word_1_162' title='bbox 2890 1490 3070 1568; x_wconf 86' lang='grc' dir='ltr'>λόγοις</span> <span class='ocrx_word' id='word_1_163' title='bbox 3122 1492 3180 1546; x_wconf 85' lang='grc' dir='ltr'>τὸ</span> <span class='ocrx_word' id='word_1_164' title='bbox 3243 1493 3529 1568; x_wconf 74' lang='grc' dir='ltr'>ἀγέννητον</span> <span class='ocrx_word' id='word_1_165' title='bbox 3587 1493 3674 1549; x_wconf 81' lang='grc' dir='ltr'>ἐπὶ</span> <span class='ocrx_word' id='word_1_166' title='bbox 3733 1503 3830 1551; x_wconf 62' lang='grc' dir='ltr'><strong>τινὶ</strong></span> 
     </span>
    </p>
   </div>
   <div class='ocr_carea' id='block_1_29' title="bbox 451 1575 2088 1659">
    <p class='ocr_par' dir='ltr' id='par_1_29' title="bbox 451 1575 2088 1658">
     <span class='ocr_line' id='line_1_29' title="bbox 451 1575 2088 1658; baseline 0.001 -19"><span class='ocrx_word' id='word_1_167' title='bbox 451 1597 587 1640; x_wconf 89' lang='lat' dir='ltr'><strong>rum</strong></span> <span class='ocrx_word' id='word_1_168' title='bbox 607 1575 1000 1638; x_wconf 86' lang='lat' dir='ltr'><strong>substantiam</strong></span> <span class='ocrx_word' id='word_1_169' title='bbox 1015 1576 1144 1656; x_wconf 83' lang='lat' dir='ltr'><strong>ejus</strong></span> <span class='ocrx_word' id='word_1_170' title='bbox 1160 1575 1787 1655; x_wconf 84' lang='lat' dir='ltr'><strong>peringenerationem</strong></span> <span class='ocrx_word' id='word_1_171' title='bbox 1807 1578 2088 1658; x_wconf 82' lang='lat' dir='ltr'><strong>signiﬁca</strong></span> 
     </span>
    </p>
   </div>
   <div class='ocr_carea' id='block_1_30' title="bbox 2182 1575 3826 1659">
    <p class='ocr_par' dir='ltr' id='par_1_30' title="bbox 2183 1578 3826 1659">
     <span class='ocr_line' id='line_1_30' title="bbox 2183 1578 3826 1659; baseline 0.001 -24"><span class='ocrx_word' id='word_1_172' title='bbox 2183 1581 2312 1637; x_wconf 81' lang='grc' dir='ltr'><strong>Θεοῦ</strong></span> <span class='ocrx_word' id='word_1_173' title='bbox 2339 1589 2445 1637; x_wconf 83' lang='grc' dir='ltr'>τῶν</span> <span class='ocrx_word' id='word_1_174' title='bbox 2475 1580 2612 1637; x_wconf 78' lang='grc' dir='ltr'>ὅλων</span> <span class='ocrx_word' id='word_1_175' title='bbox 2642 1587 2738 1647; x_wconf 79' lang='grc' dir='ltr'>τῆς</span> <span class='ocrx_word' id='word_1_176' title='bbox 2792 1581 2968 1640; x_wconf 76' lang='grc' dir='ltr'>οὐσίας</span> <span class='ocrx_word' id='word_1_177' title='bbox 3015 1584 3171 1638; x_wconf 70' lang='grc' dir='ltr'>αὐτοῦ</span> <span class='ocrx_word' id='word_1_178' title='bbox 3201 1578 3467 1659; x_wconf 79' lang='grc' dir='ltr'><strong>διωρίζετο</strong></span> <span class='ocrx_word' id='word_1_179' title='bbox 3511 1586 3650 1638; x_wconf 79' lang='grc' dir='ltr'>εἶναι</span> <span class='ocrx_word' id='word_1_180' title='bbox 3714 1606 3826 1650; x_wconf 82' lang='grc' dir='ltr'>ση-</span> 
     </span>
    </p>
   </div>
   <div class='ocr_carea' id='block_1_31' title="bbox 452 1664 2088 1749">
    <p class='ocr_par' dir='ltr' id='par_1_31' title="bbox 452 1664 2088 1749">
     <span class='ocr_line' id='line_1_31' title="bbox 452 1664 2088 1749; baseline 0 -19"><span class='ocrx_word' id='word_1_181' title='bbox 452 1668 502 1729; x_wconf 90' lang='lat' dir='ltr'><strong>ri</strong></span> <span class='ocrx_word' id='word_1_182' title='bbox 533 1688 547 1730; x_wconf 91' lang='lat'><strong>:</strong></span> <span class='ocrx_word' id='word_1_183' title='bbox 582 1673 662 1728; x_wconf 89' lang='lat' dir='ltr'><strong>ita</strong></span> <span class='ocrx_word' id='word_1_184' title='bbox 687 1666 786 1728; x_wconf 87' lang='lat' dir='ltr'><strong>hic</strong></span> <span class='ocrx_word' id='word_1_185' title='bbox 807 1683 1044 1746; x_wconf 87' lang='lat' dir='ltr'><strong>quoque</strong></span> <span class='ocrx_word' id='word_1_186' title='bbox 1069 1664 1456 1726; x_wconf 88' lang='lat' dir='ltr'><strong>substantiam</strong></span> <span class='ocrx_word' id='word_1_187' title='bbox 1480 1666 1614 1727; x_wconf 90' lang='lat' dir='ltr'><strong>Filii</strong></span> <span class='ocrx_word' id='word_1_188' title='bbox 1638 1685 1743 1746; x_wconf 88' lang='lat' dir='ltr'><strong>per</strong></span> <span class='ocrx_word' id='word_1_189' title='bbox 1760 1671 2088 1749; x_wconf 85' lang='lat' dir='ltr'><strong>genituram</strong></span> 
     </span>
    </p>
   </div>
   <div class='ocr_carea' id='block_1_32' title="bbox 2182 1664 3828 1749">
    <p class='ocr_par' dir='ltr' id='par_1_32' title="bbox 2182 1669 3828 1746">
     <span class='ocr_line' id='line_1_32' title="bbox 2182 1669 3828 1746; baseline 0 -20"><span class='ocrx_word' id='word_1_190' title='bbox 2182 1673 2458 1744; x_wconf 82' lang='grc' dir='ltr'>μαντικὸν,</span> <span class='ocrx_word' id='word_1_191' title='bbox 2507 1671 2644 1726; x_wconf 74' lang='grc' dir='ltr'>οὕτω</span> <span class='ocrx_word' id='word_1_192' title='bbox 2685 1671 2773 1726; x_wconf 81' lang='grc' dir='ltr'>καί</span> <span class='ocrx_word' id='word_1_193' title='bbox 2805 1669 3024 1725; x_wconf 77' lang='grc' dir='ltr'>ἐνταῦθα</span> <span class='ocrx_word' id='word_1_194' title='bbox 3070 1671 3132 1724; x_wconf 87' lang='grc' dir='ltr'>τὸ</span> <span class='ocrx_word' id='word_1_195' title='bbox 3189 1669 3428 1746; x_wconf 77' lang='grc' dir='ltr'>γέννημα</span> <span class='ocrx_word' id='word_1_196' title='bbox 3483 1673 3580 1738; x_wconf 78' lang='grc' dir='ltr'>τήν</span> <span class='ocrx_word' id='word_1_197' title='bbox 3644 1672 3828 1728; x_wconf 72' lang='grc' dir='ltr'>ὠσίαν</span> 
     </span>
    </p>
   </div>
   <div class='ocr_carea' id='block_1_33' title="bbox 453 1752 2088 1846">
    <p class='ocr_par' dir='ltr' id='par_1_33' title="bbox 453 1752 2088 1846">
     <span class='ocr_line' id='line_1_33' title="bbox 453 1752 2088 1846; baseline 0.001 -29"><span class='ocrx_word' id='word_1_198' title='bbox 453 1755 777 1846; x_wconf 75' lang='lat' dir='ltr'><strong>significari</strong></span> <span class='ocrx_word' id='word_1_199' title='bbox 797 1752 1234 1846; x_wconf 77' lang='lat' dir='ltr'><strong>dicitzutgeniti</strong></span> <span class='ocrx_word' id='word_1_200' title='bbox 1255 1754 1326 1814; x_wconf 89' lang='lat' dir='ltr'><strong>ad</strong></span> <span class='ocrx_word' id='word_1_201' title='bbox 1351 1755 1673 1846; x_wconf 88' lang='lat' dir='ltr'><strong>ingenitum</strong></span> <span class='ocrx_word' id='word_1_202' title='bbox 1697 1757 2088 1836; x_wconf 84' lang='lat' dir='ltr'><strong>oppositione.</strong></span> 
     </span>
    </p>
   </div>
   <div class='ocr_carea' id='block_1_34' title="bbox 2182 1752 3833 1846">
    <p class='ocr_par' dir='ltr' id='par_1_34' title="bbox 2182 1756 3833 1840">
     <span class='ocr_line' id='line_1_34' title="bbox 2182 1756 3833 1840; baseline -0.005 -26"><span class='ocrx_word' id='word_1_203' title='bbox 2182 1765 2270 1814; x_wconf 80' lang='grc' dir='ltr'>τοῦ</span> <span class='ocrx_word' id='word_1_204' title='bbox 2326 1761 2446 1814; x_wconf 83' lang='grc' dir='ltr'>Υίοῢ</span> <span class='ocrx_word' id='word_1_205' title='bbox 2501 1761 2777 1825; x_wconf 72' lang='grc' dir='ltr'>σημαίνειν</span> <span class='ocrx_word' id='word_1_206' title='bbox 2811 1758 2940 1837; x_wconf 84' lang='grc'><strong>(35)</strong></span> <span class='ocrx_word' id='word_1_207' title='bbox 2969 1757 3112 1835; x_wconf 86' lang='grc' dir='ltr'>λέγει</span> <span class='ocrx_word' id='word_1_208' title='bbox 3140 1778 3152 1790; x_wconf 88' lang='grc'><strong>·</strong></span> <span class='ocrx_word' id='word_1_209' title='bbox 3197 1756 3273 1813; x_wconf 73' lang='grc' dir='ltr'><strong>’ἔν’</strong></span> <span class='ocrx_word' id='word_1_210' title='bbox 3304 1758 3358 1813; x_wconf 84' lang='grc' dir='ltr'><strong>ἐν</strong></span> <span class='ocrx_word' id='word_1_211' title='bbox 3387 1767 3454 1835; x_wconf 77' lang='grc' dir='ltr'>τῇ</span> <span class='ocrx_word' id='word_1_212' title='bbox 3498 1768 3591 1816; x_wconf 77' lang='grc' dir='ltr'>τοῦ</span> <span class='ocrx_word' id='word_1_213' title='bbox 3634 1783 3833 1840; x_wconf 81' lang='grc' dir='ltr'>γεννη-</span> 
     </span>
    </p>
   </div>
   <div class='ocr_carea' id='block_1_35' title="bbox 3796 1858 3824 1867">
    <p class='ocr_par' dir='ltr' id='par_1_35' title="bbox 3796 1858 3824 1867">
     <span class='ocr_line' id='line_1_35' title="bbox 3796 1858 3824 1867; baseline 0 0"><span class='ocrx_word' id='word_1_214' title='bbox 3796 1858 3824 1867; x_wconf 51' lang='grc' dir='ltr'>ς</span> 
     </span>
    </p>
   </div>
   <div class='ocr_carea' id='block_1_36' title="bbox 459 1842 2088 1930">
    <p class='ocr_par' dir='ltr' id='par_1_36' title="bbox 459 1842 2088 1926">
     <span class='ocr_line' id='line_1_36' title="bbox 459 1842 2088 1926; baseline -0.001 -17"><span class='ocrx_word' id='word_1_215' title='bbox 459 1845 841 1926; x_wconf 89' lang='lat' dir='ltr'><strong>Unigenitum</strong></span> <span class='ocrx_word' id='word_1_216' title='bbox 866 1842 1192 1906; x_wconf 90' lang='lat' dir='ltr'><strong>secundum</strong></span> <span class='ocrx_word' id='word_1_217' title='bbox 1217 1842 1409 1921; x_wconf 89' lang='lat' dir='ltr'><strong>ipsam</strong></span> <span class='ocrx_word' id='word_1_218' title='bbox 1438 1844 1826 1906; x_wconf 85' lang='lat' dir='ltr'><strong>substantiam</strong></span> <span class='ocrx_word' id='word_1_219' title='bbox 1853 1857 2088 1908; x_wconf 80' lang='lat' dir='ltr'><strong>contra-</strong></span> 
     </span>
    </p>
   </div>
   <div class='ocr_carea' id='block_1_37' title="bbox 2182 1842 3834 1930">
    <p class='ocr_par' dir='ltr' id='par_1_37' title="bbox 2182 1847 3834 1930">
     <span class='ocr_line' id='line_1_37' title="bbox 2182 1847 3834 1930; baseline 0.002 -26"><span class='ocrx_word' id='word_1_220' title='bbox 2182 1856 2268 1904; x_wconf 82' lang='grc' dir='ltr'>τοῦ</span> <span class='ocrx_word' id='word_1_221' title='bbox 2315 1850 2444 1928; x_wconf 82' lang='grc' dir='ltr'>πρὸς</span> <span class='ocrx_word' id='word_1_222' title='bbox 2473 1851 2534 1904; x_wconf 83' lang='grc' dir='ltr'>τὸ</span> <span class='ocrx_word' id='word_1_223' title='bbox 2567 1849 2853 1926; x_wconf 76' lang='grc' dir='ltr'>ἀγέννητον</span> <span class='ocrx_word' id='word_1_224' title='bbox 2900 1848 3153 1903; x_wconf 75' lang='grc' dir='ltr'>ἀντιθέσει</span> <span class='ocrx_word' id='word_1_225' title='bbox 3198 1847 3444 1912; x_wconf 81' lang='grc' dir='ltr'>ἐναντίως</span> <span class='ocrx_word' id='word_1_226' title='bbox 3496 1849 3696 1930; x_wconf 77' lang='grc' dir='ltr'>ἔχοντα</span> <span class='ocrx_word' id='word_1_227' title='bbox 3749 1858 3834 1924; x_wconf 77' lang='grc' dir='ltr'>τῷ</span> 
     </span>
    </p>
   </div>
   <div class='ocr_carea' id='block_1_38' title="bbox 453 1933 2088 2009">
    <p class='ocr_par' dir='ltr' id='par_1_38' title="bbox 453 1933 2088 2009">
     <span class='ocr_line' id='line_1_38' title="bbox 453 1933 2088 2009; baseline -0.003 -10"><span class='ocrx_word' id='word_1_228' title='bbox 453 1938 543 1999; x_wconf 90' lang='lat' dir='ltr'><strong>rio</strong></span> <span class='ocrx_word' id='word_1_229' title='bbox 575 1935 752 1998; x_wconf 90' lang='lat' dir='ltr'><strong>modo</strong></span> <span class='ocrx_word' id='word_1_230' title='bbox 799 1935 872 1996; x_wconf 92' lang='lat' dir='ltr'><strong>ad</strong></span> <span class='ocrx_word' id='word_1_231' title='bbox 920 1936 1152 1997; x_wconf 88' lang='lat' dir='ltr'><strong>Patrem</strong></span> <span class='ocrx_word' id='word_1_232' title='bbox 1220 1950 1285 1992; x_wconf 86' lang='lat' dir='ltr'><strong>se</strong></span> <span class='ocrx_word' id='word_1_233' title='bbox 1336 1933 1560 1995; x_wconf 87' lang='lat' dir='ltr'><strong>habere</strong></span> <span class='ocrx_word' id='word_1_234' title='bbox 1602 1936 1895 1997; x_wconf 89' lang='lat' dir='ltr'><strong>ostendat.</strong></span> <span class='ocrx_word' id='word_1_235' title='bbox 1932 1935 2088 2009; x_wconf 82' lang='lat' dir='ltr'><strong>Qua-</strong></span> 
     </span>
    </p>
   </div>
   <div class='ocr_carea' id='block_1_39' title="bbox 454 2022 2098 2107">
    <p class='ocr_par' dir='ltr' id='par_1_39' title="bbox 454 2022 2098 2107">
     <span class='ocr_line' id='line_1_39' title="bbox 454 2022 2098 2107; baseline -0.001 -20"><span class='ocrx_word' id='word_1_236' title='bbox 454 2034 698 2107; x_wconf 87' lang='lat' dir='ltr'><strong>propter</strong></span> <span class='ocrx_word' id='word_1_237' title='bbox 744 2043 876 2085; x_wconf 92' lang='lat' dir='ltr'><strong>cum</strong></span> <span class='ocrx_word' id='word_1_238' title='bbox 936 2022 1147 2085; x_wconf 84' lang='lat' dir='ltr'><strong>Filium</strong></span> <span class='ocrx_word' id='word_1_239' title='bbox 1213 2026 1546 2101; x_wconf 84' lang='lat' dir='ltr'><strong>genituram</strong></span> <span class='ocrx_word' id='word_1_240' title='bbox 1605 2024 1883 2104; x_wconf 85' lang='lat' dir='ltr'><strong>appellat,</strong></span> <span class='ocrx_word' id='word_1_241' title='bbox 1917 2026 2098 2086; x_wconf 87' lang='lat' dir='ltr'><strong>verba</strong></span> 
     </span>
    </p>
   </div>
   <div class='ocr_carea' id='block_1_40' title="bbox 451 2112 2091 2197">
    <p class='ocr_par' dir='ltr' id='par_1_40' title="bbox 451 2112 2091 2197">
     <span class='ocr_line' id='line_1_40' title="bbox 451 2112 2091 2197; baseline -0.003 -20"><span class='ocrx_word' id='word_1_242' title='bbox 451 2133 585 2197; x_wconf 73' lang='lat' dir='ltr'><strong>quae</strong></span> <span class='ocrx_word' id='word_1_243' title='bbox 607 2134 643 2176; x_wconf 89' lang='lat' dir='ltr'><strong>a</strong></span> <span class='ocrx_word' id='word_1_244' title='bbox 666 2113 866 2175; x_wconf 92' lang='lat' dir='ltr'><strong>divino</strong></span> <span class='ocrx_word' id='word_1_245' title='bbox 881 2112 1108 2191; x_wconf 87' lang='lat' dir='ltr'><strong>Spiritu</strong></span> <span class='ocrx_word' id='word_1_246' title='bbox 1136 2119 1414 2192; x_wconf 86' lang='lat' dir='ltr'><strong>usurpata</strong></span> <span class='ocrx_word' id='word_1_247' title='bbox 1433 2131 1551 2173; x_wconf 90' lang='lat' dir='ltr'><strong>non</strong></span> <span class='ocrx_word' id='word_1_248' title='bbox 1575 2115 2091 2193; x_wconf 67' lang='lat' dir='ltr'><strong>sunt,praescribit.</strong></span> 
     </span>
    </p>
   </div>
   <div class='ocr_carea' id='block_1_41' title="bbox 449 2201 2090 2284">
    <p class='ocr_par' dir='ltr' id='par_1_41' title="bbox 449 2201 2090 2284">
     <span class='ocr_line' id='line_1_41' title="bbox 449 2201 2090 2284; baseline -0.002 -17"><span class='ocrx_word' id='word_1_249' title='bbox 449 2203 624 2268; x_wconf 87' lang='lat' dir='ltr'><strong>Unde</strong></span> <span class='ocrx_word' id='word_1_250' title='bbox 653 2204 780 2265; x_wconf 67' lang='lat' dir='ltr'><strong>liaac</strong></span> <span class='ocrx_word' id='word_1_251' title='bbox 810 2202 1041 2282; x_wconf 87' lang='lat' dir='ltr'><strong>accepit</strong></span> <span class='ocrx_word' id='word_1_252' title='bbox 1067 2201 1097 2258; x_wconf 82' lang='lat'><strong>‘?</strong></span> <span class='ocrx_word' id='word_1_253' title='bbox 1127 2218 1201 2262; x_wconf 86' lang='lat' dir='ltr'><strong>ex</strong></span> <span class='ocrx_word' id='word_1_254' title='bbox 1249 2219 1364 2281; x_wconf 88' lang='lat' dir='ltr'><strong>qua</strong></span> <span class='ocrx_word' id='word_1_255' title='bbox 1405 2201 1674 2263; x_wconf 85' lang='lat' dir='ltr'><strong>doctrina</strong></span> <span class='ocrx_word' id='word_1_256' title='bbox 1699 2209 1726 2264; x_wconf 84' lang='lat'><strong><em>?</em></strong></span> <span class='ocrx_word' id='word_1_257' title='bbox 1751 2222 1784 2262; x_wconf 91' lang='lat' dir='ltr'><strong>a</strong></span> <span class='ocrx_word' id='word_1_258' title='bbox 1816 2223 1931 2284; x_wconf 91' lang='lat' dir='ltr'><strong>quo</strong></span> <span class='ocrx_word' id='word_1_259' title='bbox 1957 2223 2090 2282; x_wconf 84' lang='lat' dir='ltr'><strong>pro-</strong></span> 
     </span>
    </p>
   </div>
   <div class='ocr_carea' id='block_1_42' title="bbox 451 2290 2090 2372">
    <p class='ocr_par' dir='ltr' id='par_1_42' title="bbox 451 2290 2090 2372">
     <span class='ocr_line' id='line_1_42' title="bbox 451 2290 2090 2372; baseline -0.001 -18"><span class='ocrx_word' id='word_1_260' title='bbox 451 2291 678 2372; x_wconf 83' lang='lat' dir='ltr'><strong>pheta?</strong></span> <span class='ocrx_word' id='word_1_261' title='bbox 707 2311 740 2353; x_wconf 91' lang='lat' dir='ltr'><strong>a</strong></span> <span class='ocrx_word' id='word_1_262' title='bbox 770 2311 886 2372; x_wconf 92' lang='lat' dir='ltr'><strong>quo</strong></span> <span class='ocrx_word' id='word_1_263' title='bbox 913 2290 1208 2372; x_wconf 86' lang='lat' dir='ltr'><strong>apostolo,</strong></span> <span class='ocrx_word' id='word_1_264' title='bbox 1245 2290 1349 2366; x_wconf 84' lang='lat' dir='ltr'><strong>qui</strong></span> <span class='ocrx_word' id='word_1_265' title='bbox 1381 2290 1493 2352; x_wconf 87' lang='lat' dir='ltr'><strong>hoc</strong></span> <span class='ocrx_word' id='word_1_266' title='bbox 1525 2291 1576 2352; x_wconf 91' lang='lat' dir='ltr'><strong>ei</strong></span> <span class='ocrx_word' id='word_1_267' title='bbox 1610 2309 1936 2370; x_wconf 83' lang='lat' dir='ltr'><strong>cognomen</strong></span> <span class='ocrx_word' id='word_1_268' title='bbox 1983 2295 2090 2354; x_wconf 83' lang='lat' dir='ltr'><strong>tri-</strong></span> 
     </span>
    </p>
   </div>
   <div class='ocr_carea' id='block_1_43' title="bbox 448 2379 2086 2462">
    <p class='ocr_par' dir='ltr' id='par_1_43' title="bbox 448 2379 2086 2462">
     <span class='ocr_line' id='line_1_43' title="bbox 448 2379 2086 2462; baseline -0.001 -19"><span class='ocrx_word' id='word_1_269' title='bbox 448 2381 646 2444; x_wconf 87' lang='lat' dir='ltr'><strong>buerit</strong></span> <span class='ocrx_word' id='word_1_270' title='bbox 667 2381 692 2443; x_wconf 78' lang='grc' dir='ltr'>Ῡ</span> <span class='ocrx_word' id='word_1_271' title='bbox 713 2380 832 2461; x_wconf 87' lang='lat' dir='ltr'><strong>Ego</strong></span> <span class='ocrx_word' id='word_1_272' title='bbox 865 2379 1143 2460; x_wconf 82' lang='lat' dir='ltr'><strong>equidem</strong></span> <span class='ocrx_word' id='word_1_273' title='bbox 1177 2379 1330 2440; x_wconf 89' lang='lat' dir='ltr'><strong>hanc</strong></span> <span class='ocrx_word' id='word_1_274' title='bbox 1364 2398 1566 2441; x_wconf 89' lang='lat' dir='ltr'><strong>vocem</strong></span> <span class='ocrx_word' id='word_1_275' title='bbox 1617 2382 1703 2442; x_wconf 89' lang='lat' dir='ltr'><strong>sic</strong></span> <span class='ocrx_word' id='word_1_276' title='bbox 1752 2401 2086 2462; x_wconf 80' lang='lat' dir='ltr'><strong>expressam</strong></span> 
     </span>
    </p>
   </div>
   <div class='ocr_carea' id='block_1_44' title="bbox 445 2468 1510 2550">
    <p class='ocr_par' dir='ltr' id='par_1_44' title="bbox 445 2468 1510 2550">
     <span class='ocr_line' id='line_1_44' title="bbox 445 2468 1510 2550; baseline -0.001 -17"><span class='ocrx_word' id='word_1_277' title='bbox 445 2472 508 2533; x_wconf 91' lang='lat' dir='ltr'><strong>in</strong></span> <span class='ocrx_word' id='word_1_278' title='bbox 541 2471 703 2532; x_wconf 91' lang='lat' dir='ltr'><strong>nullo</strong></span> <span class='ocrx_word' id='word_1_279' title='bbox 735 2469 1058 2550; x_wconf 65' lang='lat' dir='ltr'><strong>Scriptura:</strong></span> <span class='ocrx_word' id='word_1_280' title='bbox 1086 2468 1217 2530; x_wconf 93' lang='lat' dir='ltr'><strong>loco</strong></span> <span class='ocrx_word' id='word_1_281' title='bbox 1249 2468 1510 2532; x_wconf 87' lang='lat' dir='ltr'><strong>invenio.</strong></span> 
     </span>
    </p>
   </div>
   <div class='ocr_carea' id='block_1_45' title="bbox 528 2557 2086 2642">
    <p class='ocr_par' dir='ltr' id='par_1_45' title="bbox 528 2557 2086 2642">
     <span class='ocr_line' id='line_1_45' title="bbox 528 2557 2086 2642; baseline 0.001 -22"><span class='ocrx_word' id='word_1_282' title='bbox 528 2561 584 2620; x_wconf 80' lang='grc'><strong>’7.</strong></span> <span class='ocrx_word' id='word_1_283' title='bbox 614 2561 794 2642; x_wconf 89' lang='lat' dir='ltr'><strong>Atqui</strong></span> <span class='ocrx_word' id='word_1_284' title='bbox 812 2561 907 2621; x_wconf 91' lang='lat' dir='ltr'><strong>hic</strong></span> <span class='ocrx_word' id='word_1_285' title='bbox 932 2559 1039 2618; x_wconf 90' lang='lat' dir='ltr'><strong>iste</strong></span> <span class='ocrx_word' id='word_1_286' title='bbox 1057 2576 1120 2619; x_wconf 90' lang='lat' dir='ltr'><strong>se</strong></span> <span class='ocrx_word' id='word_1_287' title='bbox 1143 2557 1249 2618; x_wconf 90' lang='lat' dir='ltr'><strong>bas</strong></span> <span class='ocrx_word' id='word_1_288' title='bbox 1279 2557 1710 2638; x_wconf 88' lang='lat' dir='ltr'><strong>appellationes</strong></span> <span class='ocrx_word' id='word_1_289' title='bbox 1740 2579 1857 2621; x_wconf 96' lang='lat' dir='ltr'><strong>non</strong></span> <span class='ocrx_word' id='word_1_290' title='bbox 1889 2561 2086 2621; x_wconf 90' lang='lat' dir='ltr'><strong>aliun-</strong></span> 
     </span>
    </p>
   </div>
   <div class='ocr_carea' id='block_1_46' title="bbox 453 2646 2084 2732">
    <p class='ocr_par' dir='ltr' id='par_1_46' title="bbox 453 2646 2084 2732">
     <span class='ocr_line' id='line_1_46' title="bbox 453 2646 2084 2732; baseline -0.002 -18"><span class='ocrx_word' id='word_1_291' title='bbox 453 2651 530 2714; x_wconf 88' lang='lat' dir='ltr'><strong>de</strong></span> <span class='ocrx_word' id='word_1_292' title='bbox 560 2668 738 2732; x_wconf 86' lang='lat' dir='ltr'><strong>quam</strong></span> <span class='ocrx_word' id='word_1_293' title='bbox 771 2669 805 2710; x_wconf 91' lang='lat' dir='ltr'><strong>a</strong></span> <span class='ocrx_word' id='word_1_294' title='bbox 834 2647 1092 2728; x_wconf 73' lang='lat' dir='ltr'><strong>Spiritus</strong></span> <span class='ocrx_word' id='word_1_295' title='bbox 1121 2646 1390 2708; x_wconf 89' lang='lat' dir='ltr'><strong>doctrina</strong></span> <span class='ocrx_word' id='word_1_296' title='bbox 1420 2649 1745 2729; x_wconf 89' lang='lat' dir='ltr'><strong>sumpsisse</strong></span> <span class='ocrx_word' id='word_1_297' title='bbox 1777 2651 2084 2729; x_wconf 88' lang='lat' dir='ltr'><strong>gloriatur.</strong></span> 
     </span>
    </p>
   </div>
   <div class='ocr_carea' id='block_1_47' title="bbox 447 2736 2081 2815">
    <p class='ocr_par' dir='ltr' id='par_1_47' title="bbox 447 2736 2081 2815">
     <span class='ocr_line' id='line_1_47' title="bbox 447 2736 2081 2815; baseline -0.002 -12"><span class='ocrx_word' id='word_1_298' title='bbox 447 2744 658 2803; x_wconf 80' lang='lat' dir='ltr'><strong>Parum</strong></span> <span class='ocrx_word' id='word_1_299' title='bbox 675 2743 837 2801; x_wconf 89' lang='lat' dir='ltr'><strong>enim</strong></span> <span class='ocrx_word' id='word_1_300' title='bbox 859 2738 914 2798; x_wconf 91' lang='lat' dir='ltr'><strong>ei</strong></span> <span class='ocrx_word' id='word_1_301' title='bbox 938 2736 1048 2797; x_wconf 87' lang='lat' dir='ltr'><strong>fuit</strong></span> <span class='ocrx_word' id='word_1_302' title='bbox 1073 2736 1422 2799; x_wconf 87' lang='lat' dir='ltr'><strong>hominibus</strong></span> <span class='ocrx_word' id='word_1_303' title='bbox 1439 2739 1738 2815; x_wconf 88' lang='lat' dir='ltr'><strong>negotium</strong></span> <span class='ocrx_word' id='word_1_304' title='bbox 1767 2740 2081 2811; x_wconf 83' lang='lat' dir='ltr'><strong>facessere,</strong></span> 
     </span>
    </p>
   </div>
   <div class='ocr_carea' id='block_1_48' title="bbox 448 2825 2093 2910">
    <p class='ocr_par' dir='ltr' id='par_1_48' title="bbox 448 2825 2093 2910">
     <span class='ocr_line' id='line_1_48' title="bbox 448 2825 2093 2910; baseline -0.004 -17"><span class='ocrx_word' id='word_1_305' title='bbox 448 2831 566 2893; x_wconf 87' lang='lat' dir='ltr'><strong>nisi</strong></span> <span class='ocrx_word' id='word_1_306' title='bbox 597 2830 658 2890; x_wconf 88' lang='lat' dir='ltr'><strong>in</strong></span> <span class='ocrx_word' id='word_1_307' title='bbox 687 2829 881 2910; x_wconf 90' lang='lat' dir='ltr'><strong>ipsum</strong></span> <span class='ocrx_word' id='word_1_308' title='bbox 940 2825 1114 2887; x_wconf 89' lang='lat' dir='ltr'><strong>etiam</strong></span> <span class='ocrx_word' id='word_1_309' title='bbox 1170 2826 1452 2906; x_wconf 90' lang='lat' dir='ltr'><strong>Spiritum</strong></span> <span class='ocrx_word' id='word_1_310' title='bbox 1507 2827 1919 2891; x_wconf 86' lang='lat' dir='ltr'><strong>insolesceret.</strong></span> <span class='ocrx_word' id='word_1_311' title='bbox 1953 2831 2093 2888; x_wconf 71' lang='lat'><strong>245</strong></span> 
     </span>
    </p>
   </div>
   <div class='ocr_carea' id='block_1_49' title="bbox 446 2915 2092 3000">
    <p class='ocr_par' dir='ltr' id='par_1_49' title="bbox 446 2915 2092 3000">
     <span class='ocr_line' id='line_1_49' title="bbox 446 2915 2092 3000; baseline -0.002 -18"><span class='ocrx_word' id='word_1_312' title='bbox 446 2920 678 2982; x_wconf 85' lang='lat' dir='ltr'><strong>Patrem</strong></span> <span class='ocrx_word' id='word_1_313' title='bbox 703 2917 945 3000; x_wconf 89' lang='lat' dir='ltr'><strong>quidem</strong></span> <span class='ocrx_word' id='word_1_314' title='bbox 978 2915 1279 2995; x_wconf 87' lang='lat' dir='ltr'><strong>genuisse,</strong></span> <span class='ocrx_word' id='word_1_315' title='bbox 1315 2935 1388 2978; x_wconf 85' lang='lat' dir='ltr'><strong>ex</strong></span> <span class='ocrx_word' id='word_1_316' title='bbox 1421 2916 1630 2979; x_wconf 89' lang='lat' dir='ltr'><strong>multis</strong></span> <span class='ocrx_word' id='word_1_317' title='bbox 1685 2918 1832 2979; x_wconf 93' lang='lat' dir='ltr'><strong>locis</strong></span> <span class='ocrx_word' id='word_1_318' title='bbox 1873 2919 2092 2980; x_wconf 89' lang='lat' dir='ltr'><strong>didici-</strong></span> 
     </span>
    </p>
   </div>
   <div class='ocr_carea' id='block_1_50' title="bbox 449 3005 2092 3084">
    <p class='ocr_par' dir='ltr' id='par_1_50' title="bbox 449 3005 2092 3084">
     <span class='ocr_line' id='line_1_50' title="bbox 449 3005 2092 3084; baseline -0.001 -12"><span class='ocrx_word' id='word_1_319' title='bbox 449 3029 605 3073; x_wconf 89' lang='lat' dir='ltr'><strong>mus:</strong></span> <span class='ocrx_word' id='word_1_320' title='bbox 630 3009 846 3072; x_wconf 91' lang='lat' dir='ltr'><strong>Filium</strong></span> <span class='ocrx_word' id='word_1_321' title='bbox 870 3025 1009 3068; x_wconf 88' lang='lat' dir='ltr'><strong>vero</strong></span> <span class='ocrx_word' id='word_1_322' title='bbox 1031 3005 1362 3084; x_wconf 86' lang='lat' dir='ltr'><strong>genituram</strong></span> <span class='ocrx_word' id='word_1_323' title='bbox 1388 3023 1543 3080; x_wconf 90' lang='lat' dir='ltr'><strong>esse,</strong></span> <span class='ocrx_word' id='word_1_324' title='bbox 1565 3007 1820 3068; x_wconf 90' lang='lat' dir='ltr'><strong>necdum</strong></span> <span class='ocrx_word' id='word_1_325' title='bbox 1841 3008 1912 3068; x_wconf 87' lang='lat' dir='ltr'><strong>ad</strong></span> <span class='ocrx_word' id='word_1_326' title='bbox 1935 3010 2092 3071; x_wconf 88' lang='lat' dir='ltr'><strong>hunc</strong></span> 
     </span>
    </p>
   </div>
   <div class='ocr_carea' id='block_1_51' title="bbox 451 3096 2090 3181">
    <p class='ocr_par' dir='ltr' id='par_1_51' title="bbox 451 3096 2090 3181">
     <span class='ocr_line' id='line_1_51' title="bbox 451 3096 2090 3181; baseline -0.002 -18"><span class='ocrx_word' id='word_1_327' title='bbox 451 3118 639 3181; x_wconf 88' lang='lat' dir='ltr'><strong>usque</strong></span> <span class='ocrx_word' id='word_1_328' title='bbox 658 3099 814 3160; x_wconf 90' lang='lat' dir='ltr'><strong>diem</strong></span> <span class='ocrx_word' id='word_1_329' title='bbox 840 3096 1195 3158; x_wconf 89' lang='lat' dir='ltr'><strong>audivimus.</strong></span> <span class='ocrx_word' id='word_1_330' title='bbox 1224 3097 1528 3158; x_wconf 77' lang='lat' dir='ltr'><strong>Parvulas</strong></span> <span class='ocrx_word' id='word_1_331' title='bbox 1549 3097 1953 3177; x_wconf 87' lang='lat' dir='ltr'><strong>enim,inquit,</strong></span> <span class='ocrx_word' id='word_1_332' title='bbox 1974 3117 2090 3160; x_wconf 85' lang='lat' dir='ltr'><strong>na-</strong></span> 
     </span>
    </p>
   </div>
   <div class='ocr_carea' id='block_1_52' title="bbox 449 3184 2092 3264">
    <p class='ocr_par' dir='ltr' id='par_1_52' title="bbox 449 3184 2092 3264">
     <span class='ocr_line' id='line_1_52' title="bbox 449 3184 2092 3264; baseline -0.001 -12"><span class='ocrx_word' id='word_1_333' title='bbox 449 3199 552 3252; x_wconf 78' lang='lat' dir='ltr'><strong>tus</strong></span> <span class='ocrx_word' id='word_1_334' title='bbox 571 3197 661 3251; x_wconf 83' lang='lat' dir='ltr'><strong>est</strong></span> <span class='ocrx_word' id='word_1_335' title='bbox 687 3187 890 3250; x_wconf 77' lang='lat' dir='ltr'><strong>nobis:</strong></span> <span class='ocrx_word' id='word_1_336' title='bbox 915 3184 1083 3264; x_wconf 79' lang='lat' dir='ltr'><strong>ﬁlius</strong></span> <span class='ocrx_word' id='word_1_337' title='bbox 1105 3191 1161 3246; x_wconf 83' lang='lat' dir='ltr'><strong>et</strong></span> <span class='ocrx_word' id='word_1_338' title='bbox 1182 3185 1363 3247; x_wconf 78' lang='lat' dir='ltr'><strong>datus</strong></span> <span class='ocrx_word' id='word_1_339' title='bbox 1385 3194 1472 3246; x_wconf 83' lang='lat' dir='ltr'><strong>est</strong></span> <span class='ocrx_word' id='word_1_340' title='bbox 1500 3185 1701 3259; x_wconf 79' lang='lat' dir='ltr'><strong>nobis;</strong></span> <span class='ocrx_word' id='word_1_341' title='bbox 1723 3194 1899 3261; x_wconf 88' lang='lat' dir='ltr'><strong>atque</strong></span> <span class='ocrx_word' id='word_1_342' title='bbox 1928 3205 2092 3250; x_wconf 75' lang='lat' dir='ltr'><strong>voca-</strong></span> 
     </span>
    </p>
   </div>
   <div class='ocr_carea' id='block_1_53' title="bbox 449 3273 2091 3354">
    <p class='ocr_par' dir='ltr' id='par_1_53' title="bbox 449 3273 2091 3354">
     <span class='ocr_line' id='line_1_53' title="bbox 449 3273 2091 3354; baseline -0.001 -15"><span class='ocrx_word' id='word_1_343' title='bbox 449 3286 546 3339; x_wconf 91' lang='lat' dir='ltr'><strong>tur</strong></span> <span class='ocrx_word' id='word_1_344' title='bbox 576 3295 794 3338; x_wconf 89' lang='lat' dir='ltr'><strong>nomen</strong></span> <span class='ocrx_word' id='word_1_345' title='bbox 827 3277 978 3354; x_wconf 85' lang='lat' dir='ltr'><strong>ejus,</strong></span> <span class='ocrx_word' id='word_1_346' title='bbox 1015 3292 1132 3334; x_wconf 88' lang='lat' dir='ltr'><strong>non</strong></span> <span class='ocrx_word' id='word_1_347' title='bbox 1163 3275 1458 3354; x_wconf 87' lang='lat' dir='ltr'><strong>genitura,</strong></span> <span class='ocrx_word' id='word_1_348' title='bbox 1483 3273 1586 3334; x_wconf 91' lang='lat' dir='ltr'><strong>sed</strong></span> <span class='ocrx_word' id='word_1_349' title='bbox 1618 3274 1830 3354; x_wconf 78' lang='lat' dir='ltr'><strong>Magni</strong></span> <span class='ocrx_word' id='word_1_350' title='bbox 1850 3278 2091 3338; x_wconf 71' lang='lat' dir='ltr'><strong>consilii</strong></span> 
     </span>
    </p>
   </div>
   <div class='ocr_carea' id='block_1_54' title="bbox 450 3363 2091 3445">
    <p class='ocr_par' dir='ltr' id='par_1_54' title="bbox 450 3363 2091 3445">
     <span class='ocr_line' id='line_1_54' title="bbox 450 3363 2091 3445; baseline -0.001 -17"><span class='ocrx_word' id='word_1_351' title='bbox 450 3363 792 3445; x_wconf 65' lang='lat' dir='ltr'><strong>angelus”.</strong></span> <span class='ocrx_word' id='word_1_352' title='bbox 821 3365 997 3443; x_wconf 86' lang='lat' dir='ltr'><strong>Atqui</strong></span> <span class='ocrx_word' id='word_1_353' title='bbox 1017 3363 1068 3423; x_wconf 88' lang='lat' dir='ltr'><strong>si</strong></span> <span class='ocrx_word' id='word_1_354' title='bbox 1100 3363 1372 3442; x_wconf 81' lang='lat' dir='ltr'><strong>genitura</strong></span> <span class='ocrx_word' id='word_1_355' title='bbox 1392 3363 1781 3424; x_wconf 83' lang='lat' dir='ltr'><strong>substantiam</strong></span> <span class='ocrx_word' id='word_1_356' title='bbox 1804 3365 2091 3442; x_wconf 85' lang='lat' dir='ltr'><strong>signiﬁca-</strong></span> 
     </span>
    </p>
   </div>
   <div class='ocr_carea' id='block_1_55' title="bbox 448 3452 2090 3534">
    <p class='ocr_par' dir='ltr' id='par_1_55' title="bbox 448 3452 2090 3534">
     <span class='ocr_line' id='line_1_55' title="bbox 448 3452 2090 3534; baseline -0.001 -18"><span class='ocrx_word' id='word_1_357' title='bbox 448 3465 561 3534; x_wconf 88' lang='lat' dir='ltr'><strong>ret,</strong></span> <span class='ocrx_word' id='word_1_358' title='bbox 585 3472 703 3515; x_wconf 91' lang='lat' dir='ltr'><strong>non</strong></span> <span class='ocrx_word' id='word_1_359' title='bbox 725 3454 881 3515; x_wconf 87' lang='lat' dir='ltr'><strong>aliud</strong></span> <span class='ocrx_word' id='word_1_360' title='bbox 911 3452 1174 3532; x_wconf 84' lang='lat' dir='ltr'><strong>profecto</strong></span> <span class='ocrx_word' id='word_1_361' title='bbox 1200 3471 1416 3513; x_wconf 90' lang='lat' dir='ltr'><strong>nomen</strong></span> <span class='ocrx_word' id='word_1_362' title='bbox 1452 3471 1559 3513; x_wconf 91' lang='lat' dir='ltr'><strong>nos</strong></span> <span class='ocrx_word' id='word_1_363' title='bbox 1590 3453 1890 3515; x_wconf 86' lang='lat' dir='ltr'><strong>docuisset</strong></span> <span class='ocrx_word' id='word_1_364' title='bbox 1908 3455 2090 3534; x_wconf 88' lang='lat' dir='ltr'><strong>Spiri-</strong></span> 
     </span>
    </p>
   </div>
   <div class='ocr_carea' id='block_1_56' title="bbox 449 3541 2092 3623">
    <p class='ocr_par' dir='ltr' id='par_1_56' title="bbox 449 3541 2092 3623">
     <span class='ocr_line' id='line_1_56' title="bbox 449 3541 2092 3623; baseline -0.001 -17"><span class='ocrx_word' id='word_1_365' title='bbox 449 3554 566 3618; x_wconf 87' lang='lat' dir='ltr'><strong>tus,</strong></span> <span class='ocrx_word' id='word_1_366' title='bbox 603 3562 778 3623; x_wconf 86' lang='lat' dir='ltr'><strong>quam</strong></span> <span class='ocrx_word' id='word_1_367' title='bbox 808 3542 965 3622; x_wconf 89' lang='lat' dir='ltr'><strong>quod</strong></span> <span class='ocrx_word' id='word_1_368' title='bbox 987 3541 1375 3604; x_wconf 86' lang='lat' dir='ltr'><strong>substantiam</strong></span> <span class='ocrx_word' id='word_1_369' title='bbox 1401 3546 1530 3620; x_wconf 74' lang='lat' dir='ltr'><strong>ejus</strong></span> <span class='ocrx_word' id='word_1_370' title='bbox 1561 3543 1749 3622; x_wconf 82' lang='lat' dir='ltr'><strong>palam</strong></span> <span class='ocrx_word' id='word_1_371' title='bbox 1787 3542 2092 3606; x_wconf 82' lang='lat' dir='ltr'><strong>declarare</strong></span> 
     </span>
    </p>
   </div>
   <div class='ocr_carea' id='block_1_57' title="bbox 451 3630 2087 3717">
    <p class='ocr_par' dir='ltr' id='par_1_57' title="bbox 451 3630 2087 3717">
     <span class='ocr_line' id='line_1_57' title="bbox 451 3630 2087 3717; baseline -0.002 -20"><span class='ocrx_word' id='word_1_372' title='bbox 451 3644 670 3717; x_wconf 79' lang='lat' dir='ltr'><strong>posset.</strong></span> <span class='ocrx_word' id='word_1_373' title='bbox 698 3635 773 3696; x_wconf 91' lang='lat' dir='ltr'><strong>Et</strong></span> <span class='ocrx_word' id='word_1_374' title='bbox 802 3651 1060 3706; x_wconf 90' lang='lat' dir='ltr'><strong>rursum,</strong></span> <span class='ocrx_word' id='word_1_375' title='bbox 1088 3630 1297 3693; x_wconf 84' lang='lat' dir='ltr'><strong>Petrus</strong></span> <span class='ocrx_word' id='word_1_376' title='bbox 1323 3634 1422 3712; x_wconf 91' lang='lat' dir='ltr'><strong>qui</strong></span> <span class='ocrx_word' id='word_1_377' title='bbox 1456 3631 1530 3694; x_wconf 88' lang='lat' dir='ltr'><strong>ob</strong></span> <span class='ocrx_word' id='word_1_378' title='bbox 1553 3633 1816 3694; x_wconf 84' lang='lat' dir='ltr'><strong>veritatis</strong></span> <span class='ocrx_word' id='word_1_379' title='bbox 1835 3636 2087 3712; x_wconf 85' lang='lat' dir='ltr'><strong>agnitio-</strong></span> 
     </span>
    </p>
   </div>
   <div class='ocr_carea' id='block_1_58' title="bbox 446 3723 2085 3801">
    <p class='ocr_par' dir='ltr' id='par_1_58' title="bbox 446 3723 2085 3801">
     <span class='ocr_line' id='line_1_58' title="bbox 446 3723 2085 3801; baseline -0.001 -14"><span class='ocrx_word' id='word_1_380' title='bbox 446 3743 585 3787; x_wconf 88' lang='lat' dir='ltr'><strong>nem</strong></span> <span class='ocrx_word' id='word_1_381' title='bbox 619 3724 734 3785; x_wconf 86' lang='lat' dir='ltr'><strong>illis</strong></span> <span class='ocrx_word' id='word_1_382' title='bbox 781 3723 1076 3784; x_wconf 88' lang='lat' dir='ltr'><strong>beatitatis</strong></span> <span class='ocrx_word' id='word_1_383' title='bbox 1139 3723 1492 3783; x_wconf 87' lang='lat' dir='ltr'><strong>testimoniis</strong></span> <span class='ocrx_word' id='word_1_384' title='bbox 1525 3723 1794 3801; x_wconf 77' lang='lat' dir='ltr'><strong>dignatus</strong></span> <span class='ocrx_word' id='word_1_385' title='bbox 1824 3733 1934 3796; x_wconf 89' lang='lat' dir='ltr'><strong>est,</strong></span> <span class='ocrx_word' id='word_1_386' title='bbox 1969 3744 2085 3786; x_wconf 88' lang='lat' dir='ltr'><strong>non</strong></span> 
     </span>
    </p>
   </div>
   <div class='ocr_carea' id='block_1_59' title="bbox 444 3811 2085 3895">
    <p class='ocr_par' dir='ltr' id='par_1_59' title="bbox 444 3811 2085 3895">
     <span class='ocr_line' id='line_1_59' title="bbox 444 3811 2085 3895; baseline -0.002 -18"><span class='ocrx_word' id='word_1_387' title='bbox 444 3816 614 3895; x_wconf 85' lang='lat' dir='ltr'><strong>dixit,</strong></span> <span class='ocrx_word' id='word_1_388' title='bbox 635 3813 724 3875; x_wconf 92' lang='lat' dir='ltr'><strong>Tu</strong></span> <span class='ocrx_word' id='word_1_389' title='bbox 760 3832 826 3876; x_wconf 91' lang='lat' dir='ltr'><strong>es</strong></span> <span class='ocrx_word' id='word_1_390' title='bbox 855 3814 1166 3892; x_wconf 85' lang='lat' dir='ltr'><strong>genitura;</strong></span> <span class='ocrx_word' id='word_1_391' title='bbox 1195 3815 1338 3876; x_wconf 86' lang='lat' dir='ltr'><strong>sed:</strong></span> <span class='ocrx_word' id='word_1_392' title='bbox 1379 3811 1464 3874; x_wconf 88' lang='lat' dir='ltr'><strong>Tu</strong></span> <span class='ocrx_word' id='word_1_393' title='bbox 1489 3832 1546 3874; x_wconf 80' lang='lat' dir='ltr'><strong>es</strong></span> <span class='ocrx_word' id='word_1_394' title='bbox 1571 3816 1850 3876; x_wconf 67' lang='lat' dir='ltr'><strong>Christus</strong></span> <span class='ocrx_word' id='word_1_395' title='bbox 1889 3816 2085 3876; x_wconf 75' lang='lat' dir='ltr'><strong>Filius</strong></span> 
     </span>
    </p>
   </div>
   <div class='ocr_carea' id='block_1_60' title="bbox 443 3901 2080 3983">
    <p class='ocr_par' dir='ltr' id='par_1_60' title="bbox 443 3901 2080 3983">
     <span class='ocr_line' id='line_1_60' title="bbox 443 3901 2080 3983; baseline 0 -17"><span class='ocrx_word' id='word_1_396' title='bbox 443 3901 784 3966; x_wconf 64' lang='lat' dir='ltr'><strong>Deivivi‘”.</strong></span> <span class='ocrx_word' id='word_1_397' title='bbox 811 3904 963 3976; x_wconf 87' lang='lat' dir='ltr'><strong>Quin</strong></span> <span class='ocrx_word' id='word_1_398' title='bbox 987 3911 1044 3963; x_wconf 89' lang='lat' dir='ltr'><strong>et</strong></span> <span class='ocrx_word' id='word_1_399' title='bbox 1068 3903 1552 3983; x_wconf 87' lang='lat' dir='ltr'><strong>Paulus,etiamsi</strong></span> <span class='ocrx_word' id='word_1_400' title='bbox 1583 3904 1781 3964; x_wconf 89' lang='lat' dir='ltr'><strong>omnia</strong></span> <span class='ocrx_word' id='word_1_401' title='bbox 1811 3906 2080 3966; x_wconf 85' lang='lat' dir='ltr'><strong>suaseri-</strong></span> 
     </span>
    </p>
   </div>
   <div class='ocr_carea' id='block_1_61' title="bbox 446 3992 2082 4075">
    <p class='ocr_par' dir='ltr' id='par_1_61' title="bbox 446 3992 2082 4075">
     <span class='ocr_line' id='line_1_61' title="bbox 446 3992 2082 4075; baseline 0 -21"><span class='ocrx_word' id='word_1_402' title='bbox 446 4003 544 4075; x_wconf 86' lang='lat' dir='ltr'><strong>pta</strong></span> <span class='ocrx_word' id='word_1_403' title='bbox 573 3993 709 4054; x_wconf 86' lang='lat' dir='ltr'><strong>Filii</strong></span> <span class='ocrx_word' id='word_1_404' title='bbox 741 3992 1138 4073; x_wconf 89' lang='lat' dir='ltr'><strong>appellatione</strong></span> <span class='ocrx_word' id='word_1_405' title='bbox 1172 3992 1528 4071; x_wconf 76' lang='lat' dir='ltr'><strong>impleverit,</strong></span> <span class='ocrx_word' id='word_1_406' title='bbox 1563 4012 1848 4072; x_wconf 87' lang='lat' dir='ltr'><strong>nusquam</strong></span> <span class='ocrx_word' id='word_1_407' title='bbox 1886 4005 2082 4055; x_wconf 90' lang='lat' dir='ltr'><strong>tamen</strong></span> 
     </span>
    </p>
   </div>
   <div class='ocr_carea' id='block_1_62' title="bbox 444 4081 2084 4162">
    <p class='ocr_par' dir='ltr' id='par_1_62' title="bbox 444 4081 2084 4162">
     <span class='ocr_line' id='line_1_62' title="bbox 444 4081 2084 4162; baseline 0 -19"><span class='ocrx_word' id='word_1_408' title='bbox 444 4084 726 4162; x_wconf 73' lang='lat' dir='ltr'><strong>geniturae</strong></span> <span class='ocrx_word' id='word_1_409' title='bbox 758 4081 1121 4143; x_wconf 88' lang='lat' dir='ltr'><strong>mentionem</strong></span> <span class='ocrx_word' id='word_1_410' title='bbox 1155 4083 1366 4144; x_wconf 84' lang='lat' dir='ltr'><strong>fecisse</strong></span> <span class='ocrx_word' id='word_1_411' title='bbox 1401 4083 1731 4162; x_wconf 87' lang='lat' dir='ltr'><strong>reperietur</strong></span> <span class='ocrx_word' id='word_1_412' title='bbox 1759 4083 1946 4161; x_wconf 83' lang='lat' dir='ltr'><strong>:quod</strong></span> <span class='ocrx_word' id='word_1_413' title='bbox 1984 4102 2084 4143; x_wconf 87' lang='lat' dir='ltr'><strong>no-</strong></span> 
     </span>
    </p>
   </div>
   <div class='ocr_carea' id='block_1_63' title="bbox 447 4170 2082 4251">
    <p class='ocr_par' dir='ltr' id='par_1_63' title="bbox 447 4170 2082 4251">
     <span class='ocr_line' id='line_1_63' title="bbox 447 4170 2082 4251; baseline -0.001 -18"><span class='ocrx_word' id='word_1_414' title='bbox 447 4192 580 4233; x_wconf 90' lang='lat' dir='ltr'><strong>men</strong></span> <span class='ocrx_word' id='word_1_415' title='bbox 603 4173 700 4234; x_wconf 91' lang='lat' dir='ltr'><strong>bic</strong></span> <span class='ocrx_word' id='word_1_416' title='bbox 729 4171 852 4245; x_wconf 87' lang='lat' dir='ltr'><strong>ille,</strong></span> <span class='ocrx_word' id='word_1_417' title='bbox 881 4180 1154 4251; x_wconf 88' lang='lat' dir='ltr'><strong>tanquam</strong></span> <span class='ocrx_word' id='word_1_418' title='bbox 1176 4171 1224 4231; x_wconf 94' lang='lat' dir='ltr'><strong>si</strong></span> <span class='ocrx_word' id='word_1_419' title='bbox 1251 4171 1394 4231; x_wconf 90' lang='lat' dir='ltr'><strong>illud</strong></span> <span class='ocrx_word' id='word_1_420' title='bbox 1413 4190 1480 4232; x_wconf 78' lang='lat' dir='ltr'><strong>ex</strong></span> <span class='ocrx_word' id='word_1_421' title='bbox 1507 4170 1704 4230; x_wconf 86' lang='lat' dir='ltr'><strong>divino</strong></span> <span class='ocrx_word' id='word_1_422' title='bbox 1729 4172 2082 4232; x_wconf 86' lang='lat' dir='ltr'><strong>documento</strong></span> 
     </span>
    </p>
   </div>
   <div class='ocr_carea' id='block_1_64' title="bbox 442 4260 2086 4343">
    <p class='ocr_par' dir='ltr' id='par_1_64' title="bbox 442 4260 2086 4343">
     <span class='ocr_line' id='line_1_64' title="bbox 442 4260 2086 4343; baseline -0.001 -20"><span class='ocrx_word' id='word_1_423' title='bbox 442 4260 1163 4343; x_wconf 81' lang='lat' dir='ltr'><strong>accepisset,conﬁdentia</strong></span> <span class='ocrx_word' id='word_1_424' title='bbox 1195 4261 1376 4321; x_wconf 87' lang='lat' dir='ltr'><strong>multa</strong></span> <span class='ocrx_word' id='word_1_425' title='bbox 1408 4260 1784 4339; x_wconf 74' lang='lat' dir='ltr'><strong>profert.Nec</strong></span> <span class='ocrx_word' id='word_1_426' title='bbox 1807 4262 1960 4321; x_wconf 88' lang='lat' dir='ltr'><strong>enim</strong></span> <span class='ocrx_word' id='word_1_427' title='bbox 1989 4263 2086 4322; x_wconf 88' lang='lat' dir='ltr'><strong>hic</strong></span> 
     </span>
    </p>
   </div>
   <div class='ocr_carea' id='block_1_65' title="bbox 440 4349 2086 4430">
    <p class='ocr_par' dir='ltr' id='par_1_65' title="bbox 440 4349 2086 4430">
     <span class='ocr_line' id='line_1_65' title="bbox 440 4349 2086 4430; baseline -0.001 -18"><span class='ocrx_word' id='word_1_428' title='bbox 440 4353 494 4412; x_wconf 90' lang='lat' dir='ltr'><strong>ei</strong></span> <span class='ocrx_word' id='word_1_429' title='bbox 522 4349 990 4430; x_wconf 89' lang='lat' dir='ltr'><strong>permittendum</strong></span> <span class='ocrx_word' id='word_1_430' title='bbox 1018 4357 1790 4429; x_wconf 70' lang='lat' dir='ltr'><strong>est,ut,voce,genuit,q:.a3</strong></span> <span class='ocrx_word' id='word_1_431' title='bbox 1812 4350 1886 4410; x_wconf 88' lang='lat' dir='ltr'><strong>de</strong></span> <span class='ocrx_word' id='word_1_432' title='bbox 1916 4351 2086 4412; x_wconf 82' lang='lat' dir='ltr'><strong>Patre</strong></span> 
     </span>
    </p>
   </div>
   <div class='ocr_carea' id='block_1_66' title="bbox 2179 1937 3824 2016">
    <p class='ocr_par' dir='ltr' id='par_1_66' title="bbox 2179 1937 3824 2016">
     <span class='ocr_line' id='line_1_66' title="bbox 2179 1937 3824 2016; baseline 0.002 -24"><span class='ocrx_word' id='word_1_433' title='bbox 2179 1939 2342 2016; x_wconf 85' lang='grc' dir='ltr'>Πατρὶ</span> <span class='ocrx_word' id='word_1_434' title='bbox 2372 1939 2460 1994; x_wconf 79' lang='grc' dir='ltr'>τὸν</span> <span class='ocrx_word' id='word_1_435' title='bbox 2523 1939 2794 2015; x_wconf 84' lang='grc' dir='ltr'>Μονογενῆ</span> <span class='ocrx_word' id='word_1_436' title='bbox 2844 1938 2980 1993; x_wconf 79' lang='grc' dir='ltr'>κατὰ</span> <span class='ocrx_word' id='word_1_437' title='bbox 3028 1937 3124 2004; x_wconf 79' lang='grc' dir='ltr'>τὴν</span> <span class='ocrx_word' id='word_1_438' title='bbox 3160 1938 3336 1993; x_wconf 68' lang='grc' dir='ltr'>οὐσίαν</span> <span class='ocrx_word' id='word_1_439' title='bbox 3366 1939 3532 2006; x_wconf 66' lang='grc' dir='ltr'>αὐτὴν</span> <span class='ocrx_word' id='word_1_440' title='bbox 3563 1939 3824 2015; x_wconf 74' lang='grc' dir='ltr'>ἐπιδείξῃ,</span> 
     </span>
    </p>
   </div>
   <div class='ocr_carea' id='block_1_67' title="bbox 2183 2024 3826 2106">
    <p class='ocr_par' dir='ltr' id='par_1_67' title="bbox 2183 2024 3826 2106">
     <span class='ocr_line' id='line_1_67' title="bbox 2183 2024 3826 2106; baseline 0.002 -25"><span class='ocrx_word' id='word_1_441' title='bbox 2183 2028 2280 2081; x_wconf 78' lang='grc' dir='ltr'>Δια</span> <span class='ocrx_word' id='word_1_442' title='bbox 2308 2033 2471 2082; x_wconf 77' lang='grc' dir='ltr'>ταῦτα</span> <span class='ocrx_word' id='word_1_443' title='bbox 2532 2031 2810 2100; x_wconf 82' lang='grc' dir='ltr'>νομοθετετ</span> <span class='ocrx_word' id='word_1_444' title='bbox 2853 2027 3065 2103; x_wconf 78' lang='grc' dir='ltr'>ῥήματα</span> <span class='ocrx_word' id='word_1_445' title='bbox 3126 2024 3224 2091; x_wconf 77' lang='grc' dir='ltr'>ἔξω</span> <span class='ocrx_word' id='word_1_446' title='bbox 3265 2027 3362 2094; x_wconf 76' lang='grc' dir='ltr'><strong>τῆς</strong></span> <span class='ocrx_word' id='word_1_447' title='bbox 3407 2031 3663 2106; x_wconf 77' lang='grc' dir='ltr'>χρήσεως</span> <span class='ocrx_word' id='word_1_448' title='bbox 3693 2029 3826 2085; x_wconf 79' lang='grc' dir='ltr'>ὅντα</span> 
     </span>
    </p>
   </div>
   <div class='ocr_carea' id='block_1_68' title="bbox 2179 2115 3825 2194">
    <p class='ocr_par' dir='ltr' id='par_1_68' title="bbox 2179 2115 3825 2194">
     <span class='ocr_line' id='line_1_68' title="bbox 2179 2115 3825 2194; baseline 0.002 -23"><span class='ocrx_word' id='word_1_449' title='bbox 2179 2116 2270 2171; x_wconf 75' lang='grc' dir='ltr'>τοῦ</span> <span class='ocrx_word' id='word_1_450' title='bbox 2327 2118 2463 2172; x_wconf 87' lang='grc' dir='ltr'>θείου</span> <span class='ocrx_word' id='word_1_451' title='bbox 2515 2116 2840 2190; x_wconf 81' lang='grc' dir='ltr'>Πνεύματος,</span> <span class='ocrx_word' id='word_1_452' title='bbox 2883 2115 3124 2193; x_wconf 75' lang='grc' dir='ltr'>γέννημα</span> <span class='ocrx_word' id='word_1_453' title='bbox 3179 2117 3270 2171; x_wconf 84' lang='grc' dir='ltr'>τὸν</span> <span class='ocrx_word' id='word_1_454' title='bbox 3335 2119 3454 2172; x_wconf 81' lang='grc' dir='ltr'><strong>Υἱὸν</strong></span> <span class='ocrx_word' id='word_1_455' title='bbox 3517 2121 3825 2194; x_wconf 71' lang='grc' dir='ltr'>ὀνομάζων.</span> 
     </span>
    </p>
   </div>
   <div class='ocr_carea' id='block_1_69' title="bbox 2177 2201 3824 2287">
    <p class='ocr_par' dir='ltr' id='par_1_69' title="bbox 2177 2201 3824 2287">
     <span class='ocr_line' id='line_1_69' title="bbox 2177 2201 3824 2287; baseline 0.003 -29"><span class='ocrx_word' id='word_1_456' title='bbox 2177 2203 2342 2259; x_wconf 81' lang='grc' dir='ltr'>Πόθεν</span> <span class='ocrx_word' id='word_1_457' title='bbox 2374 2201 2548 2260; x_wconf 76' lang='grc' dir='ltr'>λαϐών</span> <span class='ocrx_word' id='word_1_458' title='bbox 2584 2221 2599 2277; x_wconf 88' lang='grc'>;</span> <span class='ocrx_word' id='word_1_459' title='bbox 2634 2204 2694 2260; x_wconf 82' lang='grc' dir='ltr'>ὲκ</span> <span class='ocrx_word' id='word_1_460' title='bbox 2722 2205 2875 2267; x_wconf 91' lang='grc' dir='ltr'>ποίας</span> <span class='ocrx_word' id='word_1_461' title='bbox 2907 2201 3245 2268; x_wconf 76' lang='grc' dir='ltr'>διδασκαλίας</span> <span class='ocrx_word' id='word_1_462' title='bbox 3279 2223 3294 2277; x_wconf 85' lang='grc'>;</span> <span class='ocrx_word' id='word_1_463' title='bbox 3323 2212 3468 2267; x_wconf 77' lang='grc' dir='ltr'>τινος</span> <span class='ocrx_word' id='word_1_464' title='bbox 3495 2207 3780 2287; x_wconf 60' lang='grc' dir='ltr'><strong>προφήτου</strong></span> <span class='ocrx_word' id='word_1_465' title='bbox 3807 2226 3824 2281; x_wconf 85' lang='grc'>;</span> 
     </span>
    </p>
   </div>
   <div class='ocr_carea' id='block_1_70' title="bbox 2176 2293 3827 2373">
    <p class='ocr_par' dir='ltr' id='par_1_70' title="bbox 2176 2293 3827 2373">
     <span class='ocr_line' id='line_1_70' title="bbox 2176 2293 3827 2373; baseline 0.001 -25"><span class='ocrx_word' id='word_1_466' title='bbox 2176 2295 2313 2353; x_wconf 86' lang='grc' dir='ltr'>τίνος</span> <span class='ocrx_word' id='word_1_467' title='bbox 2345 2296 2449 2348; x_wconf 77' lang='grc' dir='ltr'>τῶν</span> <span class='ocrx_word' id='word_1_468' title='bbox 2495 2293 2808 2349; x_wconf 79' lang='grc' dir='ltr'><strong>ἀποστόλων</strong></span> <span class='ocrx_word' id='word_1_469' title='bbox 2859 2293 3057 2359; x_wconf 79' lang='grc' dir='ltr'>ταύτην</span> <span class='ocrx_word' id='word_1_470' title='bbox 3116 2295 3256 2366; x_wconf 73' lang='grc' dir='ltr'>αὖτῷ</span> <span class='ocrx_word' id='word_1_471' title='bbox 3315 2297 3411 2361; x_wconf 76' lang='grc' dir='ltr'>τὴν</span> <span class='ocrx_word' id='word_1_472' title='bbox 3444 2299 3827 2373; x_wconf 77' lang='grc' dir='ltr'>προσωνυμίαν</span> 
     </span>
    </p>
   </div>
   <div class='ocr_carea' id='block_1_71' title="bbox 2176 2380 3824 2465">
    <p class='ocr_par' dir='ltr' id='par_1_71' title="bbox 2176 2380 3824 2465">
     <span class='ocr_line' id='line_1_71' title="bbox 2176 2380 3824 2465; baseline 0.003 -30"><span class='ocrx_word' id='word_1_473' title='bbox 2176 2381 2646 2461; x_wconf 71' lang='grc' dir='ltr'>ἐπιφημίσαντος;</span> <span class='ocrx_word' id='word_1_474' title='bbox 2693 2380 2835 2459; x_wconf 83' lang='grc' dir='ltr'><strong>Ἐγὼ</strong></span> <span class='ocrx_word' id='word_1_475' title='bbox 2883 2383 2979 2455; x_wconf 79' lang='grc' dir='ltr'>μὲν</span> <span class='ocrx_word' id='word_1_476' title='bbox 3025 2383 3125 2460; x_wconf 80' lang='grc' dir='ltr'>γὰρ</span> <span class='ocrx_word' id='word_1_477' title='bbox 3169 2380 3397 2458; x_wconf 71' lang='grc' dir='ltr'>οὐδαμοῦ</span> <span class='ocrx_word' id='word_1_478' title='bbox 3446 2390 3544 2451; x_wconf 80' lang='grc' dir='ltr'>τῆς</span> <span class='ocrx_word' id='word_1_479' title='bbox 3601 2391 3824 2465; x_wconf 61' lang='grc' dir='ltr'>Γραφῆς</span> 
     </span>
    </p>
   </div>
   <div class='ocr_carea' id='block_1_72' title="bbox 2176 2470 3372 2551">
    <p class='ocr_par' dir='ltr' id='par_1_72' title="bbox 2176 2470 3372 2551">
     <span class='ocr_line' id='line_1_72' title="bbox 2176 2470 3372 2551; baseline -0.001 -25"><span class='ocrx_word' id='word_1_480' title='bbox 2176 2470 2427 2546; x_wconf 81' lang='grc' dir='ltr'>κειμένην</span> <span class='ocrx_word' id='word_1_481' title='bbox 2459 2472 2596 2527; x_wconf 73' lang='grc' dir='ltr'>οὕτω</span> <span class='ocrx_word' id='word_1_482' title='bbox 2625 2473 2723 2538; x_wconf 75' lang='grc' dir='ltr'>τὴν</span> <span class='ocrx_word' id='word_1_483' title='bbox 2756 2473 2936 2551; x_wconf 66' lang='grc' dir='ltr'>φωνὴν</span> <span class='ocrx_word' id='word_1_484' title='bbox 2967 2474 3165 2537; x_wconf 77' lang='grc' dir='ltr'>ταύτην</span> <span class='ocrx_word' id='word_1_485' title='bbox 3197 2479 3372 2550; x_wconf 76' lang='grc' dir='ltr'>εὖρον,</span> 
     </span>
    </p>
   </div>
   <div class='ocr_carea' id='block_1_73' title="bbox 2259 2560 3820 2639">
    <p class='ocr_par' dir='ltr' id='par_1_73' title="bbox 2259 2560 3820 2639">
     <span class='ocr_line' id='line_1_73' title="bbox 2259 2560 3820 2639; baseline 0.001 -19"><span class='ocrx_word' id='word_1_486' title='bbox 2259 2562 2315 2622; x_wconf 83' lang='grc'><strong>’7.</strong></span> <span class='ocrx_word' id='word_1_487' title='bbox 2354 2563 2532 2619; x_wconf 74' lang='grc' dir='ltr'>Καίτοι</span> <span class='ocrx_word' id='word_1_488' title='bbox 2567 2560 2848 2636; x_wconf 73' lang='grc' dir='ltr'>οὖδαμόθεν</span> <span class='ocrx_word' id='word_1_489' title='bbox 2896 2568 3046 2625; x_wconf 77' lang='grc' dir='ltr'>οὖτος</span> <span class='ocrx_word' id='word_1_490' title='bbox 3093 2563 3126 2627; x_wconf 75' lang='grc' dir='ltr'><strong>ἢ</strong></span> <span class='ocrx_word' id='word_1_491' title='bbox 3172 2561 3232 2616; x_wconf 77' lang='grc' dir='ltr'>ἐκ</span> <span class='ocrx_word' id='word_1_492' title='bbox 3263 2563 3358 2629; x_wconf 74' lang='grc' dir='ltr'>τῆς</span> <span class='ocrx_word' id='word_1_493' title='bbox 3385 2570 3475 2619; x_wconf 82' lang='grc' dir='ltr'><strong>τοῦ</strong></span> <span class='ocrx_word' id='word_1_494' title='bbox 3507 2568 3820 2639; x_wconf 71' lang='grc' dir='ltr'>Πνεύματος</span> 
     </span>
    </p>
   </div>
   <div class='ocr_carea' id='block_1_74' title="bbox 2171 2649 3821 2729">
    <p class='ocr_par' dir='ltr' id='par_1_74' title="bbox 2171 2649 3821 2729">
     <span class='ocr_line' id='line_1_74' title="bbox 2171 2649 3821 2729; baseline 0.004 -24"><span class='ocrx_word' id='word_1_495' title='bbox 2171 2649 2506 2716; x_wconf 76' lang='grc' dir='ltr'>διδασκαλίας</span> <span class='ocrx_word' id='word_1_496' title='bbox 2560 2650 2830 2729; x_wconf 67' lang='grc' dir='ltr'>εἰληφέναι</span> <span class='ocrx_word' id='word_1_497' title='bbox 2893 2653 2984 2714; x_wconf 85' lang='grc' dir='ltr'><strong>τὰς</strong></span> <span class='ocrx_word' id='word_1_498' title='bbox 3043 2653 3400 2729; x_wconf 78' lang='grc' dir='ltr'>προσηγορίας</span> <span class='ocrx_word' id='word_1_499' title='bbox 3451 2658 3642 2720; x_wconf 80' lang='grc' dir='ltr'>ταύτας</span> <span class='ocrx_word' id='word_1_500' title='bbox 3677 2656 3821 2712; x_wconf 79' lang='grc' dir='ltr'>ἁλα-</span> 
     </span>
    </p>
   </div>
   <div class='ocr_carea' id='block_1_75' title="bbox 2171 2741 3820 2822">
    <p class='ocr_par' dir='ltr' id='par_1_75' title="bbox 2171 2741 3820 2822">
     <span class='ocr_line' id='line_1_75' title="bbox 2171 2741 3820 2822; baseline 0.004 -27"><span class='ocrx_word' id='word_1_501' title='bbox 2171 2741 2456 2810; x_wconf 80' lang='grc' dir='ltr'>ζονεύεται.</span> <span class='ocrx_word' id='word_1_502' title='bbox 2523 2742 2719 2815; x_wconf 83' lang='grc' dir='ltr'><strong>Μικρὸν</strong></span> <span class='ocrx_word' id='word_1_503' title='bbox 2769 2741 2868 2818; x_wconf 73' lang='grc' dir='ltr'>γὰρ</span> <span class='ocrx_word' id='word_1_504' title='bbox 2918 2741 3059 2812; x_wconf 76' lang='grc' dir='ltr'>αὐτῷ</span> <span class='ocrx_word' id='word_1_505' title='bbox 3110 2754 3226 2797; x_wconf 76' lang='grc' dir='ltr'>τοῖς</span> <span class='ocrx_word' id='word_1_506' title='bbox 3277 2741 3574 2819; x_wconf 81' lang='grc' dir='ltr'>ἀνθρώποις</span> <span class='ocrx_word' id='word_1_507' title='bbox 3631 2745 3820 2822; x_wconf 76' lang='grc' dir='ltr'>ἀγῶνα</span> 
     </span>
    </p>
   </div>
   <div class='ocr_carea' id='block_1_76' title="bbox 2175 2827 3822 2909">
    <p class='ocr_par' dir='ltr' id='par_1_76' title="bbox 2175 2827 3822 2909">
     <span class='ocr_line' id='line_1_76' title="bbox 2175 2827 3822 2909; baseline 0.003 -24"><span class='ocrx_word' id='word_1_508' title='bbox 2175 2831 2455 2909; x_wconf 84' lang='grc' dir='ltr'>παρέχειν,</span> <span class='ocrx_word' id='word_1_509' title='bbox 2490 2830 2533 2885; x_wconf 77' lang='grc' dir='ltr'>εἰ</span> <span class='ocrx_word' id='word_1_510' title='bbox 2557 2830 2634 2903; x_wconf 76' lang='grc' dir='ltr'><strong>μὴ</strong></span> <span class='ocrx_word' id='word_1_511' title='bbox 2668 2831 2753 2886; x_wconf 64' lang='grc' dir='ltr'>καὶ</span> <span class='ocrx_word' id='word_1_512' title='bbox 2781 2834 2939 2887; x_wconf 69' lang='grc' dir='ltr'>αὐτοῦ</span> <span class='ocrx_word' id='word_1_513' title='bbox 2967 2835 3058 2884; x_wconf 83' lang='grc' dir='ltr'>τοῦ</span> <span class='ocrx_word' id='word_1_514' title='bbox 3095 2827 3218 2907; x_wconf 86' lang='grc'><strong>(36)</strong></span> <span class='ocrx_word' id='word_1_515' title='bbox 3281 2833 3582 2906; x_wconf 65' lang='grc' dir='ltr'>Πθεύματος</span> <span class='ocrx_word' id='word_1_516' title='bbox 3640 2857 3822 2890; x_wconf 81' lang='grc' dir='ltr'>κατα-</span> 
     </span>
    </p>
   </div>
   <div class='ocr_carea' id='block_1_77' title="bbox 2173 2918 3824 2999">
    <p class='ocr_par' dir='ltr' id='par_1_77' title="bbox 2173 2918 3824 2999">
     <span class='ocr_line' id='line_1_77' title="bbox 2173 2918 3824 2999; baseline 0.005 -27"><span class='ocrx_word' id='word_1_517' title='bbox 2173 2918 2488 2993; x_wconf 61' lang='grc' dir='ltr'>τολμήσειε.</span> <span class='ocrx_word' id='word_1_518' title='bbox 2535 2919 2913 2997; x_wconf 78' lang='grc' dir='ltr'>Γεγεννηκέναι</span> <span class='ocrx_word' id='word_1_519' title='bbox 2967 2919 3063 2992; x_wconf 80' lang='grc' dir='ltr'>μὲν</span> <span class='ocrx_word' id='word_1_520' title='bbox 3117 2920 3218 2997; x_wconf 74' lang='grc' dir='ltr'>γὰρ</span> <span class='ocrx_word' id='word_1_521' title='bbox 3279 2921 3370 2974; x_wconf 65' lang='grc' dir='ltr'>τὸν</span> <span class='ocrx_word' id='word_1_522' title='bbox 3421 2921 3627 2999; x_wconf 86' lang='grc' dir='ltr'>Πατέρα</span> <span class='ocrx_word' id='word_1_523' title='bbox 3674 2923 3824 2979; x_wconf 82' lang='grc' dir='ltr'>πολ-</span> 
     </span>
    </p>
   </div>
   <div class='ocr_carea' id='block_1_78' title="bbox 2173 3005 3824 3090">
    <p class='ocr_par' dir='ltr' id='par_1_78' title="bbox 2173 3005 3824 3090">
     <span class='ocr_line' id='line_1_78' title="bbox 2173 3005 3824 3090; baseline 0.003 -25"><span class='ocrx_word' id='word_1_524' title='bbox 2173 3008 2347 3090; x_wconf 81' lang='grc' dir='ltr'>λαχοῦ</span> <span class='ocrx_word' id='word_1_525' title='bbox 2380 3007 2722 3088; x_wconf 78' lang='grc' dir='ltr'>δεδιδάγμεθα</span> <span class='ocrx_word' id='word_1_526' title='bbox 2759 3028 2773 3042; x_wconf 83' lang='grc'>⁶</span> <span class='ocrx_word' id='word_1_527' title='bbox 2806 3008 3046 3085; x_wconf 78' lang='grc' dir='ltr'>γέννημα</span> <span class='ocrx_word' id='word_1_528' title='bbox 3079 3005 3132 3063; x_wconf 82' lang='grc' dir='ltr'>δὲ</span> <span class='ocrx_word' id='word_1_529' title='bbox 3165 3012 3303 3064; x_wconf 77' lang='grc' dir='ltr'>εἶναι</span> <span class='ocrx_word' id='word_1_530' title='bbox 3337 3010 3427 3065; x_wconf 76' lang='grc' dir='ltr'>τὸν</span> <span class='ocrx_word' id='word_1_531' title='bbox 3461 3013 3578 3066; x_wconf 76' lang='grc' dir='ltr'><strong>Υἱὸν</strong></span> <span class='ocrx_word' id='word_1_532' title='bbox 3609 3011 3824 3070; x_wconf 71' lang='grc' dir='ltr'>οὖδέπω</span> 
     </span>
    </p>
   </div>
   <div class='ocr_carea' id='block_1_79' title="bbox 2173 3095 3594 3180">
    <p class='ocr_par' dir='ltr' id='par_1_79' title="bbox 2173 3095 3594 3180">
     <span class='ocr_line' id='line_1_79' title="bbox 2173 3095 3594 3180; baseline 0 -27"><span class='ocrx_word' id='word_1_533' title='bbox 2173 3100 2262 3154; x_wconf 83' lang='grc' dir='ltr'><strong>καὶ</strong></span> <span class='ocrx_word' id='word_1_534' title='bbox 2302 3097 2532 3176; x_wconf 76' lang='grc' dir='ltr'>τήμερον</span> <span class='ocrx_word' id='word_1_535' title='bbox 2579 3098 2889 3173; x_wconf 79' lang='grc' dir='ltr'>ἀκηκόαμεν</span> <span class='ocrx_word' id='word_1_536' title='bbox 2921 3115 2934 3128; x_wconf 83' lang='grc'><strong><em>⁸</em></strong></span> <span class='ocrx_word' id='word_1_537' title='bbox 2992 3095 3200 3154; x_wconf 82' lang='grc' dir='ltr'>Παιδίον</span> <span class='ocrx_word' id='word_1_538' title='bbox 3255 3099 3378 3175; x_wconf 81' lang='grc' dir='ltr'>γὰρ,</span> <span class='ocrx_word' id='word_1_539' title='bbox 3411 3102 3594 3180; x_wconf 70' lang='grc' dir='ltr'>φησὶν,</span> 
     </span>
    </p>
   </div>
   <div class='ocr_carea' id='block_1_80' title="bbox 2175 3185 3820 3267">
    <p class='ocr_par' dir='ltr' id='par_1_80' title="bbox 2175 3185 3820 3267">
     <span class='ocr_line' id='line_1_80' title="bbox 2175 3185 3820 3267; baseline 0.004 -26"><span class='ocrx_word' id='word_1_540' title='bbox 2175 3189 2308 3256; x_wconf 61' lang='grc' dir='ltr'>νήθη</span> <span class='ocrx_word' id='word_1_541' title='bbox 2342 3190 2478 3262; x_wconf 78' lang='grc' dir='ltr'>ἡμῖν</span> <span class='ocrx_word' id='word_1_542' title='bbox 2510 3206 2526 3223; x_wconf 83' lang='grc'>⁶</span> <span class='ocrx_word' id='word_1_543' title='bbox 2569 3189 2680 3253; x_wconf 83' lang='grc' dir='ltr'>υἱὸς</span> <span class='ocrx_word' id='word_1_544' title='bbox 2721 3190 2810 3244; x_wconf 82' lang='grc' dir='ltr'>καὶ</span> <span class='ocrx_word' id='word_1_545' title='bbox 2864 3185 3020 3254; x_wconf 68' lang='grc' dir='ltr'>ἐδόθη</span> <span class='ocrx_word' id='word_1_546' title='bbox 3062 3189 3197 3259; x_wconf 76' lang='grc' dir='ltr'>ἡμῖν</span> <span class='ocrx_word' id='word_1_547' title='bbox 3223 3202 3236 3216; x_wconf 90' lang='grc'>⁶</span> <span class='ocrx_word' id='word_1_548' title='bbox 3279 3187 3401 3267; x_wconf 81' lang='grc'><strong>(37)</strong></span> <span class='ocrx_word' id='word_1_549' title='bbox 3431 3191 3517 3244; x_wconf 88' lang='grc' dir='ltr'><strong>καὶ</strong></span> <span class='ocrx_word' id='word_1_550' title='bbox 3564 3188 3820 3248; x_wconf 77' lang='grc' dir='ltr'>καλεῖται</span> 
     </span>
    </p>
   </div>
   <div class='ocr_carea' id='block_1_81' title="bbox 3656 3103 3821 3180">
    <p class='ocr_par' dir='ltr' id='par_1_81' title="bbox 3656 3103 3821 3180">
     <span class='ocr_line' id='line_1_81' title="bbox 3656 3103 3821 3180; baseline -0.006 -23"><span class='ocrx_word' id='word_1_551' title='bbox 3656 3103 3821 3180; x_wconf 78' lang='grc' dir='ltr'>ἐγεν-</span> 
     </span>
    </p>
   </div>
   <div class='ocr_carea' id='block_1_82' title="bbox 2173 3276 3816 3357">
    <p class='ocr_par' dir='ltr' id='par_1_82' title="bbox 2173 3276 3816 3357">
     <span class='ocr_line' id='line_1_82' title="bbox 2173 3276 3816 3357; baseline 0.004 -26"><span class='ocrx_word' id='word_1_552' title='bbox 2173 3278 2232 3332; x_wconf 88' lang='grc' dir='ltr'>τὸ</span> <span class='ocrx_word' id='word_1_553' title='bbox 2291 3277 2458 3351; x_wconf 78' lang='grc' dir='ltr'>ὄνομα</span> <span class='ocrx_word' id='word_1_554' title='bbox 2516 3279 2674 3334; x_wconf 71' lang='grc' dir='ltr'>αὐτοῦ</span> <span class='ocrx_word' id='word_1_555' title='bbox 2719 3279 2842 3357; x_wconf 70' lang='grc' dir='ltr'>οὐχὶ</span> <span class='ocrx_word' id='word_1_556' title='bbox 2879 3277 3140 3355; x_wconf 89' lang='grc' dir='ltr'>γέννημα,</span> <span class='ocrx_word' id='word_1_557' title='bbox 3190 3276 3326 3334; x_wconf 81' lang='grc' dir='ltr'><strong>ἀλλὰ</strong></span> <span class='ocrx_word' id='word_1_558' title='bbox 3377 3279 3626 3356; x_wconf 65' lang='grc' dir='ltr'>μεγάλης</span> <span class='ocrx_word' id='word_1_559' title='bbox 3681 3283 3816 3351; x_wconf 73' lang='grc' dir='ltr'><strong>βου-</strong></span> 
     </span>
    </p>
   </div>
   <div class='ocr_carea' id='block_1_83' title="bbox 2172 3365 3816 3450">
    <p class='ocr_par' dir='ltr' id='par_1_83' title="bbox 2172 3365 3816 3450">
     <span class='ocr_line' id='line_1_83' title="bbox 2172 3365 3816 3450; baseline 0.004 -30"><span class='ocrx_word' id='word_1_560' title='bbox 2172 3365 2271 3431; x_wconf 78' lang='grc' dir='ltr'><strong>λῆς</strong></span> <span class='ocrx_word' id='word_1_561' title='bbox 2304 3365 2550 3444; x_wconf 76' lang='grc' dir='ltr'>ἅγγελος.</span> <span class='ocrx_word' id='word_1_562' title='bbox 2590 3368 2767 3424; x_wconf 84' lang='grc' dir='ltr'>Καίτοι</span> <span class='ocrx_word' id='word_1_563' title='bbox 2804 3367 2955 3446; x_wconf 85' lang='grc' dir='ltr'>ε’ίπερ</span> <span class='ocrx_word' id='word_1_564' title='bbox 2999 3369 3060 3421; x_wconf 85' lang='grc' dir='ltr'>τὸ</span> <span class='ocrx_word' id='word_1_565' title='bbox 3091 3365 3331 3443; x_wconf 78' lang='grc' dir='ltr'>γέννημα</span> <span class='ocrx_word' id='word_1_566' title='bbox 3377 3370 3552 3434; x_wconf 53' lang='lat' dir='ltr'><strong>obsit;</strong></span> <span class='ocrx_word' id='word_1_567' title='bbox 3600 3371 3816 3450; x_wconf 64' lang='grc' dir='ltr'>ὑπῆρχε</span> 
     </span>
    </p>
   </div>
   <div class='ocr_carea' id='block_1_84' title="bbox 2175 3453 3813 3534">
    <p class='ocr_par' dir='ltr' id='par_1_84' title="bbox 2175 3453 3813 3534">
     <span class='ocr_line' id='line_1_84' title="bbox 2175 3453 3813 3534; baseline 0.003 -24"><span class='ocrx_word' id='word_1_568' title='bbox 2175 3459 2526 3530; x_wconf 73' lang='grc' dir='ltr'>σημαντικὸν,</span> <span class='ocrx_word' id='word_1_569' title='bbox 2562 3456 2654 3512; x_wconf 73' lang='grc' dir='ltr'><strong>οὒκ</strong></span> <span class='ocrx_word' id='word_1_570' title='bbox 2684 3455 2744 3511; x_wconf 82' lang='grc' dir='ltr'>ἂν</span> <span class='ocrx_word' id='word_1_571' title='bbox 2789 3455 2962 3532; x_wconf 75' lang='grc' dir='ltr'>ἕτερον</span> <span class='ocrx_word' id='word_1_572' title='bbox 2993 3453 3163 3530; x_wconf 76' lang='grc' dir='ltr'>ὄνομα</span> <span class='ocrx_word' id='word_1_573' title='bbox 3198 3457 3337 3534; x_wconf 74' lang='grc' dir='ltr'>παρᾶ</span> <span class='ocrx_word' id='word_1_574' title='bbox 3381 3464 3472 3512; x_wconf 73' lang='grc' dir='ltr'>τοῦ</span> <span class='ocrx_word' id='word_1_575' title='bbox 3505 3459 3813 3532; x_wconf 78' lang='grc' dir='ltr'>Πνεύματος</span> 
     </span>
    </p>
   </div>
   <div class='ocr_carea' id='block_1_85' title="bbox 2173 3543 3812 3626">
    <p class='ocr_par' dir='ltr' id='par_1_85' title="bbox 2173 3543 3812 3626">
     <span class='ocr_line' id='line_1_85' title="bbox 2173 3543 3812 3626; baseline 0.004 -27"><span class='ocrx_word' id='word_1_576' title='bbox 2173 3543 2546 3624; x_wconf 72' lang='grc' dir='ltr'>ἐδιδάχθημεν,</span> <span class='ocrx_word' id='word_1_577' title='bbox 2635 3545 2670 3613; x_wconf 70' lang='grc' dir='ltr'>ἢ</span> <span class='ocrx_word' id='word_1_578' title='bbox 2738 3547 2864 3626; x_wconf 73' lang='grc' dir='ltr'>ὅπερ</span> <span class='ocrx_word' id='word_1_579' title='bbox 2924 3545 3176 3625; x_wconf 54' lang='grc' dir='ltr'>ἐμφανῶς</span> <span class='ocrx_word' id='word_1_580' title='bbox 3256 3548 3352 3613; x_wconf 79' lang='grc' dir='ltr'><strong>τὴν</strong></span> <span class='ocrx_word' id='word_1_581' title='bbox 3411 3550 3588 3603; x_wconf 69' lang='grc' dir='ltr'>οὐσίαν</span> <span class='ocrx_word' id='word_1_582' title='bbox 3652 3550 3812 3607; x_wconf 61' lang='lat' dir='ltr'><strong>xii-.03</strong></span> 
     </span>
    </p>
   </div>
   <div class='ocr_carea' id='block_1_86' title="bbox 2171 3633 3810 3713">
    <p class='ocr_par' dir='ltr' id='par_1_86' title="bbox 2171 3633 3810 3713">
     <span class='ocr_line' id='line_1_86' title="bbox 2171 3633 3810 3713; baseline 0.002 -24"><span class='ocrx_word' id='word_1_583' title='bbox 2171 3639 2427 3713; x_wconf 76' lang='grc' dir='ltr'>παριστᾷν</span> <span class='ocrx_word' id='word_1_584' title='bbox 2459 3633 2671 3709; x_wconf 75' lang='grc' dir='ltr'>ἔμελλε.</span> <span class='ocrx_word' id='word_1_585' title='bbox 2711 3637 2804 3692; x_wconf 78' lang='grc' dir='ltr'><strong>Καὶ</strong></span> <span class='ocrx_word' id='word_1_586' title='bbox 2836 3633 2992 3690; x_wconf 82' lang='grc' dir='ltr'>πάλιν</span> <span class='ocrx_word' id='word_1_587' title='bbox 3025 3637 3053 3689; x_wconf 71' lang='grc' dir='ltr'>ὃ</span> <span class='ocrx_word' id='word_1_588' title='bbox 3105 3635 3326 3713; x_wconf 77' lang='grc' dir='ltr'>Πέτρος,</span> <span class='ocrx_word' id='word_1_589' title='bbox 3372 3638 3398 3690; x_wconf 86' lang='grc' dir='ltr'><strong>ὁ</strong></span> <span class='ocrx_word' id='word_1_590' title='bbox 3450 3634 3533 3692; x_wconf 74' lang='grc' dir='ltr'><strong>διὰ</strong></span> <span class='ocrx_word' id='word_1_591' title='bbox 3580 3639 3681 3702; x_wconf 74' lang='grc' dir='ltr'>τὴν</span> <span class='ocrx_word' id='word_1_592' title='bbox 3716 3639 3810 3705; x_wconf 74' lang='grc' dir='ltr'><strong>της</strong></span> 
     </span>
    </p>
   </div>
   <div class='ocr_carea' id='block_1_87' title="bbox 2172 3722 3810 3802">
    <p class='ocr_par' dir='ltr' id='par_1_87' title="bbox 2172 3722 3810 3802">
     <span class='ocr_line' id='line_1_87' title="bbox 2172 3722 3810 3802; baseline 0.004 -25"><span class='ocrx_word' id='word_1_593' title='bbox 2172 3722 2420 3790; x_wconf 77' lang='grc' dir='ltr'>ἀληθείας</span> <span class='ocrx_word' id='word_1_594' title='bbox 2470 3723 2762 3802; x_wconf 83' lang='grc' dir='ltr'>ἐπίγνωσιν</span> <span class='ocrx_word' id='word_1_595' title='bbox 2813 3729 2916 3780; x_wconf 83' lang='grc' dir='ltr'><strong>τῶν</strong></span> <span class='ocrx_word' id='word_1_596' title='bbox 2977 3730 3326 3798; x_wconf 78' lang='grc' dir='ltr'>μακαρισμών</span> <span class='ocrx_word' id='word_1_597' title='bbox 3374 3727 3586 3781; x_wconf 72' lang='grc' dir='ltr'>ἒκείνων</span> <span class='ocrx_word' id='word_1_598' title='bbox 3643 3725 3810 3792; x_wconf 77' lang='grc' dir='ltr'><strong>ἆΞιωο</strong></span> 
     </span>
    </p>
   </div>
   <div class='ocr_carea' id='block_1_88' title="bbox 2168 3813 3812 3893">
    <p class='ocr_par' dir='ltr' id='par_1_88' title="bbox 2168 3813 3812 3893">
     <span class='ocr_line' id='line_1_88' title="bbox 2168 3813 3812 3893; baseline -0.002 -25"><span class='ocrx_word' id='word_1_599' title='bbox 2168 3815 2296 3892; x_wconf 86' lang='grc' dir='ltr'>θεὶς,</span> <span class='ocrx_word' id='word_1_600' title='bbox 2357 3815 2451 3869; x_wconf 75' lang='grc' dir='ltr'><strong>οὒκ</strong></span> <span class='ocrx_word' id='word_1_601' title='bbox 2495 3814 2643 3893; x_wconf 79' lang='grc' dir='ltr'>εἶπε,</span> <span class='ocrx_word' id='word_1_602' title='bbox 2708 3815 2777 3868; x_wconf 81' lang='grc' dir='ltr'><strong>Σὺ</strong></span> <span class='ocrx_word' id='word_1_603' title='bbox 2835 3815 2888 3868; x_wconf 78' lang='grc' dir='ltr'><strong>εἴ</strong></span> <span class='ocrx_word' id='word_1_604' title='bbox 2944 3814 3003 3867; x_wconf 80' lang='grc' dir='ltr'>τὸ</span> <span class='ocrx_word' id='word_1_605' title='bbox 3063 3813 3344 3890; x_wconf 76' lang='grc' dir='ltr'>γέννημα·</span> <span class='ocrx_word' id='word_1_606' title='bbox 3380 3813 3536 3887; x_wconf 72' lang='grc' dir='ltr'>ἀλλὰ,</span> <span class='ocrx_word' id='word_1_607' title='bbox 3593 3818 3665 3871; x_wconf 69' lang='grc' dir='ltr'>Σὺ</span> <span class='ocrx_word' id='word_1_608' title='bbox 3699 3822 3754 3872; x_wconf 75' lang='grc' dir='ltr'><strong>εἰ</strong></span> <span class='ocrx_word' id='word_1_609' title='bbox 3787 3822 3812 3873; x_wconf 69' lang='grc' dir='ltr'>ὸ</span> 
     </span>
    </p>
   </div>
   <div class='ocr_carea' id='block_1_89' title="bbox 2169 3902 3808 3979">
    <p class='ocr_par' dir='ltr' id='par_1_89' title="bbox 2169 3902 3808 3979">
     <span class='ocr_line' id='line_1_89' title="bbox 2169 3902 3808 3979; baseline 0.002 -22"><span class='ocrx_word' id='word_1_610' title='bbox 2169 3905 2393 3979; x_wconf 73' lang='grc' dir='ltr'>Χριστὸς</span> <span class='ocrx_word' id='word_1_611' title='bbox 2425 3905 2453 3958; x_wconf 87' lang='grc' dir='ltr'><strong>ὁ</strong></span> <span class='ocrx_word' id='word_1_612' title='bbox 2481 3904 2598 3967; x_wconf 81' lang='grc' dir='ltr'>Υἱὸς</span> <span class='ocrx_word' id='word_1_613' title='bbox 2657 3910 2750 3958; x_wconf 81' lang='grc' dir='ltr'>τοῦ</span> <span class='ocrx_word' id='word_1_614' title='bbox 2809 3902 2939 3957; x_wconf 80' lang='grc' dir='ltr'><strong>Θεοῦ</strong></span> <span class='ocrx_word' id='word_1_615' title='bbox 2993 3908 3086 3957; x_wconf 72' lang='grc' dir='ltr'>τοῦ</span> <span class='ocrx_word' id='word_1_616' title='bbox 3131 3907 3349 3970; x_wconf 78' lang='grc' dir='ltr'>ζῶντος.</span> <span class='ocrx_word' id='word_1_617' title='bbox 3390 3905 3540 3959; x_wconf 80' lang='grc' dir='ltr'><strong>Καὶό</strong></span> <span class='ocrx_word' id='word_1_618' title='bbox 3575 3908 3808 3977; x_wconf 70' lang='grc' dir='ltr'>Παῦλος,</span> 
     </span>
    </p>
   </div>
   <div class='ocr_carea' id='block_1_90' title="bbox 2166 3992 3812 4073">
    <p class='ocr_par' dir='ltr' id='par_1_90' title="bbox 2166 3992 3812 4073">
     <span class='ocr_line' id='line_1_90' title="bbox 2166 3992 3812 4073; baseline 0.002 -26"><span class='ocrx_word' id='word_1_619' title='bbox 2166 3999 2341 4048; x_wconf 77' lang='grc' dir='ltr'>πᾶσαν</span> <span class='ocrx_word' id='word_1_620' title='bbox 2380 3993 2536 4048; x_wconf 77' lang='grc' dir='ltr'>αὐτοῦ</span> <span class='ocrx_word' id='word_1_621' title='bbox 2592 3993 2690 4058; x_wconf 72' lang='grc' dir='ltr'><strong>τὴν</strong></span> <span class='ocrx_word' id='word_1_622' title='bbox 2747 3992 2950 4068; x_wconf 60' lang='grc' dir='ltr'>γραφὴν</span> <span class='ocrx_word' id='word_1_623' title='bbox 2989 3992 3085 4056; x_wconf 71' lang='grc' dir='ltr'>τῆς</span> <span class='ocrx_word' id='word_1_624' title='bbox 3128 3998 3218 4046; x_wconf 67' lang='grc' dir='ltr'>τοῦ</span> <span class='ocrx_word' id='word_1_625' title='bbox 3278 3994 3397 4046; x_wconf 80' lang='grc' dir='ltr'><strong>Υἱοῦ</strong></span> <span class='ocrx_word' id='word_1_626' title='bbox 3447 3997 3812 4073; x_wconf 75' lang='grc' dir='ltr'>προσηγορίας</span> 
     </span>
    </p>
   </div>
   <div class='ocr_carea' id='block_1_91' title="bbox 2169 4081 3812 4159">
    <p class='ocr_par' dir='ltr' id='par_1_91' title="bbox 2169 4081 3812 4159">
     <span class='ocr_line' id='line_1_91' title="bbox 2169 4081 3812 4159; baseline 0.001 -23"><span class='ocrx_word' id='word_1_627' title='bbox 2169 4082 2617 4159; x_wconf 72' lang='grc' dir='ltr'>καταπληρώσας,</span> <span class='ocrx_word' id='word_1_628' title='bbox 2655 4081 2886 4156; x_wconf 67' lang='grc' dir='ltr'>οὐδαμοῦ</span> <span class='ocrx_word' id='word_1_629' title='bbox 2942 4082 3233 4158; x_wconf 77' lang='grc' dir='ltr'>φανήσεται</span> <span class='ocrx_word' id='word_1_630' title='bbox 3291 4083 3628 4157; x_wconf 77' lang='grc' dir='ltr'>γεννήματος</span> <span class='ocrx_word' id='word_1_631' title='bbox 3663 4109 3812 4158; x_wconf 82' lang='grc' dir='ltr'>μνη-</span> 
     </span>
    </p>
   </div>
   <div class='ocr_carea' id='block_1_92' title="bbox 2170 4169 3812 4248">
    <p class='ocr_par' dir='ltr' id='par_1_92' title="bbox 2170 4169 3812 4248">
     <span class='ocr_line' id='line_1_92' title="bbox 2170 4169 3812 4248; baseline 0.002 -22"><span class='ocrx_word' id='word_1_632' title='bbox 2170 4173 2426 4245; x_wconf 73' lang='grc' dir='ltr'>μονεύσας</span> <span class='ocrx_word' id='word_1_633' title='bbox 2463 4187 2475 4200; x_wconf 85' lang='lat'><strong>&#39;</strong></span> <span class='ocrx_word' id='word_1_634' title='bbox 2515 4171 2641 4245; x_wconf 75' lang='grc' dir='ltr'>ὅπερ</span> <span class='ocrx_word' id='word_1_635' title='bbox 2835 4192 2984 4232; x_wconf 56' lang='grc' dir='ltr'>ουτος</span> <span class='ocrx_word' id='word_1_636' title='bbox 3040 4170 3098 4224; x_wconf 83' lang='grc' dir='ltr'>ἐκ</span> <span class='ocrx_word' id='word_1_637' title='bbox 3149 4169 3354 4237; x_wconf 69' lang='grc' dir='ltr'>πολλῆς</span> <span class='ocrx_word' id='word_1_638' title='bbox 3389 4174 3486 4237; x_wconf 77' lang='grc' dir='ltr'><strong>της</strong></span> <span class='ocrx_word' id='word_1_639' title='bbox 3539 4176 3812 4242; x_wconf 76' lang='grc' dir='ltr'>πεποιθή-</span> 
     </span>
    </p>
   </div>
   <div class='ocr_carea' id='block_1_93' title="bbox 2169 4257 3813 4340">
    <p class='ocr_par' dir='ltr' id='par_1_93' title="bbox 2169 4257 3813 4340">
     <span class='ocr_line' id='line_1_93' title="bbox 2169 4257 3813 4340; baseline 0.002 -26"><span class='ocrx_word' id='word_1_640' title='bbox 2169 4282 2323 4339; x_wconf 86' lang='grc' dir='ltr'>σεως,</span> <span class='ocrx_word' id='word_1_641' title='bbox 2358 4262 2429 4323; x_wconf 83' lang='grc' dir='ltr'>ὼς</span> <span class='ocrx_word' id='word_1_642' title='bbox 2460 4259 2519 4314; x_wconf 81' lang='grc' dir='ltr'>ἐκ</span> <span class='ocrx_word' id='word_1_643' title='bbox 2549 4271 2642 4317; x_wconf 73' lang='grc' dir='ltr'><strong>τοῦ</strong></span> <span class='ocrx_word' id='word_1_644' title='bbox 2669 4260 2807 4315; x_wconf 75' lang='grc' dir='ltr'>θείου</span> <span class='ocrx_word' id='word_1_645' title='bbox 2859 4257 3034 4313; x_wconf 65' lang='grc' dir='ltr'>λαϐὼν</span> <span class='ocrx_word' id='word_1_646' title='bbox 3093 4257 3429 4315; x_wconf 79' lang='grc' dir='ltr'>διδασκαλίου</span> <span class='ocrx_word' id='word_1_647' title='bbox 3478 4260 3632 4340; x_wconf 79' lang='grc'><strong>(39),</strong></span> <span class='ocrx_word' id='word_1_648' title='bbox 3677 4286 3813 4338; x_wconf 57' lang='grc' dir='ltr'>προ.</span> 
     </span>
    </p>
   </div>
   <div class='ocr_carea' id='block_1_94' title="bbox 2168 4346 3809 4430">
    <p class='ocr_par' dir='ltr' id='par_1_94' title="bbox 2168 4346 3809 4430">
     <span class='ocr_line' id='line_1_94' title="bbox 2168 4346 3809 4430; baseline 0.001 -26"><span class='ocrx_word' id='word_1_649' title='bbox 2168 4349 2332 4428; x_wconf 75' lang='grc' dir='ltr'>φέρει.</span> <span class='ocrx_word' id='word_1_650' title='bbox 2399 4346 2524 4408; x_wconf 74' lang='grc' dir='ltr'>Οὐδὲ</span> <span class='ocrx_word' id='word_1_651' title='bbox 2569 4350 2668 4426; x_wconf 78' lang='grc' dir='ltr'>γὰρ</span> <span class='ocrx_word' id='word_1_652' title='bbox 2724 4348 2941 4404; x_wconf 72' lang='grc' dir='ltr'>ἐνταῦθα</span> <span class='ocrx_word' id='word_1_653' title='bbox 3022 4348 3402 4426; x_wconf 76' lang='grc' dir='ltr'>συγχωρητέον</span> <span class='ocrx_word' id='word_1_654' title='bbox 3457 4351 3626 4430; x_wconf 65' lang='grc' dir='ltr'><strong>αὐτῷ³</strong></span> <span class='ocrx_word' id='word_1_655' title='bbox 3685 4354 3809 4425; x_wconf 65' lang='grc' dir='ltr'>τάν,</span> 
     </span>
    </p>
   </div>
   <div class='ocr_carea' id='block_1_95' title="bbox 443 4439 2088 4530">
    <p class='ocr_par' dir='ltr' id='par_1_95' title="bbox 443 4440 2082 4530">
     <span class='ocr_line' id='line_1_95' title="bbox 443 4440 2082 4530; baseline 0 -29"><span class='ocrx_word' id='word_1_656' title='bbox 443 4440 682 4530; x_wconf 69' lang='lat' dir='ltr'><strong>dicitur,</strong></span> <span class='ocrx_word' id='word_1_657' title='bbox 716 4446 1192 4530; x_wconf 79' lang='lat' dir='ltr'><strong>transmutataac</strong></span> <span class='ocrx_word' id='word_1_658' title='bbox 1227 4440 1658 4530; x_wconf 80' lang='lat' dir='ltr'><strong>transformata,</strong></span> <span class='ocrx_word' id='word_1_659' title='bbox 1693 4441 1949 4518; x_wconf 85' lang='lat' dir='ltr'><strong>appellet</strong></span> <span class='ocrx_word' id='word_1_660' title='bbox 1978 4441 2082 4502; x_wconf 84' lang='lat' dir='ltr'><strong>Dei</strong></span> 
     </span>
    </p>
   </div>
   <div class='ocr_carea' id='block_1_96' title="bbox 2182 4439 3816 4530">
    <p class='ocr_par' dir='ltr' id='par_1_96' title="bbox 2182 4439 3816 4518">
     <span class='ocr_line' id='line_1_96' title="bbox 2182 4439 3816 4518; baseline 0.01 -24"><span class='ocrx_word' id='word_1_661' title='bbox 2182 4440 2446 4518; x_wconf 65' lang='grc' dir='ltr'>ἐγέννησε,</span> <span class='ocrx_word' id='word_1_662' title='bbox 2513 4441 2692 4518; x_wconf 72' lang='grc' dir='ltr'>φωνὴν</span> <span class='ocrx_word' id='word_1_663' title='bbox 2770 4439 2854 4494; x_wconf 76' lang='grc' dir='ltr'><strong>ἐπὶ</strong></span> <span class='ocrx_word' id='word_1_664' title='bbox 2911 4446 3002 4493; x_wconf 78' lang='grc' dir='ltr'><strong>τοῦ</strong></span> <span class='ocrx_word' id='word_1_665' title='bbox 3071 4440 3272 4514; x_wconf 70' lang='grc' dir='ltr'>[ἰατρὸς</span> <span class='ocrx_word' id='word_1_666' title='bbox 3337 4439 3588 4513; x_wconf 74' lang='grc' dir='ltr'>κειμένην</span> <span class='ocrx_word' id='word_1_667' title='bbox 3638 4463 3816 4502; x_wconf 49' lang='lat' dir='ltr'><strong>llr-1‘</strong></span> 
     </span>
    </p>
   </div>
   <div class='ocr_carea' id='block_1_97' title="bbox 439 4526 2088 4610">
    <p class='ocr_par' dir='ltr' id='par_1_97' title="bbox 439 4527 2080 4610">
     <span class='ocr_line' id='line_1_97' title="bbox 439 4527 2080 4610; baseline 0.001 -21"><span class='ocrx_word' id='word_1_668' title='bbox 439 4527 654 4590; x_wconf 89' lang='lat' dir='ltr'><strong>Filium</strong></span> <span class='ocrx_word' id='word_1_669' title='bbox 688 4531 1045 4606; x_wconf 87' lang='lat' dir='ltr'><strong>genituram.</strong></span> <span class='ocrx_word' id='word_1_670' title='bbox 1101 4528 1232 4588; x_wconf 87' lang='lat' dir='ltr'><strong>Non</strong></span> <span class='ocrx_word' id='word_1_671' title='bbox 1290 4529 1451 4588; x_wconf 83' lang='lat' dir='ltr'><strong>enim</strong></span> <span class='ocrx_word' id='word_1_672' title='bbox 1503 4529 1781 4588; x_wconf 81' lang='lat' dir='ltr'><strong>convenit</strong></span> <span class='ocrx_word' id='word_1_673' title='bbox 1814 4539 1876 4590; x_wconf 92' lang='lat' dir='ltr'><strong>ut</strong></span> <span class='ocrx_word' id='word_1_674' title='bbox 1908 4535 1955 4589; x_wconf 90' lang='lat' dir='ltr'><strong>is</strong></span> <span class='ocrx_word' id='word_1_675' title='bbox 1981 4533 2080 4610; x_wconf 89' lang='lat' dir='ltr'><strong>qui</strong></span> 
     </span>
    </p>
   </div>
   <div class='ocr_carea' id='block_1_98' title="bbox 2182 4526 3813 4610">
    <p class='ocr_par' dir='ltr' id='par_1_98' title="bbox 2182 4526 3813 4609">
     <span class='ocr_line' id='line_1_98' title="bbox 2182 4526 3813 4609; baseline 0.001 -25"><span class='ocrx_word' id='word_1_676' title='bbox 2182 4531 2558 4608; x_wconf 71' lang='grc' dir='ltr'>τχηματίζοντι</span> <span class='ocrx_word' id='word_1_677' title='bbox 2603 4530 2689 4584; x_wconf 79' lang='grc' dir='ltr'>καὶ</span> <span class='ocrx_word' id='word_1_678' title='bbox 2752 4526 3200 4605; x_wconf 82' lang='grc' dir='ltr'>μεταπλοίσσοντι,</span> <span class='ocrx_word' id='word_1_679' title='bbox 3256 4527 3495 4604; x_wconf 82' lang='grc' dir='ltr'>γέννημα</span> <span class='ocrx_word' id='word_1_680' title='bbox 3529 4551 3813 4609; x_wconf 54' lang='lat'><strong>7:903:70-</strong></span> 
     </span>
    </p>
   </div>
   <div class='ocr_carea' id='block_1_99' title="bbox 440 4614 2088 4697">
    <p class='ocr_par' dir='ltr' id='par_1_99' title="bbox 440 4616 2076 4696">
     <span class='ocr_line' id='line_1_99' title="bbox 440 4616 2076 4696; baseline 0.002 -17"><span class='ocrx_word' id='word_1_681' title='bbox 440 4617 639 4679; x_wconf 82' lang='lat' dir='ltr'><strong>divino</strong></span> <span class='ocrx_word' id='word_1_682' title='bbox 658 4618 873 4679; x_wconf 85' lang='lat' dir='ltr'><strong>timore</strong></span> <span class='ocrx_word' id='word_1_683' title='bbox 897 4616 1166 4678; x_wconf 90' lang='lat' dir='ltr'><strong>eruditus</strong></span> <span class='ocrx_word' id='word_1_684' title='bbox 1186 4618 1366 4692; x_wconf 89' lang='lat' dir='ltr'><strong>est,in</strong></span> <span class='ocrx_word' id='word_1_685' title='bbox 1392 4619 1449 4678; x_wconf 90' lang='lat' dir='ltr'><strong>id</strong></span> <span class='ocrx_word' id='word_1_686' title='bbox 1475 4618 1633 4696; x_wconf 87' lang='lat' dir='ltr'><strong>quod</strong></span> <span class='ocrx_word' id='word_1_687' title='bbox 1657 4635 1725 4678; x_wconf 87' lang='lat' dir='ltr'><strong>ex</strong></span> <span class='ocrx_word' id='word_1_688' title='bbox 1764 4618 2076 4682; x_wconf 88' lang='lat' dir='ltr'><strong>verborum</strong></span> 
     </span>
    </p>
   </div>
   <div class='ocr_carea' id='block_1_100' title="bbox 2182 4614 3813 4697">
    <p class='ocr_par' dir='ltr' id='par_1_100' title="bbox 2182 4614 3813 4695">
     <span class='ocr_line' id='line_1_100' title="bbox 2182 4614 3813 4695; baseline -0.001 -22"><span class='ocrx_word' id='word_1_689' title='bbox 2182 4619 2330 4674; x_wconf 81' lang='grc' dir='ltr'>›εύειν</span> <span class='ocrx_word' id='word_1_690' title='bbox 2360 4620 2449 4675; x_wconf 84' lang='grc' dir='ltr'><strong>τὸν</strong></span> <span class='ocrx_word' id='word_1_691' title='bbox 2475 4619 2596 4673; x_wconf 82' lang='grc' dir='ltr'>Υἱὸν</span> <span class='ocrx_word' id='word_1_692' title='bbox 2621 4627 2710 4675; x_wconf 77' lang='grc' dir='ltr'><strong>τοῦ</strong></span> <span class='ocrx_word' id='word_1_693' title='bbox 2736 4619 2966 4676; x_wconf 79' lang='grc' dir='ltr'>Θεοῦ.οὺ</span> <span class='ocrx_word' id='word_1_694' title='bbox 2989 4617 3086 4693; x_wconf 73' lang='grc' dir='ltr'>γὰρ</span> <span class='ocrx_word' id='word_1_695' title='bbox 3109 4614 3240 4694; x_wconf 79' lang='grc' dir='ltr'>ὅπερ</span> <span class='ocrx_word' id='word_1_696' title='bbox 3259 4615 3389 4695; x_wconf 76' lang='grc'><strong>(40)</strong></span> <span class='ocrx_word' id='word_1_697' title='bbox 3423 4617 3484 4670; x_wconf 71' lang='grc' dir='ltr'>ἂν</span> <span class='ocrx_word' id='word_1_698' title='bbox 3505 4617 3564 4674; x_wconf 78' lang='grc' dir='ltr'>ἐκ</span> <span class='ocrx_word' id='word_1_699' title='bbox 3581 4625 3678 4686; x_wconf 81' lang='grc' dir='ltr'>τῆς</span> <span class='ocrx_word' id='word_1_700' title='bbox 3700 4628 3813 4685; x_wconf 73' lang='grc' dir='ltr'>τῶν</span> 
     </span>
    </p>
   </div>
   <div class='ocr_carea' id='block_1_101' title="bbox 437 4705 2088 4791">
    <p class='ocr_par' dir='ltr' id='par_1_101' title="bbox 437 4705 2079 4788">
     <span class='ocr_line' id='line_1_101' title="bbox 437 4705 2079 4788; baseline 0.001 -18"><span class='ocrx_word' id='word_1_701' title='bbox 437 4705 864 4770; x_wconf 86' lang='lat' dir='ltr'><strong>consecutione</strong></span> <span class='ocrx_word' id='word_1_702' title='bbox 892 4707 1264 4788; x_wconf 88' lang='lat' dir='ltr'><strong>apparuerit,</strong></span> <span class='ocrx_word' id='word_1_703' title='bbox 1296 4706 1467 4770; x_wconf 84' lang='lat' dir='ltr'><strong>facile</strong></span> <span class='ocrx_word' id='word_1_704' title='bbox 1508 4706 1796 4768; x_wconf 87' lang='lat' dir='ltr'><strong>transiliat</strong></span> <span class='ocrx_word' id='word_1_705' title='bbox 1829 4723 1842 4771; x_wconf 74' lang='grc' dir='ltr'><strong>ε</strong></span> <span class='ocrx_word' id='word_1_706' title='bbox 1881 4710 1983 4770; x_wconf 91' lang='lat' dir='ltr'><strong>sed</strong></span> <span class='ocrx_word' id='word_1_707' title='bbox 2019 4721 2079 4771; x_wconf 91' lang='lat' dir='ltr'><strong>ut</strong></span> 
     </span>
    </p>
   </div>
   <div class='ocr_carea' id='block_1_102' title="bbox 2182 4705 3809 4791">
    <p class='ocr_par' dir='ltr' id='par_1_102' title="bbox 2182 4705 3809 4786">
     <span class='ocr_line' id='line_1_102' title="bbox 2182 4705 3809 4786; baseline -0.001 -20"><span class='ocrx_word' id='word_1_708' title='bbox 2182 4708 2414 4786; x_wconf 67' lang='grc' dir='ltr'>3ημάτων</span> <span class='ocrx_word' id='word_1_709' title='bbox 2476 4706 2778 4770; x_wconf 78' lang='grc' dir='ltr'>ἀκολουθίας</span> <span class='ocrx_word' id='word_1_710' title='bbox 2854 4708 3203 4784; x_wconf 76' lang='grc' dir='ltr'>ὑποφαίνηται</span> <span class='ocrx_word' id='word_1_711' title='bbox 3259 4705 3490 4770; x_wconf 68' lang='grc' dir='ltr'>εὐκόλως</span> <span class='ocrx_word' id='word_1_712' title='bbox 3541 4708 3809 4781; x_wconf 74' lang='grc' dir='ltr'>ἐπιπηδᾷν</span> 
     </span>
    </p>
   </div>
   <div class='ocr_carea' id='block_1_103' title="bbox 514 4839 1563 4924">
    <p class='ocr_par' dir='ltr' id='par_1_103' title="bbox 514 4839 1563 4924">
     <span class='ocr_line' id='line_1_103' title="bbox 514 4839 1563 4924; baseline 0 -22"><span class='ocrx_word' id='word_1_713' title='bbox 514 4841 582 4892; x_wconf 75' lang='lat'><strong>30</strong></span> <span class='ocrx_word' id='word_1_714' title='bbox 607 4839 720 4904; x_wconf 92' lang='lat' dir='ltr'><strong>Isa.</strong></span> <span class='ocrx_word' id='word_1_715' title='bbox 745 4858 826 4916; x_wconf 80' lang='lat' dir='ltr'><strong>ix,</strong></span> <span class='ocrx_word' id='word_1_716' title='bbox 859 4840 921 4904; x_wconf 86' lang='grc'><strong>6.</strong></span> <span class='ocrx_word' id='word_1_717' title='bbox 1005 4839 1054 4884; x_wconf 79' lang='grc'>³¹</span> <span class='ocrx_word' id='word_1_718' title='bbox 1082 4843 1284 4905; x_wconf 87' lang='lat' dir='ltr'><strong>Matth.</strong></span> <span class='ocrx_word' id='word_1_719' title='bbox 1317 4859 1434 4924; x_wconf 77' lang='lat' dir='ltr'><strong>xvi,</strong></span> <span class='ocrx_word' id='word_1_720' title='bbox 1467 4842 1563 4903; x_wconf 82' lang='grc'><strong>16.</strong></span> 
     </span>
    </p>
   </div>
   <div class='ocr_carea' id='block_1_104' title="bbox 437 4968 3808 5052">
    <p class='ocr_par' dir='ltr' id='par_1_104' title="bbox 437 4968 3808 5052">
     <span class='ocr_line' id='line_1_104' title="bbox 437 4968 3808 5052; baseline 0.002 -19"><span class='ocrx_word' id='word_1_721' title='bbox 437 4968 695 5033; x_wconf 76' lang='lat' dir='ltr'><strong>faciente</strong></span> <span class='ocrx_word' id='word_1_722' title='bbox 726 4970 1166 5052; x_wconf 83' lang='lat' dir='ltr'><strong>cognationem.</strong></span> <span class='ocrx_word' id='word_1_723' title='bbox 1199 4971 1282 5033; x_wconf 79' lang='lat' dir='ltr'><strong>Ex</strong></span> <span class='ocrx_word' id='word_1_724' title='bbox 1313 4989 1429 5052; x_wconf 72' lang='lat' dir='ltr'><strong>quo</strong></span> <span class='ocrx_word' id='word_1_725' title='bbox 1460 4969 1604 5052; x_wconf 78' lang='lat' dir='ltr'><strong>titut</strong></span> <span class='ocrx_word' id='word_1_726' title='bbox 1633 4970 1851 5052; x_wconf 84' lang='lat' dir='ltr'><strong>cuique</strong></span> <span class='ocrx_word' id='word_1_727' title='bbox 1883 4989 2084 5052; x_wconf 82' lang='lat' dir='ltr'><strong>prom-</strong></span> <span class='ocrx_word' id='word_1_728' title='bbox 2164 4975 2345 5049; x_wconf 68' lang='grc' dir='ltr'>αὐτοῦ,</span> <span class='ocrx_word' id='word_1_729' title='bbox 2382 4974 2599 5036; x_wconf 91' lang='lat' dir='ltr'><strong>desunt</strong></span> <span class='ocrx_word' id='word_1_730' title='bbox 2629 4973 2691 5034; x_wconf 89' lang='lat' dir='ltr'><strong>in</strong></span> <span class='ocrx_word' id='word_1_731' title='bbox 2722 4969 3160 5052; x_wconf 87' lang='lat' dir='ltr'><strong>antiquioribus</strong></span> <span class='ocrx_word' id='word_1_732' title='bbox 3191 4968 3526 5052; x_wconf 84' lang='lat' dir='ltr'><strong>codicibus,</strong></span> <span class='ocrx_word' id='word_1_733' title='bbox 3562 4993 3673 5037; x_wconf 92' lang='lat' dir='ltr'><strong>nec</strong></span> <span class='ocrx_word' id='word_1_734' title='bbox 3704 4996 3808 5040; x_wconf 76' lang='lat' dir='ltr'><strong>eas</strong></span> 
     </span>
    </p>
   </div>
   <div class='ocr_carea' id='block_1_105' title="bbox 443 5049 3804 5137">
    <p class='ocr_par' dir='ltr' id='par_1_105' title="bbox 443 5049 3804 5137">
     <span class='ocr_line' id='line_1_105' title="bbox 443 5049 3804 5137; baseline 0.002 -26"><span class='ocrx_word' id='word_1_735' title='bbox 443 5059 606 5137; x_wconf 77' lang='lat' dir='ltr'><strong>ptum</strong></span> <span class='ocrx_word' id='word_1_736' title='bbox 638 5055 715 5112; x_wconf 83' lang='lat' dir='ltr'><strong>sit</strong></span> <span class='ocrx_word' id='word_1_737' title='bbox 748 5057 816 5137; x_wconf 88' lang='lat' dir='ltr'><strong>et_</strong></span> <span class='ocrx_word' id='word_1_738' title='bbox 839 5049 1014 5113; x_wconf 81' lang='lat' dir='ltr'><strong>facile</strong></span> <span class='ocrx_word' id='word_1_739' title='bbox 1054 5049 1357 5137; x_wconf 80' lang='lat' dir='ltr'><strong>colligere,</strong></span> <span class='ocrx_word' id='word_1_740' title='bbox 1387 5051 1625 5137; x_wconf 81' lang='lat' dir='ltr'><strong>Filium,</strong></span> <span class='ocrx_word' id='word_1_741' title='bbox 1651 5051 1701 5137; x_wconf 79' lang='lat' dir='ltr'><strong>si</strong></span> <span class='ocrx_word' id='word_1_742' title='bbox 1732 5049 1964 5137; x_wconf 77' lang='lat' dir='ltr'><strong>factura</strong></span> <span class='ocrx_word' id='word_1_743' title='bbox 1975 5053 2076 5130; x_wconf 77' lang='lat' dir='ltr'><strong>sit,</strong></span> <span class='ocrx_word' id='word_1_744' title='bbox 2163 5055 2596 5137; x_wconf 84' lang='lat' dir='ltr'><strong>agnovitvetus</strong></span> <span class='ocrx_word' id='word_1_745' title='bbox 2624 5049 2944 5133; x_wconf 82' lang='lat' dir='ltr'><strong>interpres.</strong></span> <span class='ocrx_word' id='word_1_746' title='bbox 2963 5051 3167 5137; x_wconf 66' lang='lat' dir='ltr'><strong>Quare</strong></span> <span class='ocrx_word' id='word_1_747' title='bbox 3188 5051 3459 5131; x_wconf 88' lang='lat' dir='ltr'><strong>suspicor</strong></span> <span class='ocrx_word' id='word_1_748' title='bbox 3479 5071 3804 5137; x_wconf 81' lang='lat' dir='ltr'><strong>purumpu-</strong></span> 
     </span>
    </p>
   </div>
   <div class='ocr_carea' id='block_1_106' title="bbox 2164 5132 3807 5216">
    <p class='ocr_par' dir='ltr' id='par_1_106' title="bbox 2164 5132 3807 5216">
     <span class='ocr_line' id='line_1_106' title="bbox 2164 5132 3807 5216; baseline 0.003 -21"><span class='ocrx_word' id='word_1_749' title='bbox 2164 5142 2285 5196; x_wconf 90' lang='lat' dir='ltr'><strong>tum</strong></span> <span class='ocrx_word' id='word_1_750' title='bbox 2311 5137 2380 5197; x_wconf 89' lang='lat' dir='ltr'><strong>ad</strong></span> <span class='ocrx_word' id='word_1_751' title='bbox 2392 5132 2939 5216; x_wconf 28' lang='lat' dir='ltr'><strong>ditamentum’esse</strong></span> <span class='ocrx_word' id='word_1_752' title='bbox 2961 5132 3569 5216; x_wconf 64' lang='lat' dir='ltr'><strong>librariorumgeoque</strong></span> <span class='ocrx_word' id='word_1_753' title='bbox 3592 5132 3807 5216; x_wconf 77' lang='lat' dir='ltr'><strong>magis,</strong></span> 
     </span>
    </p>
   </div>
   <div class='ocr_carea' id='block_1_107' title="bbox 2161 5211 3809 5306">
    <p class='ocr_par' dir='ltr' id='par_1_107' title="bbox 2161 5211 3809 5306">
     <span class='ocr_line' id='line_1_107' title="bbox 2161 5211 3809 5306; baseline 0.002 -30"><span class='ocrx_word' id='word_1_754' title='bbox 2161 5217 2318 5306; x_wconf 78' lang='lat' dir='ltr'><strong>quod</strong></span> <span class='ocrx_word' id='word_1_755' title='bbox 2343 5235 2527 5306; x_wconf 84' lang='lat' dir='ltr'><strong>_voces</strong></span> <span class='ocrx_word' id='word_1_756' title='bbox 2579 5215 2908 5294; x_wconf 80' lang='lat' dir='ltr'><strong>peregrinae</strong></span> <span class='ocrx_word' id='word_1_757' title='bbox 2958 5212 3019 5273; x_wconf 89' lang='lat' dir='ltr'><strong>in</strong></span> <span class='ocrx_word' id='word_1_758' title='bbox 3071 5211 3217 5290; x_wconf 78' lang='lat' dir='ltr'><strong>Reg.</strong></span> <span class='ocrx_word' id='word_1_759' title='bbox 3279 5211 3620 5292; x_wconf 28' lang='lat' dir='ltr'><strong>primo’non</strong></span> <span class='ocrx_word' id='word_1_760' title='bbox 3668 5211 3809 5281; x_wconf 76' lang='lat' dir='ltr'><strong>raro</strong></span> 
     </span>
    </p>
   </div>
   <div class='ocr_carea' id='block_1_108' title="bbox 2158 5297 2565 5358">
    <p class='ocr_par' dir='ltr' id='par_1_108' title="bbox 2158 5297 2565 5358">
     <span class='ocr_line' id='line_1_108' title="bbox 2158 5297 2565 5358; baseline 0 -2"><span class='ocrx_word' id='word_1_761' title='bbox 2158 5297 2565 5358; x_wconf 88' lang='lat' dir='ltr'><strong>inveniantur.</strong></span> 
     </span>
    </p>
   </div>
   <div class='ocr_carea' id='block_1_109' title="bbox 2235 5375 3718 5457">
    <p class='ocr_par' dir='ltr' id='par_1_109' title="bbox 2235 5375 3718 5457">
     <span class='ocr_line' id='line_1_109' title="bbox 2235 5375 3718 5457; baseline 0.018 -43"><span class='ocrx_word' id='word_1_762' title='bbox 2235 5377 2363 5457; x_wconf 63' lang='lat'><strong>(38)</strong></span> <span class='ocrx_word' id='word_1_763' title='bbox 2403 5379 2436 5400; x_wconf 77' lang='grc' dir='ltr'><strong>ν</strong></span> <span class='ocrx_word' id='word_1_764' title='bbox 2463 5389 2627 5456; x_wconf 75' lang='grc' dir='ltr'>οπερ,</span> <span class='ocrx_word' id='word_1_765' title='bbox 2661 5377 2836 5457; x_wconf 68' lang='lat' dir='ltr'><strong>quod</strong></span> <span class='ocrx_word' id='word_1_766' title='bbox 2868 5391 3113 5453; x_wconf 88' lang='lat' dir='ltr'><strong>nomen,</strong></span> <span class='ocrx_word' id='word_1_767' title='bbox 3147 5375 3434 5452; x_wconf 66' lang='lat' dir='ltr'><strong>geniturae</strong></span> <span class='ocrx_word' id='word_1_768' title='bbox 3466 5377 3718 5441; x_wconf 90' lang='lat' dir='ltr'><strong>scilicet.</strong></span> 
     </span>
    </p>
   </div>
   <div class='ocr_carea' id='block_1_110' title="bbox 2232 5455 3812 5535">
    <p class='ocr_par' dir='ltr' id='par_1_110' title="bbox 2232 5455 3812 5535">
     <span class='ocr_line' id='line_1_110' title="bbox 2232 5455 3812 5535; baseline 0.002 -15"><span class='ocrx_word' id='word_1_769' title='bbox 2232 5455 2358 5535; x_wconf 85' lang='lat'><strong>(39)</strong></span> <span class='ocrx_word' id='word_1_770' title='bbox 2386 5458 2544 5520; x_wconf 77' lang='lat' dir='ltr'><strong>Editi</strong></span> <span class='ocrx_word' id='word_1_771' title='bbox 2580 5455 2990 5533; x_wconf 64' lang='grc' dir='ltr'>διδασκκλέίυυ,</span> <span class='ocrx_word' id='word_1_772' title='bbox 3042 5472 3120 5516; x_wconf 75' lang='lat' dir='ltr'><strong>ea:</strong></span> <span class='ocrx_word' id='word_1_773' title='bbox 3161 5457 3376 5518; x_wconf 76' lang='lat' dir='ltr'><strong>divina</strong></span> <span class='ocrx_word' id='word_1_774' title='bbox 3422 5458 3653 5532; x_wconf 65' lang='lat' dir='ltr'><strong>schola,</strong></span> <span class='ocrx_word' id='word_1_775' title='bbox 3691 5479 3812 5523; x_wconf 88' lang='lat' dir='ltr'><strong>non</strong></span> 
     </span>
    </p>
   </div>
   <div class='ocr_carea' id='block_1_111' title="bbox 448 5129 2081 5211">
    <p class='ocr_par' dir='ltr' id='par_1_111' title="bbox 448 5129 2081 5211">
     <span class='ocr_line' id='line_1_111' title="bbox 448 5129 2081 5211; baseline 0.003 -20"><span class='ocrx_word' id='word_1_776' title='bbox 448 5129 606 5211; x_wconf 83' lang='lat' dir='ltr'><strong>Patri</strong></span> <span class='ocrx_word' id='word_1_777' title='bbox 627 5129 916 5206; x_wconf 63' lang='lat' dir='ltr'><strong>aqualem</strong></span> <span class='ocrx_word' id='word_1_778' title='bbox 945 5151 1059 5194; x_wconf 91' lang='lat' dir='ltr'><strong>non</strong></span> <span class='ocrx_word' id='word_1_779' title='bbox 1086 5129 1239 5194; x_wconf 83' lang='lat' dir='ltr'><strong>esse:</strong></span> <span class='ocrx_word' id='word_1_780' title='bbox 1262 5133 1321 5193; x_wconf 94' lang='lat' dir='ltr'><strong>id</strong></span> <span class='ocrx_word' id='word_1_781' title='bbox 1338 5132 1492 5209; x_wconf 84' lang='lat' dir='ltr'><strong>quod</strong></span> <span class='ocrx_word' id='word_1_782' title='bbox 1516 5132 1578 5191; x_wconf 89' lang='lat' dir='ltr'><strong>in</strong></span> <span class='ocrx_word' id='word_1_783' title='bbox 1593 5132 1801 5211; x_wconf 87' lang='lat' dir='ltr'><strong>primis</strong></span> <span class='ocrx_word' id='word_1_784' title='bbox 1821 5133 2081 5196; x_wconf 90' lang='lat' dir='ltr'><strong>suadere</strong></span> 
     </span>
    </p>
   </div>
   <div class='ocr_carea' id='block_1_112' title="bbox 437 5209 1150 5275">
    <p class='ocr_par' dir='ltr' id='par_1_112' title="bbox 437 5209 1150 5275">
     <span class='ocr_line' id='line_1_112' title="bbox 437 5209 1150 5275; baseline 0.001 -4"><span class='ocrx_word' id='word_1_785' title='bbox 437 5209 768 5272; x_wconf 87' lang='lat' dir='ltr'><strong>conabatur</strong></span> <span class='ocrx_word' id='word_1_786' title='bbox 801 5211 1150 5275; x_wconf 85' lang='lat' dir='ltr'><strong>Eunomius.</strong></span> 
     </span>
    </p>
   </div>
   <div class='ocr_carea' id='block_1_113' title="bbox 520 5288 2072 5372">
    <p class='ocr_par' dir='ltr' id='par_1_113' title="bbox 520 5288 2072 5372">
     <span class='ocr_line' id='line_1_113' title="bbox 520 5288 2072 5372; baseline -0.015 -10"><span class='ocrx_word' id='word_1_787' title='bbox 669 5288 864 5372; x_wconf 48' lang='lat' dir='ltr'><strong>C0993</strong></span> <span class='ocrx_word' id='word_1_788' title='bbox 1122 5297 1296 5351; x_wconf 72' lang='grc' dir='ltr'>οὗσίαν</span> <span class='ocrx_word' id='word_1_789' title='bbox 1339 5300 1431 5350; x_wconf 75' lang='grc' dir='ltr'><strong>τοῦ</strong></span> <span class='ocrx_word' id='word_1_790' title='bbox 1462 5299 1594 5352; x_wconf 76' lang='grc' dir='ltr'>Θεοῦ</span> <span class='ocrx_word' id='word_1_791' title='bbox 1638 5295 1939 5372; x_wconf 59' lang='grc' dir='ltr'>σημαίνειν,</span> <span class='ocrx_word' id='word_1_792' title='bbox 1972 5311 2072 5354; x_wconf 76' lang='lat' dir='ltr'><strong>es-</strong></span> 
     </span>
    </p>
   </div>
   <div class='ocr_carea' id='block_1_114' title="bbox 435 5369 859 5432">
    <p class='ocr_par' dir='ltr' id='par_1_114' title="bbox 435 5369 859 5432">
     <span class='ocr_line' id='line_1_114' title="bbox 435 5369 859 5432; baseline 0.005 -2"><span class='ocrx_word' id='word_1_793' title='bbox 435 5371 693 5431; x_wconf 70' lang='lat' dir='ltr'><strong>tentiam</strong></span> <span class='ocrx_word' id='word_1_794' title='bbox 723 5369 859 5432; x_wconf 80' lang='lat' dir='ltr'><strong>Dei.</strong></span> 
     </span>
    </p>
   </div>
   <div class='ocr_carea' id='block_1_115' title="bbox 517 5447 2062 5527">
    <p class='ocr_par' dir='ltr' id='par_1_115' title="bbox 517 5447 2062 5527">
     <span class='ocr_line' id='line_1_115' title="bbox 517 5447 2062 5527; baseline 0.001 -16"><span class='ocrx_word' id='word_1_795' title='bbox 517 5448 640 5527; x_wconf 58' lang='lat'><strong>(36;</strong></span> <span class='ocrx_word' id='word_1_796' title='bbox 665 5447 764 5510; x_wconf 77' lang='lat' dir='ltr'><strong>Sic</strong></span> <span class='ocrx_word' id='word_1_797' title='bbox 795 5467 937 5514; x_wconf 82' lang='lat' dir='ltr'><strong>mss.</strong></span> <span class='ocrx_word' id='word_1_798' title='bbox 969 5455 1174 5515; x_wconf 87' lang='lat' dir='ltr'><strong>nostri.</strong></span> <span class='ocrx_word' id='word_1_799' title='bbox 1211 5452 1509 5516; x_wconf 89' lang='lat' dir='ltr'><strong>Articulus</strong></span> <span class='ocrx_word' id='word_1_800' title='bbox 1539 5453 1598 5513; x_wconf 91' lang='lat' dir='ltr'><strong>in</strong></span> <span class='ocrx_word' id='word_1_801' title='bbox 1631 5453 1804 5514; x_wconf 88' lang='lat' dir='ltr'><strong>editis</strong></span> <span class='ocrx_word' id='word_1_802' title='bbox 1835 5453 2062 5516; x_wconf 84' lang='lat' dir='ltr'><strong>deerat.</strong></span> 
     </span>
    </p>
   </div>
   <div class='ocr_carea' id='block_1_116' title="bbox 523 5527 2088 5616">
    <p class='ocr_par' dir='ltr' id='par_1_116' title="bbox 523 5527 2067 5616">
     <span class='ocr_line' id='line_1_116' title="bbox 523 5527 2067 5616; baseline -0.002 -24"><span class='ocrx_word' id='word_1_803' title='bbox 523 5529 648 5616; x_wconf 83' lang='lat'><strong>(37_)</strong></span> <span class='ocrx_word' id='word_1_804' title='bbox 675 5527 838 5616; x_wconf 58' lang='lat' dir='ltr'><strong>Editi</strong></span> <span class='ocrx_word' id='word_1_805' title='bbox 875 5551 1006 5594; x_wconf 82' lang='lat' dir='ltr'><strong>eum</strong></span> <span class='ocrx_word' id='word_1_806' title='bbox 1025 5532 1168 5614; x_wconf 83' lang='lat' dir='ltr'><strong>Reg.</strong></span> <span class='ocrx_word' id='word_1_807' title='bbox 1195 5533 1384 5615; x_wconf 90' lang='lat' dir='ltr'><strong>primo</strong></span> <span class='ocrx_word' id='word_1_808' title='bbox 1406 5533 1556 5600; x_wconf 81' lang='grc' dir='ltr'>ἐδόθη</span> <span class='ocrx_word' id='word_1_809' title='bbox 1587 5537 1746 5605; x_wconf 71' lang='grc' dir='ltr'>ἡμῖν,</span> <span class='ocrx_word' id='word_1_810' title='bbox 1774 5538 1834 5590; x_wconf 75' lang='grc' dir='ltr'><strong>οὔ</strong></span> <span class='ocrx_word' id='word_1_811' title='bbox 1861 5539 1896 5616; x_wconf 58' lang='grc' dir='ltr'><strong>ᾖ</strong></span> <span class='ocrx_word' id='word_1_812' title='bbox 1921 5537 2067 5614; x_wconf 69' lang='grc' dir='ltr'>ἀρχὴ</span> 
     </span>
    </p>
   </div>
   <div class='ocr_carea' id='block_1_117' title="bbox 2182 5527 3813 5616">
    <p class='ocr_par' dir='ltr' id='par_1_117' title="bbox 2182 5527 3813 5616">
     <span class='ocr_line' id='line_1_117' title="bbox 2182 5527 3813 5616; baseline 0 -20"><span class='ocrx_word' id='word_1_813' title='bbox 2182 5527 2344 5598; x_wconf 38' lang='lat' dir='ltr'><strong>uale.</strong></span> <span class='ocrx_word' id='word_1_814' title='bbox 2384 5541 2462 5600; x_wconf 88' lang='lat' dir='ltr'><strong>At</strong></span> <span class='ocrx_word' id='word_1_815' title='bbox 2517 5555 2664 5598; x_wconf 90' lang='lat' dir='ltr'><strong>mss.</strong></span> <span class='ocrx_word' id='word_1_816' title='bbox 2727 5527 2998 5616; x_wconf 80' lang='lat' dir='ltr'><strong>plerique</strong></span> <span class='ocrx_word' id='word_1_817' title='bbox 3049 5554 3255 5597; x_wconf 88' lang='lat' dir='ltr'><strong>omnes</strong></span> <span class='ocrx_word' id='word_1_818' title='bbox 3313 5527 3676 5613; x_wconf 59' lang='grc' dir='ltr'>διδασκαλίοᾲ,</span> <span class='ocrx_word' id='word_1_819' title='bbox 3733 5560 3813 5606; x_wconf 65' lang='grc' dir='ltr'><strong><em>επ</em></strong></span> 
     </span>
    </p>
   </div>
   <div class='ocr_carea' id='block_1_118' title="bbox 431 5608 2088 5711">
    <p class='ocr_par' dir='ltr' id='par_1_118' title="bbox 431 5608 2070 5711">
     <span class='ocr_line' id='line_1_118' title="bbox 431 5608 2070 5711; baseline 0.024 -87"><span class='ocrx_word' id='word_1_820' title='bbox 431 5611 517 5669; x_wconf 46' lang='lat' dir='ltr'><strong>id</strong></span> <span class='ocrx_word' id='word_1_821' title='bbox 537 5608 636 5666; x_wconf 48' lang='grc' dir='ltr'>τοῦ</span> <span class='ocrx_word' id='word_1_822' title='bbox 658 5608 1014 5711; x_wconf 18' lang='lat' dir='ltr'><strong>aspect???</strong></span> <span class='ocrx_word' id='word_1_823' title='bbox 1054 5608 1228 5694; x_wconf 42' lang='lat' dir='ltr'><strong>cuiu}</strong></span> <span class='ocrx_word' id='word_1_824' title='bbox 1257 5617 1634 5711; x_wconf 55' lang='lat' dir='ltr'><strong>principatus</strong></span> <span class='ocrx_word' id='word_1_825' title='bbox 1662 5631 1843 5711; x_wconf 68' lang='lat' dir='ltr'><strong>super</strong></span> <span class='ocrx_word' id='word_1_826' title='bbox 1861 5608 2070 5711; x_wconf 47' lang='lat' dir='ltr'><strong>hujné-</strong></span> 
     </span>
    </p>
   </div>
   <div class='ocr_carea' id='block_1_119' title="bbox 2182 5608 2700 5711">
    <p class='ocr_par' dir='ltr' id='par_1_119' title="bbox 2182 5616 2700 5711">
     <span class='ocr_line' id='line_1_119' title="bbox 2182 5616 2700 5711; baseline 0 -35"><span class='ocrx_word' id='word_1_827' title='bbox 2182 5616 2362 5711; x_wconf 56' lang='lat' dir='ltr'><strong>Mutina</strong></span> <span class='ocrx_word' id='word_1_828' title='bbox 2392 5621 2700 5711; x_wconf 50' lang='lat' dir='ltr'><strong>doctrina.</strong></span> 
     </span>
    </p>
   </div>
   <div class='ocr_carea' id='block_1_120' title="bbox 433 5690 2067 5774">
    <p class='ocr_par' dir='ltr' id='par_1_120' title="bbox 433 5690 2067 5774">
     <span class='ocr_line' id='line_1_120' title="bbox 433 5690 2067 5774; baseline 0.004 -20"><span class='ocrx_word' id='word_1_829' title='bbox 433 5708 589 5754; x_wconf 69' lang='lat' dir='ltr'><strong>rum</strong></span> <span class='ocrx_word' id='word_1_830' title='bbox 617 5690 776 5768; x_wconf 78' lang='lat' dir='ltr'><strong>ejus.</strong></span> <span class='ocrx_word' id='word_1_831' title='bbox 811 5695 928 5755; x_wconf 93' lang='lat' dir='ltr'><strong>Sed</strong></span> <span class='ocrx_word' id='word_1_832' title='bbox 961 5694 1052 5756; x_wconf 69' lang='lat' dir='ltr'><strong>bna</strong></span> <span class='ocrx_word' id='word_1_833' title='bbox 1108 5690 1308 5770; x_wconf 66' lang='lat' dir='ltr'><strong>voces,</strong></span> <span class='ocrx_word' id='word_1_834' title='bbox 1333 5698 1393 5751; x_wconf 78' lang='grc' dir='ltr'><strong>οὗ</strong></span> <span class='ocrx_word' id='word_1_835' title='bbox 1419 5690 1634 5774; x_wconf 49' lang='grc' dir='ltr'><strong>ἡάρχὴ</strong></span> <span class='ocrx_word' id='word_1_836' title='bbox 1665 5690 1754 5751; x_wconf 74' lang='grc' dir='ltr'><strong>ἐπῖ</strong></span> <span class='ocrx_word' id='word_1_837' title='bbox 1800 5703 1890 5753; x_wconf 81' lang='grc' dir='ltr'>τοῦ</span> <span class='ocrx_word' id='word_1_838' title='bbox 1919 5695 2067 5772; x_wconf 77' lang='grc' dir='ltr'>ὤμου</span> 
     </span>
    </p>
   </div>
   <div class='ocr_carea' id='block_1_121' title="bbox 2233 5693 3266 5781">
    <p class='ocr_par' dir='ltr' id='par_1_121' title="bbox 2233 5693 3266 5781">
     <span class='ocr_line' id='line_1_121' title="bbox 2233 5693 3266 5781; baseline -0.009 -17"><span class='ocrx_word' id='word_1_839' title='bbox 2233 5698 2364 5781; x_wconf 85' lang='grc'><strong>(40)</strong></span> <span class='ocrx_word' id='word_1_840' title='bbox 2391 5699 2591 5763; x_wconf 83' lang='lat' dir='ltr'><strong>Codex</strong></span> <span class='ocrx_word' id='word_1_841' title='bbox 2623 5713 2776 5758; x_wconf 86' lang='lat' dir='ltr'><strong>unus</strong></span> <span class='ocrx_word' id='word_1_842' title='bbox 2807 5693 2936 5755; x_wconf 69' lang='grc' dir='ltr'>Οὐδὲ</span> <span class='ocrx_word' id='word_1_843' title='bbox 2985 5698 3085 5775; x_wconf 81' lang='grc' dir='ltr'><strong>γὰρ</strong></span> <span class='ocrx_word' id='word_1_844' title='bbox 3113 5695 3266 5775; x_wconf 81' lang='grc' dir='ltr'>ὅπερ.</span> 
     </span>
    </p>
   </div>
  </div>
