4072 6200
279 336 396 400 605

1382 336 1779 399 ADVERSUS
1821 336 2235 401 EUNOMIUM
2283 341 2426 402 LIB.
2475 341 2552 400 II.

3522 343 3642 408 606

267 477 462 540 ταύτας
506 475 718 552 ὕστερον
778 475 1199 550 ἀπεργασθεϊσαν
1281 476 1409 552 πρὸς
1469 477 1527 530 τὸ
1581 473 1896 554 ἀρχέτυπονἸ

1996 469 2178 548 ligere
2205 470 2741 551 itidemimagiaem
2764 471 3082 536 invisibilis
3107 473 3232 556 Dei,
3271 491 3388 537 non
3412 495 3630 538 secun-

268 564 404 620 ἀλλά
460 565 896 644 συνυπάρχουσαν
952 565 1038 620 καὶ
1092 578 1560 641 παρυφεστηκυῒαν
1620 565 1696 637 up
1753 583 1902 641 πρω-

267 655 479 727 τοτύπῳ
533 657 911 726 ὕποστήσαντι,
989 660 1062 726 τῷ
1120 654 1261 708 εἶναι
1320 655 1380 708 τὸ
1438 653 1758 732 ἀρχέτυπον,
1809 652 1904 707 οὗ⁶

266 766 363 798 σαν
432 742 574 816 (14),
641 745 732 797 οὒκ
816 742 1205 798 ἐκτυπωθεϊσαν
1276 741 1358 798 διὰ
1426 742 1726 818 μιμήσεως,
1791 741 1901 798 ὥσ-

264 853 362 908 περ
399 831 521 910 (25)
557 834 611 886 ἒν
641 828 889 909 σφραγῖδί
919 853 1019 885 τινι
1051 831 1144 898 τῆς
1172 830 1301 897 ὅλης
1340 833 1542 911 φύσεως
1578 842 1668 889 τοῦ
1701 832 1903 908 Ματρὸς

267 921 796 994 ἐναποσημανθείσης
845 927 918 994 τῷ
977 921 1101 992 Titi).
1153 922 1210 976 Εἰ
1260 920 1312 975 δὲ
1359 920 1558 999 βούλει,
1594 923 1746 976 ὁποία
1803 921 1908 975 τῶν

264 1017 476 1089 τεχνῶν
522 1012 555 1077 ἡ
615 1011 900 1073 ὑπόστασις
961 1008 1090 1088 (16)
1150 1011 1210 1064 ὲκ
1255 1016 1360 1064 τῶν
1403 1008 1754 1065 διδασκόντων
1809 1007 1908 1074 ὅλη

269 1113 388 1162 τοῖς
422 1098 872 1174 μαθητευομένοις
906 1096 1224 1174 ἐγγινομένη
1261 1119 1274 1133 ·
1340 1097 1454 1154 οὔτε
1511 1097 1779 1163 λείποντός
1823 1121 1909 1152 τι-

266 1210 352 1252 νος
385 1202 503 1252 τοῖς
527 1185 848 1265 διδάσκουσι,
883 1189 970 1242 καὶ
1022 1192 1118 1253 τῆς
1177 1185 1500 1245 τελειώσεως
1549 1200 1666 1251 τοῖς
1699 1187 1903 1262 ἐκμαν-

262 1277 469 1334 θάνουσι
550 1276 998 1354 προσγινομένης.
1065 1266 1148 1331 ’Ἡ
1227 1283 1378 1333 τοῦτο
1435 1277 1533 1351 μὲν
1599 1280 1693 1333 οὒκ
1749 1277 1900 1354 ἀκρι-

264 1364 353 1428 ϐὲς
408 1368 536 1442 πρὸς
591 1368 840 1440 ὁμοίωσιν
885 1364 968 1422 διὰ
1016 1367 1113 1432 τὴν
1192 1374 1284 1423 τοῦ
1336 1367 1532 1446 χρόνου
1583 1367 1900 1444 παράτασιν,

266 1458 591 1533 Οἰκειότερον
671 1455 724 1510 δὲ
779 1459 972 1534 εἰπεῖν,
1059 1454 1138 1511 ὅτι
1224 1457 1380 1511 ὁποία
1458 1462 1562 1512 τῶν
1618 1456 1903 1530 νοημάτων

263 1548 298 1614 ἡ
330 1547 480 1626 φύσις
511 1558 627 1609 τοῖς
688 1554 779 1602 τοῦ
829 1554 918 1602 νοῦ
964 1547 1256 1621 κινήμασιν
1310 1548 1554 1626 ἀχρόνως
1582 1567 1902 1624 συνυφιστα-

262 1634 420 1710 μένη.

349 1813 440 1873 17.
483 1815 576 1870 Καὶ
607 1811 792 1873 μηδείς
844 1835 931 1873 μοι
965 1813 1356 1873 συκοφαντείτω
1383 1815 1472 1869 τὸν
1503 1812 1688 1873 λόγον,
1745 1811 1798 1868 εἷ’

398 1813 440 1872 7.
483 1815 576 1870 Καὶ
607 1812 792 1888 μηδείς
844 1835 931 1889 μοι
965 1813 1356 1894 συκοφαντείτω
1383 1815 1472 1869 τὸν
1503 1812 1688 1890 λόγον,
1745 1812 1798 1868 εἷ’
1854 1835 1900 1869 τι
1927 1829 1962 1877 Β

260 1905 366 1957 τῶν
409 1901 806 1980 ὃποδειγμάτων
855 1904 930 1975 μὴ
974 1904 1147 1969 πάντη
1206 1900 1478 1978 συμϐαίνοι
1540 1904 1655 1964 τοῖς
1686 1925 1893 1980 προκει·

259 1991 463 2066 μένοις.
554 1989 680 2047 Οὕδὲ
765 1993 864 2070 γὰρ
934 1990 1150 2050 δυνατὸν
1223 1995 1288 2048 τὰ
1363 1993 1526 2069 μικρά
1580 1993 1670 2048 καὶ
1727 1991 1899 2071 φαῦλα

1989 558 2129 620 dum
2191 562 2295 622 has
2349 561 2698 622 artiﬁciosas
2746 562 2885 622 252
2944 562 3233 642 imagines
3292 565 3507 627 exinde
3560 567 3634 626 ad

1988 650 2290 728 exemplar
2322 651 2706 730 elaboratam,
2733 652 2836 712 sed
2871 653 3254 713 exsistentem
3288 662 3462 734 atque
3491 655 3622 716 sub.

1987 737 2292 800 sistentem
2327 759 2460 802 cum
2497 741 2814 822 archetypo
2845 743 2999 823 quod
3036 761 3166 803 eam
3201 743 3637 823 produxit,quaz

1992 845 2063 888 ex
2095 829 2207 889 hoc
2237 839 2325 890 est
2353 828 2508 911 quod
2542 839 2630 890 est
2669 831 3055 911 archetypum
3091 853 3105 894 ε
3133 850 3266 908 quae
3297 850 3404 912 per
3434 832 3633 893 imita-

1995 916 2212 978 tionem
2249 937 2529 998 expressa
2555 939 2669 980 non
2704 927 2820 994 est,
2855 927 2976 980 tota
2998 919 3188 980 Patris
3223 929 3427 980 natura
3451 927 3506 981 in
3542 922 3638 983 Fi-

1995 1005 2071 1066 lio
2108 1007 2263 1068 velut
2293 1007 2353 1068 in
2385 1008 2580 1088 aliquo
2614 1008 2809 1084 sigillo
2840 1010 3323 1089 impressa.Quod
3349 1008 3398 1070 si
3423 1010 3630 1086 mavis,

1991 1096 2184 1172 qualis
2203 1106 2292 1158 est
2314 1097 2529 1159 artium
2554 1097 2886 1160 substantia
2914 1117 2980 1160 ex
3009 1098 3361 1161 docentibus
3387 1102 3444 1160 in
3461 1099 3636 1160 disci-

1990 1186 2164 1264 pulos
2183 1188 2479 1249 transiens
2504 1187 2806 1262 tota,adeo
2832 1195 2896 1250 ut
2915 1207 3110 1268 neque
3133 1189 3284 1250 desit
3308 1188 3628 1268 quidquam

1989 1273 2366 1357 docentibus,
2402 1285 2458 1336 et
2490 1277 2772 1357 perfectio
2800 1277 3202 1339 ediscentibus
3224 1277 3487 1338 accedat.
3512 1277 3632 1340 Cie-

1989 1366 2264 1445 teroquin
2285 1366 2398 1427 hoc
2417 1366 2870 1428 similitudinem
2897 1367 3214 1448 perfectam
3235 1385 3350 1427 non
3369 1367 3629 1442 exhibet,

1987 1453 2062 1514 ob
2085 1455 2369 1535 temporis
2391 1457 2765 1520 moram.Sed
2787 1457 2939 1520 illud
2960 1457 3412 1519 convenientius
3437 1465 3633 1536 potest

1986 1543 2159 1604 dici:
2221 1545 2410 1626 qualis
2468 1553 2558 1607 est
2616 1547 3038 1626 cogitationum
3095 1556 3306 1608 natura
3347 1564 3464 1607 una
3494 1565 3628 1608 cum

1987 1635 2204 1695 mentis
2255 1634 2516 1698 motibus
2547 1641 2692 1697 citra
2722 1637 2901 1697 ullam
2959 1637 3248 1717 temporis
3279 1635 3626 1698 dilationem

1986 1723 2339 1785 consistens.

2067 1815 2163 1873 17.
2199 1815 2318 1875 Nec
2349 1815 2663 1894 quisquam
2687 1814 2828 1876 mihi
2851 1815 3009 1875 hunc
3037 1833 3376 1877 sermonem
3399 1815 3628 1876 calum-

1983 1902 2150 1962 niose
2169 1902 2490 1982 objiciat,si
2521 1903 2664 1984 quid
2692 1905 2748 1963 in
2781 1903 3073 1983 exemplis
3092 1923 3208 1965 non
3230 1904 3474 1965 omnino
3500 1922 3630 1984 pro-

1983 1992 2172 2072 posito
2198 1993 2528 2055 conveniat.
2564 1995 2773 2073 Neque
2794 1999 2951 2053 enim
2979 1992 3109 2054 ﬁeri
3130 2001 3418 2074 potest,ut
3451 2011 3626 2074 parva

258 2094 375 2140 τοῖς
418 2083 575 2143 θείοις
607 2081 692 2135 καὶ
727 2079 916 2142 ἀϊδίοις
974 2082 1106 2153 μετά
1155 2078 1422 2158 ἀκριϐείας
1473 2081 1742 2158 ἁρμόζειν,
1777 2080 1896 2136 ἀλλ’

1987 2099 2046 2142 ac
2060 2082 2191 2142 vilia
2205 2081 2420 2142 divinis
2433 2092 2612 2163 atque
2628 2083 2866 2144 aeternis
2880 2081 3144 2161 perfecte
3163 2081 3626 2143 accommoden-

261 2169 386 2224 ὅσον
431 2169 636 2246 ἐλέγξαι
698 2171 795 2238 τὴν
854 2173 1118 2249 εἰρωνείαν
1177 2178 1283 2226 τῶν
1361 2172 1415 2226 οὗ
1475 2168 1774 2246 δυναμένων
1831 2169 1896 2237 δὴ

256 2258 506 2336 γέννησιν
564 2261 740 2322 ἀπαθῆ
795 2267 860 2336 τῇ
922 2260 1117 2331 διανοίᾳ
1197 2259 1404 2322 λαϐεῖν,
1469 2262 1634 2317 Εἰκὼν
1692 2259 1744 2315 δὲ
1809 2260 1898 2314 εἶ’-

257 2371 416 2426 ρηται
461 2351 546 2404 καὶ
580 2348 720 2405 ἔστιν
752 2350 778 2404 ὁ
815 2352 932 2411 Υἱὸς
978 2350 1232 2428 γεννητη,
1286 2351 1374 2405 καὶ
1404 2350 1729 2426 ἀπαύγασμα
1785 2349 1900 2405 ἐστι

254 2439 353 2504 τῆς
429 2436 583 2504 δόξης
670 2445 762 2494 τοῦ
838 2439 992 2509 Θεοῦ,
1075 2440 1161 2494 καὶ
1247 2439 1422 2519 σοφία,
1509 2440 1592 2494 καὶ
1662 2437 1896 2519 δύναμις,

256 2529 346 2583 καὶ
393 2526 698 2594 δικαιοσύνη
768 2534 922 2606 Θεοὺ,
979 2529 1080 2606 οὐχ
1135 2530 1206 2591 ὡς
1253 2527 1381 2607 ἕξις,
1442 2526 1554 2584 οὒδὲ
1587 2530 1656 2593 ὡς
1702 2531 1894 2595 ἐπιτη-

259 2616 492 2696 δειότης,
554 2616 672 2672 ἀλλ’
731 2617 876 2674 ουσία
933 2619 1076 2687 ζῶσα
1134 2620 1220 2673 καὶ
1279 2617 1519 2697 ἐνεργὴς,
1594 2621 1679 2674 καὶ
1734 2620 1896 2674 ἀπαύ-

261 2707 444 2782 γασμά
496 2707 605 2762 ἐστι
660 2711 756 2772 τῆς
819 2704 975 2773 δόξης
1033 2707 1126 2762 τοῦ
1185 2706 1335 2766 Θεοῦ.
1396 2708 1588 2785 Διόπερ
1648 2711 1735 2764 καὶ
1776 2706 1898 2764 ὅλον

263 2794 316 2848 ἐν
377 2796 544 2868 ἑαυτῴ
594 2794 815 2850 δείκνυσι
876 2797 964 2850 τὸν
1030 2795 1258 2875 Πατέρα,
1311 2794 1362 2860 ἐξ
1415 2795 1544 2862 ὅλης
1589 2797 1743 2852 αὐτοῦ
1800 2798 1894 2864 τῆς

261 2881 416 2950 δόξης
464 2884 834 2960 ἀπαυγασῦείς.
891 2885 996 2950 Τὴν
1046 2885 1219 2939 τοίνυν
1270 2883 1420 2950 δόξαν
1477 2885 1567 2940 τοῦ
1640 2893 1768 2944 Θεοῦ
1819 2887 1896 2961 μὴ

262 2971 414 3051 ἔχειν
448 2973 770 3049 ἀπαύγασμα
802 2971 999 3052 λέγειν,
1037 2974 1070 3041 ἢ
1122 2974 1217 3041 τὴν
1267 2974 1450 3053 σοφίαν
1489 2982 1576 3030 τοῦ
1635 2983 1764 3031 Θεοῦ
1822 2977 1897 3051 μὴ

261 3063 494 3118 συνεῖναί
523 3083 652 3117 ποτε
682 3067 757 3136 τῷ
793 3069 928 3137 Θεῷ,
992 3064 1168 3130 πάσης
1221 3067 1318 3132 τῆς
1351 3063 1568 3128 ἀτοπίας
1606 3085 1622 3136 ;
1658 3063 1805 3120 Ἀλλ’
1854 3067 1897 3120 εἰ

1982 2178 2099 2232 tur:
2125 2171 2228 2231 sed
2254 2182 2536 2252 quantum
2570 2172 2711 2233 satis
2734 2171 3326 2251 est,utdissimulatio
3350 2171 3622 2232 confute-

1985 2269 2077 2320 tur
2107 2279 2339 2335 eorum,
2393 2261 2492 2342 qui
2553 2261 2997 2338 generationem
3049 2259 3478 2341 impassibilem
3507 2280 3624 2322 non

1983 2360 2205 2430 queunt
2228 2360 2424 2411 mente
2448 2350 2785 2430 concipere.
2801 2352 2993 2427 Imago
3006 2358 3198 2410 autem
3215 2349 3406 2410 dictus
3427 2359 3518 2411 est
3537 2350 3632 2412 Fi-

1983 2439 2188 2512 lius,et
2210 2447 2298 2500 est
2318 2439 2510 2516 imago
2541 2439 2830 2517 genita,et
2850 2439 3135 2518 splendor
3158 2446 3245 2498 est
3269 2437 3477 2515 gloriae
3495 2438 3623 2514 Dei,

1984 2539 2041 2589 et
2065 2527 2442 2608 sapientia,et
2463 2527 2816 2607 potentia,et
2833 2527 3068 2607 justitia
3089 2525 3342 2607 Dei,non
3368 2535 3432 2586 ut
3453 2525 3624 2588 habi-

1983 2623 2298 2694 tus,neque
2322 2623 2384 2674 ut
2405 2615 2691 2695 aptitudo,
2722 2616 2824 2676 sed
2859 2612 3189 2675 substantia
3233 2613 3357 2674 viva
3389 2621 3444 2674 et
3475 2632 3622 2692 ope-

1982 2723 2121 2765 rans
2135 2775 2139 2778 ,
2153 2723 2221 2764 ac
2236 2703 2521 2784 splendor
2538 2705 2740 2783 gloriae
2762 2703 3270 2785 Dei.Quapropter
3283 2711 3339 2763 et
3353 2708 3542 2764 totum
3564 2703 3622 2763 in

1984 2795 2184 2872 seipso
2209 2797 2438 2854 Patrem
2473 2793 2828 2873 ostendit,ex
2862 2801 2981 2854 tota
3013 2794 3147 2873 ejus
3177 2793 3483 2872 majestate
3525 2811 3623 2853 re-

1981 2884 2324 2964 Splendens.
2351 2885 2539 2957 Quam
2573 2882 2896 2945 absurdum
2931 2892 3022 2944 est
3056 2901 3194 2962 ergo
3226 2883 3452 2957 dicere,
3489 2883 3621 2960 glo-

1980 2972 2128 3034 riam
2163 2973 2268 3034 Dei
2295 2992 2412 3034 non
2444 2973 2664 3035 habere
2696 2973 3102 3053 splendorem,
3140 2981 3239 3033 aut
3267 2973 3620 3052 sapientiam

1984 3062 2092 3124 Dei
2113 3062 2429 3143 aliquando
2453 3082 2566 3124 una
2594 3081 2728 3124 cum
2752 3063 2871 3123 Deo
2897 3079 3011 3124 non
3036 3059 3369 3123 fuisse?Sed
3398 3060 3448 3123 si
3471 3069 3618 3136 erat,

257 3153 348 3224 ἦν,
385 3152 564 3230 φησὶν,
598 3153 655 3205 ου
703 3151 1038 3229 γεγέννηται.
1104 3152 1542 3230 Ἀποκρινώμεθα
1573 3155 1742 3210 τοίνυν
1791 3153 1890 3229 ὅτι,

1987 3152 2191 3232 inquit,
2217 3154 2451 3229 genitus
2483 3171 2599 3212 non
2628 3162 2737 3214 est.
2777 3150 3266 3231 Respondeamus
3289 3152 3616 3230 ergo,quod

261 3237 480 3308 Ἐπειδὴ
522 3242 853 3317 γεγέννηται,
888 3242 951 3308 ἦν
980 3259 992 3271 ⁸
1030 3244 1122 3298 οὑκ
1154 3242 1443 3319 ἀγέννητον
1473 3241 1620 3322 ἔχων
1645 3246 1702 3298 τὸ
1731 3249 1891 3312 εἶναι,

259 3331 331 3386 ὢν
365 3328 417 3385 δὲ
449 3329 525 3384 ἀεὶ
572 3332 658 3385 καὶ
719 3331 884 3386 συνὼν
919 3336 995 3403 τῷ
1043 3334 1226 3408 Πατρὶ,
1279 3331 1332 3396 ἐξ
1365 3333 1422 3387 οὗ
1468 3335 1553 3388 καὶ
1615 3332 1738 3412 (47)
1798 3336 1895 3401 τὴν

259 3419 428 3474 αἰτίαν
479 3424 576 3484 τῆς
627 3417 890 3498 ὑπάρξεως
953 3419 1093 3497 ἔχει,
1159 3422 1291 3475 Πότε
1345 3422 1434 3476 οὖν
1495 3423 1566 3484 εἷς
1627 3424 1684 3476 τὸ
1754 3428 1893 3480 εἶναι

257 3510 400 3587 παρά
458 3515 546 3564 τοῦ
602 3510 804 3586 Πατρὸς
838 3511 1094 3588 παρήχθη
1135 3525 1150 3582 ;
1188 3506 1306 3588 ’Arp'
1345 3511 1406 3565 οὗ
1436 3510 1574 3564 ἐστιν
1607 3513 1634 3565 ὃ
1670 3514 1886 3593 Πατὴρ,

251 3595 410 3654 Ἀλλ’
444 3596 494 3662 ἐξ
525 3595 720 3676 ἀιδίου,
748 3599 930 3678 φησὶν,
968 3601 993 3653 ὃ
1027 3599 1206 3675 Πατὴρ
1246 3617 1258 3632 ⁸
1307 3597 1358 3664 ἐξ

256 3689 283 3742 ὅ
319 3690 456 3754 Υἱὸς,
496 3694 765 3763 γεννητῶς
818 3693 886 3764 τῇ
941 3688 1228 3764 ἀγεινησίᾳ
1273 3698 1363 3746 τοῦ
1397 3690 1598 3767 Πατρὸς
1627 3691 1893 3747 συναπτό-

1409 3598 1578 3654 ἀϊδίου
1607 3602 1774 3656 τοίνυν
1808 3607 1892 3657 καὶ

256 3798 442 3845 μενος.
481 3773 610 3832 "Ott
643 3775 693 3831 δὲ
727 3783 873 3838 οὗτος
908 3779 1011 3855 οὔχ
1045 3777 1300 3855 ἡμέτερος
1333 3780 1358 3833 ὁ
1391 3778 1576 3855 Λόγος,
1614 3781 1769 3842 αὑτὰς
1803 3783 1894 3842 τὰς

1985 3244 2264 3320 quoniam
2292 3243 2526 3318 genitus
2561 3249 2968 3321 est,erat,cum
2996 3241 3320 3318 ingenitum
3351 3259 3476 3302 esse
3502 3259 3620 3301 non

1982 3331 2218 3406 habeat,
2255 3333 2354 3392 sed
2388 3333 2628 3392 exsistat
2665 3349 2928 3411 semper,
2984 3337 3042 3390 et
3068 3330 3386 3391 coexsistat
3412 3329 3624 3390 Patria

1979 3441 2095 3502 quo
2121 3423 2294 3482 etiam
2322 3423 2641 3482 exsistendi
2674 3421 2853 3482 habet
2883 3437 3146 3482 causam.
3174 3419 3420 3492 Quando
3445 3420 3622 3498 igitur

1977 3512 2050 3572 ad
2084 3528 2211 3572 esse
2232 3529 2263 3571 a
2297 3513 2466 3572 Patre
2496 3511 2817 3591 productus
2850 3508 2992 3570 est?
3023 3509 3106 3570 Ex
3137 3528 3252 3591 quo
3278 3507 3450 3568 Pater
3481 3517 3570 3568 est
3596 3507 3620 3568 ἲ

1977 3601 2092 3663 Sed
2109 3601 2179 3660 ab
2203 3599 2868 3681 aeterno,inquit,Pater:
2893 3597 2966 3659 ab
2993 3607 3214 3658 aeterno
3239 3598 3414 3676 igitur
3438 3606 3493 3658 et
3516 3597 3618 3660 Fi-

1979 3689 2231 3768 lius,per
2252 3691 2702 3768 generationem
2725 3688 3004 3766 ingenitae
3024 3688 3214 3749 Patris
3238 3695 3465 3748 naturae
3481 3707 3620 3748 con-

1975 3778 2416 3858 junctus.Quod
2448 3787 2640 3838 autem
2677 3797 2797 3839 non
2832 3783 3036 3839 nostra
3059 3784 3133 3837 sit
3156 3777 3281 3838 haec
3303 3778 3615 3857 oratio,ip-

258 3866 410 3942 ἁγίου
446 3866 744 3940 Πνεύματος
800 3866 976 3945 φωνὰς
1028 3869 1211 3929 αὐτοῖς
1246 3865 1594 3944 παρεξόμεθα.
1651 3867 1748 3924 Ἐκ
1801 3872 1896 3945 μὶν

1987 3886 2076 3930 sas
2107 3867 2292 3928 sancti
2329 3868 2582 3947 Spiritus
2604 3885 2777 3928 voces
2803 3867 2891 3927 eis
2911 3869 2986 3928 ob
3003 3867 3207 3928 oculos
3230 3866 3620 3946 ponemus.Et

341 3997 653 4075 (14)Hunc
679 3997 871 4058 locum
898 3997 1198 4059 difﬁcilem
1217 4017 1350 4081 esse
1366 4000 1456 4060 vel
1476 4019 1544 4062 ex
1576 4019 1646 4061 eo
1679 4002 1899 4063 intelli-
1996 4001 2157 4081 liqua
2190 4011 2253 4061 ut
2286 4001 2343 4060 in
2384 4000 2693 4080 impressis
2720 4000 2908 4061 libris.
2947 3999 3108 4062 Idem
3153 3999 3336 4081 codex
3364 3996 3628 4081 secunda

260 4080 609 4157 gitur,quod
643 4097 760 4137 non
797 4096 1002 4161 parum
1025 4079 1257 4161 negotii
1288 4079 1546 4161 librariis
1564 4081 1896 4144 exhibuisse

1993 4078 2168 4142 meliu
2203 4078 2733 4161 συνυνρεστηκυϊκν...
2768 4105 2842 4154 τῳ
2871 4085 3031 4142 εῐυαι,
3085 4081 3170 4141 Ex
3203 4079 3418 4161 quibus
3449 4078 3617 4161 colli:

263 4161 530 4241 videatur
565 4179 577 4219 :
614 4161 834 4241 quippe
860 4159 955 4218 alii
989 4159 1322 4241 aliterieum
1356 4159 1674 4223 emendare
1706 4164 1899 4223 conati
1985 4181 2124 4241 gere
2147 4161 2307 4232 licet,
2344 4159 2448 4221 has
2479 4180 2685 4222 omnes
2711 4161 2997 4222 lectiones
3030 4160 3291 4241 revocari
3324 4176 3498 4241 posse
3533 4159 3626 4219 vel

261 4239 698 4322 sunt.Fortas_se
727 4239 985 4322 alienum
1020 4240 1480 4322 non__fuerit,etsi
1512 4242 1774 4322 longum,
1810 4262 1896 4304 va-

1987 4237 2055 4304 ad
2091 4243 2264 4314 hanc,
2299 4248 2373 4314 τῷ
2395 4244 2570 4322 εἶναι,
2617 4241 2705 4302 vel
2736 4243 2809 4300 ad
2843 4241 3036 4322 illam,
3062 4245 3120 4294 τὸ
3152 4237 3612 4322 εἶναιδιΙεεεε,

253 4321 377 4404 rias
397 4337 604 4380 omnes
628 4318 916 4404 lectiones
935 4319 989 4404 in
1013 4319 1273 4404 medium
1301 4322 1591 4404 proferre,
1623 4318 1703 4404 ut,
1741 4318 1895 4404 quod

257 4401 547 4482 optimum
582 4407 692 4478 est,
720 4399 798 4482 ab
826 4399 1079 4482 eruditis
1101 4401 1447 4482 hominibus
1480 4403 1648 4481 seligi
1685 4399 1890 4482 possit.

252 4478 412 4542 Edili
473 4478 652 4557 igitur
716 4481 795 4539 ita
826 4479 1093 4542 habent:
1160 4481 1295 4536 ἀλλά
1328 4478 1763 4562 συνυπάρχουσαν
1808 4487 1893 4540 καὶ

250 4575 720 4640 παρυφεστηκυϊαν
790 4567 865 4634 τῷ
951 4563 1278 4637 πρωτοτύπῳ
1339 4565 1720 4640 ὑποστήσαντι,
1801 4573 1892 4621 τοῦ

250 4647 393 4698 εἶναι
424 4643 484 4698 τὸ
519 4641 846 4719 ἀρχέτυπον,
882 4640 1056 4696 εὗσαν.
1099 4640 1246 4719 Reg.
1295 4643 1518 4721 primus
1554 4667 1889 4724 παρυφεστη-

247 4736 408 4779 κυῖαν
467 4728 543 4793 τῷ
594 4723 692 4776 ὑπὸ
743 4727 819 4794 τῷ
849 4722 1177 4797 πρωτοτύπῳ
1208 4725 1564 4793 ὑποστήσαντι
1601 4713 1675 4798 τῷ
1699 4713 1886 4798 εἶναι,

249 4802 483 4881 reliqua
513 4808 576 4884 ut
605 4801 665 4860 in
696 4800 965 4884 Vulgatis.
1003 4801 1334 4884 Hic_notari
1371 4811 1582 4884 potest,
1613 4821 1794 4865 voces
1821 4807 1896 4880 τῷ

251 4884 354 4938 ὕπό
392 4881 700 4941 manifeste
731 4881 1088 4944 redundare.
1129 4881 1270 4961 Reg.
1306 4881 1606 4944 secundus
1636 4893 1710 4960 τῷ
1742 4909 1894 4962 πρω-

249 4965 461 5035 τοτόπῳ
492 4964 848 5044 ὑποστήσαντι
908 4962 967 5016 τὸ
1020 4963 1185 5037 εἶναι,
1238 4963 1468 5044 reliqua
1517 4966 1666 5024 utin
1698 4965 1893 5028 editis,

248 5041 394 5121 Reg.
461 5044 669 5102 tertius
729 5039 917 5120 prima
971 5059 1146 5121 manu
1195 5039 1549 5113 ὑποστησαντι
1598 5053 1674 5119 τῷ
1731 5051 1894 5115 εἶναι,

251 5120 468 5184 caetera
501 5129 563 5181 ut
602 5121 659 5180 in
709 5121 968 5182 excusis.
1007 5120 1109 5183 Hic
1138 5123 1236 5184 ille
1267 5124 1391 5203 ipse
1422 5125 1606 5185 codex
1636 5126 1896 5186 secunda

256 5222 434 5264 manu
501 5209 966 5281 παρυφεστηκῦῖαν
1039 5211 1114 5276 τῷ
1191 5207 1546 5273 ὑποστήσαντι
1619 5214 1694 5280 τῷ
1754 5208 1894 5262 εἶναι

249 5287 380 5363 πρὸς
410 5285 490 5363 το
512 5283 812 5362 ἀρχέτυπον
842 5283 1022 5363 οὖσαν.
1060 5284 1132 5344 Et
1164 5284 1258 5345 hic
1295 5284 1589 5345 adnotabo
1614 5286 1769 5346 hunc
1800 5287 1892 5346 lo-

249 5361 385 5426 cum
413 5382 444 5422 a
465 5361 818 5424 Combefisio
851 5361 1012 5422 aliud
1037 5366 1310 5441 COgilanli
1340 5383 1457 5425 non
1489 5376 1762 5426 accurate
1787 5385 1892 5427 ex-

245 5445 541 5524 scriptum
579 5443 778 5503 fuisse.
817 5444 983 5521 Regii
1018 5452 1261 5522 quartus
1283 5457 1342 5505 et
1375 5445 1616 5524 quintus
1645 5448 1886 5516 ὑποστή-

245 5549 397 5582 σαντι
428 5532 502 5597 τῷ
528 5525 670 5605 εξιαι
706 5543 720 5584 ;
766 5529 822 5582 in
846 5524 1092 5605 reliquis
1124 5543 1260 5586 vero
1301 5544 1432 5585 cum
1459 5527 1707 5605 vulgatis
1739 5545 1888 5587 con-

246 5605 534 5667 sentiunt.
568 5601 711 5680 Reg.
747 5610 956 5662 sextus
990 5603 1175 5681 prima
1222 5623 1395 5665 manu
1425 5613 1501 5679 τῷ
1530 5601 1887 5676 bim-trgum

244 5687 306 5742 τὸ
333 5691 495 5764 εἶναι,
522 5685 751 5762 reliqua
781 5691 844 5742 ut
870 5681 930 5742 in
961 5682 1177 5746 editis:
1214 5685 1369 5745 idem
1402 5704 1517 5747 ms.
1576 5705 1752 5748 manu
1783 5705 1886 5748 re-

245 5765 512 5828 centiore
560 5768 637 5837 τῷ
695 5765 1025 5839 πρωτοτύπῳ
1068 5765 1426 5834 ὑποστήσαντι
1458 5770 1516 5823 τὸ
1549 5769 1715 5830 εἶναι,
1765 5764 1881 5830 De-

240 5847 424 5929 nique
467 5841 634 5908 Colb.
672 5844 862 5923 prima
901 5860 1077 5904 manu
1106 5846 1464 5917 ὑποστήσαντι
1495 5850 1556 5904 τὸ
1586 5852 1748 5926 εἶναι,
1780 5865 1882 5910 re-

1981 4331 2056 4397 τῷ
2089 4324 2252 4394 εἶναι,
2288 4321 2596 4382 verborum
2631 4323 2994 4382 constructio
3026 4321 3150 4380 haec
3181 4319 3314 4392 erit,
3358 4321 3515 4375 οὖσαν
3541 4328 3617 4392 τῷ

1982 4405 2124 4459 εἶναι
2155 4406 2214 4457 τὸ
2246 4403 2566 4481 ἀρχέτυπον,
2603 4402 2688 4463 Ad
2721 4401 2990 4473 verbum,
3013 4417 3146 4480 qua:
3169 4406 3366 4480 imago
3387 4408 3476 4460 est
3505 4416 3619 4479 per

1976 4483 2108 4562 hoc,
2145 4483 2299 4561 quod
2321 4487 2515 4561 ipsum
2539 4482 2929 4560 archetypum
2951 4491 3062 4560 est,
3095 4499 3394 4562 seu,qquaz
3416 4483 3618 4562 imago

1974 4571 2059 4624 est
2095 4560 2202 4621 hoc
2231 4560 2409 4641 ἱρείη.
2437 4565 2598 4642 quod
2624 4570 3013 4642 archetypum
3045 4570 3131 4642 est
3155 4560 3248 4642 ξεί
3269 4579 3405 4621 vero
3421 4560 3609 4637 legas,

1972 4647 2034 4699 τὸ
2055 4641 2505 4715 εἶναι,νί[1εηιυι’
2519 4645 2642 4704 haec
2661 4641 2846 4703 veroa’
2859 4641 3125 4704 construi
3144 4641 3230 4701 sic
3249 4645 3611 4721 possemut»

1977 4726 2334 4792 ὑποστήσαντι
2357 4725 2418 4778 τὸ
2438 4728 2575 4780 εἴναι
2592 4721 3014 4804 ἀρχέτυπον.Αά
3037 4721 3278 4804 verbum
3291 4738 3444 4800 ,quw
3462 4721 3608 4804 ima:

1976 4822 2055 4884 g0
2077 4811 2159 4865 est
2181 4804 2416 4864 auctori
2439 4800 2783 4883 hoc,nempe
2802 4819 3083 4884 cumesse
3104 4802 3522 4884 archetypum.
3547 4800 3610 4884 ld_

1980 4882 2308 4958 est,auctor
2346 4882 2636 4962 imaginis
2675 4884 2902 4961 abipsa
2924 4882 3194 4962 imagine
3220 4883 3421 4955 habet,
3454 4882 3613 4960 quod

1979 4963 2714 5054 estarcltetgpumﬁtvero
2727 4964 3112 5052 archetypum
3133 4962 3609 5054 proprienullum

1981 5053 2089 5117 est,
2148 5044 2258 5104 nisi
2289 5042 2480 5123 imago
2513 5045 2608 5118 sit,
2650 5062 2778 5124 quae
2809 5062 2876 5103 ex
2905 5043 3034 5123 ipso
3055 5042 3458 5124 exprimatur.
3490 5042 3613 5104 Hoc

1979 5142 2052 5184 an
2084 5124 2185 5184 illo
2219 5125 2392 5184 modo
2418 5121 2737 5204 legenduim
2770 5124 2868 5202 sit,
2905 5121 3107 5183 nescio
3139 5122 3429 5204 quidem:
3471 5131 3609 5202 pulo

1981 5213 2176 5264 tamen
2207 5204 2403 5284 potius
2425 5202 2537 5282 legi
2562 5204 2804 5277 debere,
2834 5211 2910 5277 τῷ
2930 5202 3236 5284 etvat._Alii
3259 5203 3609 5265 meliora.—

1980 5288 2066 5358 Τᾧ
2095 5282 2232 5340 εἶναι
2267 5286 2588 5365 ἀρχέτυπον,
2624 5295 2805 5344 ουσαν.
2841 5286 3036 5358 Verte,
3077 5282 3314 5365 Imago,
3346 5301 3477 5362 qua:
3507 5284 3614 5346 hoc

1977 5366 2107 5444 ipso
2135 5365 2292 5444 quod
2325 5363 2411 5444 eat
2443 5363 2856 5444 archetypum,
2890 5365 3147 5425 exsistit.
3177 5363 3417 5425 MARAN.

2061 5445 2178 5524 (15)
2212 5443 2367 5504 Edili
2389 5443 2693 5520 μιμήσεως,
2729 5446 2842 5501 ἀλλ’
2872 5445 3072 5521 ὥσπερ.
3110 5444 3609 5524 Aliquotcodices

1972 5528 2274 5598 μιμήσεως,
2322 5528 2410 5580 καὶ
2453 5526 2632 5596 ὥσπερ
2679 5525 2792 5586 Alii
2824 5524 3066 5604 quidam
3119 5543 3262 5586 mss.
3296 5529 3600 5600 μιμήσεως,

1970 5606 2148 5666 ὥσπερ
2158 5653 2170 5666 ,

2052 5628 2116 5660 πε
2158 5653 2170 5666 .

2051 5628 2170 5762 (Ηὸ)
2201 5688 2415 5764 Τεχνῶν
2464 5689 2498 5754 ἡ
2548 5687 2857 5759 ὑπόστασις,
2901 5693 3126 5746 natura
3158 5686 3388 5746 artium
3418 5690 3604 5764 atque

1969 5766 2299 5827 industria.

2053 5845 2174 5926 (17)
2199 5843 2349 5924 Reg.
2387 5855 2629 5927 quartus
2652 5850 2834 5929 Ιιατρὶ,
2867 5845 2990 5926 παρ’
3022 5847 3082 5900 οὗ
3106 5847 3214 5907 καί.
