4072 6200
440 286 556 348 619
1770 289 1830 350 S.
1900 283 2174 350 BASILH
2220 282 2470 345 MAGNI
3706 276 3817 338 6‘20

441 422 625 480 Deum
652 418 911 479 Verbum
940 419 1010 479 ad
1034 419 1438 497 operationem
1468 418 1847 498 progreditur
1880 418 2073 479 Euno-
2094 427 2126 474 Α

2246 415 2354 478 είας
2416 415 2617 476 εἰκόνος
2677 412 2769 470 τοῦ
2821 421 2953 471 Θεοῦ
3011 412 3183 489 Λόγου
3246 414 3484 488 πρόεισιν
3528 417 3601 475 εἱς
3677 411 3811 489 ἐνέρ-

445 507 598 568 mius
620 526 756 568 vero
773 508 1140 586 unigenitum
1156 507 1368 568 Filium
1386 508 1723 569 ministrum
1740 507 2080 587 appellavit,

2243 526 2340 562 Law.
2376 502 2437 560 Ὀ
2489 501 2543 558 δὲ
2598 506 2689 560 τὸν
2748 507 3011 579 μονογενῆ
3058 503 3176 557 Υἱὸν
3234 502 3493 579 ὑπουργὸν
3545 504 3817 579 προσηγὸ-

444 597 557 657 hoc
590 596 643 656 ei
677 616 951 674 magnum
983 596 1330 674 attribuens,
1363 597 1522 674 quod
1575 597 1647 658 ad
1692 615 1900 658 eorum
1955 616 2088 677 quae

2243 614 2345 673 me,
2376 595 2530 649 τοῦτο
2575 595 2717 667 αὕτῷ
2781 592 2902 671 (58)
2942 592 3236 668 προστιθεὶς
3294 591 3454 667 μέγα,
3485 590 3564 647 ὅτι
3616 590 3818 653 εἷῖθετος

448 685 872 765 praecipiuntur
896 686 1290 747 ministerium
1316 685 1567 747 idoneus
1588 688 1764 749 est.Si
1789 686 1947 747 enim
1972 705 2088 745 non

2250 684 2305 745 ὺς
2336 683 2435 748 τὴν
2467 681 2733 739 διακονίαν
2765 682 2870 738 τῶν
2936 680 3366 756 ἐπιτασσομένων
3408 682 3570 739 ἐστίν.
3626 683 3689 737 Εἰ
3733 682 3821 757 γὰρ

450 775 510 835 in
534 795 606 836 eo
628 774 785 854 quod
814 778 972 836 Deus
996 775 1291 852 perfectus
1308 777 1781 854 sit,majestatem
1802 776 2087 854 possidet,

452 866 554 925 sed
577 865 633 925 in
660 884 728 925 eo
753 865 905 945 quod
931 864 1171 926 sedulus
1190 865 1262 926 sit
1288 865 1576 939 minister,
1595 868 1717 945 jam
1736 883 1770 926 a
1796 865 2094 925 ministra-

457 955 626 1015 toriis
647 953 1081 1033 spiritibus,qui
1115 954 1413 1033 iuculpate
1435 950 1756 1017 ministerii
1781 973 1928 1033 opus
1951 972 2058 1033 per
2074 988 2092 998 -

457 1045 680 1109 iiciunt.
716 1062 830 1122 qua
860 1044 918 1103 in
953 1062 1017 1104 re
1040 1044 1274 1105 differet
1297 1052 1323 1107 ι
1345 1042 1447 1104 His
1470 1044 1543 1104 de
1562 1045 1755 1106 causis
1777 1044 1902 1103 voci
1920 1044 2096 1123 geni-

459 1143 551 1194 tus
581 1150 787 1194 vocem
822 1140 1060 1195 creatus
1082 1132 1486 1212 conjunxit,ut
1509 1133 1683 1194 etiam
1708 1133 1847 1194 hinc
1874 1132 2095 1194 nullam

458 1224 615 1284 inter
638 1222 849 1285 Filium
874 1232 933 1284 et
952 1233 1281 1285 creaturam
1307 1223 1706 1284 diversitatem
1734 1241 1867 1285 esse
1891 1230 2094 1284 osten-

458 1313 578 1373 (lat.

542 1393 637 1455 92.
677 1394 800 1453 .lam
834 1409 969 1454 vero
995 1411 1189 1473 operae
1213 1394 1465 1473 pretium
1486 1395 1661 1457 fuerit
1684 1394 1838 1455 illius
1863 1409 2099 1473 quoque

461 1482 926 1545 admonitionem
960 1482 1186 1544 audire.

547 1570 693 1632 EUN.
721 1568 845 1631 Non
879 1578 1130 1651 oportet,
1158 1571 1371 1651 inquit,
1396 1590 1532 1635 cum
1557 1573 1743 1633 Patris
1766 1591 1833 1634 ac
1856 1572 1984 1634 Filii
2003 1588 2105 1651 ap-

2178 776 2272 831 οὐκ
2316 770 2369 827 ὲν
2394 779 2470 845 τῷ
2495 773 2627 835 Θεὸς
2660 772 2803 828 εἶναι
2834 769 3036 833 τέλειος
3069 772 3167 838 τὴν
3197 768 3347 835 δόξαν
3377 770 3665 847 κέκτηται,
3716 768 3824 824 ἀλλ’

2180 861 2234 917 ἐν
2277 868 2355 935 τῷ
2397 862 2659 940 ὑπουργὸς
2706 859 2951 939 ἀκριϐὴς,
2998 862 3046 916 τί
3103 857 3284 916 διοίσει
3317 866 3420 915 τῶν
3450 859 3827 937 λειτουργικὼν

2181 951 2520 1031 πνευμάτων³
2587 950 2882 1026 ἀμέμπτως
2925 950 2985 1006 τὸ
3033 949 3184 1028 ἔργον
3243 958 3335 1021 τῆς
3384 946 3654 1015 διακονίας
3715 949 3827 1005 ἐπι-

2182 1038 2526 1121 τελούντων;
2606 1042 2701 1097 Διὰ
2788 1048 2951 1097 ταῦτα
3006 1046 3083 1114 τῷ
3157 1040 3425 1117 γεννηθεὶς
3479 1041 3542 1095 τὸ
3600 1044 3824 1102 κτισθεὶς

2186 1135 2442 1210 συνῆψεν,
2502 1131 2596 1187 ’ίνα
2671 1130 2946 1187 κάντεῦθεν
3027 1127 3290 1205 μηδεμίαν
3349 1129 3506 1185 οὖσαν
3566 1133 3695 1186 Υἱοῦ
3752 1133 3829 1184 καὶ

2183 1220 2473 1294 κτίσματος
2505 1218 2755 1301 διαφορὰν
2785 1218 3038 1296 ἐπιδείξῃ.

2263 1398 2364 1456 ΞΞ.
2398 1395 2589 1463 ’Ἄξιον
2621 1396 2676 1453 δὲ
2707 1398 2930 1457 ἀκοῦσαι
2960 1399 3051 1453 καὶ
3078 1396 3176 1465 τῆς
3209 1397 3595 1474 παραινέσεως.

2271 1584 2421 1635 ΕΥΝ.
2485 1577 2557 1634 Οὔ
2615 1575 2751 1655 χρὴ,
2827 1576 2981 1655 φησὶ,
3051 1580 3120 1651 τῇ
3198 1586 3291 1634 τοῦ
3352 1578 3555 1653 [ἰατρὸς
3606 1579 3699 1633 καὶ
3750 1578 3832 1635 τοῦ

470 1660 846 1740 pellationem
872 1661 1304 1740 audimus,ejus
1324 1661 1768 1739 generationem
1784 1662 2102 1722 humanam

2243 1670 2312 1721 ἰοῦ
2345 1663 2464 1745 (59)
2511 1666 2881 1744 προσέχοντας
2918 1665 3246 1741 προσηγορίᾳ
3301 1665 3643 1743 ἆνθρωπικὴν
3680 1669 3833 1724 αὖτοῧ

470 1749 839 1829 intelligere:
874 1768 983 1811 nec
1015 1750 1321 1810 hominum
1355 1753 1745 1830 generatione
1792 1749 2103 1829 adductos,

2243 1778 2289 1822 λν
2335 1754 2585 1833 γέννησιν
2628 1754 2853 1828 ἐννοεῖν,
2907 1753 3009 1808 κάκ
3047 1754 3155 1810 τῶν
3219 1752 3275 1809 ἐν
3319 1755 3617 1834 ἀνθρώποις
3680 1758 3831 1833 γενέ-

470 1840 658 1901 Deum
703 1840 1138 1901 communionis
1197 1840 1542 1902 nominibus
1585 1851 1684 1903 aut
1738 1839 2109 1921 passionibus

2243 1867 2327 1901 ιων
2386 1843 2773 1923 ἀναγομένους,
2821 1855 2936 1905 τοῖς
2980 1847 3078 1911 τῆς
3138 1846 3414 1919 μετουσίας
3452 1844 3582 1924 (60)
3614 1849 3835 1922 ὀνόμασι

473 1929 792 2009 subjicere.

2243 1936 2278 1990 ιὶ
2309 1934 2527 1990 πάθεσιν
2557 1935 2778 2011 ὑπάγειν
2810 1934 2902 1989 τὸν
2935 1933 3087 1992 Θεὸν.

556 2020 698 2081 Bas.
733 2018 924 2080 Monet
973 2020 1181 2080 Filium
1243 2018 1393 2081 Patri
1446 2020 1776 2082 secundum
1828 2020 2108 2080 substan-

2276 2030 2431 2081 ΒΑΣ.
2494 2020 2558 2077 Ἠ
2624 2022 2720 2097 μὲν
2779 2024 3111 2103 παραίνεσις,
3164 2024 3240 2098 μὴ
3304 2021 3412 2079 δεῖν
3457 2024 3558 2089 τὴν
3590 2026 3720 2081 κατ’
3749 2028 3835 2081 οὑ-

480 2110 615 2171 tiam
641 2108 895 2170 similem
923 2108 1168 2187 intelligi
1193 2128 1310 2170 non
1338 2118 1638 2190 oportere.
1664 2107 1790 2171 Hoc
1812 2110 1971 2171 enim
1997 2108 2110 2170 sibi

2243 2116 2312 2170 ἷαν
2373 2112 2494 2169 Υίοῦ
2544 2112 2636 2168 καὶ
2690 2112 2898 2189 Πατρὸς
2944 2113 3242 2186 ὁμοιότητα
3285 2111 3507 2173 ἐννοεῖν,
3544 2122 3719 2173 Τοῦτο
3749 2118 3838 2191 γὰρ

480 2199 598 2260 vult
629 2199 727 2258 illa
761 2199 1225 2278 participationis
1281 2198 1536 2277 negatio,
1572 2198 1741 2279 quasi
1787 2197 2116 2260 substantia

2243 2206 2340 2276 5τῴ
2399 2201 2641 2278 βούλεται
2804 2200 2900 2267 τῆς
2971 2201 3252 2275 μετουσίας
3330 2201 3711 2279 ἀπαγόρευσις,

478 2287 669 2350 Patris
698 2304 833 2347 cum
867 2286 1191 2348 substantia
1222 2287 1354 2349 Filii
1391 2307 1507 2349 non
1541 2300 1718 2367 queat
1748 2289 2118 2350 communio-

2243 2292 2566 2360 κοινωνήτου
2616 2294 2713 2357 τῆς
2777 2297 2869 2347 τοῦ
2926 2292 3131 2368 [ἰατρὸς
3188 2290 3367 2352 οὐσίας
3413 2292 3541 2367 πρὸς
3597 2294 3697 2361 τὴν
3754 2303 3837 2351 τοῦ

483 2396 614 2438 nem
644 2376 826 2437 ullam
859 2376 1103 2439 habere.
1139 2380 1456 2456 Propterea
1487 2377 1784 2457 prmclarze
1813 2377 1948 2447 illm,
1976 2396 2115 2455 qua-

2243 2387 2531 2459 [ονογενοῦς
2580 2380 2952 2459 ὑπαρχούσης.
3018 2381 3114 2435 Διὰ
3156 2387 3319 2435 ταῦτα
3381 2379 3510 2459 (61)
3550 2384 3606 2436 αἱ
3664 2384 3837 2458 σεμνᾶἒ

482 2486 613 2528 rum
644 2484 752 2525 nos
805 2464 1032 2525 turbam
1088 2466 1600 2546 praetermisimus,
1638 2472 1942 2528 nominum
1990 2466 2116 2527 dis-

2243 2484 2401 2528 ιεϊναι
2449 2474 2556 2527 τῶν
2600 2470 2875 2544 ὀνομάτων
2906 2468 3197 2544 διαστολαὶ,
3231 2471 3304 2525 ὦν
3335 2471 3425 2525 τὸν
3479 2469 3652 2550 ὄχλον
3684 2476 3837 2546 ἡμεῖς

486 2556 823 2626 tinctiones,
846 2554 1002 2629 quod
1035 2554 1314 2616 videlicet
1345 2575 1461 2617 non
1497 2575 1987 2636 quorumcunque
2009 2574 2117 2617 ete-

2243 2557 2535 2639 περέόημεν
2570 2575 2583 2588 ⁸
2640 2560 2712 2623 ὡς
2772 2559 2894 2639 οὕχὶ
2934 2558 3073 2615 ὅσων
3121 2560 3169 2614 αἱ
3214 2558 3538 2638 ἐκφωνήσεις
3572 2563 3627 2616 αἱ
3673 2564 3837 2639 αὒταὶ,

485 2646 617 2706 dem
653 2651 791 2704 sunt
822 2643 1283 2717 enuntiationes,
1315 2663 1383 2705 ea
1431 2644 1713 2705 continuo
1771 2664 1835 2705 re
1885 2662 2121 2724 quoque

2243 2657 2369 2706 αὔτα
2419 2649 2509 2704 καὶ
2567 2654 2643 2721 τῷ
2674 2647 3052 2723 σημαινομὲνῴ
3095 2646 3197 2715 ἤδη
3229 2649 3413 2720 ταυτα,
3467 2649 3559 2705 ’ἕνα
3615 2653 3676 2706 τὸ
3736 2658 3840 2706 [Ια-

486 2732 814 2812 signiﬁcala
840 2735 1047 2795 eadem
1077 2733 1228 2795 sint:
1259 2742 1317 2794 ut
1355 2742 1597 2812 propter
1618 2752 1721 2795 eos
1752 2735 1848 2814 qui
1877 2737 1932 2794 in
1965 2741 2125 2795 terra

2243 2739 2330 2816 ἐρα
2362 2738 2507 2794 εἶναι
2537 2747 2630 2796 τοῦ
2680 2737 2796 2793 Υἱοῦ
2848 2739 2938 2793 τὸν
2998 2738 3129 2793 Θεὸν
3188 2735 3270 2793 διὰ
3328 2740 3450 2800 τοὺς
3482 2738 3565 2794 ἐπὶ
3602 2744 3706 2817 γῆς
3740 2765 3842 2796 πι-

491 2834 684 2903 patres
716 2823 1099 2884 nominantur
1132 2832 1305 2901 neget
1331 2825 1516 2885 Deum
1540 2823 1666 2886 Filii
1703 2826 1934 2885 Patrem
1964 2842 2119 2884 esse.

2243 2827 2361 2906 ἐρας
2408 2825 2829 2902 ὀνομαζομένους
2914 2824 3201 2893 ἀφέληται.
3261 2825 3409 2903 Ἐγὼ
3477 2825 3552 2889 δὲ.
3635 2830 3842 2885 πολλῶν

488 2912 606 2988 Ego
639 2912 807 2991 vero,
834 2929 965 2971 cum
1032 2910 1214 2971 multa
1262 2911 1380 2971 sint
1428 2930 1558 2992 quae
1588 2911 1731 2971 258
1788 2912 2126 2973 christiani-

2244 2939 2400 2986 ντων,
2466 2914 2499 2970 ἃ
2572 2917 2663 2971 τὸν
2724 2916 3139 2993 Χριστιανισμὸν
3209 2916 3312 2971 ἀπὸ
3370 2921 3463 2982 τῆς
3524 2917 3843 2985 Ἐλληνικής

490 3020 681 3063 smum
714 3020 746 3060 a
775 2999 976 3078 gentili
1007 3018 1213 3061 errore
1255 3019 1321 3060 ac
1347 3000 1590 3063 Judaica
1620 3001 1952 3077 ignorantia
1976 3001 2125 3061 diri-

2243 3006 2419 3073 ;λάνης
2481 3006 2569 3061 καὶ
2634 3004 2729 3072 τῆς
2776 3003 3070 3072 Ἰουδαϊκῆς
3121 3003 3381 3083 ἀγνωσίας
3438 3003 3701 3073 διίστησιν
3760 3010 3844 3065 οὖν

494 3098 675 3153 mant.
706 3089 931 3151 nullum
963 3088 1217 3149 arbitror
1244 3089 1303 3149 in
1328 3098 1543 3151 nostrae
1571 3090 1782 3152 salutis
1812 3091 2126 3169 Evangelia

2244 3096 2299 3151 ὲν
2357 3097 2591 3173 ἡγοῦμαι
2650 3096 2965 3173 κυριώτερον
3008 3091 3181 3171 δόγμα
3238 3099 3336 3160 τῆς
3393 3096 3466 3157 εἷς
3512 3097 3723 3175 Πατέρα
3769 3100 3847 3153 καὶ

492 3190 690 3243 inesse
719 3181 913 3259 potius
967 3198 1034 3239 ac
1087 3179 1277 3259 majus
1314 3180 1548 3257 dogma,
1585 3198 1757 3260 quam
1806 3181 1863 3241 in
1899 3151 2126 3241 Patrem

2243 3186 2335 3240 ’ἱὸν
2391 3151 2619 3247 πίστεως
2856 3151 3161 3260 έὺαγγεὶίίῳ
3218 3188 3316 3249 τῆς
3377 3151 3680 3261 σωτηρίαςΓ
3708 3188 3844 3254 ἡμῶν

495 3281 552 3332 et
582 3269 793 3330 Filium
830 3268 1028 3328 fidem.
1052 3269 1199 3329 Nam
1231 3268 1321 3351 vel
1346 3268 1386 3328 ii
1419 3270 1521 3344 qui
1544 3288 1896 3349 quocunque
1930 3287 2126 3331 errore

2243 3270 2537 3351 νυπάρχείν
2567 3270 2727 3350 (62).
2768 3270 2919 3329 Ἐπεὶ
2964 3272 3023 3327 τό
3069 3293 3131 3349 γε
3176 3271 3390 3338 κτίστην
3450 3276 3589 3329 εἶναι
3638 3278 3725 3330 καὶ
3756 3274 3846 3340 ὅτ,-

494 3361 659 3421 scissi
694 3366 849 3428 sunt,
878 3359 1072 3434 Deum
1093 3366 1422 3417 creatorem
1448 3376 1517 3419 ac
1535 3358 1806 3435 opiﬁcem
1832 3377 1961 3419 esse
1986 3378 2095 3419 con
2112 3393 2126 3404 ‹

2243 3363 2467 3440 ιιουργὸν
2513 3364 2600 3417 τὸν
2659 3363 2787 3418 Θεὸν
2835 3363 2918 3417 καὶ
2950 3364 2996 3429 οἱ
3037 3359 3154 3417 καθ’
3204 3360 3593 3430 ὁποιανδήποτε
3653 3365 3846 3430 πλάνην

498 3451 758 3508 ﬁtentur.
810 3445 921 3517 Qui
979 3463 1117 3505 vero
1168 3444 1314 3505 falso
1372 3446 1728 3525 appellatum
1786 3450 2041 3527 Patrem,
2079 3455 2126 3507 et

2243 3452 2607 3531 ιπεσχισμένοι
2680 3450 3024 3512 συντίθενται.
3074 3448 3134 3508 Ὀ
3198 3449 3253 3506 δὲ
3327 3451 3533 3531 Πατέρα
3585 3454 3847 3527 ψευδώνυ-

497 3536 709 3598 Filium
742 3536 898 3595 nuda
937 3534 1333 3622 appellatione
1381 3535 1683 3615 praedicat,
1722 3537 1987 3617 nihilque
2019 3536 2126 3596 dif-

2243 3564 2343 3614 ιον,
2401 3540 2489 3596 καὶ
2550 3541 2670 3597 ι’ἰὸν
2716 3540 2881 3620 μέχρι
2923 3541 3279 3618 προσηγορίας
3340 3540 3503 3611 ψιλῆς
3565 3542 3693 3622 (63)
3726 3567 3845 3600 κατ-

498 3626 654 3687 ferre
688 3622 1027 3697 arbitratur,
1063 3622 1149 3683 vel
1181 3621 1415 3685 Patrem
1462 3625 1549 3687 vel
1585 3636 1912 3687 creatorem
1951 3626 2126 3705 proﬁ-

2243 3628 2522 3708 ιγγέλλων,
2576 3632 2663 3686 καὶ
2723 3628 2868 3689 οὗῗὲν
2929 3631 3227 3707 ἡγούμενος
3293 3627 3577 3708 διαφέρειν,
3747 3641 3848 3689 Πι-

499 3715 634 3787 teri,
663 3722 718 3774 et
740 3723 841 3775 aut
864 3711 1076 3773 Filium
1110 3720 1208 3773 aut
1231 3714 1513 3774 facturam
1537 3715 1763 3790 dicere,
1790 3715 1889 3776 ubi
1916 3734 1947 3775 a
1966 3715 2126 3777 nobis

2243 3720 2344 3799 τέρα
2400 3718 2687 3798 ὁμολογεῖν
2775 3720 2810 3788 ἢ
2900 3720 3147 3799 κτίστην,
3229 3721 3314 3774 καὶ
3398 3719 3515 3785 ἦτοι
3578 3724 3701 3778 ι’ῐὸν
3766 3723 3847 3780 15'-

500 3802 883 3867 collocabitur
911 3809 938 3864 ‘?
964 3810 1061 3862 aut
1092 3821 1207 3882 qua
1238 3802 1297 3863 in
1348 3812 1507 3864 secta
1552 3804 2007 3865 numerabitur?
2034 3808 2126 3865 Ju-

2243 3830 2333 3885 ζειν
2387 3808 2422 3876 ἢ
2482 3810 2712 3889 ποίημα,
2766 3816 2866 3866 ποῦ
2922 3808 3191 3874 τετάξεται
3252 3808 3378 3885 παρ’
3424 3810 3633 3889 ἡμῶν;
3683 3814 3718 3880 ἢ
3766 3813 3849 3880 τῆς

502 3896 844 3956 daaorumne
874 3911 945 3952 an
979 3892 1240 3968 gentium
1272 3891 1304 3934 θ
1334 3891 1454 3953 Nec
1499 3892 1656 3954 enim
1692 3893 2042 3956 Christianis
2075 3912 2126 3955 se

2243 3899 2376 3960 τοίας
2411 3902 2551 3954 εἶναι
2612 3899 2816 3977 μερίδος
2870 3898 3287 3977 ἆριθμηθήσεται
3343 3898 3520 3979 (64);
3582 3906 3683 3968 τῆς
3725 3902 3848 3962 Ἰου-

502 3984 809 4061 adjunget,
838 3981 938 4062 qui
976 3982 1208 4062 pietatis
1241 3982 1425 4043 robur
1449 3990 1506 4043 et
1528 3984 1682 4044 velut
1712 3984 2015 4061 religionis
2040 4003 2126 4042 no-

2243 3989 2402 4059 ῖαίων,
2454 3988 2490 4053 ἦ
2548 3994 2647 4055 τῆς
2706 3988 3026 4063 Ἐλλήνων;
3085 3990 3156 4046 Οὔ
3233 3990 3332 4067 γὰρ
3393 3987 3457 4055 δὴ
3516 3997 3848 4063 Χειιστιανοῒς

502 4080 641 4133 strze
669 4073 1075 4132 characterem
1112 4069 1560 4133 inﬁciatur.Non
1589 4074 1743 4133 enim
1771 4073 1828 4133 in
1862 4073 2126 4152 opificem

2243 4079 2405 4132 αυτὸν
2436 4077 2753 4152 εἶσποιήσει¹
2811 4080 2837 4134 ὁ
2894 4079 2989 4145 τὴν
3040 4075 3258 4153 δύναμιν
3302 4083 3398 4144 τῆς
3433 4077 3727 4155 εὖσιεὸείας³
3774 4085 3847 4136 καὶ

502 4160 890 4230 credidimus,
932 4166 985 4220 rt
1013 4160 1072 4221 in
1106 4160 1431 4222 facturam:
1466 4161 1569 4221 sed
1602 4162 1661 4221 in
1696 4163 1929 4222 Patrem
1957 4171 2014 4222 et.
2037 4162 2126 4223 Fi-

2243 4167 2311 4221 τὸν
2368 4168 2523 4222 οἱονεὶ
2571 4172 2888 4246 χαρακτῆρα
2948 4171 3046 4233 τῆς
3103 4166 3343 4244 λατρείας
3398 4169 3555 4241 ἡμῶν
3595 4170 3846 4247 ἀρνούμεο

506 4251 648 4311 lium
674 4267 778 4328 per
797 4249 1069 4329 baptismi
1092 4250 1337 4327 gratiam
1361 4250 1653 4328 obsignati
1686 4251 2109 4322 sumus.Quam

2243 4276 2310 4311 νος
2355 4252 2511 4333 (65).
2548 4257 2617 4312 Οἱ)
2647 4257 2746 4335 γὰρ
2776 4258 2847 4317 είς
2892 4255 3213 4332 δημιουργὸν
3255 4258 3343 4311 καὶ
3387 4256 3597 4331 ποίημα
3628 4260 3851 4317 ἐπιστεύ-

506 4341 710 4400 obrem
742 4340 844 4416 qui
867 4340 976 4400 has
1002 4340 1254 4418 rejicere
1276 4358 1450 4400 voces
1472 4340 1670 4413 audet,
1695 4358 1931 4400 omnem
1968 4341 2119 4400 simu

2243 4364 2395 4417 ταμεν
2432 4360 2445 4374 ⁹
2499 4344 2619 4400 ἆλΛ’
2672 4348 2745 4408 εἷς
2794 4344 2997 4419 Πατέρα
3056 4348 3141 4400 καὶ
3219 4348 3332 4400 ι’ἱὸν
3385 4343 3468 4400 διὰ
3527 4352 3627 4414 τῆς
3682 4351 3741 4403 ὶν
3792 4356 3852 4420 τῷ

510 4428 964 4508 Evangeliorum
999 4430 1111 4489 vim
1143 4429 1282 4490 facit
1312 4430 1562 4507 irritam,
1601 4448 1735 4490 cum
1772 4449 1879 4490 nec
1915 4433 2126 4490 Patren

2243 4433 2556 4521 Βαπτίσματι
2617 4435 2840 4513 χάριτος
2888 4435 3335 4515 ἐσφραγίσθημεν,
3375 4431 3554 4490 ’Ὥστε
3606 4440 3632 4491 ὁ
3682 4440 3854 4499 ταύτας

507 4525 916 4596 generantem,
952 4536 1060 4578 nec
1110 4518 1323 4580 Filium
1358 4520 1619 4595 genitum
1676 4519 1974 4597 praedicet.
2032 4518 2126 4580 Set

2243 4520 2444 4596 τολμῶν
2506 4523 2712 4579 ἀθετεῖν
2773 4525 2868 4586 τὰς
2939 4525 3116 4603 φωνὰς
3180 4530 3353 4579 πᾶσαν
3410 4526 3541 4598 ὁμοῦ
3600 4528 3857 4606 παραγρέο

511 4608 636 4667 haec
684 4607 840 4687 dico,
895 4607 1102 4687 inquit,
1140 4617 1203 4667 ut
1260 4608 1547 4688 passionis
1610 4607 2060 4686 intelligentiam
2116 4629 2126 4667 ι

2243 4632 2317 4691 ρει
2367 4610 2496 4691 (66)
2544 4619 2649 4668 τῶν
2705 4612 3037 4692 Εὐαγγελίων
3094 4614 3190 4681 τὴν
3244 4611 3486 4693 δύναμιν,
3536 4616 3745 4694 Πατέρα
3796 4616 3858 4690 μὴ

600 4812 717 4891 (58)
754 4811 907 4872 Edlli
944 4822 1096 4869 τοῦτο
1127 4811 1180 4868 δὲ
1212 4815 1376 4888 αὐτῷ.
1421 4811 1644 4875 Vocula
1690 4813 1743 4870 δέ
1775 4812 1940 4874 abest
1974 4832 2005 4873 a
2042 4832 2151 4874 no-

513 4894 655 4954 stris
680 4891 1012 4956 codicibus.

596 4971 901 5051 (59)Libri
935 4982 1182 5034 veteres.
1241 4978 1326 5029 καὶ
1384 4976 1524 5035 ι’ἱοῦ.
1559 4972 1740 5053 Erliti,
1764 4978 1839 5030 κα
1883 4984 1973 5031 τοῦ
2008 4977 2149 5033 ι’ἱηῦ.

516 5052 740 5132 Ibidem
776 5053 835 5111 in
869 5053 1042 5114 editis
1074 5054 1285 5132 legitur
1317 5054 1645 5132 ἀνθρωπίνην
1676 5072 1687 5113 :
1726 5052 1828 5115 Sed
1857 5054 1913 5113 in
1941 5055 2156 5116 nostris

517 5131 825 5195 codicibus
858 5131 1152 5213 scriptum,
1173 5131 1529 5207 invenimus,
1566 5135 1922 5211 ἀνθρωπικήν.

597 5212 725 5292 (60)
762 5212 1016 5275 Basilius
1048 5215 1223 5277 docet
1253 5214 1553 5294 aliquanto
1586 5214 1759 5289 infra,
1799 5214 2156 5275 Eunomium

515 5312 718 5355 vocem
753 5297 1001 5369 μετουσία
1032 5315 1149 5357 non
1181 5295 1264 5357 ita
1288 5295 1657 5375 accipere,ut
1678 5296 1970 5373 significet
1991 5312 2158 5355 cem-

520 5375 860 5465 munionem
898 5378 1242 5454 quamlibet,
1279 5374 1383 5435 sed
1426 5374 1913 5437 communionem
1949 5392 2160 5436 essen-

519 5464 636 5515 tiae.

598 5534 723 5610 (61)
751 5533 947 5628 Codex
1010 5555 1160 5597 unus
1210 5554 1344 5596 cum
1376 5534 1553 5597 editis
1596 5534 1679 5592 διὰ
1710 5545 1883 5593 τοῦτο.
1926 5532 2163 5614 Reliqui

522 5631 624 5675 sex
659 5630 804 5671 mss.
842 5616 923 5669 διὰ
958 5627 1139 5674 ταῦτα.

603 5693 733 5772 (6⁸2)
770 5689 918 5753 Εάίιὶ
949 5697 1289 5777 ἐνυπάρχειν.
1322 5693 1518 5757 Editio
1553 5696 1771 5758 Ven.et
1799 5703 2031 5776 septem
2056 5712 2166 5756 no-

2238 4815 2345 4876 stri
2375 4831 2518 4874 mss.
2549 4815 2834 4894 ὑπάρχειν.

2325 4894 2442 4971 (65)
2474 4896 2623 4975 Reg.
2662 4892 2925 4971 quartus
2981 4894 3038 4954 in
3087 4900 3388 4975 contextu,
3444 4892 3609 4969 ψιλῆς
3642 4902 3856 4975 φωνῆςε

2248 4975 2307 5037 in
2341 4992 2444 5037 ora
2473 4973 2637 5049 libri,
2669 4980 3033 5053 προσηγορίας
3056 4973 3255 5053 γψιλῇς.

2320 5055 2432 5129 (64)
2466 5053 2665 5116 Codex
2703 5074 2855 5116 unus
2886 5062 2940 5115 et
2997 5052 3144 5132 editi
3190 5052 3726 5132 συναριθμηθτίσεται,
3767 5055 3860 5119 ΑΙῘὶ

2242 5153 2343 5197 sex
2376 5153 2519 5197 mss.
2576 5136 3017 5213 ἀριθμηθήσεται,
3071 5131 3197 5194 Vox
3255 5131 3398 5190 εῖναι
3445 5133 3613 5195 deest
3640 5134 3699 5194 in
3738 5155 3860 5213 qua.

2246 5223 2380 5276 tuor
2408 5214 2736 5276 codicibus.

2327 5295 2445 5374 (65)
2481 5295 2727 5374 Antiqui
2762 5313 2865 5356 sex
2897 5292 3032 5355 libri
3065 5312 3204 5374 cum
3252 5292 3515 5354 editione
3550 5294 3697 5374 Ven.
3736 5300 3865 5370 aug.»

2245 5371 2588 5453 ἀρνούμενος.
2624 5371 2817 5437 Editio
2847 5374 3034 5437 Paris.
3069 5377 3130 5435 et
3172 5371 3314 5451 Reg.
3352 5372 3652 5434 secundus
3682 5378 3760 5450 μὴ
3792 5379 3863 5450 ἀρε

2248 5477 2522 5520 νουμενος.

2282 5478 2337 5512 ου
2386 5478 2522 5520 ενος.

2282 5614 2294 5626 _
2492 5534 2741 5599 Codices
2766 5552 2881 5596 non
2910 5534 3075 5615 pauci
3106 5533 3590 5613 8t1'{pi?Et,SenSU
3624 5552 3744 5596 non
3778 5535 3866 5595 tllS'

2282 5632 2381 5675 lml
2411 5633 2452 5675 ι.

2246 5632 2452 5677 51mm.
