4072 6200
237 344 347 407 621
1356 347 1754 412 ADVERSUS
1801 345 2205 412 EUNOMIUM
2258 354 2404 415 LIB.
2451 351 2522 416 ll.
3494 358 3613 422 622

235 485 586 560 γεννήσαντα,
645 487 729 541 καὶ
807 489 923 541 Υἱὸν
1004 487 1079 552 μὴ
1159 487 1474 563 γεννηθέντα
1564 485 1865 563 κηρύσσων.

1988 480 2142 542 'atris
2173 503 2313 546 voce
2341 495 2725 549 enascentem
2751 488 3001 566 fugiam.
3033 489 3252 550 Verum
3286 493 3612 571 oportebat

238 573 403 630 Ἀλλᾶ
446 573 608 630 ταῦτα
667 574 810 652 λέγω
857 575 1008 652 (67),
1063 578 1214 654 φησὶ,
1262 576 1358 643 τὴν
1390 583 1479 632 τοῦ
1530 577 1727 635 πάθους
1783 573 1872 627 ἔνο

1988 591 2097 630 ευιιι
2121 573 2218 651 qui
2258 575 2352 653 pie
2371 594 2546 653 agere
2570 577 2892 650 statuisset,
2922 579 3206 640 absonum
3235 581 3446 641 borum
3476 599 3611 644 ver-
3656 635 3677 648 .

234 687 380 720 νοιαν
432 665 528 731 τὴν
585 664 644 720 ἐκ
711 663 804 730 τῆς
856 667 948 719 τού
1020 667 1222 742 Πατρὸς
1281 672 1460 744 φωνῆς
1525 662 1873 740 ἐγγινομένην

1988 680 2173 721 torum
2197 682 2463 739 sensum,
2491 666 2540 726 si
2568 666 2668 745 qui
2694 675 2889 727 tamen
2912 668 3124 740 inerat,
3151 668 3610 742 adversari,non

234 753 384 808 ἔθ’
571 752 644 786 ἠ.
715 758 739 768 ν
867 755 885 784 \.
1016 777 1094 790 ...
1227 756 1236 773 υ
1351 777 1369 786 ..
1434 750 1606 786 ..’-⁰-
1705 753 1745 788 2.
1818 752 1827 768 '

265 776 511 815 κκ.ινων,
594 763 775 833 Είρην
834 752 886 808 δε
946 751 1115 822 δή.,ο)
1178 777 1268 809 τον
1312 779 1372 832 γε
1433 766 1667 808 ευσεοεῖν
1703 774 1874 827 είνω-

234 843 388 914 κότα,
443 844 502 898 τὸ
563 844 898 920 ἁπεμφαῖνον
955 843 1050 910 τῆς
1130 843 1182 898 ἐν
1247 857 1363 907 τοῖς
1421 844 1618 920 ῥήμασι
1666 843 1874 902 τούτοις

233 929 486 1010 διανοίας,
522 932 576 988 εἴ
618 955 668 987 τι
731 929 826 1006 ἄρα
889 934 974 988 καὶ
1019 934 1312 1012 ἐνυπῆρχε,
1375 932 1872 1011 παραιτησάμενον,

234 1021 311 1096 μὴ
365 1028 538 1078 πᾶσαν
593 1021 792 1100 ἀθρόως
837 1022 935 1088 τὴν
969 1021 1150 1100 φωνὴν
1199 1022 1432 1100 ἀθετεῖν,
1467 1019 1602 1095 μηδὲ
1646 1027 1716 1095 τῇ
1747 1043 1875 1096 προ-

233 1108 388 1189 φάσει
418 1119 510 1168 τοῦ
567 1109 836 1185 ἀπρεποῦς
878 1109 1062 1165 καὶτὸ
1113 1109 1238 1166 ὅσον
1297 1108 1390 1166 ἀπ’
1449 1112 1613 1176 αότῆς
1671 1111 1873 1188 χρήσι-

236 1221 334 1273 μον
384 1197 752 1255 συνεκϐάλλειν
789 1217 800 1230 ·
861 1198 977 1254 ἀλλ’
1024 1201 1130 1254 ἀπὸ
1180 1199 1275 1274 μὲν
1321 1207 1427 1255 τῶν
1470 1204 1733 1255 ταπεινῶν
1787 1199 1874 1254 καὶ

238 1289 503 1366 σαρκικῶν
561 1288 843 1362 νοημάτων
903 1287 956 1343 ἐν
1005 1301 1121 1352 τοῖς
1173 1290 1290 1367 περὶ
1324 1297 1454 1347 Θεοῦ
1485 1287 1712 1365 δόγμασι
1769 1309 1873 1342 κα·-

1966 758 2143 810 totam
2176 752 2354 812 simul
2415 771 2621 815 vocem
2679 754 3043 835 reprobare;
3093 775 3284 836 neque
3343 759 3611 820 indecori

1963 838 2234 920 obtentu,
2263 842 2548 923 quidquid
2584 843 2657 904 ab
2685 863 2753 904 ea
2775 845 3008 906 accedit
3035 846 3319 920 utilitatis,
3346 847 3405 907 id
3429 848 3609 910 simul

1960 929 2214 1008 rejicere
2245 947 2258 991 :
2296 931 2399 992 sed
2437 941 2503 992 ut
2533 933 2606 994 ab
2641 933 2966 994 humilibus
3014 934 3470 1016 carnalibusque
3502 955 3610 999 co-

1959 1018 2341 1097 gitationibus
2373 1019 2431 1080 in
2465 1021 2680 1082 divinis
2743 1022 3040 1100 dogmatis
3092 1043 3302 1104 purum
3336 1043 3491 1102 esse,
3528 1025 3608 1086 ita

1958 1109 2407 1186 generationem
2445 1111 2748 1173 sanctitati
2778 1119 2955 1192 atque
2979 1115 3242 1190 apathiae
3261 1113 3365 1174 Dei
3385 1133 3606 1176 conve-

1962 1197 2224 1258 nientem
2259 1199 2602 1278 intelligere
2630 1222 2642 1262 :
2677 1199 2824 1262 adeo
2858 1211 2920 1262 ut
2945 1202 3183 1262 modum
3217 1204 3457 1283 quidem
3489 1225 3605 1281 quo

1963 1286 2118 1347 Deus
2149 1288 2374 1368 genuit,
2401 1297 2682 1365 tanquam
2709 1290 2810 1370 qui
2832 1289 3155 1352 inell‘abilis
3180 1309 3245 1352 ac
3271 1291 3606 1372 incompre-

233 1379 491 1454 θαρεύειν,
540 1376 785 1456 γέννησιν
839 1376 891 1431 δε
942 1383 1008 1453 τῇ
1063 1378 1330 1455 ἁγιωσύνῃ
1390 1380 1476 1433 καὶ
1548 1383 1614 1453 τῇ
1660 1377 1877 1448 ἆποθείᾳ

233 1475 328 1523 τοῦ
386 1475 514 1525 Θεοῦ
574 1467 872 1544 πρέπουσαν
903 1467 1104 1523 ἐννοεῖν
1139 1485 1154 1502 ο

1963 1373 2273 1436 hensibilis
2307 1375 2400 1449 sit,
2440 1379 2936 1456 praetermitteret,
2971 1379 3041 1439 ad
3093 1380 3434 1442 substantiae
3466 1401 3604 1442 vero

1963 1463 2413 1526 similitudinem
2449 1485 2554 1545 per
2575 1467 2899 1545 generandi
2931 1468 3392 1549 appellationem
3423 1471 3604 1532 dedu-

1963 1563 2218 1616 ceretur.
2253 1553 2593 1636 Quanquam
2618 1556 2997 1636 perspicuum
3024 1568 3112 1620 est
3133 1561 3452 1639 reputanti,
3482 1561 3606 1622 haec

1209 1469 1300 1524 τὸν
1351 1469 1449 1542 μὲν
1480 1467 1699 1544 τρόπον,
1759 1466 1873 1522 καθ’

235 1558 294 1612 ὃν
347 1556 626 1634 ἐγέννησεν
687 1558 713 1612 6
761 1558 912 1630 Θεὸς,
966 1557 1038 1618 ὡς
1099 1556 1322 1636 άῤῥητον
1382 1559 1466 1614 οιαὶ
1527 1557 1876 1634 ἀπερινόητον

237 1647 472 1726 ἀφιέντα,
507 1649 636 1725 πρὸς
668 1644 853 1713 δὲτὴν
905 1646 1025 1702 κατ’
1083 1647 1257 1703 ουσίαν
1292 1647 1589 1721 ὁμοιότητα
1647 1645 1706 1701 ἐκ
1780 1652 1876 1712 τῆς

1988 1645 2223 1718 nomina,
2262 1651 2432 1722 pater
2462 1656 2518 1706 et
2579 1645 2757 1726 ﬁlius,
2796 1648 3188 1726 corporalium
3223 1649 3602 1712 aﬂ'ectionum

237 1744 328 1794 τοῦ
383 1741 567 1813 γεννᾷν
619 1739 974 1813 προσηγορίας
1027 1735 1410 1814 ὁδηγούμενον,
1463 1737 1708 1814 Καίτοιγε
1764 1759 1873 1813 ’ρα-

1988 1731 2376 1810 :ogitationem
2416 1735 2656 1814 proprie
2687 1754 2755 1797 ac
2808 1736 3088 1816 primario
3114 1756 3324 1816 parere
3355 1758 3471 1798 non
3503 1759 3602 1801 so-

235 1828 384 1902 νερὸν
446 1825 821 1902 σκοπουμένῳ,
882 1822 960 1880 ὅτι
1013 1829 1072 1883 οὗ
1124 1829 1441 1899 σωματικῶν
1473 1825 1650 1881 παθῶν
1688 1826 1874 1902 κυρίως

1988 1839 2123 1882 ere:
2164 1822 2266 1881 sed
2291 1840 2422 1882 cum
2461 1840 2566 1900 per
2596 1842 2659 1884 se
2691 1825 2817 1884 sola
2849 1825 3148 1894 dicuntur,
3186 1828 3374 1887 solum
3430 1829 3602 1889 habi-

235 1916 322 1970 καὶ
377 1913 601 1987 πρώτως
642 1912 840 1969 ἔννοιαν
905 1913 1153 1987 ἐμποιεῖν
1204 1914 1352 1969 ταυτὶ
1395 1913 1590 1992 πέφυκε
1622 1914 1688 1968 τὰ
1751 1915 1873 1968 ὀνό-

1988 1930 2083 1970 um
2119 1919 2386 1971 mutuum
2419 1912 2706 1973 indicare.
2745 1913 2920 1974 Pater
2959 1913 3116 1974 enim
3153 1925 3260 1988 est,
3296 1916 3400 1996 qui
3434 1917 3603 1978 alteri

236 2026 406 2081 ματα,
462 2005 488 2058 6
534 2003 736 2081 πατὴρ,
785 2002 948 2080 λέγω,
981 2005 1070 2058 καὶ
1114 2005 1140 2058 6
1197 2003 1304 2066 υἱός
1332 2018 1345 2031 ⁸
1400 2001 1538 2059 ἀλλὰ
1569 2001 1686 2058 καθ’
1718 2004 1880 2060 ἑαυτὰ

1988 1999 2287 2060 :xsistendi
2321 1999 2682 2080 principium
2717 2003 3046 2064 secundum
3093 2003 3346 2065 similem
3376 2005 3604 2086 sibiipsi

234 2095 335 2167 μὲν
387 2092 674 2172 λεγόμεια,
733 2093 832 2159 τὴν
911 2095 1040 2170 πρὸς
1099 2091 1310 2158 ἄλληλα
1368 2091 1557 2171 σχέσιν
1615 2090 1880 2148 ἐνδείκνυο

1988 2099 2231 2151 laturam
2259 2090 2701 2151 contulitzlilius
2723 2108 2892 2171 vero,
2918 2091 3018 2170 qui
3050 2110 3120 2152 ex
3156 2093 3271 2154 alio
3297 2113 3402 2174 per
3419 2114 3604 2172 gene-

233 2205 320 2239 ται
374 2181 500 2263 (68)
554 2185 747 2257 μόνην.
810 2183 988 2259 Πατὴρ
1046 2183 1143 2256 μὲν
1202 2183 1300 2258 γάρ
1353 2181 1494 2238 ἐστιν
1540 2183 1566 2236 ὁ
1599 2182 1760 2258 ἑτέρῳ
1789 2184 1880 2238 τοῦ

1988 2180 2258 2240 tationem
2297 2178 2658 2259 principium
2689 2186 2754 2242 ut
2783 2180 2858 2240 sit
2889 2181 3117 2243 habuit.

232 2281 378 2333 εἶναι
407 2273 543 2329 κατὰ
572 2273 669 2340 την
703 2272 888 2348 ὁμοίαν
921 2272 1093 2344 ἑαυτῴ
1123 2273 1272 2350 φύσιν
1308 2271 1402 2338 τὴν
1435 2271 1611 2350 ἀρχὴν
1666 2271 1965 2352 παρασχών
2002 2287 2014 2299 ·

236 2363 495 2444 ἐσχηκώς
506 2411 518 2424 .

322 2451 421 2515 23,
475 2450 650 2510 ’Ὅταν
708 2451 804 2526 μὲν
855 2449 943 2506 οὗν
976 2450 1310 2524 ἀκούσωμεν,
1344 2448 1422 2506 ὅτι
1455 2449 1725 2528 ἅνθρωπος
1758 2448 1880 2528 (69)

2047 2447 2534 2524 23.Ιιιιιιιιθ,οιιιη
2551 2448 2847 2521 audimus,
2872 2447 3178 2509 hominem
3202 2457 3426 2528 patrem
3450 2469 3603 2521 esse,

239 2545 440 2620 πατὴρ,
503 2542 622 2597 τότε
675 2540 759 2595 καὶ
817 2541 915 2604 τὴν
976 2549 1067 2596 τοῦ
1110 2538 1305 2601 πάθοῦς
1362 2537 1567 2594 ἔννοιαν
1600 2536 1879 2615 προσλαμο

1993 2557 2106 2598 unc
2141 2536 2349 2598 incidit
2379 2535 2552 2598 nobis
2604 2538 2850 2598 allectus
2882 2537 3156 2615 cogitatio
3181 2559 3194 2599 :
3219 2546 3277 2597 at
3308 2555 3447 2598 vero
3472 2557 3608 2600 cum

236 2633 466 2706 ϐάνομεν
504 2650 517 2664 ο
553 2630 678 2686 ὅταν
709 2627 787 2708 δὲ,
822 2626 900 2684 ὅτι
934 2630 961 2683 6
1027 2630 1154 2688 Θεὸς
1204 2628 1410 2707 Πατὴρ,
1457 2628 1544 2683 ἐπὶ
1573 2628 1670 2694 τὴν
1702 2627 1880 2696 ἀπαθῆ

1988 2631 2154 2688 )eum
2179 2629 2573 2700 Patrem,tum
2597 2627 2668 2688 ad
2691 2625 3115 2706 impassibilem
3142 2645 3380 2686 causam
3406 2639 3608 2688 mente

241 2723 410 2778 αἰτίαν
466 2733 584 2781 τοῖς
643 2719 928 2794 λογισμοῖς
990 2716 1378 2796 ἀνατρέχομεν,
1441 2716 1500 2774 ’0
1552 2715 1628 2790 δὲ,
1666 2717 1750 2773 ἐπὶ
1781 2719 1880 2783 τῆς

1988 2715 2651 2778 ittollimur.Eunomius
2671 2724 2867 2777 autem
2897 2716 3049 2776 hanc
3063 2714 3518 2794 appellationem
3535 2716 3609 2777 de

239 2812 508 2886 ἒμπαθοῦς
552 2808 756 2887 φύσεως
814 2807 878 2873 τῆ
933 2809 1264 2884 προσηγορίᾳ
1318 2808 1485 2883 ταύτῃ
1539 2809 1876 2880 συνεθισθεὶς,

1988 2806 2232 2885 :ulijecla
2259 2805 2674 2866 affectionibus
2721 2813 2930 2865 natura
2978 2805 3251 2883 accipere
3307 2814 3600 2882 assuetus,

237 2904 300 2957 τὸ
348 2901 478 2977 ὑπὲρ
531 2901 629 2964 τὴν
686 2895 993 2971 κααάληψιν
1053 2903 1156 2952 τῶν
1219 2897 1406 2952 ἑαυτοῦ
1479 2897 1750 2972 λογισμῶν
1807 2899 1880 2958 ὡς

1988 2895 2122 2975 ιυοιί
2155 2894 2398 2956 rationis
2428 2897 2561 2972 ejus
2591 2903 2828 2974 captum
2860 2893 3192 2972 superat,id
3229 2903 3290 2954 ut
3318 2895 3604 2973 impossi--

241 2990 488 3047 ἀδύνατον
543 2989 881 3065 ἀπαρνεῖται,
941 2987 1014 3042 Οὔ
1071 2987 1193 3064 γὰρ,
1252 2993 1328 3060 τῷ
1373 2987 1522 3042 πάθει
1579 2993 1684 3042 τῶν
1717 2990 1880 3062 φθαρ-

1988 2985 2086 3045 )ἱΙε
2119 2992 2412 3064 pernegat.
2455 2982 2583 3044 Non
2615 2986 2774 3044 enim
2809 3001 2912 3062 par
2947 2992 3074 3044 erat
3105 3000 3266 3062 eum,
3301 2985 3608 3062 corrupti-

241 3088 348 3138 τῶν
407 3077 764 3157 προσέχοντα,
829 3081 895 3151 τῇ
979 3075 1201 3146 ἀπαθείᾳ
1278 3083 1368 3134 τοῦ
1447 3084 1580 3134 Θεοῦ
1633 3075 1880 3133 ἀπιστεῖν

1988 3073 2174 3133 )ilium
2207 3072 2582 3134 allectionem
2638 3074 3070 3144 attendentem,
3104 3081 3277 3153 atque
3326 3073 3606 3133 substan-

241 3172 532 3247 προσῆκεν,
566 3163 705 3238 οὐδὲ,
768 3172 836 3240 τῇ
878 3166 1071 3242 ρευστῇ
1127 3166 1274 3244 φύσει
1325 3167 1411 3222 καὶ
1472 3165 1680 3243 μυρίαις
1742 3167 1880 3222 ὑπο-

1995 3166 2106 3223 iam
2142 3161 2569 3223 immutabilem
2602 3179 2670 3222 ac
2701 3161 3134 3224 inalterabilem
3189 3168 3411 3223 natura;
3441 3163 3610 3224 fluxae

241 3258 466 3333 κειμένῃ
519 3253 872 3333 μεταϐολαῖς,
931 3255 1031 3321 την
1077 3254 1333 3332 ἄτρεπτον
1379 3256 1466 3310 καὶ
1523 3254 1880 3310 ἀναλλοίωτον

1988 3260 2023 3310 9t
2050 3249 2822 3312 innumerismutationibus
2846 3249 3118 3310 obnoxiae
3139 3259 3606 3328 comparantem,

243 3349 422 3405 οῦσίαν
483 3345 827 3417 παρατιθέντα
885 3343 1035 3421 (70),
1074 3342 1207 3410 Μηδ’
1247 3343 1326 3400 ὅτι
1370 3345 1435 3401 τὰ
1464 3345 1629 3411 θνητὰ
1660 3345 1766 3414 ζῶα
1798 3342 1880 3398 διὰ

1988 3339 2149 3400 )eum
2186 3359 2300 3400 non
2357 3340 2603 3402 credere
2652 3339 3066 3401 all‘ectionibus
3106 3338 3454 3399 immunem.
3491 3338 3610 3401 Nec

2065 2271 2173 2330 υίὸς
2219 2266 2271 2323 δὲ
2306 2272 2332 2324 6
2386 2269 2438 2334 ἐξ
2469 2270 2649 2347 ἐτέρου
2694 2277 2965 2348 γεννητῶς
2995 2273 3084 2326 τοῦ
3116 2273 3261 2326 εἶναι
3299 2274 3394 2338 τὴν
3428 2272 3606 2351 ἀρχὴν

244 3439 438 3499 πάθους
496 3440 673 3512 γεννᾷ,
738 3435 823 3488 καὶ
881 3435 970 3488 τὸν
1026 3435 1154 3488 Θεὸν
1213 3433 1383 3513 ἐχρῆν
1417 3433 1584 3494 οὕτως
1618 3434 1822 3489 οἴεσθαι
1864 3452 1875 3466 ·

239 3525 362 3584 ἀλλ’
392 3527 626 3581 ὶντεῦθεν
660 3521 862 3598 μᾶλλον
913 3522 1228 3599 ὁδηγεῖσθαι
1277 3525 1407 3601 πρὸς
1440 3525 1538 3589 τὴν
1581 3522 1831 3591 ἀλήθειαν
1865 3543 1877 3556 '

243 3615 350 3688 ὅτι,
382 3611 566 3682 ἐπειδὴ
626 3615 691 3668 τὰ
738 3614 938 3692 φθαρτὰ
1000 3612 1189 3682 οὕτως,
1252 3615 1278 3668 6
1310 3611 1570 3691 ἄφθαρτος
1605 3612 1881 3676 ἐναντίως.

1966 3429 2244 3506 quoniam
2274 3429 2540 3490 mortalia
2559 3429 2840 3490 animalia
2866 3445 2970 3507 per
2994 3428 3269 3488 allectum
3290 3437 3606 3506 generant,

1969 3520 2045 3579 ita
2072 3537 2306 3598 quoque
2359 3518 2433 3579 de
2493 3522 2612 3580 Deo
2659 3518 2886 3580 sentire
2931 3516 3291 3596 oportebat:
3329 3517 3431 3578 sed
3467 3517 3610 3578 hinc

1972 3609 2152 3686 magis
2182 3607 2395 3668 deduci
2426 3609 2498 3669 ad
2531 3609 2859 3681 veritatem,
2896 3607 3056 3683 quod
3086 3607 3364 3686 quoniam
3397 3625 3606 3668 corru-

248 3709 344 3763 Καὶ
400 3706 508 3778 μὴν
566 3699 681 3757 οῦδὲ
753 3701 928 3756 ἐκεῖνό
971 3722 1030 3775 γε
1091 3699 1151 3754 ἂν
1193 3700 1367 3775 εἴποι,
1431 3703 1500 3761 ὡς
1547 3700 1736 3775 κυρίως
1798 3701 1880 3756 καὶ

1988 3696 2199 3758 )tibilia
2222 3697 2334 3757 hoc
2365 3697 2564 3769 modo,
2593 3696 2643 3756 is
2670 3699 2766 3775 qui
2792 3695 3259 3774 incorruptibilis
3292 3704 3402 3775 est,
3435 3697 3608 3756 modo

245 3794 470 3872 πρώτως
531 3791 615 3846 ἐπὶ
687 3796 792 3846 τῶν
851 3789 1138 3868 ἀνθρώπων
1204 3789 1435 3866 τεταγμέ
1457 3812 1546 3844 ιων
1595 3795 1700 3845 τῶν
1757 3789 1880 3844 ὀνο-

1988 3786 2268 3846 :ontrario
2299 3793 2566 3864 generat.
2622 3789 2830 3864 Neque
2878 3804 3014 3845 vero
3045 3784 3191 3845 illud
3223 3784 3465 3857 dixerit,
3501 3805 3610 3845 no-

248 3885 434 3956 μάτων
484 3882 704 3957 τούτων,
741 3885 1188 3958 καταχρηστικῶς
1217 3881 1380 3952 ἡμεῖς
1413 3877 1525 3934 ἐπι)
1539 3877 1731 3955 ἑγομεν
1760 3877 1880 3954 (71]

1988 3875 2132 3934 uina
2156 3876 2278 3936 haec
2297 3892 2428 3953 qua)
2446 3873 2586 3934 259
2618 3873 2856 3953 proprie
2886 3892 2952 3933 ac
2989 3873 3272 3952 primario
3304 3873 3378 3933 de
3411 3873 3610 3932 homi-

246 3974 322 4046 τῷ
367 3972 503 4044 Θεῷ,
552 3969 612 4027 Ὀ
657 3971 757 4047 γάρ
789 3991 873 4024 τοι
923 3969 1106 4041 Κύριος
1175 3968 1323 4044 ἡμῶν
1381 3967 1590 4034 ἰησοῦς
1639 3969 1880 4046 Χριστὸς,

1988 3962 2148 4023 uibus
2181 3970 2458 4042 usurpata
2483 3970 2640 4036 sunt,
2677 3961 2752 4024 de
2797 3964 2917 4024 Deo
2951 3981 2984 4022 a
3011 3962 3178 4022 nobis
3212 3960 3329 4020 dici
3362 3980 3470 4040 per
3500 3961 3609 4020 ab-

249 4065 378 4139 πρὸς
426 4061 522 4126 τὴν
567 4060 779 4116 πάντων
833 4059 1010 4136 ἀρχὴν
1065 4059 1154 4114 καὶ
1204 4059 1302 4124 τὴν
1364 4057 1537 4125 ἄληθῆ
1586 4065 1692 4113 τῶν
1726 4057 1880 4114 ὄντων

1988 4071 2170 4114 ιιευιιι.
2210 4052 2437 4112 Etenim
2466 4052 2750 4113 Dominus
2781 4058 2984 4112 noster
3010 4053 3182 4111 Jesus
3214 4048 3504 4122 Christus,
3537 4049 3610 4110 ad

245 4152 411 4208 αἰτίαν
476 4149 752 4226 ἐπανάγων
833 4150 998 4222 ἡμᾶς.
1079 4145 1267 4221 ἰ’μεῖς
1347 4146 1399 4202 δὲ
1457 4148 1533 4222 μὴ
1593 4146 1879 4224 καλέσητε,

1988 4143 2234 4204 )muium
2282 4140 2639 4222 principium
2677 4147 2738 4202 et
2769 4159 2962 4201 veram
2997 4159 3195 4201 rerum
3229 4158 3465 4200 causam
3504 4158 3612 4199 nos

247 4243 400 4321 φησὶ,
463 4240 663 4313 πατέρα
723 4240 868 4312 ὑμῶν
941 4239 1024 4292 ἐπὶ
1082 4243 1176 4303 τῆς
1247 4242 1345 4314 γῆς
1387 4255 1398 4267 ·
1477 4240 1548 4299 εἷς
1618 4237 1716 4315 γάρ
1775 4236 1880 4291 ἐστι

1988 4231 2292 4294 'educens:
2327 4229 2431 4292 Vos
2453 4239 2648 4292 autem
2671 4231 2854 4292 nolite
2874 4245 3112 4303 vocare,
3140 4229 3604 4309 inquit,patrem

251 4320 430 4408 Πατὴρ
497 4327 619 4406 (72)
663 4329 809 4402 ὑμῶν
869 4329 895 4382 ὁ
952 4327 1215 4403 οὒράνιος,
1273 4333 1390 4390 Πῶς
1437 4328 1523 4382 οῦν
1578 4329 1648 4390 ὡς
1699 4349 1880 4404 σαρκιο

1988 4329 2226 4382 :cstrum
2249 4322 2311 4381 in
2335 4327 2496 4382 terra
2520 4339 2537 4393 ;
2560 4339 2723 4382 unus
2747 4325 2905 4380 enim
2953 4325 3040 4381 est
3079 4320 3255 4380 Pater
3280 4327 3468 4380 vester
3491 4336 3611 4379 caa-

247 4427 354 4475 κῶν
413 4419 592 4476 παθῶν
664 4416 1077 4494 προηγουμένως
1145 4415 1464 4479 ἐπιδεικτικὰς
1515 4417 1704 4476 ταύτας
1740 4417 1880 4489 ἡμᾶς

1993 4409 2133 4469 estis
2152 4406 2224 4465 δέ.
2263 4405 2568 4478 Quomodo
2627 4407 2802 4485 igitur
2844 4423 3022 4467 voces
3080 4407 3208 4479 llas,
3247 4415 3531 4486 tanquam
3563 4405 3613 4466 si

248 4509 390 4574 ἀξιοῖ
447 4509 540 4572 τὰς
602 4508 774 4586 φωνὰς
824 4505 1258 4584 ἀποπέμπεσθαι,
1291 4505 1351 4570 ἃς
1403 4509 1429 4561 ὁ
1484 4506 1668 4582 Κύριος
1734 4501 1880 4580 (73).

1988 4498 2264 4574 η’ωοὶμιιθ
2322 4496 2590 4556 carnales
2645 4496 2890 4557 allectus
2951 4496 3380 4574 significarent,
3420 4514 3612 4575 repu-

250 4601 319 4661 ὼς
376 4603 445 4672 τῇ
502 4597 723 4668 ἀπαθείᾳ
775 4602 864 4650 τοῦ
927 4603 1056 4651 Θεοῦ
1115 4597 1438 4672 πρεπούσας,
1501 4596 1604 4650 ἀπὸ
1649 4601 1755 4649 τῶν
1787 4594 1880 4648 ἀν-

1988 4585 2214 4646 lieudas
2237 4596 2478 4647 cenSet:
2527 4604 2676 4665 quas
2739 4585 3025 4646 Dominus
3057 4597 3259 4645 noster
3318 4585 3476 4645 velut
3509 4584 3610 4645 Dei

247 4688 477 4744 θαώπων
525 4688 651 4763 πρὸς
712 4687 866 4739 αότὸν
925 4683 1049 4761 (Ἱ4)
1132 4685 1524 4758 μετατίθησιν;
1587 4686 1640 4740 Εἰ
1690 4682 1741 4737 δὲ
1803 4683 1880 4738 καῖ

1988 4676 2276 4752 ipathiam
2310 4674 2592 4736 decentes
2614 4673 2687 4736 ab
2721 4673 3061 4735 hominibus
3089 4673 3162 4735 ad
3195 4677 3387 4754 ipsum
3419 4683 3614 4734 trans.

328 4818 384 4862 ⁸⁸
412 4819 621 4882 Matth.
655 4835 862 4896 xxxm,
896 4818 956 4878 9.

2060 4948 2183 5022 (71)
2212 4943 2363 5004 Editi
2406 4952 2464 5004 et
2509 4961 2648 5004 mss.
2713 4961 2830 5003 uon
2879 4943 3046 5024 pauci
3080 4943 3422 5020 ὲπιλέγομεν.
3463 4944 3608 5020 Reg.

1979 5028 2180 5087 tertius
2224 5024 2580 5102 ἐπιλέγωμεν,

2061 5107 2191 5184 (7'2)
2216 5103 2370 5164 Editi
2403 5109 2428 5160 ὁ
2461 5104 2968 5181 ΠειτῆρΑι-ιὶοιιιιιε
3001 5103 3058 5163 in
3089 5103 3459 5166 mss.nostris
3495 5122 3612 5164 non

1978 5186 2293 5247 invenitur.

2060 5267 2184 5345 {73)
2223 5263 2372 5325 Editi
2437 5267 2617 5342 Κύριος
2680 5268 2854 5337 ἡμῶν.
2923 5265 3042 5326 Vox
3104 5265 3306 5325 ultima
3337 5263 3393 5323 in
3452 5283 3596 5324 mss.

1979 5349 2162 5408 deest.

2061 5427 2183 5505 (74)
2215 5423 2368 5505 Ε(ὶὶῐὶ
2400 5431 2456 5482 et
2487 5422 2604 5484 duo
2641 5442 2780 5484 mss.
2819 5431 2948 5502 πρὸς
2983 5428 3187 5486 ἑαυτόν,
3224 5422 3392 5486 Unde
3422 5427 3611 5485 inter-

1982 5504 2117 5586 pres
2147 5504 2262 5586 :le
2292 5520 2356 5586 se
2383 5505 2574 5586 ipsum
2599 5506 2886 5586 transfert
2923 5523 2934 5563 :
2971 5505 3130 5582 quod
3165 5507 3304 5584 quin
3333 5505 3611 5586 vitiosum

338 4956 462 5036 (6'7)
496 4957 660 5036 Unus
692 4961 790 5036 aut
819 4955 966 5014 alter
1001 4974 1110 5016 ms.
1147 4954 1483 5036 comeditis
1513 4956 1704 5031 λέγων.
1740 5004 1751 5017 .
1788 5004 1798 5016 .
1833 5004 1842 5014 .
1879 4999 1887 5011 .

253 5033 495 5096 tuitui).
535 5033 646 5094 Alii
681 5034 944 5112 quinque
977 5054 1096 5095 mss
1147 5034 1413 5112 λέγω.....
1454 5035 1728 5096 ἐκκλίνων.

337 5117 460 5194 ι68)
503 5112 656 5174 Editi
716 5113 1082 5176 ὲειδείκνυντιι.
1144 5114 1391 5176 Veteres
1450 5117 1710 5194 quinque
1760 5113 1888 5174 libri

252 5196 588 5254 ἐνδείκνυται.

339 5276 468 5358 (69)
501 5272 659 5336 Editl
691 5271 881 5358 Paris.
910 5276 1241 5351 ἀκούσωμεν,
1269 5279 1346 5333 ὅτι
1374 5276 1660 5358 ἐίιθρωποςῃ.
1703 5274 1892 5336 Editio

255 5354 403 5418 νεὶ).
440 5365 496 5416 et
528 5372 627 5414 sex
662 5373 808 5416 mss.
869 5357 1173 5432 ἂκούσωμεν
1210 5359 1502 5424 ἅνθρωπος,
1541 5354 1655 5417 Sed
1689 5372 1890 5415 vocem

252 5440 328 5494 ὅτι
361 5439 562 5515 inepte
610 5435 889 5495 omissom
930 5455 1061 5498 esse
1112 5456 1179 5498 ex
1234 5455 1302 5496 eo
1331 5436 1700 5513 intelligitur,
1731 5433 1889 5512 quod

252 5518 452 5581 statim
487 5516 750 5594 legamus
783 5516 908 5572 ὅταν
939 5515 1017 5590 δὲ,
1053 5518 1131 5572 ὅτι
1162 5520 1186 5572 ὁ
1219 5519 1346 5578 Θεὸς
1381 5522 1404 5572 r'.
1433 5519 1634 5592 Ιικτιςρ,

328 5599 455 5675 (70)
500 5597 743 5656 Veteres
775 5605 1028 5675 quatuor
1061 5596 1194 5657 libri
1250 5617 1381 5656 cum
1436 5596 1610 5656 editis
1657 5617 1882 5675 παρατι-

250 5681 429 5738 θέντα.
484 5677 595 5738 ΛΙίί
637 5677 755 5738 duo
795 5674 964 5736 ’mss.
1030 5678 1387 5753 raritatis-11:.
1466 5675 1688 5736 Ibidem
1745 5674 1887 5734 editi

255 5758 391 5835 μηδὲ
437 5758 521 5812 ὅτι
559 5805 572 5819 .
614 5805 651 5817 ..
703 5764 910 5833 γεννᾷν.
982 5757 1141 5818 Libri
1205 5755 1431 5836 antiqui
1491 5756 1616 5830 μηδ’
1678 5757 1886 5816 ὅτευ...

251 5861 430 5919 γεννᾳ.

1972 5581 2332 5664 sit,tliibitari
2369 5581 2528 5664 nullo
2566 5584 2738 5644 modo
2762 5581 3116 5664 potest.Non
3141 5581 3298 5646 enim
3331 5585 3614 5647 Dominus

1976 5688 2035 5727 se
2059 5663 2189 5744 ipse
2223 5674 2389 5744 vocat
2421 5663 2653 5725 l’atrem
2690 5686 2700 5726 :
2736 5666 2838 5725 sed
2872 5666 2928 5726 id
2983 5683 3200 5728 nomen
3233 5665 3509 5725 transfert
3541 5664 3611 5722 ad

1975 5743 2159 5809 Deum
2197 5743 2628 5828 universorum,
2661 5763 2767 5807 seu
2793 5747 2861 5807 ad
2897 5765 3071 5807 suum
3119 5747 3304 5828 ipsius
3356 5745 3608 5806 Patrem.

1979 5828 2174 5893 Codex
2204 5823 2374 5888 Colb.
2407 5832 2468 5886 et
2494 5825 2603 5889 alii
2635 5836 2755 5887 tres
2793 5829 2921 5906 πρὸς
2946 5829 3126 5904 αὐτόν,
3146 5823 3348 5888 recte.
