4072 6200
479 268 596 333 623

1828 267 1887 328 S.
1939 269 2218 330 BASILII
2263 272 2313 330 M
2325 267 2508 331 AGNI

3750 271 3843 337 624

479 408 638 471 fert?
669 407 832 479 Quod
861 407 906 466 si
939 417 998 467 et
1025 415 1426 468 creaturarum
1458 407 1799 468 nominatur
1830 405 2020 485 Pater,
2055 405 2111 466 id

2216 413 2305 464 πῶν
2355 409 2664 484 κτισμάτων
2722 410 2904 490 Πατήρ
2981 411 3323 486 ὀνομάζεται,
3385 411 3532 468 οὕπω
3590 418 3675 485 τῷ
3726 409 3846 490 λόγῳ

484 498 622 559 huic
652 507 866 557 nostra!
895 497 1201 556 sententiae
1236 513 1606 575 nequaquam
1668 505 1976 576 repugnat.
2009 495 2119 566 Qui

418 600 441 615 °
487 588 644 649 enim
679 593 880 664 genuit
909 583 1112 662 glebas
1149 585 1300 644 roris
1332 584 1661 645 secundum
1695 585 1870 646 verba
1899 584 2009 647 Job
2040 584 2113 662 83,

483 697 599 738 non
632 675 841 736 eodem
877 673 1047 732 modo
1092 671 1292 750 glebas
1334 682 1390 734 et
1426 672 1632 736 Filium
1665 673 1892 751 genuit.
1929 677 2040 734 Ant
2069 674 2116 734 si

485 769 596 828 hoc
626 765 830 825 dicere
861 762 1184 840 audebunt,
1219 764 1302 823 sic
1337 773 1396 823 ut
1438 765 1588 824 roris
1619 765 1798 825 e'iam
1832 764 2116 825 substan-

484 857 622 916 tiam
659 853 840 913 lilium
870 854 991 928 pari
1025 854 1238 912 ordine
1297 851 1629 923 nominent,
1665 851 1738 913 ab
1800 853 1960 913 omni
2014 871 2120 912 nos

485 945 796 1006 adversum
821 941 980 1020 ipsos
1013 942 1279 1002 oratione
1311 941 1813 1018 liberabunt,cum
1849 942 2121 1020 blasphe-

488 1040 660 1095 miam
695 1034 766 1091 ad
805 1031 1344 1092 manifestissimam
1379 1033 1802 1111 impudentiam
1839 1050 2120 1110 provexe-

484 1126 624 1186 rint.
647 1122 850 1202 Neque
878 1123 1035 1182 enim
1069 1140 1202 1182 cum
1240 1124 1412 1182 Pater
1442 1122 1707 1182 omnium
1742 1130 2005 1182 nostrum
2034 1124 2118 1182 di-

485 1215 638 1274 citur
671 1213 841 1289 Deus,
875 1212 1085 1272 eodem
1129 1211 1301 1272 modo
1338 1221 1397 1271 et
1445 1221 1648 1273 noster
1705 1220 1760 1271 et
1817 1209 2116 1289 Unigeniti

486 1303 658 1365 Pater
687 1315 777 1363 est
801 1303 880 1360 :si
915 1319 1052 1362 vero
1083 1302 1239 1380 quod
1277 1301 1702 1380 primogenitus
1732 1301 1911 1362 totius
1945 1319 2117 1361 crea-

488 1404 633 1454 turae
653 1392 728 1464 ⁸⁵,
753 1399 809 1452 et
842 1389 1267 1472 primogenitus
1299 1391 1358 1450 in
1393 1390 1592 1450 multis
1623 1389 1902 1451 fratribus
1923 1391 2122 1465 85,00-

487 1485 686 1545 tniuus
717 1481 1048 1561 appellatus
1081 1490 1194 1558 est,
1215 1479 1271 1539 id
1299 1498 1402 1540 θος
1419 1480 1491 1539 ad
1513 1479 1877 1559 impietatem
1902 1481 2118 1551 erudit;

487 1575 722 1635 discant
753 1590 821 1632 ex
875 1570 1219 1648 Evangelia,
1255 1569 1409 1648 quod
1445 1568 1732 1632 Dominus
1754 1587 1857 1630 eos
1879 1570 1980 1646 qui
2011 1571 2120 1632 sibi

2205 505 2280 571 τῷ
2338 498 2584 577 ἡμετέρῳ
2627 499 2893 579 μάχεκαι.
2943 496 3001 558 Ὀ
3055 501 3156 579 γὰρ
3216 502 3446 565 τετοκὼς
3500 500 3718 578 βώλους
3756 500 3849 578 ὅρτ-

2205 609 2319 660 σου,
2385 589 2522 644 κατά
2571 590 2663 644 τὸν
2716 597 2810 646 10-3
2869 587 2992 647 Ἰὼϐ
3043 589 3229 668 λόγον,
3289 592 3393 670 οὐχ
3441 593 3652 666 ὁμοίως
3690 599 3849 653 τάς-ει

2202 675 2408 752 βώλους
2467 675 2593 758 (65)
2642 678 2730 734 καὶ
2788 679 2878 734 τὸν
2926 680 3045 734 ι’ίὸν
3110 679 3463 740 ἐτεκνώσατο.
3524 679 3623 736 ”Η
3656 681 3850 736 ti10310

2202 763 2377 843 λέγειν
2436 765 2822 843 τολμήσουσιν,
2873 767 3012 824 ὥστε
3045 767 3097 825 ἐν
3139 767 3238 845 ἴση
3268 768 3409 834 τάξει
3441 779 3529 825 καὶ
3557 769 3668 836 τὴν
3697 769 3851 824 ὠσίαν

2201 860 2300 922 τῆς
2367 853 2546 934 δρόσου
2608 858 2718 913 υἱὸν
2768 858 3078 934 ὀνομάζειν,
3145 860 3346 925 παντὸς
3404 860 3546 935 ἡμᾶς
3596 868 3696 917 10-3

2202 946 2388 1010 αὖτοὺς
2455 944 2814 1012 ἀπαλλάξουσι
2877 946 3064 1027 λόγου,
3130 949 3201 1010 εἰς
3255 950 3725 1028 περιφανεστάτην
3771 950 3852 1004 ἆν-

2200 1035 2512 1114 αισχυντίαν
2542 1037 2641 1103 τὴν
2695 1035 3048 1116 βλασφημίαν
3103 1039 3501 1117 προαγαγόντες
3546 1038 3710 1118 (76).
3742 1038 3850 1096 Οὖδὲ

2200 1124 2300 1202 γὰρ
2331 1123 2457 1180 ὅταν
2491 1127 2672 1203 Πατὴρ
2728 1126 2949 1183 πάντων
3006 1129 3160 1202 ἡμῶν
3190 1126 3416 1206 λέγηται
3467 1131 3494 1184 ὁ
3540 1137 3705 1202 Θεὸς,
3737 1129 3854 1185 κατα

2201 1214 2292 1269 τὸν
2337 1215 2490 1272 αὐτὸν
2523 1217 2718 1293 τρόπον
2777 1215 2934 1291 ἡμῶν
2982 1237 3040 1272 τε
3097 1219 3185 1274 καὶ
3227 1220 3320 1275 105
3368 1225 3710 1296 Μονογενοῦς
3759 1218 3850 1274 ἐστι

2203 1304 2412 1382 Πατήρ,
2475 1305 2531 1361 Εἰ
2582 1302 2637 1361 δὲ
2691 1305 2772 1362 ὅτι
2831 1307 3177 1384 πρωτότοκος
3235 1308 3413 1374 πάσης
3464 1309 3722 1386 κτίσεως,
3780 1312 3853 1363 καὶ

2204 1394 2544 1471 πρωτότοκος
2600 1397 2653 1452 ἓν
2704 1394 2932 1460 πολλοῖς
2984 1395 3261 1478 ἀδελφοῖς,
3295 1399 3323 1452 ὃ
3358 1399 3547 1472 Κύριος
3580 1398 3852 1476 προσηγό-

2206 1505 2384 1560 ρευται
2420 1482 2574 1564 (ἹἹ),
2609 1491 2764 1542 τοῦτο
2806 1487 2998 1553 αὐτοὺς
3041 1484 3376 1565 παιδοτριϐεῖ
3405 1489 3536 1565 πρὸς
3561 1485 3807 1543 ἀσέϐειαν
3837 1506 3852 1523 ο

2206 1569 2626 1631 διδασγέσθωσαν
2684 1577 2738 1631 ἓν
2821 1585 2914 1634 τοῦ
3001 1575 3346 1655 Εὒαγγελίου,
3410 1577 3492 1632 ὅτι
3546 1579 3639 1634 καὶ
3693 1579 3854 1651 μητὲ-

485 1682 554 1724 ex
579 1661 814 1722 virtutis
843 1659 1124 1738 operibus
1155 1659 1462 1737 conjuncti
1494 1658 1838 1728 sunt,etiam
1877 1671 2122 1720 matrem

2216 1684 2271 1741 ρα
2327 1662 2453 1741 (78)
2513 1665 2701 1722 ἑαυτοῦ
2747 1667 2836 1722 καὶ
2885 1664 3142 1747 ἀδελφοὺς
3188 1669 3215 1722 ὁ
3263 1667 3450 1746 Κύριος
3499 1669 3627 1732 τοὺς
3657 1670 3724 1724 ὲκ
3764 1673 3855 1723 τῶν

487 1763 543 1814 et
573 1754 782 1813 fratres
814 1768 953 1810 suos
1010 1747 1306 1827 appellat:
1345 1749 1490 1821 Οιιω
1547 1753 1706 1809 enim
1766 1759 1872 1812 est.
1910 1751 2122 1829 inquit,

488 1849 682 1904 mater
704 1857 856 1911 mea,
875 1849 930 1899 et
955 1839 1061 1916 gui
1080 1837 1304 1916 fratres
1325 1838 1466 1916 mei,
1504 1838 1626 1898 nisi
1651 1842 1754 1914 qui
1772 1837 2013 1915 faciunt
2037 1859 2132 1901 vo-

487 1933 778 1994 luntatem
806 1927 1009 1988 Patris
1033 1927 1148 1986 mei
1171 1929 1278 2005 qui
1307 1927 1372 1986 in
1396 1925 1553 1988 catis
1572 1924 1940 1998 estwouare
1962 1929 2132 1990 Pater

487 2031 689 2083 noster
715 2021 891 2082 Deus.
931 2033 1122 2094 neque
1153 2014 1362 2088 abusu,
1393 2033 1586 2095 neque
1609 2016 2125 2077 translationesed

490 2109 730 2192 proprie
763 2115 820 2165 et
852 2103 1136 2184 primario
1171 2115 1228 2163 et
1254 2122 1391 2164 vere
1413 2105 2006 2185 nominaturzquippe
2029 2109 2125 2187 qui

489 2219 594 2261 nos
629 2215 732 2278 per
761 2210 1078 2274 corporeos
1100 2203 1374 2273 parentes
1406 2212 1474 2255 ex
1512 2192 1698 2255 nihilo
1727 2194 1798 2254 ad
1828 2214 1952 2258 esse
1985 2215 2125 2275 pro-

485 2283 1046 2363 duxerit,nobisqne
1069 2301 1176 2343 sna
1193 2283 1252 2343 in
1280 2303 1386 2343 nos
1406 2283 1777 2363 providentia
1793 2285 2126 2364 conjunga-

486 2389 601 2441 tur.
632 2375 798 2450 Quod
834 2373 883 2433 si
922 2382 1212 2442 nostrum,
1249 2375 1353 2452 qui
1402 2391 1506 2452 per
1532 2374 1775 2451 gratiam
1809 2375 2127 2454 adoptione

486 2468 645 2547 digni
704 2463 901 2526 effecti
955 2482 1181 2537 sumus,
1217 2481 1357 2524 vere
1410 2474 1677 2524 vocatum
1729 2483 1862 2526 esse
1896 2469 2123 2527 l'atrem

489 2561 672 2622 Deum
707 2555 984 2633 dicimus,
1019 2571 1150 2632 quae
1172 2553 1325 2614 ratio
1352 2552 1690 2631 prohibebit
1717 2572 1790 2616 ne
1821 2553 1947 2632 ipse
1971 2560 2122 2634 ejus,

490 2648 586 2729 qui
615 2654 821 2706 natura
848 2644 1028 2706 Filius
1059 2650 1167 2722 est,
1203 2651 1261 2702 et
1292 2661 1361 2702 ex
1394 2641 1723 2704 substantia
1755 2643 1934 2722 ipsius
1984 2664 2124 2725 pro-

488 2738 669 2810 venit,
703 2735 876 2797 Pater
900 2736 1034 2810 jure
1066 2751 1135 2793 ac
1169 2733 1379 2793 merito
1411 2741 1651 2794 vocetur
1673 2739 1701 2796 ’ἲ

569 2920 714 2981 ΕυΝ.
747 2919 874 2980 Νοιι
907 2923 1164 2995 oportet,
1199 2914 1411 2994 inquit,
1439 2923 1678 2994 propter
1708 2915 1893 2977 Patris
1914 2925 1970 2977 et
1995 2917 2123 2979 Filii

569 3009 941 3086 pellationem
963 3003 1406 3082 generationem
1432 3005 1661 3068 Demini
1679 3024 1787 3067 ceu
1810 3006 2123 3067 humanam

2294 2923 2446 2976 EI‘N.
2514 2914 2586 2972 Οὒ
2632 2917 2766 2995 χρή,
2827 2917 2981 2995 φησὶ,
3037 2914 3122 2972 διὰ
3165 2917 3265 2984 τὴν
3329 2919 3532 2994 Πατρὸς
3598 2919 3689 2973 καὶ
3742 2920 3785 2972 t'i

2216 3004 2570 3084 προσηγορίαν
2622 3006 2964 3084 ἀνθρωπικὴν
3014 3005 3138 3086 (81)
3189 3006 3283 3074 τὴν
3326 3015 3422 3064 τοῦ
3482 3008 3672 3083 Κυρίο)
3730 3005 3785 3082 τέ

2210 3025 2570 3084 προσηγοριαν
2622 3025 2964 3084 ανυρωπικην
3014 3025 3138 3084 (δι)
3189 3029 3283 3074 την
3326 3027 3422 3064 του
3482 3025 3672 3083 κυριο)
3730 3028 3843 3082 τεν-

487 3009 941 3089 appellationem
963 3003 1406 3082 generationem
1432 3005 1661 3068 Demini
1679 3024 1787 3067 ceu
1810 3006 2124 3067 humanam

487 3099 840 3176 intelligere.

565 3190 706 3250 Bas.
743 3184 806 3245 Id
838 3203 946 3262 ego
1004 3189 1238 3262 quoque
1278 3181 1434 3243 dico.
1468 3182 1584 3244 Sed
1617 3200 1746 3242 eam
1779 3182 2036 3245 divinam
2066 3183 2127 3247 el

481 3279 799 3340 affectuum
833 3282 1135 3352 expertem
1162 3271 1298 3351 quid
1333 3279 1484 3333 vetat
1510 3271 1638 3350 pios
1661 3272 1802 3334 istos
1835 3275 2126 3337 credere?

482 3367 622 3437 Sed,
660 3365 894 3444 opinor,
929 3381 1046 3421 non
1082 3371 1142 3422 ut
1194 3359 1345 3420 citra
1391 3359 1694 3433 affectum,
1732 3379 1798 3421 se
1859 3371 1920 3422 ut
1964 3364 2124 3425 nullo

479 3455 654 3517 modo
688 3453 963 3531 genuisse
995 3449 1181 3510 Deum
1215 3449 1517 3526 ostendat,
1553 3449 1647 3510 his
1687 3450 1886 3510 verbis
1919 3455 2120 3512 utitur.

479 3542 790 3618 Quomodo
825 3541 1000 3618 igitur
1034 3550 1114 3618 tu,
1151 3558 1185 3599 0
1219 3539 1530 3618 optime,in
1557 3539 1972 3618 superioribus
1989 3543 2119 3601 sub-

480 3632 754 3696 stantiam
811 3630 1109 3709 Unigeniti
1163 3629 1526 3689 decernebas
1556 3650 1687 3690 esse
1733 3632 2126 3709 genituram?

483 3726 632 3788 Nam
667 3725 715 3784 si
749 3721 986 3802 genitus
1019 3739 1136 3780 non
1171 3719 1446 3796 est,unde
1470 3719 1596 3798 ipse
1625 3740 1694 3780 ex
1719 3729 1816 3781 tua
1832 3723 2125 3783 sententia

483 3813 754 3893 genitura
786 3831 916 3873 esse
962 3815 1236 3889 poterat?
1267 3807 1382 3870 Sed
1438 3816 1680 3888 propter
1727 3819 2122 3873 contrarieta-

486 3912 602 3964 tem
637 3921 769 3982 quaa
797 3901 996 3980 genito
1020 3915 1153 3960 cum
1187 3899 1445 3976 ingenito
1480 3899 1818 3973 intercedit,
1849 3900 2125 3961 substan-

563 4031 778 4096 3310b.
812 4046 1058 4108 xxxvtn,
1093 4029 1192 4092 ‘28.
1279 4030 1344 4078 84
1373 4029 1599 4090 Coloss.
1639 4048 1676 4103 ι,
1715 4032 1812 4094 15.

573 4168 695 4246 (75)
719 4165 843 4227 Hoc
875 4163 1101 4246 loco,ut
1122 4181 1277 4246 saepe
1310 4161 2122 4246 alias,varian_t‘veteres‘tum

2215 1751 2381 1831 ἔργων
2425 1753 2520 1822 τῆς
2586 1754 2781 1831 ἀρετῆς
2845 1755 3205 1822 οἰκειωθέντας
3283 1757 3703 1836 προσαγορεύει.
3784 1760 3855 1818 τίς

2213 1843 2313 1922 γάρ
2344 1842 2478 1917 ἐστι,
2525 1845 2681 1923 φησὶ,
2741 1846 2776 1914 ἡ
2841 1846 3023 1922 μήτηρ
3078 1868 3202 1922 μου,
3257 1847 3342 1902 καὶ
3401 1849 3537 1908 τίνες
3603 1848 3654 1902 οἱ
3710 1844 3854 1901 ἀδελο

2213 1932 2301 2011 φοί
2344 1954 2468 2007 μου,
2530 1932 2651 1990 ἁλλ’
2709 1934 2745 2002 ἢ
2803 1935 2850 1990 οἱ
2910 1932 3039 2013 (79)
3081 1943 3352 2001 ποιοῦντες
3395 1937 3457 1991 τὸ
3513 1936 3730 2009 θέλημα
3776 1943 3856 1991 τοῦ

2217 2021 2420 2099 Πατρός
2474 2045 2575 2096 μου
2631 2030 2721 2080 τοῦ
2777 2024 2830 2079 ἐν
2875 2025 3117 2100 οὐρανοῖς
3150 2041 3166 2098 ;
3203 2023 3389 2080 ’¹Ωστε
3423 2025 3607 2102 Πατὴρ
3649 2025 3850 2098 ἡμῶοὸ

2213 2111 2344 2174 Θεὶς
2402 2112 2460 2167 οὑ
2508 2115 2958 2192 καταχρηστικῶς
2992 2111 3101 2170 οὗδ²
3131 2113 3193 2169 ἐκ
3214 2120 3542 2192 μεταφορᾶς,
3591 2112 3732 2169 ἀλλά
3760 2137 3849 2170 xu-

2212 2199 2360 2278 ρίως,
2419 2202 2512 2258 κπὶ
2561 2200 2805 2281 πρώτως,
2887 2203 2973 2259 καὶ
3035 2201 3298 2269 ἀληθινῶς
3359 2204 3684 2275 ὀνομάζεται
3722 2223 3736 2239 ·
3776 2201 3848 2259 διὰ

2210 2293 2316 2346 τῶν
2375 2295 2695 2364 σωματικῶν
2757 2291 2954 2370 γονέων
2987 2293 3060 2355 εἷς
3091 2295 3155 2348 τὸ
3185 2295 3324 2348 εἶναι
3357 2294 3500 2366 ἡμᾶς
3535 2292 3599 2348 ἐκ
3630 2295 3727 2349 1.5
3779 2295 3846 2367 μὴ

2210 2378 2361 2442 ὄντος
2414 2381 2764 2459 παραγαγὼν,
2813 2383 2900 2438 καὶ
2937 2382 3066 2446 ταῖς
3110 2379 3449 2456 κηδεμονίαις
3482 2403 3845 2460 προσοικειουο

2211 2468 2422 2542 μένους.
2461 2470 2518 2526 Εἰ
2549 2467 2602 2524 δὲ
2653 2469 2812 2539 ἡμῶν
2857 2476 2964 2526 τῶν
3019 2472 3202 2550 χάριτι
3251 2475 3347 2536 τῆς
3379 2472 3642 2532 υἱοθεσίας
3675 2471 3844 2539 ἧξιουο

2212 2556 2384 2632 μένων
2415 2556 2626 2625 ἀληθῶς
2651 2557 2944 2626 κεκλῆσθαι
3005 2559 3213 2639 Πατέρα
3242 2561 3333 2616 τὸν
3365 2560 3492 2615 Θεὸν
3521 2558 3655 2637 (80)
3699 2559 3845 2632 λέγο-

2211 2668 2334 2720 μεν,
2367 2647 2439 2709 τίς
2470 2645 2822 2726 ἀφαιρήσεται
2863 2647 3024 2726 λόγος
3080 2657 3172 2706 τοῦ
3201 2649 3338 2708 κατὰ
3379 2650 3533 2727 φύσιν
3597 2649 3740 2727 Pio-3,
3772 2650 3848 2703 ιιαὶ

2211 2734 2273 2792 bc
2298 2738 2394 2802 τῆς
2425 2737 2604 2801 οὐσίας
2653 2736 2812 2794 αὐτοῦ
2855 2736 3228 2818 προελθόντος,
3265 2739 3345 2813 μὴ
3389 2737 3515 2817 οὐχὶ
3547 2738 3845 2813 πρεπόντως

2211 2825 2368 2884 αὐτὸν
2397 2825 2606 2904 Πατέρα
2638 2827 3114 2906 προσαγορεύεσθαι
3151 2846 3165 2906 ;

2294 2923 2446 2976 EI‘N.
2514 2875 2586 2972 δεῖ)
2632 2875 2766 2995 χρή,
2825 2875 2981 2995 imitri,
3037 2875 3265 2984 3t&,1'iw
3329 2919 3532 2994 Πατρὸς
3598 2919 3689 2973 καὶ
3742 2918 3849 2972 Υἱοῦ

2211 3116 2364 3162 νησιν
2393 3093 2619 3155 ἐννοεῖν,

2290 3190 2443 3246 ΒΑΣ,
2477 3184 2625 3259 Φημὶ
2657 3183 2831 3260 κάγώ,
2887 3183 3038 3240 Θείαν
3093 3183 3279 3260 μέντοι
3322 3185 3408 3240 καὶ
3439 3183 3621 3250 ἀπαθῆ
3656 3187 3705 3241 τί
3743 3207 3842 3240 κω-

2206 3273 2317 3331 λύει
2370 3273 2635 3330 πιστεύειν
2669 3278 2791 3338 τοὺς
2839 3271 3080 3337 εὐσεϐεῖς
3119 3271 3288 3350 (8Ξ);
3323 3271 3501 3348 Ἀλλ’,
3534 3275 3716 3349 οἶμαι,
3752 3275 3842 3352 cal

2209 3363 2302 3419 ἵνα
2354 3362 2570 3424 ἀπαθῶς
2599 3362 2958 3441 γεγεννηκότα
3011 3365 3104 3419 τὸν
3159 3365 3290 3420 Θεὸν
3336 3361 3594 3438 ἐπιδείξῃ,
3650 3369 3836 3444 χρῆτῖι

2209 3465 2330 3516 τοῖς
2361 3451 2543 3530 λόγοις
2575 3453 2804 3523 τούτοις,
2849 3451 2970 3508 ἀλλ’
3001 3451 3094 3509 ’ἵνα
3145 3451 3280 3528 μηδὲ
3323 3454 3657 3531 γεννήσαντα
3689 3453 3835 3514 ὅλως.

2213 3550 2331 3608 Πῶς
2362 3541 2452 3598 οὖν
2491 3540 2544 3596 ἐν
2577 3555 2695 3604 τοῖς
2730 3541 2840 3599 ἂνω
2872 3540 3080 3620 λόγοις,
3115 3544 3160 3600 ῶ
3189 3542 3453 3619 βέλτιστε,
3488 3542 3732 3620 γέννημα
3760 3546 3837 3597 εἷ-

2212 3655 2294 3689 ναι
2319 3633 2420 3699 τὴν
2464 3630 2642 3688 ουσίαν
2671 3638 2764 3687 τοῦ
2794 3632 3130 3709 Μονογενοῦς
3162 3632 3449 3712 ἀπεφαίνου
3477 3652 3492 3707 ;
3528 3634 3584 3688 Ei
3628 3634 3728 3710 γὰρ
3768 3634 3838 3705 μὴ

2210 3720 2547 3801 γεγέννηται,
2607 3720 2767 3777 πόθεν
2819 3724 2960 3795 αὒτῷ
3013 3723 3072 3778 τὸ
3105 3721 3343 3799 γέννημα
3378 3720 3498 3799 (83)
3531 3724 3675 3777 εἶναι
3719 3720 3840 3776 κατὰ

2207 3813 2299 3868 τὸν
2332 3812 2421 3867 σὸν
2453 3808 2614 3887 λόγον
2672 3815 2876 3887 προσῆν
2915 3831 2930 3877 ;
2975 3809 3143 3869 Ἀλλά
3170 3808 3254 3867 διὰ
3284 3811 3382 3885 μὲν
3411 3811 3509 3877 τὴν
3543 3818 3635 3868 τοῦ
3666 3832 3829 3888 γεννη·

2207 3907 2301 3958 τοῦ
2350 3900 2480 3978 πρὸς
2565 3901 2626 3956 τὸ
2688 3899 2978 3978 ἀγέννητον
3050 3901 3354 3956 ἐναντίωσιν
3411 3897 3650 3978 γέννημα
3697 3900 3838 3956 οὖσαν

1898 4032 1961 4081 85
1991 4034 2161 4094 Rom.
2197 4046 2321 4105 vm,
2355 4027 2454 4090 Q9.
2542 4026 2606 4077 86
2637 4028 2844 4092 Matth.
2879 4046 2980 4109 xit,
3017 4028 3119 4106 48,
3149 4027 3248 4089 50.

2209 4164 2304 4232 τῆς
2336 4161 2592 4242 υἱοθεσίας
2618 4241 2621 4242 ν
2647 4160 2952 4239 ἠξιωμένων
3009 4161 3223 4229 ἀληθῶς
3271 4160 3530 4228 κέκληται
3581 4168 3766 4242 Πατὴρ
3810 4169 3831 4210 Α

487 4241 714 4311 calamo
743 4243 1097 4324 notati,tuin
1164 4241 1315 4322 typis
1347 4242 1634 4324 descripti
1672 4241 1830 4324 libri.
1866 4245 1931 4324 ln
1973 4243 2118 4321 Reg.
2152 4255 2184 4301 Β
2209 4245 2358 4309 Θεός.
2395 4241 2783 4324 Reliqui_sex_
2813 4259 2955 4324 mss,
3020 4251 3081 4302 ut
3113 4243 3181 4324 in,
3203 4249 3506 4324 contextu,
3546 4241 3660 4303 nisi
3696 4243 3835 4324 quod

488 4327 664 4389 tertio
697 4335 754 4386 et
787 4323 845 4386 in
879 4323 1142 4384 editione
1174 4323 1491 4385 i’arisiensi
1537 4322 2039 4400 quemmlmodnni
2069 4334 2124 4382 et

486 4407 638 4488 apud
677 4404 827 4468 LXX
853 4401 1522 4488 legitur{$«.b)touq_,_globas
1545 4403 1702 4488 roris
1732 4403 2126 4488 Alii_quinque

489 4482 1195 4563 nissﬁo'xou;.guttus,seu
1217 4482 1414 4544 stillas
1433 4484 1794 4544 roristlerte
1816 4482 1866 4544 si
1891 4484 2124 4558 quando

489 4565 811 4630 excusandi
841 4572 975 4625 sunt
998 4563 1355 4636 librarii,hic
1381 4563 1590 4639 dignos
1610 4579 1711 4622 eos
1744 4565 2126 4625 excusatione

489 4664 730 4717 censeo,
766 4663 900 4706 cum
949 4669 975 4699 0
1021 4662 1127 4724 pro
1159 4667 1203 4724 ῳ
1233 4643 1498 4704 scribere
1533 4642 1627 4724 vel
1652 4642 2126 4719 diligentioribus

491 4727 838 4790 facillimum
875 4721 1135 4802 sitLege
1165 4723 1468 4785 Ducmum.
1504 4721 1730 4785 Ibidem
1770 4725 2127 4802 Reg.tertius

493 4813 579 4866 καὶ
611 4810 698 4864 τὸν
739 4809 855 4861 ι’ἱὸν
883 4807 1218 4873 ὑπεστήσατο
1264 4823 1277 4866 :
1312 4802 1413 4864 sed
1449 4803 1509 4863 in
1535 4820 1638 4862 ora
1668 4803 1804 4863 iil‘l‘i
1836 4806 2130 4865 recentio-

490 4889 540 4950 ri
576 4907 751 4949 manu
784 4885 1066 4963 scriptum
1095 4883 1387 4945 invenitur
1409 4883 1924 4964 €15xv1§0110_[$ic].

572 4969 701 5047 (76)
733 4961 973 5047 Antiqui
1002 4965 1118 5025 (illo
1153 4964 1286 5047 libri
1306 4964 1697 5042 ἀπαγαγόντες.
1725 4961 1954 5024 ibiiiétti
1988 4963 2128 5024 editi

494 5045 622 5108 Οὒδὲ
655 5045 754 5125 γὰρ
785 5047 893 5107 ὅτε.
922 5045 994 5106 Αι
1025 5063 1166 5105 mss.
1200 5045 1346 5106 ὅταν,

575 5119 873 5207 ίἻ7⁷>Εάίιὶ
938 5126 1402 5204 προσαγορεύεται.
1459 5119 1621 5183 Libri
1672 5129 1900 5183 veteres
1957 5146 2126 5203 προισ-

493 5211 775 5284 ηγόρευται
788 5253 798 5264 .

579 5289 696 5365 (78)
729 5285 887 5349 Editi
919 5295 975 5346 et
1004 5285 1151 5365 Reg.
1180 5283 1481 5347 secundus
1504 5286 1592 5341 καὶ
1615 5285 2124 5362 μητέρκςηῃηινττς,

493 5368 612 5432 Alii
647 5377 762 5428 tres
794 5384 934 5427 mss.
965 5367 1188 5444 pri-2'92,
1227 5373 1502 5427 matrem.

578 5449 701 5524 (79)
738 5445 918 5524 Editi,
955 5470 1078 5519 μοι),
1109 5441 1231 5502 ’ἀλλ’
1280 5449 1348 5507 οἱ.
1383 5443 1580 5506 Codex
1627 5441 1794 5506 Colb.
1821 5458 1944 5504 'cn'a
2012 5465 2129 5506 uno

495 5527 639 5608 Reg.
669 5551 792 5602 μου,
825 5525 942 5582 ἀλλ’
989 5528 1024 5593 ἦ
1067 5529 1135 5587 οὶ,
1194 5525 1314 5608 Nec
1343 5524 1420 5608 ita
1447 5525 1628 5586 multo
1661 5534 1792 5608 post
1821 5524 1961 5585 editi
1997 5549 2125 5604 παρ»

494 5606 660 5688 ἀγών.
699 5610 948 5688 Veteres
980 5615 1234 5685 quatuor
1257 5606 1390 5688 libri
1418 5607 1765 5688 παραγαγών.

579 5692 696 5772 (80)
727 5687 882 5752 Editi
913 5697 974 5749 et
1003 5690 1150 5766 Reg.
1182 5686 1426 5767 quintus
1453 5687 1510 5744 Ei.
1541 5685 1594 5742 δὶ
1623 5688 1776 5762 ἡμῶν
1807 5687 1911 5741 τῶν
1939 5687 2118 5766 χάριτι

2206 4341 2400 4394 voces,
2427 4325 2518 4378 τὸν
2550 4320 2678 4379 Θεόν
2700 4321 2890 4382 solum
2924 4320 2986 4382 in
3019 4322 3219 4400 Regiis
3253 4320 3441 4401 primo
3478 4330 3536 4382 et
3568 4320 3737 4386 sexto
3759 4341 3838 4384 re-

2210 4403 2536 4484 periantur.
2571 4401 2712 4481 Sed,
2747 4403 2860 4463 nisi
2895 4403 3217 4483 exprimas,
3250 4400 3697 4464 subaudiantur
3749 4422 3832 4464 ne-

2213 4501 2381 4546 cesse
2413 4489 2521 4544 est.

2292 4564 2416 4642 (81)
2445 4559 2603 4623 Editi
2658 4571 2748 4620 τοῦ
2797 4565 3000 4639 Πατρὸς
3059 4563 3146 4618 καὶ
3206 4569 3298 4642 του
3329 4562 3453 4642 ὶξὶοὖ
3485 4565 3836 4642 προσηγορίαν

2209 4640 2561 4724 ἀνθρωπίνην.
2611 4644 2856 4704 Veteres
2911 4643 3175 4723 quinque
3227 4640 3363 4702 libri
3409 4640 3614 4716 ita,’ut
3647 4640 3833 4705 edidi-

2211 4741 2371 4786 mus.

2289 4804 2411 4876 (82)
2444 4802 2613 4882 Regii
2641 4803 2758 4866 duo
2792 4821 2926 4865 cum
2961 4802 3224 4864 editione
3248 4803 3501 4864 Pariset
3523 4821 3657 4864 cum
3681 4803 3833 4867 Colb.

2211 4885 2333 4948 τοὺς
2382 4883 2644 4954 εὒσεϐετς,
2680 4882 2855 4946 bene.
2912 4882 3032 4945 Alii
3079 4890 3200 4944 tres
3258 4901 3400 4946 mss.
3451 4886 3574 4947 τοὺς
3605 4883 3834 4952 ἀηδεῖς,

2213 4963 2389 5043 male,
2425 4973 2489 5045 ut
2518 4964 2923 5045 mihiquidem
2957 4963 3212 5045 videtur.
3257 4962 3396 5045 Mihi
3451 4964 3612 5045 enim
3650 4963 3835 5025 nescio

2211 5042 2508 5126 quomodo
2541 5042 2726 5124 magis
2769 5045 2976 5126 placet
3017 5043 3193 5126 lectio
3254 5043 3438 5126 prior,
3472 5042 3836 5126 arbitrorque

2211 5123 2494 5204 scriptum
2527 5123 2660 5185 esse
2691 5123 2900 5182 ἀσεϐεῖς
2926 5123 2999 5184 ab
3025 5123 3245 5204 aliquo,
3279 5124 3380 5204 qui
3411 5131 3578 5184 recte
3601 5125 3832 5199 quidem

2203 5171 2532 5285 judi'easset
2561 5203 3088 5285 Eunomianos,_de
3107 5171 3331 5281 quibu‘s
3361 5203 3456 5265 hic
3487 5171 3838 5285 agitiir,vere

2213 5283 2329 5347 dici
2359 5303 2489 5375 ῐιοῐι⁸
2512 5303 2684 5376 posse
2700 5287 2872 5376 pios:
2907 5283 3012 5346 sed
3063 5284 3164 5376 qui
3197 5302 3314 5376 non
3345 5285 3485 5346 satis
3525 5283 3838 5345 attenderit

2213 5383 2316 5426 eos
2349 5382 2454 5445 per
2448 5365 2722 5445 _ironiam
2755 5367 2882 5445 pios
2911 5365 3109 5426 vocari
3142 5365 3429 5445 potuisse.

2293 5443 2416 5519 (83}
2447 5442 2638 5507 Editio
2669 5442 2857 5508 Paris.
2907 5447 3048 5515 αὐτῷ
3079 5442 3342 5524 γέννημα.
3376 5443 3570 5506 Editio
3603 5442 3758 5505 Ven.
3795 5449 3842 5524 et

2213 5543 2357 5588 mss.
2391 5526 2658 5588 nonnulli
2694 5529 2832 5601 αὒτῷ
2877 5528 2938 5583 τὸ
2977 5526 3242 5604 γέννημα.
3279 5523 3393 5586 ΑΙίὶ
3428 5531 3548 5585 tres
3583 5542 3732 5586 mss.
3791 5523 3836 5577 τὲ

2205 5605 2445 5682 γέννημά
2467 5628 2543 5667 τι.
