4072 6200
285 296 405 359 625

1367 295 1772 362 ADVERSUS
1812 295 2225 361 EUNOMIUM
2273 295 2417 359 LIB.
2466 300 2545 361 II.

3544 300 3664 368 626

286 432 546 490 δεικνύναι
577 433 710 511 (84)
743 434 840 501 τὴν
898 435 1073 491 οὐσίαν
1126 434 1457 515 ἒφιλονείκει·
1510 438 1615 494 νυνὶ
1660 434 1739 511 δὲ,
1766 431 1917 493 πάλιν

2016 428 2152 490 tiam
2186 430 2518 508 genituram
2569 450 2701 494 esse
2755 432 3075 497 ostendere
3106 433 3454 500 conabatur.
3488 434 3658 499 Nunc

288 526 392 590 τὴν
450 529 548 589 τῆς
601 523 781 587 οὐσίας
841 526 1103 580 οἷκείωσιν
1134 523 1217 580 διὰ
1246 530 1344 591 τῆς
1376 532 1557 604 φωνῆς
1587 527 1784 593 ταύτης
1837 550 1935 593 ση-

280 611 609 687 μαινομένην
668 614 827 691 ὁρῶν,
888 615 950 668 τὸ
1014 618 1355 691 γεγεννῆσθαι
1424 615 1512 671 τοῦ
1596 617 1930 693 γεννήματος

286 702 597 781 ἀφαιρεῖται
661 700 813 780 (85).
852 704 947 760 Καὶ
1009 705 1115 778 μὴν
1148 706 1191 760 εἰ
1222 707 1375 761 τοῦτο
1404 707 1475 767 ὡς
1506 709 1702 767 πάθως
1747 703 1930 773 δηλω-

276 792 426 846 τικὸν
472 804 837 870 παραιτεῖται,
870 792 920 847 τί
948 792 1139 849 κωλύει
1197 795 1282 850 καὶ
1333 796 1393 850 τὸ
1455 792 1779 873 δημιουργὸν
1827 796 1928 850 αὒ-

281 881 372 936 τὸν
434 881 577 937 εἶναι
646 878 731 936 διὰ
786 881 879 945 τὰς
930 884 1088 947 αὖτάς
1152 884 1317 947 αἰτίας
1376 884 1453 959 μὴ
1511 883 1924 965 παραδέχεσθαις

285 970 431 1025 Διύτι
478 970 671 1035 πάσαις
735 987 855 1034 ταῖς
912 985 1249 1047 σωματικαῖς
1322 973 1607 1051 ἐνεργείαις
1650 974 1685 1041 ἢ
1731 972 1928 1030 πλείων

279 1082 361 1123 τις
418 1060 632 1124 πάντως
692 1062 723 1129 ἢ
770 1061 999 1117 ἔλαττων
1058 1064 1221 1127 κόπος
1280 1064 1630 1134 συνέζευκται,
1667 1065 1802 1123 κατά
1832 1066 1927 1133 τὴν

281 1148 571 1227 ἀναλογίαν
629 1156 725 1218 τῆς
782 1159 872 1208 τοῦ
916 1154 1188 1217 ποιοῦντος
1220 1150 1490 1227 δυνάμεως
1535 1155 1623 1210 καὶ
1665 1159 1762 1220 τῆς
1794 1156 1926 1232 πρὸς

278 1244 346 1298 τὰ
376 1242 576 1321 μεγέθη
636 1250 741 1300 τῶν
784 1244 1174 1323 ἐνεργουμένων
1228 1245 1499 1325 διαφορᾶς.
1551 1248 1657 1316 Τήν
1698 1268 1758 1324 γε
1819 1249 1924 1322 μὴν

276 1331 420 1388 θείαν
477 1334 565 1389 καὶ
620 1334 883 1411 μακαρίαν
941 1335 1099 1415 φάσιν
1149 1334 1373 1410 καμάτῳ
1404 1334 1577 1413 λέγειν
1611 1335 1923 1415 συνέχεσθαι

278 1423 385 1500 οὐχ
434 1422 596 1489 ἧττον
654 1421 843 1488 ἀσεϐὲς
895 1423 931 1491 ἢ
1003 1437 1121 1489 τοῖς
1182 1426 1480 1504 αἰσχίστοις
1511 1424 1674 1491 αὐτην
1705 1427 1924 1482 πάθεσιν

2016 526 2213 580 autem
2243 538 2450 582 rursus
2481 521 2836 585 substantiae
2864 524 3004 584 260
3035 525 3517 603 conjunctionem
3547 526 3659 588 hac

2017 626 2159 671 voce
2193 610 2517 687 significari
2574 630 2707 675 cum
2762 613 2975 683 videat.
3010 614 3341 692 genituram
3394 616 3654 694 genitam

2016 715 2152 781 esse
2184 708 2384 778 negat.
2411 702 2584 781 Atqui
2616 701 2666 762 si
2696 703 2809 764 hoc
2857 712 3133 782 tanquam
3183 704 3346 782 quod
3378 705 3654 767 aﬂ‘ectum

2015 786 2784 871 signiﬁcet,repudiat,quid
2810 792 3092 873 prohibet
3120 792 3347 855 eisdem
3365 792 3439 855 de
3462 794 3657 856 causis

2014 879 2190 940 etiam
2224 888 2552 940 creatorem
2578 880 2769 960 ipsum
2802 899 2936 943 esse
2968 881 3217 961 negare?
3247 880 3390 943 Nam
3422 902 3527 964 pro
3558 902 3655 945 ra-

2013 967 2173 1029 tione
2199 966 2416 1028 virium
2468 969 2601 1048 ejus
2625 970 2725 1049 qui
2755 970 2983 1045 facit,et
3012 990 3117 1051 pro
3148 971 3498 1034 discrimine
3522 991 3653 1034 ma-

2011 1055 2340 1134 gnitudinis
2365 1074 2571 1117 eorum
2604 1076 2733 1138 qua;
2764 1059 2933 1135 fiunt,
2969 1059 3309 1122 necessario
3341 1070 3437 1122 aut
3470 1060 3660 1140 major
3728 1121 3745 1134 ,

2012 1151 2113 1205 aut
2142 1142 2335 1205 minor
2356 1144 2523 1206 labor
2551 1149 2855 1227 corporeis
2886 1146 3169 1210 omnibus
3209 1148 3656 1227 operationibus

2010 1233 2411 1312 conjungitur.
2448 1234 2711 1296 Divinam
2755 1249 2958 1299 autem
3016 1256 3084 1299 ac
3117 1237 3349 1300 beatam
3383 1247 3653 1300 naturam

2010 1322 2213 1385 dicere
2242 1324 2448 1388 labore
2469 1326 2815 1406 premi,non
2850 1327 3045 1390 minus
3074 1329 3321 1409 impium
3356 1336 3655 1408 est,quam

2008 1430 2138 1473 eam
2189 1415 2501 1477 aﬂ‘ectibus
2534 1416 2894 1493 turpissimis
2948 1417 3271 1498 subjicere.
3320 1418 3425 1480 Sin
3456 1425 3651 1479 autem

278 1507 625 1574 ύποϐάλλειν,
663 1514 721 1568 Εἰ
779 1511 834 1569 δὲ
892 1513 1107 1578 ἀπαθῶς
1163 1503 1345 1593 κτίζει,
1405 1514 1584 1581 ἀπαθῆ
1618 1513 1917 1580 εἶναιδέξα·

2015 1507 2162 1563 citra
2180 1503 2452 1593 aﬁ‘ectum
2488 1513 2671 1584 creat,
2707 1507 3150 1586 generationem
3176 1526 3414 1590 quoque
3431 1507 3655 1570 ati‘ectu

283 1602 373 1655 σθε
404 1599 493 1656 καὶ
536 1601 636 1666 τὴν
666 1601 937 1678 γέννησιν.

359 1687 460 1751 24,
495 1686 590 1751 Ὠς
641 1691 738 1763 μὲν
787 1690 875 1747 οὖν
931 1690 1118 1767 κυρίως
1171 1692 1257 1747 καὶ
1314 1689 1697 1768 προσηκόντως
1748 1694 1929 1773 Πατὴρ

277 1775 491 1855 λέγεται
549 1780 575 1834 ὁ
622 1753 773 1854 θεὸς,
837 1781 921 1837 καὶ
978 1753 1051 1843 ῶς
1105 1753 1231 1859 οὐχὶ
1288 1753 1507 1860 πάθους,
1544 1753 1923 1839 ἀλλ’ἒοίκειώῖ
1953 1753 1989 1804 Β

279 1868 417 1929 σεὼς
458 1866 597 1924 ἐστιν
657 1868 847 1943 ὄνομα,
908 1871 945 1937 ἢ
998 1868 1096 1935 τῆς
1152 1870 1290 1926 κατά
1338 1870 1522 1949 χάριν,
1581 1872 1655 1928 ὡς
1701 1871 1786 1928 ἐπὶ
1819 1879 1923 1928 τῶν

279 1955 595 2037 ἀνθρώπων,
618 1957 653 2025 ἢ
684 1963 785 2025 τῆς
817 1958 952 2015 κατά
984 1960 1159 2036 φύσιν,
1213 1960 1287 2021 ὼς
1331 1958 1416 2015 ἐπὶ
1445 1969 1537 2019 τοῦ
1568 1961 1919 2042 Μονογενοῦς,

270 2045 466 2108 ἱκανῶς
511 2043 747 2124 εἴρηται⁴
810 2044 989 2120 δῶμετ
1049 2045 1102 2101 δὲ
1164 2051 1306 2103 εἶναι
1355 2049 1615 2125 τροπικὴν
1648 2095 1663 2123 ,
1718 2052 1805 2106 καὶ
1863 2051 1923 2107 ἐκ

273 2140 576 2212 μεταφορᾶς
631 2134 874 2212 λέγεσθαι
938 2135 1086 2215 (86),
1148 2136 1327 2215 ὥσπερ
1370 2140 1458 2192 καὶ
1516 2137 1683 2203 ἂλλας
1735 2143 1919 2218 μυρίας

272 2223 361 2279 καὶ
415 2223 595 2301 φωνὴν
654 2226 875 2291 ταύτην,
966 2224 1058 2286 Ὠς
1132 2224 1324 2302 τοίνυν,
1387 2225 1724 2303 ὀργιζόμενον
1757 2273 1773 2305 ,
1832 2228 1920 2283 καὶ

273 2312 557 2385 ὑπνοῦντα,
618 2314 704 2368 καὶ
752 2314 1045 2387 πετόμενον
1139 2313 1418 2377 ἀκούοντες
1475 2316 1565 2369 τὸν
1621 2317 1772 2389 Θεὸν,
1832 2317 1921 2372 καὶ

273 2398 454 2458 ἄλλων
515 2402 765 2459 τοιούτων
811 2402 1071 2477 ἀπρεπεῖς
1113 2403 1250 2459 κατά
1320 2404 1411 2459 τὸν
1469 2402 1760 2482 πρόχειρον
1806 2416 1923 2464 νοῦν

278 2491 376 2553 κάς
409 2490 665 2570 ἐμφάσεις
696 2492 1107 2571 παρεχομένων,
1154 2491 1272 2548 οὕτε
1294 2492 1384 2557 τὰς
1414 2494 1590 2571 φωνὰς
1634 2516 1726 2549 του
1756 2495 1922 2550 Πνεύ-

276 2602 447 2654 ματος
503 2579 899 2660 διαγράφωμεν,
969 2579 1086 2637 οὔτε
1135 2587 1463 2655 σωματικῶς
1530 2586 1635 2637 τῶν
1690 2580 1923 2660 λεγομέ-

276 2691 455 2743 μενων
488 2669 774 2745 ἀκούομεν·
823 2670 871 2725 τί
915 2667 1112 2739 δήποτε
1156 2671 1279 2748 οὐχὶ
1310 2671 1420 2743 καὶ,
1454 2675 1550 2737 τῆς
1583 2675 1763 2749 φωνῆς
1790 2673 1921 2727 ταύ-

271 2781 372 2824 της
406 2758 544 2816 οὕτω
586 2763 829 2838 συνεχῶς
872 2758 1310 2839 παραληφθείσης
1341 2761 1441 2814 ὑπὸ
1472 2766 1563 2815 τοῦ
1616 2761 1922 2835 Πνεύματος

283 2846 439 2927 (87),
471 2850 563 2914 τὰς
618 2854 933 2929 θεοπρεπεῐς
984 2849 1149 2916 αὐτῆς
1209 2848 1407 2913 ἑννοίας
1450 2846 1852 2926 διερευνώμεθα;
1886 2851 1921 2919 ἢ

272 2940 448 3012 μόνην
507 2939 703 3005 ταύτην
749 2944 844 3005 τῆς
891 2944 1102 3017 Γραφῆς
1147 2936 1513 3013 ἀπαλείψομεν
1548 2937 1701 3019 (88),
1734 2940 1793 2996 ἐκ
1822 2942 1920 3006 τῆς

2011 1609 2222 1655 vacare
2249 1592 2578 1659 fateamini.

2093 1683 2192 1746 24.
2228 1682 2396 1756 Quod
2428 1684 2609 1766 igitur
2641 1688 2880 1768 proprie
2908 1705 2977 1749 ac
3004 1688 3217 1750 merito
3248 1685 3406 1748 Deus
3436 1685 3655 1748 dicitur

2011 1773 2208 1845 Pater,
2244 1782 2302 1834 et
2332 1776 2487 1854 quod
2513 1794 2630 1837 non
2657 1776 2924 1855 aﬂ‘ectus,
2947 1776 3051 1838 sed
3086 1774 3524 1856 conjunctionis
3548 1794 3653 1837 no-

2010 1879 2147 1924 men
2178 1871 2286 1943 est,
2314 1871 2411 1923 aut
2444 1864 2574 1943 ejus
2604 1882 2736 1945 qua
2760 1866 2824 1926 fit
2854 1884 2962 1947 per
2986 1866 3328 1945 gratiam,ut
3356 1864 3418 1926 in
3450 1864 3645 1926 homi-

2008 1949 2208 2032 nibus,
2236 1959 2339 2013 aut
2358 1953 2491 2032 ejus
2517 1971 2645 2034 quas
2680 1955 3012 2016 secundum
3044 1963 3315 2017 naturam
3347 1957 3460 2027 est,
3495 1961 3558 2015 ut
3584 1954 3643 2015 in

2006 2037 2341 2119 Unigenito,
2378 2042 2519 2103 satis
2548 2042 2768 2104 dictum
2820 2052 2931 2106 est.
2987 2043 3102 2106 Sed
3147 2045 3359 2106 demus
3398 2051 3455 2104 et
3492 2044 3645 2105 hanc

2004 2147 2207 2191 vocem
2226 2132 2512 2211 tropicam
2543 2134 3140 2215 esse,eamque,sicut
3158 2142 3216 2195 et
3240 2134 3384 2196 alias
3400 2152 3646 2195 sexcen-

2007 2225 2233 2299 tas,per
2264 2220 2710 2284 translationem
2743 2223 2881 2284 dici.
2909 2223 3420 2296 Quemadmodum
3448 2222 3646 2303 igitur,

2005 2328 2143 2370 cum
2170 2311 2361 2372 Deum
2391 2310 3174 2392 audimusirasci,dormire,
3211 2314 3432 2387 volare,
3468 2312 3654 2374 etalia

2008 2397 2065 2458 id
2108 2417 2317 2477 genus,
2339 2418 2470 2480 qua;
2495 2419 2677 2463 sensu
2709 2401 2876 2464 obvio
2910 2401 3362 2481 intelligentiam
3396 2402 3649 2463 indeco—

2006 2505 2131 2549 ram
2166 2506 2285 2567 pra:
2331 2508 2395 2551 se
2425 2489 2648 2561 ferunt,
2680 2510 2799 2554 non
2833 2500 3028 2554 tamen
3060 2509 3235 2553 voces
3265 2491 3514 2570 Spiritus
3544 2508 3654 2553 ex-

2010 2577 2467 2657 pungimus,nec
2496 2578 2671 2640 modo
2691 2598 2950 2659 ecporeo
2975 2582 3101 2644 haec
3121 2580 3279 2642 dicta
3298 2578 3648 2660 accipimus;

2008 2684 2183 2746 quam
2219 2666 2455 2729 tandem
2489 2666 2564 2729 ob
2598 2687 2858 2745 causam,
2890 2688 3024 2731 cum
3057 2670 3181 2731 haec
3215 2685 3321 2731 vox
3344 2668 3494 2730 adeo
3527 2670 3647 2730 fre-

2006 2762 2261 2835 quenter
2290 2777 2320 2816 a
2356 2755 2580 2837 Spiritu
2615 2767 2896 2839 usurpata
2934 2758 3030 2834 sit,
3065 2778 3183 2820 non
3224 2758 3403 2821 etiam
3426 2776 3645 2820 conve-

2005 2845 2268 2906 nientem
2332 2848 2452 2909 Deo
2500 2847 2957 2928 intelligentiam
3008 2846 3475 2928 investigamus?
3507 2867 3646 2909 num

2006 2934 2161 2996 hanc
2185 2934 2371 2997 solam
2416 2954 2487 2997 ex
2518 2936 2830 3018 Scriptura
2859 2938 3216 3013 delebimus,
3251 2957 3381 3001 eam
3425 2956 3495 3000 ex
3531 2939 3645 3000 ltu-

271 3027 605 3105 ἀνθρωπίνης
652 3030 904 3106 χρήσεως
936 3033 1412 3106 συνκοφαντοῦντες
1467 3026 1653 3101 αὒτὴη
1717 3029 1917 3085 Ούτωαὶ

2008 3041 2180 3084 mano
2204 3041 2314 3085 usu
2332 3025 2790 3090 calumniantes?
2814 3024 2892 3091 At
2916 3047 3041 3089 rem
3066 3030 3150 3090 sic
3172 3027 3642 3089 consideremus.

272 3114 328 3171 δὲ
360 3123 667 3191 σκοπῶμεν.
724 3117 825 3173 Δύο
868 3116 1277 3191 σημαινομένων
1331 3115 1390 3171 ἐκ
1444 3117 1543 3182 τῆς
1611 3126 1702 3175 τοῦ
1734 3124 1917 3193 γεννᾷν

2008 3112 2150 3176 Cum
2175 3113 2293 3197 duo
2316 3115 2726 3194 signiﬁcentur
2756 3117 3083 3196 generandi
3112 3134 3258 3180 voce
3286 3134 3358 3179 ex
3389 3118 3648 3181 humano

271 3208 632 3285 προσηγορίας
678 3208 812 3262 κατά
866 3208 967 3272 τὴν
1016 3205 1117 3261 ὧδε
1181 3206 1480 3283 συνήθειαν,
1512 3206 1709 3271 πάθους
1741 3228 1797 3263 τε
1828 3214 1917 3264 τοῦ

2008 3220 2192 3272 more.
2225 3206 2569 3281 generantis
2633 3206 2861 3268 scilicet
2904 3208 3170 3283 affectus,
3205 3215 3264 3270 et
3305 3205 3646 3286 conjunctio

269 3300 564 3372 γεννῶντος
623 3297 709 3351 καὶ
764 3302 864 3362 τῆς
912 3296 1041 3373 πρὸς
1094 3295 1155 3351 τὸ
1198 3294 1528 3372 γεννώμενον
1574 3296 1912 3365 οἰκειώσεως,

269 3385 397 3441 ὅταν
448 3387 582 3461 παρὰ
637 3395 729 3445 τοῦ
787 3387 989 3463 [ἰατρὸς
1020 3392 1096 3458 τῷ
1127 3391 1416 3463 Μονογενεϊ
1449 3382 1671 3462 λέγηται
1702 3387 1785 3448 τὸ,
1824 3383 1919 3443 Ἐκ

271 3476 500 3552 γαστρὸς
554 3476 652 3553 πρὸ
712 3475 981 3555 ἑωσφόρου
1029 3473 1288 3550 ἐγέννησά
1358 3496 1439 3533 σε.
1492 3475 1579 3531 καὶ
1628 3476 1727 3553 τὸ,
1796 3477 1914 3539 Υἱὸς

272 3587 373 3639 μου
418 3564 471 3620 εἶ
531 3565 590 3619 σὺ
623 3610 639 3638 ,
699 3563 807 3641 ἐγὼ
874 3564 1105 3641 σήμερον
1171 3562 1465 3640 γεγέννηκά
1537 3584 1617 3625 σε,
1693 3563 1913 3642 πότερον

271 3653 468 3708 τούτωι
527 3652 873 3730 παρίστασθαι
931 3658 1113 3732 φῶμεν
1157 3651 1240 3706 διὰ
1298 3658 1387 3707 τοῦ
1428 3651 1689 3731 ῥήματοςς
1720 3654 1780 3707 τὸ
1811 3651 1913 3727 ἒμ-

272 3743 433 3801 παθὲς
464 3747 569 3798 τῶν
602 3742 926 3818 γεννώντων,
990 3742 1025 3808 ἢ
1079 3744 1176 3808 τὴν
1210 3746 1307 3807 τῆς
1339 3740 1544 3815 φύσεως
1587 3742 1911 3817 οἰκειότητα;

271 3830 414 3907 Ἐγὼ
457 3830 553 3903 μὲν
597 3832 695 3907 γὰρ
740 3830 892 3885 τούτό
950 3846 1110 3907 φημι·
1144 3830 1231 3884 καὶ
1277 3828 1393 3885 οὐδὲ
1438 3830 1653 3891 τούτους
1684 3833 1916 3907 ἡγουμαί

267 3940 397 3975 ποτε
458 3920 533 3992 μὴ
587 3919 717 3998 οὖχὶ
779 3920 850 3982 εἷς
881 3917 1127 3995 λαμπρὰν
1161 3917 1531 3997 μελαγχολίαν
1562 3921 1916 3999 παρενεχθένο

269 4028 361 4072 τας
403 4008 801 4063 ἒναντιώσεσθαι
836 4006 982 4082 (89),
1019 4007 1197 4063 ’Ὥστε
1232 4009 1275 4062 εἰ
1326 4007 1422 4081 μὲν
1456 4009 1619 4065 οἰκεία
1670 4016 1746 4081 τῷ
1797 4017 1913 4083 Θεῷ

268 4099 303 4164 ἠ
348 4098 520 4177 φωνὴ,
579 4097 628 4153 τί
684 4097 957 4170 ἀτιμάζεις
1016 4099 1089 4160 ὡς
1148 4095 1449 4175 ἀλλοτρίαν;
1514 4100 1556 4153 εἱ
1602 4096 1653 4153 δε
1704 4098 1763 4153 ἐκ
1808 4101 1911 4153 τῶν

268 4186 606 4264 ἀνθρωπίνων
656 4189 1133 4267 μετακεκόμισται,
1182 4188 1242 4242 τὸ
1298 4188 1441 4264 ὑγιὲς
1496 4189 1657 4253 αὐτῆς
1690 4185 1910 4252 ἐϐλεξείο

2002 3310 2137 3352 cum
2163 3292 2632 3373 genito;quando
2655 3314 2688 3355 a
2710 3297 2882 3357 Patre
2900 3297 2971 3357 ad
2995 3293 3375 3375 Unigenitum
3394 3295 3639 3356 dicitur:

2003 3380 2053 3441 Ε
2056 3400 2102 3442 a2
2120 3389 2289 3443 utero
2306 3389 2447 3444 ante
2464 3383 2795 3463 luciferum
2813 3388 2994 3461 genui
3014 3384 3232 3455 te";et:
3262 3385 3458 3447 Filius
3479 3402 3646 3447 meus

2001 3477 2279 3551 estu,eg0
2298 3473 2481 3533 hodie
2500 3475 2684 3551 genui
2717 3481 2769 3534 le
2787 3473 2865 3548 88;
2884 3478 3074 3537 utram
3109 3475 3318 3535 harum
3348 3472 3648 3551 signiﬁca-

1998 3558 2223 3619 tionum
2242 3559 2353 3621 hoc
2367 3560 2547 3622 verbo
2567 3561 3135 3626 indicaridicemus?
3155 3563 3646 3643 generantiumne

2001 3647 2274 3713 aﬁectum
2304 3668 2378 3709 an
2411 3658 2638 3711 natura:
2672 3654 3188 3732 conjunctionem?
3209 3652 3327 3732 Ego
3355 3653 3467 3714 hoc
3497 3671 3643 3714 cen-

2000 3755 2128 3811 seo;
2162 3745 2221 3797 et
2248 3756 2323 3799 ne
2354 3739 2462 3799 hos
2494 3739 2760 3821 quidem,
2814 3741 2929 3802 nisi
2978 3743 3040 3802 in
3093 3742 3469 3803 manifestum
3503 3750 3645 3803 atrae

1999 3824 2137 3887 bilis
2167 3826 2435 3888 morbum
2470 3826 2845 3906 incidissent,
2875 3830 3340 3892 contradictores
3379 3849 3640 3910 unquam

1998 3914 2181 3976 fuisse
2212 3916 2776 3991 arbitror.Quare,si
2807 3918 3082 3981 convenit
3104 3919 3225 3980 Deo
3251 3920 3376 3981 haec
3395 3936 3642 3991 vox,cur

1999 4004 2157 4066 sicut
2188 4004 2445 4066 alienam
2477 4006 2761 4085 spernis?
2791 4006 2894 4069 Sin
2927 4016 3122 4069 autem
3180 4026 3248 4069 ex
3299 4006 3641 4069 hominibus

1997 4093 2275 4155 translata
2304 4104 2415 4172 est,
2464 4113 2608 4156 sano
2641 4094 2972 4175 significatu
3005 4097 3261 4172 delecto,
3298 4096 3430 4173 fuge
3467 4096 3639 4158 dete-

1996 4182 2394 4245 riorem.Nam
2430 4184 2692 4264 profecto
2719 4186 2774 4246 in
2800 4185 3061 4246 dictione
3086 4203 3216 4266 qua)
3246 4184 3426 4246 multa
3454 4186 3636 4263 signi-

270 4296 424 4349 μενο,
505 4277 631 4353 φύγε
691 4278 750 4330 τὸ
803 4289 991 4355 χεῖρον
1038 4282 1143 4331 τῶν
1174 4273 1533 4350 δηλουμένων,
1572 4276 1791 4341 ’Ἔξεστι
1817 4278 1915 4355 γὰρ

2008 4271 2160 4349 ﬁcat,
2206 4291 2340 4332 cum
2386 4274 2457 4333 ad
2497 4282 2716 4334 rectam
2754 4277 3053 4335 notionem
3087 4292 3191 4354 per
3220 4276 3408 4354 ipsam
3438 4292 3635 4335 vocem

269 4362 438 4433 δήπου
465 4367 519 4420 ἒν
552 4364 848 4437 πολυσήμῳ
902 4372 971 4440 τῇ
1035 4365 1194 4437 λέξει,
1237 4367 1366 4442 πρὸς
1398 4366 1494 4433 τὴν
1526 4366 1681 4440 ὀρθὴν
1712 4364 1914 4423 ἔννοιαν

270 4452 598 4532 ὁδηγηθέντα
630 4453 713 4510 διὰ
742 4465 834 4513 τοῦ
864 4455 1125 4533 ῥήματος,

267 4545 365 4609 τῆς
423 4544 702 4623 ἐμφάσεως
762 4541 1075 4616 ὑπερϐῆναι.
1133 4544 1230 4601 Καὶ
1290 4546 1365 4618 μή
1410 4567 1497 4618 μοι
1558 4543 1702 4622 λὲγε,
1742 4546 1828 4611 Τίς
1859 4544 1911 4599 δὲ

343 4702 410 4752 8⁷
440 4703 595 4765 Psal.
632 4719 748 4773 cu.
787 4702 846 4766 3.
933 4702 1177 4769 88Psal.
1215 4721 1277 4777 ιι,
1310 4705 1369 4766 7.

1157 4457 1217 4509 τὸ
1246 4457 1494 4511 ταπεινὸν
1553 4456 1640 4511 καὶ
1688 4457 1911 4535 αἰσχρὸν

350 4862 483 4944 (84)
516 4863 669 4926 Editi
698 4865 839 4919 εἶναι
872 4862 1154 4924 δεικνύναι.
1188 4863 1435 4925 Veteres
1477 4863 1743 4944 quinque
1774 4864 1912 4926 libri

271 4946 430 5024 οὖσαν
462 4943 740 5024 δεικνύναι.
794 4947 925 5005 Mox
963 4962 1103 5007 mss.
1139 4944 1404 5006 nonnulli
1453 4943 1764 5024 φιλονεικεῖ.

356 5022 478 5102 (85)
515 5022 689 5096 Illud,
724 5024 1052 5104 ἀφαιρεῖται,
1097 5024 1168 5085 ad
1215 5022 1475 5085 verbum
1517 5025 1910 5103 interpretans

271 5101 717 5184 Trapezuntius,
744 5103 829 5164 sic
852 5105 1021 5167 vertit
1040 5101 1060 5166 ⁷;
1086 5107 1359 5184 genitum
1381 5123 1503 5166 esse
1533 5123 1569 5165 α
1600 5101 1911 5182 genimz'nc

270 5191 553 5265 removet.
583 5182 705 5244 Hoc
723 5192 841 5265 est,
865 5193 1044 5265 negat
1075 5182 1215 5262 fieri
1236 5186 1598 5263 potuisse,ut
1624 5187 1912 5262 genitura

270 5265 476 5341 genita
502 5263 802 5340 fueritEo
824 5263 1054 5341 spectat
1074 5274 1197 5325 tota
1222 5265 1419 5327 Basilii
1446 5264 1913 5337 ratiocinatio,ut

273 5284 476 5341 genua
502 5284 802 5340 [αρν-ιι.ωο
824 5284 851 5325 ε
898 5284 1054 5326 εοιδι
1074 5284 1197 5325 tom
1223 5284 1419 5327 basmi
1446 5284 1909 5337 rauoc1nauo,ut

273 5343 482 5425 probet
504 5350 831 5425 pugnantia
857 5284 1015 5425 foqui
1046 5344 1429 5407 Eunomium.
1466 5343 1537 5404 Et
1568 5362 1708 5405 vero
1734 5347 1909 5425 proﬁ-

272 5424 378 5484 teri
409 5424 621 5485 Filium
655 5424 981 5501 genituram
1013 5444 1172 5500 es.~e,
1210 5434 1266 5485 et
1301 5434 1494 5485 tamen
1537 5424 1754 5500 negare
1806 5425 1905 5486 Fi-

270 5503 409 5564 lium
445 5505 717 5595 genitum
758 5506 963 5579 fuisse,
1024 5504 1162 5584 quid
1221 5514 1332 5577 est,
1385 5505 1755 5595 quaeso,_nisi
1790 5526 1902 5585 pu-

269 5584 505 5662 gnantia
561 5584 741 5665 loqui,
778 5594 835 5646 et
858 5604 1060 5646 secum
1098 5603 1221 5665 non
1242 5584 1623 5645 consentire?

354 5664 474 5742 (86)
506 5666 700 5727 Codex
753 5683 902 5724 unus
954 5674 1011 5725 et
1042 5664 1178 5725 editi
1209 5664 1268 5720 ἐκ
1298 5673 1595 5744 μεταφορᾶς
1641 5668 1898 5742 εἰρῆσθαι.

267 5743 494 5827 Reliqui
528 5763 630 5807 sex
662 5763 802 5809 mss.
837 5745 1103 5825 λέγεσθαι.
1135 5746 1269 5808 Mox
1300 5743 1515 5825 legitur
1548 5744 1609 5807 in
1660 5745 1904 5825 vulgatis

2000 4360 2293 4422 deductus
2325 4361 2531 4433 fueris,
2565 4362 2703 4423 licet
2734 4363 3023 4424 humilem
3054 4363 3639 4443 turpemqueintelli-

1997 4452 2252 4529 gentiam
2280 4453 2602 4531 praeterire.
2635 4450 2756 4514 Nec
2788 4452 2933 4514 mibi
2964 4453 3129 4515 dicas
3157 4473 3169 4514 :
3207 4452 3348 4525 Quae
3378 4469 3515 4513 vero
3549 4464 3639 4513 est

1996 4541 2324 4621 generatio,
2360 4549 2417 4601 et
2440 4541 2650 4621 qualis,
2685 4551 2741 4603 et
2772 4542 3070 4622 quomodo
3103 4542 3233 4604 ﬁeri
3267 4541 3479 4621 potuit?
3506 4542 3636 4604 Non

1996 4867 2039 4920 εἰ
2087 4864 2259 4918 τοίνυν
2295 4882 2307 4922 :
2343 4860 2463 4943 sed!
2494 4879 2605 4943 pro
2639 4866 2681 4919 εἰ
2739 4868 2906 4923 τοίνυν
2968 4862 3253 4943 scriptum
3309 4862 3367 4923 in
3418 4862 3639 4924 nostris

1995 4952 2227 5022 septem
2257 4940 2562 5022 codicibus
2592 4941 2930 5004 invenimus
2963 4946 3053 5003 ἐὶς
3089 4940 3281 5002 τοίνυν.

2081 5024 2209 5102 (87)
2242 5021 2492 5085 Codices
2548 5022 2773 5103 aliquot
2822 5026 2962 5101 παρά
3012 5032 3102 5079 τοῦ
3144 5025 3474 5095 Πνεύματος.
3509 5024 3635 5084 Vox

1994 5105 2208 5181 αὒτῆς,
2266 5120 2395 5181 quae
2451 5103 2647 5164 statim
2700 5104 2990 5184 sequitur,
3052 5103 3110 5163 in
3168 5103 3431 5184 quinque
3489 5120 3631 5166 mss.

1997 5185 2185 5245 deest.

2074 5263 2198 5343 (88›
2230 5260 2367 5324 Haec
2391 5262 2623 5326 diverse
2652 5264 2713 5325 in
2737 5263 2986 5325 diversis
3018 5261 3633 5341 distinguuntur.Nam

1993 5346 2049 5406 in
2085 5342 2331 5419 vulgatis
2354 5352 2409 5402 et
2445 5346 2498 5404 in
2536 5364 2648 5405 uno
2682 5345 2888 5405 codice
2917 5344 3142 5421 virgula
3174 5342 3361 5423 posita
3411 5352 3500 5406 est
3529 5362 3630 5406 so-

1992 5425 2113 5485 lum
2149 5431 2276 5504 post
2308 5441 2512 5484 vocem
2545 5426 2797 5504 χρήσεως
2837 5447 2848 5483 :
2885 5433 2942 5485 at
2974 5425 3033 5484 in
3060 5424 3257 5503 Regiis
3288 5424 3554 5486 secundo
3574 5432 3632 5504 et

1989 5513 2197 5595 quarto
2229 5502 2454 5595 virgula
2484 5502 2682 5595 statim
2705 5504 3101 5595 postverbuin
3121 5505 3488 5595 ἀπαλείψομεν
3511 5503 3634 5595 θοι·

1986 5581 2238 5647 locatur.
2292 5581 2548 5645 Primem
2582 5581 2985 5663 distinguendi
3042 5585 3337 5647 rationem
3390 5592 3630 5647 secutus

1988 5673 2077 5729 est
2105 5670 2399 5745 interpres
2427 5672 2610 5727 vetus:
2643 5684 2748 5726 nos
2771 5666 3183 5745 posteriorem.

2068 5742 2194 5826 (89)
2224 5743 2473 5808 Veteres
2501 5746 2724 5828 aliquot
2752 5742 2892 5810 libri
2923 5747 3358 5807 ἐναντιώσασθαι.
