3820 6210
1148 381 1216 390 ___
1290 382 1361 389 __
1386 383 1464 392 ,η’
1481 383 1520 392 ,,
1534 384 1639 392 _____.
1657 385 1952 392 ____.__.___._-
1971 388 2008 390 a_
2071 388 2120 391 __..
2141 387 2212 393 υ.--
2245 389 2250 392 .
2265 387 3230 400 ....μ-..--.----.-.-----ν-η-υ-.-ο--.--η--η.-.--
3252 396 3282 401 ...,
3372 401 3376 404 ,

628 424 636 429 ν
845 422 1668 433 m.“—
1683 427 2008 435 __.——__.__._.
2023 427 2362 435 _....—~——_._...
2382 429 3080 440 Α-ῌ-..ψς-...ι-ο--ημφ
3303 433 3310 438 .

657 615 1114 773 VITA
1199 617 1358 774 S.
1465 618 2162 777 BASILII
2255 626 2864 784 MAGNI

1247 881 1764 946 ARCHIEPISCOPI
1801 853 2276 946 CxESARlENSIS
2297 894 2337 946 ε.

230 1269 622 1348 Propositum
653 1265 808 1326 mihi
847 1269 942 1325 est
971 1263 1036 1323 in
1071 1262 1184 1324 hac
1239 1263 1730 1341 pertractatione
1765 1265 1918 1341 quid
1949 1266 2218 1343 gesserit
2269 1274 2330 1328 et
2375 1269 2700 1348 scripserit
2738 1271 2798 1331 S.
2844 1272 3144 1350 Basilius,
3174 1274 3390 1338 obser-

162 1385 291 1440 vato
319 1389 503 1454 quam
548 1367 1030 1434 accuratissime
1064 1370 1286 1444 potero
1331 1370 1688 1444 temporum
1731 1367 1980 1442 ordine,
2017 1385 2358 1448 exponere.
2381 1369 2645 1432 Ordinis
2679 1371 2846 1433 enim
2876 1374 2940 1434 in
2977 1374 3164 1436 rebus
3197 1376 3390 1454 gestis

166 1472 508 1540 enarrandis
540 1475 718 1531 tanta
750 1467 952 1528 virtus
983 1470 1102 1538 est,
1133 1472 1203 1525 ut
1237 1479 1366 1526 non
1420 1465 1626 1526 solum
1660 1463 1922 1528 facilius
1969 1467 2182 1528 animo
2219 1468 2674 1546 percipiantur,
2713 1471 2864 1533 dum
2898 1488 3088 1534 suum
3119 1491 3389 1555 quasque

166 1575 349 1637 locum
378 1571 682 1632 decenter
712 1570 956 1636 tenent,
983 1561 1096 1625 sed
1135 1561 1325 1623 etiam
1361 1561 1924 1640 pretiiplurimum
1972 1565 2225 1628 accedat
2257 1572 2369 1628 aut
2397 1567 2686 1644 decedat,
2724 1577 2910 1647 prout
2949 1581 3093 1650 apte
3127 1590 3390 1636 secusve

163 1677 544 1739 collocantur.
591 1669 910 1733 Permulta
933 1672 1108 1741 sunt,
1143 1681 1426 1744 quorum
1454 1667 1714 1729 consilii
1747 1669 1906 1730 ratio
1945 1670 2200 1747 penitus
2233 1671 2473 1746 latebit,
2513 1673 2567 1735 si
2611 1692 2646 1736 a
2670 1691 2790 1738 suo
2824 1675 3212 1738 divellantur
3236 1684 3393 1739 tem-

159 1794 329 1858 pore;
358 1778 480 1840 alia
519 1775 775 1839 laudem
815 1773 1010 1850 longe
1060 1770 1423 1846 exiliorem,
1461 1771 1769 1834 nonnulla
1823 1774 2012 1837 etiam
2051 1774 2476 1846 difﬁciliorem
2519 1778 2845 1842 habebunt
2881 1783 3390 1846 excusationem.

155 1879 308 1953 Quin
339 1879 526 1941 etiam
560 1883 730 1937 recte
761 1873 922 1936 facta
954 1872 1083 1934 vim
1111 1876 1174 1933 et
1214 1875 1509 1933 naturam
1559 1871 1884 1947 amittunt,
1919 1889 1989 1935 ac
2029 1873 2296 1936 virtutes
2344 1891 2807 1957 nonnunquam
2847 1877 3277 1954 invertuntnr,
3338 1881 3390 1940 si

157 1978 289 2058 quis
318 1982 584 2040 eventus
620 1975 761 2038 loco
797 1991 922 2038 non
957 1988 1079 2035 suo
1117 1977 1436 2065 narretur.
1469 1970 1758 2034 Charitas
1785 1972 2048 2049 Basilii,
2080 1975 2195 2054 qui
2235 1975 2687 2052 patrimonium
2723 1983 2784 2041 et
2833 1979 3021 2040 initio
3061 1979 3396 2042 monastici

156 2082 435 2156 instituti,
473 2088 535 2143 et
563 2081 788 2142 decem
828 2082 973 2158 post
999 2075 1208 2150 annis,
1244 2075 1419 2155 gravi
1452 2081 1719 2154 urgente
1762 2075 1954 2150 fame,
1985 2077 2335 2152 distribuit,
2394 2096 2662 2157 magnus
2699 2097 2840 2144 esse
2887 2098 3103 2143 naevus
3145 2081 3398 2144 videtur

156 2181 213 2241 in
242 2195 460 2242 severo
491 2177 884 2258 paupertatis
915 2173 1316 2253 legislatore,
1353 2189 1633 2252 eumque
1663 2191 1956 2252 arguere,
2007 2179 2179 2256 quod
2214 2194 2342 2241 non
2366 2180 2577 2242 statim
2617 2197 2686 2244 se
2713 2182 3013 2245 omnibus
3045 2183 3238 2246 rebus
3269 2198 3393 2242 nu-

156 2279 396 2340 daverit.
436 2277 559 2340 Sed
595 2277 651 2338 si
687 2283 954 2338 matrem
989 2271 1368 2334 Emmeliam
1403 2280 1729 2350 grassante
1778 2273 1885 2337 illa
1915 2275 2085 2338 fame
2121 2277 2362 2340 obiisse
2391 2279 2886 2354 demonstretur,
2913 2287 3166 2359 accepta
3216 2280 3395 2342 illius

157 2386 337 2440 morte
365 2378 731 2448 hereditas,
766 2383 834 2438 ut
867 2392 1006 2438 mos
1038 2380 1172 2437 erat
1209 2380 1569 2453 temporum
1609 2375 1898 2448 illorum,
1937 2381 2000 2437 et
2036 2377 2247 2442 statim
2277 2378 2344 2440 in
2389 2397 2697 2459 pauperes
2733 2383 2960 2458 effusa,
3027 2389 3390 2460 promptum

154 2479 351 2541 Basilii
377 2477 454 2539 ad
491 2478 711 2540 omnia
743 2474 1136 2554 projicienda
1182 2473 1466 2536 animum
1497 2474 1796 2538 declarat.

222 2586 348 2648 Hoc
375 2602 584 2648 unum
618 2585 698 2645 de
746 2582 966 2644 multis
998 2582 1364 2660 exemplum
1398 2579 1624 2656 affero,
1661 2587 1731 2642 ut
1761 2581 2088 2645 neminem
2124 2583 2438 2647 deterreat
2480 2585 2732 2662 legendi
2765 2593 2826 2647 et
2852 2586 3279 2665 investigandi
3311 2589 3396 2650 la-

157 2689 276 2752 bor.
303 2691 610 2770 Suscepto
641 2688 812 2750 enim
851 2687 1042 2763 hujus
1072 2686 1216 2747 vitae
1253 2685 1612 2749 scribendae
1647 2685 1831 2760 ratio,
1857 2692 2188 2766 prepterea
2212 2689 2388 2766 quod
2417 2687 2484 2748 in
2512 2692 2806 2753 obscuris
2839 2691 3030 2752 rebus
3070 2691 3393 2772 explican-

158 2786 245 2850 dis
288 2805 447 2868 saape
502 2796 824 2857 versatur,
880 2803 1007 2850 non
1039 2791 1208 2847 tanta
1243 2785 1564 2862 voluptate
1599 2784 1663 2844 in
1717 2783 1992 2862 legendo
2043 2785 2299 2859 retinet,
2349 2795 2586 2866 quanta
2621 2788 2818 2850 libera
2848 2794 2909 2850 et
2950 2790 3092 2851 sine
3124 2789 3392 2852 salebris

163 2890 342 2950 fluens
367 2890 679 2952 narratio.
713 2889 853 2949 Non
875 2894 1108 2957 tamen,
1144 2891 1212 2948 ut
1249 2884 1551 2964 equidem
1600 2883 1854 2963 Opinor,
1888 2884 2168 2948 officient
2207 2886 2494 2950 obscura)
2517 2888 2939 2968 difficilesque
2975 2891 3394 2968 qumstiones,

157 2990 216 3053 in
244 2993 466 3073 quibus
494 2993 825 3055 interdum
861 2991 1277 3066 morabimur,
1311 2987 1662 3069 quominus
1693 3005 1992 3067 germana
2022 2989 2238 3051 Basilii
2269 2990 2510 3069 efﬁgies
2541 3000 2684 3055 ante
2715 2995 2938 3056 oculos
2971 2994 3220 3072 depicta
3253 3009 3394 3053 ver-

156 3103 333 3158 setur.
362 3095 730 3174 Unicuique
760 3094 826 3155 in
876 3101 1175 3172 promptu
1232 3091 1353 3155 erit
1387 3089 1624 3152 eximia
1660 3091 1768 3152 illa
1817 3091 2044 3168 pietas,
2092 3098 2184 3152 tot
2239 3100 2480 3155 natura:
2511 3093 2701 3169 dona,
2750 3099 2839 3157 tot
2871 3093 3174 3155 doctrina:
3205 3107 3394 3154 orna-

153 3207 342 3267 menta
369 3201 438 3262 in
470 3199 736 3263 latebris
771 3199 1126 3260 recondens
1159 3215 1174 3254 :
1209 3211 1460 3258 summa
1493 3193 1763 3258 charitas
1789 3212 1870 3258 ne
1898 3195 1963 3257 in
1997 3196 2346 3261 solitudine
2369 3199 2632 3278 quidem
2670 3200 3009 3262 discedens
3042 3197 3119 3259 ab
3143 3213 3393 3276 augen-

152 3302 241 3362 dis
277 3300 581 3364 Ecclesiaa
619 3296 1028 3368 utilitatibus,
1077 3294 1148 3355 in
1183 3292 1539 3356 sacerdotio
1589 3299 1800 3355 autem
1838 3295 2008 3357 inter
2039 3301 2382 3374 perpetuos
2415 3303 2477 3360 et
2511 3313 2735 3376 graves
2791 3299 3049 3362 morbos
3101 3283 3230 3361 non
3277 3298 3390 3360 uni

151 3404 456 3476 Ecclesiae,
482 3403 601 3464 sed
633 3399 924 3480 pluribus
964 3395 1110 3458 aliis
1135 3395 1460 3476 regendis,
1497 3398 1628 3456 imo
1662 3395 2068 3474 paciﬁcandis
2104 3398 2299 3459 totius
2351 3399 2528 3460 orbis
2561 3398 2866 3461 Ecclesiis
2922 3401 3205 3463 intenta:
3243 3417 3384 3461 am-

153 3521 280 3566 mus
307 3504 373 3565 in
402 3499 806 3581 amplissimo
837 3498 1037 3574 gradu
1066 3504 1127 3558 et
1149 3511 1400 3558 summa
1434 3493 1620 3556 fama:
1650 3495 2017 3558 celebritate
2039 3495 2570 3574 demississimus,
2604 3499 2670 3560 in
2700 3499 3105 3563 defendendo
3143 3501 3393 3578 episco-

154 3610 318 3678 patus
345 3600 494 3679 jure
545 3611 814 3674 magnus
845 3602 908 3657 et
937 3592 1263 3665 sublimis,
1311 3592 1382 3652 in
1415 3591 1698 3654 colendis
1731 3593 2032 3655 amicitiis
2065 3595 2242 3656 omni
2278 3595 2674 3662 humanitate
2701 3600 3048 3681 expolitus,
3079 3601 3282 3664 facilis
3308 3603 3386 3664 ad

152 3701 578 3780 deponendam
607 3695 1065 3768 offensionem,
1109 3709 1492 3772 semperque
1517 3693 1591 3752 ad
1627 3693 1969 3771 placandos
2003 3693 2299 3758 homines
2339 3714 2471 3760 non
2519 3699 2762 3764 amicos
2793 3703 3282 3779 paratissimus:
3317 3705 3385 3766 in

152 3800 404 3878 prepriis
436 3794 854 3860 contumeliis
911 3810 1162 3857 summa
1200 3794 1428 3856 lenitas
1477 3798 1538 3855 et
1587 3795 2038 3868 mansuetudo,
2091 3795 2443 3860 teterrimas
2475 3799 2826 3863 calumnias
2877 3808 2939 3864 et
2993 3821 3247 3883 sparsos
3281 3823 3392 3882 per

152 3906 336 3962 totum
366 3901 590 3961 orbem
641 3895 922 3958 famosos
957 3892 1213 3958 libellos
1263 3891 1526 3956 silentio
1574 3910 1682 3971 per
1736 3900 1864 3957 tres
1904 3911 2108 3959 annos
2144 3897 2473 3975 perferens
2509 3921 2524 3960 :
2578 3900 2649 3962 in
2693 3899 3116 3967 defendendis
3173 3911 3386 3968 autem

153 4003 364 4064 Christi
398 4001 664 4082 injuriis
692 3999 892 4063 animi
923 3997 1230 4062 fortitudo
1283 4003 1342 4061 et
1377 3998 1756 4072 constantia,
1787 4001 1996 4078 :quam
2030 4017 2161 4063 non
2207 4002 2442 4076 exsilii,
2477 4019 2610 4066 non
2655 4004 2878 4068 mortis
2912 4007 3216 4085 pericula,
3252 4023 3380 4069 non

154 4107 330 4170 ullius
365 4106 702 4187 potestatis
734 4110 943 4167 metus
975 4121 1008 4167 a
1041 4103 1311 4167 veritate
1345 4102 1548 4183 palam
1584 4108 1644 4166 et
1671 4112 1889 4182 aperte
1922 4107 2324 4185 praedicanda
2357 4109 2828 4173 deterruerunt.

650 4428 880 4486 CAPUT
907 4426 1198 4484 PRIMUM.
1745 4431 1792 4487 A
1820 4426 1964 4480 velut
1990 4441 2056 4480 ex
2092 4427 2392 4494 composito
2440 4427 2694 4482 coivisse.
2740 4425 2856 4496 Ipse
2886 4427 3114 4483 Basilius
3139 4442 3245 4482 non
3277 4431 3378 4484 oh-

211 4535 249 4592 I.
275 4537 332 4594 S.
354 4539 584 4594 Basilius
599 4539 865 4594 Cazsareaz‘
879 4539 1132 4593 nascitur.
1159 4536 1225 4594 Il.
1258 4537 1415 4606 quue
1440 4537 1579 4589 circa
1603 4553 1699 4588 an-
1816 4532 1974 4572 ³ουΓο
2023 4517 2258 4572 dec'ara‘
2287 4528 2467 4571 "3mm
2500 4532 2558 4572 se
2589 4533 2710 4572 esse
2760 4516 3024 4574 03333793
3056 4519 3110 4573 Ῐη
3166 4519 3377 4575 homi'ia

207 4625 322 4661 nam
367 4610 499 4680 329.7
529 4609 617 4663 Ill.
648 4611 721 4680 De
742 4609 905 4680 illius,
935 4610 1069 4680 avis.
1103 4607 1191 4680 IV.
1222 4607 1295 4680 De
1332 4605 1476 4680 patre
1499 4605 1700 4680 Basilio
1813 4609 1867 4661 in
1900 4605 2154 4661 Gordium
2182 4619 2486 4679 martyrem,
2527 4624 2582 4661 n.
2626 4607 2680 4662 2.
2713 4607 2956 4664 Patriam
3005 4625 3158 4666 suam
3194 4610 3248 4664 in
3273 4614 3374 4680 epi-

205 4677 1330 4769 ει-ξῇιξξνςξιγξξτξςζίιξτ,Υιβραξξέξξξηιίιξ,αυρτίξ
1363 4675 1696 4769 Μβξξίξίξίξίξ
1815 4698 1966 4753 stolis
1998 4697 2065 4751 76
2117 4708 2172 4753 et
2207 4697 2277 4753 96
2309 4675 2540 4767 appellat
2585 4699 3002 4769 Cappadociam.
3045 4699 3152 4755 Sed
3202 4675 3379 4755 tamen

207 4751 384 4802 deinde
414 4750 510 4801 sub
540 4758 689 4815 patre
708 4748 924 4816 puerilis
958 4748 1234 4801 institutio.
1264 4745 1356 4799 VI.
1400 4743 1696 4798 Caesaream
1815 4743 1966 4842 LW.“
2006 4743 2062 4751 ’⁷
2120 4743 2274 4801 ἶ’.”
2309 4743 2567 4806 ”⁸Ὕ“”’“’.
2589 4743 2764 4803 νῖννῖ

207 4817 565 4842 μημληημ
602 4820 830 4842 __-..:.--_
874 4818 936 4842 ,λ
981 4817 1151 4842 -....ι;-
1192 4817 1479 4842 η..-..,.......
1542 4815 1699 4842 μη...
1855 4804 1972 4842 utus
2004 4804 2237 4842 nommts
2263 4790 2520 4842 honorem
2554 4805 2655 4842 IDSI
2695 4801 2764 4842 et:

1816 4790 1972 4856 hujus
2004 4790 2237 4842 nominis
2263 4790 2520 4845 honorem
2554 4791 2655 4858 ipsi
2695 4791 2859 4844 etiam
2896 4790 3069 4847 Ponto
3095 4791 3288 4847 defert.
3311 4792 3379 4844 Il—

208 4877 374 4940 miiltis
395 4889 661 4942 rationum
690 4889 960 4941 momentis
981 4887 1252 4954 probatur.
1493 4877 1499 4880 ⁷
1612 4877 1622 4882 ⁷
1813 4878 1917 4933 lius
1945 4888 2096 4947 pater
2138 4877 2391 4943 Basilius,
2427 4880 2534 4935 etsi
2584 4895 2725 4950 saepe
2777 4881 2829 4934 in
2863 4880 3260 4952 Cappadociam
3290 4897 3380 4938 se-

214 4975 252 5029 l.
277 4976 530 5031 Sanctum
552 4977 805 5030 Basilium
823 4976 1082 5031 Caesarea;
1103 4975 1156 5028 in
1172 4974 1510 5043 Cappadocia
1527 4983 1709 5027 natmn
1811 4970 2011 5038 niebat,
2051 4972 2375 5041 pracipuum
2403 4980 2581 5027 tamen
2620 4973 2671 5026 in
2706 4972 2876 5028 Ponto
2905 4973 3231 5029 domicilium
3261 4975 3375 5030 col—

149 5076 256 5119 esse
289 5067 547 5120 discimus
573 5070 806 5120 maxime
829 5082 897 5120 ex
924 5065 1187 5135 Gregorio
1216 5063 1590 5128 Nazianzeno,
1612 5063 1709 5132 qui
1811 5061 2114 5129 locaverat;
2138 5064 2400 5132 siquidem
2427 5064 2670 5120 Macrina
2701 5064 2939 5119 moriens
2970 5065 3045 5120 ait
3076 5067 3216 5136 apud
3240 5066 3376 5122 Gre-

149 5169 256 5208 eum
285 5157 599 5212 nominatim
631 5157 706 5228 (a)
739 5157 1105 5226 Cappadocem
1156 5156 1415 5226 appellat,
1454 5169 1622 5225 seque
1651 5163 1708 5209 et
1812 5155 2021 5225 gorium
2051 5153 2354 5224 Nyssenum
2398 5154 2469 5224 (ε)
2501 5156 2670 5223 patris
2701 5156 2782 5209 sui
2824 5154 3026 5209 famam
3054 5165 3209 5210 extra
3241 5155 3379 5211 Pon-

149 5243 384 5299 Basilium
424 5248 555 5301 dicit
578 5245 674 5319 (ὁ),
702 5262 824 5300 cum
847 5261 915 5301 ex
953 5248 1138 5301 eadem
1165 5247 1337 5315 patria
1365 5247 1418 5301 in
1465 5247 1708 5300 diversas
1813 5255 1927 5300 tum
1945 5244 2190 5300 diffusam
2217 5261 2324 5300 non
2357 5244 2542 5308 fuisse,
2570 5245 2807 5314 satisque
2834 5245 2908 5300 illi
2938 5245 3106 5300 fuisse
3127 5246 3179 5300 in
3206 5247 3378 5315 patria

151 5334 379 5402 regiones
427 5339 668 5394 discendi
700 5355 862 5394 causa
909 5339 1196 5404 abiissent,
1233 5354 1431 5394 rursus
1471 5338 1706 5393 Athenis
1813 5335 1978 5390 decus
2031 5335 2263 5403 assequi.
2332 5334 2512 5388 Basilii
2582 5334 2748 5389 frater
2803 5335 3095 5404 Gregorius
3145 5337 3374 5405 patriam

213 5512 284 5583 (α)
314 5513 443 5570 Naz.
471 5531 560 5587 ep.
592 5515 644 5571 6.
1189 5520 1263 5590 (ὁ)
1293 5517 1493 5573 omo.
1885 5517 1956 5589 (ε)
1993 5516 2099 5570 Vit.
2125 5515 2183 5570 s.
2217 5515 2412 5580 Macn,
2437 5516 2555 5572 192.

158 5651 652 5779 m;aA;<;t:st-;gqmno
674 5656 942 5707 Prudentiu
967 5657 1178 5719 larano,
1203 5661 1306 5720 qui,
1333 5660 1528 5708 Juliano
1551 5658 1786 5710 Garnerio
1805 5658 1902 5720 jam
1927 5671 2051 5708 anno
2075 5657 2219 5719 17225,
2232 5657 2523 5717 die5Junii,
2544 5656 2791 5720 defuncto,
2817 5657 3050 5708 editionis
3071 5656 3376 5706 absolvenda)

445 5803 713 5865 Ρηιιοι..
761 5803 880 5863 Gn.
929 5803 1164 5863 XXIX.

3003 5822 3036 5860 a
