3820 6210
500 368 551 408 vt
1848 314 2385 407 PBOLEGGMENA.

499 475 741 546 agnoscit
782 448 1039 540 Pontum,
1088 474 1214 530 ibid.
1248 487 1301 543 p.
1350 474 1473 531 182.
1507 474 1701 529 Narrat
1728 475 1956 530 Basilius
1997 476 2049 530 in
2084 482 2130 538 Α
2162 476 2445 545 aliquanto
2476 474 2577 528 fuit
2605 473 2867 544 Gregorio
2904 472 3252 528 Nazianzeno
3299 470 3393 543 (c),
3420 468 3511 538 qui
3537 480 3661 523 cum
3696 466 3749 519 in

498 567 656 635 epist.
684 566 743 620 51
779 580 838 621 se
865 580 985 621 cum
1023 565 1203 621 multis
1236 567 1289 621 in
1334 566 1509 636 patria
1546 565 1711 619 Deum
1744 567 2061 623 timentibus

497 656 855 712 insolabiliter
886 656 1154 721 doluisse,
1207 656 1346 726 quod
1388 656 1613 712 Dianius
1643 656 1884 711 formulae
1916 657 2060 712 Con-

496 747 840 818 stantinopoli
869 747 1045 803 allatae
1067 748 1508 818 subscripsisset:
1539 752 1767 817 patriam
1789 748 2062 817 appellans

497 838 649 895 Ponti
677 840 1015 896 solitudinem
1047 840 1098 894 in
1131 855 1236 910 qua
1265 849 1393 895 tunc
1426 840 1792 896 delitescebat.
1823 840 2063 909 Cumque

497 930 783 1001 aliquando
835 946 956 987 sese
1006 945 1070 986 ex
1126 931 1231 986 hac
1282 930 1571 987 solitudine
1623 933 1688 985 ad
1742 931 2060 1001 Gregorium

492 1021 893 1076 Nazianzenum
946 1002 1261 1076 contulisset
1308 1030 1363 1076 et
1395 1024 1531 1091 apud
1586 1038 1708 1076 eum
1740 1032 2062 1087 moraretur,

497 1110 579 1165 sui
616 1110 764 1164 illum
815 1109 1014 1165 fratres
1061 1111 1344 1165 amicitiam
1396 1122 1443 1165 et
1469 1113 1693 1181 patriam
1750 1128 2060 1167 commemo-

495 1213 668 1258 rantes
698 1202 795 1273 (a),
822 1203 985 1257 veluti
1015 1202 1301 1273 profugum
1344 1206 1628 1273 quemdam
1676 1218 1934 1260 revocare
1967 1220 2060 1260 co-

500 1296 611 1350 nati
641 1304 785 1350 sunt.
819 1294 1171 1364 Praepositum
1194 1296 1477 1363 quemdam
1511 1310 1769 1364 pagorum
1805 1295 1859 1350 in
1892 1294 2061 1351 Ponto

399 1454 415 1472 ί
493 1386 727 1457 appellat
759 1387 948 1456 patria:
972 1386 1339 1456 przepositum,
1369 1387 1421 1441 in
1451 1388 1611 1455 epist.
1638 1387 1726 1442 87.

560 1476 693 1531 Haec
729 1477 1032 1532 testimonia
1070 1477 1120 1530 in
1164 1478 1393 1545 speciem
1426 1478 1716 1548 pugnantia
1745 1479 1789 1533 si
1839 1479 1979 1533 inter
2004 1492 2063 1534 se
2106 1504 2111 1507 >

496 1568 862 1632 conferantur,
922 1568 1039 1637 plus
1093 1569 1343 1638 equidem
1409 1566 1668 1638 Gregorio
1721 1566 2060 1623 Nazianzeno

500 1661 754 1725 tribuam,
801 1660 893 1729 qui
933 1658 1192 1713 Basiliam
1227 1658 1595 1728 Cappadocem
1627 1657 1879 1727 appellat,
1911 1667 2061 1713 ante-

496 1766 657 1820 quam
682 1749 786 1804 ulla
811 1750 859 1805 ei
878 1750 1219 1805 necessitudo
1243 1763 1363 1803 cum
1388 1748 1725 1817 Cappadocia
1758 1749 2059 1804 intercede-

2167 567 2337 622 lucem
2370 576 2525 637 patre
2545 565 2799 636 episcopo
2829 565 3005 621 editus
3028 565 3121 630 sit,
3151 564 3312 619 citius
3341 560 3489 616 nasci
3519 574 3625 613 non
3654 571 3751 625 po-

2168 657 2268 711 tuit
2295 673 2435 713 anno
2461 656 2586 721 528,
2611 670 2719 724 quo
2749 655 2917 725 ipsius
2942 664 3097 724 pater
3119 655 3401 709 ordinatus
3433 657 3535 714 est,
3560 656 3750 716 ulpote

2165 760 2405 805 mortuus
2432 765 2573 804 anno
2602 748 2707 803 575
2733 759 2964 803 exeunte
3000 756 3092 801 aut
3124 748 3343 800 ineunte
3372 742 3498 807 574,
3541 738 3745 794 emeri—

2166 842 2231 896 tis
2254 840 2306 894 in
2345 841 2655 909 episcopatu
2704 838 3066 907 quadraginta
3120 836 3362 906 quinque
3393 831 3572 885 annis.
3622 825 3744 883 lam

2162 948 2290 989 vero
2335 932 2657 1003 Gregorium
2713 934 2765 985 in
2811 931 3125 1001 episcopatu
3165 928 3335 997 patris
3369 935 3553 979 natum
3601 935 3741 983 esse,

2161 1026 2260 1081 etsi
2287 1026 2482 1079 mirum
2518 1024 2570 1078 id
2602 1033 2657 1077 et
2681 1038 2899 1089 prorsus
2927 1022 3206 1077 insolitum
3232 1019 3463 1083 videtur,
3495 1031 3595 1069 nec
3620 1030 3743 1069 cum

2165 1118 2373 1187 legibus
2409 1115 2801 1171 ecclesiasticis
2834 1115 2989 1169 valde
3020 1126 3338 1175 consonum,
3373 1110 3521 1164 clare
3562 1115 3744 1161 tamen

2161 1208 2485 1278 Perspicitur
2512 1222 2580 1261 ex
2617 1207 2700 1262 his
2726 1206 2973 1277 Gregorii
3001 1205 3067 1260 ad
3098 1204 3266 1259 filium
3288 1201 3481 1257 verbis
3506 1200 3585 1268 (ti)
3622 1214 3637 1250 :

2302 1320 2466 1374 Οὔπω
2486 1320 2734 1374 τοσοῦτον
2763 1319 3181 1390 ὲκμεμέτρηκας
3206 1316 3338 1385 βίον,

2313 1394 2474 1454 Ὄσος
2499 1390 2680 1462 διῆλθε
2706 1388 3048 1459 Θυσιῶνὲμόι
3082 1388 3289 1459 χρόνος.

2322 1482 2570 1537 Nondum
2602 1492 2672 1536 tot
2705 1498 2870 1535 annos
2901 1483 3004 1535 vita
3030 1480 3285 1549 percurrit
3310 1486 3426 1549 tua,

2308 1553 2444 1620 Quot
2468 1555 2538 1606 nti
2573 1555 2627 1605 in
2654 1552 2817 1606 sacris
2846 1560 2965 1605 sunt
2973 1546 3091 1621 jam
3121 1548 3316 1618 peracti
3344 1546 3583 1601 victimis.

2158 1663 2383 1719 Frustra
2438 1661 2679 1733 Gregorii
2707 1670 2857 1717 ortus
2880 1662 2946 1717 ad
2976 1662 3178 1731 primos
3203 1660 3544 1729 episcopatus
3595 1668 3749 1708 men-

2166 1770 2255 1812 ses
2303 1754 2598 1812 referatur.
2637 1753 2716 1810 Ne
2758 1754 2838 1810 sic
2874 1755 3092 1825 quidem
3133 1751 3417 1808 difﬁcultas
3443 1748 3745 1807 minuetur,

498 1853 602 1907 ret.
633 1850 829 1912 praeter
862 1855 979 1895 eam
1010 1855 1171 1910 quam
1202 1850 1393 1895 natura
1422 1840 1770 1895 conﬂaverat.
1815 1839 2063 1895 Nondum
2097 1826 2140 1881 Β
2166 1863 2287 1903 cum
2312 1847 2609 1904 Caesarium
2646 1847 2865 1902 fratrem
2887 1845 3187 1917 Gregorius
3214 1844 3460 1899 habuerit
3482 1850 3611 1895 natu
3644 1840 3749 1893 mi-

492 1934 637 1989 enim
668 1934 950 2003 episcopus
974 1942 1094 1987 erat
1124 1941 1217 1986 aut
1243 1933 1547 2003 presbyter.
1582 1930 1803 1987 Litteris
1844 1932 2062 2001 quidem

482 2026 754 2082 Caesareae
780 2038 1000 2094 operam
1034 2023 1288 2091 dederat;
1316 2024 1411 2079 sed
1442 2024 1495 2079 id
1520 2022 1654 2078 tanti
1682 2018 1789 2079 non
1814 2034 1951 2091 erat,
1970 2038 2067 2079 cur

494 2113 783 2184 Cappadox
812 2114 1115 2169 diceretur:
1150 2113 1270 2168 alim
1295 2114 1439 2168 enim
1474 2113 1640 2169 urbes
1666 2114 1779 2183 pari
1814 2113 1935 2183 jure
1964 2111 2064 2166 Ba-

494 2207 672 2261 silium
703 2206 804 2260 sibi
838 2205 1223 2259 vindicassent.
1253 2204 1411 2258 Aliud
1443 2218 1571 2272 ergo
1615 2219 1792 2260 causa:
1825 2220 1932 2259 non
1984 2205 2064 2259 vi-

492 2296 651 2349 detur
690 2295 960 2350 exstitisse
998 2308 1094 2348 cur
1122 2292 1411 2364 Cappadox
1452 2292 1746 2359 diceretur,
1786 2293 1887 2349 nisi
1922 2294 2064 2364 quod

493 2386 754 2440 Caesareae
783 2385 836 2437 in
874 2384 1045 2438 lucem
1076 2383 1255 2438 editus
1294 2382 1488 2438 fuerat.
1516 2384 1586 2437 At
1614 2382 1823 2439 facilius
1846 2393 1928 2440 est
1967 2398 2062 2438 ex-

492 2470 695 2540 plicare
714 2486 812 2526 cur
834 2469 1064 2526 Pontum
1085 2471 1310 2539 patriam
1336 2471 1565 2541 appellet
1594 2471 1842 2537 Basilius,
1876 2487 2064 2542 quam-

480 2561 578 2616 rvis
599 2571 761 2615 natus
782 2560 835 2615 in
874 2561 977 2616 hac
1006 2561 1225 2631 regione
1251 2576 1357 2617 non
1384 2560 1595 2619 fuisset.
1624 2561 1752 2618 Haec
1788 2563 1933 2617 enim
1966 2578 2066 2633 pa-

496 2653 599 2710 tria
624 2653 866 2721 parentis
892 2662 949 2708 et
989 2668 1212 2710 avorum
1244 2672 1258 2710 :
1299 2654 1373 2709 ibi
1420 2667 1571 2725 pater
1599 2655 1931 2711 domicilium
1962 2657 2061 2711 ha-

501 2748 697 2802 buerat
729 2764 741 2800 :
779 2745 849 2801 ibi
875 2746 987 2802 nati
1029 2746 1244 2803 fuerant
1270 2746 1453 2802 Basilii
1481 2746 1724 2803 fratres:
1773 2749 1844 2804 ibi
1872 2750 2065 2804 nutrici

496 2836 720 2890 traditus
739 2836 998 2893 alendus:
1029 2838 1101 2892 ibi
1136 2839 1309 2909 prima
1343 2838 1487 2894 illius
1519 2848 1571 2895 et
1594 2840 1807 2906 pietatis
1842 2849 1896 2894 et
1923 2841 2068 2897 litte-

488 2944 680 2985 rarum
724 2930 974 2986 tirocinia
1010 2946 1023 2982 :
1065 2931 1139 2985 ibi
1184 2930 1380 2986 dilecta
1428 2932 1684 2999 solitudo,
1712 2933 1767 2987 in
1795 2946 1957 3002 quam
2008 2948 2068 2989 se

495 3021 926 3093 receperat."l‘ot
952 3038 1077 3094 ergo
1100 3023 1408 3079 nominibus
1437 3024 1562 3078 huic
1594 3024 1713 3080 loco
1746 3024 2064 3091 obstrictus,

494 3131 600 3171 non
630 3116 900 3171 immerito
930 3115 1079 3170 illum
1106 3115 1281 3170 instar
1303 3115 1490 3184 patriae
1526 3115 1779 3170 habebat.
1812 3114 1903 3170 Sic
1928 3114 2063 3171 Gre-

496 3206 679 3276 gorius
707 3205 982 3278 Nyssenus
1016 3206 1217 3271 locum,
1269 3181 1322 3260 in
1375 3219 1480 3275 quo
1514 3205 1871 3277 quadraginta
1914 3181 2134 3260 mar»C

496 3311 642 3375 tyres
688 3304 832 3373 passi
878 3303 1111 3368 fuerant,
1153 3302 1380 3373 patriam
1416 3316 1567 3357 suam
1591 3315 1713 3357 esse
1737 3301 1887 3369 dicit,
1940 3301 2063 3371 quia

493 3402 706 3463 patrum
739 3409 959 3449 suorum
1005 3393 1181 3462 patria
1207 3399 1508 3458 erat,tom.
1540 3390 1630 3458 Ill,
1664 3408 1719 3462 p.
1750 3391 1876 3447 500.
1919 3392 2064 3447 Idem

496 3487 549 3539 in
573 3485 814 3540 oratione
843 3485 896 3539 in
918 3485 976 3541 S.
1008 3484 1359 3551 Theodorum,
1388 3501 1441 3555 p.
1464 3484 1587 3550 585,
1614 3486 1899 3540 Amaseam
1924 3483 2066 3539 illius

494 3575 720 3646 patriam
739 3586 914 3641 vocat,
933 3576 1077 3645 quia,
1100 3576 1367 3646 martyris,
1388 3576 1581 3646 inquit,
1611 3578 1788 3645 patria
1818 3577 1962 3631 locus
1987 3585 2065 3630 est

508 3668 787 3736 passionis.
813 3667 950 3734 Quin
979 3669 1142 3724 etiam
1166 3669 1280 3738 ipse
1300 3669 1529 3724 Basilius
1559 3669 1867 3725 Armeniam
1885 3668 2067 3738 appel-

497 3758 573 3813 lat
606 3760 832 3828 patriam
871 3759 922 3814 in
957 3761 1114 3830 epist.
1155 3760 1281 3829 225,
1313 3777 1369 3816 η.
1404 3762 1457 3828 5,
1491 3762 1577 3817 ubi
1615 3763 1691 3816 ait
1721 3777 1782 3817 se
1803 3778 1868 3818 ex
1901 3762 2066 3816 variis

494 3851 1015 3923 peregrinationibus
1079 3854 1392 3910 redeuntem
1449 3854 1723 3910 invenisse
1782 3854 1839 3909 in
1895 3853 2067 3923 patria

496 3944 802 4010 nonnullos,
849 3945 938 4015 qui
994 3945 1157 4000 vitam
1217 3946 1566 4000 monasticam
1621 3943 2062 4014 profitebantur:

492 4037 689 4107 quibus
713 4036 889 4092 verbis
915 4036 1263 4091 Eustathium
1295 4036 1650 4092 Sebastenum
1674 4035 1941 4105 designat.
1970 4034 2067 4087 Mi-

490 4144 613 4183 rum
642 4139 821 4183 autem
854 4143 958 4183 non
988 4137 1072 4183 est
1101 4128 1357 4184 Basilium
1398 4128 1658 4184 Caesarea:
1688 4136 1874 4183 natum
1922 4141 2062 4195 esse,

489 4222 739 4291 quamvis
780 4222 947 4290 ipsius
978 4232 1127 4291 pater
1153 4219 1416 4290 praecipue
1451 4219 1505 4273 in
1527 4217 1702 4274 Ponto
1731 4218 2066 4273 domicilium

495 4319 759 4375 habuerit.
780 4314 981 4385 Ampiae
998 4315 1144 4368 enim
1178 4310 1571 4382 possessiones,
1602 4324 1739 4379 quas
1768 4310 1823 4363 in
1857 4309 2067 4379 Cappa-

497 4411 647 4465 docia
677 4409 927 4473 habebat,
973 4421 1115 4476 saepe
1147 4405 1304 4460 illum
1352 4402 1654 4459 Caesaream
1704 4410 1981 4456 traxerunt
2012 4408 2065 4455 et

497 4502 584 4565 diu
616 4502 668 4555 in
694 4502 795 4554 hac
826 4501 959 4554 urbe
1001 4497 1377 4562 detinuerunt,
1421 4497 1556 4551 adeo
1586 4503 1645 4548 ut
1682 4492 1825 4547 illius
1855 4502 1911 4548 et
1938 4491 2062 4546 Em-

496 4592 669 4647 meliaz
697 4590 950 4660 praeclare
1007 4587 1153 4643 facta
1200 4587 1497 4658 Gregorius
1526 4588 1689 4651 ,inter
1732 4584 1961 4639 Pontum
2010 4591 2065 4637 et

495 4682 890 4750 Cappadociam
923 4680 1091 4733 divisa
1118 4678 1283 4734 fuisse
1314 4688 1540 4733 testetur
1573 4678 1674 4748 (ὁ).

566 4771 630 4826 II.
687 4772 853 4827 Natus
890 4780 975 4826 est
1013 4769 1246 4825 Basilius
1294 4772 1437 4825 circa
1475 4783 1674 4823 annum
1726 4766 1856 4831 529,
1900 4765 2066 4835 idque

495 4866 627 4921 satis
647 4864 876 4933 quadrat
904 4878 1027 4918 cum
1062 4862 1203 4917 illius
1226 4863 1532 4917 litterarum
1562 4860 1780 4923 studiis,
1810 4873 1929 4928 quae
1967 4871 2065 4911 an-

496 4970 565 5009 no
589 4953 693 5009 555
716 4961 945 5007 exeunte
972 4952 1211 5008 absoluta
1247 4952 1481 5008 fuerunt.
1520 4950 1633 5007 Non
1670 4950 1814 5005 enim
1864 4949 2067 5018 patitur

494 5045 692 5099 eximia
719 5043 860 5099 illius
906 5044 1102 5112 ingenii
1138 5044 1302 5109 acies,
1330 5058 1450 5113 quae
1497 5052 1707 5097 mature
1768 5040 2067 5108 disciplinis

497 5135 805 5191 liberalibus
827 5136 989 5203 cmpit
1017 5136 1208 5201 excoli,
1235 5146 1293 5190 ut
1321 5151 1464 5199 eum,
1490 5150 1612 5190 cum
1637 5132 2064 5199 rediitAthenis,

495 5241 663 5280 annos
692 5236 871 5280 natum
909 5227 1074 5282 fuisse
1101 5226 1379 5297 plusquam
1412 5228 1601 5297 viginti
1624 5237 1832 5295 septem
1872 5223 2067 5279 existi-

496 5332 722 5373 memus.
742 5318 847 5373 Sed
880 5317 983 5371 alia
1003 5319 1185 5374 subest
1216 5319 1369 5390 longe
1392 5319 1621 5390 gravior
1650 5318 1812 5374 ratio.
1866 5315 2064 5372 Junior

566 5492 640 5564 (ᾳ)
675 5491 771 5564 Ep.
802 5493 855 5564 β.
884 5511 937 5551 n.
966 5494 1014 5561 1,
1043 5508 1099 5564 p.
1125 5493 1212 5551 80.

566 5562 641 5632 ψ)
668 5562 760 5632 or.
793 5562 880 5617 eo.

559 5630 637 5701 .(c)
676 5631 803 5685 Naz.
836 5650 921 5700 ep.
949 5635 1037 5688 55.

568 5705 642 5771 (ά)
675 5702 797 5762 δέη.
834 5702 905 5756 De
929 5710 1029 5758 vita
1062 5721 1176 5759 sua.

562 5770 635 5842 (ι’)
669 5770 761 5839 Ep.
796 5773 921 5829 (162.

2166 1952 2375 1994 norem.
2406 1938 2675 1994 Baronius
2696 1938 3164 2008 exaggerationem
3190 1935 3242 1989 in
3278 1933 3456 1988 verbis
3489 1930 3743 2001 Gregorii

2171 2028 2509 2097 suspicatur;
2550 2028 2646 2083 sed
2672 2028 2791 2082 sine
2823 2027 2928 2081 ulla
2953 2040 3177 2095 prorsus
3210 2024 3440 2078 ratione.
3467 2018 3744 2090 Papebro-

2166 2120 2319 2173 chius
2354 2134 2452 2188 pro
2490 2117 2692 2171 θυσιῶν
2720 2117 3002 2187 legendum
3031 2116 3249 2183 cunjicit
3272 2113 3501 2184 ἐτησίων
3535 2120 3630 2165 aut
3663 2109 3747 2172 Si;

2170 2209 2263 2265 ἰὼν
2292 2212 2415 2281 ἐμοὶ
2436 2211 2645 2285 χρόνος.
2678 2210 2783 2264 Sed
2810 2212 2979 2263 satius
3013 2216 3095 2263 est
3133 2222 3254 2261 cum
3286 2202 3630 2258 Tillcmontio
3666 2201 3749 2255 fa-

2167 2302 2265 2356 teri
2309 2301 2477 2371 legem
2530 2300 2962 2356 ecclesiasticam
3004 2298 3069 2353 de
3098 2296 3429 2353 continentia
3468 2294 3750 2363 episcopo-

2168 2410 2288 2449 rum
2318 2393 2554 2449 nondum
2586 2392 2639 2447 in
2663 2394 2916 2447 omnibus
2942 2391 3162 2446 omnino
3195 2388 3454 2444 Ecclesiis
3486 2386 3747 2456 viguisse,

2167 2500 2328 2555 quam
2353 2483 2753 2554 apertissimum
2783 2483 2959 2537 locum
2992 2481 3261 2550 ejusmodi
3294 2476 3621 2546 coniecturis
3664 2484 3750 2529 at-

2171 2586 2401 2633 tentare.
2441 2574 2781 2630 Probabilior
2811 2582 2954 2628 esset
2999 2570 3325 2628 diﬂicultatis
3366 2567 3634 2624 solvenda:
3658 2582 3751 2620 ra-

2169 2668 2261 2731 tio,
2289 2668 2336 2724 si
2364 2666 2681 2735 Gregorius,
2716 2665 2823 2737 qui
2866 2680 3009 2719 anno
3045 2664 3149 2719 525
3196 2664 3504 2733 baptizatus
3532 2669 3635 2727 est,
3694 2669 3752 2713 et

2169 2766 2311 2817 inter
2359 2761 2720 2817 sacerdotium
2764 2772 2829 2813 ac
2885 2756 3157 2826 baptisma
3215 2752 3433 2822 aliquod
3484 2752 3749 2820 temporis

2167 2853 2399 2923 spatium
2433 2850 2779 2922 interposuit,
2813 2849 2867 2903 in
2886 2846 3189 2918 presbyteri
3226 2844 3393 2914 gradu
3418 2843 3523 2898 dici
3558 2851 3751 2911 posset

2171 2944 2481 3014 aliquandiu
2517 2943 2882 3006 ministrasse,
2903 2948 2960 2995 et
2985 2940 3052 2994 ad
3087 2939 3226 2993 hanc
3255 2936 3571 3007 dignitatem
3602 2948 3749 2987 anno

2170 3036 2274 3092 527
2307 3035 2639 3106 pervenisse.
2674 3033 2781 3088 Sed
2823 3033 2985 3102 hujus
3019 3032 3094 3086 rei
3138 3030 3338 3085 nullum
3375 3036 3550 3084 exstat
3583 3027 3750 3080 vesti-

2169 3127 2337 3198 gium.
2397 3124 2557 3179 Plura
2615 3124 2736 3179 vide
2775 3124 2916 3193 apud
2965 3121 3390 3188 Tillemontium,
3434 3126 3548 3173 not.
3602 3117 3660 3181 4,
3694 3117 3749 3170 in

2168 3218 2321 3287 Greg.
2348 3215 2491 3271 Naz.
2513 3215 2741 3271 Basilius
2764 3229 2912 3286 ergo,
2952 3214 3044 3284 qui
3078 3213 3354 3282 aliquanto
3387 3218 3511 3280 post
3535 3207 3749 3279 Grego-

2168 3309 2308 3363 rium
2357 3308 2411 3362 in
2464 3308 2638 3362 lucem
2682 3306 2860 3361 editus
2886 3312 2993 3369 est,
3034 3304 3180 3359 circa
3210 3318 3412 3358 annum
3442 3301 3547 3356 529
3588 3308 3750 3355 natus

2166 3400 2417 3465 videtur;
2464 3408 2519 3453 et
2564 3413 2686 3453 cum
2720 3412 2903 3452 senem
2932 3411 2990 3451 se
3034 3410 3155 3451 esse
3184 3395 3314 3450 dicit
3342 3394 3415 3465 (ε)
3449 3408 3591 3447 anno
3615 3392 3748 3456 574,

2170 3492 2221 3546 id
2253 3506 2361 3545 non
2397 3501 2503 3544 tam
2538 3490 2681 3544 illius
2714 3489 2871 3543 annis
2901 3488 3249 3542 tribuendum
3278 3502 3437 3556 quam
3469 3495 3751 3555 perpetuae

2168 3584 2383 3639 cuidam
2417 3582 2743 3649 inﬁrmitati,
2768 3596 2890 3652 qua:
2909 3581 2977 3636 ab
3000 3581 3222 3637 ineunte
3252 3588 3409 3634 aetate
3436 3578 3657 3647 incepit,
3686 3592 3752 3633 ac

2168 3684 2352 3745 postea
2394 3676 2721 3744 pmnitentia:
2760 3685 2815 3730 et
2861 3674 3149 3730 sacerdotii
3188 3672 3462 3727 laboribus
3495 3679 3552 3725 et
3590 3670 3750 3725 novis

2169 3764 2908 3836 supervenientibusmorbis
2956 3764 3045 3820 sic
3101 3762 3364 3829 accrevit,
3412 3770 3469 3816 ut
3523 3762 3578 3817 in
3630 3762 3752 3831 ipso

2167 3857 2340 3912 atatis
2355 3857 2547 3912 robore
2567 3871 2731 3911 senex
2754 3856 3028 3912 videretur
3047 3854 3141 3927 (Γ),
3163 3853 3504 3910 acdentibus
3525 3865 3750 3909 careret

2168 3961 2342 4000 annos
2378 3956 2536 4001 natus
2565 3945 2653 3999 46.

2238 4035 2328 4091 lll.
2350 4036 2645 4091 Paternum
2683 4048 2850 4106 genus
2886 4033 3118 4091 Basilius
3151 4048 3182 4089 e
3207 4033 3401 4099 Ponto,
3428 4041 3488 4088 ut
3513 4041 3753 4089 testatur

2167 4127 2456 4197 Gregorius
2484 4125 2879 4180 Nazianzenus
2898 4123 2995 4196 (g),
3028 4134 3330 4181 maternum
3373 4140 3439 4179 ex
3462 4124 3751 4194 Cappado—

2166 4219 2252 4274 cia
2282 4220 2524 4275 ducebat.
2570 4218 2887 4287 Quanquam
2926 4199 3222 4287 Gregorius
3264 4217 3560 4287 Nyssenus,
3611 4232 3739 4270 cum

2166 4311 2522 4380 quadraginta
2557 4318 2823 4379 martyres
2861 4310 2914 4363 in
2945 4323 3009 4365 eo
3032 4308 3149 4363 loco
3178 4309 3442 4373 laudaret,
3478 4307 3569 4362 ubi
3599 4308 3753 4376 passi

2166 4403 2401 4466 fuerant,
2440 4402 2494 4457 id
2518 4412 2597 4456 est
2623 4399 2883 4455 Sebastia:
2913 4400 2965 4453 in
2999 4399 3282 4463 Armenia,
3307 4398 3450 4452 hanc
3479 4397 3750 4466 majorum

2169 4508 2386 4548 suorum
2426 4492 2656 4563 patriam
2709 4506 2829 4546 esse
2869 4500 3165 4555 asseverat,
3200 4491 3314 4545 sive
3346 4490 3472 4559 quia
3520 4489 3646 4543 inde
3695 4489 3751 4541 iu

2172 4586 2399 4640 Pontum
2454 4594 2546 4638 aut
2593 4583 2985 4652 Cappadociam
3044 4584 3397 4645 transierant,
3454 4582 3565 4636 sive
3617 4582 3750 4649 quia

2171 4677 2296 4730 olim
2332 4676 2574 4731 Sebastia
2606 4675 2960 4744 Cappadociae
2986 4675 3245 4728 attributa
3280 4683 3418 4727 crat.

2245 4767 2372 4820 Erat
2401 4775 2579 4819 autem
2610 4775 2898 4834 utrumque
2929 4765 3057 4819 illud
3088 4779 3257 4833 genus
3284 4762 3624 4824 militaribus,
3652 4777 3754 4830 pa-

2173 4856 2357 4910 latinis
2386 4864 2440 4908 et
2473 4854 2888 4923 municipalibus
2915 4854 3265 4923 dignitatibus
3300 4851 3530 4918 insigne,
3572 4866 3635 4904 ac
3666 4854 3756 4904 di-

2172 4946 2320 5001 vitiis
2361 4954 2416 4999 ct
2448 4943 2666 5014 opibus,
2716 4952 2769 5000 et
2813 4944 3041 4999 excelsis
3074 4942 3280 4998 thronis
3325 4957 3387 4996 ac
3428 4943 3752 5009 eloquentia:

2171 5037 2319 5091 fama
2350 5036 2554 5092 clarum
2584 5034 2697 5108 (It);
2748 5036 2841 5091 sed
2879 5036 3083 5103 pietate
3130 5049 3195 5088 ac
3240 5032 3513 5102 religionis
3545 5031 3749 5097 studio,

2176 5138 2231 5183 et
2260 5130 2419 5183 rebus
2466 5141 2562 5195 pro
2611 5126 2825 5182 Christo
2875 5125 3088 5181 fortiter
3116 5124 3283 5193 gestis
3322 5124 3481 5192 longe
3526 5123 3751 5177 clarius.

2176 5219 2312 5274 Nam
2339 5229 2613 5274 maternus
2635 5217 2815 5273 Basilii
2840 5233 2971 5272 avus
3003 5218 3110 5270 vita
3145 5225 3199 5270 et
3237 5215 3392 5269 bonis
3420 5230 3514 5283 pro
3531 5214 3755 5269 Christo

2177 5311 2435 5383 spoliatus
2457 5310 2524 5364 ab
2556 5310 2881 5377 imperatore
2901 5308 3077 5364 fuerat
3112 5308 3197 5378 ti).
3232 5305 3332 5360 Avi
3360 5316 3538 5361 autem
3570 5312 3755 5376 pater-

2238 5486 2303 5555 (n
2341 5486 2437 5554 Ep.
2474 5486 2599 5540 232.

2261 5557 2311 5624 g)
2336 5557 2429 5611 Or.
2459 5556 2553 5610 20.

2262 5626 2315 5680 ἡ)
2351 5626 2484 5680 Ιὺίιι.

2244 5693 2304 5766 (ἱ)
2345 5695 2501 5765 Nyss.
2543 5694 2644 5749 Vit.
2679 5694 2735 5750 S.
2771 5694 2941 5749 Macr.
2975 5704 3104 5751 tom.
3135 5693 3200 5761 ll,
3236 5712 3288 5766 p.
3326 5695 3446 5750 191.
