3820 6210
2337 308 2357 334 Ι

1541 363 1704 421 ἫΤΑ
1741 363 1797 418 S.
1839 357 2099 416 BASlLll.
3028 398 3031 402 -
3379 379 3454 418 vn

214 472 261 526 ni
284 481 435 530 erant
461 473 766 544 uliquidem
790 484 856 528 ad
871 473 1051 529 omnia
1082 488 1179 545 pro
1206 473 1426 529 Christo
1445 473 1775 544 perferenda
1808 478 1853 533 Α
1881 472 2280 540 persecutionis
2318 472 2648 537 decertasse,
2685 472 2910 544 ejusque
2934 481 2988 527 et
3021 471 3197 528 mariti
3224 471 3361 527 bona
3386 476 3460 530 ob

211 565 566 632 paratissimi;
600 563 695 619 sed
720 579 842 619 cum
886 565 1261 621 meminissent
1285 563 1604 634 Gregorium
1631 565 1780 619 Neo-

210 657 579 710 cmariensem
611 656 665 714 in
699 657 1082 724 persecutione
1117 655 1266 710 Decii
1310 653 1606 725 (retinebat
1637 656 1778 708 enim

211 746 439 801 Macrina
479 748 622 802 illius
656 747 974 802 documenta
1002 746 1100 820 (α),
1137 761 1469 818 quaecunque
1511 746 1578 798 ad
1609 746 1780 815 ipsam

212 837 479 890 memoria:
503 837 644 890 serie
685 839 1067 904 pervenerant)
1104 847 1156 890 et
1186 836 1388 906 fugisse
1414 843 1469 890 et
1503 835 1570 889 ad
1601 833 1781 904 fugam

209 929 334 980 alios
377 928 720 981 adhortatum
765 942 928 995 esse;
963 935 1281 997 receperunt
1323 943 1380 982 se
1411 927 1463 980 in
1492 927 1780 996 quamdam

207 1016 552 1072 Ponticarum
600 1021 861 1074 montium
917 1020 1104 1074 silvam
1147 1019 1246 1090 (ὁ),
1295 1019 1484 1088 paucis
1525 1017 1783 1073 adhibitis

209 1110 338 1176 fugae
359 1111 593 1164 consciis
620 1120 671 1165 et
699 1111 878 1167 victus
928 1113 1215 1166 ministris.
1241 1113 1300 1166 ln
1333 1111 1437 1166 hoc
1472 1110 1667 1165 exsilio
1695 1125 1784 1163 se-

209 1211 344 1268 ptem
377 1215 554 1254 annos
581 1212 636 1254 et
672 1201 950 1271 aliquanto
981 1202 1214 1271 amplius
1246 1203 1347 1257 sub
1387 1203 1479 1256 dio
1509 1203 1778 1264 vixerunt,

209 1289 418 1357 pluviis,
443 1290 719 1360 algoribus
744 1302 800 1345 et
816 1292 1110 1360 frigoribus
1133 1291 1386 1361 expositi,
1420 1291 1489 1346 ab
1523 1292 1778 1346 omnibus

210 1382 328 1435 vita:
361 1385 683 1447 commodis,
718 1383 786 1438 ab
813 1384 1004 1439 amicis
1032 1393 1088 1438 et
1128 1385 1272 1438 omni
1304 1383 1582 1438 hominum
1607 1383 1783 1438 socie-

212 1482 316 1528 tate
343 1475 562 1531 remoti.
623 1474 732 1530 Sed
771 1474 1026 1530 Christus
1067 1475 1122 1529 in
1150 1489 1336 1530 eorum
1365 1473 1620 1529 solatium
1654 1489 1783 1529 con-

213 1581 356 1620 cessa
389 1565 520 1620 olim
568 1567 832 1622 lsraelitis
867 1565 1128 1620 miracula
1180 1567 1482 1620 renovavit.
1540 1567 1781 1633 Quodam

203 1659 344 1711 enim
371 1658 460 1712 die
484 1659 757 1714 subiiteos
778 1659 1025 1714 lautioris
1051 1674 1250 1714 mensae
1277 1659 1632 1725 desiderium;
1657 1674 1783 1713 nam

209 1751 538 1806 diuturnitas
563 1752 821 1822 temporis
849 1750 1128 1806 fastidium
1163 1753 1422 1806 attulerat
1448 1753 1784 1806 necessario-

200 1857 324 1895 rum
367 1842 640 1901 ciborum.
692 1848 765 1897 At
813 1858 1158 1914 nequaquam
1213 1845 1658 1910 mussitaverunt,
1723 1853 1783 1898 ut

205 1931 496 1998 lsra'elitte;
533 1935 628 1988 sed
654 1949 684 1987 a
708 1933 842 1997 Deo,
865 1949 1076 1989 summa
1105 1934 1247 1989 illius
1275 1936 1528 2004 potentiae
1559 1935 1776 2002 fiducia,

204 2025 515 2078 suaviorem
539 2024 715 2080 cibum
742 2027 1104 2096 postularunt,
1132 2025 1218 2081 vel
1254 2041 1322 2081 ex
1352 2026 1542 2081 avibus
1567 2027 1620 2080 in
1651 2041 1782 2082 aere

205 2115 578 2181 volitantibus,
610 2115 691 2169 vel
712 2130 744 2170 e
772 2115 925 2183 feris,
957 2131 1077 2186 quae
1112 2117 1164 2170 in
1203 2116 1474 2172 montibus
1502 2117 1776 2172 errabant.

205 2202 301 2259 Vix
328 2205 496 2260 locuti
526 2215 697 2269 erant,
747 2222 868 2262 cum
904 2221 1090 2264 eorum
1126 2207 1349 2276 pedibus
1377 2207 1574 2262 accidit
1614 2207 1782 2264 obso-

206 2301 348 2354 nium
377 2310 573 2370 sponte
596 2302 859 2365 oblatum,
885 2303 1034 2356 cervi
1073 2302 1221 2356 mira:
1257 2301 1662 2371 magnitudinis,
1691 2316 1782 2356 re-

205 2402 362 2461 pente
389 2407 422 2446 e
453 2393 674 2448 tumulis
695 2403 1041 2464 apparentes,
1076 2409 1139 2447 ac
1167 2393 1521 2448 innuentibus
1551 2406 1670 2448 sese
1692 2393 1785 2448 de-

201 2485 416 2548 dentes,
442 2499 507 2537 ex
535 2484 732 2552 quibus
749 2493 1010 2553 quantum
1035 2484 1284 2538 voluntas
1311 2483 1518 2538 ferebat
1541 2484 1783 2539 detinue-

204 2585 348 2641 runt,
395 2575 538 2644 quod
576 2585 856 2644 supererat
893 2575 944 2628 in
987 2574 1151 2628 silvas
1192 2573 1256 2628 ad
1290 2573 1431 2627 aliud
1477 2575 1780 2629 convivium

205 2668 552 2722 dimiserunt.
582 2667 659 2721 Ex
700 2668 783 2721 his
811 2665 1056 2737 Gregorii
1087 2666 1418 2721 Nazianzeni
1455 2665 1638 2721 verbis
1661 2681 1783 2735 per—

207 2761 437 2829 spicitur
467 2775 575 2813 non
608 2759 770 2814 unius
811 2758 914 2812 diei
953 2759 1133 2813 cibum
1181 2759 1286 2814 hoc
1317 2757 1578 2812 miraculo
1603 2757 1784 2827 provi-

207 2866 325 2904 sum
360 2851 444 2905 eis
485 2850 688 2913 fuisse;
719 2849 816 2904 sed
856 2850 923 2904 ad
950 2859 1154 2920 septem
1192 2849 1368 2904 exsilii
1397 2863 1569 2904 annos
1607 2849 1786 2902 minus

202 2942 494 2996 commode
519 2940 840 2994 miraculum
877 2941 1118 2995 extendit
1151 2938 1574 3007 Papebrochius.

273 3032 406 3087 Haec
443 3043 623 3086 autem
663 3031 964 3102 contigisse
997 3041 1183 3085 narrat
1213 3030 1510 3100 Gregorius
1545 3031 1600 3083 in
1635 3037 1782 3082 atro-

204 3127 431 3181 cissima
495 3125 736 3179 omnium
791 3125 1133 3192 maximeque
1187 3123 1458 3178 horrenda
1499 3121 1778 3175 Maximini
1809 3155 1856 3218 Ο

200 3217 609 3286 persecutione,
638 3215 728 3284 qui
775 3228 900 3268 cum
940 3223 1061 3283 post
1095 3214 1278 3282 plures
1318 3212 1473 3277 alios,
1500 3213 1589 3282 qui
1622 3211 1780 3281 paulo

197 3319 329 3363 ante
370 3309 633 3370 fuerant,
669 3304 998 3376 ingruisset,
1052 3305 1265 3359 laudem
1295 3303 1375 3358 eis
1429 3303 1786 3357 humanitatis

197 3415 296 3454 sua
327 3399 664 3453 crudelitate
711 3394 1041 3450 conciliavit.
1093 3393 1187 3449 His
1215 3393 1495 3449 coloribus
1521 3391 1669 3447 clare
1695 3392 1786 3446 de-

195 3491 452 3562 pingitur
484 3488 814 3543 Maximinus
839 3486 1128 3553 secnndus,
1161 3485 1385 3540 minime
1411 3499 1558 3550 vero,
1591 3492 1651 3538 ut
1679 3481 1787 3538 Pa-

199 3579 540 3651 pebrochius
573 3580 829 3649 opinatus
853 3589 938 3634 est
969 3621 984 3645 ,
1017 3577 1344 3631 Maximinus
1372 3577 1602 3646 primus,
1631 3575 1786 3644 cujus

196 3671 526 3739 persecutio
554 3685 657 3727 nec
689 3672 930 3725 omnium
981 3667 1354 3724 crudelissima
1403 3667 1612 3720 exstitit
1642 3705 1658 3732 ,
1691 3681 1789 3720 nec

197 3775 298 3825 per
321 3770 537 3828 septem
563 3773 772 3824 annos;
805 3774 904 3814 nec
935 3759 1069 3813 alias
1097 3757 1510 3827 persecutiones
1543 3757 1790 3825 proxime

195 3858 499 3908 subsecuta
526 3863 644 3918 est;
681 3861 1034 3920 praecesserat
1067 3849 1210 3904 enim
1250 3863 1353 3918 pax
1388 3846 1581 3916 viginti
1632 3847 1791 3915 quin-

195 3959 308 4011 que
335 3957 635 3996 annorum.
669 3941 777 3995 Sed
824 3956 945 3995 cum
989 3939 1320 3993 Maximinus
1363 3936 1633 3991 secundus
1686 3953 1790 3988 non

199 4033 526 4102 regnaverit
555 4033 606 4086 in
638 4032 809 4086 Ponto
835 4042 890 4085 et
913 4031 1040 4084 Asia
1095 4029 1300 4084 Minore
1325 4067 1339 4092 ,
1363 4028 1463 4081 nisi
1495 4043 1637 4081 anno
1665 4027 1790 4088 511,

200 4134 327 4194 post
354 4135 594 4179 mortem
626 4124 862 4189 Galerii;
917 4122 1180 4178 Baronius
1208 4121 1278 4193 (c)
1327 4131 1382 4176 et
1412 4119 1790 4174 Tillemontius

197 4215 533 4269 existimant
573 4216 674 4268 hoc
700 4213 1018 4268 miraculum
1045 4222 1304 4281 regnante
1336 4211 1425 4265 illo
1459 4211 1512 4263 in
1550 4208 1790 4279 {Egypto

199 4314 258 4359 et
315 4305 482 4374 Syria
513 4303 846 4370 contigisse,
901 4319 965 4358 ac
1015 4318 1246 4372 proavos
1298 4302 1483 4358 Basilii
1521 4317 1663 4356 anno
1687 4301 1792 4356 304

199 4395 543 4459 secessisse,
589 4405 643 4448 et
669 4409 839 4463 usque
875 4397 942 4449 ad
980 4410 1180 4448 annum
1211 4395 1314 4449 511
1361 4395 1656 4451 delituisse.
1711 4393 1793 4448 Ex

1885 563 2086 619 Christi
2110 561 2504 619 confessionem
2526 563 2694 618 fuisse
2723 563 3014 632 publicata.

1954 653 2106 708 Hanc
2145 653 2550 708 dimicationem
2609 655 2885 710 existimat
2931 653 3314 709 'fillemontius
3369 653 3452 708 vel

1884 745 1984 800 sub
2023 744 2315 800 Maximino
2345 745 2712 800 collocandam
2739 760 2883 812 esse,
2901 747 2990 815 qui
3019 746 3454 815 persecutionem

1887 834 2278 905 redintegravit
2307 849 2448 890 anno
2471 833 2599 898 511,
2630 835 2821 904 paucis
2844 843 2967 904 post
2991 831 3192 888 Galerii
3224 842 3454 886 mortem

1885 929 2182 992 mensibus,
2205 929 2290 982 vel
2313 928 2413 984 sub
2436 927 2645 983 Licinio
2677 929 2773 998 qui
2812 937 3127 998 persecutus
3157 935 3241 983 est
3267 925 3456 981 Eccle-

1884 1019 2018 1074 siam
2053 1035 2194 1076 anno
2221 1019 2346 1088 320,
2388 1035 2453 1076 ac
2485 1020 2722 1076 maxime
2771 1023 2826 1075 in
2873 1021 3044 1076 Ponto
3078 1019 3452 1076 crudelitatem

1885 1126 2037 1166 suam
2089 1113 2358 1167 exercuit.
2393 1111 2510 1178 Quo
2557 1113 2774 1167 nomine
2821 1112 3118 1182 appellatus
3165 1111 3332 1167 fuerit
3361 1127 3457 1182 pa-

1886 1213 2072 1259 ternus
2121 1202 2212 1256 ille
2267 1217 2400 1258 avus
2459 1201 2674 1270 Basilii,
2723 1204 3020 1258 nescimus.
3066 1203 3213 1259 Aviae
3259 1215 3454 1258 nomen

1882 1293 2137 1350 Macrinae
2163 1293 2282 1360 fuit,
2315 1308 2436 1364 quae
2465 1308 2588 1349 cum
2615 1294 2876 1350 Basilium
2907 1293 3169 1349 infantem
3204 1292 3456 1349 informa-

1882 1385 2022 1439 verit
2061 1395 2116 1440 et
2169 1384 2505 1453 instituerit,
2539 1386 2754 1441 videtur
2811 1400 2985 1456 usque
3025 1385 3092 1440 ad
3125 1400 3324 1440 annum
3350 1384 3458 1439 540

1881 1476 2098 1533 vixisse.

1951 1567 2041 1624 IV.
2076 1568 2278 1625 Horum
2332 1569 2476 1626 filius
2517 1568 2752 1625 Basilius
2779 1609 2796 1635 ,
2838 1569 3010 1625 nostri
3064 1566 3248 1622 Basilii
3279 1574 3454 1636 pater,

1885 1660 2110 1716 eximias
2135 1661 2365 1718 virtutes
2391 1676 2514 1716 cum
2542 1662 2753 1732 magnis
2774 1659 3096 1715 eruditionis
3119 1668 3174 1712 et
3194 1659 3456 1728 eloquen-

1887 1749 1976 1806 tiae
1997 1753 2331 1808 ornamentis
2362 1753 2662 1822 conjunxit.
2682 1752 2946 1807 Inclaruit
2973 1752 3116 1806 enim
3149 1752 3204 1805 in
3226 1750 3344 1806 foro
3361 1749 3453 1820 (ε),

1885 1854 1942 1902 et
1971 1845 2333 1914 eloquentiam
2385 1858 2596 1899 summa
2631 1842 2946 1898 celebritate
2973 1843 3026 1898 in
3052 1842 3223 1897 Ponto
3248 1840 3455 1897 docuit.

1885 1938 1991 1995 Sed
2014 1953 2222 1993 morum
2249 1937 2538 1993 sanctitate
2573 1937 2770 1992 clarior
2794 1936 3023 1999 exstitit,
3054 1937 3130 1990 ita
3159 1944 3218 1989 ιιι
3238 1934 3448 2005 primas

1882 2031 1932 2086 ei
1963 2031 2017 2085 in
2041 2029 2144 2084 hoc
2165 2042 2364 2100 genere
2392 2028 2541 2084 solus
2569 2027 2714 2082 filius
2752 2025 2983 2081 Basilius
3007 2025 3271 2095 eripuisse
3297 2023 3453 2077 vide-

1883 2131 2034 2178 retur
2054 2122 2152 2194 (f).
2178 2120 2352 2191 Hujus
2373 2119 2504 2175 fides
2531 2119 2794 2174 mlracula
2839 2116 3169 2188 impetravit,
3201 2123 3261 2170 ut
3294 2113 3456 2169 modo

1881 2213 2206 2268 videbimus.
2239 2209 2290 2268 ls
2325 2211 2380 2266 in
2421 2210 2830 2265 matrimonium
2851 2209 3002 2264 duxit
3027 2223 3211 2278 parem
3238 2208 3456 2277 generis

1882 2314 1938 2360 et
1963 2304 2224 2359 virtutum
2272 2301 2559 2372 splendore
2607 2301 2869 2358 feminam
2889 2341 2908 2368 ,
2941 2300 3257 2358 Emmeliam
3286 2338 3303 2364 ,
3336 2313 3456 2369 quae

1885 2400 1937 2454 id
1974 2399 2115 2454 inter
2147 2395 2555 2461 mulieres.fuit,
2584 2395 2727 2465 quod
2760 2394 2994 2451 Basilius
3029 2393 3174 2448 filius
3204 2393 3347 2448 inter
3372 2391 3453 2446 vi-

1884 2504 1994 2551 ros,
2028 2496 2166 2542 teste
2195 2485 2538 2542 Nazianzeno
2567 2484 2664 2556 (g).
2703 2484 2827 2540 Haec
2849 2484 3080 2540 libenter
3107 2481 3456 2538 matrimonio

1885 2579 2248 2649 virginitatem
2279 2577 2621 2648 praetulisset.
2661 2576 2766 2631 Sed
2791 2584 2848 2630 et
2883 2585 3057 2646 patre,
3085 2589 3243 2645 quem
3277 2575 3452 2643 impe-

1885 2677 2032 2722 rator
2065 2667 2173 2720 vita
2223 2675 2280 2721 et
2334 2666 2492 2721 bouis
2525 2665 2888 2735 spoliaverat,
2922 2673 2978 2719 et
3021 2672 3197 2719 matre
3247 2663 3300 2717 in
3336 2663 3454 2732 ipso

1885 2756 2063 2814 aetatis
2091 2756 2223 2813 flore
2254 2755 2467 2821 orbata,
2500 2765 2556 2809 ut
2589 2755 2787 2811 vitaret
2827 2753 3062 2824 pericula
3090 2753 3160 2809 ob
3183 2767 3450 2808 summam

1886 2858 2220 2905 venustatem
2255 2848 2592 2902 imminentia
2617 2846 2861 2919 (plurimi
2899 2847 3041 2900 enim
3073 2844 3215 2900 illius
3239 2843 3454 2914 nuptias

1885 2940 2185 3005 ambibant,
2212 2937 2454 2994 nonnulli
2493 2937 2656 2992 etiam
2683 2947 2897 3007 raptum
2930 2935 3180 2991 meditari
3205 2935 3457 2989 videban-

1887 3035 2018 3102 tur),
2069 3033 2137 3087 ad
2168 3031 2498 3086 matrimonii
2529 3038 2742 3098 portum
2777 3028 3051 3097 confugit,
3083 3043 3149 3083 ac
3171 3028 3291 3083 viro
3337 3043 3455 3083 mo-

1887 3141 2005 3182 rum
2035 3123 2302 3195 gravitate
2353 3129 2596 3192 spectato
2633 3120 2801 3175 vitam
2854 3134 3006 3174 suam
3049 3119 3454 3175 custodiendam

1887 3214 2176 3272 commisit.
2219 3212 2280 3266 In
2334 3211 2437 3265 hoc
2491 3208 2879 3273 matrimonio,
2935 3207 3076 3277 quod
3111 3221 3218 3262 non
3274 3207 3455 3262 minus

1886 3307 2104 3363 virtutis
2138 3320 2299 3376 quam
2357 3317 2645 3373 corporum
2700 3311 2863 3366 erat,
2909 3300 3106 3354 enituit
3151 3313 3454 3372 pauperum

1889 3398 2204 3454 alendorum
2244 3403 2298 3450 et
2348 3394 2624 3463 hospitum
2672 3391 3113 3462 excipiendorum
3166 3390 3403 3446 studium
3433 3429 3453 3456 ,

1888 3490 2082 3546 animae
2109 3487 2356 3558 purgatio
2386 3501 2483 3557 per
2524 3484 2914 3541 continentiam
2937 3523 2954 3550 ,
2985 3483 3244 3538 bonorum
3275 3483 3458 3554 portio

1889 3584 2002 3640 Deo
2029 3589 2366 3644 consecrata,
2413 3592 2534 3648 qua:
2559 3591 2646 3631 res
2674 3576 2862 3646 paucis
2892 3584 3023 3630 tunc
3067 3575 3331 3644 exemplis
3357 3589 3454 3630 co-

1890 3658 2039 3745 gnita
2065 3679 2221 3734 erat,
2253 3669 2380 3738 quia
2429 3667 2530 3722 sub
2583 3665 3002 3735 imperatoribus
3049 3665 3283 3720 ethnicis
3334 3674 3452 3720 tuta

1891 3781 1997 3820 non
2025 3763 2216 3818 fuisset
2237 3757 2498 3815 Ecclesiis
2529 3757 2851 3828 praediorum
2877 3757 3168 3825 possessio.
3208 3755 3335 3812 Haec
3363 3773 3460 3812 au-

1891 3867 1998 3909 tem
2028 3853 2080 3908 in
2104 3849 2377 3905 Ecclesias
2401 3857 2457 3902 et
2485 3862 2752 3916 pauperes
2795 3847 3094 3903 liberalitas
3119 3862 3457 3920 nequaquam

1890 3958 2078 3998 eorum
2131 3941 2347 3997 divitias
2375 3939 2736 4002 comminuit,
2784 3939 2878 3993 sed
2932 3938 3112 4008 potius
3169 3939 3274 3997 fide
3323 3941 3461 3996 adeo

1893 4033 2273 4102 multiplicavit
2302 4072 2317 4098 ,
2350 4040 2411 4086 ut
2437 4029 2802 4100 amplissimas
2843 4033 2895 4084 in
2941 4031 3116 4086 tribus
3165 4032 3459 4102 provinciis

1894 4124 2260 4188 possessiones
2288 4122 2573 4175 haberent.
2609 4119 2762 4187 Quod
2784 4134 2848 4176 eo
2867 4118 3168 4177 mirabilius
3195 4131 3302 4188 est,
3317 4125 3459 4193 quod

1895 4213 2170 4269 Emmeliaa
2221 4215 2414 4283 patris,
2451 4212 2637 4267 Basilii
2663 4221 2949 4281 parentum
2994 4213 3134 4267 bona
3184 4213 3459 4282 publicata

1898 4307 2133 4361 fuerant.
2184 4305 2324 4371 Quin
2351 4306 2518 4359 etiam
2548 4319 2734 4358 eorum
2770 4317 2827 4357 re
2861 4302 3119 4357 familiari
3155 4303 3208 4357 in
3262 4319 3456 4359 novem

1897 4383 2081 4468 partes
2108 4413 2206 4468 pro
2234 4397 2464 4452 filiorum
2521 4409 2748 4450 numero
2779 4395 2949 4450 divisa
2975 4434 2992 4460 ,
3022 4395 3246 4461 singula:
3273 4406 3460 4466 partes

199 4487 291 4540 his
328 4498 523 4540 autem
555 4486 779 4541 latebris
830 4488 1159 4556 prodeuntes
1189 4502 1332 4542 anno
1363 4487 1490 4552 5H,
1514 4497 1631 4555 post
1667 4487 1790 4541 data
1825 4504 1868 4557 υ
1900 4497 2150 4557 paternas
2170 4500 2299 4555 opes
2326 4495 2672 4554 superarunt.

197 4594 228 4631 a
259 4577 495 4633 Galerio
529 4579 579 4631 in
605 4580 830 4645 gratiam
857 4577 1291 4633 Christianorum
1320 4578 1516 4643 edicta,
1543 4580 1794 4648 graviora

197 4669 472 4737 deinceps
519 4668 768 4720 videntur
822 4667 1053 4722 subiisse
1109 4669 1427 4723 certamina.
1492 4667 1583 4721 Ait
1645 4669 1789 4721 enim

194 4759 515 4828 Gregorius
569 4758 938 4814 Nazianzenus
982 4774 1076 4814 eos
1129 4760 1196 4814 ad
1256 4761 1624 4813 dimicandum
1673 4759 1791 4812 ala-

197 4855 420 4908 criores
446 4852 626 4904 factos
650 4865 770 4905 esse
805 4851 905 4904 hoc
934 4850 1198 4904 miraculo
1218 4889 1233 4913 ,
1263 4851 1403 4918 quoa
1449 4851 1528 4905 eis
1559 4851 1703 4904 hunc
1737 4851 1791 4903 in

197 4962 371 5001 usum
409 4962 440 4999 a
476 4943 592 4998 Deo
622 4957 934 4997 concessum
960 4926 1152 4998 fuerat.
1185 4942 1321 4997 llinc
1351 4943 1512 4996 etiam
1555 4943 1632 5012 (p.
1662 4941 1788 5011 519)

199 5051 300 5090 eos
333 5046 595 5088 recenset
626 5035 763 5088 inter
786 5032 1113 5088 fortissimos
1145 5033 1406 5097 athletas,
1431 5035 1518 5102 qui
1551 5049 1672 5086 cum
1705 5049 1792 5101 pe-

202 5144 274 5182 ne
323 5141 506 5194 usque
554 5125 620 5178 ad
668 5138 898 5178 mortem
931 5125 1344 5188 decertassent,
1397 5124 1636 5178 victorim
1685 5139 1795 5178 sua:

203 5218 540 5286 Superstites
595 5215 671 5286 (ά)
717 5215 952 5270 fuerunt.
1016 5215 1290 5283 Nyssenus
1338 5231 1468 5269 vero
1516 5217 1796 5283 conceptis

203 5310 400 5365 verbis
439 5309 519 5361 ait
549 5307 839 5362 Macrinam
865 5309 920 5361 in
960 5308 1264 5364 confitendo
1287 5308 1507 5363 Christo
1548 5319 1793 5374 tempore

280 5486 366 5556 (a)
398 5485 570 5556 Basil.
606 5484 851 5556 ep.20£,
889 5502 940 5540 n.
973 5485 1026 5540 6.

278 5555 364 5626 (δ)
393 5555 523 5610 Naz.
544 5571 624 5609 or.
648 5555 743 5626 eo.

283 5625 366 5695 (c)
407 5627 483 5695 ad
520 5640 607 5695 an.
644 5625 768 5679 504.

282 5693 371 5764 (α’)
401 5693 513 5764 Vit.
546 5693 716 5764 Macr.
749 5714 799 5762 ρ.
832 5696 952 5759 178,
999 5695 1118 5750 191.

287 5762 371 5836 (ε)
398 5763 551 5834 Nyss.
599 5762 700 5819 Vit.
727 5764 893 5819 Macr.
927 5783 979 5836 ρ.
1011 5766 1133 5820 592.

1972 4579 2080 4633 Sed
2115 4579 2385 4646 praecipua
2413 4575 2597 4632 Basilii
2623 4585 2676 4631 et
2710 4575 2984 4632 Emmeliat
3032 4579 3225 4647 gloria,
3289 4580 3467 4650 proles

1901 4670 2130 4725 exstitit.
2179 4669 2372 4723 Decem
2423 4666 2624 4722 liberos
2677 4680 3033 4735 susceperunt
3080 4668 3180 4741 (ἡ),
3235 4685 3464 4738 quorum

1902 4771 2014 4816 tres
2041 4759 2280 4830 episcopi
2327 4773 2537 4812 summa
2571 4759 2880 4813 sanctitatis
2909 4767 2963 4812 et
2997 4760 3257 4815 doctrinae
3307 4762 3467 4817 laude

1899 4852 2212 4907 floruerunt.
2246 4850 2395 4906 Unus
2426 4849 2624 4919 aliquis
2672 4865 2739 4903 ex
2770 4849 2856 4904 his
2896 4849 3082 4904 liberis
3114 4850 3326 4906 videtur
3371 4854 3466 4906 ad-

1902 4948 2118 5003 modum
2149 4947 2326 5001 infans
2355 4955 2603 5000 mortuus
2642 4963 2655 4997 :
2692 4945 2955 5014 siquidem
3009 4945 3244 4999 obeunte
3273 4946 3470 4999 marito

1903 5027 2161 5095 Emmelia
2192 5049 2423 5108 quatuor
2451 5039 2686 5093 filiorum
2735 5047 2790 5092 et
2820 5037 3056 5107 quinque
3093 5037 3324 5092 filiarum
3355 5055 3468 5091 ma-

1899 5142 1983 5186 ter
2015 5140 2134 5188 erat
2163 5131 2251 5199 (ἱ),
2294 5145 2591 5200 eorumque
2625 5131 2760 5184 bona
2786 5129 2839 5182 in
2877 5143 3068 5183 novem
3094 5137 3274 5198 partes
3299 5128 3464 5182 divisa

1899 5230 2044 5277 sunt.
2074 5220 2325 5276 Omnium
2373 5229 2505 5274 natu
2554 5222 2786 5274 maxima
2818 5219 2917 5274 fuit
2955 5219 3011 5273 S.
3060 5208 3318 5273 Macrina.
3351 5217 3469 5270 Pri-

1903 5328 2022 5367 mus
2069 5311 2298 5366 filiorum
2333 5311 2390 5366 S.
2434 5311 2682 5376 Basilius,
2736 5311 3005 5365 secundus
3037 5307 3360 5363 Naucratius
3401 5309 3469 5364 de

1981 5485 2048 5558 (ί)
2073 5488 2205 5558 Naz.
2230 5503 2310 5542 or.
2334 5487 2425 5540 20.

1979 5559 2052 5626 (g)
2079 5557 2211 5610 Ibid.

1977 5625 2234 5698 (hiNyss.
2289 5627 2388 5678 Vit.
2424 5625 2614 5692 Macr.,
2647 5625 2768 5680 186.

1975 5696 2034 5768 (ἱ)
2064 5696 2194 5752 tum.
2232 5697 2500 5764 131,191.
