  <div class='ocr_page' id='page_1' title='image "/cluster/home/n/w/nwhite01/storage/ocr_20150623/29/nnc1.0046978755/015.png"; bbox 0 0 3820 6210; ppageno 0'>
   <div class='ocr_carea' id='block_1_1' title="bbox 501 405 596 446">
    <p class='ocr_par' dir='ltr' id='par_1_1' title="bbox 501 405 596 446">
     <span class='ocr_line' id='line_1_1' title="bbox 501 405 596 446; baseline -0.032 0"><span class='ocrx_word' id='word_1_1' title='bbox 501 405 596 446; x_wconf 77' lang='lat' dir='ltr'><strong>Vill</strong></span> 
     </span>
    </p>
   </div>
   <div class='ocr_carea' id='block_1_2' title="bbox 1892 377 2423 433">
    <p class='ocr_par' dir='ltr' id='par_1_2' title="bbox 1892 377 2423 433">
     <span class='ocr_line' id='line_1_2' title="bbox 1892 377 2423 433; baseline 0 -2"><span class='ocrx_word' id='word_1_2' title='bbox 1892 377 2423 433; x_wconf 80' lang='lat' dir='ltr'><strong>PBOLEGOMENA.</strong></span> 
     </span>
    </p>
   </div>
   <div class='ocr_carea' id='block_1_3' title="bbox 502 495 3747 577">
    <p class='ocr_par' dir='ltr' id='par_1_3' title="bbox 502 495 3747 577">
     <span class='ocr_line' id='line_1_3' title="bbox 502 495 3747 577; baseline -0.003 -15"><span class='ocrx_word' id='word_1_3' title='bbox 502 524 609 577; x_wconf 90' lang='lat' dir='ltr'><strong>quo</strong></span> <span class='ocrx_word' id='word_1_4' title='bbox 658 505 795 561; x_wconf 88' lang='lat' dir='ltr'><strong>infra</strong></span> <span class='ocrx_word' id='word_1_5' title='bbox 843 502 1099 559; x_wconf 90' lang='lat' dir='ltr'><strong>nonnulla</strong></span> <span class='ocrx_word' id='word_1_6' title='bbox 1142 500 1409 565; x_wconf 77' lang='lat' dir='ltr'><strong>dicentur,</strong></span> <span class='ocrx_word' id='word_1_7' title='bbox 1444 500 1635 554; x_wconf 88' lang='lat' dir='ltr'><strong>tertius</strong></span> <span class='ocrx_word' id='word_1_8' title='bbox 1681 498 1741 552; x_wconf 91' lang='lat' dir='ltr'><strong>S.</strong></span> <span class='ocrx_word' id='word_1_9' title='bbox 1772 496 2067 568; x_wconf 79' lang='lat' dir='ltr'><strong>Gregorius</strong></span> <span class='ocrx_word' id='word_1_10' title='bbox 2097 501 2141 556; x_wconf 82' lang='grc' dir='ltr'><strong>Α</strong></span> <span class='ocrx_word' id='word_1_11' title='bbox 2172 495 2533 551; x_wconf 64' lang='lat' dir='ltr'><strong>Neoctnsarea:</strong></span> <span class='ocrx_word' id='word_1_12' title='bbox 2558 496 2754 549; x_wconf 78' lang='lat' dir='ltr'><strong>vixisse</strong></span> <span class='ocrx_word' id='word_1_13' title='bbox 2783 504 3102 564; x_wconf 85' lang='lat' dir='ltr'><strong>argumento</strong></span> <span class='ocrx_word' id='word_1_14' title='bbox 3135 505 3239 563; x_wconf 91' lang='lat' dir='ltr'><strong>est,</strong></span> <span class='ocrx_word' id='word_1_15' title='bbox 3287 498 3429 566; x_wconf 78' lang='lat' dir='ltr'><strong>quod</strong></span> <span class='ocrx_word' id='word_1_16' title='bbox 3456 513 3514 554; x_wconf 88' lang='lat' dir='ltr'><strong>se</strong></span> <span class='ocrx_word' id='word_1_17' title='bbox 3570 504 3747 573; x_wconf 52' lang='lat' dir='ltr'><strong>magi.</strong></span> 
     </span>
    </p>
   </div>
   <div class='ocr_carea' id='block_1_4' title="bbox 504 587 2065 670">
    <p class='ocr_par' dir='ltr' id='par_1_4' title="bbox 504 587 2065 670">
     <span class='ocr_line' id='line_1_4' title="bbox 504 587 2065 670; baseline -0.008 -17"><span class='ocrx_word' id='word_1_18' title='bbox 504 599 799 670; x_wconf 82' lang='lat' dir='ltr'><strong>Nyssenus.</strong></span> <span class='ocrx_word' id='word_1_19' title='bbox 837 596 1088 651; x_wconf 83' lang='lat' dir='ltr'><strong>Omnium</strong></span> <span class='ocrx_word' id='word_1_20' title='bbox 1142 602 1449 661; x_wconf 77' lang='lat' dir='ltr'><strong>postremus</strong></span> <span class='ocrx_word' id='word_1_21' title='bbox 1501 590 1604 644; x_wconf 91' lang='lat' dir='ltr'><strong>fuit</strong></span> <span class='ocrx_word' id='word_1_22' title='bbox 1643 590 1701 643; x_wconf 93' lang='lat' dir='ltr'><strong>S.</strong></span> <span class='ocrx_word' id='word_1_23' title='bbox 1738 587 1932 643; x_wconf 87' lang='lat' dir='ltr'><strong>Petrus</strong></span> <span class='ocrx_word' id='word_1_24' title='bbox 1968 587 2065 641; x_wconf 90' lang='lat' dir='ltr'><strong>Se-</strong></span> 
     </span>
    </p>
   </div>
   <div class='ocr_carea' id='block_1_5' title="bbox 504 678 2065 751">
    <p class='ocr_par' dir='ltr' id='par_1_5' title="bbox 504 678 2065 751">
     <span class='ocr_line' id='line_1_5' title="bbox 504 678 2065 751; baseline -0.006 -13"><span class='ocrx_word' id='word_1_25' title='bbox 504 686 782 749; x_wconf 87' lang='lat' dir='ltr'><strong>bastenus,</strong></span> <span class='ocrx_word' id='word_1_26' title='bbox 806 682 894 751; x_wconf 91' lang='lat' dir='ltr'><strong>qui</strong></span> <span class='ocrx_word' id='word_1_27' title='bbox 918 683 1098 736; x_wconf 92' lang='lat' dir='ltr'><strong>statim</strong></span> <span class='ocrx_word' id='word_1_28' title='bbox 1128 688 1293 749; x_wconf 90' lang='lat' dir='ltr'><strong>atque</strong></span> <span class='ocrx_word' id='word_1_29' title='bbox 1329 679 1379 733; x_wconf 91' lang='lat' dir='ltr'><strong>in</strong></span> <span class='ocrx_word' id='word_1_30' title='bbox 1406 679 1581 733; x_wconf 88' lang='lat' dir='ltr'><strong>lucem</strong></span> <span class='ocrx_word' id='word_1_31' title='bbox 1615 678 1793 733; x_wconf 91' lang='lat' dir='ltr'><strong>editus</strong></span> <span class='ocrx_word' id='word_1_32' title='bbox 1832 686 1938 742; x_wconf 90' lang='lat' dir='ltr'><strong>est,</strong></span> <span class='ocrx_word' id='word_1_33' title='bbox 1966 692 2065 745; x_wconf 91' lang='lat' dir='ltr'><strong>pa-</strong></span> 
     </span>
    </p>
   </div>
   <div class='ocr_carea' id='block_1_6' title="bbox 508 769 2069 839">
    <p class='ocr_par' dir='ltr' id='par_1_6' title="bbox 508 769 2069 839">
     <span class='ocr_line' id='line_1_6' title="bbox 508 769 2069 839; baseline -0.004 -12"><span class='ocrx_word' id='word_1_34' title='bbox 508 784 641 828; x_wconf 90' lang='lat' dir='ltr'><strong>trem</strong></span> <span class='ocrx_word' id='word_1_35' title='bbox 671 774 865 827; x_wconf 89' lang='lat' dir='ltr'><strong>amisit.</strong></span> <span class='ocrx_word' id='word_1_36' title='bbox 897 772 1138 839; x_wconf 81' lang='lat' dir='ltr'><strong>Quatuor</strong></span> <span class='ocrx_word' id='word_1_37' title='bbox 1185 772 1320 825; x_wconf 88' lang='lat' dir='ltr'><strong>ﬁlias</strong></span> <span class='ocrx_word' id='word_1_38' title='bbox 1373 770 1671 825; x_wconf 88' lang='lat' dir='ltr'><strong>honoriﬁce</strong></span> <span class='ocrx_word' id='word_1_39' title='bbox 1701 769 2069 825; x_wconf 81' lang='lat' dir='ltr'><strong>collocaverat</strong></span> 
     </span>
    </p>
   </div>
   <div class='ocr_carea' id='block_1_7' title="bbox 506 858 2073 933">
    <p class='ocr_par' dir='ltr' id='par_1_7' title="bbox 506 858 2073 933">
     <span class='ocr_line' id='line_1_7' title="bbox 506 858 2073 933; baseline -0.006 -11"><span class='ocrx_word' id='word_1_40' title='bbox 506 865 565 923; x_wconf 87' lang='lat' dir='ltr'><strong>S.</strong></span> <span class='ocrx_word' id='word_1_41' title='bbox 596 863 877 928; x_wconf 89' lang='lat' dir='ltr'><strong>Emmelia,</strong></span> <span class='ocrx_word' id='word_1_42' title='bbox 909 863 1063 933; x_wconf 91' lang='lat' dir='ltr'><strong>paulo</strong></span> <span class='ocrx_word' id='word_1_43' title='bbox 1091 872 1377 930; x_wconf 86' lang='lat' dir='ltr'><strong>antequam</strong></span> <span class='ocrx_word' id='word_1_44' title='bbox 1405 860 1636 916; x_wconf 85' lang='lat' dir='ltr'><strong>Basilius</strong></span> <span class='ocrx_word' id='word_1_45' title='bbox 1660 860 1891 915; x_wconf 83' lang='lat' dir='ltr'><strong>Athenis</strong></span> <span class='ocrx_word' id='word_1_46' title='bbox 1926 858 2073 913; x_wconf 86' lang='lat' dir='ltr'><strong>redi-</strong></span> 
     </span>
    </p>
   </div>
   <div class='ocr_carea' id='block_1_8' title="bbox 507 950 2074 1023">
    <p class='ocr_par' dir='ltr' id='par_1_8' title="bbox 507 950 2074 1023">
     <span class='ocr_line' id='line_1_8' title="bbox 507 950 2074 1023; baseline -0.003 -15"><span class='ocrx_word' id='word_1_47' title='bbox 507 965 606 1009; x_wconf 85' lang='lat' dir='ltr'><strong>ret.</strong></span> <span class='ocrx_word' id='word_1_48' title='bbox 637 953 835 1008; x_wconf 85' lang='lat' dir='ltr'><strong>Harum</strong></span> <span class='ocrx_word' id='word_1_49' title='bbox 867 969 933 1007; x_wconf 84' lang='lat' dir='ltr'><strong>ex</strong></span> <span class='ocrx_word' id='word_1_50' title='bbox 968 953 1144 1023; x_wconf 89' lang='lat' dir='ltr'><strong>aliqua</strong></span> <span class='ocrx_word' id='word_1_51' title='bbox 1181 952 1474 1023; x_wconf 69' lang='lat' dir='ltr'><strong>progenita:</strong></span> <span class='ocrx_word' id='word_1_52' title='bbox 1537 952 1755 1006; x_wconf 88' lang='lat' dir='ltr'><strong>fuerunt</strong></span> <span class='ocrx_word' id='word_1_53' title='bbox 1787 950 1891 1005; x_wconf 65' lang='lat' dir='ltr'><strong>illae</strong></span> <span class='ocrx_word' id='word_1_54' title='bbox 1927 950 2074 1005; x_wconf 86' lang='lat' dir='ltr'><strong>Basi-</strong></span> 
     </span>
    </p>
   </div>
   <div class='ocr_carea' id='block_1_9' title="bbox 511 1042 2074 1114">
    <p class='ocr_par' dir='ltr' id='par_1_9' title="bbox 511 1042 2074 1114">
     <span class='ocr_line' id='line_1_9' title="bbox 511 1042 2074 1114; baseline -0.001 -17"><span class='ocrx_word' id='word_1_55' title='bbox 511 1044 571 1098; x_wconf 85' lang='lat' dir='ltr'><strong>lii</strong></span> <span class='ocrx_word' id='word_1_56' title='bbox 624 1046 825 1101; x_wconf 89' lang='lat' dir='ltr'><strong>sororis</strong></span> <span class='ocrx_word' id='word_1_57' title='bbox 891 1045 1011 1098; x_wconf 70' lang='lat' dir='ltr'><strong>ﬁlire</strong></span> <span class='ocrx_word' id='word_1_58' title='bbox 1036 1085 1050 1111; x_wconf 94' lang='lat'><strong>,</strong></span> <span class='ocrx_word' id='word_1_59' title='bbox 1105 1058 1243 1114; x_wconf 88' lang='lat' dir='ltr'><strong>quas</strong></span> <span class='ocrx_word' id='word_1_60' title='bbox 1276 1043 1613 1099; x_wconf 87' lang='lat' dir='ltr'><strong>Gaudentius</strong></span> <span class='ocrx_word' id='word_1_61' title='bbox 1642 1042 1717 1113; x_wconf 89' lang='lat' dir='ltr'><strong>(a)</strong></span> <span class='ocrx_word' id='word_1_62' title='bbox 1752 1042 2074 1098; x_wconf 65' lang='lat' dir='ltr'><strong>Catsariensi</strong></span> 
     </span>
    </p>
   </div>
   <div class='ocr_carea' id='block_1_10' title="bbox 509 1134 2075 1206">
    <p class='ocr_par' dir='ltr' id='par_1_10' title="bbox 509 1134 2075 1206">
     <span class='ocr_line' id='line_1_10' title="bbox 509 1134 2075 1206; baseline -0.002 -14"><span class='ocrx_word' id='word_1_63' title='bbox 509 1138 838 1194; x_wconf 90' lang='lat' dir='ltr'><strong>monasterio</strong></span> <span class='ocrx_word' id='word_1_64' title='bbox 883 1137 1162 1206; x_wconf 83' lang='lat' dir='ltr'><strong>praefuisse</strong></span> <span class='ocrx_word' id='word_1_65' title='bbox 1194 1146 1441 1193; x_wconf 76' lang='lat' dir='ltr'><strong>teStatur.</strong></span> <span class='ocrx_word' id='word_1_66' title='bbox 1475 1135 1618 1191; x_wconf 89' lang='lat' dir='ltr'><strong>Inter</strong></span> <span class='ocrx_word' id='word_1_67' title='bbox 1646 1134 2075 1205; x_wconf 90' lang='lat' dir='ltr'><strong>consanguineos</strong></span> 
     </span>
    </p>
   </div>
   <div class='ocr_carea' id='block_1_11' title="bbox 506 1227 2073 1298">
    <p class='ocr_par' dir='ltr' id='par_1_11' title="bbox 506 1227 2073 1298">
     <span class='ocr_line' id='line_1_11' title="bbox 506 1227 2073 1298; baseline -0.001 -15"><span class='ocrx_word' id='word_1_68' title='bbox 506 1229 690 1285; x_wconf 85' lang='lat' dir='ltr'><strong>Basilii</strong></span> <span class='ocrx_word' id='word_1_69' title='bbox 724 1231 927 1285; x_wconf 89' lang='lat' dir='ltr'><strong>eminet</strong></span> <span class='ocrx_word' id='word_1_70' title='bbox 984 1229 1231 1297; x_wconf 91' lang='lat' dir='ltr'><strong>inprimis</strong></span> <span class='ocrx_word' id='word_1_71' title='bbox 1275 1239 1502 1298; x_wconf 90' lang='lat' dir='ltr'><strong>patruus</strong></span> <span class='ocrx_word' id='word_1_72' title='bbox 1538 1227 1654 1297; x_wconf 87' lang='lat' dir='ltr'><strong>ejus</strong></span> <span class='ocrx_word' id='word_1_73' title='bbox 1686 1228 1984 1297; x_wconf 78' lang='lat' dir='ltr'><strong>Gregorius</strong></span> <span class='ocrx_word' id='word_1_74' title='bbox 2021 1227 2073 1282; x_wconf 90' lang='lat' dir='ltr'><strong>in</strong></span> 
     </span>
    </p>
   </div>
   <div class='ocr_carea' id='block_1_12' title="bbox 508 1318 2075 1391">
    <p class='ocr_par' dir='ltr' id='par_1_12' title="bbox 508 1318 2075 1391">
     <span class='ocr_line' id='line_1_12' title="bbox 508 1318 2075 1391; baseline -0.003 -14"><span class='ocrx_word' id='word_1_75' title='bbox 508 1321 847 1391; x_wconf 85' lang='lat' dir='ltr'><strong>Cappadocia</strong></span> <span class='ocrx_word' id='word_1_76' title='bbox 908 1321 1195 1389; x_wconf 86' lang='lat' dir='ltr'><strong>episcopus</strong></span> <span class='ocrx_word' id='word_1_77' title='bbox 1221 1360 1237 1385; x_wconf 89' lang='lat'><strong>,</strong></span> <span class='ocrx_word' id='word_1_78' title='bbox 1273 1320 1364 1390; x_wconf 93' lang='lat' dir='ltr'><strong>qui</strong></span> <span class='ocrx_word' id='word_1_79' title='bbox 1415 1336 1538 1375; x_wconf 91' lang='lat' dir='ltr'><strong>cum</strong></span> <span class='ocrx_word' id='word_1_80' title='bbox 1580 1321 1680 1390; x_wconf 91' lang='lat' dir='ltr'><strong>ipsi</strong></span> <span class='ocrx_word' id='word_1_81' title='bbox 1728 1334 1789 1375; x_wconf 91' lang='lat' dir='ltr'><strong>ac</strong></span> <span class='ocrx_word' id='word_1_82' title='bbox 1813 1318 2075 1373; x_wconf 87' lang='lat' dir='ltr'><strong>fratribus</strong></span> 
     </span>
    </p>
   </div>
   <div class='ocr_carea' id='block_1_13' title="bbox 508 1411 2077 1484">
    <p class='ocr_par' dir='ltr' id='par_1_13' title="bbox 508 1411 2077 1484">
     <span class='ocr_line' id='line_1_13' title="bbox 508 1411 2077 1484; baseline -0.001 -17"><span class='ocrx_word' id='word_1_83' title='bbox 508 1414 751 1483; x_wconf 88' lang='lat' dir='ltr'><strong>parentis</strong></span> <span class='ocrx_word' id='word_1_84' title='bbox 785 1412 901 1469; x_wconf 94' lang='lat' dir='ltr'><strong>loco</strong></span> <span class='ocrx_word' id='word_1_85' title='bbox 922 1414 1239 1477; x_wconf 80' lang='lat' dir='ltr'><strong>exstitisset,</strong></span> <span class='ocrx_word' id='word_1_86' title='bbox 1266 1422 1451 1484; x_wconf 90' lang='lat' dir='ltr'><strong>postea</strong></span> <span class='ocrx_word' id='word_1_87' title='bbox 1486 1428 1606 1468; x_wconf 91' lang='lat' dir='ltr'><strong>cum</strong></span> <span class='ocrx_word' id='word_1_88' title='bbox 1654 1412 1901 1481; x_wconf 89' lang='lat' dir='ltr'><strong>pluribus</strong></span> <span class='ocrx_word' id='word_1_89' title='bbox 1955 1411 2077 1465; x_wconf 86' lang='lat' dir='ltr'><strong>aliis</strong></span> 
     </span>
    </p>
   </div>
   <div class='ocr_carea' id='block_1_14' title="bbox 507 1502 2071 1575">
    <p class='ocr_par' dir='ltr' id='par_1_14' title="bbox 507 1502 2071 1575">
     <span class='ocr_line' id='line_1_14' title="bbox 507 1502 2071 1575; baseline -0.003 -17"><span class='ocrx_word' id='word_1_90' title='bbox 507 1502 860 1574; x_wconf 68' lang='lat' dir='ltr'><strong>Cappadociae</strong></span> <span class='ocrx_word' id='word_1_91' title='bbox 891 1505 1157 1575; x_wconf 91' lang='lat' dir='ltr'><strong>episcopis</strong></span> <span class='ocrx_word' id='word_1_92' title='bbox 1202 1504 1317 1572; x_wconf 88' lang='lat' dir='ltr'><strong>ejus</strong></span> <span class='ocrx_word' id='word_1_93' title='bbox 1364 1503 1689 1559; x_wconf 89' lang='lat' dir='ltr'><strong>ordinationi</strong></span> <span class='ocrx_word' id='word_1_94' title='bbox 1740 1502 2071 1557; x_wconf 81' lang='lat' dir='ltr'><strong>intercessit.</strong></span> 
     </span>
    </p>
   </div>
   <div class='ocr_carea' id='block_1_15' title="bbox 508 1592 2079 1668">
    <p class='ocr_par' dir='ltr' id='par_1_15' title="bbox 508 1592 2079 1668">
     <span class='ocr_line' id='line_1_15' title="bbox 508 1592 2079 1668; baseline -0.005 -16"><span class='ocrx_word' id='word_1_95' title='bbox 508 1596 780 1668; x_wconf 87' lang='lat' dir='ltr'><strong>Cognatos</strong></span> <span class='ocrx_word' id='word_1_96' title='bbox 833 1596 1063 1651; x_wconf 86' lang='lat' dir='ltr'><strong>Basilius</strong></span> <span class='ocrx_word' id='word_1_97' title='bbox 1116 1595 1307 1651; x_wconf 89' lang='lat' dir='ltr'><strong>habuit</strong></span> <span class='ocrx_word' id='word_1_98' title='bbox 1351 1594 1633 1649; x_wconf 86' lang='lat' dir='ltr'><strong>Atarbium</strong></span> <span class='ocrx_word' id='word_1_99' title='bbox 1683 1592 2079 1647; x_wconf 67' lang='lat' dir='ltr'><strong>Neocaesarien-</strong></span> 
     </span>
    </p>
   </div>
   <div class='ocr_carea' id='block_1_16' title="bbox 510 1682 2077 1758">
    <p class='ocr_par' dir='ltr' id='par_1_16' title="bbox 510 1682 2077 1758">
     <span class='ocr_line' id='line_1_16' title="bbox 510 1682 2077 1758; baseline -0.005 -15"><span class='ocrx_word' id='word_1_100' title='bbox 510 1702 647 1755; x_wconf 89' lang='lat' dir='ltr'><strong>sem,</strong></span> <span class='ocrx_word' id='word_1_101' title='bbox 705 1686 971 1743; x_wconf 87' lang='lat' dir='ltr'><strong>Soranum</strong></span> <span class='ocrx_word' id='word_1_102' title='bbox 1002 1687 1243 1758; x_wconf 80' lang='lat' dir='ltr'><strong>Scythici</strong></span> <span class='ocrx_word' id='word_1_103' title='bbox 1300 1685 1484 1740; x_wconf 89' lang='lat' dir='ltr'><strong>limitis</strong></span> <span class='ocrx_word' id='word_1_104' title='bbox 1511 1685 1723 1747; x_wconf 92' lang='lat' dir='ltr'><strong>ducem,</strong></span> <span class='ocrx_word' id='word_1_105' title='bbox 1757 1695 1810 1736; x_wconf 91' lang='lat' dir='ltr'><strong>et</strong></span> <span class='ocrx_word' id='word_1_106' title='bbox 1862 1682 2077 1736; x_wconf 77' lang='lat' dir='ltr'><strong>Pceme-</strong></span> 
     </span>
    </p>
   </div>
   <div class='ocr_carea' id='block_1_17' title="bbox 509 1773 2075 1850">
    <p class='ocr_par' dir='ltr' id='par_1_17' title="bbox 509 1773 2075 1850">
     <span class='ocr_line' id='line_1_17' title="bbox 509 1773 2075 1850; baseline -0.004 -17"><span class='ocrx_word' id='word_1_107' title='bbox 509 1780 680 1845; x_wconf 86' lang='lat' dir='ltr'><strong>nium,</strong></span> <span class='ocrx_word' id='word_1_108' title='bbox 711 1794 868 1850; x_wconf 82' lang='lat' dir='ltr'><strong>quem</strong></span> <span class='ocrx_word' id='word_1_109' title='bbox 897 1778 1160 1835; x_wconf 86' lang='lat' dir='ltr'><strong>Satalensi</strong></span> <span class='ocrx_word' id='word_1_110' title='bbox 1193 1777 1446 1833; x_wconf 74' lang='lat' dir='ltr'><strong>Ecclesia:</strong></span> <span class='ocrx_word' id='word_1_111' title='bbox 1470 1777 1781 1846; x_wconf 88' lang='lat' dir='ltr'><strong>episcopum</strong></span> <span class='ocrx_word' id='word_1_112' title='bbox 1815 1773 2075 1845; x_wconf 88' lang='lat' dir='ltr'><strong>dedit(b),</strong></span> 
     </span>
    </p>
   </div>
   <div class='ocr_carea' id='block_1_18' title="bbox 2173 588 3736 657">
    <p class='ocr_par' dir='ltr' id='par_1_18' title="bbox 2173 588 3736 657">
     <span class='ocr_line' id='line_1_18' title="bbox 2173 588 3736 657; baseline 0.004 -16"><span class='ocrx_word' id='word_1_113' title='bbox 2173 597 2319 641; x_wconf 89' lang='lat' dir='ltr'><strong>stros</strong></span> <span class='ocrx_word' id='word_1_114' title='bbox 2348 588 2726 657; x_wconf 84' lang='lat' dir='ltr'><strong>mysteriorum</strong></span> <span class='ocrx_word' id='word_1_115' title='bbox 2757 597 2808 641; x_wconf 92' lang='lat' dir='ltr'><strong>et</strong></span> <span class='ocrx_word' id='word_1_116' title='bbox 2832 600 3012 655; x_wconf 83' lang='lat' dir='ltr'><strong>patres</strong></span> <span class='ocrx_word' id='word_1_117' title='bbox 3037 588 3342 656; x_wconf 88' lang='lat' dir='ltr'><strong>spirituales</strong></span> <span class='ocrx_word' id='word_1_118' title='bbox 3372 591 3621 647; x_wconf 86' lang='lat' dir='ltr'><strong>habuisse</strong></span> <span class='ocrx_word' id='word_1_119' title='bbox 3652 596 3736 648; x_wconf 86' lang='lat' dir='ltr'><strong>di-</strong></span> 
     </span>
    </p>
   </div>
   <div class='ocr_carea' id='block_1_19' title="bbox 2174 676 3734 752">
    <p class='ocr_par' dir='ltr' id='par_1_19' title="bbox 2174 676 3734 752">
     <span class='ocr_line' id='line_1_19' title="bbox 2174 676 3734 752; baseline 0.004 -22"><span class='ocrx_word' id='word_1_120' title='bbox 2174 678 2245 730; x_wconf 87' lang='lat' dir='ltr'><strong>cit</strong></span> <span class='ocrx_word' id='word_1_121' title='bbox 2280 677 2378 748; x_wconf 90' lang='lat' dir='ltr'><strong>(g),</strong></span> <span class='ocrx_word' id='word_1_122' title='bbox 2410 676 2743 745; x_wconf 81' lang='lat' dir='ltr'><strong>Gregorium,</strong></span> <span class='ocrx_word' id='word_1_123' title='bbox 2795 694 3055 730; x_wconf 85' lang='lat' dir='ltr'><strong>summum</strong></span> <span class='ocrx_word' id='word_1_124' title='bbox 3104 678 3253 730; x_wconf 87' lang='lat' dir='ltr'><strong>illum</strong></span> <span class='ocrx_word' id='word_1_125' title='bbox 3289 680 3454 732; x_wconf 85' lang='lat' dir='ltr'><strong>virum</strong></span> <span class='ocrx_word' id='word_1_126' title='bbox 3488 691 3535 733; x_wconf 86' lang='lat' dir='ltr'><strong>et</strong></span> <span class='ocrx_word' id='word_1_127' title='bbox 3578 696 3734 752; x_wconf 83' lang='lat' dir='ltr'><strong>quot-</strong></span> 
     </span>
    </p>
   </div>
   <div class='ocr_carea' id='block_1_20' title="bbox 2174 769 3736 841">
    <p class='ocr_par' dir='ltr' id='par_1_20' title="bbox 2174 769 3736 841">
     <span class='ocr_line' id='line_1_20' title="bbox 2174 769 3736 841; baseline 0.001 -18"><span class='ocrx_word' id='word_1_128' title='bbox 2174 778 2296 841; x_wconf 83' lang='lat' dir='ltr'><strong>quot</strong></span> <span class='ocrx_word' id='word_1_129' title='bbox 2326 780 2441 839; x_wconf 86' lang='lat' dir='ltr'><strong>post</strong></span> <span class='ocrx_word' id='word_1_130' title='bbox 2475 787 2593 823; x_wconf 87' lang='lat' dir='ltr'><strong>eum</strong></span> <span class='ocrx_word' id='word_1_131' title='bbox 2625 769 2735 824; x_wconf 91' lang='lat' dir='ltr'><strong>sedi</strong></span> <span class='ocrx_word' id='word_1_132' title='bbox 2761 771 3043 838; x_wconf 78' lang='lat' dir='ltr'><strong>episcopali</strong></span> <span class='ocrx_word' id='word_1_133' title='bbox 3074 772 3427 836; x_wconf 76' lang='lat' dir='ltr'><strong>succedentes,</strong></span> <span class='ocrx_word' id='word_1_134' title='bbox 3457 774 3592 825; x_wconf 84' lang='lat' dir='ltr'><strong>alius</strong></span> <span class='ocrx_word' id='word_1_135' title='bbox 3622 786 3736 839; x_wconf 82' lang='lat' dir='ltr'><strong>post</strong></span> 
     </span>
    </p>
   </div>
   <div class='ocr_carea' id='block_1_21' title="bbox 2175 860 3739 930">
    <p class='ocr_par' dir='ltr' id='par_1_21' title="bbox 2175 860 3739 930">
     <span class='ocr_line' id='line_1_21' title="bbox 2175 860 3739 930; baseline 0.001 -15"><span class='ocrx_word' id='word_1_136' title='bbox 2175 863 2334 915; x_wconf 90' lang='lat' dir='ltr'><strong>alium</strong></span> <span class='ocrx_word' id='word_1_137' title='bbox 2363 860 2518 916; x_wconf 79' lang='lat' dir='ltr'><strong>veluti</strong></span> <span class='ocrx_word' id='word_1_138' title='bbox 2544 860 2709 915; x_wconf 74' lang='lat' dir='ltr'><strong>stella:</strong></span> <span class='ocrx_word' id='word_1_139' title='bbox 2743 860 2985 930; x_wconf 74' lang='lat' dir='ltr'><strong>qutedam</strong></span> <span class='ocrx_word' id='word_1_140' title='bbox 3015 862 3329 923; x_wconf 75' lang='lat' dir='ltr'><strong>exorientes,</strong></span> <span class='ocrx_word' id='word_1_141' title='bbox 3364 862 3548 915; x_wconf 79' lang='lat' dir='ltr'><strong>iisdem</strong></span> <span class='ocrx_word' id='word_1_142' title='bbox 3584 865 3739 917; x_wconf 80' lang='lat' dir='ltr'><strong>vesti-</strong></span> 
     </span>
    </p>
   </div>
   <div class='ocr_carea' id='block_1_22' title="bbox 2174 952 3737 1025">
    <p class='ocr_par' dir='ltr' id='par_1_22' title="bbox 2174 952 3737 1025">
     <span class='ocr_line' id='line_1_22' title="bbox 2174 952 3737 1025; baseline 0 -18"><span class='ocrx_word' id='word_1_143' title='bbox 2174 956 2272 1025; x_wconf 86' lang='lat' dir='ltr'><strong>giis</strong></span> <span class='ocrx_word' id='word_1_144' title='bbox 2310 955 2633 1009; x_wconf 85' lang='lat' dir='ltr'><strong>institerunt.</strong></span> <span class='ocrx_word' id='word_1_145' title='bbox 2672 953 2814 1007; x_wconf 89' lang='lat' dir='ltr'><strong>Inter</strong></span> <span class='ocrx_word' id='word_1_146' title='bbox 2848 954 2946 1009; x_wconf 90' lang='lat' dir='ltr'><strong>bos</strong></span> <span class='ocrx_word' id='word_1_147' title='bbox 2979 952 3228 1023; x_wconf 84' lang='lat' dir='ltr'><strong>Gregorii</strong></span> <span class='ocrx_word' id='word_1_148' title='bbox 3263 968 3606 1010; x_wconf 87' lang='lat' dir='ltr'><strong>successores</strong></span> <span class='ocrx_word' id='word_1_149' title='bbox 3636 971 3737 1008; x_wconf 89' lang='lat' dir='ltr'><strong>nu-</strong></span> 
     </span>
    </p>
   </div>
   <div class='ocr_carea' id='block_1_23' title="bbox 2175 1046 3741 1116">
    <p class='ocr_par' dir='ltr' id='par_1_23' title="bbox 2175 1046 3741 1116">
     <span class='ocr_line' id='line_1_23' title="bbox 2175 1046 3741 1116; baseline -0.004 -12"><span class='ocrx_word' id='word_1_150' title='bbox 2175 1057 2350 1104; x_wconf 90' lang='lat' dir='ltr'><strong>merat</strong></span> <span class='ocrx_word' id='word_1_151' title='bbox 2378 1048 2520 1102; x_wconf 89' lang='lat' dir='ltr'><strong>haud</strong></span> <span class='ocrx_word' id='word_1_152' title='bbox 2552 1046 2712 1101; x_wconf 88' lang='lat' dir='ltr'><strong>dubie</strong></span> <span class='ocrx_word' id='word_1_153' title='bbox 2743 1046 3046 1100; x_wconf 83' lang='lat' dir='ltr'><strong>Musonium</strong></span> <span class='ocrx_word' id='word_1_154' title='bbox 3076 1086 3091 1111; x_wconf 95' lang='lat'><strong>,</strong></span> <span class='ocrx_word' id='word_1_155' title='bbox 3127 1047 3634 1116; x_wconf 64' lang='lat' dir='ltr'><strong>praestantissimum</strong></span> <span class='ocrx_word' id='word_1_156' title='bbox 3662 1048 3741 1099; x_wconf 85' lang='lat' dir='ltr'><strong>vi-</strong></span> 
     </span>
    </p>
   </div>
   <div class='ocr_carea' id='block_1_24' title="bbox 2177 1137 3740 1209">
    <p class='ocr_par' dir='ltr' id='par_1_24' title="bbox 2177 1137 3740 1209">
     <span class='ocr_line' id='line_1_24' title="bbox 2177 1137 3740 1209; baseline 0.001 -17"><span class='ocrx_word' id='word_1_157' title='bbox 2177 1154 2337 1202; x_wconf 89' lang='lat' dir='ltr'><strong>rum,</strong></span> <span class='ocrx_word' id='word_1_158' title='bbox 2372 1138 2459 1193; x_wconf 92' lang='lat' dir='ltr'><strong>cui</strong></span> <span class='ocrx_word' id='word_1_159' title='bbox 2520 1137 2677 1209; x_wconf 91' lang='lat' dir='ltr'><strong>longe</strong></span> <span class='ocrx_word' id='word_1_160' title='bbox 2734 1138 3014 1192; x_wconf 88' lang='lat' dir='ltr'><strong>dissimilis</strong></span> <span class='ocrx_word' id='word_1_161' title='bbox 3061 1139 3320 1193; x_wconf 85' lang='lat' dir='ltr'><strong>Atarbius</strong></span> <span class='ocrx_word' id='word_1_162' title='bbox 3374 1147 3740 1194; x_wconf 86' lang='lat' dir='ltr'><strong>successerat.</strong></span> 
     </span>
    </p>
   </div>
   <div class='ocr_carea' id='block_1_25' title="bbox 2177 1228 3743 1299">
    <p class='ocr_par' dir='ltr' id='par_1_25' title="bbox 2177 1228 3743 1299">
     <span class='ocr_line' id='line_1_25' title="bbox 2177 1228 3743 1299; baseline 0.002 -15"><span class='ocrx_word' id='word_1_163' title='bbox 2177 1228 2345 1284; x_wconf 86' lang='lat' dir='ltr'><strong>Porro</strong></span> <span class='ocrx_word' id='word_1_164' title='bbox 2396 1239 2620 1285; x_wconf 67' lang='lat' dir='ltr'><strong>caeteros</strong></span> <span class='ocrx_word' id='word_1_165' title='bbox 2667 1230 2886 1297; x_wconf 85' lang='lat' dir='ltr'><strong>quidem</strong></span> <span class='ocrx_word' id='word_1_166' title='bbox 2943 1231 3224 1299; x_wconf 88' lang='lat' dir='ltr'><strong>episcopos</strong></span> <span class='ocrx_word' id='word_1_167' title='bbox 3280 1230 3743 1287; x_wconf 66' lang='lat' dir='ltr'><strong>Neocaasarienses</strong></span> 
     </span>
    </p>
   </div>
   <div class='ocr_carea' id='block_1_26' title="bbox 2177 1321 3742 1392">
    <p class='ocr_par' dir='ltr' id='par_1_26' title="bbox 2177 1321 3742 1392">
     <span class='ocr_line' id='line_1_26' title="bbox 2177 1321 3742 1392; baseline 0.001 -18"><span class='ocrx_word' id='word_1_168' title='bbox 2177 1321 2298 1375; x_wconf 88' lang='lat' dir='ltr'><strong>avia</strong></span> <span class='ocrx_word' id='word_1_169' title='bbox 2340 1329 2598 1375; x_wconf 86' lang='lat' dir='ltr'><strong>narrante</strong></span> <span class='ocrx_word' id='word_1_170' title='bbox 2630 1321 2881 1389; x_wconf 79' lang='lat' dir='ltr'><strong>cognovit</strong></span> <span class='ocrx_word' id='word_1_171' title='bbox 2907 1321 3176 1386; x_wconf 89' lang='lat' dir='ltr'><strong>Basilius;</strong></span> <span class='ocrx_word' id='word_1_172' title='bbox 3223 1330 3277 1375; x_wconf 90' lang='lat' dir='ltr'><strong>at</strong></span> <span class='ocrx_word' id='word_1_173' title='bbox 3306 1322 3604 1377; x_wconf 81' lang='lat' dir='ltr'><strong>Musonium</strong></span> <span class='ocrx_word' id='word_1_174' title='bbox 3645 1338 3742 1392; x_wconf 91' lang='lat' dir='ltr'><strong>per</strong></span> 
     </span>
    </p>
   </div>
   <div class='ocr_carea' id='block_1_27' title="bbox 2178 1410 3745 1481">
    <p class='ocr_par' dir='ltr' id='par_1_27' title="bbox 2178 1410 3745 1481">
     <span class='ocr_line' id='line_1_27' title="bbox 2178 1410 3745 1481; baseline 0.001 -16"><span class='ocrx_word' id='word_1_175' title='bbox 2178 1426 2237 1466; x_wconf 91' lang='lat' dir='ltr'><strong>se</strong></span> <span class='ocrx_word' id='word_1_176' title='bbox 2268 1412 2382 1481; x_wconf 91' lang='lat' dir='ltr'><strong>ipse</strong></span> <span class='ocrx_word' id='word_1_177' title='bbox 2408 1426 2540 1479; x_wconf 87' lang='lat' dir='ltr'><strong>puer</strong></span> <span class='ocrx_word' id='word_1_178' title='bbox 2563 1412 2775 1465; x_wconf 88' lang='lat' dir='ltr'><strong>videtur</strong></span> <span class='ocrx_word' id='word_1_179' title='bbox 2805 1411 3058 1465; x_wconf 80' lang='lat' dir='ltr'><strong>audiisse.</strong></span> <span class='ocrx_word' id='word_1_180' title='bbox 3091 1410 3140 1467; x_wconf 89' lang='lat' dir='ltr'><strong>Is</strong></span> <span class='ocrx_word' id='word_1_181' title='bbox 3166 1414 3309 1467; x_wconf 91' lang='lat' dir='ltr'><strong>enim</strong></span> <span class='ocrx_word' id='word_1_182' title='bbox 3340 1428 3463 1469; x_wconf 93' lang='lat' dir='ltr'><strong>cum</strong></span> <span class='ocrx_word' id='word_1_183' title='bbox 3493 1422 3745 1467; x_wconf 90' lang='lat' dir='ltr'><strong>mortuus</strong></span> 
     </span>
    </p>
   </div>
   <div class='ocr_carea' id='block_1_28' title="bbox 2178 1500 3741 1569">
    <p class='ocr_par' dir='ltr' id='par_1_28' title="bbox 2178 1500 3741 1569">
     <span class='ocr_line' id='line_1_28' title="bbox 2178 1500 3741 1569; baseline 0 -11"><span class='ocrx_word' id='word_1_184' title='bbox 2178 1502 2248 1558; x_wconf 90' lang='lat' dir='ltr'><strong>sit</strong></span> <span class='ocrx_word' id='word_1_185' title='bbox 2280 1516 2421 1555; x_wconf 91' lang='lat' dir='ltr'><strong>anno</strong></span> <span class='ocrx_word' id='word_1_186' title='bbox 2442 1501 2547 1557; x_wconf 80' lang='lat'><strong>568</strong></span> <span class='ocrx_word' id='word_1_187' title='bbox 2577 1511 2670 1555; x_wconf 93' lang='lat' dir='ltr'><strong>aut</strong></span> <span class='ocrx_word' id='word_1_188' title='bbox 2704 1500 2832 1565; x_wconf 78' lang='lat'><strong>369,</strong></span> <span class='ocrx_word' id='word_1_189' title='bbox 2879 1516 2981 1556; x_wconf 92' lang='lat' dir='ltr'><strong>non</strong></span> <span class='ocrx_word' id='word_1_190' title='bbox 3010 1504 3293 1557; x_wconf 88' lang='lat' dir='ltr'><strong>admodum</strong></span> <span class='ocrx_word' id='word_1_191' title='bbox 3324 1518 3512 1569; x_wconf 85' lang='lat' dir='ltr'><strong>senex,</strong></span> <span class='ocrx_word' id='word_1_192' title='bbox 3543 1504 3741 1558; x_wconf 89' lang='lat' dir='ltr'><strong>docere</strong></span> 
     </span>
    </p>
   </div>
   <div class='ocr_carea' id='block_1_29' title="bbox 2179 1591 3747 1663">
    <p class='ocr_par' dir='ltr' id='par_1_29' title="bbox 2179 1591 3747 1663">
     <span class='ocr_line' id='line_1_29' title="bbox 2179 1591 3747 1663; baseline -0.003 -15"><span class='ocrx_word' id='word_1_193' title='bbox 2179 1609 2287 1649; x_wconf 93' lang='lat' dir='ltr'><strong>non</strong></span> <span class='ocrx_word' id='word_1_194' title='bbox 2320 1593 2493 1663; x_wconf 92' lang='lat' dir='ltr'><strong>potuit</strong></span> <span class='ocrx_word' id='word_1_195' title='bbox 2524 1591 2820 1648; x_wconf 82' lang='lat' dir='ltr'><strong>Macrinam</strong></span> <span class='ocrx_word' id='word_1_196' title='bbox 2847 1630 2864 1656; x_wconf 91' lang='lat'><strong>,</strong></span> <span class='ocrx_word' id='word_1_197' title='bbox 2890 1606 3009 1659; x_wconf 66' lang='lat' dir='ltr'><strong>qum</strong></span> <span class='ocrx_word' id='word_1_198' title='bbox 3048 1592 3100 1647; x_wconf 93' lang='lat' dir='ltr'><strong>in</strong></span> <span class='ocrx_word' id='word_1_199' title='bbox 3126 1592 3231 1646; x_wconf 91' lang='lat' dir='ltr'><strong>alia</strong></span> <span class='ocrx_word' id='word_1_200' title='bbox 3260 1592 3484 1647; x_wconf 69' lang='lat' dir='ltr'><strong>dioecesi</strong></span> <span class='ocrx_word' id='word_1_201' title='bbox 3514 1592 3747 1660; x_wconf 80' lang='lat' dir='ltr'><strong>degebat</strong></span> 
     </span>
    </p>
   </div>
   <div class='ocr_carea' id='block_1_30' title="bbox 2180 1683 3742 1755">
    <p class='ocr_par' dir='ltr' id='par_1_30' title="bbox 2180 1683 3742 1755">
     <span class='ocr_line' id='line_1_30' title="bbox 2180 1683 3742 1755; baseline -0.001 -16"><span class='ocrx_word' id='word_1_202' title='bbox 2180 1700 2284 1741; x_wconf 91' lang='lat' dir='ltr'><strong>non</strong></span> <span class='ocrx_word' id='word_1_203' title='bbox 2309 1685 2479 1739; x_wconf 90' lang='lat' dir='ltr'><strong>multo</strong></span> <span class='ocrx_word' id='word_1_204' title='bbox 2512 1692 2634 1753; x_wconf 90' lang='lat' dir='ltr'><strong>post</strong></span> <span class='ocrx_word' id='word_1_205' title='bbox 2663 1698 2860 1737; x_wconf 91' lang='lat' dir='ltr'><strong>annum</strong></span> <span class='ocrx_word' id='word_1_206' title='bbox 2899 1683 3024 1748; x_wconf 78' lang='lat'><strong>550,</strong></span> <span class='ocrx_word' id='word_1_207' title='bbox 3051 1698 3241 1753; x_wconf 89' lang='lat' dir='ltr'><strong>nempe</strong></span> <span class='ocrx_word' id='word_1_208' title='bbox 3272 1684 3326 1739; x_wconf 85' lang='lat' dir='ltr'><strong>in</strong></span> <span class='ocrx_word' id='word_1_209' title='bbox 3355 1684 3449 1740; x_wconf 92' lang='lat' dir='ltr'><strong>illo</strong></span> <span class='ocrx_word' id='word_1_210' title='bbox 3478 1699 3619 1755; x_wconf 88' lang='lat' dir='ltr'><strong>pago</strong></span> <span class='ocrx_word' id='word_1_211' title='bbox 3653 1686 3742 1738; x_wconf 89' lang='lat' dir='ltr'><strong>ubi</strong></span> 
     </span>
    </p>
   </div>
   <div class='ocr_carea' id='block_1_31' title="bbox 2181 1772 2736 1827">
    <p class='ocr_par' dir='ltr' id='par_1_31' title="bbox 2181 1772 2736 1827">
     <span class='ocr_line' id='line_1_31' title="bbox 2181 1772 2736 1827; baseline -0.002 -2"><span class='ocrx_word' id='word_1_212' title='bbox 2181 1772 2436 1827; x_wconf 87' lang='lat' dir='ltr'><strong>Basilium</strong></span> <span class='ocrx_word' id='word_1_213' title='bbox 2468 1772 2736 1826; x_wconf 85' lang='lat' dir='ltr'><strong>educavit.</strong></span> 
     </span>
    </p>
   </div>
   <div class='ocr_carea' id='block_1_32' title="bbox 509 1841 3746 1941">
    <p class='ocr_par' dir='ltr' id='par_1_32' title="bbox 509 1841 3746 1941">
     <span class='ocr_line' id='line_1_32' title="bbox 509 1841 3746 1941; baseline -0.002 -16"><span class='ocrx_word' id='word_1_214' title='bbox 509 1870 826 1939; x_wconf 86' lang='lat' dir='ltr'><strong>Palladiam,</strong></span> <span class='ocrx_word' id='word_1_215' title='bbox 858 1886 1015 1941; x_wconf 91' lang='lat' dir='ltr'><strong>quam</strong></span> <span class='ocrx_word' id='word_1_216' title='bbox 1052 1880 1163 1926; x_wconf 92' lang='lat' dir='ltr'><strong>tum</strong></span> <span class='ocrx_word' id='word_1_217' title='bbox 1199 1870 1268 1925; x_wconf 93' lang='lat' dir='ltr'><strong>ob</strong></span> <span class='ocrx_word' id='word_1_218' title='bbox 1298 1868 1545 1939; x_wconf 86' lang='lat' dir='ltr'><strong>egregios</strong></span> <span class='ocrx_word' id='word_1_219' title='bbox 1598 1882 1798 1932; x_wconf 90' lang='lat' dir='ltr'><strong>mores,</strong></span> <span class='ocrx_word' id='word_1_220' title='bbox 1831 1876 1942 1919; x_wconf 90' lang='lat' dir='ltr'><strong>tum</strong></span> <span class='ocrx_word' id='word_1_221' title='bbox 2003 1867 2071 1919; x_wconf 94' lang='lat' dir='ltr'><strong>ob</strong></span> <span class='ocrx_word' id='word_1_222' title='bbox 2109 1841 2151 1895; x_wconf 75' lang='grc' dir='ltr'><strong>Β</strong></span> <span class='ocrx_word' id='word_1_223' title='bbox 2250 1863 2566 1918; x_wconf 88' lang='lat' dir='ltr'><strong>Translatus</strong></span> <span class='ocrx_word' id='word_1_224' title='bbox 2596 1861 2998 1916; x_wconf 76' lang='lat' dir='ltr'><strong>Neocaesaream</strong></span> <span class='ocrx_word' id='word_1_225' title='bbox 3035 1862 3266 1918; x_wconf 89' lang='lat' dir='ltr'><strong>Basilius</strong></span> <span class='ocrx_word' id='word_1_226' title='bbox 3294 1864 3501 1919; x_wconf 84' lang='lat' dir='ltr'><strong>invenit</strong></span> <span class='ocrx_word' id='word_1_227' title='bbox 3536 1865 3588 1918; x_wconf 93' lang='lat' dir='ltr'><strong>in</strong></span> <span class='ocrx_word' id='word_1_228' title='bbox 3614 1863 3746 1919; x_wconf 84' lang='lat' dir='ltr'><strong>Em-</strong></span> 
     </span>
    </p>
   </div>
   <div class='ocr_carea' id='block_1_33' title="bbox 510 1956 2077 2033">
    <p class='ocr_par' dir='ltr' id='par_1_33' title="bbox 510 1956 2077 2033">
     <span class='ocr_line' id='line_1_33' title="bbox 510 1956 2077 2033; baseline -0.005 -17"><span class='ocrx_word' id='word_1_229' title='bbox 510 1961 1031 2033; x_wconf 86' lang='lat' dir='ltr'><strong>consanguinitatem</strong></span> <span class='ocrx_word' id='word_1_230' title='bbox 1067 1960 1120 2013; x_wconf 92' lang='lat' dir='ltr'><strong>in</strong></span> <span class='ocrx_word' id='word_1_231' title='bbox 1184 1958 1373 2013; x_wconf 89' lang='lat' dir='ltr'><strong>matris</strong></span> <span class='ocrx_word' id='word_1_232' title='bbox 1430 1957 1545 2013; x_wconf 91' lang='lat' dir='ltr'><strong>loco</strong></span> <span class='ocrx_word' id='word_1_233' title='bbox 1580 1956 1948 2021; x_wconf 86' lang='lat' dir='ltr'><strong>reverebatur,</strong></span> <span class='ocrx_word' id='word_1_234' title='bbox 2018 1965 2077 2009; x_wconf 91' lang='lat' dir='ltr'><strong>ut</strong></span> 
     </span>
    </p>
   </div>
   <div class='ocr_carea' id='block_1_34' title="bbox 508 2050 1306 2120">
    <p class='ocr_par' dir='ltr' id='par_1_34' title="bbox 508 2050 1306 2120">
     <span class='ocr_line' id='line_1_34' title="bbox 508 2050 1306 2120; baseline -0.008 -13"><span class='ocrx_word' id='word_1_235' title='bbox 508 2052 625 2120; x_wconf 87' lang='lat' dir='ltr'><strong>ipse</strong></span> <span class='ocrx_word' id='word_1_236' title='bbox 657 2060 885 2106; x_wconf 83' lang='lat' dir='ltr'><strong>testatur</strong></span> <span class='ocrx_word' id='word_1_237' title='bbox 916 2050 968 2105; x_wconf 90' lang='lat' dir='ltr'><strong>in</strong></span> <span class='ocrx_word' id='word_1_238' title='bbox 992 2051 1148 2120; x_wconf 86' lang='lat' dir='ltr'><strong>epist.</strong></span> <span class='ocrx_word' id='word_1_239' title='bbox 1180 2050 1306 2104; x_wconf 78' lang='lat'><strong>1&#39;57.</strong></span> 
     </span>
    </p>
   </div>
   <div class='ocr_carea' id='block_1_35' title="bbox 583 2135 2077 2210">
    <p class='ocr_par' dir='ltr' id='par_1_35' title="bbox 583 2135 2077 2210">
     <span class='ocr_line' id='line_1_35' title="bbox 583 2135 2077 2210; baseline -0.005 -14"><span class='ocrx_word' id='word_1_240' title='bbox 583 2140 645 2196; x_wconf 84' lang='lat' dir='ltr'><strong>V.</strong></span> <span class='ocrx_word' id='word_1_241' title='bbox 682 2143 775 2197; x_wconf 87' lang='lat' dir='ltr'><strong>His</strong></span> <span class='ocrx_word' id='word_1_242' title='bbox 811 2151 960 2197; x_wconf 90' lang='lat' dir='ltr'><strong>ortus</strong></span> <span class='ocrx_word' id='word_1_243' title='bbox 982 2141 1295 2210; x_wconf 86' lang='lat' dir='ltr'><strong>parentibus</strong></span> <span class='ocrx_word' id='word_1_244' title='bbox 1319 2138 1567 2203; x_wconf 89' lang='lat' dir='ltr'><strong>Basilius,</strong></span> <span class='ocrx_word' id='word_1_245' title='bbox 1597 2151 1756 2207; x_wconf 85' lang='lat' dir='ltr'><strong>quem</strong></span> <span class='ocrx_word' id='word_1_246' title='bbox 1788 2135 2077 2206; x_wconf 76' lang='lat' dir='ltr'><strong>Gregorius</strong></span> 
     </span>
    </p>
   </div>
   <div class='ocr_carea' id='block_1_36' title="bbox 511 2225 2077 2299">
    <p class='ocr_par' dir='ltr' id='par_1_36' title="bbox 511 2225 2077 2299">
     <span class='ocr_line' id='line_1_36' title="bbox 511 2225 2077 2299; baseline -0.006 -11"><span class='ocrx_word' id='word_1_247' title='bbox 511 2236 680 2289; x_wconf 91' lang='lat' dir='ltr'><strong>frater</strong></span> <span class='ocrx_word' id='word_1_248' title='bbox 704 2248 824 2287; x_wconf 92' lang='lat' dir='ltr'><strong>cum</strong></span> <span class='ocrx_word' id='word_1_249' title='bbox 851 2232 1100 2286; x_wconf 88' lang='lat' dir='ltr'><strong>Samuele</strong></span> <span class='ocrx_word' id='word_1_250' title='bbox 1136 2232 1187 2283; x_wconf 92' lang='lat' dir='ltr'><strong>in</strong></span> <span class='ocrx_word' id='word_1_251' title='bbox 1216 2245 1280 2286; x_wconf 89' lang='lat' dir='ltr'><strong>eo</strong></span> <span class='ocrx_word' id='word_1_252' title='bbox 1311 2238 1587 2299; x_wconf 87' lang='lat' dir='ltr'><strong>comparat</strong></span> <span class='ocrx_word' id='word_1_253' title='bbox 1615 2226 1711 2298; x_wconf 78' lang='grc' dir='ltr'><strong>(ε),</strong></span> <span class='ocrx_word' id='word_1_254' title='bbox 1736 2228 1878 2297; x_wconf 93' lang='lat' dir='ltr'><strong>quod</strong></span> <span class='ocrx_word' id='word_1_255' title='bbox 1906 2235 1963 2279; x_wconf 91' lang='lat' dir='ltr'><strong>ut</strong></span> <span class='ocrx_word' id='word_1_256' title='bbox 1990 2225 2077 2279; x_wconf 91' lang='lat' dir='ltr'><strong>ille</strong></span> 
     </span>
    </p>
   </div>
   <div class='ocr_carea' id='block_1_37' title="bbox 514 2318 2078 2392">
    <p class='ocr_par' dir='ltr' id='par_1_37' title="bbox 514 2318 2078 2392">
     <span class='ocr_line' id='line_1_37' title="bbox 514 2318 2078 2392; baseline -0.004 -13"><span class='ocrx_word' id='word_1_257' title='bbox 514 2326 725 2389; x_wconf 87' lang='lat' dir='ltr'><strong>matris,</strong></span> <span class='ocrx_word' id='word_1_258' title='bbox 759 2325 827 2378; x_wconf 90' lang='lat' dir='ltr'><strong>ita</strong></span> <span class='ocrx_word' id='word_1_259' title='bbox 857 2325 957 2378; x_wconf 87' lang='lat' dir='ltr'><strong>istc</strong></span> <span class='ocrx_word' id='word_1_260' title='bbox 978 2322 1148 2392; x_wconf 87' lang='lat' dir='ltr'><strong>patris</strong></span> <span class='ocrx_word' id='word_1_261' title='bbox 1185 2322 1437 2391; x_wconf 87' lang='lat' dir='ltr'><strong>precibus</strong></span> <span class='ocrx_word' id='word_1_262' title='bbox 1464 2334 1493 2374; x_wconf 90' lang='lat' dir='ltr'><strong>a</strong></span> <span class='ocrx_word' id='word_1_263' title='bbox 1525 2319 1633 2374; x_wconf 88' lang='lat' dir='ltr'><strong>Deo</strong></span> <span class='ocrx_word' id='word_1_264' title='bbox 1655 2332 1942 2374; x_wconf 88' lang='lat' dir='ltr'><strong>concessus</strong></span> <span class='ocrx_word' id='word_1_265' title='bbox 1968 2318 2078 2372; x_wconf 88' lang='lat' dir='ltr'><strong>fue-</strong></span> 
     </span>
    </p>
   </div>
   <div class='ocr_carea' id='block_1_38' title="bbox 517 2409 2077 2483">
    <p class='ocr_par' dir='ltr' id='par_1_38' title="bbox 517 2409 2077 2483">
     <span class='ocr_line' id='line_1_38' title="bbox 517 2409 2077 2483; baseline -0.003 -14"><span class='ocrx_word' id='word_1_266' title='bbox 517 2417 604 2469; x_wconf 90' lang='lat' dir='ltr'><strong>rit.</strong></span> <span class='ocrx_word' id='word_1_267' title='bbox 644 2416 839 2470; x_wconf 86' lang='lat' dir='ltr'><strong>Eadem</strong></span> <span class='ocrx_word' id='word_1_268' title='bbox 868 2415 1034 2483; x_wconf 87' lang='lat' dir='ltr'><strong>patris</strong></span> <span class='ocrx_word' id='word_1_269' title='bbox 1062 2413 1165 2467; x_wconf 88' lang='lat' dir='ltr'><strong>ﬁde</strong></span> <span class='ocrx_word' id='word_1_270' title='bbox 1195 2428 1263 2466; x_wconf 83' lang='lat' dir='ltr'><strong>ex</strong></span> <span class='ocrx_word' id='word_1_271' title='bbox 1310 2409 1490 2464; x_wconf 89' lang='lat' dir='ltr'><strong>lethali</strong></span> <span class='ocrx_word' id='word_1_272' title='bbox 1535 2412 1721 2464; x_wconf 91' lang='lat' dir='ltr'><strong>morbo</strong></span> <span class='ocrx_word' id='word_1_273' title='bbox 1749 2410 1929 2463; x_wconf 89' lang='lat' dir='ltr'><strong>infans</strong></span> <span class='ocrx_word' id='word_1_274' title='bbox 1957 2422 2077 2465; x_wconf 87' lang='lat' dir='ltr'><strong>ere-</strong></span> 
     </span>
    </p>
   </div>
   <div class='ocr_carea' id='block_1_39' title="bbox 511 2494 2076 2576">
    <p class='ocr_par' dir='ltr' id='par_1_39' title="bbox 511 2494 2076 2576">
     <span class='ocr_line' id='line_1_39' title="bbox 511 2494 2076 2576; baseline -0.006 -15"><span class='ocrx_word' id='word_1_275' title='bbox 511 2517 637 2576; x_wconf 88' lang='lat' dir='ltr'><strong>ptus</strong></span> <span class='ocrx_word' id='word_1_276' title='bbox 682 2515 797 2573; x_wconf 84' lang='lat' dir='ltr'><strong>est;</strong></span> <span class='ocrx_word' id='word_1_277' title='bbox 849 2520 970 2559; x_wconf 92' lang='lat' dir='ltr'><strong>cum</strong></span> <span class='ocrx_word' id='word_1_278' title='bbox 1012 2494 1261 2558; x_wconf 77' lang='lat' dir='ltr'><strong>Christus</strong></span> <span class='ocrx_word' id='word_1_279' title='bbox 1310 2501 1450 2571; x_wconf 86' lang='lat' dir='ltr'><strong>patri</strong></span> <span class='ocrx_word' id='word_1_280' title='bbox 1483 2501 1535 2554; x_wconf 93' lang='lat' dir='ltr'><strong>in</strong></span> <span class='ocrx_word' id='word_1_281' title='bbox 1576 2501 1781 2557; x_wconf 89' lang='lat' dir='ltr'><strong>somnis</strong></span> <span class='ocrx_word' id='word_1_282' title='bbox 1804 2502 1949 2555; x_wconf 89' lang='lat' dir='ltr'><strong>visus</strong></span> <span class='ocrx_word' id='word_1_283' title='bbox 1997 2499 2076 2553; x_wconf 88' lang='lat' dir='ltr'><strong>di-</strong></span> 
     </span>
    </p>
   </div>
   <div class='ocr_carea' id='block_1_40' title="bbox 517 2589 2070 2663">
    <p class='ocr_par' dir='ltr' id='par_1_40' title="bbox 517 2589 2070 2663">
     <span class='ocr_line' id='line_1_40' title="bbox 517 2589 2070 2663; baseline -0.006 -11"><span class='ocrx_word' id='word_1_284' title='bbox 517 2601 688 2653; x_wconf 73' lang='lat' dir='ltr'><strong>xisset</strong></span> <span class='ocrx_word' id='word_1_285' title='bbox 718 2638 731 2661; x_wconf 92' lang='lat'><strong>,</strong></span> <span class='ocrx_word' id='word_1_286' title='bbox 762 2596 968 2650; x_wconf 93' lang='lat' dir='ltr'><strong>utolim</strong></span> <span class='ocrx_word' id='word_1_287' title='bbox 1008 2594 1192 2663; x_wconf 89' lang='lat' dir='ltr'><strong>regulo</strong></span> <span class='ocrx_word' id='word_1_288' title='bbox 1242 2592 1658 2662; x_wconf 83' lang='lat' dir='ltr'><strong>Capharnaitae,</strong></span> <span class='ocrx_word' id='word_1_289' title='bbox 1721 2589 1879 2653; x_wconf 84' lang='lat' dir='ltr'><strong>Vade,</strong></span> <span class='ocrx_word' id='word_1_290' title='bbox 1926 2590 2070 2659; x_wconf 83' lang='lat' dir='ltr'><strong>ﬁlius</strong></span> 
     </span>
    </p>
   </div>
   <div class='ocr_carea' id='block_1_41' title="bbox 510 2680 2075 2756">
    <p class='ocr_par' dir='ltr' id='par_1_41' title="bbox 510 2680 2075 2756">
     <span class='ocr_line' id='line_1_41' title="bbox 510 2680 2075 2756; baseline -0.005 -13"><span class='ocrx_word' id='word_1_291' title='bbox 510 2701 631 2743; x_wconf 84' lang='lat' dir='ltr'><strong>tuus</strong></span> <span class='ocrx_word' id='word_1_292' title='bbox 658 2689 800 2743; x_wconf 81' lang='lat' dir='ltr'><strong>vivit.</strong></span> <span class='ocrx_word' id='word_1_293' title='bbox 838 2686 1023 2756; x_wconf 79' lang='lat' dir='ltr'><strong>Reguli</strong></span> <span class='ocrx_word' id='word_1_294' title='bbox 1059 2685 1217 2738; x_wconf 88' lang='lat' dir='ltr'><strong>ﬁdem</strong></span> <span class='ocrx_word' id='word_1_295' title='bbox 1251 2683 1494 2737; x_wconf 89' lang='lat' dir='ltr'><strong>imitatus</strong></span> <span class='ocrx_word' id='word_1_296' title='bbox 1541 2680 1772 2737; x_wconf 87' lang='lat' dir='ltr'><strong>Basilius</strong></span> <span class='ocrx_word' id='word_1_297' title='bbox 1799 2681 1967 2735; x_wconf 93' lang='lat' dir='ltr'><strong>ﬁlium</strong></span> <span class='ocrx_word' id='word_1_298' title='bbox 1994 2682 2075 2735; x_wconf 92' lang='lat' dir='ltr'><strong>in-</strong></span> 
     </span>
    </p>
   </div>
   <div class='ocr_carea' id='block_1_42' title="bbox 510 2771 2070 2845">
    <p class='ocr_par' dir='ltr' id='par_1_42' title="bbox 510 2771 2070 2845">
     <span class='ocr_line' id='line_1_42' title="bbox 510 2771 2070 2845; baseline -0.006 -11"><span class='ocrx_word' id='word_1_299' title='bbox 510 2781 771 2836; x_wconf 88' lang='lat' dir='ltr'><strong>columem</strong></span> <span class='ocrx_word' id='word_1_300' title='bbox 808 2778 1023 2845; x_wconf 85' lang='lat' dir='ltr'><strong>recepit.</strong></span> <span class='ocrx_word' id='word_1_301' title='bbox 1054 2774 1170 2830; x_wconf 81' lang='lat' dir='ltr'><strong>Non</strong></span> <span class='ocrx_word' id='word_1_302' title='bbox 1201 2776 1253 2829; x_wconf 94' lang='lat' dir='ltr'><strong>in</strong></span> <span class='ocrx_word' id='word_1_303' title='bbox 1274 2773 1613 2844; x_wconf 87' lang='lat' dir='ltr'><strong>Cappadocia</strong></span> <span class='ocrx_word' id='word_1_304' title='bbox 1637 2774 1870 2827; x_wconf 91' lang='lat' dir='ltr'><strong>nutritus</strong></span> <span class='ocrx_word' id='word_1_305' title='bbox 1913 2771 2070 2826; x_wconf 91' lang='lat' dir='ltr'><strong>Basi-</strong></span> 
     </span>
    </p>
   </div>
   <div class='ocr_carea' id='block_1_43' title="bbox 512 2867 2075 2939">
    <p class='ocr_par' dir='ltr' id='par_1_43' title="bbox 512 2867 2075 2939">
     <span class='ocr_line' id='line_1_43' title="bbox 512 2867 2075 2939; baseline -0.003 -15"><span class='ocrx_word' id='word_1_306' title='bbox 512 2872 612 2925; x_wconf 90' lang='lat' dir='ltr'><strong>lius</strong></span> <span class='ocrx_word' id='word_1_307' title='bbox 643 2870 719 2939; x_wconf 86' lang='lat' dir='ltr'><strong>ld)</strong></span> <span class='ocrx_word' id='word_1_308' title='bbox 741 2910 755 2934; x_wconf 96' lang='lat'><strong>,</strong></span> <span class='ocrx_word' id='word_1_309' title='bbox 796 2870 889 2925; x_wconf 88' lang='lat' dir='ltr'><strong>sed</strong></span> <span class='ocrx_word' id='word_1_310' title='bbox 942 2869 993 2924; x_wconf 92' lang='lat' dir='ltr'><strong>in</strong></span> <span class='ocrx_word' id='word_1_311' title='bbox 1050 2868 1282 2938; x_wconf 89' lang='lat' dir='ltr'><strong>quodam</strong></span> <span class='ocrx_word' id='word_1_312' title='bbox 1312 2881 1449 2938; x_wconf 90' lang='lat' dir='ltr'><strong>pago</strong></span> <span class='ocrx_word' id='word_1_313' title='bbox 1484 2908 1498 2933; x_wconf 92' lang='lat'><strong>,</strong></span> <span class='ocrx_word' id='word_1_314' title='bbox 1528 2880 1689 2937; x_wconf 90' lang='lat' dir='ltr'><strong>quem</strong></span> <span class='ocrx_word' id='word_1_315' title='bbox 1716 2875 1969 2935; x_wconf 90' lang='lat' dir='ltr'><strong>parentes</strong></span> <span class='ocrx_word' id='word_1_316' title='bbox 2022 2867 2075 2919; x_wconf 90' lang='lat' dir='ltr'><strong>in</strong></span> 
     </span>
    </p>
   </div>
   <div class='ocr_carea' id='block_1_44' title="bbox 509 2957 2075 3032">
    <p class='ocr_par' dir='ltr' id='par_1_44' title="bbox 509 2957 2075 3032">
     <span class='ocr_line' id='line_1_44' title="bbox 509 2957 2075 3032; baseline -0.006 -15"><span class='ocrx_word' id='word_1_317' title='bbox 509 2962 679 3017; x_wconf 86' lang='lat' dir='ltr'><strong>Ponto</strong></span> <span class='ocrx_word' id='word_1_318' title='bbox 702 2961 1065 3032; x_wconf 83' lang='lat' dir='ltr'><strong>possidebant.</strong></span> <span class='ocrx_word' id='word_1_319' title='bbox 1109 2958 1373 3031; x_wconf 69' lang='lat' dir='ltr'><strong>Regenda:</strong></span> <span class='ocrx_word' id='word_1_320' title='bbox 1402 2957 1639 3013; x_wconf 69' lang='lat' dir='ltr'><strong>infantiae</strong></span> <span class='ocrx_word' id='word_1_321' title='bbox 1678 2958 1860 3013; x_wconf 87' lang='lat' dir='ltr'><strong>Basilii</strong></span> <span class='ocrx_word' id='word_1_322' title='bbox 1887 2971 2075 3010; x_wconf 87' lang='lat' dir='ltr'><strong>curam</strong></span> 
     </span>
    </p>
   </div>
   <div class='ocr_carea' id='block_1_45' title="bbox 510 3050 2077 3123">
    <p class='ocr_par' dir='ltr' id='par_1_45' title="bbox 510 3050 2077 3123">
     <span class='ocr_line' id='line_1_45' title="bbox 510 3050 2077 3123; baseline -0.004 -12"><span class='ocrx_word' id='word_1_323' title='bbox 510 3054 746 3123; x_wconf 89' lang='lat' dir='ltr'><strong>suscepit</strong></span> <span class='ocrx_word' id='word_1_324' title='bbox 771 3053 1116 3108; x_wconf 86' lang='lat' dir='ltr'><strong>ornatissima</strong></span> <span class='ocrx_word' id='word_1_325' title='bbox 1140 3050 1362 3115; x_wconf 89' lang='lat' dir='ltr'><strong>femina,</strong></span> <span class='ocrx_word' id='word_1_326' title='bbox 1394 3051 1512 3105; x_wconf 85' lang='lat' dir='ltr'><strong>avia</strong></span> <span class='ocrx_word' id='word_1_327' title='bbox 1547 3050 1811 3115; x_wconf 87' lang='lat' dir='ltr'><strong>Maerina,</strong></span> <span class='ocrx_word' id='word_1_328' title='bbox 1836 3065 1901 3105; x_wconf 88' lang='lat' dir='ltr'><strong>ac</strong></span> <span class='ocrx_word' id='word_1_329' title='bbox 1927 3058 2077 3105; x_wconf 87' lang='lat' dir='ltr'><strong>tene-</strong></span> 
     </span>
    </p>
   </div>
   <div class='ocr_carea' id='block_1_46' title="bbox 510 3140 2075 3211">
    <p class='ocr_par' dir='ltr' id='par_1_46' title="bbox 510 3140 2075 3211">
     <span class='ocr_line' id='line_1_46' title="bbox 510 3140 2075 3211; baseline -0.003 -11"><span class='ocrx_word' id='word_1_330' title='bbox 510 3162 583 3200; x_wconf 77' lang='lat' dir='ltr'><strong>ra:</strong></span> <span class='ocrx_word' id='word_1_331' title='bbox 630 3145 795 3199; x_wconf 89' lang='lat' dir='ltr'><strong>menti</strong></span> <span class='ocrx_word' id='word_1_332' title='bbox 850 3158 996 3200; x_wconf 69' lang='lat' dir='ltr'><strong>sanae</strong></span> <span class='ocrx_word' id='word_1_333' title='bbox 1051 3142 1309 3198; x_wconf 59' lang='lat' dir='ltr'><strong>doctrinae</strong></span> <span class='ocrx_word' id='word_1_334' title='bbox 1361 3142 1567 3198; x_wconf 88' lang='lat' dir='ltr'><strong>semina</strong></span> <span class='ocrx_word' id='word_1_335' title='bbox 1620 3140 1912 3203; x_wconf 85' lang='lat' dir='ltr'><strong>mandavit,</strong></span> <span class='ocrx_word' id='word_1_336' title='bbox 1956 3156 2075 3211; x_wconf 76' lang='lat' dir='ltr'><strong>qua:</strong></span> 
     </span>
    </p>
   </div>
   <div class='ocr_carea' id='block_1_47' title="bbox 510 3234 2073 3305">
    <p class='ocr_par' dir='ltr' id='par_1_47' title="bbox 510 3234 2073 3305">
     <span class='ocr_line' id='line_1_47' title="bbox 510 3234 2073 3305; baseline -0.002 -14"><span class='ocrx_word' id='word_1_337' title='bbox 510 3238 653 3291; x_wconf 90' lang='lat' dir='ltr'><strong>nulla</strong></span> <span class='ocrx_word' id='word_1_338' title='bbox 682 3251 916 3305; x_wconf 89' lang='lat' dir='ltr'><strong>unquam</strong></span> <span class='ocrx_word' id='word_1_339' title='bbox 944 3243 1241 3304; x_wconf 89' lang='lat' dir='ltr'><strong>temporum</strong></span> <span class='ocrx_word' id='word_1_340' title='bbox 1268 3234 1639 3289; x_wconf 87' lang='lat' dir='ltr'><strong>vicissitudine</strong></span> <span class='ocrx_word' id='word_1_341' title='bbox 1660 3234 2073 3299; x_wconf 83' lang='lat' dir='ltr'><strong>immutata,sed</strong></span> 
     </span>
    </p>
   </div>
   <div class='ocr_carea' id='block_1_48' title="bbox 510 3323 2074 3397">
    <p class='ocr_par' dir='ltr' id='par_1_48' title="bbox 510 3323 2074 3397">
     <span class='ocr_line' id='line_1_48' title="bbox 510 3323 2074 3397; baseline -0.004 -14"><span class='ocrx_word' id='word_1_342' title='bbox 510 3338 664 3383; x_wconf 85' lang='lat' dir='ltr'><strong>aucta</strong></span> <span class='ocrx_word' id='word_1_343' title='bbox 689 3343 901 3397; x_wconf 86' lang='lat' dir='ltr'><strong>semper</strong></span> <span class='ocrx_word' id='word_1_344' title='bbox 922 3337 976 3383; x_wconf 94' lang='lat' dir='ltr'><strong>et</strong></span> <span class='ocrx_word' id='word_1_345' title='bbox 1003 3326 1220 3382; x_wconf 78' lang='lat' dir='ltr'><strong>exculta</strong></span> <span class='ocrx_word' id='word_1_346' title='bbox 1253 3326 1697 3395; x_wconf 68' lang='lat' dir='ltr'><strong>praeclarissimos</strong></span> <span class='ocrx_word' id='word_1_347' title='bbox 1736 3323 1762 3377; x_wconf 87' lang='lat' dir='ltr'><strong>f</strong></span> <span class='ocrx_word' id='word_1_348' title='bbox 1766 3332 1948 3379; x_wconf 91' lang='lat' dir='ltr'><strong>ructus</strong></span> <span class='ocrx_word' id='word_1_349' title='bbox 1976 3338 2074 3377; x_wconf 73' lang='lat' dir='ltr'><strong>ex-</strong></span> 
     </span>
    </p>
   </div>
   <div class='ocr_carea' id='block_1_49' title="bbox 514 3415 2073 3491">
    <p class='ocr_par' dir='ltr' id='par_1_49' title="bbox 514 3415 2073 3491">
     <span class='ocr_line' id='line_1_49' title="bbox 514 3415 2073 3491; baseline -0.006 -14"><span class='ocrx_word' id='word_1_350' title='bbox 514 3423 769 3478; x_wconf 90' lang='lat' dir='ltr'><strong>tulerunt.</strong></span> <span class='ocrx_word' id='word_1_351' title='bbox 817 3420 1105 3491; x_wconf 88' lang='lat' dir='ltr'><strong>Permagni</strong></span> <span class='ocrx_word' id='word_1_352' title='bbox 1139 3422 1399 3475; x_wconf 85' lang='lat' dir='ltr'><strong>intererat</strong></span> <span class='ocrx_word' id='word_1_353' title='bbox 1429 3418 1507 3474; x_wconf 90' lang='lat' dir='ltr'><strong>sic</strong></span> <span class='ocrx_word' id='word_1_354' title='bbox 1539 3416 1746 3473; x_wconf 91' lang='lat' dir='ltr'><strong>institui</strong></span> <span class='ocrx_word' id='word_1_355' title='bbox 1784 3415 2073 3481; x_wconf 91' lang='lat' dir='ltr'><strong>Basilium,</strong></span> 
     </span>
    </p>
   </div>
   <div class='ocr_carea' id='block_1_50' title="bbox 512 3507 2077 3573">
    <p class='ocr_par' dir='ltr' id='par_1_50' title="bbox 512 3507 2077 3573">
     <span class='ocr_line' id='line_1_50' title="bbox 512 3507 2077 3573; baseline -0.005 -4"><span class='ocrx_word' id='word_1_356' title='bbox 512 3530 617 3569; x_wconf 92' lang='lat' dir='ltr'><strong>non</strong></span> <span class='ocrx_word' id='word_1_357' title='bbox 668 3516 839 3570; x_wconf 93' lang='lat' dir='ltr'><strong>solum</strong></span> <span class='ocrx_word' id='word_1_358' title='bbox 876 3524 933 3568; x_wconf 93' lang='lat' dir='ltr'><strong>ut</strong></span> <span class='ocrx_word' id='word_1_359' title='bbox 981 3514 1262 3568; x_wconf 87' lang='lat' dir='ltr'><strong>veritatem</strong></span> <span class='ocrx_word' id='word_1_360' title='bbox 1307 3521 1516 3567; x_wconf 90' lang='lat' dir='ltr'><strong>mature</strong></span> <span class='ocrx_word' id='word_1_361' title='bbox 1542 3508 1877 3566; x_wconf 87' lang='lat' dir='ltr'><strong>combiberet</strong></span> <span class='ocrx_word' id='word_1_362' title='bbox 1907 3548 1923 3573; x_wconf 94' lang='lat'><strong>,</strong></span> <span class='ocrx_word' id='word_1_363' title='bbox 1978 3507 2077 3564; x_wconf 89' lang='lat' dir='ltr'><strong>sed</strong></span> 
     </span>
    </p>
   </div>
   <div class='ocr_carea' id='block_1_51' title="bbox 510 3598 2076 3666">
    <p class='ocr_par' dir='ltr' id='par_1_51' title="bbox 510 3598 2076 3666">
     <span class='ocr_line' id='line_1_51' title="bbox 510 3598 2076 3666; baseline -0.004 -7"><span class='ocrx_word' id='word_1_364' title='bbox 510 3605 672 3660; x_wconf 87' lang='lat' dir='ltr'><strong>etiam</strong></span> <span class='ocrx_word' id='word_1_365' title='bbox 723 3614 782 3660; x_wconf 94' lang='lat' dir='ltr'><strong>ut</strong></span> <span class='ocrx_word' id='word_1_366' title='bbox 824 3604 1110 3660; x_wconf 88' lang='lat' dir='ltr'><strong>calumniis</strong></span> <span class='ocrx_word' id='word_1_367' title='bbox 1169 3603 1509 3658; x_wconf 91' lang='lat' dir='ltr'><strong>inimicorum</strong></span> <span class='ocrx_word' id='word_1_368' title='bbox 1532 3608 1865 3657; x_wconf 89' lang='lat' dir='ltr'><strong>occurreret.</strong></span> <span class='ocrx_word' id='word_1_369' title='bbox 1904 3598 2076 3666; x_wconf 86' lang='lat' dir='ltr'><strong>Quid-</strong></span> 
     </span>
    </p>
   </div>
   <div class='ocr_carea' id='block_1_52' title="bbox 515 3690 2074 3764">
    <p class='ocr_par' dir='ltr' id='par_1_52' title="bbox 515 3690 2074 3764">
     <span class='ocr_line' id='line_1_52' title="bbox 515 3690 2074 3764; baseline -0.003 -17"><span class='ocrx_word' id='word_1_370' title='bbox 515 3695 644 3764; x_wconf 91' lang='lat' dir='ltr'><strong>quid</strong></span> <span class='ocrx_word' id='word_1_371' title='bbox 676 3696 818 3749; x_wconf 90' lang='lat' dir='ltr'><strong>enim</strong></span> <span class='ocrx_word' id='word_1_372' title='bbox 850 3708 879 3748; x_wconf 90' lang='lat' dir='ltr'><strong>a</strong></span> <span class='ocrx_word' id='word_1_373' title='bbox 904 3694 1241 3749; x_wconf 88' lang='lat' dir='ltr'><strong>sanctissima</strong></span> <span class='ocrx_word' id='word_1_374' title='bbox 1290 3691 1377 3746; x_wconf 89' lang='lat' dir='ltr'><strong>illa</strong></span> <span class='ocrx_word' id='word_1_375' title='bbox 1417 3690 1641 3746; x_wconf 89' lang='lat' dir='ltr'><strong>muliere</strong></span> <span class='ocrx_word' id='word_1_376' title='bbox 1682 3698 1985 3760; x_wconf 85' lang='lat' dir='ltr'><strong>acceperat,</strong></span> <span class='ocrx_word' id='word_1_377' title='bbox 2043 3703 2074 3743; x_wconf 87' lang='lat' dir='ltr'><strong>a</strong></span> 
     </span>
    </p>
   </div>
   <div class='ocr_carea' id='block_1_53' title="bbox 512 3780 2073 3855">
    <p class='ocr_par' dir='ltr' id='par_1_53' title="bbox 512 3780 2073 3855">
     <span class='ocr_line' id='line_1_53' title="bbox 512 3780 2073 3855; baseline -0.004 -15"><span class='ocrx_word' id='word_1_378' title='bbox 512 3785 772 3855; x_wconf 89' lang='lat' dir='ltr'><strong>Gregorio</strong></span> <span class='ocrx_word' id='word_1_379' title='bbox 804 3783 1219 3840; x_wconf 75' lang='lat' dir='ltr'><strong>Neoczesariensi</strong></span> <span class='ocrx_word' id='word_1_380' title='bbox 1272 3782 1547 3851; x_wconf 87' lang='lat' dir='ltr'><strong>accepisse</strong></span> <span class='ocrx_word' id='word_1_381' title='bbox 1575 3780 1880 3844; x_wconf 83' lang='lat' dir='ltr'><strong>videbatur,</strong></span> <span class='ocrx_word' id='word_1_382' title='bbox 1915 3794 2073 3849; x_wconf 85' lang='lat' dir='ltr'><strong>quem</strong></span> 
     </span>
    </p>
   </div>
   <div class='ocr_carea' id='block_1_54' title="bbox 511 3871 2076 3940">
    <p class='ocr_par' dir='ltr' id='par_1_54' title="bbox 511 3871 2076 3940">
     <span class='ocr_line' id='line_1_54' title="bbox 511 3871 2076 3940; baseline -0.006 -8"><span class='ocrx_word' id='word_1_383' title='bbox 511 3878 600 3932; x_wconf 88' lang='lat' dir='ltr'><strong>illa</strong></span> <span class='ocrx_word' id='word_1_384' title='bbox 625 3877 704 3933; x_wconf 90' lang='lat' dir='ltr'><strong>sic</strong></span> <span class='ocrx_word' id='word_1_385' title='bbox 727 3875 957 3940; x_wconf 90' lang='lat' dir='ltr'><strong>colebat,</strong></span> <span class='ocrx_word' id='word_1_386' title='bbox 995 3883 1050 3928; x_wconf 91' lang='lat' dir='ltr'><strong>ut</strong></span> <span class='ocrx_word' id='word_1_387' title='bbox 1075 3873 1255 3929; x_wconf 90' lang='lat' dir='ltr'><strong>omnia</strong></span> <span class='ocrx_word' id='word_1_388' title='bbox 1306 3871 1449 3926; x_wconf 89' lang='lat' dir='ltr'><strong>illius</strong></span> <span class='ocrx_word' id='word_1_389' title='bbox 1495 3871 1682 3935; x_wconf 89' lang='lat' dir='ltr'><strong>verba,</strong></span> <span class='ocrx_word' id='word_1_390' title='bbox 1733 3883 2076 3939; x_wconf 66' lang='lat' dir='ltr'><strong>quaecunque</strong></span> 
     </span>
    </p>
   </div>
   <div class='ocr_carea' id='block_1_55' title="bbox 512 3962 2071 4037">
    <p class='ocr_par' dir='ltr' id='par_1_55' title="bbox 512 3962 2071 4037">
     <span class='ocr_line' id='line_1_55' title="bbox 512 3962 2071 4037; baseline -0.006 -15"><span class='ocrx_word' id='word_1_391' title='bbox 512 3969 579 4022; x_wconf 91' lang='lat' dir='ltr'><strong>ad</strong></span> <span class='ocrx_word' id='word_1_392' title='bbox 604 3967 773 4037; x_wconf 88' lang='lat' dir='ltr'><strong>ipsam</strong></span> <span class='ocrx_word' id='word_1_393' title='bbox 798 3966 937 4020; x_wconf 90' lang='lat' dir='ltr'><strong>serie</strong></span> <span class='ocrx_word' id='word_1_394' title='bbox 976 3962 1247 4018; x_wconf 69' lang='lat' dir='ltr'><strong>memoria:</strong></span> <span class='ocrx_word' id='word_1_395' title='bbox 1275 3969 1657 4031; x_wconf 89' lang='lat' dir='ltr'><strong>pervenerant,</strong></span> <span class='ocrx_word' id='word_1_396' title='bbox 1694 3969 1953 4012; x_wconf 88' lang='lat' dir='ltr'><strong>accurate</strong></span> <span class='ocrx_word' id='word_1_397' title='bbox 1984 3972 2071 4012; x_wconf 91' lang='lat' dir='ltr'><strong>re-</strong></span> 
     </span>
    </p>
   </div>
   <div class='ocr_carea' id='block_1_56' title="bbox 512 4046 2078 4128">
    <p class='ocr_par' dir='ltr' id='par_1_56' title="bbox 512 4046 2078 4128">
     <span class='ocr_line' id='line_1_56' title="bbox 512 4046 2078 4128; baseline -0.009 -14"><span class='ocrx_word' id='word_1_398' title='bbox 512 4060 710 4113; x_wconf 89' lang='lat' dir='ltr'><strong>tineret</strong></span> <span class='ocrx_word' id='word_1_399' title='bbox 750 4056 842 4128; x_wconf 90' lang='lat' dir='ltr'><strong>(e).</strong></span> <span class='ocrx_word' id='word_1_400' title='bbox 875 4054 969 4110; x_wconf 88' lang='lat' dir='ltr'><strong>His</strong></span> <span class='ocrx_word' id='word_1_401' title='bbox 1016 4069 1075 4109; x_wconf 90' lang='lat' dir='ltr'><strong>se</strong></span> <span class='ocrx_word' id='word_1_402' title='bbox 1127 4053 1358 4107; x_wconf 86' lang='lat' dir='ltr'><strong>Basilius</strong></span> <span class='ocrx_word' id='word_1_403' title='bbox 1387 4051 1452 4105; x_wconf 90' lang='lat' dir='ltr'><strong>ab</strong></span> <span class='ocrx_word' id='word_1_404' title='bbox 1484 4064 1547 4105; x_wconf 92' lang='lat' dir='ltr'><strong>ea</strong></span> <span class='ocrx_word' id='word_1_405' title='bbox 1606 4050 1868 4103; x_wconf 91' lang='lat' dir='ltr'><strong>imbutum</strong></span> <span class='ocrx_word' id='word_1_406' title='bbox 1910 4046 2078 4101; x_wconf 90' lang='lat' dir='ltr'><strong>fuisse</strong></span> 
     </span>
    </p>
   </div>
   <div class='ocr_carea' id='block_1_57' title="bbox 511 4138 2079 4217">
    <p class='ocr_par' dir='ltr' id='par_1_57' title="bbox 511 4138 2079 4217">
     <span class='ocr_line' id='line_1_57' title="bbox 511 4138 2079 4217; baseline -0.006 -13"><span class='ocrx_word' id='word_1_407' title='bbox 511 4159 745 4206; x_wconf 89' lang='lat' dir='ltr'><strong>testatur</strong></span> <span class='ocrx_word' id='word_1_408' title='bbox 791 4149 842 4203; x_wconf 92' lang='lat' dir='ltr'><strong>in</strong></span> <span class='ocrx_word' id='word_1_409' title='bbox 881 4147 1035 4217; x_wconf 90' lang='lat' dir='ltr'><strong>epist.</strong></span> <span class='ocrx_word' id='word_1_410' title='bbox 1066 4143 1192 4208; x_wconf 75' lang='grc'><strong>204,</strong></span> <span class='ocrx_word' id='word_1_411' title='bbox 1222 4151 1275 4197; x_wconf 92' lang='lat' dir='ltr'><strong>et</strong></span> <span class='ocrx_word' id='word_1_412' title='bbox 1303 4142 1406 4197; x_wconf 83' lang='lat' dir='ltr'><strong>hoc</strong></span> <span class='ocrx_word' id='word_1_413' title='bbox 1468 4141 1571 4196; x_wconf 90' lang='lat' dir='ltr'><strong>telo</strong></span> <span class='ocrx_word' id='word_1_414' title='bbox 1606 4138 1820 4209; x_wconf 87' lang='lat' dir='ltr'><strong>repellit</strong></span> <span class='ocrx_word' id='word_1_415' title='bbox 1869 4140 2079 4195; x_wconf 86' lang='lat' dir='ltr'><strong>inustas</strong></span> 
     </span>
    </p>
   </div>
   <div class='ocr_carea' id='block_1_58' title="bbox 514 4231 2076 4315">
    <p class='ocr_par' dir='ltr' id='par_1_58' title="bbox 514 4231 2076 4315">
     <span class='ocr_line' id='line_1_58' title="bbox 514 4231 2076 4315; baseline -0.008 -17"><span class='ocrx_word' id='word_1_416' title='bbox 514 4243 639 4298; x_wconf 88' lang='lat' dir='ltr'><strong>ﬁdei</strong></span> <span class='ocrx_word' id='word_1_417' title='bbox 674 4237 1242 4315; x_wconf 55' lang='lat' dir='ltr'><strong>suatcriminationes.</strong></span> <span class='ocrx_word' id='word_1_418' title='bbox 1279 4234 1370 4289; x_wconf 89' lang='lat' dir='ltr'><strong>Sic</strong></span> <span class='ocrx_word' id='word_1_419' title='bbox 1395 4234 1557 4289; x_wconf 88' lang='lat' dir='ltr'><strong>etiam</strong></span> <span class='ocrx_word' id='word_1_420' title='bbox 1585 4233 1637 4285; x_wconf 94' lang='lat' dir='ltr'><strong>in</strong></span> <span class='ocrx_word' id='word_1_421' title='bbox 1691 4246 1775 4302; x_wconf 92' lang='lat' dir='ltr'><strong>ep.</strong></span> <span class='ocrx_word' id='word_1_422' title='bbox 1804 4231 1911 4286; x_wconf 74' lang='lat'><strong>2‘25</strong></span> <span class='ocrx_word' id='word_1_423' title='bbox 1945 4241 1999 4286; x_wconf 91' lang='lat' dir='ltr'><strong>et</strong></span> <span class='ocrx_word' id='word_1_424' title='bbox 2023 4231 2076 4285; x_wconf 91' lang='lat' dir='ltr'><strong>in</strong></span> 
     </span>
    </p>
   </div>
   <div class='ocr_carea' id='block_1_59' title="bbox 518 4326 2080 4405">
    <p class='ocr_par' dir='ltr' id='par_1_59' title="bbox 518 4326 2080 4405">
     <span class='ocr_line' id='line_1_59' title="bbox 518 4326 2080 4405; baseline -0.006 -16"><span class='ocrx_word' id='word_1_425' title='bbox 518 4333 780 4405; x_wconf 85' lang='lat' dir='ltr'><strong>prooemio</strong></span> <span class='ocrx_word' id='word_1_426' title='bbox 842 4329 1144 4384; x_wconf 83' lang='lat' dir='ltr'><strong>Moralium.</strong></span> <span class='ocrx_word' id='word_1_427' title='bbox 1196 4326 1428 4381; x_wconf 73' lang='lat' dir='ltr'><strong>Haeresis</strong></span> <span class='ocrx_word' id='word_1_428' title='bbox 1478 4326 1723 4391; x_wconf 85' lang='lat' dir='ltr'><strong>Ariana,</strong></span> <span class='ocrx_word' id='word_1_429' title='bbox 1778 4342 1895 4395; x_wconf 84' lang='lat' dir='ltr'><strong>quae</strong></span> <span class='ocrx_word' id='word_1_430' title='bbox 1954 4335 2080 4379; x_wconf 91' lang='lat' dir='ltr'><strong>tunc</strong></span> 
     </span>
    </p>
   </div>
   <div class='ocr_carea' id='block_1_60' title="bbox 514 4417 2072 4495">
    <p class='ocr_par' dir='ltr' id='par_1_60' title="bbox 514 4417 2072 4495">
     <span class='ocr_line' id='line_1_60' title="bbox 514 4417 2072 4495; baseline -0.006 -15"><span class='ocrx_word' id='word_1_431' title='bbox 514 4424 881 4495; x_wconf 87' lang='lat' dir='ltr'><strong>grassabatur,</strong></span> <span class='ocrx_word' id='word_1_432' title='bbox 909 4435 1093 4475; x_wconf 88' lang='lat' dir='ltr'><strong>curam</strong></span> <span class='ocrx_word' id='word_1_433' title='bbox 1130 4418 1402 4487; x_wconf 87' lang='lat' dir='ltr'><strong>injiciebat</strong></span> <span class='ocrx_word' id='word_1_434' title='bbox 1429 4417 1713 4473; x_wconf 89' lang='lat' dir='ltr'><strong>catholicis</strong></span> <span class='ocrx_word' id='word_1_435' title='bbox 1739 4417 2072 4485; x_wconf 89' lang='lat' dir='ltr'><strong>parentibus,</strong></span> 
     </span>
    </p>
   </div>
   <div class='ocr_carea' id='block_1_61' title="bbox 511 4510 1758 4570">
    <p class='ocr_par' dir='ltr' id='par_1_61' title="bbox 511 4510 1758 4570">
     <span class='ocr_line' id='line_1_61' title="bbox 511 4510 1758 4570; baseline -0.006 -1"><span class='ocrx_word' id='word_1_436' title='bbox 511 4522 569 4569; x_wconf 87' lang='lat' dir='ltr'><strong>ut</strong></span> <span class='ocrx_word' id='word_1_437' title='bbox 605 4523 814 4570; x_wconf 86' lang='lat' dir='ltr'><strong>mature</strong></span> <span class='ocrx_word' id='word_1_438' title='bbox 844 4513 1072 4566; x_wconf 84' lang='lat' dir='ltr'><strong>ﬁliorum</strong></span> <span class='ocrx_word' id='word_1_439' title='bbox 1112 4511 1319 4565; x_wconf 90' lang='lat' dir='ltr'><strong>animos</strong></span> <span class='ocrx_word' id='word_1_440' title='bbox 1344 4510 1758 4565; x_wconf 88' lang='lat' dir='ltr'><strong>communirent.</strong></span> 
     </span>
    </p>
   </div>
   <div class='ocr_carea' id='block_1_62' title="bbox 583 4600 2076 4670">
    <p class='ocr_par' dir='ltr' id='par_1_62' title="bbox 583 4600 2076 4670">
     <span class='ocr_line' id='line_1_62' title="bbox 583 4600 2076 4670; baseline -0.005 -8"><span class='ocrx_word' id='word_1_441' title='bbox 583 4608 660 4662; x_wconf 87' lang='lat' dir='ltr'><strong>Eo</strong></span> <span class='ocrx_word' id='word_1_442' title='bbox 696 4614 875 4661; x_wconf 90' lang='lat' dir='ltr'><strong>autem</strong></span> <span class='ocrx_word' id='word_1_443' title='bbox 927 4603 1220 4657; x_wconf 89' lang='lat' dir='ltr'><strong>ntirabilius</strong></span> <span class='ocrx_word' id='word_1_444' title='bbox 1262 4600 1445 4656; x_wconf 85' lang='lat' dir='ltr'><strong>Basilii</strong></span> <span class='ocrx_word' id='word_1_445' title='bbox 1483 4601 1536 4656; x_wconf 93' lang='lat' dir='ltr'><strong>in</strong></span> <span class='ocrx_word' id='word_1_446' title='bbox 1576 4601 1657 4654; x_wconf 91' lang='lat' dir='ltr'><strong>his</strong></span> <span class='ocrx_word' id='word_1_447' title='bbox 1714 4600 2076 4670; x_wconf 88' lang='lat' dir='ltr'><strong>percipiendis</strong></span> 
     </span>
    </p>
   </div>
   <div class='ocr_carea' id='block_1_63' title="bbox 512 4692 2078 4757">
    <p class='ocr_par' dir='ltr' id='par_1_63' title="bbox 512 4692 2078 4757">
     <span class='ocr_line' id='line_1_63' title="bbox 512 4692 2078 4757; baseline -0.007 -1"><span class='ocrx_word' id='word_1_448' title='bbox 512 4699 847 4756; x_wconf 91' lang='lat' dir='ltr'><strong>documentis</strong></span> <span class='ocrx_word' id='word_1_449' title='bbox 893 4709 1119 4752; x_wconf 88' lang='lat' dir='ltr'><strong>acumen</strong></span> <span class='ocrx_word' id='word_1_450' title='bbox 1171 4701 1225 4750; x_wconf 91' lang='lat' dir='ltr'><strong>et</strong></span> <span class='ocrx_word' id='word_1_451' title='bbox 1282 4694 1335 4748; x_wconf 92' lang='lat' dir='ltr'><strong>in</strong></span> <span class='ocrx_word' id='word_1_452' title='bbox 1379 4692 1679 4748; x_wconf 88' lang='lat' dir='ltr'><strong>retinendis</strong></span> <span class='ocrx_word' id='word_1_453' title='bbox 1737 4694 2078 4757; x_wconf 89' lang='lat' dir='ltr'><strong>constantia,</strong></span> 
     </span>
    </p>
   </div>
   <div class='ocr_carea' id='block_1_64' title="bbox 511 4782 2074 4863">
    <p class='ocr_par' dir='ltr' id='par_1_64' title="bbox 511 4782 2074 4863">
     <span class='ocr_line' id='line_1_64' title="bbox 511 4782 2074 4863; baseline -0.007 -16"><span class='ocrx_word' id='word_1_454' title='bbox 511 4793 651 4863; x_wconf 93' lang='lat' dir='ltr'><strong>quod</strong></span> <span class='ocrx_word' id='word_1_455' title='bbox 676 4792 776 4846; x_wconf 89' lang='lat' dir='ltr'><strong>sub</strong></span> <span class='ocrx_word' id='word_1_456' title='bbox 810 4790 929 4843; x_wconf 90' lang='lat' dir='ltr'><strong>avia</strong></span> <span class='ocrx_word' id='word_1_457' title='bbox 963 4788 1101 4842; x_wconf 89' lang='lat' dir='ltr'><strong>ultra</strong></span> <span class='ocrx_word' id='word_1_458' title='bbox 1148 4794 1390 4841; x_wconf 90' lang='lat' dir='ltr'><strong>teneram</strong></span> <span class='ocrx_word' id='word_1_459' title='bbox 1441 4783 1728 4840; x_wconf 90' lang='lat' dir='ltr'><strong>infantiam</strong></span> <span class='ocrx_word' id='word_1_460' title='bbox 1783 4799 1886 4839; x_wconf 91' lang='lat' dir='ltr'><strong>non</strong></span> <span class='ocrx_word' id='word_1_461' title='bbox 1953 4782 2074 4837; x_wconf 86' lang='lat' dir='ltr'><strong>fuit.</strong></span> 
     </span>
    </p>
   </div>
   <div class='ocr_carea' id='block_1_65' title="bbox 512 4869 2074 4949">
    <p class='ocr_par' dir='ltr' id='par_1_65' title="bbox 512 4869 2074 4949">
     <span class='ocr_line' id='line_1_65' title="bbox 512 4869 2074 4949; baseline -0.008 -11"><span class='ocrx_word' id='word_1_462' title='bbox 512 4872 647 4937; x_wconf 84' lang='lat' dir='ltr'><strong>Nam</strong></span> <span class='ocrx_word' id='word_1_463' title='bbox 678 4881 765 4937; x_wconf 91' lang='lat' dir='ltr'><strong>ubi</strong></span> <span class='ocrx_word' id='word_1_464' title='bbox 794 4880 1022 4949; x_wconf 90' lang='lat' dir='ltr'><strong>primum</strong></span> <span class='ocrx_word' id='word_1_465' title='bbox 1060 4877 1254 4933; x_wconf 91' lang='lat' dir='ltr'><strong>litteris</strong></span> <span class='ocrx_word' id='word_1_466' title='bbox 1274 4876 1579 4931; x_wconf 88' lang='lat' dir='ltr'><strong>ediscendis</strong></span> <span class='ocrx_word' id='word_1_467' title='bbox 1607 4875 1836 4931; x_wconf 91' lang='lat' dir='ltr'><strong>idoneus</strong></span> <span class='ocrx_word' id='word_1_468' title='bbox 1863 4869 1982 4939; x_wconf 88' lang='lat' dir='ltr'><strong>fuit,</strong></span> <span class='ocrx_word' id='word_1_469' title='bbox 2009 4888 2074 4927; x_wconf 84' lang='lat' dir='ltr'><strong>ex</strong></span> 
     </span>
    </p>
   </div>
   <div class='ocr_carea' id='block_1_66' title="bbox 512 4967 2074 5039">
    <p class='ocr_par' dir='ltr' id='par_1_66' title="bbox 512 4967 2074 5039">
     <span class='ocr_line' id='line_1_66' title="bbox 512 4967 2074 5039; baseline -0.007 -12"><span class='ocrx_word' id='word_1_470' title='bbox 512 4973 645 5027; x_wconf 67' lang='lat' dir='ltr'><strong>aviae</strong></span> <span class='ocrx_word' id='word_1_471' title='bbox 673 4972 922 5027; x_wconf 88' lang='lat' dir='ltr'><strong>manibus</strong></span> <span class='ocrx_word' id='word_1_472' title='bbox 950 4970 1018 5024; x_wconf 90' lang='lat' dir='ltr'><strong>ad</strong></span> <span class='ocrx_word' id='word_1_473' title='bbox 1063 4969 1233 5039; x_wconf 89' lang='lat' dir='ltr'><strong>patris</strong></span> <span class='ocrx_word' id='word_1_474' title='bbox 1281 4967 1617 5037; x_wconf 91' lang='lat' dir='ltr'><strong>disciplinam</strong></span> <span class='ocrx_word' id='word_1_475' title='bbox 1664 4967 1931 5030; x_wconf 80' lang='lat' dir='ltr'><strong>transiit,</strong></span> <span class='ocrx_word' id='word_1_476' title='bbox 1981 4967 2074 5034; x_wconf 91' lang='lat' dir='ltr'><strong>qui</strong></span> 
     </span>
    </p>
   </div>
   <div class='ocr_carea' id='block_1_67' title="bbox 511 5056 2072 5129">
    <p class='ocr_par' dir='ltr' id='par_1_67' title="bbox 511 5056 2072 5129">
     <span class='ocr_line' id='line_1_67' title="bbox 511 5056 2072 5129; baseline -0.006 -11"><span class='ocrx_word' id='word_1_477' title='bbox 511 5062 840 5119; x_wconf 89' lang='lat' dir='ltr'><strong>rhetoricam</strong></span> <span class='ocrx_word' id='word_1_478' title='bbox 868 5075 1061 5129; x_wconf 87' lang='lat' dir='ltr'><strong>magna</strong></span> <span class='ocrx_word' id='word_1_479' title='bbox 1090 5058 1401 5115; x_wconf 88' lang='lat' dir='ltr'><strong>celebritate</strong></span> <span class='ocrx_word' id='word_1_480' title='bbox 1430 5060 1482 5113; x_wconf 92' lang='lat' dir='ltr'><strong>in</strong></span> <span class='ocrx_word' id='word_1_481' title='bbox 1514 5057 1690 5113; x_wconf 90' lang='lat' dir='ltr'><strong>Ponto</strong></span> <span class='ocrx_word' id='word_1_482' title='bbox 1728 5056 1956 5112; x_wconf 87' lang='lat' dir='ltr'><strong>docebat</strong></span> <span class='ocrx_word' id='word_1_483' title='bbox 1982 5056 2072 5125; x_wconf 65' lang='grc' dir='ltr'><strong>(ί),</strong></span> 
     </span>
    </p>
   </div>
   <div class='ocr_carea' id='block_1_68' title="bbox 512 5144 2073 5225">
    <p class='ocr_par' dir='ltr' id='par_1_68' title="bbox 512 5144 2073 5225">
     <span class='ocr_line' id='line_1_68' title="bbox 512 5144 2073 5225; baseline -0.006 -17"><span class='ocrx_word' id='word_1_484' title='bbox 512 5168 686 5225; x_wconf 88' lang='lat' dir='ltr'><strong>neque</strong></span> <span class='ocrx_word' id='word_1_485' title='bbox 723 5152 826 5207; x_wconf 86' lang='lat' dir='ltr'><strong>hoc</strong></span> <span class='ocrx_word' id='word_1_486' title='bbox 866 5164 1059 5206; x_wconf 89' lang='lat' dir='ltr'><strong>munus</strong></span> <span class='ocrx_word' id='word_1_487' title='bbox 1087 5151 1140 5204; x_wconf 93' lang='lat' dir='ltr'><strong>in</strong></span> <span class='ocrx_word' id='word_1_488' title='bbox 1180 5164 1316 5220; x_wconf 88' lang='lat' dir='ltr'><strong>pago</strong></span> <span class='ocrx_word' id='word_1_489' title='bbox 1341 5188 1356 5215; x_wconf 94' lang='lat'><strong>,</strong></span> <span class='ocrx_word' id='word_1_490' title='bbox 1394 5148 1483 5203; x_wconf 92' lang='lat' dir='ltr'><strong>ubi</strong></span> <span class='ocrx_word' id='word_1_491' title='bbox 1516 5148 1775 5202; x_wconf 89' lang='lat' dir='ltr'><strong>educatus</strong></span> <span class='ocrx_word' id='word_1_492' title='bbox 1816 5144 2073 5211; x_wconf 87' lang='lat' dir='ltr'><strong>Basilius,</strong></span> 
     </span>
    </p>
   </div>
   <div class='ocr_carea' id='block_1_69' title="bbox 511 5238 2077 5315">
    <p class='ocr_par' dir='ltr' id='par_1_69' title="bbox 511 5238 2077 5315">
     <span class='ocr_line' id='line_1_69' title="bbox 511 5238 2077 5315; baseline -0.006 -15"><span class='ocrx_word' id='word_1_493' title='bbox 511 5259 700 5315; x_wconf 85' lang='lat' dir='ltr'><strong>gerere</strong></span> <span class='ocrx_word' id='word_1_494' title='bbox 732 5242 926 5313; x_wconf 90' lang='lat' dir='ltr'><strong>potuit,</strong></span> <span class='ocrx_word' id='word_1_495' title='bbox 955 5242 1048 5297; x_wconf 88' lang='lat' dir='ltr'><strong>sed</strong></span> <span class='ocrx_word' id='word_1_496' title='bbox 1078 5242 1132 5296; x_wconf 91' lang='lat' dir='ltr'><strong>in</strong></span> <span class='ocrx_word' id='word_1_497' title='bbox 1172 5255 1364 5313; x_wconf 88' lang='lat' dir='ltr'><strong>magna</strong></span> <span class='ocrx_word' id='word_1_498' title='bbox 1399 5240 1579 5309; x_wconf 91' lang='lat' dir='ltr'><strong>aliqua</strong></span> <span class='ocrx_word' id='word_1_499' title='bbox 1610 5238 1770 5303; x_wconf 90' lang='lat' dir='ltr'><strong>urbe,</strong></span> <span class='ocrx_word' id='word_1_500' title='bbox 1799 5248 1981 5307; x_wconf 88' lang='lat' dir='ltr'><strong>atque,</strong></span> <span class='ocrx_word' id='word_1_501' title='bbox 2021 5246 2077 5290; x_wconf 94' lang='lat' dir='ltr'><strong>ut</strong></span> 
     </span>
    </p>
   </div>
   <div class='ocr_carea' id='block_1_70' title="bbox 512 5330 2070 5401">
    <p class='ocr_par' dir='ltr' id='par_1_70' title="bbox 512 5330 2070 5401">
     <span class='ocr_line' id='line_1_70' title="bbox 512 5330 2070 5401; baseline -0.003 -13"><span class='ocrx_word' id='word_1_502' title='bbox 512 5332 801 5390; x_wconf 88' lang='lat' dir='ltr'><strong>verisimile</strong></span> <span class='ocrx_word' id='word_1_503' title='bbox 847 5341 973 5400; x_wconf 88' lang='lat' dir='ltr'><strong>est,</strong></span> <span class='ocrx_word' id='word_1_504' title='bbox 1005 5332 1387 5389; x_wconf 72' lang='lat' dir='ltr'><strong>Neocaesareae.</strong></span> <span class='ocrx_word' id='word_1_505' title='bbox 1442 5331 1701 5388; x_wconf 87' lang='lat' dir='ltr'><strong>Basilium</strong></span> <span class='ocrx_word' id='word_1_506' title='bbox 1755 5330 2070 5401; x_wconf 85' lang='lat' dir='ltr'><strong>aliquandiu</strong></span> 
     </span>
    </p>
   </div>
   <div class='ocr_carea' id='block_1_71' title="bbox 583 5512 1267 5583">
    <p class='ocr_par' dir='ltr' id='par_1_71' title="bbox 583 5512 1267 5583">
     <span class='ocr_line' id='line_1_71' title="bbox 583 5512 1267 5583; baseline 0.001 -19"><span class='ocrx_word' id='word_1_507' title='bbox 583 5512 990 5583; x_wconf 82' lang='lat' dir='ltr'><strong>(a)H0mil.l7.</strong></span> <span class='ocrx_word' id='word_1_508' title='bbox 1044 5582 1063 5583; x_wconf 26' lang='grc' dir='ltr'>η</span> <span class='ocrx_word' id='word_1_509' title='bbox 1136 5582 1143 5583; x_wconf 15' lang='lat'><em>7</em></span> <span class='ocrx_word' id='word_1_510' title='bbox 1202 5582 1205 5583; x_wconf 16' lang='grc' dir='ltr'><em>ν</em></span> <span class='ocrx_word' id='word_1_511' title='bbox 1262 5520 1267 5523; x_wconf 86' lang='grc'><em>’</em></span> 
     </span>
    </p>
   </div>
   <div class='ocr_carea' id='block_1_72' title="bbox 580 5582 1244 5653">
    <p class='ocr_par' dir='ltr' id='par_1_72' title="bbox 580 5582 1244 5653">
     <span class='ocr_line' id='line_1_72' title="bbox 580 5582 1244 5653; baseline 0 -19"><span class='ocrx_word' id='word_1_512' title='bbox 580 5582 655 5653; x_wconf 60' lang='grc' dir='ltr'><strong>(ιθ)</strong></span> <span class='ocrx_word' id='word_1_513' title='bbox 692 5585 785 5653; x_wconf 85' lang='grc' dir='ltr'><strong>Ερ.</strong></span> <span class='ocrx_word' id='word_1_514' title='bbox 818 5582 1244 5653; x_wconf 64' lang='lat'><strong>155,165,102.</strong></span> 
     </span>
    </p>
   </div>
   <div class='ocr_carea' id='block_1_73' title="bbox 582 5652 1365 5721">
    <p class='ocr_par' dir='ltr' id='par_1_73' title="bbox 582 5652 1365 5721">
     <span class='ocr_line' id='line_1_73' title="bbox 582 5652 1365 5721; baseline 0.001 -18"><span class='ocrx_word' id='word_1_515' title='bbox 582 5652 650 5721; x_wconf 83' lang='grc' dir='ltr'><strong>(ε)</strong></span> <span class='ocrx_word' id='word_1_516' title='bbox 675 5653 828 5721; x_wconf 85' lang='lat' dir='ltr'><strong>Nyss.</strong></span> <span class='ocrx_word' id='word_1_517' title='bbox 867 5654 934 5705; x_wconf 82' lang='lat' dir='ltr'><strong>De</strong></span> <span class='ocrx_word' id='word_1_518' title='bbox 961 5652 1123 5703; x_wconf 81' lang='lat' dir='ltr'><strong>Basil.</strong></span> <span class='ocrx_word' id='word_1_519' title='bbox 1156 5667 1205 5718; x_wconf 85' lang='lat' dir='ltr'><strong>p.</strong></span> <span class='ocrx_word' id='word_1_520' title='bbox 1236 5652 1365 5704; x_wconf 66' lang='grc'><strong>⁸292.</strong></span> 
     </span>
    </p>
   </div>
   <div class='ocr_carea' id='block_1_74' title="bbox 580 5722 1262 5790">
    <p class='ocr_par' dir='ltr' id='par_1_74' title="bbox 580 5722 1262 5790">
     <span class='ocr_line' id='line_1_74' title="bbox 580 5722 1262 5790; baseline 0.003 -18"><span class='ocrx_word' id='word_1_521' title='bbox 580 5724 657 5790; x_wconf 83' lang='lat' dir='ltr'><strong>(d)</strong></span> <span class='ocrx_word' id='word_1_522' title='bbox 689 5724 780 5789; x_wconf 77' lang='lat' dir='ltr'><strong>Ep.</strong></span> <span class='ocrx_word' id='word_1_523' title='bbox 810 5724 875 5774; x_wconf 74' lang='lat'><strong>57</strong></span> <span class='ocrx_word' id='word_1_524' title='bbox 899 5722 1094 5781; x_wconf 60' lang='lat' dir='ltr'><strong>ct‘ZIU,</strong></span> <span class='ocrx_word' id='word_1_525' title='bbox 1134 5738 1183 5773; x_wconf 80' lang='grc' dir='ltr'><strong>ιι.</strong></span> <span class='ocrx_word' id='word_1_526' title='bbox 1216 5725 1262 5774; x_wconf 79' lang='grc'><strong>1.</strong></span> 
     </span>
    </p>
   </div>
   <div class='ocr_carea' id='block_1_75' title="bbox 584 5792 1118 5860">
    <p class='ocr_par' dir='ltr' id='par_1_75' title="bbox 584 5792 1118 5860">
     <span class='ocr_line' id='line_1_75' title="bbox 584 5792 1118 5860; baseline 0 -18"><span class='ocrx_word' id='word_1_527' title='bbox 584 5804 654 5860; x_wconf 65' lang='lat' dir='ltr'><strong>(ei</strong></span> <span class='ocrx_word' id='word_1_528' title='bbox 689 5793 781 5859; x_wconf 76' lang='grc' dir='ltr'>Ειι.</span> <span class='ocrx_word' id='word_1_529' title='bbox 819 5792 942 5857; x_wconf 69' lang='grc' dir='ltr'>2υ4,</span> <span class='ocrx_word' id='word_1_530' title='bbox 982 5808 1033 5843; x_wconf 91' lang='lat' dir='ltr'><strong>n.</strong></span> <span class='ocrx_word' id='word_1_531' title='bbox 1069 5792 1118 5842; x_wconf 79' lang='lat' dir='ltr'><strong>ti.</strong></span> 
     </span>
    </p>
   </div>
   <div class='ocr_carea' id='block_1_76' title="bbox 2181 1953 3745 2024">
    <p class='ocr_par' dir='ltr' id='par_1_76' title="bbox 2181 1953 3745 2024">
     <span class='ocr_line' id='line_1_76' title="bbox 2181 1953 3745 2024; baseline -0.001 -15"><span class='ocrx_word' id='word_1_532' title='bbox 2181 1956 2340 2010; x_wconf 89' lang='lat' dir='ltr'><strong>melia</strong></span> <span class='ocrx_word' id='word_1_533' title='bbox 2374 1963 2545 2009; x_wconf 90' lang='lat' dir='ltr'><strong>matre</strong></span> <span class='ocrx_word' id='word_1_534' title='bbox 2569 1954 2794 2008; x_wconf 89' lang='lat' dir='ltr'><strong>alteram</strong></span> <span class='ocrx_word' id='word_1_535' title='bbox 2823 1953 3137 2008; x_wconf 86' lang='lat' dir='ltr'><strong>Macrinam.</strong></span> <span class='ocrx_word' id='word_1_536' title='bbox 3175 1954 3306 2009; x_wconf 89' lang='lat' dir='ltr'><strong>Nam</strong></span> <span class='ocrx_word' id='word_1_537' title='bbox 3356 1955 3424 2009; x_wconf 91' lang='lat' dir='ltr'><strong>ab</strong></span> <span class='ocrx_word' id='word_1_538' title='bbox 3443 1970 3504 2009; x_wconf 92' lang='lat' dir='ltr'><strong>ea</strong></span> <span class='ocrx_word' id='word_1_539' title='bbox 3530 1970 3745 2024; x_wconf 88' lang='lat' dir='ltr'><strong>quoque</strong></span> 
     </span>
    </p>
   </div>
   <div class='ocr_carea' id='block_1_77' title="bbox 2179 2048 3745 2118">
    <p class='ocr_par' dir='ltr' id='par_1_77' title="bbox 2179 2048 3745 2118">
     <span class='ocr_line' id='line_1_77' title="bbox 2179 2048 3745 2118; baseline -0.003 -13"><span class='ocrx_word' id='word_1_540' title='bbox 2179 2049 2499 2105; x_wconf 90' lang='lat' dir='ltr'><strong>catholicam</strong></span> <span class='ocrx_word' id='word_1_541' title='bbox 2555 2049 2851 2103; x_wconf 90' lang='lat' dir='ltr'><strong>doctrinam</strong></span> <span class='ocrx_word' id='word_1_542' title='bbox 2912 2048 3185 2116; x_wconf 87' lang='lat' dir='ltr'><strong>accepisse</strong></span> <span class='ocrx_word' id='word_1_543' title='bbox 3232 2063 3292 2103; x_wconf 93' lang='lat' dir='ltr'><strong>se</strong></span> <span class='ocrx_word' id='word_1_544' title='bbox 3342 2048 3603 2115; x_wconf 87' lang='lat' dir='ltr'><strong>gloriatur</strong></span> <span class='ocrx_word' id='word_1_545' title='bbox 3646 2050 3745 2118; x_wconf 71' lang='lat' dir='ltr'><strong>(Ii).</strong></span> 
     </span>
    </p>
   </div>
   <div class='ocr_carea' id='block_1_78' title="bbox 2179 2139 3741 2211">
    <p class='ocr_par' dir='ltr' id='par_1_78' title="bbox 2179 2139 3741 2211">
     <span class='ocr_line' id='line_1_78' title="bbox 2179 2139 3741 2211; baseline -0.001 -16"><span class='ocrx_word' id='word_1_546' title='bbox 2179 2142 2298 2211; x_wconf 88' lang='lat' dir='ltr'><strong>Ipse</strong></span> <span class='ocrx_word' id='word_1_547' title='bbox 2324 2141 2487 2195; x_wconf 90' lang='lat' dir='ltr'><strong>etiam</strong></span> <span class='ocrx_word' id='word_1_548' title='bbox 2518 2152 2672 2210; x_wconf 89' lang='lat' dir='ltr'><strong>pater</strong></span> <span class='ocrx_word' id='word_1_549' title='bbox 2703 2156 2924 2209; x_wconf 91' lang='lat' dir='ltr'><strong>operam</strong></span> <span class='ocrx_word' id='word_1_550' title='bbox 2963 2154 3115 2192; x_wconf 87' lang='lat' dir='ltr'><strong>suam</strong></span> <span class='ocrx_word' id='word_1_551' title='bbox 3147 2139 3471 2210; x_wconf 87' lang='lat' dir='ltr'><strong>adjungebat</strong></span> <span class='ocrx_word' id='word_1_552' title='bbox 3502 2141 3661 2194; x_wconf 78' lang='lat' dir='ltr'><strong>uxori</strong></span> <span class='ocrx_word' id='word_1_553' title='bbox 3689 2143 3741 2194; x_wconf 92' lang='lat' dir='ltr'><strong>in</strong></span> 
     </span>
    </p>
   </div>
   <div class='ocr_carea' id='block_1_79' title="bbox 2181 2231 3747 2303">
    <p class='ocr_par' dir='ltr' id='par_1_79' title="bbox 2181 2231 3747 2303">
     <span class='ocr_line' id='line_1_79' title="bbox 2181 2231 3747 2303; baseline 0 -16"><span class='ocrx_word' id='word_1_554' title='bbox 2181 2234 2511 2288; x_wconf 89' lang='lat' dir='ltr'><strong>instituendo</strong></span> <span class='ocrx_word' id='word_1_555' title='bbox 2534 2234 2599 2286; x_wconf 89' lang='lat' dir='ltr'><strong>ad</strong></span> <span class='ocrx_word' id='word_1_556' title='bbox 2635 2233 2888 2300; x_wconf 90' lang='lat' dir='ltr'><strong>pietatem</strong></span> <span class='ocrx_word' id='word_1_557' title='bbox 2919 2232 3027 2287; x_wconf 90' lang='lat' dir='ltr'><strong>ﬁlio</strong></span> <span class='ocrx_word' id='word_1_558' title='bbox 3075 2231 3172 2303; x_wconf 90' lang='lat' dir='ltr'><strong>(i);</strong></span> <span class='ocrx_word' id='word_1_559' title='bbox 3203 2232 3296 2286; x_wconf 92' lang='lat' dir='ltr'><strong>sed</strong></span> <span class='ocrx_word' id='word_1_560' title='bbox 3326 2231 3468 2287; x_wconf 91' lang='lat' dir='ltr'><strong>illius</strong></span> <span class='ocrx_word' id='word_1_561' title='bbox 3502 2233 3747 2287; x_wconf 91' lang='lat' dir='ltr'><strong>animum</strong></span> 
     </span>
    </p>
   </div>
   <div class='ocr_carea' id='block_1_80' title="bbox 2180 2325 3743 2394">
    <p class='ocr_par' dir='ltr' id='par_1_80' title="bbox 2180 2325 3743 2394">
     <span class='ocr_line' id='line_1_80' title="bbox 2180 2325 3743 2394; baseline 0.001 -16"><span class='ocrx_word' id='word_1_562' title='bbox 2180 2325 2491 2380; x_wconf 90' lang='lat' dir='ltr'><strong>liberalibus</strong></span> <span class='ocrx_word' id='word_1_563' title='bbox 2520 2326 2817 2394; x_wconf 88' lang='lat' dir='ltr'><strong>disciplinis</strong></span> <span class='ocrx_word' id='word_1_564' title='bbox 2853 2326 3094 2379; x_wconf 83' lang='lat' dir='ltr'><strong>imbuere</strong></span> <span class='ocrx_word' id='word_1_565' title='bbox 3124 2325 3400 2392; x_wconf 89' lang='lat' dir='ltr'><strong>proprium</strong></span> <span class='ocrx_word' id='word_1_566' title='bbox 3432 2340 3590 2379; x_wconf 91' lang='lat' dir='ltr'><strong>suum</strong></span> <span class='ocrx_word' id='word_1_567' title='bbox 3626 2341 3743 2379; x_wconf 85' lang='lat' dir='ltr'><strong>mu-</strong></span> 
     </span>
    </p>
   </div>
   <div class='ocr_carea' id='block_1_81' title="bbox 2180 2413 3742 2483">
    <p class='ocr_par' dir='ltr' id='par_1_81' title="bbox 2180 2413 3742 2483">
     <span class='ocr_line' id='line_1_81' title="bbox 2180 2413 3742 2483; baseline -0.001 -14"><span class='ocrx_word' id='word_1_568' title='bbox 2180 2432 2278 2471; x_wconf 90' lang='lat' dir='ltr'><strong>nus</strong></span> <span class='ocrx_word' id='word_1_569' title='bbox 2316 2431 2435 2471; x_wconf 91' lang='lat' dir='ltr'><strong>esse</strong></span> <span class='ocrx_word' id='word_1_570' title='bbox 2469 2417 2717 2480; x_wconf 85' lang='lat' dir='ltr'><strong>ducebat,</strong></span> <span class='ocrx_word' id='word_1_571' title='bbox 2744 2417 2824 2469; x_wconf 85' lang='lat' dir='ltr'><strong>vir</strong></span> <span class='ocrx_word' id='word_1_572' title='bbox 2854 2428 3081 2483; x_wconf 91' lang='lat' dir='ltr'><strong>utraque</strong></span> <span class='ocrx_word' id='word_1_573' title='bbox 3108 2414 3266 2470; x_wconf 88' lang='lat' dir='ltr'><strong>laude</strong></span> <span class='ocrx_word' id='word_1_574' title='bbox 3324 2415 3378 2469; x_wconf 92' lang='lat' dir='ltr'><strong>in</strong></span> <span class='ocrx_word' id='word_1_575' title='bbox 3435 2413 3611 2469; x_wconf 87' lang='lat' dir='ltr'><strong>Ponto</strong></span> <span class='ocrx_word' id='word_1_576' title='bbox 3640 2431 3742 2469; x_wconf 77' lang='lat' dir='ltr'><strong>ex-</strong></span> 
     </span>
    </p>
   </div>
   <div class='ocr_carea' id='block_1_82' title="bbox 2178 2505 3750 2576">
    <p class='ocr_par' dir='ltr' id='par_1_82' title="bbox 2178 2505 3750 2576">
     <span class='ocr_line' id='line_1_82' title="bbox 2178 2505 3750 2576; baseline -0.001 -15"><span class='ocrx_word' id='word_1_577' title='bbox 2178 2508 2396 2571; x_wconf 88' lang='lat' dir='ltr'><strong>cellens,</strong></span> <span class='ocrx_word' id='word_1_578' title='bbox 2434 2516 2487 2560; x_wconf 93' lang='lat' dir='ltr'><strong>et</strong></span> <span class='ocrx_word' id='word_1_579' title='bbox 2518 2507 2716 2576; x_wconf 90' lang='lat' dir='ltr'><strong>pietate</strong></span> <span class='ocrx_word' id='word_1_580' title='bbox 2766 2516 2819 2560; x_wconf 90' lang='lat' dir='ltr'><strong>et</strong></span> <span class='ocrx_word' id='word_1_581' title='bbox 2856 2506 3182 2574; x_wconf 89' lang='lat' dir='ltr'><strong>eloquentia.</strong></span> <span class='ocrx_word' id='word_1_582' title='bbox 3216 2505 3328 2561; x_wconf 91' lang='lat' dir='ltr'><strong>Sub</strong></span> <span class='ocrx_word' id='word_1_583' title='bbox 3392 2516 3543 2561; x_wconf 89' lang='lat' dir='ltr'><strong>tanto</strong></span> <span class='ocrx_word' id='word_1_584' title='bbox 3575 2506 3750 2575; x_wconf 84' lang='lat' dir='ltr'><strong>magi-</strong></span> 
     </span>
    </p>
   </div>
   <div class='ocr_carea' id='block_1_83' title="bbox 2183 2600 3750 2669">
    <p class='ocr_par' dir='ltr' id='par_1_83' title="bbox 2183 2600 3750 2669">
     <span class='ocr_line' id='line_1_83' title="bbox 2183 2600 3750 2669; baseline -0.001 -14"><span class='ocrx_word' id='word_1_585' title='bbox 2183 2611 2296 2655; x_wconf 91' lang='lat' dir='ltr'><strong>stro</strong></span> <span class='ocrx_word' id='word_1_586' title='bbox 2350 2601 2574 2655; x_wconf 90' lang='lat' dir='ltr'><strong>miriﬁce</strong></span> <span class='ocrx_word' id='word_1_587' title='bbox 2621 2600 2850 2669; x_wconf 87' lang='lat' dir='ltr'><strong>profecit</strong></span> <span class='ocrx_word' id='word_1_588' title='bbox 2890 2600 3151 2666; x_wconf 90' lang='lat' dir='ltr'><strong>Basilius;</strong></span> <span class='ocrx_word' id='word_1_589' title='bbox 3185 2600 3277 2655; x_wconf 89' lang='lat' dir='ltr'><strong>sed</strong></span> <span class='ocrx_word' id='word_1_590' title='bbox 3308 2616 3428 2655; x_wconf 91' lang='lat' dir='ltr'><strong>cum</strong></span> <span class='ocrx_word' id='word_1_591' title='bbox 3467 2616 3589 2657; x_wconf 92' lang='lat' dir='ltr'><strong>eum</strong></span> <span class='ocrx_word' id='word_1_592' title='bbox 3627 2602 3750 2655; x_wconf 89' lang='lat' dir='ltr'><strong>nul-</strong></span> 
     </span>
    </p>
   </div>
   <div class='ocr_carea' id='block_1_84' title="bbox 2178 2680 3748 2762">
    <p class='ocr_par' dir='ltr' id='par_1_84' title="bbox 2178 2680 3748 2762">
     <span class='ocr_line' id='line_1_84' title="bbox 2178 2680 3748 2762; baseline 0 -17"><span class='ocrx_word' id='word_1_593' title='bbox 2178 2693 2283 2747; x_wconf 91' lang='lat' dir='ltr'><strong>lius</strong></span> <span class='ocrx_word' id='word_1_594' title='bbox 2312 2693 2389 2747; x_wconf 90' lang='lat' dir='ltr'><strong>rei</strong></span> <span class='ocrx_word' id='word_1_595' title='bbox 2429 2701 2704 2762; x_wconf 77' lang='lat' dir='ltr'><strong>expertem</strong></span> <span class='ocrx_word' id='word_1_596' title='bbox 2760 2706 2879 2745; x_wconf 90' lang='lat' dir='ltr'><strong>esse</strong></span> <span class='ocrx_word' id='word_1_597' title='bbox 2906 2700 3196 2759; x_wconf 90' lang='lat' dir='ltr'><strong>oporteret.</strong></span> <span class='ocrx_word' id='word_1_598' title='bbox 3224 2700 3283 2745; x_wconf 90' lang='lat' dir='ltr'><strong>ut</strong></span> <span class='ocrx_word' id='word_1_599' title='bbox 3320 2692 3398 2745; x_wconf 91' lang='lat' dir='ltr'><strong>ait</strong></span> <span class='ocrx_word' id='word_1_600' title='bbox 3444 2680 3748 2761; x_wconf 81' lang='lat' dir='ltr'><strong>Gregorius</strong></span> 
     </span>
    </p>
   </div>
   <div class='ocr_carea' id='block_1_85' title="bbox 2179 2782 3749 2852">
    <p class='ocr_par' dir='ltr' id='par_1_85' title="bbox 2179 2782 3749 2852">
     <span class='ocr_line' id='line_1_85' title="bbox 2179 2782 3749 2852; baseline -0.001 -16"><span class='ocrx_word' id='word_1_601' title='bbox 2179 2782 2581 2847; x_wconf 76' lang='lat' dir='ltr'><strong>Nazianzenus,</strong></span> <span class='ocrx_word' id='word_1_602' title='bbox 2635 2782 2687 2835; x_wconf 93' lang='lat' dir='ltr'><strong>in</strong></span> <span class='ocrx_word' id='word_1_603' title='bbox 2747 2782 2883 2837; x_wconf 89' lang='lat' dir='ltr'><strong>alias</strong></span> <span class='ocrx_word' id='word_1_604' title='bbox 2915 2783 3218 2852; x_wconf 88' lang='lat' dir='ltr'><strong>provincias</strong></span> <span class='ocrx_word' id='word_1_605' title='bbox 3259 2782 3511 2846; x_wconf 89' lang='lat' dir='ltr'><strong>mittitur,</strong></span> <span class='ocrx_word' id='word_1_606' title='bbox 3543 2792 3603 2835; x_wconf 92' lang='lat' dir='ltr'><strong>ut</strong></span> <span class='ocrx_word' id='word_1_607' title='bbox 3631 2782 3749 2834; x_wconf 81' lang='lat' dir='ltr'><strong>vcl-</strong></span> 
     </span>
    </p>
   </div>
   <div class='ocr_carea' id='block_1_86' title="bbox 2180 2872 3743 2943">
    <p class='ocr_par' dir='ltr' id='par_1_86' title="bbox 2180 2872 3743 2943">
     <span class='ocr_line' id='line_1_86' title="bbox 2180 2872 3743 2943; baseline -0.002 -14"><span class='ocrx_word' id='word_1_608' title='bbox 2180 2884 2237 2929; x_wconf 91' lang='lat' dir='ltr'><strong>ut</strong></span> <span class='ocrx_word' id='word_1_609' title='bbox 2270 2890 2398 2943; x_wconf 85' lang='lat' dir='ltr'><strong>apes</strong></span> <span class='ocrx_word' id='word_1_610' title='bbox 2430 2890 2491 2928; x_wconf 82' lang='lat' dir='ltr'><strong>ex</strong></span> <span class='ocrx_word' id='word_1_611' title='bbox 2521 2874 2685 2927; x_wconf 90' lang='lat' dir='ltr'><strong>variis</strong></span> <span class='ocrx_word' id='word_1_612' title='bbox 2719 2873 2959 2938; x_wconf 89' lang='lat' dir='ltr'><strong>ﬁoribus,</strong></span> <span class='ocrx_word' id='word_1_613' title='bbox 3007 2875 3088 2929; x_wconf 91' lang='lat' dir='ltr'><strong>sic</strong></span> <span class='ocrx_word' id='word_1_614' title='bbox 3111 2874 3223 2943; x_wconf 82' lang='lat' dir='ltr'><strong>ipse</strong></span> <span class='ocrx_word' id='word_1_615' title='bbox 3246 2886 3310 2925; x_wconf 82' lang='lat' dir='ltr'><strong>ex</strong></span> <span class='ocrx_word' id='word_1_616' title='bbox 3345 2872 3511 2927; x_wconf 87' lang='lat' dir='ltr'><strong>variis</strong></span> <span class='ocrx_word' id='word_1_617' title='bbox 3569 2873 3743 2942; x_wconf 85' lang='lat' dir='ltr'><strong>magi-</strong></span> 
     </span>
    </p>
   </div>
   <div class='ocr_carea' id='block_1_87' title="bbox 2180 2961 3747 3033">
    <p class='ocr_par' dir='ltr' id='par_1_87' title="bbox 2180 2961 3747 3033">
     <span class='ocr_line' id='line_1_87' title="bbox 2180 2961 3747 3033; baseline -0.004 -12"><span class='ocrx_word' id='word_1_618' title='bbox 2180 2967 2309 3021; x_wconf 90' lang='lat' dir='ltr'><strong>stris</strong></span> <span class='ocrx_word' id='word_1_619' title='bbox 2331 2966 2609 3020; x_wconf 88' lang='lat' dir='ltr'><strong>utilissima</strong></span> <span class='ocrx_word' id='word_1_620' title='bbox 2644 2979 2868 3033; x_wconf 68' lang='lat' dir='ltr'><strong>qua-que</strong></span> <span class='ocrx_word' id='word_1_621' title='bbox 2901 2965 3216 3033; x_wconf 89' lang='lat' dir='ltr'><strong>perciperet.</strong></span> <span class='ocrx_word' id='word_1_622' title='bbox 3238 2964 3374 3018; x_wconf 90' lang='lat' dir='ltr'><strong>Hinc</strong></span> <span class='ocrx_word' id='word_1_623' title='bbox 3405 2977 3525 3017; x_wconf 87' lang='lat' dir='ltr'><strong>eum</strong></span> <span class='ocrx_word' id='word_1_624' title='bbox 3561 2961 3747 3017; x_wconf 61' lang='lat' dir='ltr'><strong>Caesa-</strong></span> 
     </span>
    </p>
   </div>
   <div class='ocr_carea' id='block_1_88' title="bbox 2181 3055 3743 3126">
    <p class='ocr_par' dir='ltr' id='par_1_88' title="bbox 2181 3055 3743 3126">
     <span class='ocr_line' id='line_1_88' title="bbox 2181 3055 3743 3126; baseline -0.001 -13"><span class='ocrx_word' id='word_1_625' title='bbox 2181 3073 2291 3121; x_wconf 91' lang='lat' dir='ltr'><strong>rea,</strong></span> <span class='ocrx_word' id='word_1_626' title='bbox 2312 3072 2377 3111; x_wconf 90' lang='lat' dir='ltr'><strong>ac</strong></span> <span class='ocrx_word' id='word_1_627' title='bbox 2400 3058 2591 3112; x_wconf 90' lang='lat' dir='ltr'><strong>deinde</strong></span> <span class='ocrx_word' id='word_1_628' title='bbox 2616 3056 3130 3126; x_wconf 88' lang='lat' dir='ltr'><strong>Constantinopolis,</strong></span> <span class='ocrx_word' id='word_1_629' title='bbox 3165 3065 3220 3111; x_wconf 90' lang='lat' dir='ltr'><strong>et</strong></span> <span class='ocrx_word' id='word_1_630' title='bbox 3272 3055 3485 3110; x_wconf 88' lang='lat' dir='ltr'><strong>tandem</strong></span> <span class='ocrx_word' id='word_1_631' title='bbox 3514 3055 3743 3111; x_wconf 65' lang='lat' dir='ltr'><strong>Athena:</strong></span> 
     </span>
    </p>
   </div>
   <div class='ocr_carea' id='block_1_89' title="bbox 2184 3151 2506 3205">
    <p class='ocr_par' dir='ltr' id='par_1_89' title="bbox 2184 3151 2506 3205">
     <span class='ocr_line' id='line_1_89' title="bbox 2184 3151 2506 3205; baseline -0.006 0"><span class='ocrx_word' id='word_1_632' title='bbox 2184 3151 2506 3205; x_wconf 90' lang='lat' dir='ltr'><strong>habuerunt.</strong></span> 
     </span>
    </p>
   </div>
   <div class='ocr_carea' id='block_1_90' title="bbox 2254 3237 3747 3308">
    <p class='ocr_par' dir='ltr' id='par_1_90' title="bbox 2254 3237 3747 3308">
     <span class='ocr_line' id='line_1_90' title="bbox 2254 3237 3747 3308; baseline 0.001 -14"><span class='ocrx_word' id='word_1_633' title='bbox 2254 3240 2339 3295; x_wconf 83' lang='lat' dir='ltr'><strong>Vl.</strong></span> <span class='ocrx_word' id='word_1_634' title='bbox 2365 3240 2469 3294; x_wconf 90' lang='lat' dir='ltr'><strong>Sed</strong></span> <span class='ocrx_word' id='word_1_635' title='bbox 2499 3248 2616 3292; x_wconf 91' lang='lat' dir='ltr'><strong>utra</strong></span> <span class='ocrx_word' id='word_1_636' title='bbox 2645 3238 2897 3293; x_wconf 90' lang='lat' dir='ltr'><strong>Basilium</strong></span> <span class='ocrx_word' id='word_1_637' title='bbox 2931 3237 3179 3293; x_wconf 86' lang='lat' dir='ltr'><strong>habuerit</strong></span> <span class='ocrx_word' id='word_1_638' title='bbox 3206 3237 3471 3302; x_wconf 81' lang='lat' dir='ltr'><strong>Caesarea,</strong></span> <span class='ocrx_word' id='word_1_639' title='bbox 3498 3252 3618 3308; x_wconf 80' lang='lat' dir='ltr'><strong>quze</strong></span> <span class='ocrx_word' id='word_1_640' title='bbox 3640 3240 3747 3295; x_wconf 87' lang='lat' dir='ltr'><strong>sita</strong></span> 
     </span>
    </p>
   </div>
   <div class='ocr_carea' id='block_1_91' title="bbox 2181 3328 3748 3399">
    <p class='ocr_par' dir='ltr' id='par_1_91' title="bbox 2181 3328 3748 3399">
     <span class='ocr_line' id='line_1_91' title="bbox 2181 3328 3748 3399; baseline -0.003 -13"><span class='ocrx_word' id='word_1_641' title='bbox 2181 3333 2337 3386; x_wconf 90' lang='lat' dir='ltr'><strong>estin</strong></span> <span class='ocrx_word' id='word_1_642' title='bbox 2365 3330 2718 3399; x_wconf 86' lang='lat' dir='ltr'><strong>Cappadocia,</strong></span> <span class='ocrx_word' id='word_1_643' title='bbox 2744 3344 2809 3383; x_wconf 92' lang='lat' dir='ltr'><strong>an</strong></span> <span class='ocrx_word' id='word_1_644' title='bbox 2839 3343 2957 3398; x_wconf 73' lang='lat' dir='ltr'><strong>qua:</strong></span> <span class='ocrx_word' id='word_1_645' title='bbox 2989 3329 3041 3383; x_wconf 94' lang='lat' dir='ltr'><strong>in</strong></span> <span class='ocrx_word' id='word_1_646' title='bbox 3069 3328 3372 3394; x_wconf 73' lang='lat' dir='ltr'><strong>Palmstina,</strong></span> <span class='ocrx_word' id='word_1_647' title='bbox 3400 3344 3593 3399; x_wconf 87' lang='lat' dir='ltr'><strong>magna</strong></span> <span class='ocrx_word' id='word_1_648' title='bbox 3619 3344 3748 3384; x_wconf 89' lang='lat' dir='ltr'><strong>sen-</strong></span> 
     </span>
    </p>
   </div>
   <div class='ocr_carea' id='block_1_92' title="bbox 2185 3419 3745 3491">
    <p class='ocr_par' dir='ltr' id='par_1_92' title="bbox 2185 3419 3745 3491">
     <span class='ocr_line' id='line_1_92' title="bbox 2185 3419 3745 3491; baseline -0.001 -15"><span class='ocrx_word' id='word_1_649' title='bbox 2185 3423 2470 3478; x_wconf 89' lang='lat' dir='ltr'><strong>tentiarum</strong></span> <span class='ocrx_word' id='word_1_650' title='bbox 2498 3422 2758 3476; x_wconf 89' lang='lat' dir='ltr'><strong>varietate</strong></span> <span class='ocrx_word' id='word_1_651' title='bbox 2796 3421 3106 3491; x_wconf 88' lang='lat' dir='ltr'><strong>ambigitur.</strong></span> <span class='ocrx_word' id='word_1_652' title='bbox 3155 3419 3334 3475; x_wconf 89' lang='lat' dir='ltr'><strong>Multis</strong></span> <span class='ocrx_word' id='word_1_653' title='bbox 3378 3422 3625 3490; x_wconf 88' lang='lat' dir='ltr'><strong>partibus</strong></span> <span class='ocrx_word' id='word_1_654' title='bbox 3656 3423 3745 3475; x_wconf 86' lang='lat' dir='ltr'><strong>vi—</strong></span> 
     </span>
    </p>
   </div>
   <div class='ocr_carea' id='block_1_93' title="bbox 2182 3511 3751 3582">
    <p class='ocr_par' dir='ltr' id='par_1_93' title="bbox 2182 3511 3751 3582">
     <span class='ocr_line' id='line_1_93' title="bbox 2182 3511 3751 3582; baseline 0.001 -15"><span class='ocrx_word' id='word_1_655' title='bbox 2182 3515 2337 3567; x_wconf 88' lang='lat' dir='ltr'><strong>detur</strong></span> <span class='ocrx_word' id='word_1_656' title='bbox 2365 3511 2697 3582; x_wconf 68' lang='lat' dir='ltr'><strong>praeferenda</strong></span> <span class='ocrx_word' id='word_1_657' title='bbox 2746 3526 2933 3567; x_wconf 92' lang='lat' dir='ltr'><strong>eorum</strong></span> <span class='ocrx_word' id='word_1_658' title='bbox 2976 3512 3180 3579; x_wconf 89' lang='lat' dir='ltr'><strong>opinio,</strong></span> <span class='ocrx_word' id='word_1_659' title='bbox 3209 3512 3299 3574; x_wconf 90' lang='lat' dir='ltr'><strong>qui</strong></span> <span class='ocrx_word' id='word_1_660' title='bbox 3330 3512 3586 3567; x_wconf 88' lang='lat' dir='ltr'><strong>Basilium</strong></span> <span class='ocrx_word' id='word_1_661' title='bbox 3630 3514 3751 3569; x_wconf 71' lang='lat' dir='ltr'><strong>Cae-</strong></span> 
     </span>
    </p>
   </div>
   <div class='ocr_carea' id='block_1_94' title="bbox 2184 3602 3745 3671">
    <p class='ocr_par' dir='ltr' id='par_1_94' title="bbox 2184 3602 3745 3671">
     <span class='ocr_line' id='line_1_94' title="bbox 2184 3602 3745 3671; baseline 0 -14"><span class='ocrx_word' id='word_1_662' title='bbox 2184 3617 2350 3657; x_wconf 69' lang='lat' dir='ltr'><strong>sarea:</strong></span> <span class='ocrx_word' id='word_1_663' title='bbox 2381 3603 2433 3656; x_wconf 93' lang='lat' dir='ltr'><strong>in</strong></span> <span class='ocrx_word' id='word_1_664' title='bbox 2458 3602 2791 3671; x_wconf 87' lang='lat' dir='ltr'><strong>Cappadocia</strong></span> <span class='ocrx_word' id='word_1_665' title='bbox 2828 3604 3025 3657; x_wconf 91' lang='lat' dir='ltr'><strong>litteris</strong></span> <span class='ocrx_word' id='word_1_666' title='bbox 3053 3617 3271 3671; x_wconf 86' lang='lat' dir='ltr'><strong>operam</strong></span> <span class='ocrx_word' id='word_1_667' title='bbox 3298 3605 3509 3659; x_wconf 87' lang='lat' dir='ltr'><strong>dedisse</strong></span> <span class='ocrx_word' id='word_1_668' title='bbox 3532 3605 3745 3659; x_wconf 90' lang='lat' dir='ltr'><strong>volunt.</strong></span> 
     </span>
    </p>
   </div>
   <div class='ocr_carea' id='block_1_95' title="bbox 2182 3691 3747 3764">
    <p class='ocr_par' dir='ltr' id='par_1_95' title="bbox 2182 3691 3747 3764">
     <span class='ocr_line' id='line_1_95' title="bbox 2182 3691 3747 3764; baseline 0.002 -17"><span class='ocrx_word' id='word_1_669' title='bbox 2182 3694 2237 3747; x_wconf 82' lang='lat' dir='ltr'><strong>l°</strong></span> <span class='ocrx_word' id='word_1_670' title='bbox 2276 3692 2504 3748; x_wconf 91' lang='lat' dir='ltr'><strong>Basilius</strong></span> <span class='ocrx_word' id='word_1_671' title='bbox 2527 3703 2675 3763; x_wconf 90' lang='lat' dir='ltr'><strong>optat</strong></span> <span class='ocrx_word' id='word_1_672' title='bbox 2709 3695 2761 3747; x_wconf 92' lang='lat' dir='ltr'><strong>in</strong></span> <span class='ocrx_word' id='word_1_673' title='bbox 2789 3696 2948 3763; x_wconf 92' lang='lat' dir='ltr'><strong>epist.</strong></span> <span class='ocrx_word' id='word_1_674' title='bbox 2975 3693 3042 3747; x_wconf 72' lang='grc'><strong>64</strong></span> <span class='ocrx_word' id='word_1_675' title='bbox 3091 3702 3149 3746; x_wconf 93' lang='lat' dir='ltr'><strong>ut</strong></span> <span class='ocrx_word' id='word_1_676' title='bbox 3176 3691 3495 3764; x_wconf 82' lang='lat' dir='ltr'><strong>Hesychius,</strong></span> <span class='ocrx_word' id='word_1_677' title='bbox 3526 3696 3747 3764; x_wconf 91' lang='lat' dir='ltr'><strong>quicum</strong></span> 
     </span>
    </p>
   </div>
   <div class='ocr_carea' id='block_1_96' title="bbox 2182 3785 3747 3853">
    <p class='ocr_par' dir='ltr' id='par_1_96' title="bbox 2182 3785 3747 3853">
     <span class='ocr_line' id='line_1_96' title="bbox 2182 3785 3747 3853; baseline 0.001 -13"><span class='ocrx_word' id='word_1_678' title='bbox 2182 3801 2241 3841; x_wconf 91' lang='lat' dir='ltr'><strong>se</strong></span> <span class='ocrx_word' id='word_1_679' title='bbox 2272 3786 2453 3840; x_wconf 89' lang='lat' dir='ltr'><strong>multis</strong></span> <span class='ocrx_word' id='word_1_680' title='bbox 2477 3787 2640 3841; x_wconf 90' lang='lat' dir='ltr'><strong>rebus</strong></span> <span class='ocrx_word' id='word_1_681' title='bbox 2691 3787 2758 3839; x_wconf 88' lang='lat' dir='ltr'><strong>ab</strong></span> <span class='ocrx_word' id='word_1_682' title='bbox 2807 3787 2963 3840; x_wconf 92' lang='lat' dir='ltr'><strong>initio</strong></span> <span class='ocrx_word' id='word_1_683' title='bbox 3004 3785 3351 3853; x_wconf 91' lang='lat' dir='ltr'><strong>conjunctum</strong></span> <span class='ocrx_word' id='word_1_684' title='bbox 3397 3787 3562 3842; x_wconf 90' lang='lat' dir='ltr'><strong>fuisse</strong></span> <span class='ocrx_word' id='word_1_685' title='bbox 3587 3790 3747 3853; x_wconf 85' lang='lat' dir='ltr'><strong>dicit,</strong></span> 
     </span>
    </p>
   </div>
   <div class='ocr_carea' id='block_1_97' title="bbox 2189 3877 3745 3947">
    <p class='ocr_par' dir='ltr' id='par_1_97' title="bbox 2189 3877 3745 3947">
     <span class='ocr_line' id='line_1_97' title="bbox 2189 3877 3745 3947; baseline 0.001 -16"><span class='ocrx_word' id='word_1_686' title='bbox 2189 3877 2477 3947; x_wconf 89' lang='lat' dir='ltr'><strong>aliquando</strong></span> <span class='ocrx_word' id='word_1_687' title='bbox 2507 3878 2573 3931; x_wconf 90' lang='lat' dir='ltr'><strong>ad</strong></span> <span class='ocrx_word' id='word_1_688' title='bbox 2609 3877 2860 3946; x_wconf 87' lang='lat' dir='ltr'><strong>antiquos</strong></span> <span class='ocrx_word' id='word_1_689' title='bbox 2894 3877 3177 3947; x_wconf 86' lang='lat' dir='ltr'><strong>utriusque</strong></span> <span class='ocrx_word' id='word_1_690' title='bbox 3205 3878 3348 3933; x_wconf 90' lang='lat' dir='ltr'><strong>lares</strong></span> <span class='ocrx_word' id='word_1_691' title='bbox 3392 3894 3451 3931; x_wconf 89' lang='lat' dir='ltr'><strong>se</strong></span> <span class='ocrx_word' id='word_1_692' title='bbox 3476 3879 3745 3933; x_wconf 85' lang='lat' dir='ltr'><strong>conferat.</strong></span> 
     </span>
    </p>
   </div>
   <div class='ocr_carea' id='block_1_98' title="bbox 2182 3963 3749 4036">
    <p class='ocr_par' dir='ltr' id='par_1_98' title="bbox 2182 3963 3749 4036">
     <span class='ocr_line' id='line_1_98' title="bbox 2182 3963 3749 4036; baseline 0.001 -17"><span class='ocrx_word' id='word_1_693' title='bbox 2182 3966 2477 4036; x_wconf 82' lang='lat' dir='ltr'><strong>Antiquum</strong></span> <span class='ocrx_word' id='word_1_694' title='bbox 2502 3965 2631 4019; x_wconf 90' lang='lat' dir='ltr'><strong>illud</strong></span> <span class='ocrx_word' id='word_1_695' title='bbox 2654 3964 2839 4019; x_wconf 87' lang='lat' dir='ltr'><strong>Basilii</strong></span> <span class='ocrx_word' id='word_1_696' title='bbox 2870 3974 2925 4019; x_wconf 90' lang='lat' dir='ltr'><strong>et</strong></span> <span class='ocrx_word' id='word_1_697' title='bbox 2950 3963 3199 4035; x_wconf 86' lang='lat' dir='ltr'><strong>Hesychii</strong></span> <span class='ocrx_word' id='word_1_698' title='bbox 3224 3965 3551 4020; x_wconf 89' lang='lat' dir='ltr'><strong>domicilium</strong></span> <span class='ocrx_word' id='word_1_699' title='bbox 3600 3968 3749 4021; x_wconf 87' lang='lat' dir='ltr'><strong>aliud</strong></span> 
     </span>
    </p>
   </div>
   <div class='ocr_carea' id='block_1_99' title="bbox 2181 4057 3752 4128">
    <p class='ocr_par' dir='ltr' id='par_1_99' title="bbox 2181 4057 3752 4128">
     <span class='ocr_line' id='line_1_99' title="bbox 2181 4057 3752 4128; baseline -0.002 -15"><span class='ocrx_word' id='word_1_700' title='bbox 2181 4072 2426 4113; x_wconf 84' lang='lat' dir='ltr'><strong>essenon</strong></span> <span class='ocrx_word' id='word_1_701' title='bbox 2474 4067 2649 4128; x_wconf 85' lang='lat' dir='ltr'><strong>petest</strong></span> <span class='ocrx_word' id='word_1_702' title='bbox 2687 4072 2847 4125; x_wconf 83' lang='lat' dir='ltr'><strong>quam</strong></span> <span class='ocrx_word' id='word_1_703' title='bbox 2883 4057 3153 4121; x_wconf 64' lang='lat' dir='ltr'><strong>Cmsarea,</strong></span> <span class='ocrx_word' id='word_1_704' title='bbox 3186 4057 3327 4110; x_wconf 89' lang='lat' dir='ltr'><strong>unde</strong></span> <span class='ocrx_word' id='word_1_705' title='bbox 3356 4057 3625 4111; x_wconf 88' lang='lat' dir='ltr'><strong>scribebat</strong></span> <span class='ocrx_word' id='word_1_706' title='bbox 3647 4057 3752 4110; x_wconf 86' lang='lat' dir='ltr'><strong>Ba-</strong></span> 
     </span>
    </p>
   </div>
   <div class='ocr_carea' id='block_1_100' title="bbox 2182 4147 3751 4217">
    <p class='ocr_par' dir='ltr' id='par_1_100' title="bbox 2182 4147 3751 4217">
     <span class='ocr_line' id='line_1_100' title="bbox 2182 4147 3751 4217; baseline 0.002 -16"><span class='ocrx_word' id='word_1_707' title='bbox 2182 4148 2335 4202; x_wconf 90' lang='lat' dir='ltr'><strong>silius</strong></span> <span class='ocrx_word' id='word_1_708' title='bbox 2364 4188 2379 4212; x_wconf 91' lang='lat'><strong>,</strong></span> <span class='ocrx_word' id='word_1_709' title='bbox 2418 4163 2518 4203; x_wconf 90' lang='lat' dir='ltr'><strong>nec</strong></span> <span class='ocrx_word' id='word_1_710' title='bbox 2554 4147 2693 4201; x_wconf 89' lang='lat' dir='ltr'><strong>aliud</strong></span> <span class='ocrx_word' id='word_1_711' title='bbox 2743 4158 2953 4215; x_wconf 90' lang='lat' dir='ltr'><strong>tempus</strong></span> <span class='ocrx_word' id='word_1_712' title='bbox 2977 4147 3239 4216; x_wconf 89' lang='lat' dir='ltr'><strong>assignari</strong></span> <span class='ocrx_word' id='word_1_713' title='bbox 3276 4156 3470 4217; x_wconf 92' lang='lat' dir='ltr'><strong>potest,</strong></span> <span class='ocrx_word' id='word_1_714' title='bbox 3494 4162 3601 4215; x_wconf 92' lang='lat' dir='ltr'><strong>quo</strong></span> <span class='ocrx_word' id='word_1_715' title='bbox 3631 4163 3751 4204; x_wconf 71' lang='lat' dir='ltr'><strong>sese</strong></span> 
     </span>
    </p>
   </div>
   <div class='ocr_carea' id='block_1_101' title="bbox 2181 4236 3748 4307">
    <p class='ocr_par' dir='ltr' id='par_1_101' title="bbox 2181 4236 3748 4307">
     <span class='ocr_line' id='line_1_101' title="bbox 2181 4236 3748 4307; baseline -0.002 -13"><span class='ocrx_word' id='word_1_716' title='bbox 2181 4238 2443 4294; x_wconf 64' lang='lat' dir='ltr'><strong>Caesarea:</strong></span> <span class='ocrx_word' id='word_1_717' title='bbox 2465 4239 2735 4299; x_wconf 88' lang='lat' dir='ltr'><strong>noverint.</strong></span> <span class='ocrx_word' id='word_1_718' title='bbox 2764 4236 2865 4291; x_wconf 89' lang='lat' dir='ltr'><strong>nisi</strong></span> <span class='ocrx_word' id='word_1_719' title='bbox 2898 4252 3018 4291; x_wconf 89' lang='lat' dir='ltr'><strong>cum</strong></span> <span class='ocrx_word' id='word_1_720' title='bbox 3052 4246 3277 4307; x_wconf 90' lang='lat' dir='ltr'><strong>uterque</strong></span> <span class='ocrx_word' id='word_1_721' title='bbox 3301 4237 3495 4292; x_wconf 90' lang='lat' dir='ltr'><strong>litteris</strong></span> <span class='ocrx_word' id='word_1_722' title='bbox 3524 4254 3748 4306; x_wconf 90' lang='lat' dir='ltr'><strong>operam</strong></span> 
     </span>
    </p>
   </div>
   <div class='ocr_carea' id='block_1_102' title="bbox 2182 4333 2353 4388">
    <p class='ocr_par' dir='ltr' id='par_1_102' title="bbox 2182 4333 2353 4388">
     <span class='ocr_line' id='line_1_102' title="bbox 2182 4333 2353 4388; baseline -0.035 0"><span class='ocrx_word' id='word_1_723' title='bbox 2182 4333 2353 4388; x_wconf 86' lang='lat' dir='ltr'><strong>daret.</strong></span> 
     </span>
    </p>
   </div>
   <div class='ocr_carea' id='block_1_103' title="bbox 2249 4419 3750 4491">
    <p class='ocr_par' dir='ltr' id='par_1_103' title="bbox 2249 4419 3750 4491">
     <span class='ocr_line' id='line_1_103' title="bbox 2249 4419 3750 4491; baseline -0.001 -14"><span class='ocrx_word' id='word_1_724' title='bbox 2249 4423 2309 4477; x_wconf 74' lang='lat'><strong>2°</strong></span> <span class='ocrx_word' id='word_1_725' title='bbox 2360 4422 2554 4476; x_wconf 86' lang='lat' dir='ltr'><strong>Narrat</strong></span> <span class='ocrx_word' id='word_1_726' title='bbox 2580 4420 2875 4490; x_wconf 78' lang='lat' dir='ltr'><strong>Gregorius</strong></span> <span class='ocrx_word' id='word_1_727' title='bbox 2918 4419 3295 4480; x_wconf 86' lang='lat' dir='ltr'><strong>Nazianzenus</strong></span> <span class='ocrx_word' id='word_1_728' title='bbox 3327 4420 3397 4491; x_wconf 90' lang='lat' dir='ltr'><strong>(j)</strong></span> <span class='ocrx_word' id='word_1_729' title='bbox 3422 4435 3480 4475; x_wconf 90' lang='lat' dir='ltr'><strong>se</strong></span> <span class='ocrx_word' id='word_1_730' title='bbox 3518 4431 3569 4473; x_wconf 91' lang='lat' dir='ltr'><strong>et</strong></span> <span class='ocrx_word' id='word_1_731' title='bbox 3600 4420 3750 4475; x_wconf 61' lang='lat' dir='ltr'><strong>Basi-</strong></span> 
     </span>
    </p>
   </div>
   <div class='ocr_carea' id='block_1_104' title="bbox 2109 4510 3751 4579">
    <p class='ocr_par' dir='ltr' id='par_1_104' title="bbox 2109 4510 3751 4579">
     <span class='ocr_line' id='line_1_104' title="bbox 2109 4510 3751 4579; baseline -0.004 -11"><span class='ocrx_word' id='word_1_732' title='bbox 2109 4517 2154 4576; x_wconf 90' lang='lat' dir='ltr'><strong>D</strong></span> <span class='ocrx_word' id='word_1_733' title='bbox 2183 4515 2333 4579; x_wconf 89' lang='lat' dir='ltr'><strong>lium,</strong></span> <span class='ocrx_word' id='word_1_734' title='bbox 2360 4512 2517 4566; x_wconf 84' lang='lat' dir='ltr'><strong>veluti</strong></span> <span class='ocrx_word' id='word_1_735' title='bbox 2540 4512 2747 4579; x_wconf 75' lang='lat' dir='ltr'><strong>ﬂuxum</strong></span> <span class='ocrx_word' id='word_1_736' title='bbox 2774 4512 3047 4579; x_wconf 87' lang='lat' dir='ltr'><strong>quemdam</strong></span> <span class='ocrx_word' id='word_1_737' title='bbox 3078 4511 3335 4578; x_wconf 79' lang='lat' dir='ltr'><strong>ﬂuminis,</strong></span> <span class='ocrx_word' id='word_1_738' title='bbox 3364 4527 3427 4563; x_wconf 80' lang='lat' dir='ltr'><strong>ex</strong></span> <span class='ocrx_word' id='word_1_739' title='bbox 3451 4510 3626 4563; x_wconf 86' lang='lat' dir='ltr'><strong>eodem</strong></span> <span class='ocrx_word' id='word_1_740' title='bbox 3649 4530 3717 4575; x_wconf 83' lang='lat' dir='ltr'><strong>pa</strong></span> <span class='ocrx_word' id='word_1_741' title='bbox 3740 4542 3751 4552; x_wconf 87' lang='lat'><strong>-</strong></span> 
     </span>
    </p>
   </div>
   <div class='ocr_carea' id='block_1_105' title="bbox 2179 4602 3753 4677">
    <p class='ocr_par' dir='ltr' id='par_1_105' title="bbox 2179 4602 3753 4677">
     <span class='ocr_line' id='line_1_105' title="bbox 2179 4602 3753 4677; baseline -0.003 -18"><span class='ocrx_word' id='word_1_742' title='bbox 2179 4607 2293 4660; x_wconf 74' lang='lat' dir='ltr'><strong>trite</strong></span> <span class='ocrx_word' id='word_1_743' title='bbox 2331 4606 2473 4674; x_wconf 79' lang='lat' dir='ltr'><strong>fonte</strong></span> <span class='ocrx_word' id='word_1_744' title='bbox 2504 4604 2557 4655; x_wconf 89' lang='lat' dir='ltr'><strong>in</strong></span> <span class='ocrx_word' id='word_1_745' title='bbox 2596 4604 2835 4677; x_wconf 83' lang='lat' dir='ltr'><strong>diversas</strong></span> <span class='ocrx_word' id='word_1_746' title='bbox 2885 4603 3119 4671; x_wconf 76' lang='lat' dir='ltr'><strong>regiones</strong></span> <span class='ocrx_word' id='word_1_747' title='bbox 3168 4602 3423 4655; x_wconf 73' lang='lat' dir='ltr'><strong>doctrina:</strong></span> <span class='ocrx_word' id='word_1_748' title='bbox 3466 4602 3753 4669; x_wconf 69' lang='lat' dir='ltr'><strong>cupidilwe</strong></span> 
     </span>
    </p>
   </div>
   <div class='ocr_carea' id='block_1_106' title="bbox 2180 4688 3753 4756">
    <p class='ocr_par' dir='ltr' id='par_1_106' title="bbox 2180 4688 3753 4756">
     <span class='ocr_line' id='line_1_106' title="bbox 2180 4688 3753 4756; baseline -0.004 -7"><span class='ocrx_word' id='word_1_749' title='bbox 2180 4697 2459 4756; x_wconf 83' lang='lat' dir='ltr'><strong>dissectos,</strong></span> <span class='ocrx_word' id='word_1_750' title='bbox 2490 4707 2694 4753; x_wconf 85' lang='lat' dir='ltr'><strong>rursus,</strong></span> <span class='ocrx_word' id='word_1_751' title='bbox 2730 4691 2864 4744; x_wconf 83' lang='lat' dir='ltr'><strong>velut</strong></span> <span class='ocrx_word' id='word_1_752' title='bbox 2914 4706 2977 4744; x_wconf 80' lang='lat' dir='ltr'><strong>ea:</strong></span> <span class='ocrx_word' id='word_1_753' title='bbox 3006 4691 3289 4756; x_wconf 86' lang='lat' dir='ltr'><strong>composito</strong></span> <span class='ocrx_word' id='word_1_754' title='bbox 3314 4729 3330 4756; x_wconf 92' lang='lat'><strong>,</strong></span> <span class='ocrx_word' id='word_1_755' title='bbox 3366 4688 3475 4743; x_wconf 90' lang='lat' dir='ltr'><strong>Deo</strong></span> <span class='ocrx_word' id='word_1_756' title='bbox 3514 4688 3753 4743; x_wconf 80' lang='lat' dir='ltr'><strong>videlicet</strong></span> 
     </span>
    </p>
   </div>
   <div class='ocr_carea' id='block_1_107' title="bbox 2181 4777 3752 4852">
    <p class='ocr_par' dir='ltr' id='par_1_107' title="bbox 2181 4777 3752 4852">
     <span class='ocr_line' id='line_1_107' title="bbox 2181 4777 3752 4852; baseline -0.004 -13"><span class='ocrx_word' id='word_1_757' title='bbox 2181 4788 2259 4839; x_wconf 89' lang='lat' dir='ltr'><strong>ita</strong></span> <span class='ocrx_word' id='word_1_758' title='bbox 2296 4784 2589 4852; x_wconf 83' lang='lat' dir='ltr'><strong>impellente</strong></span> <span class='ocrx_word' id='word_1_759' title='bbox 2621 4822 2635 4847; x_wconf 96' lang='lat'><strong>,</strong></span> <span class='ocrx_word' id='word_1_760' title='bbox 2674 4781 2890 4834; x_wconf 82' lang='lat' dir='ltr'><strong>Athenis</strong></span> <span class='ocrx_word' id='word_1_761' title='bbox 2947 4781 3183 4833; x_wconf 72' lang='lat' dir='ltr'><strong>coivisse.</strong></span> <span class='ocrx_word' id='word_1_762' title='bbox 3232 4777 3466 4849; x_wconf 91' lang='lat' dir='ltr'><strong>Uterque</strong></span> <span class='ocrx_word' id='word_1_763' title='bbox 3518 4794 3649 4849; x_wconf 86' lang='lat' dir='ltr'><strong>ergo</strong></span> <span class='ocrx_word' id='word_1_764' title='bbox 3698 4786 3752 4833; x_wconf 93' lang='lat' dir='ltr'><strong>in</strong></span> 
     </span>
    </p>
   </div>
   <div class='ocr_carea' id='block_1_108' title="bbox 2180 4872 3753 4946">
    <p class='ocr_par' dir='ltr' id='par_1_108' title="bbox 2180 4872 3753 4946">
     <span class='ocr_line' id='line_1_108' title="bbox 2180 4872 3753 4946; baseline -0.006 -14"><span class='ocrx_word' id='word_1_765' title='bbox 2180 4877 2521 4946; x_wconf 87' lang='lat' dir='ltr'><strong>Cappadocia</strong></span> <span class='ocrx_word' id='word_1_766' title='bbox 2548 4872 2865 4941; x_wconf 88' lang='lat' dir='ltr'><strong>conjunctus</strong></span> <span class='ocrx_word' id='word_1_767' title='bbox 2906 4872 3107 4936; x_wconf 89' lang='lat' dir='ltr'><strong>fuerat,</strong></span> <span class='ocrx_word' id='word_1_768' title='bbox 3151 4883 3376 4939; x_wconf 90' lang='lat' dir='ltr'><strong>uterque</strong></span> <span class='ocrx_word' id='word_1_769' title='bbox 3404 4872 3527 4925; x_wconf 90' lang='lat' dir='ltr'><strong>inde</strong></span> <span class='ocrx_word' id='word_1_770' title='bbox 3557 4872 3611 4925; x_wconf 92' lang='lat' dir='ltr'><strong>in</strong></span> <span class='ocrx_word' id='word_1_771' title='bbox 3654 4887 3753 4923; x_wconf 73' lang='lat' dir='ltr'><strong>va-</strong></span> 
     </span>
    </p>
   </div>
   <div class='ocr_carea' id='block_1_109' title="bbox 2181 4958 3754 5034">
    <p class='ocr_par' dir='ltr' id='par_1_109' title="bbox 2181 4958 3754 5034">
     <span class='ocr_line' id='line_1_109' title="bbox 2181 4958 3754 5034; baseline -0.003 -14"><span class='ocrx_word' id='word_1_772' title='bbox 2181 4968 2290 5022; x_wconf 88' lang='lat' dir='ltr'><strong>rias</strong></span> <span class='ocrx_word' id='word_1_773' title='bbox 2320 4966 2567 5034; x_wconf 90' lang='lat' dir='ltr'><strong>regiones</strong></span> <span class='ocrx_word' id='word_1_774' title='bbox 2598 4958 2893 5032; x_wconf 65' lang='lat' dir='ltr'><strong>profectus,</strong></span> <span class='ocrx_word' id='word_1_775' title='bbox 2948 4979 3054 5017; x_wconf 92' lang='lat' dir='ltr'><strong>non</strong></span> <span class='ocrx_word' id='word_1_776' title='bbox 3097 4963 3234 5017; x_wconf 88' lang='lat' dir='ltr'><strong>alter</strong></span> <span class='ocrx_word' id='word_1_777' title='bbox 3264 4977 3294 5016; x_wconf 92' lang='lat' dir='ltr'><strong>e</strong></span> <span class='ocrx_word' id='word_1_778' title='bbox 3322 4961 3518 5027; x_wconf 92' lang='lat' dir='ltr'><strong>Ponto,</strong></span> <span class='ocrx_word' id='word_1_779' title='bbox 3557 4962 3700 5017; x_wconf 88' lang='lat' dir='ltr'><strong>alter</strong></span> <span class='ocrx_word' id='word_1_780' title='bbox 3726 4980 3754 5015; x_wconf 89' lang='lat' dir='ltr'><strong>e</strong></span> 
     </span>
    </p>
   </div>
   <div class='ocr_carea' id='block_1_110' title="bbox 2177 5051 3753 5126">
    <p class='ocr_par' dir='ltr' id='par_1_110' title="bbox 2177 5051 3753 5126">
     <span class='ocr_line' id='line_1_110' title="bbox 2177 5051 3753 5126; baseline -0.005 -13"><span class='ocrx_word' id='word_1_781' title='bbox 2177 5055 2533 5126; x_wconf 88' lang='lat' dir='ltr'><strong>Cappadocia.</strong></span> <span class='ocrx_word' id='word_1_782' title='bbox 2588 5055 2764 5123; x_wconf 88' lang='lat' dir='ltr'><strong>Atque</strong></span> <span class='ocrx_word' id='word_1_783' title='bbox 2817 5054 2868 5107; x_wconf 92' lang='lat' dir='ltr'><strong>id</strong></span> <span class='ocrx_word' id='word_1_784' title='bbox 2922 5054 3276 5108; x_wconf 88' lang='lat' dir='ltr'><strong>conﬁrmatur</strong></span> <span class='ocrx_word' id='word_1_785' title='bbox 3330 5062 3441 5106; x_wconf 91' lang='lat' dir='ltr'><strong>tum</strong></span> <span class='ocrx_word' id='word_1_786' title='bbox 3497 5051 3753 5122; x_wconf 83' lang='lat' dir='ltr'><strong>Gregorii</strong></span> 
     </span>
    </p>
   </div>
   <div class='ocr_carea' id='block_1_111' title="bbox 2178 5141 3751 5218">
    <p class='ocr_par' dir='ltr' id='par_1_111' title="bbox 2178 5141 3751 5218">
     <span class='ocr_line' id='line_1_111' title="bbox 2178 5141 3751 5218; baseline -0.005 -15"><span class='ocrx_word' id='word_1_787' title='bbox 2178 5146 2479 5218; x_wconf 85' lang='lat' dir='ltr'><strong>presbyteri</strong></span> <span class='ocrx_word' id='word_1_788' title='bbox 2506 5145 2833 5206; x_wconf 88' lang='lat' dir='ltr'><strong>testimonio,</strong></span> <span class='ocrx_word' id='word_1_789' title='bbox 2870 5145 2958 5211; x_wconf 90' lang='lat' dir='ltr'><strong>qui</strong></span> <span class='ocrx_word' id='word_1_790' title='bbox 2996 5142 3317 5212; x_wconf 87' lang='lat' dir='ltr'><strong>Gregorium</strong></span> <span class='ocrx_word' id='word_1_791' title='bbox 3344 5141 3751 5196; x_wconf 82' lang='lat' dir='ltr'><strong>Nazianzenum</strong></span> 
     </span>
    </p>
   </div>
   <div class='ocr_carea' id='block_1_112' title="bbox 2178 5233 3754 5301">
    <p class='ocr_par' dir='ltr' id='par_1_112' title="bbox 2178 5233 3754 5301">
     <span class='ocr_line' id='line_1_112' title="bbox 2178 5233 3754 5301; baseline -0.007 -10"><span class='ocrx_word' id='word_1_792' title='bbox 2178 5245 2461 5300; x_wconf 89' lang='lat' dir='ltr'><strong>utramque</strong></span> <span class='ocrx_word' id='word_1_793' title='bbox 2483 5234 2789 5289; x_wconf 69' lang='lat' dir='ltr'><strong>Caesaream</strong></span> <span class='ocrx_word' id='word_1_794' title='bbox 2821 5233 3120 5286; x_wconf 86' lang='lat' dir='ltr'><strong>studiorum</strong></span> <span class='ocrx_word' id='word_1_795' title='bbox 3143 5246 3301 5286; x_wconf 91' lang='lat' dir='ltr'><strong>causa</strong></span> <span class='ocrx_word' id='word_1_796' title='bbox 3333 5233 3553 5301; x_wconf 90' lang='lat' dir='ltr'><strong>petiisse</strong></span> <span class='ocrx_word' id='word_1_797' title='bbox 3579 5240 3754 5285; x_wconf 69' lang='lat' dir='ltr'><strong>testu—</strong></span> 
     </span>
    </p>
   </div>
   <div class='ocr_carea' id='block_1_113' title="bbox 2180 5321 3754 5396">
    <p class='ocr_par' dir='ltr' id='par_1_113' title="bbox 2180 5321 3754 5396">
     <span class='ocr_line' id='line_1_113' title="bbox 2180 5321 3754 5396; baseline -0.005 -13"><span class='ocrx_word' id='word_1_798' title='bbox 2180 5338 2304 5395; x_wconf 87' lang='lat' dir='ltr'><strong>tur;</strong></span> <span class='ocrx_word' id='word_1_799' title='bbox 2337 5336 2448 5382; x_wconf 88' lang='lat' dir='ltr'><strong>tum</strong></span> <span class='ocrx_word' id='word_1_800' title='bbox 2474 5326 2645 5396; x_wconf 89' lang='lat' dir='ltr'><strong>ipsius</strong></span> <span class='ocrx_word' id='word_1_801' title='bbox 2670 5325 2831 5379; x_wconf 90' lang='lat' dir='ltr'><strong>etiam</strong></span> <span class='ocrx_word' id='word_1_802' title='bbox 2861 5322 3108 5394; x_wconf 87' lang='lat' dir='ltr'><strong>Gregorii</strong></span> <span class='ocrx_word' id='word_1_803' title='bbox 3138 5323 3492 5390; x_wconf 84' lang='lat' dir='ltr'><strong>Nazianzeni,</strong></span> <span class='ocrx_word' id='word_1_804' title='bbox 3523 5322 3615 5394; x_wconf 91' lang='lat' dir='ltr'><strong>qui</strong></span> <span class='ocrx_word' id='word_1_805' title='bbox 3644 5321 3754 5376; x_wconf 80' lang='lat' dir='ltr'><strong>Ba-</strong></span> 
     </span>
    </p>
   </div>
   <div class='ocr_carea' id='block_1_114' title="bbox 2247 5500 3451 5575">
    <p class='ocr_par' dir='ltr' id='par_1_114' title="bbox 2247 5500 3451 5575">
     <span class='ocr_line' id='line_1_114' title="bbox 2247 5500 3451 5575; baseline -0.001 -18"><span class='ocrx_word' id='word_1_806' title='bbox 2247 5502 2313 5575; x_wconf 81' lang='lat' dir='ltr'><strong>(f)</strong></span> <span class='ocrx_word' id='word_1_807' title='bbox 2348 5502 2591 5575; x_wconf 83' lang='lat' dir='ltr'><strong>Naz.or.</strong></span> <span class='ocrx_word' id='word_1_808' title='bbox 2628 5502 2915 5575; x_wconf 71' lang='lat' dir='ltr'><strong>20;Nyss.</strong></span> <span class='ocrx_word' id='word_1_809' title='bbox 2959 5500 3059 5556; x_wconf 85' lang='lat' dir='ltr'><strong>Vit.</strong></span> <span class='ocrx_word' id='word_1_810' title='bbox 3095 5500 3291 5567; x_wconf 69' lang='lat' dir='ltr'><strong>Mam,</strong></span> <span class='ocrx_word' id='word_1_811' title='bbox 3329 5500 3451 5557; x_wconf 78' lang='grc'><strong>192.</strong></span> 
     </span>
    </p>
   </div>
   <div class='ocr_carea' id='block_1_115' title="bbox 2247 5574 2797 5645">
    <p class='ocr_par' dir='ltr' id='par_1_115' title="bbox 2247 5574 2797 5645">
     <span class='ocr_line' id='line_1_115' title="bbox 2247 5574 2797 5645; baseline 0 0"><span class='ocrx_word' id='word_1_812' title='bbox 2247 5574 2321 5645; x_wconf 83' lang='lat'><strong>(9)</strong></span> <span class='ocrx_word' id='word_1_813' title='bbox 2354 5575 2457 5645; x_wconf 75' lang='lat' dir='ltr'><strong>Ep.</strong></span> <span class='ocrx_word' id='word_1_814' title='bbox 2482 5574 2607 5645; x_wconf 57' lang='grc' dir='ltr'><strong>ευρ.</strong></span> <span class='ocrx_word' id='word_1_815' title='bbox 2652 5591 2705 5626; x_wconf 69' lang='grc' dir='ltr'><strong>η.</strong></span> <span class='ocrx_word' id='word_1_816' title='bbox 2744 5574 2797 5627; x_wconf 69' lang='lat'><strong>2-</strong></span> 
     </span>
    </p>
   </div>
   <div class='ocr_carea' id='block_1_116' title="bbox 2245 5643 2774 5713">
    <p class='ocr_par' dir='ltr' id='par_1_116' title="bbox 2245 5643 2774 5713">
     <span class='ocr_line' id='line_1_116' title="bbox 2245 5643 2774 5713; baseline 0.004 -18"><span class='ocrx_word' id='word_1_817' title='bbox 2245 5643 2321 5713; x_wconf 69' lang='grc' dir='ltr'><strong>Νι)</strong></span> <span class='ocrx_word' id='word_1_818' title='bbox 2350 5644 2444 5711; x_wconf 84' lang='lat' dir='ltr'><strong>Ep.</strong></span> <span class='ocrx_word' id='word_1_819' title='bbox 2474 5643 2603 5709; x_wconf 71' lang='grc'><strong>225,</strong></span> <span class='ocrx_word' id='word_1_820' title='bbox 2626 5660 2689 5713; x_wconf 12' lang='lat' dir='ltr'><strong>in.</strong></span> <span class='ocrx_word' id='word_1_821' title='bbox 2723 5645 2774 5697; x_wconf 81' lang='grc'><strong>5.</strong></span> 
     </span>
    </p>
   </div>
   <div class='ocr_carea' id='block_1_117' title="bbox 2249 5712 2703 5781">
    <p class='ocr_par' dir='ltr' id='par_1_117' title="bbox 2249 5712 2703 5781">
     <span class='ocr_line' id='line_1_117' title="bbox 2249 5712 2703 5781; baseline 0 -18"><span class='ocrx_word' id='word_1_822' title='bbox 2249 5712 2310 5781; x_wconf 81' lang='lat' dir='ltr'><strong>(i)</strong></span> <span class='ocrx_word' id='word_1_823' title='bbox 2338 5714 2461 5764; x_wconf 79' lang='lat' dir='ltr'><strong>Naz.</strong></span> <span class='ocrx_word' id='word_1_824' title='bbox 2497 5726 2577 5769; x_wconf 73' lang='lat' dir='ltr'><strong>or.</strong></span> <span class='ocrx_word' id='word_1_825' title='bbox 2611 5712 2703 5768; x_wconf 72' lang='grc' dir='ltr'><strong>ἳο.</strong></span> 
     </span>
    </p>
   </div>
   <div class='ocr_carea' id='block_1_118' title="bbox 2250 5782 2555 5853">
    <p class='ocr_par' dir='ltr' id='par_1_118' title="bbox 2250 5782 2555 5853">
     <span class='ocr_line' id='line_1_118' title="bbox 2250 5782 2555 5853; baseline -0.03 -9"><span class='ocrx_word' id='word_1_826' title='bbox 2250 5784 2311 5853; x_wconf 70' lang='grc' dir='ltr'><strong>(ἰ)</strong></span> <span class='ocrx_word' id='word_1_827' title='bbox 2343 5784 2432 5836; x_wconf 85' lang='lat' dir='ltr'><strong>Ur.</strong></span> <span class='ocrx_word' id='word_1_828' title='bbox 2468 5782 2555 5838; x_wconf 54' lang='grc' dir='ltr'><strong>ἐξ).</strong></span> 
     </span>
    </p>
   </div>
  </div>
