3820 6210
1433 343 1591 398 VITA
1631 343 1690 395 ὃ.
1732 336 1993 392 BASILII.
3278 329 3334 370 lx

136 481 290 536 silium
332 473 432 531 sibi
487 471 698 542 plenius
750 467 980 524 Athenis
1011 467 1293 537 cognitum
1323 465 1488 520 fuisse
1513 463 1664 524 dicit,
1698 462 1740 516 Α
1772 455 2090 510 cherrimam
2120 451 2323 518 ipsique
2345 447 2570 500 maxime
2612 440 2876 542 propriam
2901 432 3335 542 eripuerit:Naml

136 581 237 618 rum
263 573 410 618 antea
435 561 644 632 ignotus
669 572 774 613 non
801 558 1008 614 fuisset.
1044 556 1175 612 Sese
1199 567 1377 612 autem
1405 554 1532 610 alibi
1561 569 1664 608 non

133 657 353 710 videnlur
380 652 610 718 acvisse,
637 667 799 721 quam
825 653 878 706 in
908 651 1272 720 Cappadocia.

192 749 242 802 5°
268 746 455 801 Scribit
491 744 724 799 Basilius
745 745 797 798 in
828 744 989 814 epist.
1016 745 1080 798 51
1115 758 1174 798 se
1221 757 1250 796 a
1286 741 1461 811 prima
1511 746 1668 793 aetate

133 841 361 894 nutritutn
395 837 564 893 fuisse
588 837 642 891 in
672 851 857 891 amore
883 836 1056 890 Dianii
1088 835 1324 905 episcopi
1370 833 1664 888 Caesarien-

133 934 226 991 sis,
259 938 308 982 et
356 927 729 982 considerasse
774 941 937 995 quam
993 933 1140 980 esset
1177 924 1264 978 ille
1303 923 1386 977 vir
1445 930 1666 992 aspectu

132 1019 446 1083 venerabilis,
476 1028 532 1074 et
578 1028 866 1089 postquam
910 1016 1082 1072 adfuit
1124 1016 1286 1078 ratio,
1321 1014 1470 1069 illum
1500 1014 1666 1070 etiam

134 1129 188 1167 ex
213 1112 544 1167 interioribus
574 1111 736 1167 bonis
769 1111 1088 1181 cognovisse
1108 1149 1123 1170 .
1157 1109 1407 1175 illiusque
1431 1106 1672 1163 delecta-

133 1212 229 1257 tum
250 1202 641 1258 consuetudine.
695 1203 790 1255 Ἐκ
825 1201 1047 1272 πρώτης
1073 1201 1291 1272 ἡλικίας
1325 1199 1668 1270 συνετράφην

133 1294 196 1364 τῷ
216 1294 328 1364 περὶ
357 1293 516 1348 αὐτὸν
545 1293 824 1364 φίλτρῳ...
856 1293 981 1347 ἐπεὶ
1003 1292 1058 1345 δέ
1097 1310 1186 1362 μοι
1211 1292 1396 1345 λοιπὸν
1422 1291 1562 1344 καὶὸ
1586 1289 1672 1342 λό-

134 1401 214 1453 γος
237 1384 422 1455 παρῆν,
451 1383 574 1437 τότε
609 1385 674 1456 δὴ
701 1385 793 1436 καὶ
819 1383 926 1436 ὰπὸ
962 1383 1071 1435 τῶν
1104 1382 1204 1452 τῆς
1231 1381 1410 1451 ψυχῆς
1447 1377 1670 1448 ἀγαθῶν

134 1477 275 1530 αὑτὸν
319 1476 682 1545 ἐπεγίνωσκον
729 1475 824 1529 καὶ
869 1475 1085 1548 ἔχαιρον
1144 1473 1307 1526 αὑτοῦ
1363 1475 1430 1542 τῇ
1484 1489 1672 1525 συνου-

137 1567 233 1637 σίᾳ.
261 1565 327 1620 Ex
357 1567 438 1621 bis
469 1566 668 1636 colligo
693 1565 948 1621 Basiliutn
983 1565 1245 1619 Caesarea:
1273 1562 1670 1617 adolescentem

141 1657 354 1726 pluribus
388 1657 539 1712 annis
572 1666 966 1712 commoratum
991 1656 1178 1718 fuisse,
1211 1654 1390 1722 ibique
1421 1652 1558 1708 satis
1581 1652 1672 1706 diu

133 1747 402 1811 educatum,
429 1755 489 1799 ut
519 1753 706 1814 posset
736 1760 795 1799 se
843 1746 894 1798 in
926 1743 1158 1798 amando
1197 1742 1384 1796 Dianio
1407 1751 1462 1796 et
1492 1741 1672 1795 consi-

1771 564 1888 602 cum
1921 544 2040 599 alite
2063 543 2297 596 civitates
2328 539 2448 593 aliis
2487 532 2829 596 ornamentis,
2867 526 2944 582 uel
2982 526 3233 592 antiquis,
3261 521 3337 575 t'el

1771 639 1916 693 novis
1947 635 2264 706 glorientur,
2296 637 2473 697 prout,
2502 625 2707 694 Opinor,
2738 620 2813 675 vel
2854 617 3089 672 historiis
3117 657 3130 676 ,
3156 613 3232 667 vel
3261 629 3338 664 re-

1773 730 1867 782 bus
1917 723 2230 797 quibusdam
2279 715 2504 773 visendis
2535 722 2738 766 ornata:
2766 717 2884 763 sunt
2915 721 2931 759 :
2969 707 3102 758 hanc
3130 710 3336 762 contra,

1773 827 1826 872 ut
1849 791 2000 870 arma
2024 812 2102 868 uel
2135 808 2418 880 tragazdias
2450 813 2587 858 notae
2629 801 2871 870 quwdam
2893 805 3048 863 atque
3080 791 3334 861 insignia,

1770 911 1844 965 sic
1887 907 2184 961 litterarum
2237 899 2407 971 gloria
2450 891 2690 948 nobilitat
2755 889 3111 952 illustremque
3143 880 3334 934 reddit.

1842 998 1984 1055 Nihil
2006 1006 2091 1053 est
2128 994 2214 1049 his
2243 992 2297 1046 in
2325 987 2505 1044 verbis
2539 983 2682 1054 quod
2707 995 2809 1035 non
2836 979 3095 1032 Caesareae
3127 971 3339 1042 Cappa-

1779 1096 1973 1150 docum
2004 1088 2207 1160 optime
2236 1088 2526 1153 congruat;
2559 1072 2810 1130 nonnulla
2856 1071 2910 1125 in
2961 1067 3182 1122 alteram
3221 1062 3341 1118 Cte-

1774 1197 1984 1239 saream
2017 1159 2195 1248 inepte
2241 1186 2466 1242 prorsus
2519 1184 2581 1224 ac
2626 1165 2886 1221 inurbane
2939 1159 3079 1214 dicta
3132 1163 3335 1212 essent.

1774 1276 1923 1332 Satis
1957 1283 2078 1340 apte
2119 1265 2415 1337 Gregorius
2445 1261 2655 1321 urbem,
2683 1259 2732 1310 in
2778 1271 2882 1323 qua
2922 1251 3239 1320 loquebatur
3285 1256 3341 1299 et

1773 1379 1902 1419 voce
1917 1371 1971 1418 et
1993 1336 2153 1415 manu
2176 1336 2464 1425 designans
2483 1349 2716 1410 dicebat,
2755 1345 2927 1409 Hanc,
2961 1344 3194 1410 inquam,
3218 1336 3341 1389 illu-

1774 1464 1930 1508 strem
1969 1449 2249 1504 civitatem.
2273 1442 2390 1499 Non
2431 1447 2583 1511 putat
2601 1433 2977 1492 Tillemontius
2999 1432 3137 1484 hanc
3161 1428 3341 1482 Cassa-

1775 1558 1921 1598 ream
1945 1557 1973 1595 a
1995 1539 2189 1595 studiis
2219 1537 2522 1591 litterarum
2554 1571 2568 1596 ,
2599 1540 2658 1584 ut
2703 1543 2732 1582 a
2761 1523 3031 1596 praecipuo
3061 1521 3206 1573 urbis
3245 1534 3332 1572 or-

1776 1642 2054 1698 namento,
2087 1627 2297 1684 laudari
2345 1624 2616 1679 debuisse.
2665 1620 2770 1676 Sed
2804 1627 2861 1672 ut
2894 1616 3144 1671 omittam
3178 1611 3343 1664 Euse-

1776 1728 1944 1790 bium,
1974 1725 2066 1795 qui
2099 1722 2452 1792 Cappadocia:
2473 1716 2733 1789 praesules
2757 1713 3002 1769 doctrina
3036 1712 3178 1764 inter
3203 1705 3338 1758 alios

133 1839 340 1892 deranda
367 1837 506 1892 illius
535 1839 651 1892 oris
681 1836 964 1904 majestate
995 1835 1254 1889 nutritum
1287 1834 1486 1889 dicere.
1513 1831 1673 1887 Tille-

1790 1818 2047 1875 enituisse
2098 1824 2330 1870 testatur
2356 1814 2457 1882 (a),
2491 1813 2606 1882 ipse
2643 1807 2876 1862 Basilius
2903 1801 3149 1870 Gregorii
3185 1797 3341 1852 testi-

132 1929 357 1995 moutius,
393 1939 449 1982 ut
482 1930 630 1983 hunc
655 1928 831 1983 locum
868 1927 1102 1996 explicet
1130 1967 1146 1992 ,
1176 1925 1432 1980 Basiliam
1455 1924 1674 1994 conjicit

133 2019 388 2074 admodum
433 2017 702 2073 infantem
734 2017 1043 2072 Caesaream
1103 2031 1133 2070 a
1186 2015 1503 2085 parentibus
1533 2030 1671 2070 non-

134 2126 377 2179 nunquam
411 2121 690 2182 portatum
743 2110 932 2165 fuisse.
972 2108 1079 2164 Sed
1109 2108 1271 2178 hujus
1324 2107 1669 2178 conjecturae,

135 2217 236 2271 qua}
274 2218 364 2258 sua
419 2214 614 2272 sponte
640 2217 834 2272 parum
863 2201 1116 2271 congruit
1159 2198 1418 2266 infantiae,
1466 2199 1671 2255 nullum

133 2294 308 2362 profert
360 2302 739 2363 argumentum
801 2291 1154 2348 doctissimus
1204 2291 1440 2361 scriptor
1469 2309 1482 2344 :
1511 2299 1673 2360 atque

134 2384 316 2440 etiamsi
349 2385 664 2453 proferret,
712 2399 842 2438 num
890 2398 949 2438 se
1003 2383 1058 2437 in
1097 2383 1328 2438 amando
1361 2392 1414 2437 et
1444 2382 1674 2438 videndo

145 2476 307 2530 Diania
331 2477 591 2530 nutritum
636 2484 817 2544 posset
844 2474 1023 2528 dicere
1051 2515 1064 2540 ,
1095 2489 1252 2543 quem
1287 2489 1672 2544 nonnunquam

135 2567 286 2622 infans
320 2567 590 2622 vidisset?
620 2567 728 2622 Nec
750 2565 1100 2622 Tillemontio
1130 2566 1314 2622 favent
1340 2567 1454 2623 haec
1489 2569 1672 2633 verba,

137 2679 160 2712 α
187 2663 336 2728 prima
380 2671 533 2715 artata
569 2677 588 2714 :
617 2659 822 2729 optime
852 2660 993 2714 enim
1037 2657 1352 2714 referuntur
1379 2660 1444 2713 ad
1497 2659 1676 2713 adole-

137 2750 379 2803 scentiam.
414 2749 553 2804 Nam
591 2759 646 2804 et
690 2764 812 2818 quae
847 2761 1165 2819 sequuntur,
1197 2758 1469 2818 postquam
1502 2748 1675 2816 adfuit

139 2843 272 2903 ratio,
299 2843 598 2896 delectabar
638 2841 784 2895 illius
821 2843 1198 2896 consuetudine
1246 2857 1354 2896 non
1390 2840 1456 2895 de
1496 2841 1679 2895 adole-

139 2932 316 2984 scentia
338 2973 351 2997 ,
400 2933 490 2986 sed
521 2933 594 2987 de
641 2932 784 2985 virili
822 2941 982 2986 aetate
1016 2933 1190 2999 accipi
1221 2931 1468 2995 debent,
1503 2945 1679 3000 neque

137 3023 259 3076 enim
308 3023 615 3080 adolescens
683 3023 916 3077 Basilius
968 3023 1019 3076 in
1098 3023 1274 3076 Dianii
1333 3021 1677 3077 consuetudi-

141 3129 242 3166 nem
297 3115 563 3170 admissus
601 3156 615 3179 ,
691 3114 786 3169 sed
855 3126 1138 3183 postquam
1210 3113 1372 3169 rediit
1428 3112 1674 3167 Athenis.
1708 3135 1751 3194 ο

139 3205 332 3260 Virilem
376 3215 594 3260 aetatem
646 3205 899 3260 similiter
950 3205 1198 3275 designat
1247 3205 1300 3258 in
1355 3204 1524 3272 epist.’
1551 3203 1679 3267 225,

137 3295 210 3346 ubi
235 3309 288 3348 se
307 3295 460 3347 aliam
492 3310 564 3349 ex
595 3294 698 3348 alia
727 3294 1022 3348 doctrinam
1057 3293 1115 3345 ὲν
1140 3293 1206 3362 τῇ
1234 3290 1326 3344 τοῦ
1356 3291 1514 3360 λόγου
1548 3307 1683 3360 συμ-

138 3386 405 3459 πληρώσει,
464 3404 587 3442 cum
646 3385 1209 3450 adoleuitratio,non
1272 3392 1530 3447 mutasse,
1587 3382 1682 3436 sed

137 3489 328 3548 accepta
362 3481 427 3533 ab
455 3480 576 3533 avia
603 3490 658 3532 et
694 3487 867 3531 matre
890 3475 1156 3546 principia
1185 3475 1472 3530 retinuisse
1506 3474 1686 3530 decla-

140 3580 226 3622 Nl.

195 3661 245 3714 4⁸
274 3660 411 3716 ldem
437 3661 673 3717 ellicitur
694 3675 760 3714 ex
791 3660 925 3730 ipsis
975 3657 1222 3730 Gregorii
1252 3658 1456 3722 verbis,
1488 3655 1683 3726 quibus

141 3763 240 3818 post
272 3753 476 3808 Billium
501 3763 560 3808 et
591 3753 882 3807 Baronium
908 3751 1284 3807 Tillemontius
1309 3750 1610 3805 Caesaream
1633 3749 1685 3802 iu

145 3842 403 3898 Palaestina
431 3845 664 3899 indicari
702 3844 1019 3896 arbitratur.
1053 3841 1146 3896 Sic
1193 3841 1359 3912 igitur
1395 3840 1689 3908 Gregorius

141 3935 184 3986 iu
211 3936 443 3989 oratione
471 3949 635 4003 quam
661 3933 729 3988 de
775 3931 958 3986 Basilii
1013 3931 1258 3984 laudibus
1293 3929 1479 3984 habuit
1513 3927 1690 3982 Caesa-

142 4041 263 4080 re'e:
303 4026 420 4080 Ἐπὶ
450 4019 553 4096 τὴν
580 4025 899 4096 Καισαρέων
940 4023 1092 4075 πόλιν
1124 4022 1423 4090 ἐπείγεται,
1455 4021 1561 4076 τῶν
1593 4024 1690 4092 τῇ·

143 4114 188 4166 δε
213 4115 437 4184 μεθέξων
468 4114 891 4186 παιδευτηρίων,
918 4113 1121 4182 ταύτην
1149 4112 1204 4165 δὲ
1228 4111 1370 4182 λέγω
1391 4111 1488 4182 τὴν
1535 4129 1691 4182 περι-

144 4208 265 4278 φανῆ
305 4226 361 4261 τε
408 4210 504 4262 καὶ
553 4207 828 4278 ἡμετέραν
870 4206 1024 4275 (ἐπεὶ
1062 4205 1156 4258 καὶ
1196 4203 1304 4256 τῶν
1342 4202 1491 4274 ἐμῶν
1522 4203 1692 4271 λόγων

142 4296 262 4366 αὕτη
312 4299 643 4369 καθηγεμὼν
694 4298 786 4350 καὶ
831 4295 1224 4364 διδάσκαλος),
1266 4294 1362 4366 τὴν
1406 4295 1502 4363 οὐχ
1533 4289 1693 4364 ἦττον

140 4387 293 4456 λόγων
319 4390 669 4461 μητρόπολιν,
698 4390 731 4460 ἦ
757 4389 864 4442 τῶν
898 4389 1103 4440 πόλεων
1123 4383 1197 4440 ὧν
1227 4389 1566 4458 ὑπέρκειται,
1601 4386 1693 4438 καὶ

1777 1911 1956 1964 mouio
1987 1923 2143 1964 suum
2176 1905 2437 1976 adjungit,
2467 1912 2520 1959 et
2552 1900 2769 1964 litteris,
2800 1898 2940 1951 inter
2964 1892 3153 1962 patria:
3181 1902 3346 1944 orna-

1777 2009 1984 2066 menta,
2044 1999 2279 2068 patrnam
2331 1999 2441 2051 dat.
2472 1994 2563 2049 Sic
2604 1992 2748 2047 enim
2780 1989 2847 2043 de
2877 1985 2967 2040 illo
3001 1991 3144 2038 statu
3173 1978 3344 2047 loqui-

1778 2103 1862 2149 tur
1897 2091 1994 2164 (b),
2027 2093 2081 2146 in
2104 2104 2262 2160 quem
2291 2087 2556 2143 divisione
2577 2081 2926 2154 Cappadocia:
2956 2074 3297 2164 redigebatur
3326 2086 3340 2122 :

1778 2162 2146 2252 Spectaculum
2170 2179 2514 2249 foedissimum
2549 2175 2689 2242 facta
2717 2183 2814 2235 est,
2838 2169 3036 2237 inquit,
3059 2180 3176 2236 qua’
3201 2162 3346 2232 prius

1778 2285 1890 2329 tum
1928 2275 1992 2328 de
2047 2272 2296 2327 litteratis
2328 2271 2458 2324 viris
2485 2308 2500 2333 ,
2533 2276 2641 2320 tum
2683 2265 2746 2320 de
2776 2263 2895 2317 aliis
2935 2262 3080 2314 bonis
3112 2296 3125 2319 ,
3160 2255 3345 2326 quibus

1791 2365 2048 2437 opulenta:
2078 2364 2235 2418 urbes
2257 2362 2548 2424 abundant,
2597 2357 2943 2429 gloriabatur.
2983 2350 3243 2407 Similiter
3291 2347 3346 2400 in

1791 2459 1950 2528 epist.
1983 2457 2072 2522 74,
2103 2472 2159 2509 n.
2190 2456 2244 2519 5,
2267 2454 2571 2507 litterarum
2601 2449 2798 2512 studia,
2823 2448 3038 2501 interea
3067 2456 3184 2512 quae
3214 2439 3347 2494 civi-

1780 2552 1876 2606 tati
1907 2563 2100 2606 nomen
2139 2555 2194 2602 et
2250 2545 2449 2599 famam
2499 2549 2822 2614 pepererant
2854 2580 2869 2605 ,
2903 2536 3175 2608 praecipue
3201 2549 3350 2588 com—

1779 2647 2068 2696 memorat.
2117 2638 2231 2706 Qua
2263 2647 2444 2691 autem
2500 2641 2618 2690 erat
2666 2630 2975 2688 urbanitate
3030 2624 3348 2694 Gregorius,

1781 2748 1905 2787 num
1943 2731 2137 2800 potuit,
2171 2730 2433 2785 Cazsarea:
2471 2724 2693 2780 nomine
2736 2720 3106 2791 pronuntiato,
3134 2716 3352 2771 audito-

1783 2838 1869 2878 res
1901 2823 2214 2884 admonere,
2265 2835 2370 2874 non
2397 2833 2516 2874 eam
2544 2815 2845 2872 Caesaream
2873 2854 2888 2880 ,
2921 2815 2972 2866 in
3013 2826 3115 2875 qua
3144 2809 3350 2864 oratio-

1784 2929 1904 2967 nem
1938 2913 2195 2975 habebat,
2226 2911 2320 2966 sed
2349 2909 2611 2963 illustrem
2638 2907 2784 2960 illam
2823 2905 2873 2958 in
2909 2901 3190 2956 Palestina
3219 2899 3352 2954 civi—

1788 3013 1952 3059 tatem
1979 3018 2008 3057 a
2040 3017 2100 3058 se
2129 3001 2402 3072 designari
2435 2999 2458 3053 ?
2505 2997 2791 3066 Nunquam
2832 3009 2954 3050 eum
2995 3003 3103 3046 tam
3135 2993 3353 3046 inurba-

1786 3114 1850 3152 ne
1901 3107 2119 3165 tamque
2164 3092 2346 3165 pingui
2382 3092 2630 3146 Minerva
2667 3088 2902 3142 locutum
2930 3086 3173 3141 credam.
3220 3083 3351 3150 Qua:

1785 3199 2085 3258 sequuntur
2116 3187 2183 3240 de
2229 3186 2531 3240 litterarum
2565 3179 2790 3242 studiis,
2830 3192 2934 3233 non
2986 3176 3167 3230 minus
3200 3173 3349 3227 inor-

1785 3291 1908 3334 nata
1938 3289 1991 3334 et
2036 3279 2252 3348 illepida
2292 3285 2499 3341 essent,
2531 3275 2577 3330 si
2606 3274 2671 3328 ad
2703 3273 3005 3328 Caasaream
3054 3268 3355 3323 Palaestinae

1785 3373 2153 3437 referrentur;
2206 3384 2327 3424 cum
2357 3366 2724 3422 Czesarienses
2752 3404 2766 3429 ,
2802 3377 2936 3432 quos
2982 3360 3356 3430 alloquebatur

1786 3462 2106 3531 Gregorius,
2138 3461 2278 3514 hanc
2311 3457 2527 3512 laudem
2550 3497 2564 3520 ,
2599 3465 2659 3511 ut
2693 3455 2805 3525 jam
2853 3453 2990 3520 dixi,
3020 3452 3140 3507 aliis
3171 3450 3358 3506 civita-

1789 3554 1928 3608 tibus
1959 3567 2061 3605 non
2094 3553 2477 3606 concederent.

1857 3643 1973 3698 Non
2028 3642 2380 3697 omittendum
2437 3641 2580 3710 quod
2635 3640 2785 3692 addit
2838 3638 3173 3709 Gregorius;
3233 3635 3356 3689 Jam

1786 3751 1904 3805 qua:
1957 3744 2266 3804 sequuntur,
2314 3733 2350 3784 ii
2402 3739 2662 3799 exponant
2714 3730 2803 3800 qui
2851 3738 2900 3783 et
2953 3744 3070 3782 eum
3120 3728 3259 3796 apud
3307 3741 3360 3780 se

1789 3827 2088 3880 erudierunt
2120 3837 2165 3878 et
2198 3824 2428 3893 fructum
2463 3838 2528 3874 ea:
2555 3822 2725 3890 ipsius
2767 3820 3061 3874 eruditione
3090 3826 3358 3887 ceperunt,

1789 3929 2012 3990 quantus
2048 3917 2279 3971 videlicet
2328 3916 2630 3986 magistris,
2678 3921 2906 3982 quantus
2949 3911 3234 3976 aequalibus
3279 3926 3363 3964 es-

1791 4021 1888 4078 set,
1913 4021 2017 4065 etc.
2052 4009 2168 4064 Non
2205 4017 2450 4077 superest
2479 4005 2786 4076 ambigendi
2818 4005 2970 4058 locus
3016 4003 3152 4056 utris
3181 3999 3364 4056 Caesa-

1796 4102 2064 4157 riensibus
2109 4101 2224 4154 haec
2277 4100 2557 4153 narranda
2606 4095 2900 4165 Gregorius
2947 4094 3250 4162 relinquat;
3295 4092 3367 4147 iis

1794 4195 1883 4264 qui
1916 4195 2072 4266 longe
2108 4192 2302 4247 remoti
2333 4200 2512 4257 erant,
2540 4202 2716 4260 neque
2739 4203 2806 4244 ex
2841 4185 3029 4242 Basilii
3055 4184 3365 4240 eruditione

1796 4285 2052 4355 majorem
2095 4299 2254 4354 quam
2309 4282 2426 4336 alia:
2472 4282 2720 4336 civitates
2763 4278 3048 4333 utilitatem
3108 4287 3367 4345 percepe-

1797 4389 1936 4443 rant,
1974 4393 2037 4431 an
2081 4378 2146 4432 iis
2174 4391 2310 4445 quos
2353 4374 2726 4443 alloquebatur
2804 4371 3119 4440 Gregorius,
3167 4368 3372 4438 quique

143 4477 248 4528 καθ’
274 4472 343 4532 ὢν
375 4480 482 4550 ἔχει
503 4479 604 4550 τὴν
630 4477 942 4532 δυναστείαν
969 4492 983 4505 ·
1013 4478 1076 4547 ἢν
1108 4479 1159 4530 εἴ
1190 4494 1270 4540 τις
1299 4475 1392 4528 τοῦ
1427 4478 1484 4529 ἐν
1517 4476 1681 4543 λόγοις

1799 4480 1853 4525 et
1885 4468 2068 4522 Basilii
2108 4468 2410 4521 studiorum
2447 4475 2700 4534 poterant
2744 4461 3077 4523 meminisse,
3126 4468 3180 4514 ct
3225 4458 3369 4512 illius

143 4568 354 4637 κράτους
377 4571 819 4639 ἀποστερήσειεν,
842 4565 1143 4637 ἀφῃρηκὼς
1164 4566 1313 4620 ἕσται
1332 4565 1461 4619 αὐτὸ
1478 4565 1537 4617 τὸ
1567 4564 1694 4617 κάλ-

144 4658 298 4712 λιστόν
323 4679 379 4713 τε
405 4664 499 4715 καὶ
529 4661 860 4715 ἱδικώταιτον.
889 4660 1078 4712 Ἀλλαι
1102 4660 1198 4729 μὲν
1223 4658 1330 4729 γὰρ
1355 4657 1462 4710 τῶν
1489 4657 1693 4710 πόλεων

144 4750 299 4815 ἄλλοις
313 4755 636 4823 ἀγάλλονται
653 4753 1120 4823 καλλωπίσμασιν,
1144 4752 1175 4823 ἢ
1197 4750 1466 4813 παλαιοῖς,
1485 4749 1516 4819 ἢ
1535 4751 1692 4811 νέοις,

145 4843 269 4907 ὅπως
299 4845 360 4898 ἂν
386 4842 542 4916 οἶμαι
579 4844 688 4897 τῶν
711 4845 1061 4915 διηγημάτων
1092 4842 1286 4913 ἔχωσιν
1317 4842 1348 4911 ἣ
1395 4839 1503 4893 τῶν
1551 4843 1691 4910 ὁρω-

150 4933 302 5000 μένων
317 4954 328 4963 ·
349 4937 474 5006 τῇδε
497 4935 648 5004 λόγοι
670 4936 730 4989 τὸ
745 4934 1052 5006 γνώρισμα,
1081 4934 1270 5004 ὥσπερ
1294 4935 1351 4985 ὲν
1371 4934 1484 4994 τοῖς
1513 4930 1697 4993 ὅπλοις

148 5021 307 5090 ﬁsci;
337 5025 576 5097 δράμασι
603 5025 674 5078 τὰ
713 5025 978 5096 ἐπίσημα.
1019 5024 1338 5086 Cwsaream,
1381 5033 1435 5076 ut
1492 5021 1702 5074 schola-

153 5130 251 5168 rum
273 5117 411 5172 urbis
443 5120 588 5172 illius
620 5120 881 5187 particeps
912 5128 1066 5183 esset,
1107 5115 1372 5169 contendit
1399 5154 1414 5179 ,
1440 5114 1575 5167 hanc
1608 5113 1696 5165 in-

151 5223 287 5266 quam
318 5210 572 5263 illustrem
599 5211 868 5263 civitatem
892 5251 906 5274 ,
935 5219 980 5262 et
1008 5217 1240 5260 nostram
1291 5207 1434 5275 (nam
1464 5219 1700 5256 meorum

154 5311 334 5366 quoque
366 5301 664 5352 studiorum
698 5298 808 5351 dux
836 5310 882 5352 et
909 5298 1160 5367 magistra
1185 5294 1434 5359 exstitit),
1457 5309 1572 5363 qua:
1599 5309 1700 5345 non

155 5390 306 5443 minus
335 5391 631 5444 litterarum
661 5406 812 5458 atque
835 5391 1114 5451 doctrinm,
1151 5405 1307 5457 quant
1350 5386 1555 5440 urbium
1586 5383 1701 5454 qui-

158 5474 238 5529 bus
281 5481 528 5545 prarcellit
581 5491 629 5534 et
679 5480 1000 5545 dominatur,
1048 5478 1400 5546 metropolis:
1449 5491 1605 5544 quam
1652 5472 1698 5524 si

158 5568 259 5628 quis
283 5569 534 5623 doctrina:
561 5570 736 5638 palma
777 5568 1099 5635 spoliauerit,
1143 5585 1244 5621 rem
1296 5569 1528 5620 omnium
1581 5563 1695 5630 pul-

223 5748 290 5820 (ο)
325 5749 381 5806 ln
420 5746 538 5808 Vita
565 5750 766 5816 Const.,
799 5764 915 5819 cap.
941 5748 1028 5804 45.

1803 4562 2047 4616 dot-trina
2091 4574 2186 4628 per
2223 4568 2299 4613 tot
2332 4572 2504 4612 annos
2551 4555 2741 4610 imbuti
2779 4555 3009 4610 fuerant.
3035 4551 3169 4607 Cum
3209 4551 3371 4619 igitur

1804 4653 1888 4706 his
1927 4650 2103 4705 verbis
2132 4649 2383 4704 Caesarea
2438 4647 2820 4717 Cappadocum
2849 4644 3216 4715 dignoscatur,
3266 4640 3370 4692 im-

1805 4743 1998 4798 merito
2031 4741 2223 4810 qua‘rit
2250 4737 2646 4800 Tillemontius,
2674 4752 2770 4791 cur
2796 4734 3108 4805 Gregorius,
3146 4731 3234 4800 qui
3263 4728 3374 4782 Cze-

1806 4849 1973 4890 sarea:
2001 4831 2313 4901 perorabat,
2344 4829 2598 4884 Basilium
2636 4832 2689 4882 in
2726 4829 2864 4880 hanc
2889 4826 3072 4884 abem
3097 4821 3373 4887 conceptis

1806 4921 1982 4975 verbis
2018 4919 2234 4974 venisse
2282 4933 2388 4972 non
2433 4918 2610 4984 dicat;
2655 4932 2752 4972 cur
2787 4931 2892 4971 non
2933 4929 3051 4968 eam
3098 4913 3369 4981 designet,

1805 5012 1913 5067 nisi
1953 5009 2213 5079 ejusmodi
2247 5009 2411 5073 notis,
2443 5023 2561 5076 qua:
2600 5007 2787 5062 saltem
2824 5006 2874 5062 ei
2901 5020 3022 5061 cum
3056 5003 3222 5058 altera
3261 5001 3375 5055 Cu:-

1804 5122 1859 5162 sa
1869 5121 1959 5160 rea
1991 5119 2304 5160 communes
2331 5103 2461 5158 sint.
2679 5169 2688 5178 _

1875 5197 1982 5252 Sed
2021 5198 2162 5252 idem
2207 5194 2552 5250 doctissimus
2600 5192 2833 5259 scriptor
2877 5189 2981 5243 hoc
3033 5185 3371 5255 potissimum

1804 5299 2125 5360 argumento
2158 5287 2369 5349 nititur,
2399 5285 2540 5356 quod
2575 5281 2887 5354 Gregorius,
2927 5289 3214 5350 postquam
3257 5277 3375 5330 Cae-

1807 5396 2020 5438 saream
2061 5395 2215 5434 suam
2249 5395 2370 5434 esse
2415 5379 2582 5440 dixit,
2627 5376 2809 5430 statim
2855 5375 3019 5431 addat
3059 5375 3179 5428 ideo
3222 5387 3373 5426 suam

1806 5489 1944 5539 esse,
1969 5473 2090 5540 quia
2111 5471 2183 5526 ibi
2203 5471 2393 5525 litteris
2415 5481 2632 5539 operam
2656 5470 2877 5525 dederat
2903 5487 2916 5522 :
2939 5466 3108 5529 Hanc,
3142 5467 3373 5531 inquam,

1806 5562 2062 5615 illustrem
2097 5560 2376 5625 civitatem,
2420 5571 2464 5614 et
2503 5569 2767 5622 nostram;
2813 5574 2929 5611 nam
2979 5571 3210 5610 meorum
3247 5571 3378 5622 quo-

1885 5740 1958 5811 (b)
1998 5739 2094 5809 Ep.
2131 5739 2216 5793 76.
