3820 6210
371 345 408 385 x
1756 338 2282 399 PROLEGOMENA.

373 464 474 515 que
522 448 817 500 studiorum
848 449 955 502 dux
989 461 1032 502 et
1073 451 1319 520 magistra
1366 455 1586 508 exstitit.
1622 455 1791 527 Negat
1834 459 1942 513 Til-
1977 471 2017 520 Α
2050 468 2400 534 philosophia:
2443 480 2661 531 operam
2716 483 2819 521 non
2856 469 3086 533 dedisse,
3132 470 3223 525 sed
3273 472 3410 526 hanc
3451 472 3612 526 disci-

378 534 669 591 lemontius
715 538 829 591 hrcc
884 542 1172 594 convenire
1222 544 1274 595 in
1316 542 1615 599 Cmsaream
1663 547 1947 619 Cappado-

377 626 495 686 ciae,
545 642 706 694 quam
742 627 1035 698 Gregorius
1080 646 1229 685 suam
1263 634 1383 687 aliis
1417 634 1485 689 de
1534 637 1714 690 causis
1760 654 1949 693 vocare

385 728 619 784 poterat,
674 720 944 789 inprimis,
983 724 1108 791 quia
1142 739 1259 778 eam
1291 727 1576 794 provincia:
1611 730 1947 801 metrOpolim

377 815 738 876 agnoscebat;
803 816 943 881 quod
1014 830 1134 868 cum
1202 818 1454 872 omnibus
1524 826 1708 872 notum
1770 830 1949 885 esset,

377 914 528 953 suam
560 900 739 956 dicere
767 904 973 968 debuit,
1003 905 1147 959 nulla
1181 906 1365 960 addita
1395 908 1627 977 ratione,
1656 919 1715 965 ut
1747 910 1799 965 in
1831 911 1950 967 aliis

378 989 515 1044 locis
552 990 703 1046 facit.

450 1082 607 1149 Quod
644 1085 815 1140 instar
862 1089 1185 1144 incommodi
1220 1090 1407 1158 objicit
1457 1092 1852 1163 Tillemontius,
1890 1095 1944 1149 id

378 1177 680 1243 argumenti
724 1178 839 1232 loco
869 1180 1130 1234 adhibere
1168 1196 1475 1251 possumus,
1518 1186 1769 1254 quamvis
1800 1186 1947 1239 illum

378 1266 432 1318 in
474 1267 925 1336 interpretatione
959 1271 1117 1341 hujus
1149 1272 1267 1327 loci“
1301 1288 1614 1343 sequamur.
1658 1275 1792 1330 Nam
1826 1292 1949 1331 cum

375 1360 679 1413 Cresaream
728 1360 1017 1431 Gregorius
1059 1365 1128 1418 ob
1158 1366 1490 1434 disciplinas,
1534 1382 1670 1435 quas
1714 1368 1787 1422 ibi
1835 1383 1953 1437 per-

379 1460 617 1520 ceperat,
648 1468 753 1506 non
786 1455 958 1507 solum
994 1455 1065 1508 ob
1102 1458 1491 1525 metropolitica
1521 1458 1642 1527 jura
1682 1474 1833 1511 suam
1871 1458 1954 1512 di-

379 1551 557 1608 ceret;
608 1544 867 1598 rationem
901 1546 1099 1601 addere
1128 1546 1332 1614 debuit,
1377 1564 1473 1603 cur
1510 1564 1628 1603 eam
1676 1549 1936 1615 singulari

380 1634 541 1688 modo
574 1650 723 1688 suam
748 1636 967 1692 diceret.
991 1638 1204 1709 Alioqui
1236 1655 1396 1695 nemo
1435 1658 1542 1697 non
1592 1642 1954 1697 exiStimassct

376 1741 501 1778 eum
532 1727 598 1780 ad
629 1728 939 1797 metropolis
961 1728 1085 1799 jura
1122 1732 1410 1800 reSpicere.
1457 1731 1645 1800 Itaque
1675 1734 1775 1787 etsi
1808 1734 1952 1787 hunc

2060 554 2261 617 plinam
2300 570 2419 608 cum
2453 556 2720 610 rhetorica
2757 557 3221 630 Constantinopoli
3257 562 3482 631 jungere
3506 578 3616 617 coe-

2052 657 2216 713 pisse.

2131 739 2189 792 Si
2233 739 2477 807 genuinae
2515 750 2641 794 sunt
2673 743 2882 811 scripta:
2913 742 3161 797 Basilium
3196 742 3336 797 inter
3364 754 3417 799 et
3460 744 3617 799 Liba-

2061 831 2206 882 ninm
2241 831 2455 893 litterae,
2484 834 2703 886 dubium
2736 850 2843 887 non
2874 846 2957 889 est
2988 839 3113 905 quin
3150 837 3293 891 hunc
3324 838 3616 905 sophistam

2064 920 2295 976 Basilius
2320 922 2782 993 Constantinopoli
2809 928 3105 981 studiorum
3134 928 3339 981 socium
3372 929 3618 982 habuerit

2060 1022 2155 1066 aut
2196 1013 2532 1081 magistrum.
2559 1015 2958 1072 Commemorat
3002 1017 3257 1072 Libanins
3306 1018 3379 1087 (b)
3432 1019 3619 1071 amici-

2057 1105 2187 1157 tiam
2222 1119 2646 1175 communesque
2673 1109 2911 1173 scholas,
2940 1109 3146 1179 sibique
3170 1110 3244 1162 ait
3272 1110 3339 1180 (c)
3367 1110 3617 1163 Basilium

2055 1194 2456 1250 adolescentem
2488 1199 2827 1253 admirationi
2868 1199 3061 1265 fuisse;
3106 1209 3213 1253 tum
3247 1200 3384 1269 quod
3418 1209 3621 1268 tempe-

2057 1287 2234 1338 rantia
2284 1301 2404 1340 cum
2440 1290 2657 1342 senibus
2692 1300 2953 1355 certaret,
2999 1293 3157 1359 idque
3199 1292 3252 1343 in
3288 1293 3419 1344 urbe
3468 1291 3621 1343 volut-

2061 1376 2303 1445 ptatibus
2338 1377 2626 1444 diﬂluente,
2664 1390 2771 1433 tum
2823 1381 2965 1451 quod
3017 1397 3261 1450 magnam
3316 1382 3624 1449 disciplina-

2058 1482 2176 1519 rum
2223 1477 2432 1535 partem
2478 1467 2591 1534 jam
2644 1479 2754 1523 tum
2788 1478 2932 1525 esset
2973 1481 3316 1525 consecutus.
3351 1470 3453 1526 Sed
3500 1488 3621 1525 cum

2059 1556 2336 1625 Libanius,
2363 1560 2453 1628 qui
2484 1574 2626 1614 anno
2655 1561 2761 1615 3H
2791 1572 2948 1617 natus
2975 1572 3077 1629 est,
3108 1572 3315 1617 mature
3360 1564 3498 1616 inter
3534 1580 3621 1617 so-

2056 1649 2261 1717 phistas
2308 1665 2500 1706 nomen
2533 1652 2802 1714 habuerit,
2849 1668 2953 1707 non
2984 1654 3197 1707 videtur
3228 1654 3411 1709 Basilii
3454 1656 3621 1710 multo

2055 1737 2288 1808 junioris
2328 1738 2493 1795 fuisse
2544 1742 2961 1811 condiscipulus.
3007 1743 3365 1809 Quamobrem
3398 1746 3439 1800 si
3475 1756 3623 1800 tanta

386 1817 561 1871 locum
593 1819 956 1890 intelligimus,
986 1832 1044 1873 ut
1089 1822 1339 1892 intelligit
1367 1823 1775 1888 Tillemontius;
1816 1824 1953 1878 nihil
1986 1796 2027 1854 Β
2055 1796 2160 1884 iuit
2208 1831 2350 1885 inter
2411 1841 2697 1903 utrumque
2755 1796 3125 1902 necessitudo,
3169 1848 3368 1905 quanta
3418 1853 3482 1892 ex
3539 1840 3625 1894 his

384 1919 530 1963 vetat
574 1911 641 1966 de
688 1912 933 1968 Caesarea
988 1914 1369 1983 Cappadocum
1431 1915 1676 1985 intelligi.
1761 1914 1955 1970 Verum

383 2000 631 2071 Gregorii
659 2004 823 2057 verba
856 2004 935 2058 sic
967 2004 1139 2074 accipi
1175 2014 1394 2075 possent
1423 2007 1476 2058 in
1522 2005 1656 2059 Billii
1694 2007 1958 2075 interpre—

385 2094 612 2159 tatione,
654 2102 713 2149 ut
755 2094 883 2149 illud
930 2106 1163 2149 nostram
1206 2096 1473 2151 referatur
1514 2098 1578 2150 ad
1626 2096 1957 2165 metropolim

380 2186 487 2239 hoc
530 2186 715 2249 modo,
759 2196 991 2241 nostram
1048 2205 1152 2242 non
1196 2190 1367 2242 minus
1438 2188 1731 2242 litterarum
1800 2200 1956 2258 atque

378 2275 659 2340 doctrinm,
691 2293 850 2345 quam
887 2277 1117 2343 urbium,
1166 2279 1355 2349 quibus
1402 2279 1649 2347 praecellit
1694 2287 1743 2331 et
1789 2279 1960 2332 domi-

385 2376 564 2431 natur,
617 2367 970 2437 metropolim.
1031 2367 1124 2424 Sic
1190 2369 1594 2438 interpretando
1658 2370 1960 2424 restituitur

382 2459 573 2524 patriae
618 2473 728 2513 suae
770 2459 1017 2527 Basilius,
1055 2476 1159 2516 nec
1202 2461 1344 2516 illius
1377 2463 1431 2516 in
1493 2461 1690 2516 litteris
1739 2460 1959 2515 institu-

386 2548 549 2601 tionis
597 2558 783 2617 partes
816 2548 954 2603 ullas
985 2549 1226 2604 Caesarea
1278 2550 1445 2603 altera
1495 2551 1712 2603 retinet.
1762 2550 1961 2603 Fateor

387 2646 568 2690 tamen
604 2638 737 2692 mihi
774 2653 882 2692 non
913 2640 1153 2693 arridere
1186 2642 1327 2695 hanc
1366 2639 1755 2708 interpretandi
1796 2640 1960 2692 ratio-

393 2743 542 2791 nem,
571 2745 691 2795 qua:
725 2744 832 2783 non
873 2730 1104 2797 quadrat
1133 2746 1253 2785 cum
1286 2730 1472 2785 Graeco
1500 2738 1779 2785 contextu.
1824 2728 1959 2784 Illud

382 2818 530 2871 enim
571 2817 672 2888 τὴν
714 2818 811 2889 οὐχ
851 2814 1032 2892 ἧττον,
1068 2835 1174 2874 non
1229 2819 1458 2874 refertur
1501 2822 1567 2874 ad
1597 2835 1781 2874 vocem
1825 2822 1963 2891 ἡμε-

384 2911 575 2979 τέραν,
606 2925 724 2979 quae
757 2910 999 2978 pluribus
1032 2910 1152 2967 aliis
1184 2911 1485 2981 int-erjectis
1517 2911 1788 2981 praecedit.
1817 2911 1958 2965 Prac-

385 3010 533 3055 terea
582 3001 882 3057 Cassaream
938 3004 1232 3074 Gregorius
1295 3005 1556 3060 doctrinae
1616 3004 1953 3072 metropolim

385 3099 575 3158 vocat,
619 3105 724 3145 non
768 3093 895 3161 quia
938 3094 1008 3147 ibi
1055 3093 1255 3147 litteris
1303 3108 1521 3161 operam
1564 3094 1816 3156 dederat,
1867 3092 1958 3147 sed

386 3181 513 3251 quia
549 3182 601 3236 iu
630 3180 732 3236 hac
760 3183 892 3236 urbe
920 3182 1117 3237 litteris
1147 3182 1431 3238 ﬂorebant.

1034 3295 1260 3351 CAPUT
1301 3296 1364 3351 ll.

388 3388 428 3441 Ι.
462 3386 684 3441 Sanctus
698 3385 925 3440 Basilius
942 3404 967 3440 ε
987 3387 1320 3456 Cappadocia
1337 3386 1834 3455 Constantinopolim
1849 3388 1961 3440 mit-

460 3460 611 3513 titur.
634 3456 703 3510 'll.
739 3456 871 3510 Inde
900 3457 1128 3525 Athenas
1156 3459 1315 3511 venit.
1343 3456 1427 3510 Ill.
1457 3456 1811 3525 Coniungitur
1837 3460 1964 3509 ami-

462 3528 590 3579 citia
633 3542 751 3579 cum
779 3525 1029 3595 Gregorio
1065 3524 1422 3595 Nazianzeno.
1450 3525 1537 3595 IV,
1567 3524 1765 3595 Eorum
1790 3528 1963 3579 studia

460 3608 508 3647 et
569 3598 810 3664 magistri
867 3593 912 3646 et
965 3597 1329 3661 condiscipuli.
1376 3593 1441 3647 Υ.
1488 3594 1681 3649 Scribit
1735 3594 1963 3649 Basilius

467 3666 821 3728 Apollinario.
848 3664 964 3728 Quo
997 3682 1133 3718 anno
1160 3664 1388 3719 Athenas
1418 3666 1640 3734 reliquit.

470 3754 517 3811 1.
550 3752 763 3807 Nemini
811 3754 1037 3807 cedebat
1104 3753 1331 3808 Basilius
1380 3754 1617 3822 corporis
1668 3753 1963 3822 pulchritu-

395 3848 523 3901 dine
549 3856 605 3901 et
637 3847 829 3900 robore
871 3860 933 3900 ac
958 3847 1300 3915 proceritate,
1332 3858 1616 3915 antequam
1652 3845 1800 3899 illum
1847 3859 1962 3914 pte-

392 3938 631 3992 nitentia:
678 3936 889 3992 labores
944 3936 1341 4001 debilitassent;
1391 3939 1482 3991 sed
1532 3952 1652 3990 eum
1703 3938 1769 3991 ab
1817 3937 1960 4005 ejus-

393 4030 536 4083 modi
578 4029 913 4085 ornamentis
945 4029 1170 4083 laudare
1204 4029 1378 4084 noluit
1417 4029 1725 4095 Gregorius.
1765 4028 1962 4081 Liben-

393 4124 500 4177 tius
529 4134 748 4177 enarrat
779 4122 854 4191 (a)
887 4121 1029 4174 illius
1073 4121 1123 4173 in
1160 4121 1356 4174 virtute
1391 4135 1453 4173 ac
1488 4120 1683 4173 litteris
1717 4132 1964 4187 progres-

392 4228 509 4266 sus.
539 4211 670 4267 Cum
700 4221 843 4266 esset
874 4211 1157 4279 Cursarem,
1200 4212 1396 4265 charus
1440 4211 1872 4278 erattequalihus
1915 4217 1968 4261 et

394 4304 688 4373 magistris,
717 4318 778 4357 ac
822 4303 969 4358 brevi
1016 4312 1259 4372 tempore
1293 4316 1489 4371 magno
1524 4302 1574 4354 in
1619 4301 1793 4368 pretio
1823 4301 1962 4368 apud

392 4395 633 4464 plebeios
674 4403 727 4448 et
773 4394 1034 4460 primores
1063 4394 1315 4455 [civitatis
1354 4411 1365 4445 :
1417 4395 1599 4448 rhetor
1654 4392 1793 4446 inter
1845 4394 1965 4446 rhe-

2057 1923 2301 1991 epistolis
2347 1924 2693 1995 perspicitur,
2747 1941 2969 1981 necesse
3014 1938 3095 1981 est
3130 1938 3189 1981 ut
3222 1944 3344 1982 eum
3393 1929 3626 1987 Basilius

2058 2017 2289 2071 audierit
2323 2016 2808 2088 Constantinopoli.
2850 2018 2956 2074 Sed
2993 2036 3114 2076 cum
3154 2024 3235 2075 lue
3282 2024 3471 2076 litterae
3513 2038 3627 2077 non

2060 2105 2290 2173 levibus,
2331 2116 2391 2159 ut
2427 2105 2566 2160 infra
2600 2108 2886 2173 videbitur,
2917 2111 3315 2180 suspicionibus
3361 2112 3629 2178 laborent,

2060 2213 2165 2252 non
2214 2198 2444 2252 libenter
2496 2199 2814 2254 crediderim
2862 2202 3119 2270 quidquid
3179 2202 3388 2256 illarum
3436 2202 3632 2257 nititur

2060 2291 2403 2354 auctoritate,
2450 2292 2549 2345 nisi
2586 2292 2710 2346 aliis
2760 2294 3079 2348 testimoniis
3123 2294 3492 2351 conﬁrmetur.
3525 2294 3630 2351 So-

2059 2391 2238 2435 crates
2287 2368 2503 2450 quidem
2542 2380 2619 2453 (d)
2655 2391 2708 2436 et
2740 2382 3074 2438 Sozomenus
3115 2384 3184 2455 (e)
3222 2394 3443 2441 narrant
3472 2384 3631 2441 Basi-

2060 2473 2187 2525 lium
2215 2487 2319 2525 una
2349 2487 2473 2526 cum
2507 2472 2773 2542 Gregorio
2812 2490 3032 2545 operam
3074 2476 3372 2531 Antiochiae
3403 2476 3630 2531 Libanio

2061 2567 2296 2621 dedisse.
2318 2564 2389 2619 At
2412 2580 2597 2621 eorum
2633 2566 2951 2622 manifestus
2977 2577 3059 2621 est
3089 2582 3266 2632 error,
3293 2584 3413 2623 cum
3438 2580 3631 2624 neuter

2061 2658 2403 2711 Antiochiam
2449 2658 2753 2713 studiorum
2790 2673 2953 2713 causa
2991 2659 3182 2725 iverit,
3237 2674 3334 2714 nec
3382 2660 3633 2713 dubitant

2063 2751 2262 2807 eruditi
2303 2751 2428 2817 viri,
2469 2753 2598 2822 quin
2634 2754 2733 2808 hos
2775 2752 3067 2821 scriptores
3105 2753 3338 2807 nominis
3381 2752 3637 2807 similitu-

2063 2844 2189 2899 dine
2236 2845 2506 2914 deceperit
2546 2843 2773 2899 Basilius
2808 2847 2977 2900 sancti
3021 2845 3241 2901 Joannis
3261 2845 3632 2916 Chrysostomi

2066 2937 2295 3001 amicus,
2341 2951 2501 3005 quem
2559 2938 2683 2991 dum
2735 2937 3071 2992 confundunt
3111 2954 3229 2991 cum
3280 2937 3629 3003 Caesariensi,

2063 3027 2381 3096 Gregorium
2416 3028 2467 3081 ei
2498 3027 2881 3097 adjunxerunt.
2932 3027 3045 3081 Non
3084 3030 3238 3082 video
3283 3043 3411 3097 ergo
3439 3029 3633 3096 quibus

1988 3139 2033 3199 ρ
2066 3117 2431 3172 monumentis
2467 3120 2633 3172 statui
2672 3120 2840 3188 possit
2875 3118 3127 3172 Basilium
3167 3119 3632 3187 Constantinopoli

2066 3223 2285 3278 operam
2316 3209 2527 3263 dedisse
2557 3208 2801 3263 Libanio.
2847 3209 2925 3265 Ne
2958 3210 3129 3279 ipsum
3167 3211 3377 3280 quidem
3426 3219 3635 3280 tempus

2066 3302 2345 3371 aptissime
2391 3303 2715 3369 quadraret,
2746 3303 2789 3356 si
2824 3302 3105 3368 Libanius,
3138 3312 3196 3356 ut
3228 3304 3439 3356 videtur
3470 3303 3635 3357 Tille-

2066 3393 2290 3460 monlio,
2336 3394 2404 3446 ab
2437 3408 2579 3447 anno
2619 3394 2724 3447 546
2760 3409 2929 3463 usque
2974 3396 3039 3448 ad
3081 3395 3179 3448 ’551
3232 3396 3499 3449 docuisset
3535 3393 3633 3447 Ni-

2066 3487 2341 3542 comediae.
2393 3486 2525 3539 Nam
2576 3490 2713 3539 intra
2764 3486 2867 3540 hoc
2920 3497 3126 3555 tempus
3173 3487 3419 3541 videntur
3464 3486 3633 3541 collo-

2067 3579 2240 3633 cauda
2273 3576 2457 3631 Basilii
2488 3578 2659 3631 studia
2704 3577 3315 3646 ConstantinOpolitana.
3361 3578 3464 3631 Sed
3510 3591 3633 3631 cum

2069 3670 2326 3723 Libanius
2364 3668 2831 3736 Constantinopoli
2874 3668 3059 3737 pulsus
3104 3668 3262 3724 fuerit
3302 3684 3330 3722 a
3366 3668 3630 3730 Limenio,

2066 3760 2155 3827 qui
2205 3757 2491 3827 prrefectus
2544 3757 2663 3810 urbi
2718 3758 2817 3810 fuit
2865 3772 2891 3809 a
2937 3759 3109 3828 pridie
3153 3758 3276 3813 ldus
3320 3757 3487 3813 Julias
3531 3757 3636 3813 347

2074 3861 2245 3916 usque
2277 3846 2340 3899 ad
2375 3862 2426 3898 vt
2453 3844 2622 3913 April.
2650 3844 2774 3910 549,
2811 3844 2925 3899 ﬁeri
2981 3845 3148 3911 potuit
3183 3856 3260 3909 ut,
3293 3860 3356 3897 eo
3387 3848 3633 3909 docente,

2068 3937 2302 3991 Basilius
2356 3934 2876 4002 Constantinopolim
2925 3950 3067 3989 anno
3100 3936 3204 3989 546
3257 3949 3347 3988 aut
3392 3936 3496 3989 547
3542 3950 3638 3988 ve-

2070 4030 2241 4090 niret,
2283 4042 2536 4095 eumque,
2584 4035 2633 4077 ut
2681 4026 2821 4079 inter
2854 4027 3143 4097 _sophistas
3186 4027 3594 4080 celeberrimum
3622 4066 3637 4090 ,

2067 4121 2296 4174 audiret.

2138 4212 2271 4265 Cum
2309 4210 2457 4265 brevi
2486 4220 2722 4279 tempore
2752 4208 2981 4263 Basilius
3010 4210 3060 4261 in
3086 4210 3188 4263 hac
3213 4209 3343 4261 urbe
3376 4211 3637 4263 maximas

2069 4305 2250 4359 laudes
2310 4307 2362 4357 in
2439 4304 2720 4356 rhetoricae
2788 4319 2849 4356 ac
2914 4301 3263 4370 philosophice
3340 4300 3638 4369 disciplinis

2077 4397 2299 4464 adeptus
2330 4404 2475 4449 esset
2507 4393 2595 4464 (f),
2637 4394 2849 4447 tandem
2888 4394 3125 4447 Athenas
3158 4392 3344 4461 petiit,
3390 4406 3505 4457 quae
3540 4392 3637 4444 do-

395 4498 540 4540 tores
561 4487 725 4541 etiam
750 4497 876 4539 ante
900 4485 1226 4540 rhetoricam
1259 4484 1575 4546 exhedram,
1608 4484 1960 4553 philosophus
1994 4486 2039 4539 D
2076 4489 2331 4543 micilium
2372 4498 2427 4540 et
2463 4486 2615 4541 sodes
2643 4488 2944 4539 litterarum
2981 4485 3332 4539 habebantur.
3368 4485 3512 4537 Illius
3544 4486 3641 4537 ad-

394 4578 535 4630 inter
570 4576 911 4646 philosophos
953 4576 1114 4629 etiam
1150 4583 1275 4629 ante
1317 4574 1671 4643 philosophiae
1720 4574 1959 4637 decreta,

392 4678 445 4723 et
477 4668 623 4737 quod
658 4660 949 4721 maximum
1000 4675 1116 4734 est,
1166 4666 1490 4721 Christianis
1540 4664 1793 4720 sacerdos
1839 4674 1965 4718 ante

395 4760 780 4815 sacerdotium.
811 4759 956 4813 Adeo
1003 4773 1192 4813 omnes
1225 4758 1373 4811 illum
1423 4759 1781 4812 mirabantur.
1824 4755 1969 4810 Prae-

392 4853 613 4919 cipuum
647 4850 789 4904 illius
816 4850 1054 4904 studium
1092 4865 1197 4903 non
1233 4862 1388 4904 erant
1413 4849 1622 4913 litteras,
1661 4851 1752 4904 sed
1784 4850 1962 4918 philo-

395 4943 579 5009 sophia
604 4940 932 5005 Christiana,
968 4941 1031 4994 ad
1069 4955 1228 5008 quam
1267 4940 1475 5002 litteras
1506 4940 1797 4995 referebat.

467 5031 594 5085 .udc
629 5031 1150 5100 Constantinopolim
1183 5032 1432 5096 mittitur,
1460 5048 1579 5101 qua:
1609 5033 1800 5087 civitas
1834 5034 1963 5086 rhc-

399 5122 604 5175 toribus
633 5136 695 5175 ac
741 5122 1072 5191 philosophis
1102 5124 1557 5190 praestantissimis
1603 5122 1848 5188 ﬂorebat,
1882 5124 1964 5175 in-

395 5216 509 5277 quit
546 5212 872 5281 Gregorius:
906 5214 1060 5280 cujus
1096 5228 1160 5266 ex
1205 5215 1513 5267 testimonio
1544 5223 1594 5266 et
1625 5228 1689 5265 ex
1721 5213 1961 5279 superio-

400 5306 545 5357 ribus
597 5319 668 5357 vet
693 5304 806 5371 bis,
856 5305 1190 5373 philosOphus
1245 5306 1402 5357 etiam
1449 5315 1567 5358 ante
1618 5304 1961 5371 pltilosOpItite

392 5396 629 5460 decreta,
680 5396 1033 5464 perspicimus
1072 5396 1322 5450 Basiliam
1361 5398 1413 5451 in
1459 5397 1590 5451 urbe
1643 5396 1960 5451 Caesariensi

471 5577 545 5639 (tt)
586 5574 679 5628 Or.
706 5575 796 5629 20.

468 5648 543 5711 (ιι)
587 5645 751 5711 Epist.
777 5646 880 5701 stt;
906 5655 959 5702 et
986 5648 1107 5702 558.

468 5716 542 5785 (ς)
587 5715 680 5784 Ep.
709 5716 832 5770 sse.

2075 4588 2289 4631 ventum
2328 4578 2466 4629 fama
2524 4576 2825 4642 nuntiavit,
2872 4590 3243 4642 summamque
3277 4576 3638 4643 exspectatio-

2074 4685 2197 4724 nem
2232 4668 2482 4722 omnibus
2526 4668 2713 4732 movit,
2760 4668 3029 4736 prmeipue
3074 4681 3203 4720 vero
3234 4666 3493 4735 Gregorio
3536 4665 3642 4718 Na-

2072 4760 2351 4823 zianzeno,
2387 4758 2473 4825 qui
2510 4756 2665 4825 paulo
2705 4766 2830 4810 ante
2881 4757 2931 4809 in
2965 4757 3105 4810 hanc
3142 4758 3325 4809 urbem
3361 4770 3480 4809 sese
3510 4771 3641 4808 con-

2074 4850 2293 4913 tulerat,
2325 4863 2389 4901 ac
2420 4848 2673 4900 Basilium
2712 4848 2974 4901 Caesarem
3002 4855 3348 4912 cognoverat.
3383 4844 3495 4898 Mos
3525 4856 3643 4897 erat

2071 4940 2316 5001 Athenis,
2363 4948 2422 4992 ut
2471 4938 2868 5001 adolescentes,
2897 4939 3023 4990 dum
3058 4937 3253 4990 scholre
3300 4950 3410 4989 sua:
3451 4950 3645 4989 nume—

2078 5046 2196 5083 rum
2231 5043 2427 5098 augere
2458 5037 2513 5081 ct
2552 5029 2633 5080 sui
2678 5029 2905 5096 quisque
2938 5028 3193 5095 sophista:
3224 5042 3330 5080 mra
3382 5026 3642 5094 ampliare

2077 5121 2322 5189 cupiunt,
2373 5129 2821 5188 praeoccuparem
2861 5119 3041 5183 urbes,
3091 5118 3223 5182 vias,
3258 5118 3517 5171 montium
3548 5132 3638 5169 ca—

2077 5213 2313 5273 cumina,
2343 5226 2585 5280 campos,
2616 5210 2950 5273 solitudines,
2981 5225 3166 5263 omnes
3192 5210 3422 5277 denique
3449 5209 3639 5262 Atticae

2078 5320 2138 5355 ac
2174 5302 2390 5369 reliqua:
2433 5303 2658 5356 Graecia:
2702 5310 2906 5368 partes,
2949 5310 3111 5367 atque
3153 5301 3295 5368 ipsos
3339 5301 3499 5353 etiam
3550 5300 3636 5351 i‘u-

2083 5393 2251 5458 colas,
2276 5408 2503 5462 quorum
2535 5394 2822 5447 maximam
2852 5403 3057 5462 partem
3086 5393 3135 5447 in
3176 5409 3267 5448 sua
3298 5393 3473 5449 studia
3498 5392 3640 5450 scin-

2152 5574 2229 5642 (Α)
2272 5574 2386 5627 Lib.
2415 5590 2488 5639 tv,
2521 5591 2568 5627 c.
2592 5574 2679 5626 26.

2155 5646 2224 5712 (ei
2264 5644 2376 5695 Lib.
2405 5660 2477 5705 vr,
2512 5646 2673 5697 (3.17.

2072 5792 2077 5795 ἠ
2156 5716 2221 5782 (Γ)
2268 5712 2673 5768 Nuz.orat.’20.
