3820 6210
1447 309 1607 365 VIII‘A
1650 307 1706 362 S.
1747 302 2017 360 BASILII.
3288 298 3338 335 χι

100 436 314 492 ciebant.
364 431 437 488 Ut
490 434 721 503 quisque
750 440 950 504 _autem
992 429 1252 497 iuvenum
1300 426 1541 482 Athenas
1585 438 1678 479 ve—
1706 426 1754 482 Α
1785 433 1837 476 et
1869 419 2105 475 studium
2146 414 2319 466 virtus
2354 419 2472 464 erat
2504 428 2515 463 :
2556 416 2780 476 uterque
2814 406 2967 459 alteri
3001 417 3184 457 norma
3227 412 3342 455 erat

92 529 291 590 niehat,
319 526 510 580 statim
547 539 669 578 eum
701 522 788 576 vel
835 522 885 577 vi
928 521 1014 573 vel
1059 528 1251 585 sponte
1284 532 1439 572 suum
1491 516 1669 570 facere

94 620 451 675 conabantur.
487 615 537 671 ls
581 617 816 684 primum
866 612 1008 682 apud
1053 625 1238 665 eorum
1290 609 1545 679 aliquem,
1578 608 1668 677 qui

95 712 297 779 priores
339 724 469 764 eum
524 714 811 775 ceperant,
859 703 1093 773 hospitio
1131 700 1525 771 excipiebatur,
1558 699 1671 753 sive

94 803 295 855 amicus
344 807 519 860 esset,
563 798 676 853 sive
710 796 1065 865 propinquus,
1110 794 1224 848 sive
1255 792 1411 858 civis,
1457 791 1573 845 sive
1601 805 1668 845 ex

95 908 276 947 eorum
324 904 578 953 numero,
617 888 707 956 qui
754 885 1019 940 mercedis
1066 885 1185 939 loco
1230 882 1490 951 sophistis
1532 883 1674 943 hanc

97 983 322 1052 augendi
372 997 564 1037 eorum
614 980 752 1034 lucri
787 993 973 1033 curam
1022 975 1421 1047 persolvebant.
1469 971 1675 1028 Deinde

100 1074 361 1129 conviciis
389 1089 417 1125 a
454 1072 697 1142 quolibet
739 1070 1129 1134 lacessebatur,
1160 1075 1210 1121 et
1248 1081 1343 1136 per
1388 1064 1561 1121 forum
1608 1064 1675 1123 ad

102 1164 347 1219 balneum
402 1177 527 1217 cum
590 1174 782 1231 pompa
848 1158 1237 1213 deducebatur.
1291 1154 1484 1225 IEquis
1531 1154 1673 1207 enim

100 1256 283 1323 spatiis
317 1255 466 1311 inter
507 1268 569 1307 se
611 1249 884 1313 distincti,
930 1248 1045 1303 bini
1085 1263 1210 1302 eum
1263 1244 1672 1301 antecedebant.

101 1345 394 1414 Postquam
440 1356 623 1398 autem
667 1342 889 1412 propius
936 1350 1317 1403 accesserant,
1370 1348 1483 1392 tum
1546 1350 1677 1390 vero

101 1442 250 1508 quasi
283 1439 472 1493 furore
497 1437 731 1505 correpti
767 1436 1060 1498 saltabant,
1089 1444 1146 1488 et
1180 1434 1415 1488 maximo
1442 1433 1681 1488 clamore

102 1534 316 1587 sublato
362 1533 560 1585 sistere
592 1529 872 1597 iubebant,
911 1542 1013 1582 nec
1053 1527 1135 1582 fas
1166 1540 1287 1581 esse
1320 1526 1525 1596 ingredi
1553 1544 1567 1580 :
1601 1525 1679 1579 si-

104 1624 318 1693 mulque
352 1623 587 1690 pulsatis
619 1620 800 1690 ianuis
826 1619 1079 1686 iuvenem
1113 1617 1418 1683 terrebant,
1465 1630 1530 1670 ac
1563 1622 1683 1669 tan-

104 1718 217 1769 dem
261 1713 417 1768 aditu
469 1727 727 1769 concesso
774 1712 828 1764 in
876 1709 1180 1763 libertatem
1229 1706 1574 1771 asserebant,
1621 1718 1685 1760 ac

1776 521 1831 565 et
1863 508 2043 578 regula
2080 503 2393 567 vivendi,et
2429 500 2556 571 quid
2590 507 2794 553 rectum
2828 510 2996 552 necne
3027 495 3115 551 sit-
3142 494 3345 548 discer-

1782 601 1966 656 nendi.
1991 596 2177 664 Neque
2203 608 2267 649 ex
2302 590 2576 646 sodalibus
2611 588 2663 641 in
2702 600 2854 641 suam
2902 583 3344 640 consuetudinem

1778 688 2155 749 asciscebant,
2205 682 2305 740 nisi
2350 681 2439 750 qui
2482 678 2771 735 castissimi
2814 684 2868 731 et
2894 672 3222 746 pacatissimi
3257 686 3346 727 es—

1780 790 1918 839 sent.
1950 781 2075 834 Dum
2112 775 2215 831 illis
2264 784 2403 827 notae
2465 778 2621 825 erant
2659 769 2789 834 viae,
2838 765 3007 820 altera
3053 764 3119 819 ad
3167 775 3349 817 sacras

1781 875 1922 929 aedes
1961 870 2448 933 ﬁbristianorum,
2504 862 2671 917 altera
2718 860 2786 914 ad
2832 856 3047 915 scholas
3095 854 3345 911 ducens:

1781 971 1940 1035 festa,
1988 967 2221 1026 theatra,
2273 960 2513 1015 celebres
2561 962 2860 1012 conventus
2901 959 2956 1006 et
3004 947 3250 1005 convivia
3286 945 3349 998 ii-

1784 1062 1970 1115 benter
2019 1055 2139 1111 aliis
2191 1051 2588 1120 relinquebant.
2639 1045 2784 1101 Nihil
2837 1042 3027 1113 majori
3078 1041 3346 1098 ducebant

1783 1151 1947 1215 laudi,
1978 1163 2137 1220 quam
2176 1155 2232 1199 ut
2267 1141 2561 1198 Christiani
2592 1146 2777 1194 essent
2806 1146 2860 1192 et
2890 1135 3300 1191 nominarentur
3328 1150 3343 1185 :

1784 1251 1839 1295 et
1876 1242 1930 1295 in
1974 1253 2039 1292 ea
2091 1238 2245 1297 urbe,
2294 1246 2412 1302 quae
2465 1228 2773 1284 simulacris
2819 1241 2882 1281 ac
2935 1223 3347 1280 simulacrorum

1786 1328 2150 1387 laudatoribus
2207 1335 2261 1381 et
2315 1322 2552 1395 patronis
2613 1317 2959 1382 abundabat,
3017 1328 3122 1369 non
3190 1311 3353 1367 modo

1787 1421 1933 1479 nulla
1969 1432 2189 1490 prorsus
2220 1430 2348 1470 aura
2390 1410 2792 1481 superstitionis
2828 1405 2995 1462 amati
3046 1410 3209 1470 sunt,
3256 1401 3351 1457 sed

1787 1511 1948 1566 etiam
1998 1506 2185 1563 fraude
2223 1503 2391 1558 oculis
2438 1502 2551 1556 suis
2596 1501 2711 1555 visa
2762 1513 2824 1553 ac
2880 1502 3196 1565 perspecta,
3243 1490 3351 1546 illic

1788 1603 2059 1658 daemones
2103 1598 2334 1652 maxime
2363 1597 2822 1662 contempserunt,
2857 1588 2945 1643 ubi
2984 1585 3219 1640 maxime
3264 1596 3354 1638 co-

1792 1692 2053 1748 lebantur.
2082 1688 2292 1743 Eximia
2320 1684 2501 1740 Basilii
2527 1692 2579 1737 et
2612 1680 2855 1751 Gregorii
2889 1675 3196 1744 coniunctio
3223 1687 3353 1729 cen-

104 1806 359 1873 deinceps
391 1803 657 1858 sodalium
688 1814 912 1855 numero
945 1798 1338 1854 ascribebatur.
1368 1793 1681 1866 Gregorius,
1712 1780 1756 1839 B
1786 1784 2005 1840 ﬂaverat
2035 1782 2179 1836 circa
2208 1792 2300 1833 eos
2333 1774 2497 1829 veluti
2544 1772 2811 1842 quoddam
2864 1768 3161 1823 amicorum
3208 1764 3349 1819 idem

103 1896 189 1964 qui
240 1894 510 1949 Basilium
563 1892 931 1957 reverebatur,
986 1904 1196 1944 morum
1252 1887 1572 1958 gravitatem
1630 1892 1686 1939 et

102 2000 419 2041 sermonum
467 1983 812 2054 prudentiam
858 1982 1082 2047 videns,
1130 1981 1196 2034 iis
1242 1980 1334 2049 qui
1382 1978 1528 2032 illum
1579 1991 1685 2031 nea

106 2085 373 2131 noverant
407 2074 703 2144 persuasit,
748 2082 806 2126 ut
841 2072 981 2126 idem
1026 2074 1094 2125 de
1134 2070 1223 2126 illo
1258 2069 1543 2125 sentirent.
1584 2067 1689 2121 lta-

107 2182 209 2235 que
239 2167 393 2221 solus
424 2165 539 2220 fere
568 2180 633 2219 ex
679 2162 931 2217 omnibus
962 2161 1187 2216 advenis
1219 2172 1561 2215 communem
1602 2156 1687 2212 le-

110 2275 226 2328 gem
263 2256 484 2327 eﬂ'ugit.

176 2349 259 2402 lll.
304 2347 582 2402 Amicitiae
613 2345 931 2416 Gregorium
983 2344 1127 2398 inter
1153 2351 1209 2398 et
1252 2341 1509 2398 Basiliam
1555 2341 1691 2410 igni-

112 2442 215 2495 cui
262 2442 392 2495 inde
437 2440 813 2504 emicuerunt,
856 2452 921 2491 ac
955 2436 1113 2506 paulo
1164 2445 1284 2505 post
1331 2435 1384 2489 in
1436 2449 1689 2504 magnam

117 2532 286 2586 facem
343 2545 489 2585 novo
559 2529 807 2599 Gregorii
870 2526 1134 2582 beneﬁcio
1188 2535 1496 2581 creverunt.
1550 2524 1685 2580 Nam

116 2638 234 2676 cum
259 2621 511 2676 Armenii
544 2621 789 2690 quidam,
823 2618 952 2673 olim
987 2617 1171 2672 Basilii
1204 2620 1304 2672 sub
1338 2618 1508 2687 ipsius
1543 2626 1695 2687 patre

116 2710 499 2781 condiscipuli,
533 2710 678 2764 illius
712 2708 900 2763 laudes
937 2707 1135 2761 invidis
1161 2706 1330 2761 oculis
1364 2706 1694 2777 aspicerent,

115 2816 349 2871 eumque
380 2802 497 2856 suis
526 2799 1053 2871 argumentationum
1091 2798 1246 2853 tricis
1276 2812 1473 2867 capere
1522 2806 1697 2851 tenta-

128 2903 274 2953 rent.
325 2889 647 2960 Gregorius,
700 2888 792 2957 qui
848 2887 1030 2956 gloria;
1088 2887 1421 2941 Athenarum
1474 2888 1700 2956 cupidus

124 2990 265 3045 erat,
291 2982 500 3035 veritus
530 2994 601 3034 ne
630 2978 760 3047 quid
793 2978 985 3033 civitas
1025 2978 1307 3032 dedecoris
1335 2977 1622 3046 acciperet,
1653 2977 1700 3031 si

121 3087 292 3127 novus
352 3070 545 3127 accola
618 3068 953 3139 antiquiores
1020 3076 1331 3138 superaret,
1379 3069 1553 3138 primo
1595 3067 1695 3123 Ar-

1789 1873 2134 1931 sentientium
2189 1866 2530 1931 sodalitium,
2580 1864 2733 1934 cuius
2785 1862 2892 1916 dux
2944 1868 2998 1913 et
3048 1864 3365 1928 praeceptor

1791 1965 2038 2021 Basilius.
2069 1960 2182 2015 Non
2238 1958 2457 2013 dubium
2493 1955 2622 2026 quin
2673 1951 2914 2024 ejusdem
2974 1948 3202 2019 agminis
3249 1948 3358 2002 dux

1793 2057 1926 2113 alter
1954 2053 2223 2111 exstiterit
2269 2048 2582 2119 Gregorius,
2626 2044 2874 2117 quamvis
2904 2043 2973 2098 de
3018 2056 3077 2097 se
3120 2042 3233 2111 ipse
3274 2048 3358 2094 tam

1794 2157 1933 2202 ceat.
1975 2144 2102 2199 Inde
2151 2141 2368 2206 evenit,
2419 2150 2478 2195 ut
2510 2137 2783 2209 egregium
2822 2134 2953 2188 illud
3007 2148 3104 2203 par
3158 2131 3359 2186 amico-

1796 2254 1913 2293 rum
1944 2251 2048 2291 non
2093 2237 2147 2289 in
2180 2234 2383 2289 Graaeia
2414 2231 2612 2295 solum,
2657 2229 2752 2284 sed
2800 2228 2961 2281 etiam
3008 2233 3162 2280 extra
3210 2223 3361 2279 Grae-

1797 2333 1933 2388 ciam
1967 2329 2348 2391 celebraretur,
2388 2332 2445 2379 et
2483 2337 2603 2377 cum
2634 2336 2822 2376 eorum
2870 2318 3111 2389 magistri
3156 2315 3354 2370 fatuam

1796 2426 2125 2480 Athenarum
2177 2420 2555 2488 adaequarent,
2604 2415 2703 2484 ipsi
2755 2426 3008 2482 quoque,
3056 2408 3359 2479 ubicunque

1800 2516 1910 2572 noti
1957 2520 2111 2569 erant
2154 2510 2440 2580 magistri,
2480 2509 2531 2562 in
2573 2505 2849 2562 hominum
2883 2517 2978 2559 ore
3026 2508 3371 2558 versarentur

1799 2619 1853 2663 et
1898 2604 2073 2662 Oresti
2125 2618 2187 2657 ac
2242 2600 2429 2673 Pyladi
2479 2599 2636 2668 longe
2711 2596 2778 2652 ab
2829 2594 3081 2650 omnibus
3142 2590 3370 2647 praefer-

1803 2707 2007 2752 rentur.

1872 2789 1961 2844 IV.
2007 2786 2102 2842 His
2158 2784 2416 2854 praeditus
2480 2789 2599 2835 erat
2668 2778 2908 2834 moribus
2970 2774 3233 2837 Basilius,
3280 2771 3373 2841 qui

1807 2881 1970 2938 etiam
2005 2878 2121 2933 sine
2148 2874 2396 2932 doctrina
2427 2873 2641 2927 laudem
2669 2870 3021 2933 habuissent;
3056 2865 3147 2922 sed
3178 2864 3243 2920 ad
3275 2864 3372 2919 hos

1807 2986 1985 3029 mores
2024 2978 2079 3024 et
2110 2968 2186 3041 (p.
2212 2965 2339 3037 555)
2379 2964 2650 3036 egregiam
2687 2960 2920 3017 indolem
2957 2966 3104 3013 tanta
3147 2953 3375 3011 accessit

1810 3064 2065 3120 doctrina:
2094 3060 2267 3129 copia,
2314 3066 2374 3112 ut
2420 3070 2577 3112 nemo
2607 3068 2727 3108 cum
2756 3066 2820 3107 eo
2862 3048 3261 3120 comparandus
3286 3057 3375 3099 es-

123 3162 317 3217 meniis
352 3176 514 3230 opem
548 3160 786 3224 ferebat;
817 3167 871 3212 at
904 3158 994 3213 ubi
1037 3158 1301 3227 perfidum
1334 3158 1544 3213 illorum
1576 3174 1704 3215 con-
1732 3140 1773 3197 C
1808 3166 1922 3220 set,
1968 3155 2084 3211 sive
2129 3154 2180 3206 in
2216 3151 2484 3206 rhetorica
2509 3188 2523 3213 ,
2576 3149 2688 3203 sive
2732 3146 2786 3200 in
2840 3141 3211 3214 grammatica,
3256 3150 3375 3205 quae

121 3250 301 3306 silium
347 3250 645 3319 perspexit,
672 3258 843 3303 totum
872 3263 932 3305 se
971 3249 1039 3303 ad
1086 3247 1343 3303 Basilium
1374 3250 1571 3315 vertit,
1616 3265 1707 3305 eo-

121 3356 225 3409 que
272 3340 572 3410 adiuvante
617 3340 860 3394 Armenii
913 3339 1128 3410 penitus
1171 3340 1297 3395 fusi.
1350 3339 1479 3394 Inde
1516 3338 1706 3393 Arme-

123 3445 341 3484 niorum
384 3429 480 3483 ira:
509 3437 563 3483 et
591 3428 888 3483 inimicitia:
920 3428 973 3482 in
1006 3426 1348 3497 Gregorium,
1376 3440 1435 3483 ut
1471 3443 1624 3484 suum
1655 3436 1710 3483 et

125 3524 274 3577 urbis
298 3522 660 3590 proditorem.
685 3518 942 3574 Basiliam
976 3529 1155 3574 autem
1188 3520 1525 3574 Athenarum
1559 3518 1710 3573 fasti-

125 3613 272 3666 dium
320 3611 513 3680 cepit,
558 3613 683 3680 quia
731 3625 857 3665 cum
894 3625 1085 3680 magna
1136 3610 1320 3665 omnia
1367 3609 1467 3665 sibi
1512 3609 1579 3665 de
1610 3609 1712 3663 hac

126 3705 259 3759 urbe
298 3703 583 3767 finxisset,
634 3701 900 3756 minorem
933 3702 1341 3769 exspectatione
1384 3700 1707 3770 reperiebat.

127 3794 318 3864 Itaque
350 3808 544 3863 parum
588 3793 689 3846 sibi
726 3794 913 3846 beatus
952 3793 1237 3847 videbatur
1265 3790 1410 3860 quod
1454 3791 1713 3855 venisset,

128 3894 181 3940 et
227 3885 456 3939 inanem
506 3882 817 3938 felicitatem
851 3881 1095 3937 Athenas
1128 3883 1370 3936 vocabat.
1411 3879 1547 3936 Tum
1582 3879 1715 3935 Gre-

130 3976 317 4045 gorius
369 3973 516 4028 illius
548 3988 836 4028 mmrorem
880 3973 1120 4028 consiliis
1165 3972 1276 4026 suis
1310 3972 1598 4035 abstersit,
1638 3970 1717 4025 ei-

132 4083 235 4137 que
268 4066 551 4137 persuasit
592 4079 692 4119 nec
720 4064 998 4119 hominum
1046 4076 1226 4117 mores
1262 4062 1415 4117 brevi
1450 4072 1711 4131 tempore,

135 4175 234 4214 nec
274 4158 587 4214 doctrinam
621 4165 676 4210 et
709 4155 1075 4211 eruditionem
1115 4155 1308 4209 leviter
1353 4152 1713 4223 degustando,

134 4252 227 4307 sed
257 4252 351 4305 diu
400 4249 742 4319 multumque
786 4248 1063 4317 probando
1100 4256 1155 4302 et
1191 4245 1546 4317 periclitando
1577 4245 1719 4313 diiu-

137 4346 339 4401 dicari.
376 4344 470 4399 Sic
509 4344 651 4398 inter
678 4355 772 4396 eos
807 4340 977 4410 magis
1015 4354 1077 4394 ac
1113 4340 1282 4408 magis
1317 4338 1723 4394 devinciebatur

138 4437 381 4492 amicitia
408 4435 603 4491 dandis
628 4443 685 4489 et
713 4431 1041 4501 accipiendis
1079 4429 1469 4486 benevolentiae
1498 4429 1711 4500 signiﬁ-

138 4525 467 4581 cationibus.

203 4615 510 4686 Postquam
560 4622 741 4668 autem
792 4612 892 4668 sibi
947 4612 1177 4667 invicem
1225 4625 1487 4682 aperuere
1539 4611 1718 4666 consi-

146 4708 276 4761 lium
318 4705 714 4776 amplectenda:
761 4704 1143 4774 philosophiae,
1199 4713 1312 4759 tum
1360 4717 1489 4757 vero
1530 4711 1723 4757 contu-

146 4799 394 4855 bernales
420 4808 476 4853 et
508 4797 845 4851 convictores
875 4796 1047 4859 fuere,
1087 4810 1152 4849 ac
1182 4804 1331 4850 tanta
1376 4795 1475 4849 fuit
1519 4795 1725 4848 animo-

148 4907 266 4945 rum
300 4900 358 4946 et
401 4891 455 4944 in
491 4889 687 4943 litteris
726 4898 782 4942 et
830 4888 887 4942 in
918 4888 1209 4942 virtutibus
1244 4886 1551 4942 excolendis
1590 4901 1725 4941 con-

149 4984 355 5046 sensio,
383 4992 441 5035 ut
472 4998 577 5035 una
614 4982 830 5049 utrique
856 4981 1035 5034 anima
1082 4980 1260 5035 inesse
1293 4979 1586 5045 videretur,
1616 4979 1721 5032 duo

151 5086 381 5140 corpora
426 5069 630 5124 ferens.
673 5067 778 5122 Par
818 5077 935 5123 erat
967 5069 1199 5123 studium
1233 5068 1593 5137 adipiscendae
1633 5068 1728 5122 do-

151 5164 365 5226 ctrinte,
409 5161 505 5215 sed
566 5161 757 5216 aberat
817 5160 1039 5215 invidia.
1092 5158 1385 5215 Certabant
1442 5174 1546 5213 non
1610 5168 1732 5212 uter

152 5255 359 5323 primas
396 5254 640 5318 haberet,
669 5253 762 5307 sed
794 5262 916 5307 uter
947 5252 1105 5306 alteri
1130 5232 1470 5306 concederet.
1498 5250 1736 5318 Uterque

153 5343 341 5401 laudes
372 5345 600 5400 alterius
638 5359 765 5400 suas
809 5344 1059 5400 ducebat.
1108 5343 1285 5398 Unum
1338 5343 1550 5411 utrique
1597 5356 1733 5412 epus

228 5612 308 5681 (a)
345 5610 556 5665 Socrat.
589 5612 628 5667 l.
661 5629 733 5679 iv,
766 5630 813 5671 c.
847 5614 957 5680 26;
989 5614 1203 5671 Sozom.
1241 5614 1277 5668 1.
1313 5630 1386 5680 vi,
1411 5630 1458 5669 c.
1500 5614 1584 5667 17.

229 5683 308 5750 (ο)
341 5681 434 5749 Ερ.
469 5681 556 5735 68.

228 5753 303 5815 (cl
332 5750 431 5821 Ep.
470 5751 599 5809 372.

1747 4479 1800 4539 D

1808 3248 2048 3318 linguam
2081 3244 2147 3299 ad
2181 3241 2532 3298 Graecismum
2568 3238 2796 3299 format,
2841 3233 3095 3289 historias
3140 3229 3374 3296 colligit,

1812 3342 2000 3396 metris
2028 3350 2247 3409 prmest,
2282 3345 2335 3392 et
2367 3334 2698 3392 carminibus
2732 3332 2876 3403 leges
2899 3324 3229 3400 praescribit;
3265 3320 3378 3376 sive

1812 3434 1865 3487 in
1910 3432 2159 3488 omnibus
2194 3411 2549 3499 philosophias
2600 3424 2856 3495 partibus.
2914 3419 2991 3474 Ne
3034 3412 3381 3486 geometriam

1815 3525 2032 3593 quidem
2064 3530 2120 3577 et
2156 3519 2553 3577 astronomiam
2583 3532 2647 3573 ac
2690 3511 3086 3570 arithmeticam
3131 3505 3381 3576 neglexe-

1811 3624 1917 3683 rat,
1954 3614 2046 3671 sed
2083 3615 2149 3669 iis
2183 3614 2384 3668 relictis
2422 3626 2541 3680 qua:
2569 3610 2637 3664 ad
2681 3609 2933 3678 pietatem
2977 3601 3236 3671 prodesse
3280 3612 3385 3651 non

1816 3712 2083 3772 poterant,
2129 3710 2335 3755 tantum
2367 3699 2469 3755 sibi
2497 3714 2563 3751 ex
2601 3698 2685 3752 his
2733 3694 3028 3765 disciplinis
3058 3695 3385 3757 sumpserat,

1814 3803 2075 3864 quantum
2109 3792 2242 3847 satis
2288 3801 2440 3854 erat,
2480 3799 2538 3843 ut
2566 3788 2633 3843 ab
2656 3787 2750 3842 his
2791 3786 2881 3855 qui
2927 3800 3045 3839 sese
3076 3784 3127 3837 in
3161 3783 3261 3835 hoc
3294 3794 3386 3848 ge-

1817 3900 1946 3940 nere
1990 3884 2357 3947 venditabant,
2398 3879 2663 3951 exagitari
2697 3893 2802 3932 non
2834 3884 3036 3945 posset.
3072 3871 3388 3927 Medicinam

1820 3986 1996 4030 autem
2041 3976 2253 4029 videtur
2299 3974 2543 4044 apprime
2591 3970 2865 4032 calluisse,
2916 3975 3200 4036 propterea
3248 3960 3388 4032 quod

1821 4066 1961 4122 hanc
1988 4065 2062 4119 illi
2110 4075 2279 4119 artem
2320 4062 2568 4133 perpetui
2617 4060 2789 4115 morbi
2820 4068 2875 4113 et
2906 4056 3268 4112 necessariam
3316 4051 3393 4106 fe-

1822 4168 2041 4223 cerant,
2076 4169 2131 4212 et
2168 4157 2233 4211 ad
2268 4156 2479 4211 facilius
2512 4152 2912 4225 percipiendam
2949 4148 3286 4220 profuerant.

1894 4249 2188 4303 Himerium
2224 4258 2278 4302 et
2298 4245 2699 4301 Prohteresium
2729 4242 2955 4297 Athenis
2983 4240 3267 4294 audierunt
3290 4237 3396 4291 Ba-

1824 4342 1975 4397 silius
2006 4350 2055 4395 et
2092 4338 2385 4407 Gregorius
2426 4336 2524 4408 (a),
2576 4334 2850 4404 sophistas
2906 4332 3064 4399 longe
3102 4326 3396 4382 celeberri-

1825 4445 1962 4485 mos.
2006 4427 2081 4481 Ex
2127 4426 2312 4480 Basilii
2336 4425 2534 4479 litteris
2568 4422 2943 4493 cognoscimus
2973 4433 3095 4473 eum
3130 4434 3157 4469 a
3190 4418 3395 4472 teucris

1831 4520 2066 4575 amicitia
2101 4518 2442 4588 coniunctum
2470 4515 2637 4570 fuisse
2665 4529 2786 4568 cum
2810 4511 3079 4582 Hesychio
3105 4521 3160 4564 et
3188 4510 3395 4563 Tereu-

1830 4617 1905 4670 tio
1937 4616 2032 4684 (bl,
2071 4627 2191 4667 cum
2218 4609 2542 4679 ‘Sophronio
2595 4607 2891 4662 olliciorum
2954 4605 3211 4674 magistro
3242 4602 3312 4673 (ε)
3348 4610 3401 4655 et

1831 4705 2061 4760 Eusebio
2077 4704 2304 4771 quodam
2328 4702 2579 4769 episcopo
2614 4698 2712 4769 (ά).
2754 4697 3014 4752 Cmsareae
3039 4696 3280 4751 eamdem
3311 4695 3407 4747 do-

1835 4810 1981 4851 mum
2014 4795 2201 4849 habuit
2230 4808 2293 4846 ac
2320 4793 2407 4846 ille
2441 4790 2763 4859 Hesychius.
2792 4789 2925 4842 Cum
2959 4787 3189 4842 Eusebio
3218 4785 3398 4840 omnia

1836 4888 1883 4941 ei
1905 4884 2210 4941 communia
2238 4883 2474 4936 fuerunt.
2519 4879 2625 4934 Sed
2648 4894 2754 4948 qua
2791 4880 2842 4933 in
2889 4879 3021 4932 urbe
3056 4877 3212 4931 simul
3256 4876 3405 4929 vixe-

1838 4979 1967 5042 rint,
1990 4989 2213 5045 prorsus
2250 4974 2540 5027 nescimus.
2562 4970 2718 5025 Celso
2749 4969 2959 5024 Libanii
2994 4967 3255 5035 discipulo
3278 4979 3400 5035 per-

1838 5070 2011 5124 suasit
2042 5067 2271 5122 Basilius
2305 5073 2362 5118 ut
2385 5078 2567 5118 secum
2606 5062 2847 5116 Athenas
2895 5059 3103 5113 veniret
3133 5058 3226 5129 (e),
3256 5058 3298 5111 si
3331 5066 3410 5108 ta-

1840 5176 1960 5214 men
2010 5157 2219 5212 Libanii
2268 5156 2333 5210 ad
2378 5154 2635 5208 Basiliuni
2687 5152 2881 5205 litteris
2913 5150 3217 5204 adhibenda
3244 5147 3406 5213 ﬁdes.

1843 5250 2111 5306 lulianum
2146 5245 2585 5313 Perazquatorem
2626 5241 2915 5310 Gregorius
2945 5239 3312 5293 Naiianzenus
3342 5236 3411 5307 (f)

1848 5342 2051 5398 socium
2092 5339 2284 5393 habuit
2312 5336 2611 5393 studiorum
2644 5355 2654 5390 :
2694 5332 2833 5402 quod
2863 5331 2998 5387 forte
3024 5331 3069 5384 ei
3100 5345 3219 5384 cum
3260 5328 3409 5384 Basi-
