3820 6210
382 374 459 417 xtt
1766 359 2295 417 PROLEGOMENA.

388 477 462 533 lio
515 494 799 535 commune
841 480 958 535 fuit.
1012 480 1079 533 At
1133 492 1237 534 n‘on
1286 480 1506 535 dubtttm
1550 482 1679 550 quin
1739 484 1951 551 utrique
1983 487 2030 541 Α
2059 497 2253 535 annum
2283 480 2386 534 35?.
2442 489 2531 533 aut
2568 481 2672 534 545
2718 480 3017 535 referenda.
3056 480 3426 549 Quot‘autem
3454 494 3629 535 annos

392 570 620 626 Athenis
659 574 905 643 cognitus
956 572 1117 626 fuerit
1170 571 1417 627 Julianus
1467 574 1792 641 imperator:
1843 590 1959 643 per-

390 662 571 731 spicua
602 677 687 716 res
725 672 808 718 cst
840 678 905 717 ex
943 662 1190 732 Gregorii
1232 664 1554 719 testimoniis
1606 662 1706 734 (a),
1734 680 1831 718 nec
1869 681 1955 719 ne-

389 768 540 807 cesse
568 763 725 809 estut
746 754 1100 809 conﬁrmetur
1125 754 1310 811 Basilii
1337 756 1402 810 ad
1437 754 1709 809 lulianum
1743 765 1835 808 aut
1867 754 1960 811 Ju-

390 848 515 901 liaui
555 847 622 901 ad
660 846 911 901 Basilium
944 847 1185 917 epistola:
1213 848 1557 903 auctoritate.
1599 847 1833 903 Charum
1855 848 1961 919 sibi

390 939 459 991 ab
482 937 840 994 adolescentia
867 939 1032 994 fuisse
1052 939 1311 995 Basilium
1334 940 1574 995 declarat
1598 938 1845 994 Julianus
1865 940 1960 1008 (b).

392 1027 497 1081 Sed
534 1028 726 1082 mirum
755 1044 850 1083 cur
884 1030 1110 1085 Basilius
1154 1045 1337 1085 sacras
1366 1047 1425 1087 se
1487 1047 1606 1086 cum
1635 1030 1845 1085 Juliano
1876 1030 1965 1084 lit-

394 1127 540 1173 teras
589 1120 843 1177 didicisse
885 1130 1116 1176 testetur
1162 1121 1255 1192 (c).
1298 1121 1490 1177 Utrum
1538 1123 1589 1176 id
1629 1122 1853 1177 Athenis
1887 1122 1966 1175 l'a-

392 1220 537 1263 ctum
574 1210 861 1268 dicemus?
888 1223 943 1267 at
974 1225 1099 1269 tunc
1140 1215 1381 1284 profanis
1405 1216 1596 1271 studiis
1626 1231 1842 1285 operam
1872 1216 1967 1269 da-

393 1300 543 1355 bant.
586 1301 778 1358 Utrum
814 1304 866 1358 in
903 1304 1279 1374 Cappadocia?
1334 1316 1542 1375 tempus
1583 1307 1797 1376 quidem
1834 1322 1966 1375 qua-

396 1393 537 1449 drat.
570 1392 707 1447 Nam
746 1394 889 1449 circa
919 1410 1121 1449 annum
1148 1396 1275 1461 545,
1322 1412 1430 1465 quo
1462 1406 1702 1466 tempore
1739 1397 1967 1452 Basilius

396 1486 609 1541 videtur
631 1486 796 1542 fuisse
821 1486 1101 1553 Caesareae,
1143 1487 1391 1545 Julianus
1415 1491 1467 1544 in
1501 1491 1777 1545 castellum
1802 1506 1969 1561 pr0pe

402 1576 709 1631 Caesaream
742 1579 1008 1635 deductus
1032 1579 1151 1644 fuit,
1183 1579 1269 1634 ubi
1298 1595 1419 1635 cum
1455 1580 1607 1634 Gallo
1651 1580 1817 1633 fratre
1875 1596 1968 1635 sex

400 1680 569 1719 annos
605 1668 844 1723 traduxit
884 1670 997 1737 (tl).
1039 1668 1147 1723 Sed
1199 1684 1320 1723 cum
1358 1669 1426 1723 ibi
1470 1669 1705 1724 inclusus
1737 1670 1804 1723 ab
1824 1670 1969 1724 omni

400 1756 684 1824 aequalium
704 1760 1091 1813 consuetudine
1128 1771 1515 1824 removeretur,
1542 1761 1696 1829 copia
1726 1776 1831 1815 non
1854 1770 1971 1815 erat

402 1855 599 1901 uteum
623 1847 851 1904 Basilius
871 1851 1094 1907 videret.
1123 1852 1320 1906 Verum
1363 1854 1445 1907 his
1478 1853 1655 1906 Basilii
1695 1853 1761 1906 ad
1799 1852 1967 1907 Julia-
1999 1830 2044 1891 Β

404 1955 529 1992 num
561 1950 612 1994 et
637 1937 835 1995 Juliani
868 1942 932 1995 ad
962 1941 1213 1997 Basilium
1248 1943 1443 1997 litteris
1478 1958 1585 1997 non
1624 1944 1847 1998 multum
1876 1944 1971 1997 tri-

400 2032 488 2087 bui
518 2033 693 2090 debet.

487 2123 537 2177 ν’.
571 2122 795 2179 Videtur
829 2124 1056 2181 Athenis
1100 2127 1301 2195 scripta
1356 2128 1538 2183 Basilii
1582 2129 1649 2181 ad
1693 2127 1961 2195 Apollina-

406 2217 543 2269 rium
581 2216 828 2286 epistola,
862 2231 985 2287 qua:
1011 2218 1112 2273 etsi
1148 2235 1177 2271 a
1207 2219 1344 2275 laico
1374 2220 1441 2274 ad
1472 2220 1668 2275 laicum
1700 2220 1973 2274 scribeba-

406 2320 512 2373 tur,
550 2324 648 2363 nee
678 2309 967 2378 quidquam
1004 2311 1237 2367 habebat
1280 2311 1383 2365 nisi
1419 2312 1649 2365 amicam
1691 2311 1973 2365 salutatio-

402 2416 546 2464 nem,
570 2399 768 2470 elapsis
795 2411 970 2457 tamen
1004 2404 1159 2457 annis
1198 2402 1383 2472 viginti
1421 2404 1488 2458 ab
1514 2402 1793 2459 Eustathio
1825 2402 1975 2456 adul-

404 2502 597 2557 terata,
637 2504 691 2547 et
729 2495 796 2547 ad
830 2494 1085 2549 invidiam
1114 2494 1312 2550 Basilio
1338 2495 1629 2550 creandatn
1661 2510 1856 2564 magno
1886 2509 1975 2549 so-

402 2586 517 2638 nitu
551 2586 754 2655 jactata
781 2596 861 2639 est
900 2587 995 2657 (ε).
1038 2586 1270 2641 Basilius
1307 2587 1359 2640 in
1401 2586 1626 2656 epistola
1662 2586 1797 2651 223,
1835 2602 1890 2640 n.
1919 2586 1973 2651 4,

401 2690 520 2745 qua:
558 2675 756 2744 scripta
781 2685 864 2730 est
892 2691 1033 2732 anno
1062 2676 1169 2731 575
1197 2686 1449 2741 exeunte,
1496 2678 1783 2746 scripsisse
1812 2694 1869 2732 se
1892 2678 1975 2732 di—

401 2768 476 2820 cit
500 2766 834 2835 Apollinario
864 2778 990 2823 ante
1021 2784 1194 2823 annos
1218 2770 1403 2839 viginti
1426 2777 1480 2823 et
1501 2769 1747 2837 amplius.
1776 2767 1975 2823 Ibidem

406 2860 597 2914 iterum
628 2870 948 2916 occurrente
984 2860 1148 2929 hujus
1180 2861 1257 2915 rei
1309 2863 1581 2916 mentione
1626 2862 1818 2931 viginti
1858 2872 1976 2916 tan-

406 2961 518 3006 tum
554 2953 679 3006 anni
710 2962 1081 3007 numerantur.
1112 2952 1167 3006 In
1196 2953 1420 3022 epistola
1459 2960 1641 3007 autem
1669 2952 1796 3018 2'26,
1827 2969 1974 3007 num.

407 3044 460 3105 «l,
495 3053 619 3098 ante
667 3060 837 3099 annos
878 3046 1061 3113 viginti
1117 3047 1218 3100 hoc
1258 3060 1289 3099 a
1338 3059 1397 3100 se
1440 3044 1639 3099 factum
1668 3046 1973 3100 conlitetur.

408 3139 477 3186 At
504 3136 557 3189 in
588 3135 813 3205 epistola
841 3134 965 3201 “224,
1000 3154 1052 3188 ιι.
1086 3136 1142 3200 2,
1166 3136 1391 3207 legimus
1428 3146 1550 3190 ante
1585 3153 1749 3190 annos
1796 3136 1977 3207 viginti

407 3228 653 3296 quinque,
695 3226 801 3298 πρὸ
824 3228 899 3279 κε’
927 3227 1083 3291 ἐτῶν,
1118 3228 1210 3285 sed
1247 3226 1529 3297 legendum
1556 3238 1684 3295 puto
1712 3227 1835 3280 utin
1860 3226 1978 3281 aliis

412 3319 543 3374 locis
571 3331 695 3373 ante
729 3337 893 3373 annos
930 3321 1132 3389 viginti.
1165 3319 1411 3375 Proclive
1440 3320 1587 3373 enim
1614 3320 1712 3374 fuit
1744 3319 1979 3374 librariis

408 3411 642 3465 litteram
681 3429 730 3475 ε,
760 3427 878 3481 qum
917 3422 1227 3480 sequentem
1277 3426 1465 3466 vocem
1502 3410 1814 3480 incipiebat,
1857 3426 1978 3464 cum

409 3504 503 3558 illo
531 3521 566 3555 κ
591 3501 938 3573 conjungere,
978 3504 1162 3571 sicque
1200 3518 1482 3559 numerum
1523 3503 1711 3572 viginti
1742 3502 1978 3571 quinque

410 3610 677 3648 annorum
717 3594 993 3664 elliugere.
1043 3596 1101 3648 Si
1140 3610 1268 3663 ergo
1318 3609 1459 3649 anno
1482 3594 1588 3649 375
1614 3604 1843 3648 exeunte
1868 3592 1977 3661 jam

407 3686 584 3739 exacti
614 3696 768 3740 erant
795 3686 921 3738 antti
968 3686 1174 3755 viginti,
1212 3701 1277 3741 ex
1299 3701 1405 3754 quo
1438 3684 1667 3740 Basilius
1690 3686 1981 3753 scripserat

408 3777 765 3845 Apollinario,
799 3779 937 3834 hanc
965 3778 1247 3849 epistolam
1282 3778 1519 3832 scribere
1547 3792 1650 3830 non
1684 3777 1853 3843 potuit
1880 3777 1979 3831 nisi

408 3870 656 3933 Athenis,
681 3886 824 3925 anno
855 3872 1060 3926 scilicet
1092 3869 1197 3923 551
1220 3879 1467 3933 exeunte,
1498 3878 1587 3922 aut
1610 3868 1824 3922 ineunte
1853 3868 1976 3922 555.

479 3963 622 4027 Quot
658 3978 829 4019 annos
879 3964 1141 4018 Caesarea:
1178 3962 1408 4016 Basilius
1462 3960 1799 4024 traduxerit,
1850 3972 1981 4029 quot

410 4054 914 4121 Constantinopoli,
966 4070 1072 4122 quo
1108 4054 1347 4107 Athenas
1387 4067 1526 4107 anno
1567 4051 1799 4120 petierit,
1846 4052 1981 4107 dilli-

412 4148 515 4201 cile
543 4157 627 4203 est
652 4147 941 4216 conjicere.
979 4146 1201 4200 Videtur
1225 4143 1530 4199 Caesaream
1564 4146 1763 4200 missus
1787 4184 1802 4209 ,
1855 4159 1978 4199 cum

405 4240 517 4305 jam
552 4240 815 4306 optimum
854 4238 1171 4309 magistrum
1204 4236 1476 4291 amisisset
1519 4245 1726 4304 patrem
1756 4253 1769 4288 :
1808 4251 1981 4305 neque

408 4332 552 4385 enim
590 4346 654 4386 eo
689 4330 809 4385 vivo
838 4347 900 4385 ac
930 4345 1141 4384 summa
1170 4328 1489 4383 celebritate
1526 4326 1851 4381 rhetoricam
1884 4330 1980 4382 do—

408 4432 585 4489 cente,
640 4423 707 4476 ad
752 4422 885 4475 alias
942 4421 1181 4485 scholas,
1214 4420 1403 4473 saltem
1456 4429 1562 4473 tam
1605 4419 1736 4486 cito,
1784 4423 1981 4475 missus

2064 576 2227 629 luerit
2260 574 2549 637 Cmsareaa,
2584 574 2635 627 id
2662 615 2677 636 ,
2709 583 2766 627 ut
2791 573 2901 642 jam
2926 574 3059 636 dixi,
3092 572 3239 627 nullo
3264 582 3440 627 exstat
3468 573 3636 625 vestis

2063 668 2169 738 gio.
2218 666 2364 721 Idem
2395 666 2500 721 dici
2555 674 2733 735 potest
2764 666 2827 719 de
2853 664 3043 720 studiis
3082 664 3634 733 Constantinopolita-

2064 760 2165 813 uis.
2212 758 2363 825 Quod
2414 767 2596 811 autem
2634 764 2851 826 spectat
2891 757 2957 810 ad
2985 756 3250 823 Athenas,
3283 771 3347 811 eo
3373 755 3633 809 Basilium

2064 850 2273 905 venisse
2306 858 2460 918 putat
2501 847 2882 903 Tillemontius
2911 862 3053 901 anno
3085 848 3181 901 55l
3205 887 3219 911 ,
3258 848 3385 916 quia
3422 846 3632 916 Grego-

2066 942 2178 996 rius
2212 941 2306 1010 qui
2341 940 2502 1009 paulo
2528 948 2654 993 ante
2684 937 2942 993 Basilium
2984 939 3036 991 in
3078 939 3221 992 hanc
3250 938 3434 991 urbem
3463 938 3629 990 adve—

2066 1034 2165 1098 nit,
2190 1032 2486 1087 imberbcm
2519 1047 2577 1087 se
2602 1032 2815 1086 venisse
2848 1029 3174 1100 declarat(f)
3191 1044 3253 1083 ac
3281 1028 3505 1097 proinde
3536 1043 3640 1081 an-

2067 1140 2165 1180 nos
2197 1135 2387 1179 natum
2418 1125 2637 1179 circiter
2656 1124 2745 1177 22.
2769 1123 2983 1177 Certior
3004 1122 3207 1177 reditus
3237 1136 3301 1176 ex
3337 1122 3437 1175 hac
3467 1122 3636 1174 urbe:

2067 1230 2171 1269 non
2212 1215 2357 1269 enim
2390 1215 2549 1269 citius
2584 1214 2808 1283 contigit
2864 1230 3006 1267 anno
3034 1213 3139 1268 555
3173 1222 3402 1267 exeunte
3430 1220 3520 1264 aut
3553 1212 3639 1264 irt-

2066 1320 2231 1363 euntc
2284 1308 2413 1375 556,
2448 1306 2713 1375 siquidem
2768 1306 2841 1359 ibi
2886 1305 3019 1359 vidit
3063 1304 3290 1357 Basilius
3327 1302 3637 1364 Julianum,

2086 1402 2176 1470 qui
2212 1401 2263 1454 in
2294 1400 2435 1454 hanc
2470 1399 2655 1452 urbem
2681 1397 2825 1451 venit
2855 1397 2968 1465 jam
3003 1397 3177 1450 media
3208 1404 3358 1463 parte
3388 1396 3509 1447 anni
3535 1394 3642 1447 555

2076 1493 2283 1562 elapsa.
2320 1492 2505 1560 Neque
2532 1492 2693 1546 etiam
2728 1489 3068 1559 serius,quia
3095 1487 3330 1557 spatium
3364 1486 3503 1539 inter
3522 1493 3643 1539 stu-

2068 1584 2481 1638 dialitterarum
2536 1593 2589 1637 et
2633 1582 2996 1637 sacerdotium
3031 1579 3194 1634 nimis
3235 1579 3483 1632 contrahi
3533 1592 3643 1632 non

2071 1676 2275 1744 patitur
2303 1690 2485 1730 rerum
2516 1674 2695 1728 Basilii
2721 1684 2995 1743 gestarum
3026 1671 3336 1726 multitudo.

2681 1785 2907 1841 CAPUT
2941 1785 3029 1840 lll.

2073 1902 2112 1956 Ι.
2152 1902 2381 1956 Sanctus
2411 1900 2642 1955 Basilius
2683 1901 2735 1952 in
2776 1900 3001 1965 patriam
3039 1899 3169 1951 redit
3200 1909 3245 1951 et
3270 1914 3435 1952 acerne
3464 1896 3647 1950 mundi

2146 1973 2352 2039 aliquid
2396 1971 2601 2024 tribuit.
2630 1970 2692 2022 ll.
2734 1968 3012 2039 Probabile
3042 1980 3115 2021 est
3139 1986 3253 2021 eum
3276 1981 3386 2037 post
3426 1969 3648 2021 reditum

2150 2037 2477 2105 baptizatum
2524 2041 2707 2108 fuisse.
2754 2038 2840 2093 Ill.
2900 2037 3225 2090 Naucratius
3275 2040 3419 2093 illius
3475 2042 3645 2108 frater

2150 2115 2400 2166 moritur.
2428 2107 2530 2165 IV.
2551 2109 2724 2163 Vitam
2757 2109 3098 2161 monasticam
3125 2108 3350 2159 Basilius
3379 2107 3650 2174 amplecti-

2150 2192 2259 2243 tur,
2289 2194 2334 2235 et
2371 2181 2596 2235 Orientis
2639 2197 2701 2232 ac
2730 2178 2949 2245 Afgypti
2994 2180 3309 2229 monasteria
3344 2178 3538 2229 invisit.

2151 2252 2491 2304 Alexandria:
2525 2250 2705 2302 morbo
2736 2244 2975 2301 detentus
3005 2248 3181 2300 scribit
3220 2245 3519 2299 Eustathio.
3559 2244 3644 2297 Vl.

2154 2322 2361 2401 Secedit
2396 2323 2450 2373 in
2485 2318 2743 2373 Pontum.
2784 2318 2981 2370 {rustra
3012 2318 3159 2369 illum
3196 2317 3487 2369 retrahentc
3519 2314 3649 2368 Gre-

2144 2408 2311 2459 goria.

2146 2506 2185 2558 l.
2208 2503 2437 2557 Basilius
2454 2503 2618 2571 igitur
2636 2512 2686 2556 et
2704 2500 2994 2567 Gregorius
3019 2498 3215 2569 (g),ubi
3237 2495 3496 2551 doctrina:
3513 2509 3652 2548 mer-

2083 2598 2236 2651 cibus
2267 2611 2457 2649 uavcm
2491 2610 2641 2649 suam
2677 2604 2929 2646 onustam
2958 2591 3225 2655 viderunt,
3260 2589 3436 2643 redire
3471 2587 3523 2639 in
3556 2599 3652 2654 pa-

2088 2691 2252 2744 triam
2284 2699 2613 2752 statuerunt,
2650 2696 2707 2738 ut
2750 2685 2880 2739 inita
2934 2683 3224 2737 sanctioris
3261 2679 3491 2733 instituti
3522 2692 3653 2731 con-

2080 2781 2198 2835 silia
2248 2780 2591 2849 perlicerent.
2638 2779 2838 2831 Aderat
2890 2776 3161 2830 discessus
3198 2772 3349 2826 dies:
3397 2769 3489 2823 sed
3523 2774 3653 2838 quia

2086 2872 2241 2940 longe
2268 2868 2709 2923 molestissimum
2747 2881 2866 2921 esse
2892 2865 3101 2920 solebat
3135 2863 3377 2917 Athenas
3407 2870 3459 2915 et
3490 2858 3650 2912 soda-

2082 2963 2158 3018 les
2200 2963 2536 3029 relinquere;
2587 2969 2695 3012 tum
2738 2974 2859 3012 eum
2896 2957 3282 3020 valedicereut,
3341 2953 3656 3007 circumstat

2086 3070 2179 3109 eos
2226 3053 2488 3106 sodalium
2526 3061 2580 3104 et
2608 3048 2935 3117 _:cqualium,
2972 3062 3034 3102 ac
3082 3047 3459 3117 magistrorum
3488 3042 3651 3093 etiam

2087 3142 2465 3196 nonnullorum
2500 3140 2719 3201 chorus,
2745 3152 2809 3191 ac
2846 3137 3096 3204 precibus
3141 3144 3195 3190 et
3222 3132 3477 3202 querelis,
3517 3130 3644 3182 hor-

2089 3234 2267 3295 tando,
2303 3243 2353 3285 ct
2381 3231 2483 3283 vim
2505 3229 2752 3282 faciendo
2784 3227 2999 3281 illorum
3032 3226 3263 3279 reditum
3294 3220 3655 3277 intercludere

2089 3332 2375 3378 conantur.
2410 3322 2484 3373 Ac
2520 3318 2748 3371 Basilius
2792 3316 3007 3384 quidem
3042 3314 3157 3368 ltch
3190 3312 3425 3367 claustra
3462 3323 3655 3377 perru-

2092 3416 2188 3486 pit,
2243 3425 2297 3468 et
2344 3412 2577 3466 abeundi
2615 3410 2825 3462 veniam
2875 3407 3218 3475 impetravit,
3268 3402 3514 3473 quamvis
3548 3417 3653 3455 non

2090 3510 2204 3561 sine
2250 3506 2483 3559 maxima
2532 3502 2899 3557 dimicatione.
2939 3500 3007 3552 At
3042 3497 3336 3567 Gregorius
3370 3495 3538 3547 vietus
3571 3501 3657 3545 est

2089 3599 2282 3669 partim
2302 3597 2598 3650 amicorum
2626 3593 2878 3662 precibus
2899 3601 2954 3645 et
2970 3589 3244 3659 lacrytnis,
3264 3587 3457 3655 partim
3492 3584 3656 3638 etiam

2092 3690 2239 3744 illum
2274 3686 2532 3757 prodente
2562 3684 2759 3738 Basilio
2789 3682 2891 3751 (sic
2920 3681 3059 3735 enim
3089 3681 3199 3747 ipse
3221 3676 3473 3730 Basilium
3504 3674 3661 3726 incu-

2090 3782 2194 3850 sat)
2225 3790 2278 3835 et
2313 3793 2533 3847 operam
2569 3775 2971 3830 retrahentibus
3013 3781 3265 3824 navante.
3301 3769 3501 3822 Invitus
3524 3780 3653 3834 ergo

2089 3872 2316 3927 Athenis
2349 3871 2608 3924 remansit
2640 3867 2953 3937 Gregorius,
2987 3865 3077 3918 sed
3102 3877 3223 3918 cum
3245 3864 3331 3915 diu
3368 3862 3433 3913 ah
3465 3860 3660 3911 animae

2090 3979 2199 4019 sua:
2225 3960 2445 4016 dimidio
2482 3956 2660 4013 divelli
2693 3971 2798 4011 non
2827 3963 3031 4024 posset,
3080 3967 3141 4005 ac
3166 3959 3448 4019 parentum
3475 3954 3529 4000 et
3557 3958 3656 4013 ινιτ

2094 4056 2208 4109 trite
2242 4051 2512 4109 desiderio
2549 4050 2686 4104 ictus
2729 4056 2895 4113 esset,
2928 4060 3031 4099 non
3080 4044 3247 4096 multo
3278 4049 3400 4110 post
3428 4034 3659 4092 Athenis

2089 4147 2227 4202 clam
2262 4159 2319 4199 se
2355 4141 2611 4197 subduxit
2646 4149 2699 4195 et
2726 4139 2779 4193 in
2804 4138 3034 4208 patriam
3066 4133 3345 4190 remeavit.

2162 4237 2342 4292 Rediit
2390 4247 2599 4290 summa
2633 4233 2913 4287 celeritate
2946 4229 3176 4283 Basilius
3222 4226 3341 4295 (It):
3382 4223 3654 4277 Constan-

2092 4330 2395 4401 tinopolim,
2429 4327 2577 4381 velut
2627 4326 2847 4395 Ulysses
2889 4323 3140 4377 Sirenum
3187 4328 3399 4381 cantus,
3430 4323 3659 4386 praeter-

2096 4425 2196 4477 iit:
2236 4420 2655 4476 admirationem
2697 4416 2839 4471 illius
2862 4414 3156 4470 commovit
3200 4411 3323 4464 Asia
3350 4449 3364 4474 ,
3393 4409 3486 4463 sed
3536 4421 3656 4461 ma-

410 4514 619 4569 luisset.
658 4512 713 4567 ια
743 4522 921 4566 autem
950 4513 1223 4580 probabile
1264 4523 1347 4567 est
1383 4510 1676 4578 contigisse
1706 4511 1847 4564 circa
1886 4526 1981 4565 an-
2012 4538 2061 4596 ι)
2089 4516 2208 4585 guis
2241 4511 2526 4569 itincribus
2546 4510 2849 4565 Caesaream
2877 4506 3290 4561 contendentem
3324 4500 3520 4555 morari
3550 4514 3659 4553 non

410 4620 537 4658 num
560 4604 665 4658 542
695 4615 788 4657 aut
821 4604 944 4657 545.
972 4604 1103 4658 Nam
1129 4604 1371 4669 Petrum,
1392 4604 1480 4673 qui
1504 4602 1659 4670 paulo
1687 4613 1810 4655 ante
1840 4618 1985 4657 mor-

414 4709 520 4752 tem
559 4698 731 4765 patris
775 4697 827 4749 in
861 4698 1034 4752 lucem
1074 4697 1248 4751 editus
1285 4704 1387 4759 est,
1429 4696 1804 4763 presbyterum
1841 4694 1986 4747 ordi-

412 4788 562 4841 navit
595 4786 828 4841 Basilius
852 4788 905 4841 in
934 4786 1246 4855 primordiis
1272 4785 1633 4854 episcopatus,
1665 4791 1721 4836 ut
1741 4781 1883 4837 infra
1907 4783 1981 4837 vi-

410 4877 678 4931 debimus.
722 4874 855 4928 Cum
880 4884 1059 4929 autem
1102 4876 1250 4941 leges
1300 4872 1717 4935 ecclesiasticae,
1751 4886 1982 4939 quarum

408 4978 530 5020 erat
552 4968 995 5022 servantissimus
1017 4965 1265 5028 Basilius,
1288 4980 1459 5019 annos
1493 4964 1713 5033 triginta
1745 4966 1809 5017 ad
1864 4978 1985 5033 pre-

418 5060 617 5127 sbyteri
642 5060 862 5124 gradum
891 5059 1251 5127 requirerent,
1273 5057 1643 5111 hancwtatcm
1672 5057 1870 5110 habere
1893 5056 1985 5110 de-

411 5153 528 5206 buit
556 5151 751 5206 Petrus
780 5153 831 5205 in
861 5152 1172 5221 primordiis
1216 5150 1559 5218 episc0patus
1586 5151 1649 5207 S.
1689 5149 1894 5212 Basilii,
1930 5148 1982 5202 id

412 5254 494 5299 est
528 5246 670 5299 circa
704 5260 904 5299 annum
945 5243 1049 5298 572
1107 5253 1200 5296 aut
1249 5242 1354 5295 575
1386 5280 1400 5305 ,
1442 5256 1506 5295 ac
1543 5242 1770 5310 proinde
1830 5249 1983 5293 ortus

414 5339 581 5403 Petri,
619 5353 764 5393 mors
803 5338 972 5407 patris
998 5378 1011 5404 ,
1049 5336 1228 5392 Basilii
1285 5336 1586 5390 Caesaream
1618 5332 1882 5405 profectio
1914 5332 1981 5387 ad

484 5519 557 5587 (α)
585 5518 729 5572 Orat.
760 5518 813 5574 4.

484 5593 560 5656 (υ)
597 5590 691 5655 np.
720 5590 805 5641 to.

484 5662 551 5725 lc)
596 5662 687 5725 Ep.
721 5660 806 5712 tt.

485 5732 564 5792 (τί)
588 5730 775 5798 Julian:
814 5747 887 5794 ep.
920 5732 984 5779 arl
1018 5730 1206 5780 git/mn.

485 5802 555 5863 te)
595 5802 665 5859 [5n
721 5796 841 5865 Sili,
881 5819 930 5857 n.
974 5801 1025 5863 ‘2,
1057 5815 1119 5867 cp
1170 5799 1296 5861 “1‘26,
1336 5814 1383 5851 rt.
1417 5796 1474 5848 εί.

2086 4607 2280 4677 potuit.
2347 4601 2756 4658 Perhonoriﬁce
2802 4616 2829 4651 a
2877 4596 3300 4651 Ca-saricnsihus
3351 4602 3612 4659 exceptus
3640 4630 3656 4655 ,

2085 4712 2260 4754 scenze
2286 4695 2471 4751 mundi
2505 4692 2709 4761 aliquid
2736 4690 2921 4744 tribuit
2952 4688 3177 4751 invitus,
3214 4687 3327 4740 sive
3354 4682 3493 4753 quod
3535 4683 3658 4735 rhe-

2089 4790 2311 4845 toricam
2355 4785 2602 4841 docuerit
2628 4784 2906 4845 Caesareae,
2946 4782 3087 4848 quod
3128 4794 3322 4832 munus
3350 4776 3495 4828 illum
3542 4789 3657 4826 ma-

2085 4882 2284 4951 gniﬁce
2314 4876 2644 4939 exercuisse,
2683 4873 3008 4939 Gregorium
3049 4884 3175 4923 vero
3223 4866 3657 4937 magniﬁcentius

2087 4969 2477 5039 contempsisse
2526 4975 2715 5021 narrat
2764 4962 3121 5032 Bulinus(i):
3156 4963 3267 5015 sive
3296 4960 3456 5028 quod,
3502 4968 3557 5010 ut
3590 4958 3655 5012 de

2089 5078 2149 5118 se
2185 5063 2300 5132 ipse
2332 5069 2565 5115 testatur
2597 5058 2910 5128 Gregorius,
2951 5055 3294 5125 poscentibus
3328 5052 3555 5114 civibus,
3598 5057 3657 5103 ut

2094 5158 2461 5219 comportatas
2493 5147 2560 5202 ab
2594 5147 2797 5203 exteris
2825 5145 3130 5213 regionibus
3145 5159 3272 5212 opes
3296 5144 3651 5209 depromeret,

2094 5239 2297 5309 ingenii
2336 5240 2415 5293 sui
2445 5240 2739 5309 specimina
2777 5239 3041 5305 denegare
3069 5251 3174 5289 non
3215 5234 3463 5303 potuerit.
3502 5228 3653 5281 Illum

2093 5340 2241 5386 certe
2266 5331 2445 5402 patria
2484 5331 2627 5384 velut
2656 5330 2888 5384 alterum
2929 5329 3261 5383 conditorem
3288 5337 3343 5381 ct
3372 5335 3625 5379 conserva
