  <div class='ocr_page' id='page_1' title='image "/cluster/home/n/w/nwhite01/storage/ocr_20150623/29/nnc1.0046978755/020.png"; bbox 0 0 3820 6210; ppageno 0'>
   <div class='ocr_carea' id='block_1_1' title="bbox 1513 269 2072 327">
    <p class='ocr_par' dir='ltr' id='par_1_1' title="bbox 1513 269 2072 327">
     <span class='ocr_line' id='line_1_1' title="bbox 1513 269 2072 327; baseline -0.004 -3"><span class='ocrx_word' id='word_1_1' title='bbox 1513 269 1671 325; x_wconf 72' lang='lat' dir='ltr'><strong>VITA</strong></span> <span class='ocrx_word' id='word_1_2' title='bbox 1711 269 1769 327; x_wconf 88' lang='lat' dir='ltr'><strong>S.</strong></span> <span class='ocrx_word' id='word_1_3' title='bbox 1811 271 2072 327; x_wconf 79' lang='lat' dir='ltr'><strong>BASlLll.</strong></span> 
     </span>
    </p>
   </div>
   <div class='ocr_carea' id='block_1_2' title="bbox 3345 301 3442 338">
    <p class='ocr_par' dir='ltr' id='par_1_2' title="bbox 3345 301 3442 338">
     <span class='ocr_line' id='line_1_2' title="bbox 3345 301 3442 338; baseline 0.01 -1"><span class='ocrx_word' id='word_1_4' title='bbox 3345 301 3442 338; x_wconf 65' lang='lat' dir='ltr'><strong>Illl</strong></span> 
     </span>
    </p>
   </div>
   <div class='ocr_carea' id='block_1_3' title="bbox 175 387 3442 458">
    <p class='ocr_par' dir='ltr' id='par_1_3' title="bbox 175 387 3442 458">
     <span class='ocr_line' id='line_1_3' title="bbox 175 387 3442 458; baseline 0.001 -12"><span class='ocrx_word' id='word_1_5' title='bbox 175 401 378 458; x_wconf 88' lang='lat' dir='ltr'><strong>torem,</strong></span> <span class='ocrx_word' id='word_1_6' title='bbox 409 397 551 445; x_wconf 89' lang='lat' dir='ltr'><strong>teste</strong></span> <span class='ocrx_word' id='word_1_7' title='bbox 574 387 836 458; x_wconf 77' lang='lat' dir='ltr'><strong>Gregorio</strong></span> <span class='ocrx_word' id='word_1_8' title='bbox 862 387 964 458; x_wconf 72' lang='grc' dir='ltr'><strong>(ιι),</strong></span> <span class='ocrx_word' id='word_1_9' title='bbox 998 387 1276 458; x_wconf 77' lang='lat' dir='ltr'><strong>complexa</strong></span> <span class='ocrx_word' id='word_1_10' title='bbox 1309 397 1410 443; x_wconf 88' lang='lat' dir='ltr'><strong>est.</strong></span> <span class='ocrx_word' id='word_1_11' title='bbox 1445 387 1562 444; x_wconf 84' lang='lat' dir='ltr'><strong>Non</strong></span> <span class='ocrx_word' id='word_1_12' title='bbox 1583 389 1762 442; x_wconf 88' lang='lat' dir='ltr'><strong>minus</strong></span> <span class='ocrx_word' id='word_1_13' title='bbox 1803 393 1848 448; x_wconf 75' lang='grc' dir='ltr'><strong>Α</strong></span> <span class='ocrx_word' id='word_1_14' title='bbox 1878 389 1986 443; x_wconf 87' lang='lat' dir='ltr'><strong>lum</strong></span> <span class='ocrx_word' id='word_1_15' title='bbox 2027 408 2054 442; x_wconf 88' lang='lat' dir='ltr'><strong>a</strong></span> <span class='ocrx_word' id='word_1_16' title='bbox 2091 405 2148 444; x_wconf 90' lang='lat' dir='ltr'><strong>se</strong></span> <span class='ocrx_word' id='word_1_17' title='bbox 2193 392 2480 454; x_wconf 83' lang='lat' dir='ltr'><strong>discernat,</strong></span> <span class='ocrx_word' id='word_1_18' title='bbox 2513 391 2608 446; x_wconf 84' lang='lat' dir='ltr'><strong>sed</strong></span> <span class='ocrx_word' id='word_1_19' title='bbox 2649 393 2808 448; x_wconf 88' lang='lat' dir='ltr'><strong>ambo</strong></span> <span class='ocrx_word' id='word_1_20' title='bbox 2836 409 2900 448; x_wconf 88' lang='lat' dir='ltr'><strong>an</strong></span> <span class='ocrx_word' id='word_1_21' title='bbox 2950 397 3234 452; x_wconf 79' lang='lat' dir='ltr'><strong>ecclesiam</strong></span> <span class='ocrx_word' id='word_1_22' title='bbox 3279 400 3442 453; x_wconf 81' lang='lat' dir='ltr'><strong>ivisse</strong></span> 
     </span>
    </p>
   </div>
   <div class='ocr_carea' id='block_1_4' title="bbox 176 480 1770 550">
    <p class='ocr_par' dir='ltr' id='par_1_4' title="bbox 176 480 1770 550">
     <span class='ocr_line' id='line_1_4' title="bbox 176 480 1770 550; baseline -0.004 -10"><span class='ocrx_word' id='word_1_23' title='bbox 176 489 232 540; x_wconf 89' lang='lat' dir='ltr'><strong>ei</strong></span> <span class='ocrx_word' id='word_1_24' title='bbox 263 486 504 540; x_wconf 86' lang='lat' dir='ltr'><strong>honoris</strong></span> <span class='ocrx_word' id='word_1_25' title='bbox 555 481 742 537; x_wconf 80' lang='lat' dir='ltr'><strong>habuit</strong></span> <span class='ocrx_word' id='word_1_26' title='bbox 789 480 1136 536; x_wconf 69' lang='lat' dir='ltr'><strong>Neoctesarea</strong></span> <span class='ocrx_word' id='word_1_27' title='bbox 1186 482 1283 550; x_wconf 71' lang='grc' dir='ltr'><strong>(ὁ),</strong></span> <span class='ocrx_word' id='word_1_28' title='bbox 1323 495 1444 549; x_wconf 71' lang='lat' dir='ltr'><strong>qua:</strong></span> <span class='ocrx_word' id='word_1_29' title='bbox 1473 480 1674 550; x_wconf 77' lang='lat' dir='ltr'><strong>legatos</strong></span> <span class='ocrx_word' id='word_1_30' title='bbox 1702 481 1770 534; x_wconf 88' lang='lat' dir='ltr'><strong>ad</strong></span> 
     </span>
    </p>
   </div>
   <div class='ocr_carea' id='block_1_5' title="bbox 178 573 1766 643">
    <p class='ocr_par' dir='ltr' id='par_1_5' title="bbox 178 573 1766 643">
     <span class='ocr_line' id='line_1_5' title="bbox 178 573 1766 643; baseline -0.004 -12"><span class='ocrx_word' id='word_1_31' title='bbox 178 593 304 632; x_wconf 87' lang='lat' dir='ltr'><strong>eum</strong></span> <span class='ocrx_word' id='word_1_32' title='bbox 327 592 394 630; x_wconf 76' lang='lat' dir='ltr'><strong>ex</strong></span> <span class='ocrx_word' id='word_1_33' title='bbox 426 585 617 631; x_wconf 88' lang='lat' dir='ltr'><strong>senatu</strong></span> <span class='ocrx_word' id='word_1_34' title='bbox 645 574 814 639; x_wconf 90' lang='lat' dir='ltr'><strong>misit,</strong></span> <span class='ocrx_word' id='word_1_35' title='bbox 839 581 898 627; x_wconf 92' lang='lat' dir='ltr'><strong>ut</strong></span> <span class='ocrx_word' id='word_1_36' title='bbox 920 573 1216 641; x_wconf 80' lang='lat' dir='ltr'><strong>iuventutis</strong></span> <span class='ocrx_word' id='word_1_37' title='bbox 1236 587 1420 627; x_wconf 90' lang='lat' dir='ltr'><strong>curam</strong></span> <span class='ocrx_word' id='word_1_38' title='bbox 1447 573 1766 643; x_wconf 86' lang='lat' dir='ltr'><strong>susciperet.</strong></span> 
     </span>
    </p>
   </div>
   <div class='ocr_carea' id='block_1_6' title="bbox 183 667 1772 736">
    <p class='ocr_par' dir='ltr' id='par_1_6' title="bbox 183 667 1772 736">
     <span class='ocr_line' id='line_1_6' title="bbox 183 667 1772 736; baseline -0.003 -14"><span class='ocrx_word' id='word_1_39' title='bbox 183 670 328 736; x_wconf 79' lang='lat' dir='ltr'><strong>Quin</strong></span> <span class='ocrx_word' id='word_1_40' title='bbox 357 670 547 733; x_wconf 88' lang='lat' dir='ltr'><strong>etiam,</strong></span> <span class='ocrx_word' id='word_1_41' title='bbox 587 683 710 723; x_wconf 89' lang='lat' dir='ltr'><strong>cum</strong></span> <span class='ocrx_word' id='word_1_42' title='bbox 741 669 795 721; x_wconf 91' lang='lat' dir='ltr'><strong>in</strong></span> <span class='ocrx_word' id='word_1_43' title='bbox 845 668 986 722; x_wconf 88' lang='lat' dir='ltr'><strong>hanc</strong></span> <span class='ocrx_word' id='word_1_44' title='bbox 1027 668 1214 720; x_wconf 83' lang='lat' dir='ltr'><strong>urbem</strong></span> <span class='ocrx_word' id='word_1_45' title='bbox 1253 667 1532 730; x_wconf 88' lang='lat' dir='ltr'><strong>venisset,</strong></span> <span class='ocrx_word' id='word_1_46' title='bbox 1583 679 1772 719; x_wconf 90' lang='lat' dir='ltr'><strong>omnes</strong></span> 
     </span>
    </p>
   </div>
   <div class='ocr_carea' id='block_1_7' title="bbox 181 753 1768 824">
    <p class='ocr_par' dir='ltr' id='par_1_7' title="bbox 181 753 1768 824">
     <span class='ocr_line' id='line_1_7' title="bbox 181 753 1768 824; baseline -0.003 -11"><span class='ocrx_word' id='word_1_47' title='bbox 181 777 306 813; x_wconf 89' lang='lat' dir='ltr'><strong>eum</strong></span> <span class='ocrx_word' id='word_1_48' title='bbox 330 761 832 824; x_wconf 87' lang='lat' dir='ltr'><strong>circumsteterunt,</strong></span> <span class='ocrx_word' id='word_1_49' title='bbox 858 756 990 810; x_wconf 85' lang='lat' dir='ltr'><strong>nihil</strong></span> <span class='ocrx_word' id='word_1_50' title='bbox 1013 771 1121 809; x_wconf 89' lang='lat' dir='ltr'><strong>non</strong></span> <span class='ocrx_word' id='word_1_51' title='bbox 1143 753 1466 819; x_wconf 89' lang='lat' dir='ltr'><strong>deferentes,</strong></span> <span class='ocrx_word' id='word_1_52' title='bbox 1491 755 1623 808; x_wconf 82' lang='lat' dir='ltr'><strong>nihil</strong></span> <span class='ocrx_word' id='word_1_53' title='bbox 1661 771 1768 809; x_wconf 90' lang='lat' dir='ltr'><strong>non</strong></span> 
     </span>
    </p>
   </div>
   <div class='ocr_carea' id='block_1_8' title="bbox 183 845 1767 920">
    <p class='ocr_par' dir='ltr' id='par_1_8' title="bbox 183 845 1767 920">
     <span class='ocr_line' id='line_1_8' title="bbox 183 845 1767 920; baseline -0.005 -16"><span class='ocrx_word' id='word_1_54' title='bbox 183 851 509 920; x_wconf 71' lang='lat' dir='ltr'><strong>pollicentes</strong></span> <span class='ocrx_word' id='word_1_55' title='bbox 544 867 561 904; x_wconf 89' lang='lat'><strong>:</strong></span> <span class='ocrx_word' id='word_1_56' title='bbox 598 849 693 904; x_wconf 91' lang='lat' dir='ltr'><strong>sed</strong></span> <span class='ocrx_word' id='word_1_57' title='bbox 727 863 850 902; x_wconf 91' lang='lat' dir='ltr'><strong>eum</strong></span> <span class='ocrx_word' id='word_1_58' title='bbox 903 847 1142 902; x_wconf 89' lang='lat' dir='ltr'><strong>retinere</strong></span> <span class='ocrx_word' id='word_1_59' title='bbox 1187 861 1292 900; x_wconf 91' lang='lat' dir='ltr'><strong>nou</strong></span> <span class='ocrx_word' id='word_1_60' title='bbox 1321 853 1636 916; x_wconf 88' lang='lat' dir='ltr'><strong>potuerunt.</strong></span> <span class='ocrx_word' id='word_1_61' title='bbox 1675 845 1767 898; x_wconf 82' lang='lat' dir='ltr'><strong>Vi-</strong></span> 
     </span>
    </p>
   </div>
   <div class='ocr_carea' id='block_1_9' title="bbox 184 935 1771 1008">
    <p class='ocr_par' dir='ltr' id='par_1_9' title="bbox 184 935 1771 1008">
     <span class='ocr_line' id='line_1_9' title="bbox 184 935 1771 1008; baseline -0.004 -13"><span class='ocrx_word' id='word_1_62' title='bbox 184 943 384 995; x_wconf 85' lang='lat' dir='ltr'><strong>dentur</strong></span> <span class='ocrx_word' id='word_1_63' title='bbox 415 942 532 994; x_wconf 75' lang='lat' dir='ltr'><strong>htee</strong></span> <span class='ocrx_word' id='word_1_64' title='bbox 557 939 876 1008; x_wconf 73' lang='lat' dir='ltr'><strong>contigisse,</strong></span> <span class='ocrx_word' id='word_1_65' title='bbox 907 937 990 991; x_wconf 88' lang='lat' dir='ltr'><strong>vel</strong></span> <span class='ocrx_word' id='word_1_66' title='bbox 1015 952 1138 990; x_wconf 90' lang='lat' dir='ltr'><strong>cum</strong></span> <span class='ocrx_word' id='word_1_67' title='bbox 1169 936 1400 990; x_wconf 78' lang='lat' dir='ltr'><strong>Basilius</strong></span> <span class='ocrx_word' id='word_1_68' title='bbox 1431 935 1657 989; x_wconf 87' lang='lat' dir='ltr'><strong>Athenis</strong></span> <span class='ocrx_word' id='word_1_69' title='bbox 1693 948 1771 988; x_wconf 89' lang='lat' dir='ltr'><strong>re-</strong></span> 
     </span>
    </p>
   </div>
   <div class='ocr_carea' id='block_1_10' title="bbox 184 1027 1770 1096">
    <p class='ocr_par' dir='ltr' id='par_1_10' title="bbox 184 1027 1770 1096">
     <span class='ocr_line' id='line_1_10' title="bbox 184 1027 1770 1096; baseline -0.004 -13"><span class='ocrx_word' id='word_1_70' title='bbox 184 1032 316 1096; x_wconf 78' lang='lat' dir='ltr'><strong>dux,</strong></span> <span class='ocrx_word' id='word_1_71' title='bbox 375 1035 434 1085; x_wconf 84' lang='lat' dir='ltr'><strong>in</strong></span> <span class='ocrx_word' id='word_1_72' title='bbox 487 1029 665 1085; x_wconf 88' lang='lat' dir='ltr'><strong>Ponto</strong></span> <span class='ocrx_word' id='word_1_73' title='bbox 707 1029 942 1084; x_wconf 72' lang='lat' dir='ltr'><strong>visenda:</strong></span> <span class='ocrx_word' id='word_1_74' title='bbox 971 1027 1163 1080; x_wconf 82' lang='lat' dir='ltr'><strong>matris</strong></span> <span class='ocrx_word' id='word_1_75' title='bbox 1205 1043 1367 1081; x_wconf 89' lang='lat' dir='ltr'><strong>causa</strong></span> <span class='ocrx_word' id='word_1_76' title='bbox 1412 1035 1654 1079; x_wconf 89' lang='lat' dir='ltr'><strong>moratus</strong></span> <span class='ocrx_word' id='word_1_77' title='bbox 1688 1031 1770 1078; x_wconf 91' lang='lat' dir='ltr'><strong>est</strong></span> 
     </span>
    </p>
   </div>
   <div class='ocr_carea' id='block_1_11' title="bbox 187 1107 1768 1192">
    <p class='ocr_par' dir='ltr' id='par_1_11' title="bbox 187 1107 1768 1192">
     <span class='ocr_line' id='line_1_11' title="bbox 187 1107 1768 1192; baseline -0.002 -20"><span class='ocrx_word' id='word_1_78' title='bbox 187 1123 294 1192; x_wconf 83' lang='lat' dir='ltr'><strong>(vix</strong></span> <span class='ocrx_word' id='word_1_79' title='bbox 317 1121 466 1176; x_wconf 87' lang='lat' dir='ltr'><strong>enim</strong></span> <span class='ocrx_word' id='word_1_80' title='bbox 489 1121 713 1176; x_wconf 90' lang='lat' dir='ltr'><strong>dubium</strong></span> <span class='ocrx_word' id='word_1_81' title='bbox 750 1120 880 1188; x_wconf 91' lang='lat' dir='ltr'><strong>quin</strong></span> <span class='ocrx_word' id='word_1_82' title='bbox 909 1107 1264 1173; x_wconf 79' lang='lat' dir='ltr'><strong>liocoﬂicium</strong></span> <span class='ocrx_word' id='word_1_83' title='bbox 1303 1127 1428 1171; x_wconf 90' lang='lat' dir='ltr'><strong>tunc</strong></span> <span class='ocrx_word' id='word_1_84' title='bbox 1451 1117 1608 1170; x_wconf 87' lang='lat' dir='ltr'><strong>matri</strong></span> <span class='ocrx_word' id='word_1_85' title='bbox 1627 1131 1768 1184; x_wconf 72' lang='lat' dir='ltr'><strong>pra:-</strong></span> 
     </span>
    </p>
   </div>
   <div class='ocr_carea' id='block_1_12' title="bbox 186 1207 1770 1280">
    <p class='ocr_par' dir='ltr' id='par_1_12' title="bbox 186 1207 1770 1280">
     <span class='ocr_line' id='line_1_12' title="bbox 186 1207 1770 1280; baseline -0.003 -16"><span class='ocrx_word' id='word_1_86' title='bbox 186 1211 438 1280; x_wconf 86' lang='lat' dir='ltr'><strong>stiterit),</strong></span> <span class='ocrx_word' id='word_1_87' title='bbox 465 1211 551 1265; x_wconf 87' lang='lat' dir='ltr'><strong>vel</strong></span> <span class='ocrx_word' id='word_1_88' title='bbox 578 1225 700 1265; x_wconf 90' lang='lat' dir='ltr'><strong>cum</strong></span> <span class='ocrx_word' id='word_1_89' title='bbox 720 1210 946 1264; x_wconf 88' lang='lat' dir='ltr'><strong>docendi</strong></span> <span class='ocrx_word' id='word_1_90' title='bbox 981 1209 1120 1278; x_wconf 87' lang='lat' dir='ltr'><strong>apud</strong></span> <span class='ocrx_word' id='word_1_91' title='bbox 1151 1207 1512 1263; x_wconf 71' lang='lat' dir='ltr'><strong>Ctesarienses</strong></span> <span class='ocrx_word' id='word_1_92' title='bbox 1543 1221 1770 1261; x_wconf 91' lang='lat' dir='ltr'><strong>munere</strong></span> 
     </span>
    </p>
   </div>
   <div class='ocr_carea' id='block_1_13' title="bbox 189 1299 1770 1374">
    <p class='ocr_par' dir='ltr' id='par_1_13' title="bbox 189 1299 1770 1374">
     <span class='ocr_line' id='line_1_13' title="bbox 189 1299 1770 1374; baseline -0.004 -16"><span class='ocrx_word' id='word_1_93' title='bbox 189 1303 434 1372; x_wconf 89' lang='lat' dir='ltr'><strong>solutus,</strong></span> <span class='ocrx_word' id='word_1_94' title='bbox 485 1319 638 1374; x_wconf 87' lang='lat' dir='ltr'><strong>spem</strong></span> <span class='ocrx_word' id='word_1_95' title='bbox 695 1302 880 1373; x_wconf 83' lang='lat' dir='ltr'><strong>injecit</strong></span> <span class='ocrx_word' id='word_1_96' title='bbox 933 1299 1463 1356; x_wconf 68' lang='lat' dir='ltr'><strong>Neocaesariensibus</strong></span> <span class='ocrx_word' id='word_1_97' title='bbox 1516 1301 1598 1354; x_wconf 91' lang='lat' dir='ltr'><strong>sui</strong></span> <span class='ocrx_word' id='word_1_98' title='bbox 1650 1299 1770 1352; x_wconf 88' lang='lat' dir='ltr'><strong>alli-</strong></span> 
     </span>
    </p>
   </div>
   <div class='ocr_carea' id='block_1_14' title="bbox 191 1396 390 1454">
    <p class='ocr_par' dir='ltr' id='par_1_14' title="bbox 191 1396 390 1454">
     <span class='ocr_line' id='line_1_14' title="bbox 191 1396 390 1454; baseline -0.005 -2"><span class='ocrx_word' id='word_1_99' title='bbox 191 1396 390 1454; x_wconf 84' lang='lat' dir='ltr'><strong>ciendi.</strong></span> 
     </span>
    </p>
   </div>
   <div class='ocr_carea' id='block_1_15' title="bbox 263 1485 1766 1555">
    <p class='ocr_par' dir='ltr' id='par_1_15' title="bbox 263 1485 1766 1555">
     <span class='ocr_line' id='line_1_15' title="bbox 263 1485 1766 1555; baseline -0.008 -11"><span class='ocrx_word' id='word_1_100' title='bbox 263 1489 370 1544; x_wconf 90' lang='lat' dir='ltr'><strong>Sed</strong></span> <span class='ocrx_word' id='word_1_101' title='bbox 405 1487 592 1542; x_wconf 87' lang='lat' dir='ltr'><strong>mundi</strong></span> <span class='ocrx_word' id='word_1_102' title='bbox 617 1485 849 1541; x_wconf 82' lang='lat' dir='ltr'><strong>vinculis</strong></span> <span class='ocrx_word' id='word_1_103' title='bbox 878 1485 1170 1555; x_wconf 84' lang='lat' dir='ltr'><strong>constringi</strong></span> <span class='ocrx_word' id='word_1_104' title='bbox 1204 1500 1266 1540; x_wconf 88' lang='lat' dir='ltr'><strong>se</strong></span> <span class='ocrx_word' id='word_1_105' title='bbox 1299 1497 1406 1538; x_wconf 92' lang='lat' dir='ltr'><strong>non</strong></span> <span class='ocrx_word' id='word_1_106' title='bbox 1439 1497 1630 1552; x_wconf 88' lang='lat' dir='ltr'><strong>passus</strong></span> <span class='ocrx_word' id='word_1_107' title='bbox 1661 1489 1766 1546; x_wconf 86' lang='lat' dir='ltr'><strong>est;</strong></span> 
     </span>
    </p>
   </div>
   <div class='ocr_carea' id='block_1_16' title="bbox 189 1575 1767 1638">
    <p class='ocr_par' dir='ltr' id='par_1_16' title="bbox 189 1575 1767 1638">
     <span class='ocr_line' id='line_1_16' title="bbox 189 1575 1767 1638; baseline -0.007 -2"><span class='ocrx_word' id='word_1_108' title='bbox 189 1598 250 1638; x_wconf 86' lang='lat' dir='ltr'><strong>ac</strong></span> <span class='ocrx_word' id='word_1_109' title='bbox 281 1583 394 1637; x_wconf 92' lang='lat' dir='ltr'><strong>cito</strong></span> <span class='ocrx_word' id='word_1_110' title='bbox 422 1580 490 1634; x_wconf 90' lang='lat' dir='ltr'><strong>ab</strong></span> <span class='ocrx_word' id='word_1_111' title='bbox 527 1580 826 1636; x_wconf 85' lang='lat' dir='ltr'><strong>honoribus</strong></span> <span class='ocrx_word' id='word_1_112' title='bbox 863 1578 1078 1632; x_wconf 90' lang='lat' dir='ltr'><strong>fastidio</strong></span> <span class='ocrx_word' id='word_1_113' title='bbox 1107 1585 1162 1631; x_wconf 90' lang='lat' dir='ltr'><strong>et</strong></span> <span class='ocrx_word' id='word_1_114' title='bbox 1189 1577 1444 1632; x_wconf 85' lang='lat' dir='ltr'><strong>satietate</strong></span> <span class='ocrx_word' id='word_1_115' title='bbox 1484 1575 1767 1628; x_wconf 86' lang='lat' dir='ltr'><strong>abaliena-</strong></span> 
     </span>
    </p>
   </div>
   <div class='ocr_carea' id='block_1_17' title="bbox 189 1663 1768 1737">
    <p class='ocr_par' dir='ltr' id='par_1_17' title="bbox 189 1663 1768 1737">
     <span class='ocr_line' id='line_1_17' title="bbox 189 1663 1768 1737; baseline -0.006 -13"><span class='ocrx_word' id='word_1_116' title='bbox 189 1683 290 1726; x_wconf 89' lang='lat' dir='ltr'><strong>tus.</strong></span> <span class='ocrx_word' id='word_1_117' title='bbox 325 1670 446 1737; x_wconf 79' lang='lat' dir='ltr'><strong>Qua</strong></span> <span class='ocrx_word' id='word_1_118' title='bbox 483 1671 538 1723; x_wconf 91' lang='lat' dir='ltr'><strong>iu</strong></span> <span class='ocrx_word' id='word_1_119' title='bbox 569 1683 625 1722; x_wconf 92' lang='lat' dir='ltr'><strong>re</strong></span> <span class='ocrx_word' id='word_1_120' title='bbox 655 1668 944 1736; x_wconf 90' lang='lat' dir='ltr'><strong>plurimum</strong></span> <span class='ocrx_word' id='word_1_121' title='bbox 971 1667 1121 1720; x_wconf 89' lang='lat' dir='ltr'><strong>illum</strong></span> <span class='ocrx_word' id='word_1_122' title='bbox 1145 1667 1367 1736; x_wconf 88' lang='lat' dir='ltr'><strong>adjuvit</strong></span> <span class='ocrx_word' id='word_1_123' title='bbox 1403 1663 1642 1718; x_wconf 83' lang='lat' dir='ltr'><strong>Macrina</strong></span> <span class='ocrx_word' id='word_1_124' title='bbox 1679 1677 1768 1715; x_wconf 84' lang='lat' dir='ltr'><strong>so-</strong></span> 
     </span>
    </p>
   </div>
   <div class='ocr_carea' id='block_1_18' title="bbox 1874 483 3439 554">
    <p class='ocr_par' dir='ltr' id='par_1_18' title="bbox 1874 483 3439 554">
     <span class='ocr_line' id='line_1_18' title="bbox 1874 483 3439 554; baseline 0.003 -16"><span class='ocrx_word' id='word_1_125' title='bbox 1874 483 2032 538; x_wconf 90' lang='lat' dir='ltr'><strong>simul</strong></span> <span class='ocrx_word' id='word_1_126' title='bbox 2080 493 2134 537; x_wconf 91' lang='lat' dir='ltr'><strong>et</strong></span> <span class='ocrx_word' id='word_1_127' title='bbox 2165 485 2423 537; x_wconf 83' lang='lat' dir='ltr'><strong>redivisse</strong></span> <span class='ocrx_word' id='word_1_128' title='bbox 2449 526 2463 548; x_wconf 95' lang='lat'><strong>,</strong></span> <span class='ocrx_word' id='word_1_129' title='bbox 2495 489 2652 540; x_wconf 90' lang='lat' dir='ltr'><strong>ambo</strong></span> <span class='ocrx_word' id='word_1_130' title='bbox 2701 486 2874 540; x_wconf 87' lang='lat' dir='ltr'><strong>sacris</strong></span> <span class='ocrx_word' id='word_1_131' title='bbox 2927 489 3297 554; x_wconf 90' lang='lat' dir='ltr'><strong>concionibus,</strong></span> <span class='ocrx_word' id='word_1_132' title='bbox 3335 507 3439 544; x_wconf 92' lang='lat' dir='ltr'><strong>nou</strong></span> 
     </span>
    </p>
   </div>
   <div class='ocr_carea' id='block_1_19' title="bbox 1888 573 3442 644">
    <p class='ocr_par' dir='ltr' id='par_1_19' title="bbox 1888 573 3442 644">
     <span class='ocr_line' id='line_1_19' title="bbox 1888 573 3442 644; baseline 0.001 -16"><span class='ocrx_word' id='word_1_133' title='bbox 1888 574 2162 644; x_wconf 77' lang='lat' dir='ltr'><strong>mysteriis</strong></span> <span class='ocrx_word' id='word_1_134' title='bbox 2197 573 2512 628; x_wconf 81' lang='lat' dir='ltr'><strong>interfuisse</strong></span> <span class='ocrx_word' id='word_1_135' title='bbox 2555 577 2862 630; x_wconf 88' lang='lat' dir='ltr'><strong>videantur.</strong></span> <span class='ocrx_word' id='word_1_136' title='bbox 2906 577 2994 630; x_wconf 88' lang='lat' dir='ltr'><strong>Sic</strong></span> <span class='ocrx_word' id='word_1_137' title='bbox 3032 577 3172 629; x_wconf 77' lang='lat' dir='ltr'><strong>enim</strong></span> <span class='ocrx_word' id='word_1_138' title='bbox 3207 577 3442 644; x_wconf 86' lang='lat' dir='ltr'><strong>loquitur</strong></span> 
     </span>
    </p>
   </div>
   <div class='ocr_carea' id='block_1_20' title="bbox 1876 663 3441 739">
    <p class='ocr_par' dir='ltr' id='par_1_20' title="bbox 1876 663 3441 739">
     <span class='ocr_line' id='line_1_20' title="bbox 1876 663 3441 739; baseline 0.003 -23"><span class='ocrx_word' id='word_1_139' title='bbox 1876 663 1958 735; x_wconf 78' lang='lat' dir='ltr'><strong>(f)</strong></span> <span class='ocrx_word' id='word_1_140' title='bbox 1997 682 2010 716; x_wconf 77' lang='grc' dir='ltr'><strong>ε</strong></span> <span class='ocrx_word' id='word_1_141' title='bbox 2061 663 2164 715; x_wconf 84' lang='grc' dir='ltr'>Δύο</span> <span class='ocrx_word' id='word_1_142' title='bbox 2202 663 2299 732; x_wconf 77' lang='grc' dir='ltr'>μὲν</span> <span class='ocrx_word' id='word_1_143' title='bbox 2333 666 2685 737; x_wconf 80' lang='grc' dir='ltr'>ἐγνωρίζοντο</span> <span class='ocrx_word' id='word_1_144' title='bbox 2709 669 2839 738; x_wconf 80' lang='grc' dir='ltr'>ἡμῖν</span> <span class='ocrx_word' id='word_1_145' title='bbox 2873 667 3012 720; x_wconf 76' lang='grc' dir='ltr'>ὁδοί·</span> <span class='ocrx_word' id='word_1_146' title='bbox 3054 671 3086 738; x_wconf 84' lang='grc' dir='ltr'>ἡ</span> <span class='ocrx_word' id='word_1_147' title='bbox 3127 668 3222 739; x_wconf 83' lang='grc' dir='ltr'>μὲν</span> <span class='ocrx_word' id='word_1_148' title='bbox 3253 667 3441 738; x_wconf 86' lang='grc' dir='ltr'>πρώτη</span> 
     </span>
    </p>
   </div>
   <div class='ocr_carea' id='block_1_21' title="bbox 1883 753 3437 826">
    <p class='ocr_par' dir='ltr' id='par_1_21' title="bbox 1883 753 3437 826">
     <span class='ocr_line' id='line_1_21' title="bbox 1883 753 3437 826; baseline 0.004 -22"><span class='ocrx_word' id='word_1_149' title='bbox 1883 753 1978 806; x_wconf 83' lang='grc' dir='ltr'><strong>καὶ</strong></span> <span class='ocrx_word' id='word_1_150' title='bbox 2002 753 2319 824; x_wconf 77' lang='grc' dir='ltr'><strong>τιμιωτέρα,</strong></span> <span class='ocrx_word' id='word_1_151' title='bbox 2348 757 2379 824; x_wconf 85' lang='grc' dir='ltr'>ἡ</span> <span class='ocrx_word' id='word_1_152' title='bbox 2406 755 2462 807; x_wconf 84' lang='grc' dir='ltr'><strong>δὲ</strong></span> <span class='ocrx_word' id='word_1_153' title='bbox 2489 755 2714 825; x_wconf 82' lang='grc' dir='ltr'>δευτέρα</span> <span class='ocrx_word' id='word_1_154' title='bbox 2737 758 2831 809; x_wconf 56' lang='grc' dir='ltr'><strong>καὶ⁴</strong></span> <span class='ocrx_word' id='word_1_155' title='bbox 2875 758 2933 810; x_wconf 78' lang='grc' dir='ltr'><strong>οὐ</strong></span> <span class='ocrx_word' id='word_1_156' title='bbox 2967 757 3058 809; x_wconf 76' lang='grc' dir='ltr'><strong>τοῦ</strong></span> <span class='ocrx_word' id='word_1_157' title='bbox 3093 757 3207 810; x_wconf 75' lang='grc' dir='ltr'>ἴσου</span> <span class='ocrx_word' id='word_1_158' title='bbox 3241 759 3400 826; x_wconf 75' lang='grc' dir='ltr'>λόγου</span> <span class='ocrx_word' id='word_1_159' title='bbox 3425 777 3437 790; x_wconf 90' lang='grc'><strong>·</strong></span> 
     </span>
    </p>
   </div>
   <div class='ocr_carea' id='block_1_22' title="bbox 1873 843 3441 914">
    <p class='ocr_par' dir='ltr' id='par_1_22' title="bbox 1873 843 3441 914">
     <span class='ocr_line' id='line_1_22' title="bbox 1873 843 3441 914; baseline 0.007 -21"><span class='ocrx_word' id='word_1_160' title='bbox 1873 843 1906 911; x_wconf 83' lang='grc' dir='ltr'>ἦ</span> <span class='ocrx_word' id='word_1_161' title='bbox 1945 859 2003 894; x_wconf 90' lang='grc' dir='ltr'>τε</span> <span class='ocrx_word' id='word_1_162' title='bbox 2036 843 2170 914; x_wconf 73' lang='grc' dir='ltr'><strong>πρὸς</strong></span> <span class='ocrx_word' id='word_1_163' title='bbox 2195 845 2318 906; x_wconf 80' lang='grc' dir='ltr'>τοὺς</span> <span class='ocrx_word' id='word_1_164' title='bbox 2342 846 2517 914; x_wconf 81' lang='grc' dir='ltr'>ἱεροὺς</span> <span class='ocrx_word' id='word_1_165' title='bbox 2543 846 2697 914; x_wconf 84' lang='grc' dir='ltr'>ἡμῶν</span> <span class='ocrx_word' id='word_1_166' title='bbox 2725 849 2903 910; x_wconf 81' lang='grc' dir='ltr'><strong>οἴκους</strong></span> <span class='ocrx_word' id='word_1_167' title='bbox 2923 888 2936 911; x_wconf 90' lang='grc'><em>,</em></span> <span class='ocrx_word' id='word_1_168' title='bbox 2969 849 3062 900; x_wconf 70' lang='grc' dir='ltr'><strong>καὶ</strong></span> <span class='ocrx_word' id='word_1_169' title='bbox 3109 851 3234 912; x_wconf 81' lang='grc' dir='ltr'>τοὺς</span> <span class='ocrx_word' id='word_1_170' title='bbox 3266 853 3441 904; x_wconf 79' lang='grc' dir='ltr'>ἐκεῖσε</span> 
     </span>
    </p>
   </div>
   <div class='ocr_carea' id='block_1_23' title="bbox 1876 933 3440 1009">
    <p class='ocr_par' dir='ltr' id='par_1_23' title="bbox 1876 933 3440 1009">
     <span class='ocr_line' id='line_1_23' title="bbox 1876 933 3440 1009; baseline 0.005 -23"><span class='ocrx_word' id='word_1_171' title='bbox 1876 933 2235 999; x_wconf 82' lang='grc' dir='ltr'>διδασκάλους</span> <span class='ocrx_word' id='word_1_172' title='bbox 2281 937 2539 1006; x_wconf 80' lang='grc' dir='ltr'>φέρουσα,</span> <span class='ocrx_word' id='word_1_173' title='bbox 2573 939 2665 990; x_wconf 73' lang='grc' dir='ltr'><strong>καὶ</strong></span> <span class='ocrx_word' id='word_1_174' title='bbox 2711 940 2742 1006; x_wconf 85' lang='grc' dir='ltr'>ὴ</span> <span class='ocrx_word' id='word_1_175' title='bbox 2779 939 2913 1009; x_wconf 85' lang='grc' dir='ltr'>πρὸς</span> <span class='ocrx_word' id='word_1_176' title='bbox 2945 940 3068 1002; x_wconf 78' lang='grc' dir='ltr'>τοὺς</span> <span class='ocrx_word' id='word_1_177' title='bbox 3091 939 3284 1006; x_wconf 77' lang='grc' dir='ltr'>ἔξωθεν</span> <span class='ocrx_word' id='word_1_178' title='bbox 3312 959 3440 994; x_wconf 85' lang='grc' dir='ltr'>παι-</span> 
     </span>
    </p>
   </div>
   <div class='ocr_carea' id='block_1_24' title="bbox 1880 1024 3440 1096">
    <p class='ocr_par' dir='ltr' id='par_1_24' title="bbox 1880 1024 3440 1096">
     <span class='ocr_line' id='line_1_24' title="bbox 1880 1024 3440 1096; baseline 0.003 -20"><span class='ocrx_word' id='word_1_179' title='bbox 1880 1024 2098 1088; x_wconf 83' lang='grc' dir='ltr'>δευτάς.</span> <span class='ocrx_word' id='word_1_180' title='bbox 2128 1025 2257 1079; x_wconf 77' lang='lat' dir='ltr'><strong>Date</strong></span> <span class='ocrx_word' id='word_1_181' title='bbox 2288 1029 2432 1080; x_wconf 74' lang='lat' dir='ltr'><strong>nobis</strong></span> <span class='ocrx_word' id='word_1_182' title='bbox 2460 1028 2555 1080; x_wconf 78' lang='lat' dir='ltr'><strong>uia:</strong></span> <span class='ocrx_word' id='word_1_183' title='bbox 2601 1038 2740 1081; x_wconf 77' lang='lat' dir='ltr'><strong>nota:</strong></span> <span class='ocrx_word' id='word_1_184' title='bbox 2765 1037 2936 1090; x_wconf 83' lang='lat' dir='ltr'><strong>erant,</strong></span> <span class='ocrx_word' id='word_1_185' title='bbox 2989 1029 3154 1081; x_wconf 83' lang='lat' dir='ltr'><strong>altera</strong></span> <span class='ocrx_word' id='word_1_186' title='bbox 3193 1032 3360 1096; x_wconf 84' lang='lat' dir='ltr'><strong>prima</strong></span> <span class='ocrx_word' id='word_1_187' title='bbox 3393 1043 3440 1082; x_wconf 83' lang='lat' dir='ltr'><strong>et</strong></span> 
     </span>
    </p>
   </div>
   <div class='ocr_carea' id='block_1_25' title="bbox 1872 1119 3442 1187">
    <p class='ocr_par' dir='ltr' id='par_1_25' title="bbox 1872 1119 3442 1187">
     <span class='ocr_line' id='line_1_25' title="bbox 1872 1119 3442 1187; baseline 0.004 -20"><span class='ocrx_word' id='word_1_188' title='bbox 1872 1119 2236 1186; x_wconf 72' lang='lat' dir='ltr'><strong>prwstantior,</strong></span> <span class='ocrx_word' id='word_1_189' title='bbox 2271 1119 2442 1171; x_wconf 83' lang='lat' dir='ltr'><strong>altera</strong></span> <span class='ocrx_word' id='word_1_190' title='bbox 2473 1121 2720 1180; x_wconf 80' lang='lat' dir='ltr'><strong>secunda,</strong></span> <span class='ocrx_word' id='word_1_191' title='bbox 2753 1129 2798 1172; x_wconf 85' lang='lat' dir='ltr'><strong>et</strong></span> <span class='ocrx_word' id='word_1_192' title='bbox 2833 1120 3096 1186; x_wconf 77' lang='lat' dir='ltr'><strong>inferioris</strong></span> <span class='ocrx_word' id='word_1_193' title='bbox 3131 1121 3282 1187; x_wconf 82' lang='lat' dir='ltr'><strong>pretii</strong></span> <span class='ocrx_word' id='word_1_194' title='bbox 3309 1137 3324 1172; x_wconf 94' lang='lat'><em>:</em></span> <span class='ocrx_word' id='word_1_195' title='bbox 3349 1122 3442 1174; x_wconf 82' lang='lat' dir='ltr'><strong>illa</strong></span> 
     </span>
    </p>
   </div>
   <div class='ocr_carea' id='block_1_26' title="bbox 1877 1208 3442 1282">
    <p class='ocr_par' dir='ltr' id='par_1_26' title="bbox 1877 1208 3442 1282">
     <span class='ocr_line' id='line_1_26' title="bbox 1877 1208 3442 1282; baseline 0.003 -23"><span class='ocrx_word' id='word_1_196' title='bbox 1877 1223 2056 1276; x_wconf 83' lang='lat' dir='ltr'><strong>nempe</strong></span> <span class='ocrx_word' id='word_1_197' title='bbox 2084 1225 2200 1276; x_wconf 77' lang='lat' dir='ltr'><strong>qua:</strong></span> <span class='ocrx_word' id='word_1_198' title='bbox 2232 1208 2300 1260; x_wconf 80' lang='lat' dir='ltr'><strong>ad</strong></span> <span class='ocrx_word' id='word_1_199' title='bbox 2330 1225 2510 1261; x_wconf 75' lang='lat' dir='ltr'><strong>sacras</strong></span> <span class='ocrx_word' id='word_1_200' title='bbox 2539 1221 2742 1263; x_wconf 78' lang='lat' dir='ltr'><strong>nostras</strong></span> <span class='ocrx_word' id='word_1_201' title='bbox 2771 1211 2980 1273; x_wconf 80' lang='lat' dir='ltr'><strong>domos,</strong></span> <span class='ocrx_word' id='word_1_202' title='bbox 3007 1227 3191 1281; x_wconf 77' lang='lat' dir='ltr'><strong>eosque</strong></span> <span class='ocrx_word' id='word_1_203' title='bbox 3216 1215 3301 1282; x_wconf 82' lang='lat' dir='ltr'><strong>qui</strong></span> <span class='ocrx_word' id='word_1_204' title='bbox 3337 1213 3442 1265; x_wconf 82' lang='lat' dir='ltr'><strong>illic</strong></span> 
     </span>
    </p>
   </div>
   <div class='ocr_carea' id='block_1_27' title="bbox 1879 1299 3442 1374">
    <p class='ocr_par' dir='ltr' id='par_1_27' title="bbox 1879 1299 3442 1374">
     <span class='ocr_line' id='line_1_27' title="bbox 1879 1299 3442 1374; baseline 0.004 -20"><span class='ocrx_word' id='word_1_205' title='bbox 1879 1309 2028 1354; x_wconf 84' lang='lat' dir='ltr'><strong>erant</strong></span> <span class='ocrx_word' id='word_1_206' title='bbox 2054 1301 2292 1354; x_wconf 81' lang='lat' dir='ltr'><strong>doctores</strong></span> <span class='ocrx_word' id='word_1_207' title='bbox 2336 1299 2532 1369; x_wconf 79' lang='lat' dir='ltr'><strong>ferebat</strong></span> <span class='ocrx_word' id='word_1_208' title='bbox 2557 1317 2573 1353; x_wconf 96' lang='lat'><em>:</em></span> <span class='ocrx_word' id='word_1_209' title='bbox 2607 1301 2718 1356; x_wconf 73' lang='lat' dir='ltr'><strong>[nec</strong></span> <span class='ocrx_word' id='word_1_210' title='bbox 2745 1313 2939 1371; x_wconf 84' lang='lat' dir='ltr'><strong>autem,</strong></span> <span class='ocrx_word' id='word_1_211' title='bbox 2959 1321 3074 1374; x_wconf 69' lang='lat' dir='ltr'><strong>qua:</strong></span> <span class='ocrx_word' id='word_1_212' title='bbox 3105 1307 3172 1358; x_wconf 82' lang='lat' dir='ltr'><strong>ad</strong></span> <span class='ocrx_word' id='word_1_213' title='bbox 3207 1318 3442 1360; x_wconf 75' lang='lat' dir='ltr'><strong>externos</strong></span> 
     </span>
    </p>
   </div>
   <div class='ocr_carea' id='block_1_28' title="bbox 1869 1401 2233 1459">
    <p class='ocr_par' dir='ltr' id='par_1_28' title="bbox 1869 1401 2233 1459">
     <span class='ocr_line' id='line_1_28' title="bbox 1869 1401 2233 1459; baseline 0.005 -17"><span class='ocrx_word' id='word_1_214' title='bbox 1869 1401 2233 1459; x_wconf 63' lang='lat' dir='ltr'><strong>praeceptores.</strong></span> 
     </span>
    </p>
   </div>
   <div class='ocr_carea' id='block_1_29' title="bbox 1943 1481 3440 1551">
    <p class='ocr_par' dir='ltr' id='par_1_29' title="bbox 1943 1481 3440 1551">
     <span class='ocr_line' id='line_1_29' title="bbox 1943 1481 3440 1551; baseline 0.005 -19"><span class='ocrx_word' id='word_1_215' title='bbox 1943 1481 1997 1532; x_wconf 90' lang='lat' dir='ltr'><strong>In</strong></span> <span class='ocrx_word' id='word_1_216' title='bbox 2029 1481 2222 1534; x_wconf 82' lang='lat' dir='ltr'><strong>eadem</strong></span> <span class='ocrx_word' id='word_1_217' title='bbox 2260 1481 2510 1536; x_wconf 89' lang='lat' dir='ltr'><strong>oratione</strong></span> <span class='ocrx_word' id='word_1_218' title='bbox 2557 1482 2621 1534; x_wconf 87' lang='lat' dir='ltr'><strong>de</strong></span> <span class='ocrx_word' id='word_1_219' title='bbox 2657 1484 2818 1536; x_wconf 90' lang='lat' dir='ltr'><strong>rebus</strong></span> <span class='ocrx_word' id='word_1_220' title='bbox 2854 1495 2972 1551; x_wconf 86' lang='lat' dir='ltr'><strong>post</strong></span> <span class='ocrx_word' id='word_1_221' title='bbox 3020 1487 3249 1539; x_wconf 84' lang='lat' dir='ltr'><strong>reditum</strong></span> <span class='ocrx_word' id='word_1_222' title='bbox 3277 1501 3304 1538; x_wconf 86' lang='lat' dir='ltr'><strong>a</strong></span> <span class='ocrx_word' id='word_1_223' title='bbox 3335 1485 3440 1539; x_wconf 90' lang='lat' dir='ltr'><strong>Ba-</strong></span> 
     </span>
    </p>
   </div>
   <div class='ocr_carea' id='block_1_30' title="bbox 1871 1571 3440 1648">
    <p class='ocr_par' dir='ltr' id='par_1_30' title="bbox 1871 1571 3440 1648">
     <span class='ocr_line' id='line_1_30' title="bbox 1871 1571 3440 1648; baseline 0.004 -23"><span class='ocrx_word' id='word_1_224' title='bbox 1871 1571 1994 1625; x_wconf 90' lang='lat' dir='ltr'><strong>silio</strong></span> <span class='ocrx_word' id='word_1_225' title='bbox 2023 1573 2189 1640; x_wconf 81' lang='lat' dir='ltr'><strong>gestis</strong></span> <span class='ocrx_word' id='word_1_226' title='bbox 2223 1573 2474 1642; x_wconf 85' lang='lat' dir='ltr'><strong>loquens,</strong></span> <span class='ocrx_word' id='word_1_227' title='bbox 2523 1576 2600 1629; x_wconf 90' lang='lat' dir='ltr'><strong>sic</strong></span> <span class='ocrx_word' id='word_1_228' title='bbox 2627 1589 2750 1628; x_wconf 90' lang='lat' dir='ltr'><strong>eum</strong></span> <span class='ocrx_word' id='word_1_229' title='bbox 2791 1579 2856 1630; x_wconf 89' lang='lat' dir='ltr'><strong>ad</strong></span> <span class='ocrx_word' id='word_1_230' title='bbox 2887 1592 3100 1631; x_wconf 88' lang='lat' dir='ltr'><strong>sacrmn</strong></span> <span class='ocrx_word' id='word_1_231' title='bbox 3153 1581 3440 1648; x_wconf 84' lang='lat' dir='ltr'><strong>presbyte—</strong></span> 
     </span>
    </p>
   </div>
   <div class='ocr_carea' id='block_1_31' title="bbox 1875 1665 3444 1734">
    <p class='ocr_par' dir='ltr' id='par_1_31' title="bbox 1875 1665 3444 1734">
     <span class='ocr_line' id='line_1_31' title="bbox 1875 1665 3444 1734; baseline 0.008 -20"><span class='ocrx_word' id='word_1_232' title='bbox 1875 1677 2058 1717; x_wconf 89' lang='lat' dir='ltr'><strong>rorum</strong></span> <span class='ocrx_word' id='word_1_233' title='bbox 2087 1665 2334 1718; x_wconf 76' lang='lat' dir='ltr'><strong>ordinem</strong></span> <span class='ocrx_word' id='word_1_234' title='bbox 2367 1668 2678 1734; x_wconf 86' lang='lat' dir='ltr'><strong>pervenisse</strong></span> <span class='ocrx_word' id='word_1_235' title='bbox 2702 1670 2855 1734; x_wconf 85' lang='lat' dir='ltr'><strong>dicit,</strong></span> <span class='ocrx_word' id='word_1_236' title='bbox 2889 1681 2946 1723; x_wconf 93' lang='lat' dir='ltr'><strong>ut</strong></span> <span class='ocrx_word' id='word_1_237' title='bbox 2973 1671 3120 1724; x_wconf 88' lang='lat' dir='ltr'><strong>illum</strong></span> <span class='ocrx_word' id='word_1_238' title='bbox 3152 1673 3330 1725; x_wconf 87' lang='lat' dir='ltr'><strong>divina</strong></span> <span class='ocrx_word' id='word_1_239' title='bbox 3357 1675 3444 1726; x_wconf 87' lang='lat' dir='ltr'><strong>be-</strong></span> 
     </span>
    </p>
   </div>
   <div class='ocr_carea' id='block_1_32' title="bbox 187 1727 3444 1829">
    <p class='ocr_par' dir='ltr' id='par_1_32' title="bbox 187 1727 3444 1829">
     <span class='ocr_line' id='line_1_32' title="bbox 187 1727 3444 1829; baseline 0.002 -18"><span class='ocrx_word' id='word_1_240' title='bbox 187 1774 298 1820; x_wconf 90' lang='lat' dir='ltr'><strong>ror,</strong></span> <span class='ocrx_word' id='word_1_241' title='bbox 325 1727 452 1826; x_wconf 43' lang='lat' dir='ltr'><strong>Quae</strong></span> <span class='ocrx_word' id='word_1_242' title='bbox 479 1772 602 1810; x_wconf 89' lang='lat' dir='ltr'><strong>cum</strong></span> <span class='ocrx_word' id='word_1_243' title='bbox 636 1727 786 1809; x_wconf 81' lang='lat' dir='ltr'><strong>illum</strong></span> <span class='ocrx_word' id='word_1_244' title='bbox 815 1754 1038 1810; x_wconf 85' lang='lat' dir='ltr'><strong>vidisset</strong></span> <span class='ocrx_word' id='word_1_245' title='bbox 1067 1727 1228 1808; x_wconf 72' lang='lat' dir='ltr'><strong>nimis</strong></span> <span class='ocrx_word' id='word_1_246' title='bbox 1252 1753 1540 1822; x_wconf 83' lang='lat' dir='ltr'><strong>magnifice</strong></span> <span class='ocrx_word' id='word_1_247' title='bbox 1571 1755 1636 1806; x_wconf 89' lang='lat' dir='ltr'><strong>de</strong></span> <span class='ocrx_word' id='word_1_248' title='bbox 1655 1751 1767 1805; x_wconf 86' lang='lat' dir='ltr'><strong>elo-</strong></span> <span class='ocrx_word' id='word_1_249' title='bbox 1803 1727 1845 1786; x_wconf 72' lang='grc' dir='ltr'><strong>Β</strong></span> <span class='ocrx_word' id='word_1_250' title='bbox 1877 1755 2109 1822; x_wconf 75' lang='lat' dir='ltr'><strong>nignitas</strong></span> <span class='ocrx_word' id='word_1_251' title='bbox 2142 1773 2246 1810; x_wconf 89' lang='lat' dir='ltr'><strong>non</strong></span> <span class='ocrx_word' id='word_1_252' title='bbox 2275 1757 2447 1810; x_wconf 83' lang='lat' dir='ltr'><strong>subito</strong></span> <span class='ocrx_word' id='word_1_253' title='bbox 2483 1761 2551 1810; x_wconf 82' lang='lat' dir='ltr'><strong>ad</strong></span> <span class='ocrx_word' id='word_1_254' title='bbox 2587 1762 2724 1813; x_wconf 81' lang='lat' dir='ltr'><strong>hunc</strong></span> <span class='ocrx_word' id='word_1_255' title='bbox 2763 1761 2982 1829; x_wconf 84' lang='lat' dir='ltr'><strong>gradum</strong></span> <span class='ocrx_word' id='word_1_256' title='bbox 3015 1763 3328 1824; x_wconf 74' lang='lat' dir='ltr'><strong>subveheret,</strong></span> <span class='ocrx_word' id='word_1_257' title='bbox 3353 1781 3444 1818; x_wconf 82' lang='lat' dir='ltr'><strong>nec</strong></span> 
     </span>
    </p>
   </div>
   <div class='ocr_carea' id='block_1_33' title="bbox 187 1843 1768 1918">
    <p class='ocr_par' dir='ltr' id='par_1_33' title="bbox 187 1843 1768 1918">
     <span class='ocr_line' id='line_1_33' title="bbox 187 1843 1768 1918; baseline -0.004 -16"><span class='ocrx_word' id='word_1_258' title='bbox 187 1849 414 1918; x_wconf 83' lang='lat' dir='ltr'><strong>quentia</strong></span> <span class='ocrx_word' id='word_1_259' title='bbox 465 1847 670 1902; x_wconf 88' lang='lat' dir='ltr'><strong>sentire</strong></span> <span class='ocrx_word' id='word_1_260' title='bbox 695 1885 712 1910; x_wconf 92' lang='lat'><strong>,</strong></span> <span class='ocrx_word' id='word_1_261' title='bbox 755 1861 820 1900; x_wconf 89' lang='lat' dir='ltr'><strong>ac</strong></span> <span class='ocrx_word' id='word_1_262' title='bbox 861 1845 1156 1916; x_wconf 84' lang='lat' dir='ltr'><strong>dignitates</strong></span> <span class='ocrx_word' id='word_1_263' title='bbox 1189 1859 1378 1898; x_wconf 90' lang='lat' dir='ltr'><strong>omnes</strong></span> <span class='ocrx_word' id='word_1_264' title='bbox 1408 1843 1768 1906; x_wconf 83' lang='lat' dir='ltr'><strong>ﬂoccifacere,</strong></span> 
     </span>
    </p>
   </div>
   <div class='ocr_carea' id='block_1_34' title="bbox 185 1932 1771 2010">
    <p class='ocr_par' dir='ltr' id='par_1_34' title="bbox 185 1932 1771 2010">
     <span class='ocr_line' id='line_1_34' title="bbox 185 1932 1771 2010; baseline -0.003 -18"><span class='ocrx_word' id='word_1_265' title='bbox 185 1957 236 1993; x_wconf 83' lang='lat' dir='ltr'><strong>et</strong></span> <span class='ocrx_word' id='word_1_266' title='bbox 259 1941 408 1994; x_wconf 86' lang='lat' dir='ltr'><strong>fastu</strong></span> <span class='ocrx_word' id='word_1_267' title='bbox 443 1941 680 2010; x_wconf 88' lang='lat' dir='ltr'><strong>quodam</strong></span> <span class='ocrx_word' id='word_1_268' title='bbox 705 1953 865 2007; x_wconf 86' lang='lat' dir='ltr'><strong>supra</strong></span> <span class='ocrx_word' id='word_1_269' title='bbox 891 1937 1140 1991; x_wconf 90' lang='lat' dir='ltr'><strong>homines</strong></span> <span class='ocrx_word' id='word_1_270' title='bbox 1171 1945 1440 2004; x_wconf 84' lang='lat' dir='ltr'><strong>potestate</strong></span> <span class='ocrx_word' id='word_1_271' title='bbox 1481 1934 1658 1988; x_wconf 89' lang='lat' dir='ltr'><strong>claros</strong></span> <span class='ocrx_word' id='word_1_272' title='bbox 1691 1932 1771 1987; x_wconf 91' lang='lat' dir='ltr'><strong>ef-</strong></span> 
     </span>
    </p>
   </div>
   <div class='ocr_carea' id='block_1_35' title="bbox 183 2029 1768 2097">
    <p class='ocr_par' dir='ltr' id='par_1_35' title="bbox 183 2029 1768 2097">
     <span class='ocr_line' id='line_1_35' title="bbox 183 2029 1768 2097; baseline -0.004 -13"><span class='ocrx_word' id='word_1_273' title='bbox 183 2032 334 2096; x_wconf 80' lang='lat' dir='ltr'><strong>ferri,</strong></span> <span class='ocrx_word' id='word_1_274' title='bbox 363 2032 621 2085; x_wconf 88' lang='lat' dir='ltr'><strong>celeriter</strong></span> <span class='ocrx_word' id='word_1_275' title='bbox 643 2032 708 2083; x_wconf 89' lang='lat' dir='ltr'><strong>ad</strong></span> <span class='ocrx_word' id='word_1_276' title='bbox 739 2031 1030 2083; x_wconf 87' lang='lat' dir='ltr'><strong>asceticam</strong></span> <span class='ocrx_word' id='word_1_277' title='bbox 1073 2029 1264 2094; x_wconf 89' lang='lat' dir='ltr'><strong>vitam,</strong></span> <span class='ocrx_word' id='word_1_278' title='bbox 1297 2043 1460 2097; x_wconf 85' lang='lat' dir='ltr'><strong>quant</strong></span> <span class='ocrx_word' id='word_1_279' title='bbox 1494 2029 1608 2096; x_wconf 88' lang='lat' dir='ltr'><strong>ipsa</strong></span> <span class='ocrx_word' id='word_1_280' title='bbox 1639 2043 1768 2095; x_wconf 90' lang='lat' dir='ltr'><strong>pro-</strong></span> 
     </span>
    </p>
   </div>
   <div class='ocr_carea' id='block_1_36' title="bbox 185 2118 1772 2188">
    <p class='ocr_par' dir='ltr' id='par_1_36' title="bbox 185 2118 1772 2188">
     <span class='ocr_line' id='line_1_36' title="bbox 185 2118 1772 2188; baseline -0.004 -12"><span class='ocrx_word' id='word_1_281' title='bbox 185 2123 466 2185; x_wconf 80' lang='lat' dir='ltr'><strong>fitebatur,</strong></span> <span class='ocrx_word' id='word_1_282' title='bbox 493 2122 742 2174; x_wconf 77' lang='lat' dir='ltr'><strong>attraxit.</strong></span> <span class='ocrx_word' id='word_1_283' title='bbox 778 2120 903 2175; x_wconf 74' lang='lat' dir='ltr'><strong>llzec</strong></span> <span class='ocrx_word' id='word_1_284' title='bbox 946 2120 1208 2174; x_wconf 82' lang='lat' dir='ltr'><strong>discimus</strong></span> <span class='ocrx_word' id='word_1_285' title='bbox 1243 2133 1310 2172; x_wconf 90' lang='lat' dir='ltr'><strong>ex</strong></span> <span class='ocrx_word' id='word_1_286' title='bbox 1345 2119 1606 2188; x_wconf 84' lang='lat' dir='ltr'><strong>Gregorio</strong></span> <span class='ocrx_word' id='word_1_287' title='bbox 1637 2118 1772 2188; x_wconf 86' lang='lat' dir='ltr'><strong>Nys-</strong></span> 
     </span>
    </p>
   </div>
   <div class='ocr_carea' id='block_1_37' title="bbox 185 2207 1759 2282">
    <p class='ocr_par' dir='ltr' id='par_1_37' title="bbox 185 2207 1759 2282">
     <span class='ocr_line' id='line_1_37' title="bbox 185 2207 1759 2282; baseline -0.005 -14"><span class='ocrx_word' id='word_1_288' title='bbox 185 2229 336 2276; x_wconf 82' lang='lat' dir='ltr'><strong>seuo,</strong></span> <span class='ocrx_word' id='word_1_289' title='bbox 365 2213 529 2282; x_wconf 86' lang='lat' dir='ltr'><strong>cujus</strong></span> <span class='ocrx_word' id='word_1_290' title='bbox 560 2213 724 2264; x_wconf 88' lang='lat' dir='ltr'><strong>verba</strong></span> <span class='ocrx_word' id='word_1_291' title='bbox 765 2213 926 2265; x_wconf 90' lang='lat' dir='ltr'><strong>etiam</strong></span> <span class='ocrx_word' id='word_1_292' title='bbox 955 2210 1143 2265; x_wconf 65' lang='lat' dir='ltr'><strong>Graece</strong></span> <span class='ocrx_word' id='word_1_293' title='bbox 1171 2211 1477 2263; x_wconf 86' lang='lat' dir='ltr'><strong>referenda.</strong></span> <span class='ocrx_word' id='word_1_294' title='bbox 1510 2207 1600 2261; x_wconf 86' lang='lat' dir='ltr'><strong>Sic</strong></span> <span class='ocrx_word' id='word_1_295' title='bbox 1617 2210 1759 2263; x_wconf 90' lang='lat' dir='ltr'><strong>enim</strong></span> 
     </span>
    </p>
   </div>
   <div class='ocr_carea' id='block_1_38' title="bbox 185 2301 1774 2374">
    <p class='ocr_par' dir='ltr' id='par_1_38' title="bbox 185 2301 1774 2374">
     <span class='ocr_line' id='line_1_38' title="bbox 185 2301 1774 2374; baseline -0.003 -16"><span class='ocrx_word' id='word_1_296' title='bbox 185 2307 426 2374; x_wconf 80' lang='lat' dir='ltr'><strong>loquitur</strong></span> <span class='ocrx_word' id='word_1_297' title='bbox 463 2307 518 2358; x_wconf 89' lang='lat' dir='ltr'><strong>in</strong></span> <span class='ocrx_word' id='word_1_298' title='bbox 555 2303 672 2356; x_wconf 72' lang='lat' dir='ltr'><strong>Vita</strong></span> <span class='ocrx_word' id='word_1_299' title='bbox 703 2303 766 2358; x_wconf 89' lang='lat' dir='ltr'><strong>S.</strong></span> <span class='ocrx_word' id='word_1_300' title='bbox 795 2301 1052 2356; x_wconf 71' lang='lat' dir='ltr'><strong>Macr-intr</strong></span> <span class='ocrx_word' id='word_1_301' title='bbox 1081 2319 1098 2355; x_wconf 89' lang='lat'><em>:</em></span> <span class='ocrx_word' id='word_1_302' title='bbox 1130 2301 1386 2354; x_wconf 80' lang='grc' dir='ltr'>Λαϐοὖσα</span> <span class='ocrx_word' id='word_1_303' title='bbox 1407 2301 1586 2353; x_wconf 84' lang='grc' dir='ltr'>τοίνυν</span> <span class='ocrx_word' id='word_1_304' title='bbox 1611 2301 1774 2354; x_wconf 81' lang='grc' dir='ltr'>αὑτὸν</span> 
     </span>
    </p>
   </div>
   <div class='ocr_carea' id='block_1_39' title="bbox 183 2393 1770 2469">
    <p class='ocr_par' dir='ltr' id='par_1_39' title="bbox 183 2393 1770 2469">
     <span class='ocr_line' id='line_1_39' title="bbox 183 2393 1770 2469; baseline -0.004 -18"><span class='ocrx_word' id='word_1_305' title='bbox 183 2399 484 2469; x_wconf 67' lang='grc' dir='ltr'>ὑπερφυῶς</span> <span class='ocrx_word' id='word_1_306' title='bbox 509 2397 823 2468; x_wconf 65' lang='grc' dir='ltr'>ἐπηρμένον</span> <span class='ocrx_word' id='word_1_307' title='bbox 847 2394 923 2465; x_wconf 85' lang='grc' dir='ltr'>τῷ</span> <span class='ocrx_word' id='word_1_308' title='bbox 937 2397 1064 2466; x_wconf 76' lang='grc' dir='ltr'>περὶ</span> <span class='ocrx_word' id='word_1_309' title='bbox 1081 2395 1206 2458; x_wconf 80' lang='grc' dir='ltr'>τοὺς</span> <span class='ocrx_word' id='word_1_310' title='bbox 1229 2393 1420 2462; x_wconf 74' lang='grc' dir='ltr'>λόγους</span> <span class='ocrx_word' id='word_1_311' title='bbox 1443 2394 1770 2464; x_wconf 80' lang='grc' dir='ltr'>φρονήματι,</span> 
     </span>
    </p>
   </div>
   <div class='ocr_carea' id='block_1_40' title="bbox 183 2485 1774 2559">
    <p class='ocr_par' dir='ltr' id='par_1_40' title="bbox 183 2485 1774 2559">
     <span class='ocr_line' id='line_1_40' title="bbox 183 2485 1774 2559; baseline -0.004 -15"><span class='ocrx_word' id='word_1_312' title='bbox 183 2493 276 2544; x_wconf 72' lang='grc' dir='ltr'><strong>καὶ</strong></span> <span class='ocrx_word' id='word_1_313' title='bbox 305 2491 490 2543; x_wconf 73' lang='grc' dir='ltr'>πάντα</span> <span class='ocrx_word' id='word_1_314' title='bbox 546 2487 979 2559; x_wconf 77' lang='grc' dir='ltr'>περιφρονοῦντα</span> <span class='ocrx_word' id='word_1_315' title='bbox 1019 2486 1087 2539; x_wconf 79' lang='grc' dir='ltr'><strong>τὰ</strong></span> <span class='ocrx_word' id='word_1_316' title='bbox 1123 2485 1409 2556; x_wconf 80' lang='grc' dir='ltr'>ἀξιώματα</span> <span class='ocrx_word' id='word_1_317' title='bbox 1434 2527 1448 2548; x_wconf 87' lang='grc'><em>,</em></span> <span class='ocrx_word' id='word_1_318' title='bbox 1487 2487 1581 2538; x_wconf 79' lang='grc' dir='ltr'>καὶ</span> <span class='ocrx_word' id='word_1_319' title='bbox 1633 2487 1774 2556; x_wconf 84' lang='grc' dir='ltr'>ὑπὲρ</span> 
     </span>
    </p>
   </div>
   <div class='ocr_carea' id='block_1_41' title="bbox 185 2575 1770 2647">
    <p class='ocr_par' dir='ltr' id='par_1_41' title="bbox 185 2575 1770 2647">
     <span class='ocr_line' id='line_1_41' title="bbox 185 2575 1770 2647; baseline -0.003 -16"><span class='ocrx_word' id='word_1_320' title='bbox 185 2581 304 2642; x_wconf 74' lang='grc' dir='ltr'>τοὺς</span> <span class='ocrx_word' id='word_1_321' title='bbox 329 2579 390 2630; x_wconf 82' lang='grc' dir='ltr'><strong>ὲν</strong></span> <span class='ocrx_word' id='word_1_322' title='bbox 413 2579 482 2647; x_wconf 80' lang='grc' dir='ltr'><strong>τῇ</strong></span> <span class='ocrx_word' id='word_1_323' title='bbox 510 2576 798 2645; x_wconf 78' lang='grc' dir='ltr'>δυναστείᾳ</span> <span class='ocrx_word' id='word_1_324' title='bbox 825 2575 1110 2646; x_wconf 73' lang='grc' dir='ltr'>λαμπροὺς</span> <span class='ocrx_word' id='word_1_325' title='bbox 1141 2575 1451 2646; x_wconf 81' lang='grc' dir='ltr'>ἐπηρμένον</span> <span class='ocrx_word' id='word_1_326' title='bbox 1479 2575 1558 2646; x_wconf 83' lang='grc' dir='ltr'><strong>τῷ</strong></span> <span class='ocrx_word' id='word_1_327' title='bbox 1585 2575 1733 2646; x_wconf 80' lang='grc' dir='ltr'>ὄγκῳ</span> <span class='ocrx_word' id='word_1_328' title='bbox 1756 2615 1770 2639; x_wconf 90' lang='grc'><em>,</em></span> 
     </span>
    </p>
   </div>
   <div class='ocr_carea' id='block_1_42' title="bbox 185 2668 1773 2740">
    <p class='ocr_par' dir='ltr' id='par_1_42' title="bbox 185 2668 1773 2740">
     <span class='ocr_line' id='line_1_42' title="bbox 185 2668 1773 2740; baseline -0.003 -16"><span class='ocrx_word' id='word_1_329' title='bbox 185 2671 426 2724; x_wconf 76' lang='grc' dir='ltr'>τοσούτω</span> <span class='ocrx_word' id='word_1_330' title='bbox 473 2671 636 2740; x_wconf 70' lang='grc' dir='ltr'><strong>τάχει</strong></span> <span class='ocrx_word' id='word_1_331' title='bbox 681 2670 936 2722; x_wconf 71' lang='grc' dir='ltr'>κάκεῖνον</span> <span class='ocrx_word' id='word_1_332' title='bbox 987 2671 1124 2738; x_wconf 76' lang='grc' dir='ltr'>πρὸς</span> <span class='ocrx_word' id='word_1_333' title='bbox 1179 2668 1268 2720; x_wconf 67' lang='grc' dir='ltr'><strong>τὴν</strong></span> <span class='ocrx_word' id='word_1_334' title='bbox 1313 2668 1414 2736; x_wconf 77' lang='grc' dir='ltr'><strong>τῆς</strong></span> <span class='ocrx_word' id='word_1_335' title='bbox 1457 2668 1773 2737; x_wconf 74' lang='grc' dir='ltr'>φιλοσοφίας</span> 
     </span>
    </p>
   </div>
   <div class='ocr_carea' id='block_1_43' title="bbox 189 2757 1771 2828">
    <p class='ocr_par' dir='ltr' id='par_1_43' title="bbox 189 2757 1771 2828">
     <span class='ocr_line' id='line_1_43' title="bbox 189 2757 1771 2828; baseline -0.003 -12"><span class='ocrx_word' id='word_1_336' title='bbox 189 2763 388 2816; x_wconf 72' lang='grc' dir='ltr'>σκοπὸν</span> <span class='ocrx_word' id='word_1_337' title='bbox 417 2759 800 2813; x_wconf 78' lang='grc' dir='ltr'>ἐπεσπάσατο.</span> <span class='ocrx_word' id='word_1_338' title='bbox 828 2757 1050 2813; x_wconf 79' lang='lat' dir='ltr'><strong>Videtur</strong></span> <span class='ocrx_word' id='word_1_339' title='bbox 1079 2759 1206 2812; x_wconf 88' lang='lat' dir='ltr'><strong>huic</strong></span> <span class='ocrx_word' id='word_1_340' title='bbox 1252 2759 1560 2812; x_wconf 86' lang='lat' dir='ltr'><strong>testimonio</strong></span> <span class='ocrx_word' id='word_1_341' title='bbox 1591 2761 1771 2828; x_wconf 82' lang='lat' dir='ltr'><strong>aliqua</strong></span> 
     </span>
    </p>
   </div>
   <div class='ocr_carea' id='block_1_44' title="bbox 191 2848 1772 2921">
    <p class='ocr_par' dir='ltr' id='par_1_44' title="bbox 191 2848 1772 2921">
     <span class='ocr_line' id='line_1_44' title="bbox 191 2848 1772 2921; baseline -0.005 -13"><span class='ocrx_word' id='word_1_342' title='bbox 191 2857 364 2910; x_wconf 75' lang='lat' dir='ltr'><strong>inesse</strong></span> <span class='ocrx_word' id='word_1_343' title='bbox 396 2852 773 2921; x_wconf 76' lang='lat' dir='ltr'><strong>exaggeratio.</strong></span> <span class='ocrx_word' id='word_1_344' title='bbox 811 2849 944 2902; x_wconf 85' lang='lat' dir='ltr'><strong>Nam</strong></span> <span class='ocrx_word' id='word_1_345' title='bbox 973 2859 1205 2902; x_wconf 74' lang='lat' dir='ltr'><strong>tesmtur</strong></span> <span class='ocrx_word' id='word_1_346' title='bbox 1221 2848 1516 2916; x_wconf 79' lang='lat' dir='ltr'><strong>Gregorius</strong></span> <span class='ocrx_word' id='word_1_347' title='bbox 1540 2849 1772 2902; x_wconf 63' lang='lat' dir='ltr'><strong>Nazian-</strong></span> 
     </span>
    </p>
   </div>
   <div class='ocr_carea' id='block_1_45' title="bbox 187 2941 1770 3016">
    <p class='ocr_par' dir='ltr' id='par_1_45' title="bbox 187 2941 1770 3016">
     <span class='ocr_line' id='line_1_45' title="bbox 187 2941 1770 3016; baseline -0.004 -16"><span class='ocrx_word' id='word_1_348' title='bbox 187 2963 352 3000; x_wconf 87' lang='lat' dir='ltr'><strong>zeaus</strong></span> <span class='ocrx_word' id='word_1_349' title='bbox 385 2945 458 3016; x_wconf 79' lang='grc' dir='ltr'><strong>(ε)</strong></span> <span class='ocrx_word' id='word_1_350' title='bbox 498 2959 557 2998; x_wconf 88' lang='lat' dir='ltr'><strong>se</strong></span> <span class='ocrx_word' id='word_1_351' title='bbox 601 2955 656 2997; x_wconf 90' lang='lat' dir='ltr'><strong>et</strong></span> <span class='ocrx_word' id='word_1_352' title='bbox 693 2942 953 2995; x_wconf 86' lang='lat' dir='ltr'><strong>Basilium</strong></span> <span class='ocrx_word' id='word_1_353' title='bbox 1009 2955 1184 2996; x_wconf 76' lang='lat' dir='ltr'><strong>scenae</strong></span> <span class='ocrx_word' id='word_1_354' title='bbox 1215 2943 1399 2994; x_wconf 89' lang='lat' dir='ltr'><strong>mundi</strong></span> <span class='ocrx_word' id='word_1_355' title='bbox 1431 2941 1638 3009; x_wconf 76' lang='lat' dir='ltr'><strong>aliquit]</strong></span> <span class='ocrx_word' id='word_1_356' title='bbox 1669 2943 1770 2995; x_wconf 89' lang='lat' dir='ltr'><strong>tri-</strong></span> 
     </span>
    </p>
   </div>
   <div class='ocr_carea' id='block_1_46' title="bbox 1875 1848 3444 1926">
    <p class='ocr_par' dir='ltr' id='par_1_46' title="bbox 1875 1848 3444 1926">
     <span class='ocr_line' id='line_1_46' title="bbox 1875 1848 3444 1926; baseline 0.006 -27"><span class='ocrx_word' id='word_1_357' title='bbox 1875 1848 2030 1899; x_wconf 77' lang='lat' dir='ltr'><strong>simul</strong></span> <span class='ocrx_word' id='word_1_358' title='bbox 2059 1863 2174 1900; x_wconf 85' lang='lat' dir='ltr'><strong>eum</strong></span> <span class='ocrx_word' id='word_1_359' title='bbox 2221 1856 2274 1901; x_wconf 84' lang='lat' dir='ltr'><strong>et</strong></span> <span class='ocrx_word' id='word_1_360' title='bbox 2319 1848 2554 1903; x_wconf 78' lang='lat' dir='ltr'><strong>ablueret</strong></span> <span class='ocrx_word' id='word_1_361' title='bbox 2586 1860 2634 1903; x_wconf 92' lang='lat' dir='ltr'><strong>et</strong></span> <span class='ocrx_word' id='word_1_362' title='bbox 2665 1853 2924 1919; x_wconf 78' lang='lat' dir='ltr'><strong>sapientia</strong></span> <span class='ocrx_word' id='word_1_363' title='bbox 2973 1853 3248 1908; x_wconf 75' lang='lat' dir='ltr'><strong>instrueret</strong></span> <span class='ocrx_word' id='word_1_364' title='bbox 3283 1857 3444 1926; x_wconf 79' lang='grc' dir='ltr'>(οὐδὲ</span> 
     </span>
    </p>
   </div>
   <div class='ocr_carea' id='block_1_47' title="bbox 1874 1938 3444 2012">
    <p class='ocr_par' dir='ltr' id='par_1_47' title="bbox 1874 1938 3444 2012">
     <span class='ocr_line' id='line_1_47' title="bbox 1874 1938 3444 2012; baseline 0.004 -22"><span class='ocrx_word' id='word_1_365' title='bbox 1874 1938 2010 2008; x_wconf 85' lang='grc' dir='ltr'>ὁμοῦ</span> <span class='ocrx_word' id='word_1_366' title='bbox 2043 1955 2102 1990; x_wconf 85' lang='grc' dir='ltr'>τε</span> <span class='ocrx_word' id='word_1_367' title='bbox 2139 1938 2388 1992; x_wconf 79' lang='grc' dir='ltr'>πλύνασα</span> <span class='ocrx_word' id='word_1_368' title='bbox 2411 1941 2506 1993; x_wconf 81' lang='grc' dir='ltr'><strong>καὶ</strong></span> <span class='ocrx_word' id='word_1_369' title='bbox 2543 1943 2860 2012; x_wconf 77' lang='grc' dir='ltr'>σοφίσασα),</span> <span class='ocrx_word' id='word_1_370' title='bbox 2885 1945 3319 2012; x_wconf 76' lang='lat' dir='ltr'><strong>quemadmodum</strong></span> <span class='ocrx_word' id='word_1_371' title='bbox 3339 1950 3444 2012; x_wconf 79' lang='lat' dir='ltr'><strong>pte-</strong></span> 
     </span>
    </p>
   </div>
   <div class='ocr_carea' id='block_1_48' title="bbox 1875 2033 3444 2104">
    <p class='ocr_par' dir='ltr' id='par_1_48' title="bbox 1875 2033 3444 2104">
     <span class='ocr_line' id='line_1_48' title="bbox 1875 2033 3444 2104; baseline 0.005 -23"><span class='ocrx_word' id='word_1_372' title='bbox 1875 2047 2063 2100; x_wconf 74' lang='lat' dir='ltr'><strong>rosque</strong></span> <span class='ocrx_word' id='word_1_373' title='bbox 2091 2047 2275 2085; x_wconf 85' lang='lat' dir='ltr'><strong>eorum</strong></span> <span class='ocrx_word' id='word_1_374' title='bbox 2304 2033 2393 2098; x_wconf 82' lang='lat' dir='ltr'><strong>qui</strong></span> <span class='ocrx_word' id='word_1_375' title='bbox 2427 2050 2562 2086; x_wconf 69' lang='lat' dir='ltr'><strong>nunc.</strong></span> <span class='ocrx_word' id='word_1_376' title='bbox 2599 2036 2897 2088; x_wconf 77' lang='lat' dir='ltr'><strong>antistitum</strong></span> <span class='ocrx_word' id='word_1_377' title='bbox 2949 2050 3137 2088; x_wconf 78' lang='lat' dir='ltr'><strong>munus</strong></span> <span class='ocrx_word' id='word_1_378' title='bbox 3160 2047 3444 2104; x_wconf 83' lang='lat' dir='ltr'><strong>appetunt:</strong></span> 
     </span>
    </p>
   </div>
   <div class='ocr_carea' id='block_1_49' title="bbox 1875 2123 3445 2194">
    <p class='ocr_par' dir='ltr' id='par_1_49' title="bbox 1875 2123 3445 2194">
     <span class='ocr_line' id='line_1_49' title="bbox 1875 2123 3445 2194; baseline 0.003 -21"><span class='ocrx_word' id='word_1_379' title='bbox 1875 2137 2051 2174; x_wconf 79' lang='lat' dir='ltr'><strong>verum</strong></span> <span class='ocrx_word' id='word_1_380' title='bbox 2089 2123 2272 2175; x_wconf 79' lang='lat' dir='ltr'><strong>ordine</strong></span> <span class='ocrx_word' id='word_1_381' title='bbox 2300 2133 2348 2176; x_wconf 88' lang='lat' dir='ltr'><strong>et</strong></span> <span class='ocrx_word' id='word_1_382' title='bbox 2383 2124 2680 2190; x_wconf 78' lang='lat' dir='ltr'><strong>spiritualt&#39;s</strong></span> <span class='ocrx_word' id='word_1_383' title='bbox 2709 2125 3096 2192; x_wconf 76' lang='lat' dir='ltr'><strong>progressionis</strong></span> <span class='ocrx_word' id='word_1_384' title='bbox 3148 2125 3256 2194; x_wconf 87' lang='lat' dir='ltr'><strong>lege</strong></span> <span class='ocrx_word' id='word_1_385' title='bbox 3285 2165 3299 2188; x_wconf 95' lang='lat'><strong>,</strong></span> <span class='ocrx_word' id='word_1_386' title='bbox 3349 2127 3445 2178; x_wconf 77' lang='lat' dir='ltr'><strong>hac</strong></span> 
     </span>
    </p>
   </div>
   <div class='ocr_carea' id='block_1_50' title="bbox 1877 2211 3446 2283">
    <p class='ocr_par' dir='ltr' id='par_1_50' title="bbox 1877 2211 3446 2283">
     <span class='ocr_line' id='line_1_50' title="bbox 1877 2211 3446 2283; baseline 0.004 -21"><span class='ocrx_word' id='word_1_387' title='bbox 1877 2227 1990 2263; x_wconf 86' lang='lat' dir='ltr'><strong>eum</strong></span> <span class='ocrx_word' id='word_1_388' title='bbox 2019 2211 2214 2265; x_wconf 82' lang='lat' dir='ltr'><strong>honore</strong></span> <span class='ocrx_word' id='word_1_389' title='bbox 2241 2212 2482 2281; x_wconf 77' lang='lat' dir='ltr'><strong>aﬁ&#39;iceret.</strong></span> <span class='ocrx_word' id='word_1_390' title='bbox 2529 2213 2641 2268; x_wconf 91' lang='lat' dir='ltr'><strong>lloc</strong></span> <span class='ocrx_word' id='word_1_391' title='bbox 2681 2215 2847 2268; x_wconf 84' lang='lat' dir='ltr'><strong>verbo</strong></span> <span class='ocrx_word' id='word_1_392' title='bbox 2877 2212 3124 2267; x_wconf 81' lang='grc' dir='ltr'>πλύνασα</span> <span class='ocrx_word' id='word_1_393' title='bbox 3151 2215 3446 2283; x_wconf 87' lang='lat' dir='ltr'><strong>baptismus</strong></span> 
     </span>
    </p>
   </div>
   <div class='ocr_carea' id='block_1_51' title="bbox 1877 2301 3446 2375">
    <p class='ocr_par' dir='ltr' id='par_1_51' title="bbox 1877 2301 3446 2375">
     <span class='ocr_line' id='line_1_51' title="bbox 1877 2301 3446 2375; baseline 0.004 -21"><span class='ocrx_word' id='word_1_394' title='bbox 1877 2301 2160 2356; x_wconf 81' lang='lat' dir='ltr'><strong>manifeste</strong></span> <span class='ocrx_word' id='word_1_395' title='bbox 2191 2303 2530 2373; x_wconf 81' lang='lat' dir='ltr'><strong>designatur.</strong></span> <span class='ocrx_word' id='word_1_396' title='bbox 2578 2303 2964 2369; x_wconf 87' lang='lat' dir='ltr'><strong>Quamobrem,</strong></span> <span class='ocrx_word' id='word_1_397' title='bbox 2995 2321 3116 2360; x_wconf 86' lang='lat' dir='ltr'><strong>cum</strong></span> <span class='ocrx_word' id='word_1_398' title='bbox 3152 2306 3446 2375; x_wconf 77' lang='lat' dir='ltr'><strong>Gregorius</strong></span> 
     </span>
    </p>
   </div>
   <div class='ocr_carea' id='block_1_52' title="bbox 1875 2393 3446 2464">
    <p class='ocr_par' dir='ltr' id='par_1_52' title="bbox 1875 2393 3446 2464">
     <span class='ocr_line' id='line_1_52' title="bbox 1875 2393 3446 2464; baseline 0.003 -18"><span class='ocrx_word' id='word_1_399' title='bbox 1875 2394 1940 2446; x_wconf 90' lang='lat' dir='ltr'><strong>de</strong></span> <span class='ocrx_word' id='word_1_400' title='bbox 1969 2393 2036 2446; x_wconf 89' lang='lat' dir='ltr'><strong>iis</strong></span> <span class='ocrx_word' id='word_1_401' title='bbox 2069 2393 2315 2462; x_wconf 86' lang='lat' dir='ltr'><strong>loquatur</strong></span> <span class='ocrx_word' id='word_1_402' title='bbox 2350 2410 2469 2463; x_wconf 77' lang='lat' dir='ltr'><strong>qua:</strong></span> <span class='ocrx_word' id='word_1_403' title='bbox 2503 2394 2726 2450; x_wconf 87' lang='lat' dir='ltr'><strong>Basilius</strong></span> <span class='ocrx_word' id='word_1_404' title='bbox 2781 2395 3008 2449; x_wconf 88' lang='lat' dir='ltr'><strong>Athenis</strong></span> <span class='ocrx_word' id='word_1_405' title='bbox 3045 2411 3294 2450; x_wconf 87' lang='lat' dir='ltr'><strong>reversus</strong></span> <span class='ocrx_word' id='word_1_406' title='bbox 3325 2411 3446 2464; x_wconf 84' lang='lat' dir='ltr'><strong>ges-</strong></span> 
     </span>
    </p>
   </div>
   <div class='ocr_carea' id='block_1_53' title="bbox 1883 2485 3444 2556">
    <p class='ocr_par' dir='ltr' id='par_1_53' title="bbox 1883 2485 3444 2556">
     <span class='ocr_line' id='line_1_53' title="bbox 1883 2485 3444 2556; baseline 0.002 -19"><span class='ocrx_word' id='word_1_407' title='bbox 1883 2485 1974 2547; x_wconf 86' lang='lat' dir='ltr'><strong>sit,</strong></span> <span class='ocrx_word' id='word_1_408' title='bbox 2011 2499 2240 2551; x_wconf 82' lang='lat' dir='ltr'><strong>eumque</strong></span> <span class='ocrx_word' id='word_1_409' title='bbox 2270 2485 2414 2538; x_wconf 83' lang='lat' dir='ltr'><strong>dicat</strong></span> <span class='ocrx_word' id='word_1_410' title='bbox 2435 2500 2542 2537; x_wconf 89' lang='lat' dir='ltr'><strong>non</strong></span> <span class='ocrx_word' id='word_1_411' title='bbox 2571 2486 2752 2538; x_wconf 85' lang='lat' dir='ltr'><strong>statim</strong></span> <span class='ocrx_word' id='word_1_412' title='bbox 2781 2486 3106 2554; x_wconf 88' lang='lat' dir='ltr'><strong>baptizatqu</strong></span> <span class='ocrx_word' id='word_1_413' title='bbox 3136 2493 3188 2538; x_wconf 91' lang='lat' dir='ltr'><strong>et</strong></span> <span class='ocrx_word' id='word_1_414' title='bbox 3221 2488 3444 2556; x_wconf 82' lang='lat' dir='ltr'><strong>presby-</strong></span> 
     </span>
    </p>
   </div>
   <div class='ocr_carea' id='block_1_54' title="bbox 1880 2575 3448 2643">
    <p class='ocr_par' dir='ltr' id='par_1_54' title="bbox 1880 2575 3448 2643">
     <span class='ocr_line' id='line_1_54' title="bbox 1880 2575 3448 2643; baseline 0.003 -17"><span class='ocrx_word' id='word_1_415' title='bbox 1880 2584 2049 2627; x_wconf 88' lang='lat' dir='ltr'><strong>terum</strong></span> <span class='ocrx_word' id='word_1_416' title='bbox 2087 2575 2292 2628; x_wconf 88' lang='lat' dir='ltr'><strong>factum</strong></span> <span class='ocrx_word' id='word_1_417' title='bbox 2323 2575 2511 2643; x_wconf 84' lang='lat' dir='ltr'><strong>fuisse,</strong></span> <span class='ocrx_word' id='word_1_418' title='bbox 2537 2589 2636 2630; x_wconf 88' lang='lat' dir='ltr'><strong>nec</strong></span> <span class='ocrx_word' id='word_1_419' title='bbox 2656 2576 2897 2640; x_wconf 81' lang='lat' dir='ltr'><strong>pbscura</strong></span> <span class='ocrx_word' id='word_1_420' title='bbox 2927 2591 3024 2631; x_wconf 90' lang='lat' dir='ltr'><strong>nec</strong></span> <span class='ocrx_word' id='word_1_421' title='bbox 3046 2577 3276 2630; x_wconf 72' lang='lat' dir='ltr'><strong>difficilis</strong></span> <span class='ocrx_word' id='word_1_422' title='bbox 3315 2593 3448 2631; x_wconf 86' lang='lat' dir='ltr'><strong>con-</strong></span> 
     </span>
    </p>
   </div>
   <div class='ocr_carea' id='block_1_55' title="bbox 1876 2666 3442 2737">
    <p class='ocr_par' dir='ltr' id='par_1_55' title="bbox 1876 2666 3442 2737">
     <span class='ocr_line' id='line_1_55' title="bbox 1876 2666 3442 2737; baseline 0.003 -19"><span class='ocrx_word' id='word_1_423' title='bbox 1876 2666 2049 2719; x_wconf 85' lang='lat' dir='ltr'><strong>clusio</strong></span> <span class='ocrx_word' id='word_1_424' title='bbox 2079 2677 2162 2721; x_wconf 89' lang='lat' dir='ltr'><strong>est</strong></span> <span class='ocrx_word' id='word_1_425' title='bbox 2189 2682 2312 2719; x_wconf 85' lang='lat' dir='ltr'><strong>eum</strong></span> <span class='ocrx_word' id='word_1_426' title='bbox 2352 2667 2644 2736; x_wconf 88' lang='lat' dir='ltr'><strong>baptismo,</strong></span> <span class='ocrx_word' id='word_1_427' title='bbox 2675 2677 2959 2737; x_wconf 86' lang='lat' dir='ltr'><strong>postquam</strong></span> <span class='ocrx_word' id='word_1_428' title='bbox 2993 2669 3221 2723; x_wconf 78' lang='lat' dir='ltr'><strong>Athenis</strong></span> <span class='ocrx_word' id='word_1_429' title='bbox 3266 2669 3442 2734; x_wconf 88' lang='lat' dir='ltr'><strong>rediit,</strong></span> 
     </span>
    </p>
   </div>
   <div class='ocr_carea' id='block_1_56' title="bbox 1881 2757 3446 2832">
    <p class='ocr_par' dir='ltr' id='par_1_56' title="bbox 1881 2757 3446 2832">
     <span class='ocr_line' id='line_1_56' title="bbox 1881 2757 3446 2832; baseline 0.004 -22"><span class='ocrx_word' id='word_1_430' title='bbox 1881 2758 2151 2811; x_wconf 87' lang='lat' dir='ltr'><strong>initiattun</strong></span> <span class='ocrx_word' id='word_1_431' title='bbox 2207 2757 2394 2813; x_wconf 89' lang='lat' dir='ltr'><strong>fuisse.</strong></span> <span class='ocrx_word' id='word_1_432' title='bbox 2435 2757 2702 2813; x_wconf 74' lang='lat' dir='ltr'><strong>Prteterea</strong></span> <span class='ocrx_word' id='word_1_433' title='bbox 2742 2761 2821 2814; x_wconf 90' lang='lat' dir='ltr'><strong>sic</strong></span> <span class='ocrx_word' id='word_1_434' title='bbox 2872 2761 3446 2832; x_wconf 80' lang='lat' dir='ltr'><strong>observatGregorius</strong></span> 
     </span>
    </p>
   </div>
   <div class='ocr_carea' id='block_1_57' title="bbox 1875 2851 3448 2922">
    <p class='ocr_par' dir='ltr' id='par_1_57' title="bbox 1875 2851 3448 2922">
     <span class='ocr_line' id='line_1_57' title="bbox 1875 2851 3448 2922; baseline 0.003 -18"><span class='ocrx_word' id='word_1_435' title='bbox 1875 2851 2220 2904; x_wconf 76' lang='lat' dir='ltr'><strong>intervallum</strong></span> <span class='ocrx_word' id='word_1_436' title='bbox 2249 2853 2391 2919; x_wconf 87' lang='lat' dir='ltr'><strong>quod</strong></span> <span class='ocrx_word' id='word_1_437' title='bbox 2431 2853 2570 2904; x_wconf 88' lang='lat' dir='ltr'><strong>inter</strong></span> <span class='ocrx_word' id='word_1_438' title='bbox 2605 2851 2784 2906; x_wconf 88' lang='lat' dir='ltr'><strong>Basilii</strong></span> <span class='ocrx_word' id='word_1_439' title='bbox 2819 2854 3141 2922; x_wconf 89' lang='lat' dir='ltr'><strong>baptismqu</strong></span> <span class='ocrx_word' id='word_1_440' title='bbox 3185 2867 3238 2909; x_wconf 93' lang='lat' dir='ltr'><strong>et</strong></span> <span class='ocrx_word' id='word_1_441' title='bbox 3270 2871 3448 2910; x_wconf 80' lang='lat' dir='ltr'><strong>sacer-</strong></span> 
     </span>
    </p>
   </div>
   <div class='ocr_carea' id='block_1_58' title="bbox 1876 2943 3446 3014">
    <p class='ocr_par' dir='ltr' id='par_1_58' title="bbox 1876 2943 3446 3014">
     <span class='ocr_line' id='line_1_58' title="bbox 1876 2943 3446 3014; baseline 0.002 -17"><span class='ocrx_word' id='word_1_442' title='bbox 1876 2945 2078 2997; x_wconf 84' lang='lat' dir='ltr'><strong>dotium</strong></span> <span class='ocrx_word' id='word_1_443' title='bbox 2105 2943 2332 3002; x_wconf 84' lang='lat' dir='ltr'><strong>exstitit,</strong></span> <span class='ocrx_word' id='word_1_444' title='bbox 2375 2943 2454 2998; x_wconf 89' lang='lat' dir='ltr'><strong>sic</strong></span> <span class='ocrx_word' id='word_1_445' title='bbox 2477 2958 2572 2997; x_wconf 89' lang='lat' dir='ltr'><strong>eos</strong></span> <span class='ocrx_word' id='word_1_446' title='bbox 2595 2946 2762 3012; x_wconf 89' lang='lat' dir='ltr'><strong>carpit</strong></span> <span class='ocrx_word' id='word_1_447' title='bbox 2791 2947 2882 3014; x_wconf 91' lang='lat' dir='ltr'><strong>qui</strong></span> <span class='ocrx_word' id='word_1_448' title='bbox 2914 2962 2942 2998; x_wconf 90' lang='lat' dir='ltr'><strong>a</strong></span> <span class='ocrx_word' id='word_1_449' title='bbox 2972 2947 3235 3012; x_wconf 85' lang='lat' dir='ltr'><strong>baptismo</strong></span> <span class='ocrx_word' id='word_1_450' title='bbox 3263 2947 3328 2998; x_wconf 89' lang='lat' dir='ltr'><strong>ad</strong></span> <span class='ocrx_word' id='word_1_451' title='bbox 3357 2962 3446 3000; x_wconf 86' lang='lat' dir='ltr'><strong>sa-</strong></span> 
     </span>
    </p>
   </div>
   <div class='ocr_carea' id='block_1_59' title="bbox 185 3032 3443 3129">
    <p class='ocr_par' dir='ltr' id='par_1_59' title="bbox 185 3032 3443 3129">
     <span class='ocr_line' id='line_1_59' title="bbox 185 3032 3443 3129; baseline 0.001 -39"><span class='ocrx_word' id='word_1_452' title='bbox 185 3041 389 3100; x_wconf 81' lang='lat' dir='ltr'><strong>lmisse,</strong></span> <span class='ocrx_word' id='word_1_453' title='bbox 423 3053 538 3091; x_wconf 87' lang='lat' dir='ltr'><strong>non</strong></span> <span class='ocrx_word' id='word_1_454' title='bbox 573 3033 960 3090; x_wconf 84' lang='lat' dir='ltr'><strong>ostentationis</strong></span> <span class='ocrx_word' id='word_1_455' title='bbox 992 3033 1176 3086; x_wconf 87' lang='lat' dir='ltr'><strong>studio</strong></span> <span class='ocrx_word' id='word_1_456' title='bbox 1206 3033 1299 3102; x_wconf 87' lang='lat' dir='ltr'><strong>(ab</strong></span> <span class='ocrx_word' id='word_1_457' title='bbox 1337 3034 1440 3086; x_wconf 92' lang='lat' dir='ltr'><strong>hoc</strong></span> <span class='ocrx_word' id='word_1_458' title='bbox 1467 3032 1612 3085; x_wconf 90' lang='lat' dir='ltr'><strong>enim</strong></span> <span class='ocrx_word' id='word_1_459' title='bbox 1643 3032 1770 3085; x_wconf 86' lang='lat' dir='ltr'><strong>vitio</strong></span> <span class='ocrx_word' id='word_1_460' title='bbox 1798 3073 1840 3129; x_wconf 64' lang='grc' dir='ltr'>ο</span> <span class='ocrx_word' id='word_1_461' title='bbox 1878 3035 2179 3090; x_wconf 88' lang='lat' dir='ltr'><strong>cerdotium</strong></span> <span class='ocrx_word' id='word_1_462' title='bbox 2211 3035 2481 3098; x_wconf 79' lang='lat' dir='ltr'><strong>assiliunt,</strong></span> <span class='ocrx_word' id='word_1_463' title='bbox 2513 3044 2572 3088; x_wconf 91' lang='lat' dir='ltr'><strong>ut</strong></span> <span class='ocrx_word' id='word_1_464' title='bbox 2607 3035 2748 3088; x_wconf 87' lang='lat' dir='ltr'><strong>laudi</strong></span> <span class='ocrx_word' id='word_1_465' title='bbox 2781 3046 3018 3105; x_wconf 88' lang='lat' dir='ltr'><strong>apponat</strong></span> <span class='ocrx_word' id='word_1_466' title='bbox 3045 3037 3262 3099; x_wconf 83' lang='lat' dir='ltr'><strong>Basilio,</strong></span> <span class='ocrx_word' id='word_1_467' title='bbox 3302 3043 3443 3107; x_wconf 89' lang='lat' dir='ltr'><strong>quod</strong></span> 
     </span>
    </p>
   </div>
   <div class='ocr_carea' id='block_1_60' title="bbox 181 3124 1771 3197">
    <p class='ocr_par' dir='ltr' id='par_1_60' title="bbox 181 3124 1771 3197">
     <span class='ocr_line' id='line_1_60' title="bbox 181 3124 1771 3197; baseline -0.004 -12"><span class='ocrx_word' id='word_1_468' title='bbox 181 3133 394 3185; x_wconf 77' lang='lat' dir='ltr'><strong>alienos</strong></span> <span class='ocrx_word' id='word_1_469' title='bbox 444 3144 568 3182; x_wconf 87' lang='lat' dir='ltr'><strong>sese</strong></span> <span class='ocrx_word' id='word_1_470' title='bbox 619 3127 835 3197; x_wconf 89' lang='lat' dir='ltr'><strong>fuisse),</strong></span> <span class='ocrx_word' id='word_1_471' title='bbox 873 3127 968 3180; x_wconf 93' lang='lat' dir='ltr'><strong>sed</strong></span> <span class='ocrx_word' id='word_1_472' title='bbox 1006 3135 1063 3178; x_wconf 93' lang='lat' dir='ltr'><strong>ut</strong></span> <span class='ocrx_word' id='word_1_473' title='bbox 1094 3125 1449 3194; x_wconf 89' lang='lat' dir='ltr'><strong>plurimorum</strong></span> <span class='ocrx_word' id='word_1_474' title='bbox 1499 3124 1771 3178; x_wconf 88' lang='lat' dir='ltr'><strong>desiderio</strong></span> 
     </span>
    </p>
   </div>
   <div class='ocr_carea' id='block_1_61' title="bbox 180 3215 1773 3291">
    <p class='ocr_par' dir='ltr' id='par_1_61' title="bbox 180 3215 1773 3291">
     <span class='ocr_line' id='line_1_61' title="bbox 180 3215 1773 3291; baseline -0.006 -15"><span class='ocrx_word' id='word_1_475' title='bbox 180 3221 564 3291; x_wconf 80' lang='lat' dir='ltr'><strong>perfunctorie</strong></span> <span class='ocrx_word' id='word_1_476' title='bbox 589 3219 994 3274; x_wconf 86' lang='lat' dir='ltr'><strong>satisfacerent.</strong></span> <span class='ocrx_word' id='word_1_477' title='bbox 1024 3215 1297 3269; x_wconf 89' lang='lat' dir='ltr'><strong>Lenienda</strong></span> <span class='ocrx_word' id='word_1_478' title='bbox 1329 3229 1459 3283; x_wconf 76' lang='lat' dir='ltr'><strong>ergo</strong></span> <span class='ocrx_word' id='word_1_479' title='bbox 1481 3216 1657 3284; x_wconf 90' lang='lat' dir='ltr'><strong>aliqua</strong></span> <span class='ocrx_word' id='word_1_480' title='bbox 1689 3216 1773 3268; x_wconf 80' lang='lat' dir='ltr'><strong>iu~</strong></span> 
     </span>
    </p>
   </div>
   <div class='ocr_carea' id='block_1_62' title="bbox 181 3307 1774 3384">
    <p class='ocr_par' dir='ltr' id='par_1_62' title="bbox 181 3307 1774 3384">
     <span class='ocr_line' id='line_1_62' title="bbox 181 3307 1774 3384; baseline -0.007 -16"><span class='ocrx_word' id='word_1_481' title='bbox 181 3315 586 3384; x_wconf 83' lang='lat' dir='ltr'><strong>terpretatioue</strong></span> <span class='ocrx_word' id='word_1_482' title='bbox 638 3313 800 3366; x_wconf 83' lang='lat' dir='ltr'><strong>verba</strong></span> <span class='ocrx_word' id='word_1_483' title='bbox 833 3309 1080 3380; x_wconf 82' lang='lat' dir='ltr'><strong>Gregorii</strong></span> <span class='ocrx_word' id='word_1_484' title='bbox 1118 3307 1382 3376; x_wconf 80' lang='lat' dir='ltr'><strong>Nysseui;</strong></span> <span class='ocrx_word' id='word_1_485' title='bbox 1432 3322 1529 3360; x_wconf 89' lang='lat' dir='ltr'><strong>nec</strong></span> <span class='ocrx_word' id='word_1_486' title='bbox 1575 3315 1774 3374; x_wconf 90' lang='lat' dir='ltr'><strong>putan-</strong></span> 
     </span>
    </p>
   </div>
   <div class='ocr_carea' id='block_1_63' title="bbox 181 3396 1768 3461">
    <p class='ocr_par' dir='ltr' id='par_1_63' title="bbox 181 3396 1768 3461">
     <span class='ocr_line' id='line_1_63' title="bbox 181 3396 1768 3461; baseline -0.006 -1"><span class='ocrx_word' id='word_1_487' title='bbox 181 3410 310 3460; x_wconf 88' lang='lat' dir='ltr'><strong>dum</strong></span> <span class='ocrx_word' id='word_1_488' title='bbox 341 3417 500 3459; x_wconf 89' lang='lat' dir='ltr'><strong>tanto</strong></span> <span class='ocrx_word' id='word_1_489' title='bbox 527 3405 666 3457; x_wconf 88' lang='lat' dir='ltr'><strong>fastu</strong></span> <span class='ocrx_word' id='word_1_490' title='bbox 699 3403 902 3457; x_wconf 90' lang='lat' dir='ltr'><strong>clatum</strong></span> <span class='ocrx_word' id='word_1_491' title='bbox 936 3401 1104 3454; x_wconf 89' lang='lat' dir='ltr'><strong>fuisse</strong></span> <span class='ocrx_word' id='word_1_492' title='bbox 1141 3397 1395 3453; x_wconf 90' lang='lat' dir='ltr'><strong>Basilium</strong></span> <span class='ocrx_word' id='word_1_493' title='bbox 1416 3439 1431 3461; x_wconf 94' lang='lat'><strong>,</strong></span> <span class='ocrx_word' id='word_1_494' title='bbox 1465 3397 1556 3451; x_wconf 87' lang='lat' dir='ltr'><strong>sed</strong></span> <span class='ocrx_word' id='word_1_495' title='bbox 1606 3396 1768 3461; x_wconf 83' lang='lat' dir='ltr'><strong>forte,</strong></span> 
     </span>
    </p>
   </div>
   <div class='ocr_carea' id='block_1_64' title="bbox 179 3487 1768 3564">
    <p class='ocr_par' dir='ltr' id='par_1_64' title="bbox 179 3487 1768 3564">
     <span class='ocr_line' id='line_1_64' title="bbox 179 3487 1768 3564; baseline -0.006 -13"><span class='ocrx_word' id='word_1_496' title='bbox 179 3503 304 3552; x_wconf 89' lang='lat' dir='ltr'><strong>dum</strong></span> <span class='ocrx_word' id='word_1_497' title='bbox 339 3495 678 3564; x_wconf 72' lang='lat' dir='ltr'><strong>eloquentiae</strong></span> <span class='ocrx_word' id='word_1_498' title='bbox 731 3508 843 3548; x_wconf 74' lang='lat' dir='ltr'><strong>sua:</strong></span> <span class='ocrx_word' id='word_1_499' title='bbox 897 3491 1194 3561; x_wconf 86' lang='lat' dir='ltr'><strong>specimina</strong></span> <span class='ocrx_word' id='word_1_500' title='bbox 1246 3489 1456 3543; x_wconf 89' lang='lat' dir='ltr'><strong>civibus</strong></span> <span class='ocrx_word' id='word_1_501' title='bbox 1507 3487 1768 3553; x_wconf 85' lang='lat' dir='ltr'><strong>exhibet,</strong></span> 
     </span>
    </p>
   </div>
   <div class='ocr_carea' id='block_1_65' title="bbox 179 3580 1769 3658">
    <p class='ocr_par' dir='ltr' id='par_1_65' title="bbox 179 3580 1769 3658">
     <span class='ocr_line' id='line_1_65' title="bbox 179 3580 1769 3658; baseline -0.004 -17"><span class='ocrx_word' id='word_1_502' title='bbox 179 3589 466 3658; x_wconf 82' lang='lat' dir='ltr'><strong>plausibus</strong></span> <span class='ocrx_word' id='word_1_503' title='bbox 506 3585 778 3640; x_wconf 87' lang='lat' dir='ltr'><strong>interdum</strong></span> <span class='ocrx_word' id='word_1_504' title='bbox 805 3583 1062 3638; x_wconf 88' lang='lat' dir='ltr'><strong>delectari</strong></span> <span class='ocrx_word' id='word_1_505' title='bbox 1095 3582 1266 3635; x_wconf 86' lang='lat' dir='ltr'><strong>visum</strong></span> <span class='ocrx_word' id='word_1_506' title='bbox 1297 3595 1454 3645; x_wconf 89' lang='lat' dir='ltr'><strong>esse;</strong></span> <span class='ocrx_word' id='word_1_507' title='bbox 1486 3580 1626 3634; x_wconf 90' lang='lat' dir='ltr'><strong>unde</strong></span> <span class='ocrx_word' id='word_1_508' title='bbox 1659 3594 1769 3634; x_wconf 91' lang='lat' dir='ltr'><strong>me-</strong></span> 
     </span>
    </p>
   </div>
   <div class='ocr_carea' id='block_1_66' title="bbox 181 3671 1765 3750">
    <p class='ocr_par' dir='ltr' id='par_1_66' title="bbox 181 3671 1765 3750">
     <span class='ocr_line' id='line_1_66' title="bbox 181 3671 1765 3750; baseline -0.005 -16"><span class='ocrx_word' id='word_1_509' title='bbox 181 3697 266 3735; x_wconf 84' lang='lat' dir='ltr'><strong>tus</strong></span> <span class='ocrx_word' id='word_1_510' title='bbox 293 3683 542 3750; x_wconf 85' lang='lat' dir='ltr'><strong>injectus</strong></span> <span class='ocrx_word' id='word_1_511' title='bbox 573 3677 774 3740; x_wconf 86' lang='lat' dir='ltr'><strong>sorori,</strong></span> <span class='ocrx_word' id='word_1_512' title='bbox 805 3691 872 3728; x_wconf 91' lang='lat' dir='ltr'><strong>ne</strong></span> <span class='ocrx_word' id='word_1_513' title='bbox 906 3675 993 3728; x_wconf 85' lang='lat' dir='ltr'><strong>his</strong></span> <span class='ocrx_word' id='word_1_514' title='bbox 1018 3674 1229 3741; x_wconf 88' lang='lat' dir='ltr'><strong>laqueis</strong></span> <span class='ocrx_word' id='word_1_515' title='bbox 1259 3671 1466 3725; x_wconf 90' lang='lat' dir='ltr'><strong>arctius</strong></span> <span class='ocrx_word' id='word_1_516' title='bbox 1501 3671 1765 3736; x_wconf 90' lang='lat' dir='ltr'><strong>irretitus,</strong></span> 
     </span>
    </p>
   </div>
   <div class='ocr_carea' id='block_1_67' title="bbox 177 3763 1770 3838">
    <p class='ocr_par' dir='ltr' id='par_1_67' title="bbox 177 3763 1770 3838">
     <span class='ocr_line' id='line_1_67' title="bbox 177 3763 1770 3838; baseline -0.005 -14"><span class='ocrx_word' id='word_1_517' title='bbox 177 3773 441 3838; x_wconf 81' lang='lat' dir='ltr'><strong>deinceps</strong></span> <span class='ocrx_word' id='word_1_518' title='bbox 478 3783 541 3824; x_wconf 92' lang='lat' dir='ltr'><strong>se</strong></span> <span class='ocrx_word' id='word_1_519' title='bbox 568 3769 828 3836; x_wconf 81' lang='lat' dir='ltr'><strong>expedire</strong></span> <span class='ocrx_word' id='word_1_520' title='bbox 864 3783 965 3820; x_wconf 82' lang='lat' dir='ltr'><strong>non</strong></span> <span class='ocrx_word' id='word_1_521' title='bbox 994 3773 1194 3834; x_wconf 87' lang='lat' dir='ltr'><strong>posset.</strong></span> <span class='ocrx_word' id='word_1_522' title='bbox 1227 3763 1493 3817; x_wconf 61' lang='lat' dir='ltr'><strong>Praeterea</strong></span> <span class='ocrx_word' id='word_1_523' title='bbox 1521 3777 1620 3817; x_wconf 89' lang='lat' dir='ltr'><strong>nec</strong></span> <span class='ocrx_word' id='word_1_524' title='bbox 1655 3763 1770 3831; x_wconf 86' lang='lat' dir='ltr'><strong>ipsa</strong></span> 
     </span>
    </p>
   </div>
   <div class='ocr_carea' id='block_1_68' title="bbox 179 3853 1772 3923">
    <p class='ocr_par' dir='ltr' id='par_1_68' title="bbox 179 3853 1772 3923">
     <span class='ocr_line' id='line_1_68' title="bbox 179 3853 1772 3923; baseline -0.007 -6"><span class='ocrx_word' id='word_1_525' title='bbox 179 3863 420 3917; x_wconf 62' lang='lat' dir='ltr'><strong>Edacrina</strong></span> <span class='ocrx_word' id='word_1_526' title='bbox 452 3871 646 3915; x_wconf 89' lang='lat' dir='ltr'><strong>auctor</strong></span> <span class='ocrx_word' id='word_1_527' title='bbox 671 3859 771 3912; x_wconf 91' lang='lat' dir='ltr'><strong>fuit</strong></span> <span class='ocrx_word' id='word_1_528' title='bbox 801 3857 1020 3923; x_wconf 85' lang='lat' dir='ltr'><strong>Basilio,</strong></span> <span class='ocrx_word' id='word_1_529' title='bbox 1045 3865 1105 3908; x_wconf 91' lang='lat' dir='ltr'><strong>ut</strong></span> <span class='ocrx_word' id='word_1_530' title='bbox 1141 3855 1436 3909; x_wconf 89' lang='lat' dir='ltr'><strong>asceticam</strong></span> <span class='ocrx_word' id='word_1_531' title='bbox 1457 3853 1622 3907; x_wconf 87' lang='lat' dir='ltr'><strong>vitam</strong></span> <span class='ocrx_word' id='word_1_532' title='bbox 1656 3869 1772 3907; x_wconf 86' lang='lat' dir='ltr'><strong>am-</strong></span> 
     </span>
    </p>
   </div>
   <div class='ocr_carea' id='block_1_69' title="bbox 179 3946 1768 4022">
    <p class='ocr_par' dir='ltr' id='par_1_69' title="bbox 179 3946 1768 4022">
     <span class='ocr_line' id='line_1_69' title="bbox 179 3946 1768 4022; baseline -0.008 -13"><span class='ocrx_word' id='word_1_533' title='bbox 179 3958 541 4022; x_wconf 89' lang='lat' dir='ltr'><strong>plecteretur,</strong></span> <span class='ocrx_word' id='word_1_534' title='bbox 575 3951 672 4005; x_wconf 92' lang='lat' dir='ltr'><strong>sed</strong></span> <span class='ocrx_word' id='word_1_535' title='bbox 703 3959 908 4004; x_wconf 87' lang='lat' dir='ltr'><strong>tantum</strong></span> <span class='ocrx_word' id='word_1_536' title='bbox 939 3948 1142 4002; x_wconf 88' lang='lat' dir='ltr'><strong>hortari</strong></span> <span class='ocrx_word' id='word_1_537' title='bbox 1179 3947 1375 4014; x_wconf 88' lang='lat' dir='ltr'><strong>potuit,</strong></span> <span class='ocrx_word' id='word_1_538' title='bbox 1402 3955 1460 3999; x_wconf 92' lang='lat' dir='ltr'><strong>ut</strong></span> <span class='ocrx_word' id='word_1_539' title='bbox 1486 3946 1768 3999; x_wconf 89' lang='lat' dir='ltr'><strong>consilium</strong></span> 
     </span>
    </p>
   </div>
   <div class='ocr_carea' id='block_1_70' title="bbox 182 4037 1768 4116">
    <p class='ocr_par' dir='ltr' id='par_1_70' title="bbox 182 4037 1768 4116">
     <span class='ocr_line' id='line_1_70' title="bbox 182 4037 1768 4116; baseline -0.007 -14"><span class='ocrx_word' id='word_1_540' title='bbox 182 4049 496 4116; x_wconf 73' lang='lat' dir='ltr'><strong>perficeret,</strong></span> <span class='ocrx_word' id='word_1_541' title='bbox 524 4043 671 4112; x_wconf 90' lang='lat' dir='ltr'><strong>quod</strong></span> <span class='ocrx_word' id='word_1_542' title='bbox 704 4043 908 4096; x_wconf 89' lang='lat' dir='ltr'><strong>dudum</strong></span> <span class='ocrx_word' id='word_1_543' title='bbox 953 4041 1288 4102; x_wconf 87' lang='lat' dir='ltr'><strong>intendebat,</strong></span> <span class='ocrx_word' id='word_1_544' title='bbox 1327 4047 1514 4108; x_wconf 88' lang='lat' dir='ltr'><strong>atque,</strong></span> <span class='ocrx_word' id='word_1_545' title='bbox 1552 4047 1606 4092; x_wconf 93' lang='lat' dir='ltr'><strong>ut</strong></span> <span class='ocrx_word' id='word_1_546' title='bbox 1634 4037 1768 4092; x_wconf 88' lang='lat' dir='ltr'><strong>dici-</strong></span> 
     </span>
    </p>
   </div>
   <div class='ocr_carea' id='block_1_71' title="bbox 183 4131 931 4199">
    <p class='ocr_par' dir='ltr' id='par_1_71' title="bbox 183 4131 931 4199">
     <span class='ocr_line' id='line_1_71' title="bbox 183 4131 931 4199; baseline -0.009 -10"><span class='ocrx_word' id='word_1_547' title='bbox 183 4151 292 4199; x_wconf 88' lang='lat' dir='ltr'><strong>tur,</strong></span> <span class='ocrx_word' id='word_1_548' title='bbox 326 4143 650 4189; x_wconf 88' lang='lat' dir='ltr'><strong>currentem</strong></span> <span class='ocrx_word' id='word_1_549' title='bbox 683 4131 931 4184; x_wconf 85' lang='lat' dir='ltr'><strong>incitare.</strong></span> 
     </span>
    </p>
   </div>
   <div class='ocr_carea' id='block_1_72' title="bbox 251 4217 1768 4291">
    <p class='ocr_par' dir='ltr' id='par_1_72' title="bbox 251 4217 1768 4291">
     <span class='ocr_line' id='line_1_72' title="bbox 251 4217 1768 4291; baseline -0.004 -13"><span class='ocrx_word' id='word_1_550' title='bbox 251 4225 316 4278; x_wconf 95' lang='lat' dir='ltr'><strong>ll.</strong></span> <span class='ocrx_word' id='word_1_551' title='bbox 347 4225 552 4278; x_wconf 79' lang='lat' dir='ltr'><strong>Narrat</strong></span> <span class='ocrx_word' id='word_1_552' title='bbox 579 4221 814 4277; x_wconf 76' lang='lat' dir='ltr'><strong>BaSilius</strong></span> <span class='ocrx_word' id='word_1_553' title='bbox 843 4221 920 4291; x_wconf 80' lang='grc' dir='ltr'><strong>(ά)</strong></span> <span class='ocrx_word' id='word_1_554' title='bbox 964 4219 1236 4290; x_wconf 84' lang='lat' dir='ltr'><strong>quomodo</strong></span> <span class='ocrx_word' id='word_1_555' title='bbox 1271 4217 1442 4273; x_wconf 75' lang='lat' dir='ltr'><strong>effuso</strong></span> <span class='ocrx_word' id='word_1_556' title='bbox 1479 4219 1530 4272; x_wconf 95' lang='lat' dir='ltr'><strong>in</strong></span> <span class='ocrx_word' id='word_1_557' title='bbox 1563 4233 1768 4288; x_wconf 87' lang='lat' dir='ltr'><strong>paupe-</strong></span> 
     </span>
    </p>
   </div>
   <div class='ocr_carea' id='block_1_73' title="bbox 179 4310 1770 4385">
    <p class='ocr_par' dir='ltr' id='par_1_73' title="bbox 179 4310 1770 4385">
     <span class='ocr_line' id='line_1_73' title="bbox 179 4310 1770 4385; baseline -0.004 -15"><span class='ocrx_word' id='word_1_558' title='bbox 179 4331 271 4370; x_wconf 89' lang='lat' dir='ltr'><strong>res</strong></span> <span class='ocrx_word' id='word_1_559' title='bbox 296 4315 634 4385; x_wconf 85' lang='lat' dir='ltr'><strong>patrimonio</strong></span> <span class='ocrx_word' id='word_1_560' title='bbox 675 4323 844 4367; x_wconf 87' lang='lat' dir='ltr'><strong>totum</strong></span> <span class='ocrx_word' id='word_1_561' title='bbox 892 4328 951 4367; x_wconf 89' lang='lat' dir='ltr'><strong>se</strong></span> <span class='ocrx_word' id='word_1_562' title='bbox 1001 4313 1108 4366; x_wconf 89' lang='lat' dir='ltr'><strong>Deo</strong></span> <span class='ocrx_word' id='word_1_563' title='bbox 1145 4311 1573 4365; x_wconf 88' lang='lat' dir='ltr'><strong>consecraverit.</strong></span> <span class='ocrx_word' id='word_1_564' title='bbox 1625 4310 1770 4364; x_wconf 88' lang='lat' dir='ltr'><strong>Idem</strong></span> 
     </span>
    </p>
   </div>
   <div class='ocr_carea' id='block_1_74' title="bbox 1875 3122 3446 3196">
    <p class='ocr_par' dir='ltr' id='par_1_74' title="bbox 1875 3122 3446 3196">
     <span class='ocr_line' id='line_1_74' title="bbox 1875 3122 3446 3196; baseline 0.003 -19"><span class='ocrx_word' id='word_1_565' title='bbox 1875 3139 1982 3178; x_wconf 86' lang='lat' dir='ltr'><strong>non</strong></span> <span class='ocrx_word' id='word_1_566' title='bbox 2017 3122 2282 3190; x_wconf 73' lang='lat' dir='ltr'><strong>ejusmodi</strong></span> <span class='ocrx_word' id='word_1_567' title='bbox 2313 3123 2560 3178; x_wconf 86' lang='lat' dir='ltr'><strong>homines</strong></span> <span class='ocrx_word' id='word_1_568' title='bbox 2611 3124 2850 3178; x_wconf 87' lang='lat' dir='ltr'><strong>imitatus</strong></span> <span class='ocrx_word' id='word_1_569' title='bbox 2883 3126 2976 3189; x_wconf 85' lang='lat' dir='ltr'><strong>sit,</strong></span> <span class='ocrx_word' id='word_1_570' title='bbox 3027 3141 3152 3180; x_wconf 88' lang='lat' dir='ltr'><strong>cum</strong></span> <span class='ocrx_word' id='word_1_571' title='bbox 3183 3129 3446 3196; x_wconf 89' lang='lat' dir='ltr'><strong>potuisset</strong></span> 
     </span>
    </p>
   </div>
   <div class='ocr_carea' id='block_1_75' title="bbox 1876 3213 3446 3288">
    <p class='ocr_par' dir='ltr' id='par_1_75' title="bbox 1876 3213 3446 3288">
     <span class='ocr_line' id='line_1_75' title="bbox 1876 3213 3446 3288; baseline 0.005 -23"><span class='ocrx_word' id='word_1_572' title='bbox 1876 3213 2098 3266; x_wconf 88' lang='lat' dir='ltr'><strong>imitari.</strong></span> <span class='ocrx_word' id='word_1_573' title='bbox 2129 3215 2198 3266; x_wconf 84' lang='lat' dir='ltr'><strong>At</strong></span> <span class='ocrx_word' id='word_1_574' title='bbox 2232 3215 2320 3280; x_wconf 88' lang='lat' dir='ltr'><strong>qui</strong></span> <span class='ocrx_word' id='word_1_575' title='bbox 2353 3213 2534 3268; x_wconf 85' lang='lat' dir='ltr'><strong>infans</strong></span> <span class='ocrx_word' id='word_1_576' title='bbox 2556 3223 2650 3266; x_wconf 87' lang='lat' dir='ltr'><strong>aut</strong></span> <span class='ocrx_word' id='word_1_577' title='bbox 2679 3215 2996 3270; x_wconf 82' lang='lat' dir='ltr'><strong>adolescens</strong></span> <span class='ocrx_word' id='word_1_578' title='bbox 3019 3219 3318 3286; x_wconf 89' lang='lat' dir='ltr'><strong>baptizatus</strong></span> <span class='ocrx_word' id='word_1_579' title='bbox 3340 3231 3446 3288; x_wconf 84' lang='lat' dir='ltr'><strong>est,</strong></span> 
     </span>
    </p>
   </div>
   <div class='ocr_carea' id='block_1_76' title="bbox 1873 3305 3446 3379">
    <p class='ocr_par' dir='ltr' id='par_1_76' title="bbox 1873 3305 3446 3379">
     <span class='ocr_line' id='line_1_76' title="bbox 1873 3305 3446 3379; baseline 0.004 -23"><span class='ocrx_word' id='word_1_580' title='bbox 1873 3319 1942 3356; x_wconf 85' lang='lat' dir='ltr'><strong>an</strong></span> <span class='ocrx_word' id='word_1_581' title='bbox 1976 3305 2188 3358; x_wconf 88' lang='lat' dir='ltr'><strong>laudem</strong></span> <span class='ocrx_word' id='word_1_582' title='bbox 2221 3315 2461 3360; x_wconf 90' lang='lat' dir='ltr'><strong>meretur</strong></span> <span class='ocrx_word' id='word_1_583' title='bbox 2494 3305 2564 3358; x_wconf 90' lang='lat' dir='ltr'><strong>ob</strong></span> <span class='ocrx_word' id='word_1_584' title='bbox 2593 3307 2955 3361; x_wconf 82' lang='lat' dir='ltr'><strong>sacerdotium</strong></span> <span class='ocrx_word' id='word_1_585' title='bbox 3003 3325 3106 3362; x_wconf 92' lang='lat' dir='ltr'><strong>non</strong></span> <span class='ocrx_word' id='word_1_586' title='bbox 3136 3311 3317 3363; x_wconf 89' lang='lat' dir='ltr'><strong>statim</strong></span> <span class='ocrx_word' id='word_1_587' title='bbox 3351 3327 3446 3379; x_wconf 87' lang='lat' dir='ltr'><strong>ap-</strong></span> 
     </span>
    </p>
   </div>
   <div class='ocr_carea' id='block_1_77' title="bbox 1874 3397 2139 3466">
    <p class='ocr_par' dir='ltr' id='par_1_77' title="bbox 1874 3397 2139 3466">
     <span class='ocr_line' id='line_1_77' title="bbox 1874 3397 2139 3466; baseline 0 -16"><span class='ocrx_word' id='word_1_588' title='bbox 1874 3397 2094 3466; x_wconf 90' lang='lat' dir='ltr'><strong>petitum</strong></span> <span class='ocrx_word' id='word_1_589' title='bbox 2117 3397 2139 3450; x_wconf 90' lang='lat'><strong>?</strong></span> 
     </span>
    </p>
   </div>
   <div class='ocr_carea' id='block_1_78' title="bbox 1947 3489 3446 3559">
    <p class='ocr_par' dir='ltr' id='par_1_78' title="bbox 1947 3489 3446 3559">
     <span class='ocr_line' id='line_1_78' title="bbox 1947 3489 3446 3559; baseline 0.003 -16"><span class='ocrx_word' id='word_1_590' title='bbox 1947 3489 2204 3543; x_wconf 83' lang='lat' dir='ltr'><strong>Basilium</strong></span> <span class='ocrx_word' id='word_1_591' title='bbox 2239 3489 2536 3559; x_wconf 84' lang='lat' dir='ltr'><strong>baptizavit</strong></span> <span class='ocrx_word' id='word_1_592' title='bbox 2571 3490 2791 3546; x_wconf 84' lang='lat' dir='ltr'><strong>Dianius</strong></span> <span class='ocrx_word' id='word_1_593' title='bbox 2834 3491 3203 3548; x_wconf 78' lang='lat' dir='ltr'><strong>Ctesariensis.</strong></span> <span class='ocrx_word' id='word_1_594' title='bbox 3255 3494 3446 3549; x_wconf 85' lang='lat' dir='ltr'><strong>Testa-</strong></span> 
     </span>
    </p>
   </div>
   <div class='ocr_carea' id='block_1_79' title="bbox 1873 3580 3443 3650">
    <p class='ocr_par' dir='ltr' id='par_1_79' title="bbox 1873 3580 3443 3650">
     <span class='ocr_line' id='line_1_79' title="bbox 1873 3580 3443 3650; baseline 0.004 -16"><span class='ocrx_word' id='word_1_595' title='bbox 1873 3589 1960 3634; x_wconf 91' lang='lat' dir='ltr'><strong>tur</strong></span> <span class='ocrx_word' id='word_1_596' title='bbox 1997 3581 2144 3633; x_wconf 92' lang='lat' dir='ltr'><strong>enim</strong></span> <span class='ocrx_word' id='word_1_597' title='bbox 2175 3580 2250 3650; x_wconf 85' lang='lat' dir='ltr'><strong>(g)</strong></span> <span class='ocrx_word' id='word_1_598' title='bbox 2285 3595 2344 3636; x_wconf 88' lang='lat' dir='ltr'><strong>se</strong></span> <span class='ocrx_word' id='word_1_599' title='bbox 2391 3597 2418 3634; x_wconf 90' lang='lat' dir='ltr'><strong>a</strong></span> <span class='ocrx_word' id='word_1_600' title='bbox 2475 3582 2612 3645; x_wconf 83' lang='lat' dir='ltr'><strong>viro,</strong></span> <span class='ocrx_word' id='word_1_601' title='bbox 2659 3584 2749 3650; x_wconf 88' lang='lat' dir='ltr'><strong>qui</strong></span> <span class='ocrx_word' id='word_1_602' title='bbox 2793 3584 2880 3636; x_wconf 90' lang='lat' dir='ltr'><strong>diu</strong></span> <span class='ocrx_word' id='word_1_603' title='bbox 2915 3585 2964 3637; x_wconf 91' lang='lat' dir='ltr'><strong>in</strong></span> <span class='ocrx_word' id='word_1_604' title='bbox 3003 3585 3304 3639; x_wconf 86' lang='lat' dir='ltr'><strong>ministerio</strong></span> <span class='ocrx_word' id='word_1_605' title='bbox 3349 3587 3443 3640; x_wconf 81' lang='lat' dir='ltr'><strong>Dei</strong></span> 
     </span>
    </p>
   </div>
   <div class='ocr_carea' id='block_1_80' title="bbox 1879 3671 3448 3740">
    <p class='ocr_par' dir='ltr' id='par_1_80' title="bbox 1879 3671 3448 3740">
     <span class='ocr_line' id='line_1_80' title="bbox 1879 3671 3448 3740; baseline 0.003 -16"><span class='ocrx_word' id='word_1_606' title='bbox 1879 3672 2036 3736; x_wconf 81' lang='lat' dir='ltr'><strong>vixit,</strong></span> <span class='ocrx_word' id='word_1_607' title='bbox 2079 3671 2411 3740; x_wconf 82' lang='lat' dir='ltr'><strong>baptizatum</strong></span> <span class='ocrx_word' id='word_1_608' title='bbox 2441 3673 2609 3726; x_wconf 90' lang='lat' dir='ltr'><strong>fuisse</strong></span> <span class='ocrx_word' id='word_1_609' title='bbox 2641 3685 2692 3726; x_wconf 90' lang='lat' dir='ltr'><strong>et</strong></span> <span class='ocrx_word' id='word_1_610' title='bbox 2735 3675 2988 3728; x_wconf 73' lang='lat' dir='ltr'><strong>Ecclesiae</strong></span> <span class='ocrx_word' id='word_1_611' title='bbox 3023 3675 3322 3729; x_wconf 91' lang='lat' dir='ltr'><strong>ministerio</strong></span> <span class='ocrx_word' id='word_1_612' title='bbox 3353 3677 3448 3728; x_wconf 87' lang='lat' dir='ltr'><strong>ad-</strong></span> 
     </span>
    </p>
   </div>
   <div class='ocr_carea' id='block_1_81' title="bbox 1872 3763 3444 3834">
    <p class='ocr_par' dir='ltr' id='par_1_81' title="bbox 1872 3763 3444 3834">
     <span class='ocr_line' id='line_1_81' title="bbox 1872 3763 3444 3834; baseline 0.004 -18"><span class='ocrx_word' id='word_1_613' title='bbox 1872 3772 2102 3817; x_wconf 90' lang='lat' dir='ltr'><strong>motum.</strong></span> <span class='ocrx_word' id='word_1_614' title='bbox 2138 3763 2247 3817; x_wconf 89' lang='lat' dir='ltr'><strong>Soli</strong></span> <span class='ocrx_word' id='word_1_615' title='bbox 2285 3763 2472 3816; x_wconf 86' lang='lat' dir='ltr'><strong>Dianio</strong></span> <span class='ocrx_word' id='word_1_616' title='bbox 2499 3763 2612 3818; x_wconf 57' lang='lat' dir='ltr'><strong>haec</strong></span> <span class='ocrx_word' id='word_1_617' title='bbox 2633 3765 2783 3832; x_wconf 88' lang='lat' dir='ltr'><strong>signa</strong></span> <span class='ocrx_word' id='word_1_618' title='bbox 2817 3777 3135 3834; x_wconf 81' lang='lat' dir='ltr'><strong>congruunt.</strong></span> <span class='ocrx_word' id='word_1_619' title='bbox 3171 3767 3302 3820; x_wconf 81' lang='lat' dir='ltr'><strong>Nam</strong></span> <span class='ocrx_word' id='word_1_620' title='bbox 3321 3783 3444 3822; x_wconf 91' lang='lat' dir='ltr'><strong>cum</strong></span> 
     </span>
    </p>
   </div>
   <div class='ocr_carea' id='block_1_82' title="bbox 1873 3855 3446 3924">
    <p class='ocr_par' dir='ltr' id='par_1_82' title="bbox 1873 3855 3446 3924">
     <span class='ocr_line' id='line_1_82' title="bbox 1873 3855 3446 3924; baseline 0.001 -14"><span class='ocrx_word' id='word_1_621' title='bbox 1873 3857 1918 3911; x_wconf 88' lang='lat' dir='ltr'><strong>is</strong></span> <span class='ocrx_word' id='word_1_622' title='bbox 1941 3858 2008 3910; x_wconf 87' lang='lat' dir='ltr'><strong>ab</strong></span> <span class='ocrx_word' id='word_1_623' title='bbox 2035 3869 2174 3910; x_wconf 90' lang='lat' dir='ltr'><strong>anno</strong></span> <span class='ocrx_word' id='word_1_624' title='bbox 2203 3855 2390 3910; x_wconf 72' lang='lat' dir='ltr'><strong>saltem</strong></span> <span class='ocrx_word' id='word_1_625' title='bbox 2419 3855 2545 3918; x_wconf 71' lang='lat'><strong>5:“,</strong></span> <span class='ocrx_word' id='word_1_626' title='bbox 2570 3871 2677 3924; x_wconf 91' lang='lat' dir='ltr'><strong>quo</strong></span> <span class='ocrx_word' id='word_1_627' title='bbox 2709 3855 2948 3909; x_wconf 89' lang='lat' dir='ltr'><strong>interfuit</strong></span> <span class='ocrx_word' id='word_1_628' title='bbox 2995 3858 3227 3910; x_wconf 89' lang='lat' dir='ltr'><strong>concilio</strong></span> <span class='ocrx_word' id='word_1_629' title='bbox 3253 3858 3446 3912; x_wconf 83' lang='lat' dir='ltr'><strong>Antio-</strong></span> 
     </span>
    </p>
   </div>
   <div class='ocr_carea' id='block_1_83' title="bbox 1875 3945 3444 4015">
    <p class='ocr_par' dir='ltr' id='par_1_83' title="bbox 1875 3945 3444 4015">
     <span class='ocr_line' id='line_1_83' title="bbox 1875 3945 3444 4015; baseline 0.001 -15"><span class='ocrx_word' id='word_1_630' title='bbox 1875 3947 2052 4002; x_wconf 84' lang='lat' dir='ltr'><strong>cheno</strong></span> <span class='ocrx_word' id='word_1_631' title='bbox 2080 3961 2250 4015; x_wconf 87' lang='lat' dir='ltr'><strong>usque</strong></span> <span class='ocrx_word' id='word_1_632' title='bbox 2281 3949 2348 4000; x_wconf 83' lang='lat' dir='ltr'><strong>ad</strong></span> <span class='ocrx_word' id='word_1_633' title='bbox 2375 3962 2575 4000; x_wconf 88' lang='lat' dir='ltr'><strong>annum</strong></span> <span class='ocrx_word' id='word_1_634' title='bbox 2607 3945 2712 3998; x_wconf 70' lang='lat'><strong>562</strong></span> <span class='ocrx_word' id='word_1_635' title='bbox 2737 3945 3028 4000; x_wconf 81' lang='lat' dir='ltr'><strong>Ecclesium</strong></span> <span class='ocrx_word' id='word_1_636' title='bbox 3055 3946 3444 4002; x_wconf 65' lang='lat' dir='ltr'><strong>Cmsariensent</strong></span> 
     </span>
    </p>
   </div>
   <div class='ocr_carea' id='block_1_84' title="bbox 1875 4036 3442 4104">
    <p class='ocr_par' dir='ltr' id='par_1_84' title="bbox 1875 4036 3442 4104">
     <span class='ocr_line' id='line_1_84' title="bbox 1875 4036 3442 4104; baseline -0.002 -11"><span class='ocrx_word' id='word_1_637' title='bbox 1875 4039 2112 4102; x_wconf 86' lang='lat' dir='ltr'><strong>rexerit;</strong></span> <span class='ocrx_word' id='word_1_638' title='bbox 2141 4053 2241 4092; x_wconf 89' lang='lat' dir='ltr'><strong>nec</strong></span> <span class='ocrx_word' id='word_1_639' title='bbox 2269 4037 2385 4104; x_wconf 88' lang='lat' dir='ltr'><strong>ejus</strong></span> <span class='ocrx_word' id='word_1_640' title='bbox 2435 4051 2717 4091; x_wconf 90' lang='lat' dir='ltr'><strong>successor</strong></span> <span class='ocrx_word' id='word_1_641' title='bbox 2745 4036 3004 4091; x_wconf 86' lang='lat' dir='ltr'><strong>Eusebius</strong></span> <span class='ocrx_word' id='word_1_642' title='bbox 3053 4037 3308 4091; x_wconf 79' lang='lat' dir='ltr'><strong>Basiliam</strong></span> <span class='ocrx_word' id='word_1_643' title='bbox 3343 4039 3442 4092; x_wconf 88' lang='lat' dir='ltr'><strong>ba-</strong></span> 
     </span>
    </p>
   </div>
   <div class='ocr_carea' id='block_1_85' title="bbox 1873 4127 3442 4198">
    <p class='ocr_par' dir='ltr' id='par_1_85' title="bbox 1873 4127 3442 4198">
     <span class='ocr_line' id='line_1_85' title="bbox 1873 4127 3442 4198; baseline 0.001 -17"><span class='ocrx_word' id='word_1_644' title='bbox 1873 4131 2082 4197; x_wconf 88' lang='lat' dir='ltr'><strong>ptizare</strong></span> <span class='ocrx_word' id='word_1_645' title='bbox 2127 4129 2324 4198; x_wconf 89' lang='lat' dir='ltr'><strong>potuit,</strong></span> <span class='ocrx_word' id='word_1_646' title='bbox 2385 4143 2482 4183; x_wconf 91' lang='lat' dir='ltr'><strong>nec</strong></span> <span class='ocrx_word' id='word_1_647' title='bbox 2515 4143 2636 4181; x_wconf 89' lang='lat' dir='ltr'><strong>eum</strong></span> <span class='ocrx_word' id='word_1_648' title='bbox 2679 4128 2932 4182; x_wconf 89' lang='lat' dir='ltr'><strong>decessor</strong></span> <span class='ocrx_word' id='word_1_649' title='bbox 2968 4127 3332 4198; x_wconf 83' lang='lat' dir='ltr'><strong>Hermogenes</strong></span> <span class='ocrx_word' id='word_1_650' title='bbox 3367 4129 3442 4184; x_wconf 85' lang='lat' dir='ltr'><strong>le-</strong></span> 
     </span>
    </p>
   </div>
   <div class='ocr_carea' id='block_1_86' title="bbox 1877 4222 3444 4290">
    <p class='ocr_par' dir='ltr' id='par_1_86' title="bbox 1877 4222 3444 4290">
     <span class='ocr_line' id='line_1_86' title="bbox 1877 4222 3444 4290; baseline 0 -14"><span class='ocrx_word' id='word_1_651' title='bbox 1877 4233 2081 4278; x_wconf 86' lang='lat' dir='ltr'><strong>ctorem</strong></span> <span class='ocrx_word' id='word_1_652' title='bbox 2119 4223 2428 4288; x_wconf 89' lang='lat' dir='ltr'><strong>instituere,</strong></span> <span class='ocrx_word' id='word_1_653' title='bbox 2463 4223 2552 4290; x_wconf 90' lang='lat' dir='ltr'><strong>qui</strong></span> <span class='ocrx_word' id='word_1_654' title='bbox 2583 4237 2706 4276; x_wconf 92' lang='lat' dir='ltr'><strong>cum</strong></span> <span class='ocrx_word' id='word_1_655' title='bbox 2739 4222 2963 4276; x_wconf 82' lang='lat' dir='ltr'><strong>Athenis</strong></span> <span class='ocrx_word' id='word_1_656' title='bbox 2993 4233 3323 4283; x_wconf 87' lang='lat' dir='ltr'><strong>versaretur,</strong></span> <span class='ocrx_word' id='word_1_657' title='bbox 3344 4223 3444 4276; x_wconf 86' lang='lat' dir='ltr'><strong>lai-</strong></span> 
     </span>
    </p>
   </div>
   <div class='ocr_carea' id='block_1_87' title="bbox 1887 4313 3442 4381">
    <p class='ocr_par' dir='ltr' id='par_1_87' title="bbox 1887 4313 3442 4381">
     <span class='ocr_line' id='line_1_87' title="bbox 1887 4313 3442 4381; baseline -0.001 -13"><span class='ocrx_word' id='word_1_658' title='bbox 1887 4331 1982 4368; x_wconf 87' lang='lat' dir='ltr'><strong>cus</strong></span> <span class='ocrx_word' id='word_1_659' title='bbox 2040 4316 2104 4366; x_wconf 89' lang='lat' dir='ltr'><strong>ad</strong></span> <span class='ocrx_word' id='word_1_660' title='bbox 2144 4314 2336 4366; x_wconf 83' lang='lat' dir='ltr'><strong>laicum</strong></span> <span class='ocrx_word' id='word_1_661' title='bbox 2373 4315 2591 4381; x_wconf 85' lang='lat' dir='ltr'><strong>scripsit</strong></span> <span class='ocrx_word' id='word_1_662' title='bbox 2639 4313 3050 4381; x_wconf 82' lang='lat' dir='ltr'><strong>Apollinarium.</strong></span> <span class='ocrx_word' id='word_1_663' title='bbox 3105 4313 3231 4368; x_wconf 86' lang='lat' dir='ltr'><strong>lude</strong></span> <span class='ocrx_word' id='word_1_664' title='bbox 3262 4325 3442 4368; x_wconf 86' lang='lat' dir='ltr'><strong>autent</strong></span> 
     </span>
    </p>
   </div>
   <div class='ocr_carea' id='block_1_88' title="bbox 179 4403 3446 4476">
    <p class='ocr_par' dir='ltr' id='par_1_88' title="bbox 179 4403 3446 4476">
     <span class='ocr_line' id='line_1_88' title="bbox 179 4403 3446 4476; baseline -0.002 -11"><span class='ocrx_word' id='word_1_665' title='bbox 179 4413 252 4465; x_wconf 89' lang='lat' dir='ltr'><strong>de</strong></span> <span class='ocrx_word' id='word_1_666' title='bbox 299 4425 362 4465; x_wconf 84' lang='lat' dir='ltr'><strong>se</strong></span> <span class='ocrx_word' id='word_1_667' title='bbox 404 4417 598 4462; x_wconf 87' lang='lat' dir='ltr'><strong>narrat</strong></span> <span class='ocrx_word' id='word_1_668' title='bbox 645 4407 944 4476; x_wconf 81' lang='lat' dir='ltr'><strong>Gregorius</strong></span> <span class='ocrx_word' id='word_1_669' title='bbox 995 4405 1098 4476; x_wconf 87' lang='lat' dir='ltr'><strong>(e);</strong></span> <span class='ocrx_word' id='word_1_670' title='bbox 1138 4406 1233 4459; x_wconf 90' lang='lat' dir='ltr'><strong>sed</strong></span> <span class='ocrx_word' id='word_1_671' title='bbox 1271 4415 1464 4459; x_wconf 88' lang='lat' dir='ltr'><strong>neuter</strong></span> <span class='ocrx_word' id='word_1_672' title='bbox 1515 4404 1766 4473; x_wconf 87' lang='lat' dir='ltr'><strong>baptismi</strong></span> <span class='ocrx_word' id='word_1_673' title='bbox 1803 4407 1845 4461; x_wconf 93' lang='lat' dir='ltr'>D</span> <span class='ocrx_word' id='word_1_674' title='bbox 1877 4407 2234 4460; x_wconf 82' lang='lat' dir='ltr'><strong>continuatur</strong></span> <span class='ocrx_word' id='word_1_675' title='bbox 2261 4403 2404 4473; x_wconf 90' lang='lat' dir='ltr'><strong>quod</strong></span> <span class='ocrx_word' id='word_1_676' title='bbox 2435 4403 2501 4458; x_wconf 90' lang='lat' dir='ltr'><strong>de</strong></span> <span class='ocrx_word' id='word_1_677' title='bbox 2528 4403 2708 4458; x_wconf 89' lang='lat' dir='ltr'><strong>Basilii</strong></span> <span class='ocrx_word' id='word_1_678' title='bbox 2741 4403 3012 4471; x_wconf 83' lang='lat' dir='ltr'><strong>baptismo</strong></span> <span class='ocrx_word' id='word_1_679' title='bbox 3038 4404 3288 4458; x_wconf 79' lang='lat' dir='ltr'><strong>diximus.</strong></span> <span class='ocrx_word' id='word_1_680' title='bbox 3317 4404 3446 4457; x_wconf 87' lang='lat' dir='ltr'><strong>Per-</strong></span> 
     </span>
    </p>
   </div>
   <div class='ocr_carea' id='block_1_89' title="bbox 179 4495 1770 4567">
    <p class='ocr_par' dir='ltr' id='par_1_89' title="bbox 179 4495 1770 4567">
     <span class='ocr_line' id='line_1_89' title="bbox 179 4495 1770 4567; baseline -0.008 -7"><span class='ocrx_word' id='word_1_681' title='bbox 179 4503 520 4560; x_wconf 83' lang='lat' dir='ltr'><strong>mentiooem</strong></span> <span class='ocrx_word' id='word_1_682' title='bbox 571 4501 722 4565; x_wconf 88' lang='lat' dir='ltr'><strong>facit,</strong></span> <span class='ocrx_word' id='word_1_683' title='bbox 771 4501 1020 4567; x_wconf 86' lang='lat' dir='ltr'><strong>quamvis</strong></span> <span class='ocrx_word' id='word_1_684' title='bbox 1070 4495 1632 4566; x_wconf 81' lang='lat' dir='ltr'><strong>constetGregorium</strong></span> <span class='ocrx_word' id='word_1_685' title='bbox 1673 4497 1770 4550; x_wconf 64' lang='lat' dir='ltr'><strong>ba»</strong></span> 
     </span>
    </p>
   </div>
   <div class='ocr_carea' id='block_1_90' title="bbox 179 4587 1771 4665">
    <p class='ocr_par' dir='ltr' id='par_1_90' title="bbox 179 4587 1771 4665">
     <span class='ocr_line' id='line_1_90' title="bbox 179 4587 1771 4665; baseline -0.004 -16"><span class='ocrx_word' id='word_1_686' title='bbox 179 4598 456 4665; x_wconf 84' lang='lat' dir='ltr'><strong>ptizatum</strong></span> <span class='ocrx_word' id='word_1_687' title='bbox 491 4593 684 4656; x_wconf 65' lang='lat' dir='ltr'><strong>fuissi-,</strong></span> <span class='ocrx_word' id='word_1_688' title='bbox 714 4603 998 4659; x_wconf 85' lang='lat' dir='ltr'><strong>postquam</strong></span> <span class='ocrx_word' id='word_1_689' title='bbox 1037 4591 1198 4642; x_wconf 88' lang='lat' dir='ltr'><strong>rediit</strong></span> <span class='ocrx_word' id='word_1_690' title='bbox 1241 4590 1490 4643; x_wconf 83' lang='lat' dir='ltr'><strong>Athenis.</strong></span> <span class='ocrx_word' id='word_1_691' title='bbox 1525 4589 1600 4641; x_wconf 90' lang='lat' dir='ltr'><strong>De</strong></span> <span class='ocrx_word' id='word_1_692' title='bbox 1626 4587 1771 4642; x_wconf 89' lang='lat' dir='ltr'><strong>Basi-</strong></span> 
     </span>
    </p>
   </div>
   <div class='ocr_carea' id='block_1_91' title="bbox 179 4679 1767 4747">
    <p class='ocr_par' dir='ltr' id='par_1_91' title="bbox 179 4679 1767 4747">
     <span class='ocr_line' id='line_1_91' title="bbox 179 4679 1767 4747; baseline -0.006 -7"><span class='ocrx_word' id='word_1_693' title='bbox 179 4687 256 4740; x_wconf 92' lang='lat' dir='ltr'><strong>Iio</strong></span> <span class='ocrx_word' id='word_1_694' title='bbox 293 4687 400 4740; x_wconf 88' lang='lat' dir='ltr'><strong>hoc</strong></span> <span class='ocrx_word' id='word_1_695' title='bbox 429 4694 640 4736; x_wconf 86' lang='lat' dir='ltr'><strong>tantum</strong></span> <span class='ocrx_word' id='word_1_696' title='bbox 673 4691 824 4733; x_wconf 86' lang='lat' dir='ltr'><strong>certo</strong></span> <span class='ocrx_word' id='word_1_697' title='bbox 854 4681 1076 4742; x_wconf 89' lang='lat' dir='ltr'><strong>scimus,</strong></span> <span class='ocrx_word' id='word_1_698' title='bbox 1115 4679 1232 4747; x_wconf 88' lang='lat' dir='ltr'><strong>ejus</strong></span> <span class='ocrx_word' id='word_1_699' title='bbox 1269 4680 1599 4746; x_wconf 86' lang='lat' dir='ltr'><strong>baptismum</strong></span> <span class='ocrx_word' id='word_1_700' title='bbox 1628 4679 1767 4731; x_wconf 84' lang='lat' dir='ltr'><strong>dila-</strong></span> 
     </span>
    </p>
   </div>
   <div class='ocr_carea' id='block_1_92' title="bbox 179 4769 1766 4842">
    <p class='ocr_par' dir='ltr' id='par_1_92' title="bbox 179 4769 1766 4842">
     <span class='ocr_line' id='line_1_92' title="bbox 179 4769 1766 4842; baseline -0.005 -10"><span class='ocrx_word' id='word_1_701' title='bbox 179 4790 300 4832; x_wconf 89' lang='lat' dir='ltr'><strong>tum</strong></span> <span class='ocrx_word' id='word_1_702' title='bbox 333 4777 524 4837; x_wconf 89' lang='lat' dir='ltr'><strong>fuisse,</strong></span> <span class='ocrx_word' id='word_1_703' title='bbox 554 4773 746 4826; x_wconf 88' lang='lat' dir='ltr'><strong>saltent</strong></span> <span class='ocrx_word' id='word_1_704' title='bbox 772 4787 942 4838; x_wconf 86' lang='lat' dir='ltr'><strong>usque</strong></span> <span class='ocrx_word' id='word_1_705' title='bbox 971 4771 1036 4822; x_wconf 88' lang='lat' dir='ltr'><strong>ad</strong></span> <span class='ocrx_word' id='word_1_706' title='bbox 1069 4770 1200 4823; x_wconf 91' lang='lat' dir='ltr'><strong>illud</strong></span> <span class='ocrx_word' id='word_1_707' title='bbox 1228 4779 1438 4839; x_wconf 87' lang='lat' dir='ltr'><strong>tempus</strong></span> <span class='ocrx_word' id='word_1_708' title='bbox 1459 4787 1564 4842; x_wconf 86' lang='lat' dir='ltr'><strong>quo</strong></span> <span class='ocrx_word' id='word_1_709' title='bbox 1589 4769 1766 4824; x_wconf 59' lang='grc'><strong>03358-</strong></span> 
     </span>
    </p>
   </div>
   <div class='ocr_carea' id='block_1_93' title="bbox 175 4862 1766 4930">
    <p class='ocr_par' dir='ltr' id='par_1_93' title="bbox 175 4862 1766 4930">
     <span class='ocr_line' id='line_1_93' title="bbox 175 4862 1766 4930; baseline -0.007 -4"><span class='ocrx_word' id='word_1_710' title='bbox 175 4885 334 4926; x_wconf 83' lang='lat' dir='ltr'><strong>ream</strong></span> <span class='ocrx_word' id='word_1_711' title='bbox 369 4867 573 4920; x_wconf 90' lang='lat' dir='ltr'><strong>missus</strong></span> <span class='ocrx_word' id='word_1_712' title='bbox 598 4874 702 4918; x_wconf 90' lang='lat' dir='ltr'><strong>est.</strong></span> <span class='ocrx_word' id='word_1_713' title='bbox 747 4862 936 4917; x_wconf 89' lang='lat' dir='ltr'><strong>Utrum</strong></span> <span class='ocrx_word' id='word_1_714' title='bbox 971 4873 1150 4916; x_wconf 84' lang='lat' dir='ltr'><strong>autem</strong></span> <span class='ocrx_word' id='word_1_715' title='bbox 1185 4862 1350 4915; x_wconf 91' lang='lat' dir='ltr'><strong>etiam</strong></span> <span class='ocrx_word' id='word_1_716' title='bbox 1379 4876 1548 4930; x_wconf 85' lang='lat' dir='ltr'><strong>usque</strong></span> <span class='ocrx_word' id='word_1_717' title='bbox 1579 4863 1646 4914; x_wconf 87' lang='lat' dir='ltr'><strong>ad</strong></span> <span class='ocrx_word' id='word_1_718' title='bbox 1680 4877 1766 4915; x_wconf 88' lang='lat' dir='ltr'><strong>re-</strong></span> 
     </span>
    </p>
   </div>
   <div class='ocr_carea' id='block_1_94' title="bbox 174 4953 1766 5021">
    <p class='ocr_par' dir='ltr' id='par_1_94' title="bbox 174 4953 1766 5021">
     <span class='ocr_line' id='line_1_94' title="bbox 174 4953 1766 5021; baseline -0.008 -4"><span class='ocrx_word' id='word_1_719' title='bbox 174 4963 358 5018; x_wconf 86' lang='lat' dir='ltr'><strong>ditum</strong></span> <span class='ocrx_word' id='word_1_720' title='bbox 387 4973 454 5012; x_wconf 77' lang='lat' dir='ltr'><strong>ex</strong></span> <span class='ocrx_word' id='word_1_721' title='bbox 487 4956 718 5020; x_wconf 62' lang='lat' dir='ltr'><strong>Graecia,</strong></span> <span class='ocrx_word' id='word_1_722' title='bbox 749 4955 802 5008; x_wconf 89' lang='lat' dir='ltr'><strong>id</strong></span> <span class='ocrx_word' id='word_1_723' title='bbox 837 4970 940 5008; x_wconf 86' lang='lat' dir='ltr'><strong>non</strong></span> <span class='ocrx_word' id='word_1_724' title='bbox 997 4955 1069 5006; x_wconf 89' lang='lat' dir='ltr'><strong>ita</strong></span> <span class='ocrx_word' id='word_1_725' title='bbox 1121 4954 1458 5021; x_wconf 84' lang='lat' dir='ltr'><strong>exploratum</strong></span> <span class='ocrx_word' id='word_1_726' title='bbox 1502 4963 1624 5006; x_wconf 87' lang='lat' dir='ltr'><strong>est:</strong></span> <span class='ocrx_word' id='word_1_727' title='bbox 1671 4953 1766 5005; x_wconf 90' lang='lat' dir='ltr'><strong>sed</strong></span> 
     </span>
    </p>
   </div>
   <div class='ocr_carea' id='block_1_95' title="bbox 178 5043 1764 5108">
    <p class='ocr_par' dir='ltr' id='par_1_95' title="bbox 178 5043 1764 5108">
     <span class='ocr_line' id='line_1_95' title="bbox 178 5043 1764 5108; baseline -0.007 -2"><span class='ocrx_word' id='word_1_728' title='bbox 178 5067 368 5108; x_wconf 85' lang='lat' dir='ltr'><strong>tamen</strong></span> <span class='ocrx_word' id='word_1_729' title='bbox 407 5051 642 5103; x_wconf 89' lang='lat' dir='ltr'><strong>libenter</strong></span> <span class='ocrx_word' id='word_1_730' title='bbox 695 5047 1016 5100; x_wconf 86' lang='lat' dir='ltr'><strong>crediderim</strong></span> <span class='ocrx_word' id='word_1_731' title='bbox 1063 5061 1183 5098; x_wconf 89' lang='lat' dir='ltr'><strong>eum</strong></span> <span class='ocrx_word' id='word_1_732' title='bbox 1233 5046 1381 5097; x_wconf 88' lang='lat' dir='ltr'><strong>circa</strong></span> <span class='ocrx_word' id='word_1_733' title='bbox 1431 5059 1631 5096; x_wconf 88' lang='lat' dir='ltr'><strong>annum</strong></span> <span class='ocrx_word' id='word_1_734' title='bbox 1659 5043 1764 5096; x_wconf 86' lang='grc'><strong>’557</strong></span> 
     </span>
    </p>
   </div>
   <div class='ocr_carea' id='block_1_96' title="bbox 177 5135 1764 5216">
    <p class='ocr_par' dir='ltr' id='par_1_96' title="bbox 177 5135 1764 5216">
     <span class='ocr_line' id='line_1_96' title="bbox 177 5135 1764 5216; baseline -0.008 -16"><span class='ocrx_word' id='word_1_735' title='bbox 177 5144 468 5216; x_wconf 84' lang='lat' dir='ltr'><strong>mysteriis</strong></span> <span class='ocrx_word' id='word_1_736' title='bbox 499 5141 781 5194; x_wconf 88' lang='lat' dir='ltr'><strong>initiatum</strong></span> <span class='ocrx_word' id='word_1_737' title='bbox 808 5138 994 5191; x_wconf 87' lang='lat' dir='ltr'><strong>fuisse.</strong></span> <span class='ocrx_word' id='word_1_738' title='bbox 1031 5137 1164 5191; x_wconf 84' lang='lat' dir='ltr'><strong>Nam</strong></span> <span class='ocrx_word' id='word_1_739' title='bbox 1203 5135 1519 5204; x_wconf 76' lang='lat' dir='ltr'><strong>Gregorius,</strong></span> <span class='ocrx_word' id='word_1_740' title='bbox 1555 5137 1647 5204; x_wconf 90' lang='lat' dir='ltr'><strong>qui</strong></span> <span class='ocrx_word' id='word_1_741' title='bbox 1673 5149 1764 5188; x_wconf 88' lang='lat' dir='ltr'><strong>ca-</strong></span> 
     </span>
    </p>
   </div>
   <div class='ocr_carea' id='block_1_97' title="bbox 179 5225 1764 5293">
    <p class='ocr_par' dir='ltr' id='par_1_97' title="bbox 179 5225 1764 5293">
     <span class='ocr_line' id='line_1_97' title="bbox 179 5225 1764 5293; baseline -0.004 -7"><span class='ocrx_word' id='word_1_742' title='bbox 179 5239 552 5293; x_wconf 71' lang='lat' dir='ltr'><strong>techumenos</strong></span> <span class='ocrx_word' id='word_1_743' title='bbox 585 5240 706 5286; x_wconf 86' lang='lat' dir='ltr'><strong>erat</strong></span> <span class='ocrx_word' id='word_1_744' title='bbox 751 5231 998 5292; x_wconf 83' lang='lat' dir='ltr'><strong>Athenis,</strong></span> <span class='ocrx_word' id='word_1_745' title='bbox 1053 5230 1132 5283; x_wconf 87' lang='lat' dir='ltr'><strong>sic</strong></span> <span class='ocrx_word' id='word_1_746' title='bbox 1179 5243 1334 5281; x_wconf 91' lang='lat' dir='ltr'><strong>suum</strong></span> <span class='ocrx_word' id='word_1_747' title='bbox 1381 5241 1503 5280; x_wconf 90' lang='lat' dir='ltr'><strong>eum</strong></span> <span class='ocrx_word' id='word_1_748' title='bbox 1564 5225 1764 5281; x_wconf 84' lang='lat' dir='ltr'><strong>Basilio</strong></span> 
     </span>
    </p>
   </div>
   <div class='ocr_carea' id='block_1_98' title="bbox 177 5315 1766 5387">
    <p class='ocr_par' dir='ltr' id='par_1_98' title="bbox 177 5315 1766 5387">
     <span class='ocr_line' id='line_1_98' title="bbox 177 5315 1766 5387; baseline -0.007 -7"><span class='ocrx_word' id='word_1_749' title='bbox 177 5325 432 5381; x_wconf 87' lang='lat' dir='ltr'><strong>omnium</strong></span> <span class='ocrx_word' id='word_1_750' title='bbox 461 5336 642 5376; x_wconf 85' lang='lat' dir='ltr'><strong>rerum</strong></span> <span class='ocrx_word' id='word_1_751' title='bbox 667 5335 990 5375; x_wconf 83' lang='lat' dir='ltr'><strong>consensum</strong></span> <span class='ocrx_word' id='word_1_752' title='bbox 1026 5318 1306 5384; x_wconf 86' lang='lat' dir='ltr'><strong>describit,</strong></span> <span class='ocrx_word' id='word_1_753' title='bbox 1333 5325 1388 5371; x_wconf 90' lang='lat' dir='ltr'><strong>ut</strong></span> <span class='ocrx_word' id='word_1_754' title='bbox 1413 5331 1674 5387; x_wconf 81' lang='lat' dir='ltr'><strong>nusquam</strong></span> <span class='ocrx_word' id='word_1_755' title='bbox 1701 5315 1766 5370; x_wconf 77' lang='lat' dir='ltr'><strong>il-</strong></span> 
     </span>
    </p>
   </div>
   <div class='ocr_carea' id='block_1_99' title="bbox 253 5501 634 5573">
    <p class='ocr_par' dir='ltr' id='par_1_99' title="bbox 253 5501 634 5573">
     <span class='ocr_line' id='line_1_99' title="bbox 253 5501 634 5573; baseline 0.003 -18"><span class='ocrx_word' id='word_1_756' title='bbox 253 5505 338 5573; x_wconf 78' lang='lat' dir='ltr'><strong>(a)</strong></span> <span class='ocrx_word' id='word_1_757' title='bbox 364 5501 516 5557; x_wconf 85' lang='lat' dir='ltr'><strong>Orat.</strong></span> <span class='ocrx_word' id='word_1_758' title='bbox 539 5501 634 5573; x_wconf 69' lang='lat'><strong>20.</strong></span> 
     </span>
    </p>
   </div>
   <div class='ocr_carea' id='block_1_100' title="bbox 255 5571 774 5642">
    <p class='ocr_par' dir='ltr' id='par_1_100' title="bbox 255 5571 774 5642">
     <span class='ocr_line' id='line_1_100' title="bbox 255 5571 774 5642; baseline 0 -18"><span class='ocrx_word' id='word_1_759' title='bbox 255 5571 336 5642; x_wconf 68' lang='grc' dir='ltr'><strong>(ὁ)</strong></span> <span class='ocrx_word' id='word_1_760' title='bbox 363 5575 460 5638; x_wconf 77' lang='lat' dir='ltr'><strong>Ep.</strong></span> <span class='ocrx_word' id='word_1_761' title='bbox 491 5571 618 5632; x_wconf 72' lang='grc'><strong>210,</strong></span> <span class='ocrx_word' id='word_1_762' title='bbox 647 5573 774 5642; x_wconf 60' lang='lat'><strong>&quot;.2.</strong></span> 
     </span>
    </p>
   </div>
   <div class='ocr_carea' id='block_1_101' title="bbox 253 5641 772 5712">
    <p class='ocr_par' dir='ltr' id='par_1_101' title="bbox 253 5641 772 5712">
     <span class='ocr_line' id='line_1_101' title="bbox 253 5641 772 5712; baseline -0.01 -17"><span class='ocrx_word' id='word_1_763' title='bbox 253 5647 332 5712; x_wconf 74' lang='grc' dir='ltr'><strong>(ε)</strong></span> <span class='ocrx_word' id='word_1_764' title='bbox 361 5642 454 5694; x_wconf 83' lang='lat' dir='ltr'><strong>0r.</strong></span> <span class='ocrx_word' id='word_1_765' title='bbox 485 5642 559 5712; x_wconf 16' lang='lat'><strong>9.07</strong></span> <span class='ocrx_word' id='word_1_766' title='bbox 582 5653 634 5694; x_wconf 86' lang='lat' dir='ltr'><strong>et</strong></span> <span class='ocrx_word' id='word_1_767' title='bbox 673 5641 772 5712; x_wconf 77' lang='lat' dir='ltr'><strong>Vit.</strong></span> 
     </span>
    </p>
   </div>
   <div class='ocr_carea' id='block_1_102' title="bbox 253 5711 798 5782">
    <p class='ocr_par' dir='ltr' id='par_1_102' title="bbox 253 5711 798 5782">
     <span class='ocr_line' id='line_1_102' title="bbox 253 5711 798 5782; baseline 0 -18"><span class='ocrx_word' id='word_1_768' title='bbox 253 5713 339 5782; x_wconf 78' lang='lat' dir='ltr'><strong>(d)</strong></span> <span class='ocrx_word' id='word_1_769' title='bbox 378 5713 473 5781; x_wconf 70' lang='lat' dir='ltr'><strong>np.</strong></span> <span class='ocrx_word' id='word_1_770' title='bbox 501 5711 628 5777; x_wconf 70' lang='lat'><strong>223,</strong></span> <span class='ocrx_word' id='word_1_771' title='bbox 668 5726 720 5765; x_wconf 81' lang='grc' dir='ltr'><strong>η.</strong></span> <span class='ocrx_word' id='word_1_772' title='bbox 746 5711 798 5765; x_wconf 76' lang='lat' dir='ltr'><strong>a.</strong></span> 
     </span>
    </p>
   </div>
   <div class='ocr_carea' id='block_1_103' title="bbox 1878 4495 3445 4568">
    <p class='ocr_par' dir='ltr' id='par_1_103' title="bbox 1878 4495 3445 4568">
     <span class='ocr_line' id='line_1_103' title="bbox 1878 4495 3445 4568; baseline -0.004 -14"><span class='ocrx_word' id='word_1_773' title='bbox 1878 4499 2110 4568; x_wconf 78' lang='lat' dir='ltr'><strong>Spicitur</strong></span> <span class='ocrx_word' id='word_1_774' title='bbox 2143 4498 2286 4550; x_wconf 90' lang='lat' dir='ltr'><strong>enim</strong></span> <span class='ocrx_word' id='word_1_775' title='bbox 2329 4497 2447 4565; x_wconf 83' lang='lat' dir='ltr'><strong>cjus</strong></span> <span class='ocrx_word' id='word_1_776' title='bbox 2475 4495 2799 4564; x_wconf 88' lang='lat' dir='ltr'><strong>baptismum</strong></span> <span class='ocrx_word' id='word_1_777' title='bbox 2839 4496 3058 4550; x_wconf 84' lang='lat' dir='ltr'><strong>dilatum</strong></span> <span class='ocrx_word' id='word_1_778' title='bbox 3086 4495 3252 4550; x_wconf 86' lang='lat' dir='ltr'><strong>fuisse</strong></span> <span class='ocrx_word' id='word_1_779' title='bbox 3280 4511 3309 4550; x_wconf 87' lang='lat' dir='ltr'><strong>a</strong></span> <span class='ocrx_word' id='word_1_780' title='bbox 3347 4511 3445 4559; x_wconf 81' lang='lat' dir='ltr'><strong>pa-</strong></span> 
     </span>
    </p>
   </div>
   <div class='ocr_carea' id='block_1_104' title="bbox 1881 4586 3441 4654">
    <p class='ocr_par' dir='ltr' id='par_1_104' title="bbox 1881 4586 3441 4654">
     <span class='ocr_line' id='line_1_104' title="bbox 1881 4586 3441 4654; baseline -0.004 -10"><span class='ocrx_word' id='word_1_781' title='bbox 1881 4591 2147 4644; x_wconf 84' lang='lat' dir='ltr'><strong>rentibus.</strong></span> <span class='ocrx_word' id='word_1_782' title='bbox 2187 4589 2304 4642; x_wconf 84' lang='lat' dir='ltr'><strong>Alia</strong></span> <span class='ocrx_word' id='word_1_783' title='bbox 2342 4597 2517 4641; x_wconf 86' lang='lat' dir='ltr'><strong>autem</strong></span> <span class='ocrx_word' id='word_1_784' title='bbox 2552 4586 2830 4641; x_wconf 73' lang='lat' dir='ltr'><strong>differendi</strong></span> <span class='ocrx_word' id='word_1_785' title='bbox 2861 4604 3022 4641; x_wconf 83' lang='lat' dir='ltr'><strong>causa</strong></span> <span class='ocrx_word' id='word_1_786' title='bbox 3051 4603 3172 4642; x_wconf 78' lang='lat' dir='ltr'><strong>esse</strong></span> <span class='ocrx_word' id='word_1_787' title='bbox 3215 4604 3317 4640; x_wconf 88' lang='lat' dir='ltr'><strong>non</strong></span> <span class='ocrx_word' id='word_1_788' title='bbox 3346 4603 3441 4654; x_wconf 80' lang='lat' dir='ltr'><strong>po-</strong></span> 
     </span>
    </p>
   </div>
   <div class='ocr_carea' id='block_1_105' title="bbox 1886 4679 3422 4743">
    <p class='ocr_par' dir='ltr' id='par_1_105' title="bbox 1886 4679 3422 4743">
     <span class='ocr_line' id='line_1_105' title="bbox 1886 4679 3422 4743; baseline -0.004 -8"><span class='ocrx_word' id='word_1_789' title='bbox 1886 4683 2006 4743; x_wconf 88' lang='lat' dir='ltr'><strong>luit,</strong></span> <span class='ocrx_word' id='word_1_790' title='bbox 2041 4681 2142 4734; x_wconf 85' lang='lat' dir='ltr'><strong>nisi</strong></span> <span class='ocrx_word' id='word_1_791' title='bbox 2181 4691 2239 4734; x_wconf 90' lang='lat' dir='ltr'><strong>ut</strong></span> <span class='ocrx_word' id='word_1_792' title='bbox 2283 4691 2386 4732; x_wconf 82' lang='lat' dir='ltr'><strong>tam</strong></span> <span class='ocrx_word' id='word_1_793' title='bbox 2416 4680 2671 4733; x_wconf 86' lang='lat' dir='ltr'><strong>eximium</strong></span> <span class='ocrx_word' id='word_1_794' title='bbox 2701 4681 2897 4732; x_wconf 86' lang='lat' dir='ltr'><strong>donum</strong></span> <span class='ocrx_word' id='word_1_795' title='bbox 2923 4679 3297 4732; x_wconf 77' lang='lat' dir='ltr'><strong>adolescentia:</strong></span> <span class='ocrx_word' id='word_1_796' title='bbox 3321 4693 3422 4730; x_wconf 72' lang='lat' dir='ltr'><strong>uati</strong></span> 
     </span>
    </p>
   </div>
   <div class='ocr_carea' id='block_1_106' title="bbox 1878 4771 3444 4841">
    <p class='ocr_par' dir='ltr' id='par_1_106' title="bbox 1878 4771 3444 4841">
     <span class='ocr_line' id='line_1_106' title="bbox 1878 4771 3444 4841; baseline -0.001 -17"><span class='ocrx_word' id='word_1_797' title='bbox 1878 4773 2066 4841; x_wconf 82' lang='lat' dir='ltr'><strong>lragiis</strong></span> <span class='ocrx_word' id='word_1_798' title='bbox 2101 4787 2206 4826; x_wconf 90' lang='lat' dir='ltr'><strong>non</strong></span> <span class='ocrx_word' id='word_1_799' title='bbox 2239 4783 2596 4841; x_wconf 86' lang='lat' dir='ltr'><strong>exponerent.</strong></span> <span class='ocrx_word' id='word_1_800' title='bbox 2627 4775 2694 4826; x_wconf 83' lang='lat' dir='ltr'><strong>At</strong></span> <span class='ocrx_word' id='word_1_801' title='bbox 2715 4773 2899 4826; x_wconf 87' lang='lat' dir='ltr'><strong>eadem</strong></span> <span class='ocrx_word' id='word_1_802' title='bbox 2937 4787 3100 4825; x_wconf 87' lang='lat' dir='ltr'><strong>causa</strong></span> <span class='ocrx_word' id='word_1_803' title='bbox 3127 4771 3294 4824; x_wconf 87' lang='lat' dir='ltr'><strong>multo</strong></span> <span class='ocrx_word' id='word_1_804' title='bbox 3323 4785 3444 4840; x_wconf 77' lang='lat' dir='ltr'><strong>gra-</strong></span> 
     </span>
    </p>
   </div>
   <div class='ocr_carea' id='block_1_107' title="bbox 1878 4860 3444 4930">
    <p class='ocr_par' dir='ltr' id='par_1_107' title="bbox 1878 4860 3444 4930">
     <span class='ocr_line' id='line_1_107' title="bbox 1878 4860 3444 4930; baseline -0.003 -15"><span class='ocrx_word' id='word_1_805' title='bbox 1878 4863 1998 4915; x_wconf 89' lang='lat' dir='ltr'><strong>vior</strong></span> <span class='ocrx_word' id='word_1_806' title='bbox 2027 4863 2270 4926; x_wconf 86' lang='lat' dir='ltr'><strong>exstitit,</strong></span> <span class='ocrx_word' id='word_1_807' title='bbox 2337 4879 2458 4915; x_wconf 89' lang='lat' dir='ltr'><strong>cum</strong></span> <span class='ocrx_word' id='word_1_808' title='bbox 2521 4862 3038 4930; x_wconf 87' lang='lat' dir='ltr'><strong>Constantinopolim</strong></span> <span class='ocrx_word' id='word_1_809' title='bbox 3095 4869 3150 4914; x_wconf 90' lang='lat' dir='ltr'><strong>et</strong></span> <span class='ocrx_word' id='word_1_810' title='bbox 3207 4860 3444 4912; x_wconf 88' lang='lat' dir='ltr'><strong>Athenas</strong></span> 
     </span>
    </p>
   </div>
   <div class='ocr_carea' id='block_1_108' title="bbox 1878 4953 3442 5024">
    <p class='ocr_par' dir='ltr' id='par_1_108' title="bbox 1878 4953 3442 5024">
     <span class='ocr_line' id='line_1_108' title="bbox 1878 4953 3442 5024; baseline -0.003 -16"><span class='ocrx_word' id='word_1_811' title='bbox 1878 4958 2074 5009; x_wconf 89' lang='lat' dir='ltr'><strong>missus</strong></span> <span class='ocrx_word' id='word_1_812' title='bbox 2105 4965 2187 5008; x_wconf 90' lang='lat' dir='ltr'><strong>est</strong></span> <span class='ocrx_word' id='word_1_813' title='bbox 2220 4973 2233 5008; x_wconf 95' lang='lat'><strong>:</strong></span> <span class='ocrx_word' id='word_1_814' title='bbox 2267 4957 2462 5024; x_wconf 90' lang='lat' dir='ltr'><strong>quibus</strong></span> <span class='ocrx_word' id='word_1_815' title='bbox 2490 4957 2544 5009; x_wconf 90' lang='lat' dir='ltr'><strong>in</strong></span> <span class='ocrx_word' id='word_1_816' title='bbox 2580 4955 2804 5009; x_wconf 80' lang='lat' dir='ltr'><strong>urbibus</strong></span> <span class='ocrx_word' id='word_1_817' title='bbox 2832 4964 3084 5023; x_wconf 79' lang='lat' dir='ltr'><strong>perpetua</strong></span> <span class='ocrx_word' id='word_1_818' title='bbox 3127 4953 3442 5006; x_wconf 78' lang='lat' dir='ltr'><strong>innocentia:</strong></span> 
     </span>
    </p>
   </div>
   <div class='ocr_carea' id='block_1_109' title="bbox 1876 5047 2768 5115">
    <p class='ocr_par' dir='ltr' id='par_1_109' title="bbox 1876 5047 2768 5115">
     <span class='ocr_line' id='line_1_109' title="bbox 1876 5047 2768 5115; baseline -0.002 -14"><span class='ocrx_word' id='word_1_819' title='bbox 1876 5059 1930 5102; x_wconf 90' lang='lat' dir='ltr'><strong>et</strong></span> <span class='ocrx_word' id='word_1_820' title='bbox 1973 5047 2093 5100; x_wconf 87' lang='lat' dir='ltr'><strong>fidei</strong></span> <span class='ocrx_word' id='word_1_821' title='bbox 2120 5047 2358 5115; x_wconf 86' lang='lat' dir='ltr'><strong>pericula</strong></span> <span class='ocrx_word' id='word_1_822' title='bbox 2397 5047 2768 5100; x_wconf 79' lang='lat' dir='ltr'><strong>iunninchant.</strong></span> 
     </span>
    </p>
   </div>
   <div class='ocr_carea' id='block_1_110' title="bbox 1949 5133 3438 5206">
    <p class='ocr_par' dir='ltr' id='par_1_110' title="bbox 1949 5133 3438 5206">
     <span class='ocr_line' id='line_1_110' title="bbox 1949 5133 3438 5206; baseline -0.004 -16"><span class='ocrx_word' id='word_1_823' title='bbox 1949 5137 2100 5203; x_wconf 87' lang='lat' dir='ltr'><strong>Quod</strong></span> <span class='ocrx_word' id='word_1_824' title='bbox 2139 5138 2183 5192; x_wconf 89' lang='lat' dir='ltr'><strong>si</strong></span> <span class='ocrx_word' id='word_1_825' title='bbox 2233 5137 2414 5192; x_wconf 84' lang='lat' dir='ltr'><strong>Basilii</strong></span> <span class='ocrx_word' id='word_1_826' title='bbox 2467 5139 2768 5206; x_wconf 81' lang='lat' dir='ltr'><strong>baptismus</strong></span> <span class='ocrx_word' id='word_1_827' title='bbox 2809 5151 2974 5204; x_wconf 89' lang='lat' dir='ltr'><strong>usque</strong></span> <span class='ocrx_word' id='word_1_828' title='bbox 3005 5137 3070 5188; x_wconf 88' lang='lat' dir='ltr'><strong>ad</strong></span> <span class='ocrx_word' id='word_1_829' title='bbox 3101 5133 3328 5189; x_wconf 89' lang='lat' dir='ltr'><strong>reditum</strong></span> <span class='ocrx_word' id='word_1_830' title='bbox 3375 5147 3438 5184; x_wconf 81' lang='lat' dir='ltr'><strong>ex</strong></span> 
     </span>
    </p>
   </div>
   <div class='ocr_carea' id='block_1_111' title="bbox 1875 5227 3438 5292">
    <p class='ocr_par' dir='ltr' id='par_1_111' title="bbox 1875 5227 3438 5292">
     <span class='ocr_line' id='line_1_111' title="bbox 1875 5227 3438 5292; baseline -0.003 -12"><span class='ocrx_word' id='word_1_831' title='bbox 1875 5228 2178 5280; x_wconf 84' lang='lat' dir='ltr'><strong>litterarum</strong></span> <span class='ocrx_word' id='word_1_832' title='bbox 2211 5229 2404 5282; x_wconf 82' lang='lat' dir='ltr'><strong>studiis</strong></span> <span class='ocrx_word' id='word_1_833' title='bbox 2441 5229 2640 5282; x_wconf 87' lang='lat' dir='ltr'><strong>dilatus</strong></span> <span class='ocrx_word' id='word_1_834' title='bbox 2671 5229 2794 5292; x_wconf 82' lang='lat' dir='ltr'><strong>luit,</strong></span> <span class='ocrx_word' id='word_1_835' title='bbox 2829 5231 2910 5280; x_wconf 74' lang='lat' dir='ltr'><strong>vix</strong></span> <span class='ocrx_word' id='word_1_836' title='bbox 2947 5228 3163 5281; x_wconf 88' lang='lat' dir='ltr'><strong>dubium</strong></span> <span class='ocrx_word' id='word_1_837' title='bbox 3199 5235 3280 5279; x_wconf 86' lang='lat' dir='ltr'><strong>est</strong></span> <span class='ocrx_word' id='word_1_838' title='bbox 3313 5227 3438 5290; x_wconf 88' lang='lat' dir='ltr'><strong>quin</strong></span> 
     </span>
    </p>
   </div>
   <div class='ocr_carea' id='block_1_112' title="bbox 1871 5315 3436 5387">
    <p class='ocr_par' dir='ltr' id='par_1_112' title="bbox 1871 5315 3436 5387">
     <span class='ocr_line' id='line_1_112' title="bbox 1871 5315 3436 5387; baseline -0.004 -15"><span class='ocrx_word' id='word_1_839' title='bbox 1871 5326 1982 5372; x_wconf 89' lang='lat' dir='ltr'><strong>tum</strong></span> <span class='ocrx_word' id='word_1_840' title='bbox 2019 5317 2234 5370; x_wconf 87' lang='lat' dir='ltr'><strong>demum</strong></span> <span class='ocrx_word' id='word_1_841' title='bbox 2264 5319 2570 5387; x_wconf 87' lang='lat' dir='ltr'><strong>baptizatus</strong></span> <span class='ocrx_word' id='word_1_842' title='bbox 2598 5316 2780 5382; x_wconf 90' lang='lat' dir='ltr'><strong>fuerit,</strong></span> <span class='ocrx_word' id='word_1_843' title='bbox 2829 5335 2949 5370; x_wconf 88' lang='lat' dir='ltr'><strong>cum</strong></span> <span class='ocrx_word' id='word_1_844' title='bbox 2992 5331 3107 5370; x_wconf 68' lang='lat' dir='ltr'><strong>sese</strong></span> <span class='ocrx_word' id='word_1_845' title='bbox 3168 5329 3196 5369; x_wconf 88' lang='lat' dir='ltr'><strong>a</strong></span> <span class='ocrx_word' id='word_1_846' title='bbox 3255 5315 3436 5368; x_wconf 87' lang='lat' dir='ltr'><strong>muudi</strong></span> 
     </span>
    </p>
   </div>
   <div class='ocr_carea' id='block_1_113' title="bbox 1943 5497 2262 5566">
    <p class='ocr_par' dir='ltr' id='par_1_113' title="bbox 1943 5497 2262 5566">
     <span class='ocr_line' id='line_1_113' title="bbox 1943 5497 2262 5566; baseline -0.006 -14"><span class='ocrx_word' id='word_1_847' title='bbox 1943 5499 2014 5566; x_wconf 76' lang='grc' dir='ltr'><strong>(ε)</strong></span> <span class='ocrx_word' id='word_1_848' title='bbox 2045 5499 2118 5552; x_wconf 86' lang='lat' dir='ltr'><strong>De</strong></span> <span class='ocrx_word' id='word_1_849' title='bbox 2162 5497 2262 5550; x_wconf 85' lang='lat' dir='ltr'><strong>Vtt.</strong></span> 
     </span>
    </p>
   </div>
   <div class='ocr_carea' id='block_1_114' title="bbox 1942 5569 2255 5637">
    <p class='ocr_par' dir='ltr' id='par_1_114' title="bbox 1942 5569 2255 5637">
     <span class='ocr_line' id='line_1_114' title="bbox 1942 5569 2255 5637; baseline -0.003 -14"><span class='ocrx_word' id='word_1_850' title='bbox 1942 5575 2020 5637; x_wconf 76' lang='grc' dir='ltr'><strong>(Ι)</strong></span> <span class='ocrx_word' id='word_1_851' title='bbox 2047 5571 2138 5623; x_wconf 89' lang='lat' dir='ltr'><strong>0r.</strong></span> <span class='ocrx_word' id='word_1_852' title='bbox 2167 5569 2255 5622; x_wconf 72' lang='lat'><strong>‘20.</strong></span> 
     </span>
    </p>
   </div>
   <div class='ocr_carea' id='block_1_115' title="bbox 1955 5637 3014 5708">
    <p class='ocr_par' dir='ltr' id='par_1_115' title="bbox 1955 5637 3014 5708">
     <span class='ocr_line' id='line_1_115' title="bbox 1955 5637 3014 5708; baseline -0.004 -14"><span class='ocrx_word' id='word_1_853' title='bbox 1955 5643 2030 5708; x_wconf 77' lang='lat'><strong>(9)</strong></span> <span class='ocrx_word' id='word_1_854' title='bbox 2067 5639 2182 5696; x_wconf 79' lang='lat' dir='ltr'><strong>Lib.</strong></span> <span class='ocrx_word' id='word_1_855' title='bbox 2215 5637 2292 5694; x_wconf 83' lang='lat' dir='ltr'><strong>De</strong></span> <span class='ocrx_word' id='word_1_856' title='bbox 2327 5637 2522 5708; x_wconf 78' lang='lat' dir='ltr'><strong>Spiritu</strong></span> <span class='ocrx_word' id='word_1_857' title='bbox 2555 5649 2752 5706; x_wconf 73' lang='lat' dir='ltr'><strong>sancto,</strong></span> <span class='ocrx_word' id='word_1_858' title='bbox 2785 5655 2900 5708; x_wconf 78' lang='lat' dir='ltr'><strong>cap.</strong></span> <span class='ocrx_word' id='word_1_859' title='bbox 2929 5637 3014 5690; x_wconf 70' lang='grc' dir='ltr'>ΞΕ).</span> 
     </span>
    </p>
   </div>
  </div>
