3820 6210
360 308 453 351 an
1763 292 2294 350 PROLEGOMENA.‘
2344 336 2351 341 .

362 421 526 461 scena
576 406 861 462 abstraxit.
902 407 1034 463 Cdm
1089 409 1231 463 enim
1288 412 1675 480 praeparandos
1724 414 1933 469 aninms
1961 416 2008 471 Α
2040 412 2138 475 vit,
2174 419 2228 462 et
2265 407 2516 462 omnibus
2550 406 2740 459 statuit
2785 404 2989 459 nudare
3028 402 3201 468 bonis,
3244 411 3299 456 ut
3330 402 3603 457 Christum

368 498 468 551 fuit
498 498 563 551 ad
613 508 818 553 tantum
851 502 1190 570 mysterium,
1240 509 1349 554 tum
1382 518 1512 558 vero
1564 504 1674 572 ipse
1703 504 1930 561 Basilius

367 588 609 642 declarat
644 590 695 643 in
726 591 884 658 epist.
916 590 1043 657 225,
1100 607 1158 645 se
1212 592 1430 647 intimos
1473 594 1687 661 pietatis
1740 609 1929 649 sensus

367 684 668 750 concipere,
701 693 756 738 et
793 684 1051 751 quidquid
1095 685 1335 739 sordium
1370 700 1434 739 ex
1462 686 1702 753 profanis
1736 686 1931 740 studiis

367 781 420 826 et
456 774 730 828 hominum
762 775 1128 843 improborum
1161 777 1549 831 consuetudine
1578 786 1925 846 conceperat,

369 876 623 917 excutere
644 865 893 932 cmpisse,
945 881 1065 919 cum
1096 881 1188 919 sua
1236 867 1415 921 omnia
1451 868 1775 936 pauperibus
1818 868 1929 923 dis-

370 953 626 1018 tribuere,
662 969 725 1007 ae
751 955 801 1006 in
827 954 1169 1008 solitudinem
1205 969 1323 1008 sese
1355 956 1597 1023 recipere
1631 957 1842 1010 statuit.

434 1041 629 1097 Lector
666 1045 733 1098 ab
758 1046 945 1097 eodem
984 1044 1171 1099 Diauio
1220 1046 1503 1101 institutus
1549 1055 1630 1100 est
1662 1045 1929 1111 Basilius,

365 1147 469 1186 non
506 1131 672 1186 multo
696 1142 815 1201 post
833 1133 1156 1200 baptismum
1188 1134 1282 1207 (α).
1314 1136 1505 1191 Utrum
1535 1146 1711 1190 autem
1737 1138 1787 1191 id
1813 1152 1930 1191 eve-

365 1222 502 1273 nerit
537 1222 721 1275 statim
754 1233 874 1290 post
912 1224 1270 1292 baptismum,
1323 1240 1390 1278 an
1421 1234 1541 1295 post
1580 1227 1813 1281 reditum
1865 1240 1931 1280 ex

363 1309 672 1375 itineribus,
704 1327 824 1381 qua:
849 1315 916 1366 ab
945 1328 1010 1368 eo
1043 1325 1297 1384 suscepta
1338 1317 1498 1370 modo
1549 1318 1887 1373 narrabimus
1911 1359 1925 1385 ,

362 1402 414 1455 id
449 1403 696 1469 equidem
721 1419 826 1457 non
859 1405 993 1459 mihi
1026 1406 1213 1461 videor
1237 1422 1394 1475 posse
1418 1416 1676 1462 statuere.

430 1489 518 1545 Ill.
559 1490 714 1545 Circa
759 1492 888 1546 illud
938 1502 1151 1563 tempus
1196 1496 1380 1550 amisit
1424 1496 1654 1551 Basilius
1706 1496 1927 1551 fratrem

363 1580 709 1636 Naucratium
743 1583 839 1654 (ὁ),
900 1587 1039 1640 tristi
1089 1588 1316 1656 quodam
1361 1603 1487 1644 casu
1534 1588 1823 1643 sublatum.
1878 1589 1930 1644 Is

362 1682 484 1741 post
520 1673 776 1729 Basiliutn
810 1686 939 1730 natu
973 1679 1267 1742 maximus,
1294 1680 1430 1733 mira
1459 1682 1691 1749 quadam
1730 1681 1924 1746 indole,

2038 511 2182 557 totus
2218 502 2483 554 indueret.
2521 499 2849 553 Promiserat
2878 496 2925 551 ei
2974 495 3267 564 Gregorius
3294 496 3517 550 Athenis
3546 510 3607 548 se

2036 610 2155 649 cum
2187 608 2252 648 eo
2284 594 2335 645 in
2382 590 2623 646 eamdem
2680 589 3021 644 solitudinem
3070 603 3452 653 recessurum;
3506 589 3603 640 sed

2034 699 2155 741 cum
2187 683 2436 737 amicitiae
2465 682 2633 752 legem
2669 680 2859 734 debitae
2883 679 3194 748 parentibus
3235 679 3416 747 pietati
3452 686 3607 747 post-

2038 778 2243 832 habere
2272 775 2561 844 Gregorius
2584 782 2867 844 cegeretur
2896 771 2997 843 (c);
3028 772 3312 825 destitutus
3341 772 3440 823 hoc
3466 785 3604 837 pra:-

2036 870 2170 924 sidio
2222 866 2452 921 Basilius
2493 866 2594 936 (d),
2637 865 2960 919 monasteria
3008 861 3243 917 Orientis
3288 871 3339 917 et
3384 861 3602 932 Egypti

2034 961 2263 1014 invisere
2307 958 2510 1022 statuit,
2560 966 2619 1010 ut
2663 955 2901 1025 perfecta
2943 956 3203 1009 virtutum
3252 955 3495 1021 exempla
3533 956 3601 1006 ad

2032 1050 2355 1104 imitandum
2402 1048 2645 1102 haberet.
2695 1046 2889 1101 Narrat
2933 1047 3050 1115 ipse
3079 1044 3148 1116 (ε)
3197 1060 3256 1099 se
3303 1044 3627 1097 innumeris

2032 1141 2306 1195 laboribus
2347 1140 2398 1194 in
2428 1138 2638 1209 Syriam
2676 1138 3007 1207 pervenisse,
3061 1152 3125 1192 ac
3171 1137 3293 1190 inde
3342 1137 3394 1188 in
3430 1134 3601 1203 AEgy-

2038 1242 2186 1303 ptum
2209 1233 2367 1303 longe
2401 1244 2456 1286 et
2483 1232 2686 1286 difﬁcili
2727 1232 2921 1285 itinere
2948 1228 3245 1299 profectum
3274 1242 3413 1281 esse.
3458 1228 3606 1281 Vidit

2034 1324 2414 1378 Sanctissimos
2440 1322 2585 1376 viros
2623 1320 2963 1375 Alexandriae
3011 1326 3065 1373 et
3119 1320 3171 1373 in
3202 1317 3401 1386 reliqua
3433 1316 3603 1385 Egy-

2035 1424 2132 1485 pto
2155 1415 2247 1485 (f),
2266 1428 2327 1468 ac
2352 1414 2402 1467 in
2425 1412 2705 1466 Palzestiua
2726 1410 3084 1480 etCaalesyria
3107 1420 3157 1464 et
3183 1409 3565 1477 Mesopotamia
3588 1425 3603 1460 :

2035 1504 2260 1558 miratus
2287 1512 2371 1558 est
2416 1516 2601 1556 eorum
2648 1501 2698 1555 in
2736 1500 3011 1555 laboribus
3052 1499 3388 1567 perferendis
3435 1496 3604 1550 animi

2032 1596 2415 1649 fortitudinem
2447 1603 2500 1648 et
2531 1594 2581 1647 in
2618 1592 2820 1647 orando
2858 1590 3213 1645 constantiam
3243 1608 3256 1643 :
3301 1588 3603 1656 obstupuit,

2040 1700 2163 1738 cum
2209 1698 2303 1737 eos
2335 1682 2539 1736 videret
2578 1696 2826 1735 somnum
2872 1694 3150 1747 superare,
3182 1692 3280 1731 nec
3308 1678 3413 1729 ulla
3443 1685 3606 1729 natu-

361 1774 415 1814 et
449 1766 695 1831 corporis
744 1776 1028 1820 venustate
1067 1781 1132 1821 ac
1177 1767 1381 1824 viribus
1427 1777 1483 1823 et
1520 1769 1821 1835 celeritate,
1875 1782 1929 1825 et
1962 1764 2004 1819 B
2037 1774 2133 1826 rali
2168 1772 2494 1827 necessitate
2533 1770 2756 1836 inﬂecti,
2794 1770 2887 1825 sed
2920 1771 2971 1823 in
3018 1768 3160 1823 fame
3192 1776 3245 1819 et
3272 1767 3383 1829 siti,
3424 1765 3478 1818 in
3506 1763 3607 1818 fri-

361 1854 561 1907 eximia
590 1856 657 1910 ad
692 1858 871 1911 omnia
908 1858 1184 1913 habilitate
1222 1861 1434 1915 cwteris
1465 1864 1775 1931 praestabat.
1822 1862 1928 1919 Sed

361 1963 483 2001 cum
528 1963 725 2002 annmn
760 1961 1039 2006 assecutus
1078 1960 1222 2007 esset
1253 1953 1570 2007 vicesimum
1605 1955 1926 2019 secundum,

2037 1880 2166 1935 gore
2197 1874 2253 1920 et
2275 1864 2515 1918 nuditate
2538 1864 2857 1919 indomitum
2885 1861 3050 1915 animi
3088 1861 3253 1914 robur
3280 1871 3524 1921 servare,
3551 1867 3614 1911 et

2031 1966 2285 2025 tanquam
2313 1955 2486 2009 aliena
2529 1956 2579 2008 in
2607 1968 2773 2008 carne
2797 1954 2997 2007 vivere.
3029 1949 3136 2004 Sed
3162 1958 3419 2018 quantum
3453 1947 3604 1999 illum

360 2057 425 2095 ac
448 2042 657 2111 publica
693 2043 1017 2113 eloquentiae
1048 2061 1158 2100 sua!
1196 2048 1487 2115 specimina
1538 2049 1773 2103 dedisset
1806 2065 1927 2104 cum
2023 2045 2251 2114 iuvabat
2287 2046 2405 2100 haec
2436 2045 2736 2099 sanctitatis
2766 2041 3097 2113 exemplaria
3144 2039 3440 2107 respicere,
3487 2047 3607 2091 tan-

361 2148 570 2187 summa
598 2136 929 2190 audientium
958 2139 1337 2205 admiratione,
1372 2139 1535 2194 subiit
1568 2140 1713 2194 illum
1739 2141 1930 2197 divina}

361 2224 550 2293 gratiae
574 2226 714 2280 dono
736 2224 1010 2281 fastidium
1038 2229 1245 2294 mundi,
1273 2245 1336 2283 ac
1360 2231 1609 2285 omnibus
1634 2232 1794 2287 rebus
1819 2232 1931 2287 suis

362 2315 637 2383 projectis,
671 2318 755 2371 vel
788 2322 969 2387 potius
1004 2319 1116 2373 Deo
1154 2321 1372 2384 dicatis,
1407 2321 1471 2375 ad
1528 2322 1820 2376 solitariam
1867 2338 1931 2377 ac

362 2422 651 2475 pauperem
680 2411 845 2464 vitam
873 2426 1069 2481 magno
1101 2412 1267 2465 animi
1303 2414 1495 2468 ardore
1535 2417 1791 2469 accurrit.
1827 2414 1929 2470 Se-

360 2510 518 2554 cutus
548 2510 630 2555 est
672 2501 821 2555 illum
856 2519 995 2557 unus
1036 2518 1099 2557 ex
1150 2503 1384 2569 famulis,
1418 2502 1786 2576 Chrysaphius
1829 2522 1930 2563 no-

365 2592 542 2657 mine,
591 2594 682 2663 qui
732 2609 853 2649 eum
890 2594 1165 2664 diligebat,
1199 2609 1261 2649 ac
1304 2596 1542 2664 ejusdem
1585 2599 1708 2652 vita:
1753 2599 1930 2654 studio

364 2682 669 2736 tenebatur.
709 2681 948 2739 Secessit
982 2696 1201 2754 propter
1236 2684 1430 2740 lridem
1475 2686 1693 2740 fluvium
1735 2688 1786 2741 in
1822 2687 1931 2742 col-

362 2770 467 2825 lem
519 2775 804 2843 quemdam
855 2778 1022 2830 denso
1070 2790 1289 2831 nemore
1335 2778 1625 2843 consitum,
1667 2787 1718 2832 et
1768 2778 1928 2833 dorso

363 2865 605 2931 praecelsi
636 2867 835 2921 montis
862 2867 1217 2921 reconditum.
1250 2868 1328 2922 lbi
1359 2870 1425 2923 ab
1450 2869 1663 2923 urbium
1698 2870 1930 2925 tumultu

361 2964 416 3007 et
447 2954 651 3009 militia:
686 2969 751 3009 ac
790 2954 891 3009 fori
939 2956 1388 3024 occupationibus
1432 2967 1669 3012 remotus
1708 2959 1929 3026 quibus-

363 3047 484 3099 dam
515 3047 773 3102 solitariis
807 3048 1033 3103 senibus
1073 3064 1131 3103 se
1163 3050 1404 3116 tradidit,
1436 3050 1631 3118 quibus
1666 3050 1844 3119 inopia
1875 3057 1930 3104 et

2032 2145 2144 2190 tum
2187 2137 2235 2190 ei
2284 2135 2540 2190 maeroris
2587 2133 2884 2187 attulerunt
2926 2130 3312 2192 dissensiones,
3354 2143 3474 2196 qua:
3519 2127 3609 2181 his

2033 2227 2389 2296 temporibus,
2432 2234 2493 2279 ut
2540 2239 2662 2280 cum
2720 2224 2974 2289 maxime,
3024 2222 3324 2276 fervebant.
3382 2218 3611 2274 Videbat

2033 2320 2314 2389 episcOpos
2353 2318 2496 2386 ipsos
2524 2316 2665 2371 inter
2698 2330 2756 2369 se
2792 2313 3066 2382 digladiari
3094 2310 3189 2383 (g),
3220 2320 3274 2365 et
3306 2309 3604 2364 Ecclesiam

2039 2411 2130 2465 Dei
2155 2408 2444 2464 crudeliter
2465 2408 2785 2471 dilacerare,
2814 2421 2878 2460 ac
2906 2405 3022 2474 ejus
3046 2418 3261 2471 gregem
3287 2402 3603 2456 obturbare.

2036 2504 2141 2559 Sed
2168 2517 2289 2557 cum
2327 2502 2445 2573 ejus
2476 2500 2658 2555 animo
2684 2514 2815 2553 sana
2849 2498 2982 2552 fides
3011 2511 3041 2549 a
3077 2496 3277 2549 teneris
3304 2494 3497 2549 fuisset
3520 2493 3608 2545 in-

2034 2595 2264 2666 sculpta,
2320 2594 2463 2650 nulla
2516 2593 2663 2647 illum
2706 2593 2909 2647 erroris
2949 2605 3081 2644 aura
3131 2586 3398 2658 perﬂavit,
3438 2597 3609 2653 seque

2032 2687 2151 2755 ipse
2189 2693 2432 2751 testatur,
2469 2685 2523 2739 in
2569 2683 3109 2755 peregrinationibus,
3145 2693 3277 2749 quas
3314 2678 3396 2731 vir
3426 2676 3609 2730 factus

2033 2789 2176 2832 terra
2207 2777 2449 2846 marique
2479 2777 2714 2845 suscepit
2746 2775 2845 2845 (h),
2876 2777 2921 2829 si
2950 2790 3084 2845 quos
3114 2773 3378 2827 inveniret
3405 2784 3607 2824 secun-

2030 2872 2158 2925 dum
2200 2870 2455 2923 traditam
2500 2868 2719 2938 pietatis
2761 2866 3003 2937 regulam
3035 2863 3395 2926 ambulantes,
3426 2876 3519 2915 eos
3551 2870 3605 2913 et

2033 2969 2246 3030 patrum
2288 2959 2410 3015 loco
2456 2959 2736 3029 habuisse,
2770 2966 2824 3012 et
2862 2958 3029 3011 duces
3080 2956 3273 3010 animae
3311 2968 3421 3007 suae
3450 2966 3610 3004 secu-

2039 3060 2149 3105 tum
2178 3066 2318 3106 esse.
2355 3050 2470 3105 Non
2511 3050 2645 3104 vidit
2684 3050 3028 3104 Alexandriae
3066 3061 3321 3116 magnum
3362 3044 3605 3097 Athana-

364 3139 551 3192 morbo
604 3140 976 3195 laborantibus
1033 3140 1236 3195 victum
1296 3141 1622 3211 quaeritabat
1672 3156 1928 3195 manuum
1960 3127 2005 3188 C
2040 3143 2199 3197 sium.
2252 3141 2530 3212 Significat
2566 3142 2709 3195 enim
2762 3142 2815 3195 in
2859 3142 3019 3211 epist.
3064 3138 3133 3194 80
3180 3151 3453 3205 nunquam
3501 3134 3607 3188 sibi

362 3243 579 3282 suarum
619 3230 902 3283 industria.
947 3228 1080 3283 Cum
1115 3231 1257 3285 enim
1304 3230 1581 3299 quodlibet
1629 3231 1930 3286 venationis

362 3332 531 3386 genus
563 3334 667 3371 non
699 3319 829 3373 laeve
857 3330 1158 3386 exerceret,
1196 3321 1371 3389 pisces
1405 3320 1625 3376 senibus
1655 3324 1924 3390 eaptabat.

367 3407 423 3460 In
460 3421 567 3475 quo
621 3408 836 3477 quidem
874 3416 928 3462 et
967 3409 1250 3463 eharitatis
1280 3410 1456 3465 ollicio
1504 3410 1843 3480 fungebatur,
1876 3420 1930 3466 et

360 3497 699 3566 juventutem
735 3500 817 3554 his
849 3499 1122 3555 laboribus
1163 3500 1460 3555 domabat:
1498 3516 1597 3555 nec
1645 3503 1859 3555 interim
1898 3517 1929 3556 a

364 3590 589 3644 colenda
635 3603 808 3646 matre
858 3593 1193 3660 discedebat,
1237 3594 1465 3663 ejusque
1523 3596 1793 3649 mandatis
1835 3609 1932 3651 ex-

366 3680 699 3745 hauriendis,
744 3682 786 3735 si
839 3682 965 3751 quid
1013 3682 1099 3736 illa
1132 3684 1468 3753 praeciperet.
1517 3682 1634 3738 Jam
1684 3686 1929 3754 quintum

364 3788 563 3828 annum
605 3773 658 3828 in
704 3774 806 3829 hoc
840 3775 1085 3830 instituto
1117 3776 1448 3839 traducebat,
1490 3791 1610 3830 cum
1661 3777 1930 3846 ingentem

366 3866 524 3919 matri
557 3880 619 3919 ae
651 3866 748 3919 toti
785 3866 1000 3920 familia:
1032 3867 1232 3922 luctum
1264 3868 1462 3924 attulit.
1497 3868 1688 3923 Subito
1722 3868 1865 3921 enim
1901 3882 1933 3922 e

362 3958 470 4011 vita
506 3958 733 4028 rapitur,
765 3973 872 4011 non
906 3958 1095 4013 morbo
1121 3969 1428 4027 correptus,
1465 3974 1570 4014 non
1616 3975 1679 4013 ex
1717 3957 1933 4012 insidiis

364 4048 739 4117 interemptus,
788 4049 881 4103 sed
929 4050 1162 4118 quodam
1207 4049 1293 4104 die
1340 4065 1463 4105 cum
1507 4051 1574 4105 ad
1613 4049 1929 4119 piscandum

363 4141 635 4209 profectus
675 4150 837 4205 esset,
877 4151 1120 4195 mortuus
1162 4157 1265 4194 una
1312 4158 1433 4195 cum
1464 4142 1800 4211 Chrysaphio
1838 4144 1933 4197 do-

363 4248 509 4284 mmn
554 4240 880 4299 reportatur.
920 4230 1049 4285 Tam
1090 4232 1228 4287 tristi
1276 4234 1463 4286 nuntio
1511 4233 1578 4287 ad
1617 4233 1677 4287 S.
1717 4234 1930 4288 Emme-

362 4322 512 4386 liam,
559 4336 679 4390 qua:
730 4324 890 4376 trium
942 4324 1147 4377 dierum
1200 4320 1390 4376 itinere
1437 4323 1674 4377 distabat
1744 4322 1928 4389 allato,

364 4413 555 4466 mulier
590 4414 726 4467 alias
772 4413 1062 4467 fortissima
1106 4414 1345 4468 concidit
1376 4414 1662 4467 exanimis.
1707 4413 1779 4467 At
1818 4424 1928 4467 tum

2033 3236 2175 3290 hanc
2224 3235 2534 3290 felicitatem
2593 3233 2876 3301 obtigisse.
2925 3230 3195 3287 Praeterea
3244 3227 3608 3281 Athanasium

2031 3328 2231 3381 scimus
2282 3325 2604 3380 Alexandria
2637 3323 2936 3378 excessisse
2990 3335 3135 3375 anno
3162 3317 3290 3373 356.
3334 3318 3443 3371 Sed
3478 3316 3611 3369 dum

2032 3416 2241 3489 Syriam
2286 3426 2538 3487 peragrat
2577 3414 2827 3481 Basilius,
2871 3412 3055 3467 videre
3101 3411 3275 3480 potuit
3314 3409 3373 3463 S.
3427 3408 3606 3461 Euse-

2032 3511 2179 3565 bium
2226 3509 2679 3572 Samosatensem,
2714 3519 2945 3573 quocum
2973 3513 3029 3558 et
3055 3513 3181 3556 ante
3228 3501 3606 3570 episcopatum

2032 3616 2191 3657 suum
2228 3610 2282 3654 et
2318 3602 2370 3655 in
2397 3598 2707 3669 episcopatu
2739 3595 3040 3650 arctissima
3072 3593 3315 3647 amicitia
3381 3588 3611 3658 conjun-

2035 3701 2153 3745 ctus
2179 3690 2299 3744 fuit.
2330 3690 2605 3744 Neminem
2638 3702 2766 3741 sane
2792 3687 2967 3750 video,
2989 3700 3147 3754 quem
3184 3684 3438 3737 libentius
3467 3683 3613 3734 inter

2033 3798 2126 3838 eos
2145 3797 2439 3848 numerem,
2465 3794 2599 3851 quos
2621 3794 2677 3833 se
2696 3778 2924 3833 Basilius
2946 3788 3158 3842 patrum
3186 3775 3304 3828 loco
3328 3774 3606 3837 habuisse,

2033 3883 2087 3928 et
2109 3873 2305 3927 animae
2331 3887 2440 3926 sua:
2468 3875 2630 3927 duces
2656 3880 2900 3925 secutum
2933 3883 3051 3922 esse
3079 3868 3233 3922 dicit.

2111 3964 2178 4019 ν.
2219 3962 2476 4017 Basilium
2520 3959 2858 4015 Alexandria:
2888 3958 3108 4013 morbus
3139 3956 3373 4011 detinuit
3400 3970 3464 4008 ac
3494 3968 3613 4008 me-

2038 4064 2150 4109 tum
2178 4053 2365 4110 attulit
2398 4068 2465 4107 ne
2494 4052 2547 4106 in
2577 4052 2808 4119 patriam
2836 4050 3012 4104 hieme
3050 4048 3227 4103 redire
3259 4063 3363 4101 non
3398 4056 3609 4115 posset.

2038 4146 2174 4202 Dum
2211 4154 2388 4199 autem
2420 4143 2472 4197 in
2504 4143 2605 4196 hac
2636 4149 2879 4196 moratur
2908 4140 3039 4194 urbe
3069 4139 3153 4208 (i),
3194 4139 3369 4192 allatae
3404 4146 3532 4192 sunt
3558 4137 3615 4191 ei

2036 4237 2236 4293 litterae
2290 4234 2626 4297 Eustatbii,.
2668 4231 2975 4301 phil050phi
3024 4230 3303 4297 cujusdam
3361 4229 3610 4293 ethnici,

2037 4343 2197 4399 quem
2244 4328 2471 4382 Athenis
2516 4326 2725 4380 rediens
2773 4325 3012 4377 visurum
3056 4338 3117 4377 se
3168 4323 3221 4376 in
3264 4321 3611 4391 Cappadocia

2040 4431 2378 4491 speraverat,
2407 4417 2501 4472 sed
2525 4416 2806 4485 qumsitum
2840 4415 3085 4469 invenire
3110 4429 3214 4469 non
3236 4415 3427 4484 potuit.
3458 4413 3615 4467 Post-

362 4504 595 4558 uaxime
624 4503 819 4558 enituit
856 4506 1025 4559 virtus
1064 4505 1119 4558 S.
1155 4503 1424 4569 Macriuae,
1457 4519 1576 4573 qua;
1618 4518 1722 4559 non
1755 4505 1928 4559 solum
1962 4478 2008 4533 Β
2042 4478 2104 4561 ea
2135 4505 2309 4560 morbi
2339 4504 2688 4567 obstiterunt,
2713 4503 3002 4571 quominus
3027 4517 3149 4556 eum
3178 4503 3395 4556 viseret.
3424 4500 3616 4572 Neque

363 4597 612 4651 invictam
656 4613 713 4651 se
741 4614 771 4651 a
803 4596 983 4652 dolore
1032 4596 1321 4664 praestitit,
1357 4596 1447 4650 sed
1490 4597 1650 4650 etiam
1700 4604 1928 4650 matrem

362 4704 393 4743 e
443 4689 709 4758 profundo
750 4689 999 4743 mmroris
1044 4688 1347 4743 constantia
1392 4702 1486 4742 sua
1528 4690 1825 4742 revocavit.
1870 4688 1927 4742 Si

361 4779 685 4834 Naucratius
715 4796 857 4833 anno
897 4779 1024 4843 530,
1056 4788 1111 4831 ut
1140 4779 1271 4833 satis
1316 4778 1587 4848 probabile
1615 4788 1719 4839 est,
1762 4780 1815 4833 in
1844 4779 1928 4834 lu-

362 4886 479 4926 cem
504 4879 589 4926 est
618 4871 814 4936 editus,
847 4871 967 4939 ejus
1022 4885 1168 4924 mors
1214 4871 1359 4923 circa
1406 4884 1601 4921 anitum
1633 4868 1735 4922 557
1767 4869 1934 4924 collo~

361 4963 568 5028 cauda;
616 4963 813 5032 quippe
839 4978 958 5017 cum
1005 4977 1147 5017 anno
1176 4961 1351 5015 aetatis
1392 4961 1649 5015 vicesimo
1695 4962 1933 5016 secundo

360 5054 667 5119 secesserit,
703 5054 947 5124 quinque
979 5069 1150 5108 annos
1195 5053 1498 5107 traduxerit
1532 5054 1585 5107 in
1618 5053 1927 5109 solitudine.

436 5147 524 5201 IV.
564 5146 643 5200 Eo
686 5144 991 5199 afﬂuentior
1028 5154 1083 5199 et
1113 5144 1331 5199 uberior
1366 5144 1468 5198 fuit
1501 5145 1553 5199 in
1582 5143 1782 5199 Basilio
1811 5148 1932 5214 gra-

361 5238 432 5291 tia
465 5238 737 5306 baptismi,
767 5238 909 5307 quod
940 5237 1098 5293 simul
1127 5251 1185 5292 se
1211 5237 1457 5293 ascetica:
1499 5237 1622 5292 vitze
1650 5251 1932 5292 consecra-

431 5412 507 5483 (ο)
538 5412 655 5483 Lib.
689 5411 1010 5483 Deispiritu
1040 5422 1242 5474 sancto,
1274 5426 1400 5483 cap.
1427 5412 1515 5468 29.

428 5481 503 5550 (b)
534 5482 692 5554 Nyss.
742 5481 851 5535 Vit.
887 5482 1078 5549 Macn,
1108 5500 1160 5554 p.
1196 5481 1317 5538 189..

431 5554 503 5618 (ι’)
546 5551 679 5604 Naz.
710 5568 795 5619 ep.
834 5554 887 5608 5.

433 5620 510 5690 (d)
549 5620 677 5673 Nae.
709 5638 789 5676 or.
823 5623 913 5677 20.

434 5694 501 5760 (ρ)
541 5691 634 5759 up.
675 5694 723 5747 ι.

2039 4596 2206 4652 etiam
2244 4610 2365 4649 cum
2413 4611 2480 4649 eo
2515 4595 2747 4648 abeunte
2786 4593 2839 4646 in
2874 4593 3147 4647 Orientem
3194 4594 3463 4662 proficisci
3512 4611 3616 4663 po-

2041 4689 2159 4741 tuit.
2194 4686 2484 4756 Postquam
2518 4686 2570 4739 in
2601 4686 2811 4755 Syriam
2844 4685 2989 4739 venit
3015 4684 3262 4747 Basilius,
3292 4687 3461 4740 audiit
3493 4688 3621 4756 phi-

2042 4781 2325 4850 lOSOlthllm
2364 4779 2489 4832 inde
2520 4776 2717 4831 abiisse
2747 4776 2798 4828 in
2839 4773 3152 4845 Egyptum.
3189 4775 3319 4830 llluc
3350 4775 3514 4828 etiam
3555 4791 3619 4830 se

2043 4873 2303 4936 contulit,
2359 4885 2422 4924 ac
2477 4882 2547 4923 ne
2600 4868 2711 4922 illic
2758 4868 2976 4937 quidem
3027 4877 3268 4935 optatum
3305 4868 3615 4937 philosOphi

2040 4977 2400 5029 congressum
2454 4961 2667 5028 assequi
2719 4960 2911 5028 potuit.
2964 4958 3013 5012 ls
3057 4958 3200 5011 enim
3234 4959 3300 5010 ad
3332 4956 3527 5011 Persas
3562 4969 3620 5011 et

2042 5064 2321 5107 extremos
2356 5051 2617 5105 barbaros
2650 5050 2879 5104 abierat.
2930 5047 3167 5100 Tandem
3204 5049 3269 5101 ab
3300 5062 3365 5101 eo
3400 5046 3618 5100 litteras

2044 5143 2258 5213 accepit
2308 5140 2674 5205 Alexandria,
2726 5154 2792 5193 ex
2846 5137 3041 5204 quibus
3086 5136 3233 5190 illum
3283 5137 3337 5189 in
3379 5135 3616 5203 patriam

2034 5235 2260 5291 rediisse
2288 5232 2556 5303 cognovit.
2583 5230 2809 5299 Scripsit
2839 5230 2905 5285 ad
2928 5244 3047 5283 eum
3074 5227 3305 5284 Basilius
3327 5243 3393 5283 ex
3421 5230 3618 5284 eadem

2106 5410 2175 5479 (ί)
2214 5410 2314 5480 Ep.
2344 5410 2470 5475 225,
2507 5426 2560 5480 ῃ.
2593 5410 2649 5464 2.

2106 5477 2181 5550 (g')
2223 5477 2457 5550 Bromm.
2492 5478 2709 5546 Moral.,
2738 5494 2789 5548 p.
2818 5477 2943 5534 2l3.

2119 5549 2183 5620 ’h)
2224 5549 2323 5617 Ep.
2358 5549 2482 5616 204,
2518 5565 2570 5603 η.
2600 5550 2653 5603 6.

2102 5560 2162 5689 ii)
2211 5622 2304 5689 lup.
2332 5619 2383 5672 l.
3434 5644 3439 5647 -
3477 5623 3525 5657 -"
