3820 6210
1458 303 1608 358 VlTA
1657 303 1712 357 S.
1756 301 2018 358 BASlLll.

154 427 267 480 urbe
290 422 552 493 epistolam
581 420 864 489 leporibus
892 418 1168 482 refertam,
1200 419 1251 474 in
1282 434 1385 486 qua
1424 434 1482 472 se
1513 419 1678 472 Athe-
1707 423 1755 479 Α

159 530 237 569 nas
275 513 534 580 reliquisse
563 550 577 572 ,
615 521 673 564 ut
703 509 1042 563 Eustathium
1094 509 1322 572 videret,
1375 523 1438 562 ac
1485 509 1673 561 eodem

153 604 354 660 consilio
391 603 441 656 in
497 601 773 657 Orientem
829 599 1226 669 peregrinatum
1257 612 1376 652 esse
1409 599 1586 667 lingit;
1623 607 1679 652 et

156 711 256 748 cum
277 709 385 747 eum
410 701 484 745 tot
512 692 564 744 in
607 691 738 744 locis
769 692 1050 760 quaesitum
1087 705 1192 744 non
1235 690 1548 756 reperisset,
1582 689 1678 740 du-

155 788 328 838 bitasse
355 800 416 836 an
449 797 553 836 non
601 783 716 837 fato
759 791 850 836 aut
903 782 1117 835 fortuna
1163 781 1341 834 omnia
1400 787 1676 847 regantur.

151 876 274 938 llzec,
296 873 520 941 inquam,
553 874 622 926 ab
645 886 709 924 eo
726 880 978 940 peracute
1009 869 1304 939 finguntur,
1332 884 1428 922 nec
1456 867 1681 937 proinde

157 963 347 1015 nimium
375 962 555 1014 stricte
603 961 773 1028 accipi
809 960 1026 1012 debent.
1063 959 1196 1012 Nam
1237 959 1378 1025 quod
1411 974 1468 1013 se
1510 959 1680 1012 Athe—

153 1055 219 1108 nis
253 1052 554 1108 discessisse
589 1053 686 1116 ait,
718 1061 780 1104 ut
821 1051 1199 1120 philosophum
1232 1053 1462 1115 videret,
1515 1051 1680 1105 urba-

152 1145 340 1197 nissima
377 1153 454 1197 est
494 1143 654 1197 amici
705 1144 953 1198 desiderii
1001 1145 1344 1212 signiﬁcatio,
1388 1159 1494 1197 non
1538 1143 1681 1212 quod

154 1235 273 1288 aliud
301 1233 598 1287 discedendi
632 1234 919 1288 consilium
948 1249 1051 1287 non
1096 1234 1368 1288 habuerit.
1412 1233 1683 1288 Dubitatio

150 1333 302 1376 autem
344 1323 448 1386 illa,
485 1336 589 1390 qua
622 1336 681 1376 se
714 1323 975 1391 agitatum
1024 1322 1195 1376 fuisse
1225 1323 1377 1385 dicit,
1421 1327 1526 1376 non
1579 1323 1684 1377 alio

149 1424 327 1484 spectat
352 1415 473 1478 nisi,
501 1421 561 1468 ut
590 1415 810 1468 ethnico
846 1415 1164 1484 philosopho
1193 1430 1371 1468 veram
1399 1416 1462 1468 de
1491 1415 1682 1468 Provi-

151 1505 302 1558 dentia
332 1505 648 1558 sententiam
683 1504 892 1560 facilius
926 1505 1184 1560 insinuet.
1219 1505 1367 1560 lianc
1402 1506 1680 1575 epistolam

141 1595 354 1648 omnium
418 1595 645 1662 primam
726 1595 1132 1660 collocavimus,
1188 1605 1374 1664 utpote
1426 1597 1682 1664 scriptam

151 1699 268 1738 anno
295 1683 416 1748 357,
445 1684 588 1738 inter
624 1683 808 1738 Basilii
837 1685 1316 1754 peregrinationes.

3282 328 3352 368 ιν

1874 417 2125 473 Vulnerat
2163 421 2334 489 primo
2368 419 2596 474 Basilius
2627 421 2678 476 in
2712 422 3016 476 Tiberinam
3057 437 3174 478 sese
3214 429 3352 479 reci-

1792 525 1939 579 pere.
1981 510 2077 564 Est
2114 520 2292 566 autem
2330 512 2583 567 Tiberina
2629 513 2776 582 regio
2801 506 3042 583 quaedam
3081 512 3352 584 Cappado-

1787 603 1908 667 ciae,
1937 603 1987 655 in
2011 618 2118 670 qua
2141 606 2274 657 situs
2293 612 2376 658 est
2407 597 2669 660 Ariauzus
2687 605 2927 674 Gregorii
2952 605 3128 659 natale
3151 611 3346 659 solum.

1799 693 1943 747 Num
1983 695 2142 763 igitur
2171 697 2386 765 cogitas,
2420 698 2592 765 inquit
2618 697 2672 751 in
2708 698 2866 765 epist.
2896 696 2985 760 M,
3013 714 3114 764 quo
3145 714 3237 765 ego
3260 715 3350 762 pe-

1790 784 1946 836 riculi
1982 785 2175 841 stultus
2217 789 2472 850 venerim,
2516 803 2634 840 cum
2670 787 2840 840 sedem
2873 787 3172 856 ijusmodi
3201 785 3353 841 Tibe~

1790 877 1914 927 rina
1947 875 2089 928 orbis
2120 887 2379 930 terrarum
2402 877 2650 931 barathro
2675 890 2990 932 commutare
3020 879 3353 947 pertinaciter

1714 1006 1726 1018 .
1784 967 1978 1019 vellem
2002 967 2027 1019 2’
2067 966 2288 1021 Videtur
2313 984 2432 1036 spes
2461 985 2581 1023 cum
2609 970 2866 1038 Gregorio
2907 970 3122 1023 vivendi
3158 968 3352 1036 praeci-

1785 1073 1949 1126 puum
1992 1057 2161 1113 fuisse
2186 1075 2302 1113 com
2323 1061 2559 1126 modum,
2591 1063 2731 1131 quod
2773 1062 2872 1115 sibi
2901 1061 3129 1114 Basilius
3159 1059 3352 1130 praele-

1786 1149 1952 1202 renda
1995 1150 2116 1204 aliis
2170 1149 2303 1205 locis
2342 1151 2590 1206 Tiberina
2640 1161 2979 1223 proponeret.
3028 1152 3135 1206 Sed
3187 1152 3352 1221 ipsius

1786 1251 1958 1294 mater
1979 1252 2032 1295 et
2053 1257 2228 1305 soror,
2263 1259 2489 1313 quarum
2516 1245 2775 1300 intererat
2794 1260 2912 1298 eum
2938 1259 3038 1297 non
3066 1253 3171 1296 tam
3197 1243 3352 1310 longe

1781 1335 2056 1400 secedere,
2105 1335 2230 1389 huic
2278 1337 2534 1401 consilio,
2577 1346 2635 1390 ιιι
2673 1335 2966 1392 verisimile
2997 1344 3100 1397 est,
3132 1333 3355 1387 obstite-

1787 1436 1930 1490 runt,
1956 1443 2018 1482 ac
2056 1431 2271 1482 orando
2299 1438 2352 1482 et
2392 1429 2640 1483 instando
2663 1431 2955 1498 perlecere,
2989 1436 3047 1480 ut
3084 1426 3232 1479 illum
3265 1432 3351 1477 at-

1790 1518 2066 1571 traherent
2097 1519 2148 1572 in
2187 1519 2364 1572 locum
2391 1521 2503 1575 solo
2526 1521 2741 1577 [lumine
2786 1520 2853 1575 ab
2875 1534 3056 1580 earnm
3089 1523 3356 1571 monaste-

1794 1609 1876 1662 rio
1905 1609 2176 1663 dissitum.

1865 1698 2155 1767 Postquam
2197 1697 2420 1763 (legendi
2461 1711 2590 1750 cum
2632 1695 2889 1762 Gregorio
2941 1708 3064 1763 spes
3104 1695 3352 1759 evanuit,

205 1775 340 1845 Quod
367 1777 640 1831 metuebat
673 1776 926 1840 Basilius,
971 1778 1097 1830 dum
1130 1786 1276 1832 esset
1310 1777 1678 1843 Alexandria,

1801 1789 2026 1843 dolorem
2067 1805 2226 1842 suum
2258 1788 2485 1841 Basilius
2517 1801 2622 1839 non
2652 1786 2813 1838 corde
2843 1787 3062 1853 pressit,
3106 1786 3202 1840 sed
3239 1785 3356 1840 vio-

145 1885 203 1924 ne
229 1883 281 1922 se
306 1868 517 1922 morbus
546 1867 853 1936 in'patriam
882 1866 1062 1920 hieme
1091 1867 1268 1921 redire
1302 1883 1406 1920 non
1439 1867 1634 1920 sineret
1659 1884 1675 1932 ;

144 1959 191 2012 id
220 1969 516 2026 argumento
559 1967 645 2012 est
673 1974 795 2011 eum
824 1960 889 2013 de
918 1958 1078 2013 celeri
1125 1973 1190 2012 ac
1228 1966 1476 2028 prompto
1507 1959 1679 2012 reditu

139 2050 381 2120 cogitasse
427 2063 546 2103 cum
579 2049 697 2103 haec
725 2050 1008 2113 scriberet,
1046 2063 1111 2102 ac
1150 2050 1372 2117 proinde
1406 2049 1517 2116 jam
1565 2065 1682 2104 mo-

145 2143 351 2196 nasteria
379 2141 698 2206 Palaestinae,
743 2142 1055 2211 Ctelesyria:
1083 2151 1138 2197 et
1169 2142 1566 2211 Mesoliotamia:
1600 2142 1679 2196 vi-

143 2236 328 2290 sitasse.
357 2233 459 2288 Sed
482 2250 605 2288 cum
635 2249 779 2304 saepe
807 2234 1071 2304 ejusmodi
1103 2234 1306 2288 morbis
1330 2233 1678 2297 laboraverit,

144 2340 228 2380 nec
271 2326 464 2380 idcirco
509 2340 637 2380 suos
684 2325 1039 2379 intermiserit
1090 2323 1322 2387 labores,
1377 2324 1673 2378 verisimile

143 2433 234 2471 non
268 2427 346 2470 est
386 2431 505 2470 eum
553 2417 739 2470 tantliu
780 2415 1118 2469 Alexandria:
1165 2416 1440 2469 detentum
1495 2414 1679 2472 fuisse.

144 2507 383 2562 Reversus
425 2518 605 2560 autem
640 2506 693 2560 in
739 2505 993 2575 patriam,
1037 2519 1158 2560 cum
1190 2513 1333 2560 totus
1377 2506 1592 2559 arderet
1618 2520 1681 2558 ea

145 2598 356 2653 imitandi
396 2599 571 2653 studio
601 2598 706 2668 (a),
736 2612 855 2664 qua:
893 2597 946 2650 in
989 2596 1210 2651 remotis
1253 2597 1568 2665 regionibus
1601 2598 1684 2649 vi-

148 2691 302 2755 dent,
340 2691 539 2743 nullam
578 2690 791 2743 videtur
811 2704 1016 2741 moram
1042 2688 1446 2756 interposuisse,
1466 2688 1558 2742 sed
1577 2696 1688 2741 sta-

148 2781 230 2835 tim
270 2782 545 2845 perlecisse
577 2781 892 2843 consilium,
933 2781 1073 2848 quod
1112 2780 1309 2833 dudum
1346 2779 1682 2843 extenderat,

147 2881 293 2924 utsua
309 2871 482 2926 omnia
505 2872 836 2942 pauperibus
867 2872 1218 2926 distribueret
1246 2884 1310 2924 ac
1353 2885 1472 2925 sese
1501 2871 1553 2924 in
1598 2884 1687 2924 so-

143 2963 388 3018 litudinem
417 2966 703 3035 reciperet.

203 3053 280 3110 Vl.
329 3055 529 3111 Locum
584 3055 751 3126 elegit
803 3053 1040 3110 secessui
1103 3053 1375 3122 idoneum,
1442 3061 1683 3109 montem

137 3146 400 3214 quemdam
425 3147 491 3201 ad
529 3125 688 3215 ripas,
708 3144 866 3199 lridis
893 3143 1061 3209 ﬂuvii,
1095 3145 1184 3215 qui
1220 3160 1285 3198 ex
1317 3143 1571 3199 Armenia
1597 3159 1686 3197 or-
1712 3125 1753 3181 (ἶ

143 3249 215 3292 tus
239 3239 454 3293 Pontum
495 3239 707 3308 irrigat,
737 3247 793 3291 et
833 3239 884 3290 in
919 3237 1187 3290 Euxinum
1221 3235 1450 3290 Pontum
1483 3235 1690 3290 delabi—

141 3339 214 3382 tur
238 3329 329 3401 (b).
363 3331 440 3383 Ad
473 3331 701 3384 alteram
751 3327 898 3381 ﬂuvii
945 3327 1118 3394 ripam
1151 3326 1253 3379 sita
1284 3334 1401 3380 erat
1448 3325 1595 3388 villa,
1632 3324 1684 3378 in

137 3436 231 3489 qua
253 3422 492 3485 Basilius,
523 3421 664 3490 apud
688 3420 865 3473 aviam
891 3416 1182 3470 Macrinam
1205 3415 1466 3469 educatus
1490 3414 1683 3467 fuerat.

139 3510 236 3564 llac
274 3512 324 3564 in
370 3512 519 3577 villa,
560 3525 680 3580 qua:
722 3519 946 3578 paterna
994 3506 1279 3560 hacreditas
1311 3512 1433 3558 erat
1471 3502 1689 3556 familia:

139 3602 188 3655 S.
219 3601 414 3668 Basilii,
446 3611 500 3655 et
533 3609 657 3670 post
685 3611 913 3653 mortem
949 3596 1006 3651 8.
1038 3594 1312 3649 Emmelize
1345 3593 1424 3664 (c)
1457 3592 1516 3648 S.
1551 3592 1684 3646 Gre-

141 3694 273 3758 gorio
317 3690 564 3762 Nysseno
607 3689 797 3754 cessit,
840 3695 1216 3754 constructum
1252 3691 1370 3737 erat
1419 3691 1692 3737 monaste-

137 3787 262 3839 rium
298 3800 327 3840 a
361 3786 572 3855 virgine
605 3781 865 3845 Macrine,
908 3782 961 3833 in
994 3796 1100 3848 quo
1143 3777 1362 3832 fratrem
1395 3792 1553 3832 suum
1592 3775 1693 3828 Pe—

143 3887 264 3931 trum
294 3894 322 3931 a
354 3880 554 3934 teneris
581 3878 649 3932 ad
677 3891 892 3930 onmem
925 3875 1183 3929 virtutem
1215 3875 1388 3935 linxit,
1425 3882 1480 3925 et
1507 3884 1690 3924 saera—

141 3985 244 4022 rutn
271 3969 572 4023 litterarum
605 3966 914 4036 cognitione
942 3963 1134 4018 imbuit
1159 3961 1258 4033 (ά).
1293 3963 1556 4016 Bemotus
1586 3975 1690 4013 non

136 4069 240 4113 erat
270 4061 354 4114 hic
387 4074 554 4128 pagus
588 4058 656 4112 ab
686 4057 816 4110 urbe
839 4054 1211 4118 Neocaesarea,
1253 4053 1394 4106 unde
1429 4051 1612 4106 Basilii
1639 4051 1690 4104 in

144 4149 268 4203 hunc
304 4149 477 4203 locum
510 4148 744 4201 adventu
771 4160 912 4198 anno
941 4143 1047 4197 575
1085 4151 1260 4196 terror
1289 4142 1522 4211 injectus
1555 4137 1694 4193 Nco-

143 4238 557 4301 caesariensibus,
603 4236 758 4305 quasi
810 4234 1034 4288 Basilius
1071 4235 1126 4286 in
1159 4247 1346 4286 eorum
1393 4231 1582 4284 urbem
1615 4232 1694 4284 in-

140 4328 272 4395 gredi
301 4335 542 4396 pararet.
575 4324 691 4379 Non
727 4335 905 4378 tamen
941 4324 1216 4392 subjectus
1253 4331 1372 4374 erat
1416 4320 1692 4374 Neocaesa-

142 4433 251 4484 me,
281 4419 371 4472 sed
418 4417 616 4481 lhortc,
647 4417 854 4485 exigua:
881 4415 1085 4469 civitati
1131 4430 1234 4468 non
1270 4413 1455 4482 procul
1500 4415 1696 4468 distan-

149 4509 294 4582 ti(e),
339 4512 494 4582 cujus
541 4510 824 4579 episcopus
874 4507 1106 4560 Araxius
1152 4505 1210 4561 S.
1254 4505 1505 4560 ltlacrinte
1548 4506 1692 4573 justa

142 4603 383 4667 persolvit
405 4616 512 4654 una
543 4614 663 4653 cum
691 4599 750 4651 8.
776 4596 1039 4666 Gregorio
1071 4594 1316 4666 Nysseuo
1340 4596 1428 4663 qui
1456 4609 1576 4648 eum
1607 4609 1697 4648 vo-

145 4700 220 4743 cat
264 4690 504 4744 locorum
568 4688 782 4742 illorum
830 4687 1254 4756 episcopum-(0.
1298 4684 1450 4738 llunc
1501 4700 1693 4754 pagum

145 4782 354 4834 Ammos
424 4787 677 4834 vocatum
747 4777 912 4831 fuisse
963 4776 1320 4846 perspicimus
1381 4789 1447 4829 ex
1515 4772 1729 4829 Basilii'

144 4871 284 4936 epist.
316 4870 369 4933 3,
397 4871 451 4922 in
482 4884 588 4937 qua
625 4867 860 4934 loquitur
889 4867 954 4920 de
998 4865 1230 4934 quodam
1276 4865 1475 4934 agresti
1512 4881 1576 4918 ea:
1613 4865 1698 4930 iis,

147 4960 320 5029 inquit,
343 4962 432 5031 qui
459 4959 730 5013 nobiscum
759 4958 978 5011 Annesis
1011 4962 1419 5010 co‘mmorantur.
1449 4954 1570 5009 Haec
1606 4971 1701 5010 au-

146 5058 238 5102 tem
279 5052 343 5106 de
384 5068 527 5122 pago
562 5062 710 5106 trans
749 5054 942 5108 lridem
987 5049 1090 5104 sito
1127 5049 1298 5117 accipi
1342 5049 1537 5102 debere
1579 5047 1701 5101 inde

148 5145 470 5213 perspicitur,
516 5147 660 5214 quod
691 5146 873 5199 Basilii
920 5145 1155 5200 solitudo
1200 5142 1266 5196 ab
1293 5141 1441 5196 omni
1471 5153 1692 5195 urorsus

149 5238 405 5294 hominum
429 5239 832 5296 consuetudine
862 5246 1069 5293 remota
1110 5244 1273 5292 esset.

209 5361 276 5422 (ο)
307 5364 402 5433 Ep.
436 5364 566 5426 925,
605 5379 661 5417 n.
692 5361 748 5433 2.

210 5433 278 5500 (b)
315 5427 478 5503 G'reg.
515 5434 673 5503 Nyss.
714 5429 821 5485 Vit.
854 5427 1138 5503 Sabinam
1171 5444 1224 5498 p.
1268 5428 1388 5483 182.

212 5499 276 5568 (c)
306 5503 399 5558 0r.
424 5499 478 5557 in
512 5499 579 5558 xi
611 5511 792 5563 Μαι-1.,
826 5516 876 5568 p.
911 5499 1037 5553 ‘2“.

214 5573 284 5639 (ά)
312 5573 467 5642 Nyss.
512 5573 612 5625 Vit.
642 5569 699 5626 S.
733 5570 926 5632 Macr”
960 5585 1012 5638 p.
1043 5569 1164 5642 18;}.

215 5638 276 5712 (ς)
315 5638 472 5712 N'yss.
509 5645 602 5712 0r.
633 5642 686 5693 in
713 5656 778 5693 xl.
805 5652 984 5712 marg,
1007 5638 1226 5712 p:_212.

207 5707 275 5782 tl)
320 5707 421 5768 Vit.
450 5714 512 5769 s.
546 5711 736 5774 Μαίη,
767 5725 820 5779 p.
850 5709 974 5773 200,
1001 5707 1125 5765 202.

1729 4458 1770 4511 D

1786 1878 1945 1931 latam
1996 1878 2063 1931 ab
2108 1879 2282 1931 amico
2331 1875 2712 1948 promissorum
2778 1873 2934 1929 [idem
2985 1885 3209 1943 questus
3248 1886 3352 1929 est.

1786 1968 1900 2024 Non
1937 1969 2197 2022 habemus
2243 1967 2522 2037 epistolam
2562 1967 2614 2020 in
2650 1981 2752 2034 qua
2783 1966 2897 2019 haec
2919 1965 3220 2030 scribebat;
3254 1965 3352 2019 sed

1787 2067 1964 2113 exstat
1993 2057 2236 2128 Gregorii
2278 2058 2556 2125 responsio
2580 2056 2677 2126 (θ),
2713 2057 2800 2126 qui
2831 2055 3098 2123 objectqu
3144 2056 3351 2110 crimen

1784 2165 1890 2205 non
1919 2149 2205 2204 inliciando
2225 2149 2454 2218 repellit,
2483 2147 2574 2202 sed
2595 2146 2809 2216 pietatis
2831 2145 3138 2214 parentibus
3164 2144 3354 2199 debitae

1783 2245 2300 2298 commemoratione
2351 2245 2669 2312 deprecatur
2709 2258 2724 2294 :
2780 2257 2843 2294 ac
2892 2240 3002 2295 litis
3043 2239 3356 2294 dirimenda:

1784 2351 1946 2389 causa
1977 2335 2078 2389 hoc
2119 2343 2606 2403 temperamentum
2644 2331 2917 2400 proponit,
2951 2341 3007 2385 ut
3055 2330 3250 2399 partim
3288 2331 3355 2382 ad

1785 2435 1841 2474 se
1876 2419 2122 2486 Basilius,
2156 2422 2357 2484 partim
2389 2421 2503 2488 ipse
2539 2421 2604 2472 ad
2631 2420 2884 2473 Basilium
2912 2420 3159 2472 ventitet.

1856 2511 2030 2564 Aliam
2057 2511 2336 2564 amisimus
2365 2509 2545 2562 Basilii
2581 2512 2887 2579 epistolam,
2919 2511 2971 2563 in
3007 2524 3109 2578 qua
3134 2507 3357 2575 jocaba-

1787 2611 1873 2654 tur
1921 2602 1970 2654 in
2002 2602 2334 2658 Tiberinum.
2378 2600 2625 2654 Vicissim
2674 2617 2796 2654 eum
2830 2601 3118 2670 Gregorius
3161 2614 3350 2671 perur-

1787 2694 1943 2748 banis
1974 2694 2029 2747 in
2060 2693 2207 2748 Caesa
2222 2709 2363 2747 ream
2385 2694 2469 2748 ubi
2493 2707 2649 2747 natus
2677 2703 2889 2756 erat,et
2913 2695 2964 2747 in
2984 2693 3358 2780 Pontumiquo

1787 2784 2090 2851 secedebat,
2125 2784 2363 2838 dicteriis
2407 2785 2681 2839 remordet
2723 2783 2799 2853 (Ιι)
2843 2803 2855 2815 ·
2907 2783 3062 2838 Ponti
3111 2787 3358 2839 tenebras

1790 2875 2050 2942 exagitat,
2081 2876 2170 2930 ubi
2203 2875 2369 2929 solem
2398 2877 2464 2928 ad
2500 2886 2705 2928 certum
2736 2876 2950 2938 modum
2992 2877 3162 2944 accipi
3203 2876 3355 2931 dicit.

1795 2963 1946 3030 Quod
1969 2978 2178 3034 spectat
2201 2965 2266 3019 ad
2295 2963 2616 3030 Caesaream,
2662 2981 2759 3035 pro
2792 2965 2903 3019 luto
2939 2966 3124 3034 objicit
3155 2981 3358 3034 caupo-

1793 3071 1911 3120 nas,
1952 3065 2009 3110 et
2055 3057 2310 3125 quidquid
2342 3059 2503 3111 urbes
2543 3065 2700 3126 turpe
2731 3067 2786 3111 et
2827 3057 3230 3112 incommodum
3274 3056 3356 3112 fe-

1792 3158 1935 3201 runt.
1969 3147 2134 3202 Vocat
2167 3147 2422 3202 Basilium
2448 3149 2546 3202 luti
2581 3159 2859 3218 expertem
2888 3149 3089 3214 virum,
3121 3157 3176 3202 et
3209 3163 3358 3202 sum-

1791 3238 1894 3293 mis
1933 3239 2164 3306 pedibus
2205 3239 2566 3305 incedentem,
2604 3248 2894 3308 pennatum
2941 3253 3006 3294 ac
3030 3237 3358 3308 pendulum,

1791 3342 1849 3383 ut
1878 3330 2125 3398 quamvis
2157 3330 2226 3382 sit
2263 3329 2573 3399 Cappadox,
2618 3328 3010 3397 Cappadociam
3061 3325 3247 3398 fugiat.
3284 3327 3362 3380 Ex

1791 3423 1986 3492 quibus
2016 3422 2196 3477 verbis
2234 3421 2429 3491 colligo
2465 3420 2724 3474 Basilium
2762 3419 2998 3473 nondum
3030 3419 3360 3482 secessisse,

1790 3529 1911 3568 eum
1949 3518 2061 3567 haec
2101 3513 2363 3567 scriberet
2409 3510 2724 3581 Gregorius,
2771 3509 2864 3564 sed
2900 3517 3080 3562 tamen
3107 3509 3216 3576 jam
3251 3518 3363 3562 sta-

1795 3606 1958 3660 tuisse
1992 3604 2384 3674 Cappadociam
2427 3603 2612 3673 lugere
2640 3612 2694 3657 et
2741 3602 2793 3656 in
2831 3601 3061 3656 Pontum
3105 3615 3163 3656 se
3213 3600 3352 3656 reci-

1794 3712 1939 3766 pere.

1865 3787 2097 3841 Basilius
2138 3786 2389 3840 omnibus
2433 3785 2595 3839 rebus
2643 3783 2715 3837 ita
2762 3798 2881 3838 sese
2926 3783 3221 3836 nudaverat
3271 3780 3360 3850 (i),

1797 3887 1857 3930 ut
1888 3879 2019 3930 nihil
2051 3877 2273 3930 haberet
2303 3881 2496 3945 pra-ter
2525 3889 2720 3943 corpus
2750 3883 2804 3927 et
2835 3874 3138 3928 necessaria
3170 3886 3363 3940 eorpo-

1795 3971 1869 4022 ris
1891 3969 2282 4038 integumenta.
2311 3964 2501 4020 Cilicio
2524 3979 2720 4033 corpus
2743 3962 3059 4031 tegebat(j),
3084 3962 3175 4015 sed
3203 3969 3360 4014 noctu

1797 4067 2025 4124 tantum,
2078 4070 2136 4110 ut
2172 4058 2358 4112 oculos
2413 4056 2688 4111 hominum
2738 4055 2953 4108 vitaret.
2999 4052 3166 4107 Nemo
3215 4062 3360 4106 tanta

1797 4150 1971 4203 inedia
2006 4150 2236 4203 exstitit.
2270 4147 2402 4200 Erat
2429 4147 2530 4211 illi,
2559 4146 2730 4214 inquit
2755 4143 3154 4207 Nazianzenus,
3186 4143 3363 4196 tunica

1797 4259 1923 4303 una,
1969 4249 2018 4292 et
2052 4237 2274 4307 pallium
2311 4253 2493 4300 unum,
2539 4246 2585 4289 et
2626 4246 2823 4288 stratus
2873 4233 3016 4286 humi
3061 4233 3280 4286 lectulus
3317 4241 3366 4286 et

1797 4332 2022 4394 illuvies,
2053 4311 2100 4384 et
2142 4328 2336 4397 vigilite
2366 4327 2496 4397 (illa
2518 4327 2632 4397 ejus
2657 4328 2842 4380 decora
2873 4336 2920 4378 et
2953 4322 3289 4392 ornamenta)
3317 4333 3365 4375 et

1801 4421 2110 4474 suavissima
2149 4434 2289 4471 coma
2321 4427 2367 4469 et
2415 4417 2707 4479 obsonium,
2747 4415 2900 4483 panis
2937 4421 2986 4467 et
3021 4413 3124 4477 sal,
3154 4427 3364 4478 novum,

1802 4508 2037 4573 inquam,
2066 4505 2198 4557 illud
2237 4503 2641 4563 condimentum,
2673 4508 2722 4552 et
2755 4500 2896 4564 potio
2921 4497 3094 4551 sobria
3129 4505 3177 4551 et
3217 4498 3370 4548 uber-

1805 4598 1964 4662 rima,
2010 4611 2168 4664 quam
2199 4594 2342 4646 nobis
2395 4592 2524 4644 nihil
2559 4591 2915 4643 laborantibus
2951 4590 3117 4659 fontes
3146 4586 3369 4656 profun-

1807 4688 1959 4740 dunt.
2007 4684 2090 4739 Ea:
2140 4686 2345 4753 quibus,
2390 4685 2495 4736 into
2547 4699 2664 4735 cum
2697 4682 2908 4751 quibus,
2939 4681 3106 4732 morbi
3137 4695 3199 4731 ac
3228 4692 3370 4730 mor-

1809 4776 1992 4830 borunt
2053 4775 2350 4828 curationes
2402 4780 2787 4841 promanarunt
2843 4783 2860 4821 :
2918 4769 3055 4838 quod
3105 4781 3372 4820 commune

1819 4869 2088 4935 utriusque
2122 4877 2353 4919 nostrum
2386 4863 2617 4916 studium
2651 4860 2769 4930 fuit.

1878 4958 2126 5012 Testatur
2157 4956 2319 5010 etiam
2344 4952 2618 5024 Nyssenus
2665 4949 2916 5006 Basilium
2955 4947 3028 5017 (lt)
3071 4945 3371 5016 parcissimi

1809 5051 1913 5105 cibi
1950 5050 2144 5111 fuisse,
2175 5056 2230 5099 et
2260 5061 2385 5099 cum
2415 5059 2578 5096 carne
2604 5058 2698 5097 sua
2735 5056 2839 5094 non
2869 5040 3042 5103 aliter,
3067 5053 3226 5107 quam
3251 5053 3372 5089 cum

1811 5155 1967 5197 servo
1995 5139 2217 5208 l‘ugitiVo
2239 5134 2624 5189 inexorabilem
2644 5132 2918 5187 dominum
2943 5131 3136 5200 egisse.
3162 5126 3372 5193 Quanto

1815 5233 2120 5289 sanctitatis
2149 5229 2200 5283 in
2233 5228 2410 5281 anima
2446 5239 2494 5281 et
2529 5238 2753 5296 corpore
2781 5223 3059 5279 servandae
3092 5219 3271 5277 studio
3295 5227 3374 5273 te-

1879 5353 1951 5424 (g)
1988 5353 2233 5424 Naz.ep.
2265 5347 2318 5400 5.

1879 5425 1956 5494 (It)
2125 5423 2177 5474 6.

1996 5487 2120 5563 Naz.
2154 5504 2236 5544 or.
2264 5487 2353 5541 20.

1882 5562 1948 5634 (ι)
1985 5562 2114 5634 Ibid:

2000 5631 2064 5685 lu
2089 5627 2255 5684 Basil.
2290 5644 2340 5696 p.
2366 5627 2485 5689 490,
2519 5625 2638 5679 49G.
