  <div class='ocr_page' id='page_1' title='image "/cluster/home/n/w/nwhite01/storage/ocr_20150623/29/nnc1.0046978755/023.png"; bbox 0 0 3820 6210; ppageno 0'>
   <div class='ocr_carea' id='block_1_1' title="bbox 382 319 2259 379">
    <p class='ocr_par' dir='ltr' id='par_1_1' title="bbox 382 319 2259 379">
     <span class='ocr_line' id='line_1_1' title="bbox 382 319 2259 379; baseline -0.001 -2"><span class='ocrx_word' id='word_1_1' title='bbox 382 339 472 379; x_wconf 76' lang='lat' dir='ltr'><strong>xu</strong></span> <span class='ocrx_word' id='word_1_2' title='bbox 1730 319 2259 375; x_wconf 74' lang='lat' dir='ltr'><strong>I’ROLEGOMENA.</strong></span> 
     </span>
    </p>
   </div>
   <div class='ocr_carea' id='block_1_2' title="bbox 380 441 3625 512">
    <p class='ocr_par' dir='ltr' id='par_1_2' title="bbox 380 441 3625 512">
     <span class='ocr_line' id='line_1_2' title="bbox 380 441 3625 512; baseline -0.001 -16"><span class='ocrx_word' id='word_1_3' title='bbox 380 451 622 504; x_wconf 83' lang='lat' dir='ltr'><strong>nerctur,</strong></span> <span class='ocrx_word' id='word_1_4' title='bbox 652 441 883 511; x_wconf 81' lang='lat' dir='ltr'><strong>perspici</strong></span> <span class='ocrx_word' id='word_1_5' title='bbox 921 449 1096 511; x_wconf 91' lang='lat' dir='ltr'><strong>potest</strong></span> <span class='ocrx_word' id='word_1_6' title='bbox 1122 456 1184 494; x_wconf 75' lang='lat' dir='ltr'><strong>ex</strong></span> <span class='ocrx_word' id='word_1_7' title='bbox 1236 442 1320 495; x_wconf 92' lang='lat' dir='ltr'><strong>his</strong></span> <span class='ocrx_word' id='word_1_8' title='bbox 1345 442 1589 496; x_wconf 72' lang='lat' dir='ltr'><strong>Cassiani</strong></span> <span class='ocrx_word' id='word_1_9' title='bbox 1621 444 1697 512; x_wconf 77' lang='grc' dir='ltr'><strong>(ιι)</strong></span> <span class='ocrx_word' id='word_1_10' title='bbox 1726 444 1906 499; x_wconf 77' lang='lat' dir='ltr'><strong>verbis</strong></span> <span class='ocrx_word' id='word_1_11' title='bbox 1942 462 1953 496; x_wconf 92' lang='lat'><strong>:</strong></span> <span class='ocrx_word' id='word_1_12' title='bbox 1987 447 2031 503; x_wconf 82' lang='grc' dir='ltr'>Α</span> <span class='ocrx_word' id='word_1_13' title='bbox 2065 443 2199 495; x_wconf 89' lang='lat' dir='ltr'><strong>cium</strong></span> <span class='ocrx_word' id='word_1_14' title='bbox 2240 443 2487 497; x_wconf 77' lang='lat' dir='ltr'><strong>ducebam</strong></span> <span class='ocrx_word' id='word_1_15' title='bbox 2522 457 2710 495; x_wconf 88' lang='lat' dir='ltr'><strong>eorum</strong></span> <span class='ocrx_word' id='word_1_16' title='bbox 2741 458 2857 511; x_wconf 75' lang='lat' dir='ltr'><strong>qua:</strong></span> <span class='ocrx_word' id='word_1_17' title='bbox 2887 458 2989 495; x_wconf 87' lang='lat' dir='ltr'><strong>non</strong></span> <span class='ocrx_word' id='word_1_18' title='bbox 3021 441 3279 507; x_wconf 89' lang='lat' dir='ltr'><strong>videntur,</strong></span> <span class='ocrx_word' id='word_1_19' title='bbox 3306 458 3365 495; x_wconf 90' lang='lat' dir='ltr'><strong>ea</strong></span> <span class='ocrx_word' id='word_1_20' title='bbox 3410 458 3525 511; x_wconf 76' lang='lat' dir='ltr'><strong>qum</strong></span> <span class='ocrx_word' id='word_1_21' title='bbox 3553 444 3625 493; x_wconf 76' lang='lat' dir='ltr'><strong>vi-</strong></span> 
     </span>
    </p>
   </div>
   <div class='ocr_carea' id='block_1_3' title="bbox 382 531 1959 603">
    <p class='ocr_par' dir='ltr' id='par_1_3' title="bbox 382 531 1959 603">
     <span class='ocr_line' id='line_1_3' title="bbox 382 531 1959 603; baseline 0 -18"><span class='ocrx_word' id='word_1_22' title='bbox 382 532 577 585; x_wconf 80' lang='lat' dir='ltr'><strong>Fertur</strong></span> <span class='ocrx_word' id='word_1_23' title='bbox 632 532 691 587; x_wconf 91' lang='lat' dir='ltr'><strong>S.</strong></span> <span class='ocrx_word' id='word_1_24' title='bbox 740 532 949 596; x_wconf 78' lang='lat' dir='ltr'><strong>Basilii,</strong></span> <span class='ocrx_word' id='word_1_25' title='bbox 985 533 1174 599; x_wconf 87' lang='lat' dir='ltr'><strong>inquit,</strong></span> <span class='ocrx_word' id='word_1_26' title='bbox 1228 531 1569 586; x_wconf 81' lang='lat' dir='ltr'><strong>Ctvsariensis</strong></span> <span class='ocrx_word' id='word_1_27' title='bbox 1610 535 1834 603; x_wconf 76' lang='lat' dir='ltr'><strong>episcopi</strong></span> <span class='ocrx_word' id='word_1_28' title='bbox 1877 535 1959 586; x_wconf 83' lang='lat' dir='ltr'><strong>di—</strong></span> 
     </span>
    </p>
   </div>
   <div class='ocr_carea' id='block_1_4' title="bbox 380 617 1955 688">
    <p class='ocr_par' dir='ltr' id='par_1_4' title="bbox 380 617 1955 688">
     <span class='ocr_line' id='line_1_4' title="bbox 380 617 1955 688; baseline 0.001 -18"><span class='ocrx_word' id='word_1_29' title='bbox 380 622 565 670; x_wconf 87' lang='lat' dir='ltr'><strong>stricta</strong></span> <span class='ocrx_word' id='word_1_30' title='bbox 614 618 889 671; x_wconf 77' lang='lat' dir='ltr'><strong>sententia.</strong></span> <span class='ocrx_word' id='word_1_31' title='bbox 942 617 1007 668; x_wconf 79' lang='lat' dir='ltr'><strong>Et</strong></span> <span class='ocrx_word' id='word_1_32' title='bbox 1068 617 1358 679; x_wconf 83' lang='lat' dir='ltr'><strong>mulierem,</strong></span> <span class='ocrx_word' id='word_1_33' title='bbox 1414 620 1605 688; x_wconf 88' lang='lat' dir='ltr'><strong>inquit,</strong></span> <span class='ocrx_word' id='word_1_34' title='bbox 1652 620 1859 688; x_wconf 86' lang='lat' dir='ltr'><strong>ignoro,</strong></span> <span class='ocrx_word' id='word_1_35' title='bbox 1909 630 1955 673; x_wconf 89' lang='lat' dir='ltr'><strong>et</strong></span> 
     </span>
    </p>
   </div>
   <div class='ocr_carea' id='block_1_5' title="bbox 381 707 1955 779">
    <p class='ocr_par' dir='ltr' id='par_1_5' title="bbox 381 707 1955 779">
     <span class='ocr_line' id='line_1_5' title="bbox 381 707 1955 779; baseline 0.001 -17"><span class='ocrx_word' id='word_1_36' title='bbox 381 712 524 779; x_wconf 79' lang='lat' dir='ltr'><strong>virgo</strong></span> <span class='ocrx_word' id='word_1_37' title='bbox 557 725 659 762; x_wconf 86' lang='lat' dir='ltr'><strong>non</strong></span> <span class='ocrx_word' id='word_1_38' title='bbox 707 725 841 762; x_wconf 87' lang='lat' dir='ltr'><strong>sum.</strong></span> <span class='ocrx_word' id='word_1_39' title='bbox 896 707 1166 763; x_wconf 87' lang='lat' dir='ltr'><strong>lntantum</strong></span> <span class='ocrx_word' id='word_1_40' title='bbox 1216 711 1467 763; x_wconf 79' lang='lat' dir='ltr'><strong>intellexit</strong></span> <span class='ocrx_word' id='word_1_41' title='bbox 1516 711 1955 779; x_wconf 75' lang='lat' dir='ltr'><strong>incorruptionem</strong></span> 
     </span>
    </p>
   </div>
   <div class='ocr_carea' id='block_1_6' title="bbox 381 802 1954 872">
    <p class='ocr_par' dir='ltr' id='par_1_6' title="bbox 381 802 1954 872">
     <span class='ocr_line' id='line_1_6' title="bbox 381 802 1954 872; baseline 0.002 -20"><span class='ocrx_word' id='word_1_42' title='bbox 381 802 554 854; x_wconf 88' lang='lat' dir='ltr'><strong>carnis</strong></span> <span class='ocrx_word' id='word_1_43' title='bbox 596 818 697 855; x_wconf 87' lang='lat' dir='ltr'><strong>non</strong></span> <span class='ocrx_word' id='word_1_44' title='bbox 750 810 857 854; x_wconf 86' lang='lat' dir='ltr'><strong>tant</strong></span> <span class='ocrx_word' id='word_1_45' title='bbox 889 803 943 854; x_wconf 88' lang='lat' dir='ltr'><strong>in</strong></span> <span class='ocrx_word' id='word_1_46' title='bbox 992 802 1228 854; x_wconf 82' lang='lat' dir='ltr'><strong>mulieris</strong></span> <span class='ocrx_word' id='word_1_47' title='bbox 1259 818 1369 855; x_wconf 87' lang='lat' dir='ltr'><strong>esse</strong></span> <span class='ocrx_word' id='word_1_48' title='bbox 1431 803 1767 866; x_wconf 71' lang='lat' dir='ltr'><strong>abstinentia,</strong></span> <span class='ocrx_word' id='word_1_49' title='bbox 1799 819 1954 872; x_wconf 87' lang='lat' dir='ltr'><strong>quant</strong></span> 
     </span>
    </p>
   </div>
   <div class='ocr_carea' id='block_1_7' title="bbox 381 890 1954 960">
    <p class='ocr_par' dir='ltr' id='par_1_7' title="bbox 381 890 1954 960">
     <span class='ocr_line' id='line_1_7' title="bbox 381 890 1954 960; baseline 0.001 -18"><span class='ocrx_word' id='word_1_50' title='bbox 381 890 434 942; x_wconf 88' lang='lat' dir='ltr'><strong>in</strong></span> <span class='ocrx_word' id='word_1_51' title='bbox 475 891 770 959; x_wconf 82' lang='lat' dir='ltr'><strong>integritate</strong></span> <span class='ocrx_word' id='word_1_52' title='bbox 802 891 996 952; x_wconf 80' lang='lat' dir='ltr'><strong>cordis,</strong></span> <span class='ocrx_word' id='word_1_53' title='bbox 1025 906 1141 959; x_wconf 78' lang='lat' dir='ltr'><strong>qua:</strong></span> <span class='ocrx_word' id='word_1_54' title='bbox 1174 907 1287 944; x_wconf 83' lang='lat' dir='ltr'><strong>vere</strong></span> <span class='ocrx_word' id='word_1_55' title='bbox 1323 892 1684 960; x_wconf 85' lang='lat' dir='ltr'><strong>incorruptam</strong></span> <span class='ocrx_word' id='word_1_56' title='bbox 1710 901 1954 960; x_wconf 85' lang='lat' dir='ltr'><strong>perpetuo</strong></span> 
     </span>
    </p>
   </div>
   <div class='ocr_carea' id='block_1_8' title="bbox 380 981 1956 1048">
    <p class='ocr_par' dir='ltr' id='par_1_8' title="bbox 380 981 1956 1048">
     <span class='ocr_line' id='line_1_8' title="bbox 380 981 1956 1048; baseline 0.001 -15"><span class='ocrx_word' id='word_1_57' title='bbox 380 982 778 1035; x_wconf 77' lang='lat' dir='ltr'><strong>sanctimoniam</strong></span> <span class='ocrx_word' id='word_1_58' title='bbox 808 984 1041 1048; x_wconf 87' lang='lat' dir='ltr'><strong>corporis</strong></span> <span class='ocrx_word' id='word_1_59' title='bbox 1071 981 1147 1035; x_wconf 88' lang='lat' dir='ltr'><strong>vel</strong></span> <span class='ocrx_word' id='word_1_60' title='bbox 1200 983 1383 1035; x_wconf 86' lang='lat' dir='ltr'><strong>timore</strong></span> <span class='ocrx_word' id='word_1_61' title='bbox 1418 982 1512 1035; x_wconf 85' lang='lat' dir='ltr'><strong>Dei</strong></span> <span class='ocrx_word' id='word_1_62' title='bbox 1547 983 1624 1036; x_wconf 87' lang='lat' dir='ltr'><strong>vel</strong></span> <span class='ocrx_word' id='word_1_63' title='bbox 1663 999 1839 1035; x_wconf 87' lang='lat' dir='ltr'><strong>amore</strong></span> <span class='ocrx_word' id='word_1_64' title='bbox 1870 999 1956 1034; x_wconf 84' lang='lat' dir='ltr'><strong>ca—</strong></span> 
     </span>
    </p>
   </div>
   <div class='ocr_carea' id='block_1_9' title="bbox 380 1071 886 1126">
    <p class='ocr_par' dir='ltr' id='par_1_9' title="bbox 380 1071 886 1126">
     <span class='ocr_line' id='line_1_9' title="bbox 380 1071 886 1126; baseline -0.002 -1"><span class='ocrx_word' id='word_1_65' title='bbox 380 1071 573 1126; x_wconf 78' lang='lat' dir='ltr'><strong>stitatis</strong></span> <span class='ocrx_word' id='word_1_66' title='bbox 604 1073 886 1126; x_wconf 76' lang='lat' dir='ltr'><strong>custodiat.</strong></span> 
     </span>
    </p>
   </div>
   <div class='ocr_carea' id='block_1_10' title="bbox 991 1184 1347 1242">
    <p class='ocr_par' dir='ltr' id='par_1_10' title="bbox 991 1184 1347 1242">
     <span class='ocr_line' id='line_1_10' title="bbox 991 1184 1347 1242; baseline 0.008 -3"><span class='ocrx_word' id='word_1_67' title='bbox 991 1184 1219 1240; x_wconf 77' lang='lat' dir='ltr'><strong>CAPUT</strong></span> <span class='ocrx_word' id='word_1_68' title='bbox 1260 1185 1347 1242; x_wconf 84' lang='lat' dir='ltr'><strong>IV.</strong></span> 
     </span>
    </p>
   </div>
   <div class='ocr_carea' id='block_1_11' title="bbox 380 1269 1956 1342">
    <p class='ocr_par' dir='ltr' id='par_1_11' title="bbox 380 1269 1956 1342">
     <span class='ocr_line' id='line_1_11' title="bbox 380 1269 1956 1342; baseline 0.004 -19"><span class='ocrx_word' id='word_1_69' title='bbox 380 1271 418 1323; x_wconf 84' lang='lat' dir='ltr'><strong>l.</strong></span> <span class='ocrx_word' id='word_1_70' title='bbox 457 1269 559 1335; x_wconf 84' lang='lat' dir='ltr'><strong>Qui</strong></span> <span class='ocrx_word' id='word_1_71' title='bbox 601 1270 856 1342; x_wconf 84' lang='lat' dir='ltr'><strong>Basiliam</strong></span> <span class='ocrx_word' id='word_1_72' title='bbox 898 1285 1085 1341; x_wconf 88' lang='lat' dir='ltr'><strong>negant</strong></span> <span class='ocrx_word' id='word_1_73' title='bbox 1128 1275 1449 1342; x_wconf 77' lang='lat' dir='ltr'><strong>professione</strong></span> <span class='ocrx_word' id='word_1_74' title='bbox 1486 1276 1792 1329; x_wconf 78' lang='lat' dir='ltr'><strong>monasticw</strong></span> <span class='ocrx_word' id='word_1_75' title='bbox 1838 1276 1956 1329; x_wconf 74' lang='lat' dir='ltr'><strong>vita:</strong></span> 
     </span>
    </p>
   </div>
   <div class='ocr_carea' id='block_1_12' title="bbox 452 1341 1955 1413">
    <p class='ocr_par' dir='ltr' id='par_1_12' title="bbox 452 1341 1955 1413">
     <span class='ocr_line' id='line_1_12' title="bbox 452 1341 1955 1413; baseline 0.005 -22"><span class='ocrx_word' id='word_1_76' title='bbox 452 1342 778 1413; x_wconf 57' lang='lat' dir='ltr'><strong>obstrictum</strong></span> <span class='ocrx_word' id='word_1_77' title='bbox 806 1341 995 1409; x_wconf 85' lang='lat' dir='ltr'><strong>fuisse,</strong></span> <span class='ocrx_word' id='word_1_78' title='bbox 1043 1341 1356 1413; x_wconf 78' lang='lat' dir='ltr'><strong>refelluntur</strong></span> <span class='ocrx_word' id='word_1_79' title='bbox 1409 1362 1472 1397; x_wconf 83' lang='lat' dir='ltr'><strong>ea:</strong></span> <span class='ocrx_word' id='word_1_80' title='bbox 1518 1347 1680 1413; x_wconf 84' lang='lat' dir='ltr'><strong>ipsius</strong></span> <span class='ocrx_word' id='word_1_81' title='bbox 1719 1346 1955 1398; x_wconf 90' lang='lat' dir='ltr'><strong>testimo-</strong></span> 
     </span>
    </p>
   </div>
   <div class='ocr_carea' id='block_1_13' title="bbox 453 1409 1955 1469">
    <p class='ocr_par' dir='ltr' id='par_1_13' title="bbox 453 1409 1955 1469">
     <span class='ocr_line' id='line_1_13' title="bbox 453 1409 1955 1469; baseline 0.005 -9"><span class='ocrx_word' id='word_1_82' title='bbox 453 1410 573 1461; x_wconf 90' lang='lat' dir='ltr'><strong>niis.</strong></span> <span class='ocrx_word' id='word_1_83' title='bbox 630 1410 689 1462; x_wconf 96' lang='lat' dir='ltr'><strong>ll.</strong></span> <span class='ocrx_word' id='word_1_84' title='bbox 750 1409 1016 1464; x_wconf 84' lang='lat' dir='ltr'><strong>Probatur</strong></span> <span class='ocrx_word' id='word_1_85' title='bbox 1063 1410 1327 1467; x_wconf 80' lang='lat' dir='ltr'><strong>Basiliam</strong></span> <span class='ocrx_word' id='word_1_86' title='bbox 1376 1416 1507 1467; x_wconf 84' lang='lat' dir='ltr'><strong>nihil</strong></span> <span class='ocrx_word' id='word_1_87' title='bbox 1538 1409 1645 1467; x_wconf 84' lang='lat' dir='ltr'><strong>sibi</strong></span> <span class='ocrx_word' id='word_1_88' title='bbox 1705 1433 1768 1468; x_wconf 81' lang='lat' dir='ltr'><strong>ea:</strong></span> <span class='ocrx_word' id='word_1_89' title='bbox 1808 1418 1955 1469; x_wconf 89' lang='lat' dir='ltr'><strong>bonis</strong></span> 
     </span>
    </p>
   </div>
   <div class='ocr_carea' id='block_1_14' title="bbox 450 1481 1957 1552">
    <p class='ocr_par' dir='ltr' id='par_1_14' title="bbox 450 1481 1957 1552">
     <span class='ocr_line' id='line_1_14' title="bbox 450 1481 1957 1552; baseline 0.006 -23"><span class='ocrx_word' id='word_1_90' title='bbox 450 1482 559 1552; x_wconf 81' lang='lat' dir='ltr'><strong>suis</strong></span> <span class='ocrx_word' id='word_1_91' title='bbox 586 1482 843 1549; x_wconf 89' lang='lat' dir='ltr'><strong>reliquum</strong></span> <span class='ocrx_word' id='word_1_92' title='bbox 871 1481 1073 1548; x_wconf 80' lang='lat' dir='ltr'><strong>fecisse.</strong></span> <span class='ocrx_word' id='word_1_93' title='bbox 1109 1483 1194 1536; x_wconf 86' lang='grc' dir='ltr'>ιιι.</span> <span class='ocrx_word' id='word_1_94' title='bbox 1239 1484 1500 1552; x_wconf 85' lang='lat' dir='ltr'><strong>Professio</strong></span> <span class='ocrx_word' id='word_1_95' title='bbox 1527 1486 1682 1538; x_wconf 89' lang='lat' dir='ltr'><strong>etiam</strong></span> <span class='ocrx_word' id='word_1_96' title='bbox 1719 1488 1957 1538; x_wconf 88' lang='lat' dir='ltr'><strong>nomina—</strong></span> 
     </span>
    </p>
   </div>
   <div class='ocr_carea' id='block_1_15' title="bbox 453 1551 1955 1621">
    <p class='ocr_par' dir='ltr' id='par_1_15' title="bbox 453 1551 1955 1621">
     <span class='ocr_line' id='line_1_15' title="bbox 453 1551 1955 1621; baseline 0.006 -22"><span class='ocrx_word' id='word_1_97' title='bbox 453 1551 627 1616; x_wconf 7' lang='lat' dir='ltr'><strong>timqet</strong></span> <span class='ocrx_word' id='word_1_98' title='bbox 659 1554 915 1621; x_wconf 73' lang='lat' dir='ltr'><strong>conceptis</strong></span> <span class='ocrx_word' id='word_1_99' title='bbox 948 1553 1110 1605; x_wconf 81' lang='lat' dir='ltr'><strong>verbis</strong></span> <span class='ocrx_word' id='word_1_100' title='bbox 1139 1570 1239 1606; x_wconf 89' lang='lat' dir='ltr'><strong>non</strong></span> <span class='ocrx_word' id='word_1_101' title='bbox 1270 1556 1604 1621; x_wconf 88' lang='lat' dir='ltr'><strong>pronuntiata</strong></span> <span class='ocrx_word' id='word_1_102' title='bbox 1642 1555 1826 1608; x_wconf 87' lang='lat' dir='ltr'><strong>violari</strong></span> <span class='ocrx_word' id='word_1_103' title='bbox 1854 1573 1955 1608; x_wconf 90' lang='lat' dir='ltr'><strong>non</strong></span> 
     </span>
    </p>
   </div>
   <div class='ocr_carea' id='block_1_16' title="bbox 451 1619 1955 1689">
    <p class='ocr_par' dir='ltr' id='par_1_16' title="bbox 451 1619 1955 1689">
     <span class='ocr_line' id='line_1_16' title="bbox 451 1619 1955 1689; baseline 0.005 -20"><span class='ocrx_word' id='word_1_104' title='bbox 451 1629 675 1685; x_wconf 79' lang='lat' dir='ltr'><strong>poterat.</strong></span> <span class='ocrx_word' id='word_1_105' title='bbox 720 1619 805 1672; x_wconf 91' lang='lat' dir='ltr'><strong>IV.</strong></span> <span class='ocrx_word' id='word_1_106' title='bbox 857 1621 1140 1689; x_wconf 82' lang='lat' dir='ltr'><strong>Gregorius</strong></span> <span class='ocrx_word' id='word_1_107' title='bbox 1173 1619 1397 1676; x_wconf 84' lang='lat' dir='ltr'><strong>mediam</strong></span> <span class='ocrx_word' id='word_1_108' title='bbox 1444 1625 1580 1677; x_wconf 90' lang='lat' dir='ltr'><strong>inter</strong></span> <span class='ocrx_word' id='word_1_109' title='bbox 1611 1624 1955 1678; x_wconf 88' lang='lat' dir='ltr'><strong>anachoretas</strong></span> 
     </span>
    </p>
   </div>
   <div class='ocr_carea' id='block_1_17' title="bbox 452 1693 1952 1762">
    <p class='ocr_par' dir='ltr' id='par_1_17' title="bbox 452 1693 1952 1762">
     <span class='ocr_line' id='line_1_17' title="bbox 452 1693 1952 1762; baseline 0.004 -23"><span class='ocrx_word' id='word_1_110' title='bbox 452 1698 501 1762; x_wconf 48' lang='lat' dir='ltr'><strong>ent</strong></span> <span class='ocrx_word' id='word_1_111' title='bbox 559 1702 765 1762; x_wconf 88' lang='lat' dir='ltr'><strong>ascetas</strong></span> <span class='ocrx_word' id='word_1_112' title='bbox 814 1703 1056 1745; x_wconf 89' lang='lat' dir='ltr'><strong>actuosos</strong></span> <span class='ocrx_word' id='word_1_113' title='bbox 1110 1693 1246 1744; x_wconf 76' lang='lat' dir='ltr'><strong>viam</strong></span> <span class='ocrx_word' id='word_1_114' title='bbox 1296 1693 1468 1761; x_wconf 88' lang='lat' dir='ltr'><strong>elegit.</strong></span> <span class='ocrx_word' id='word_1_115' title='bbox 1525 1694 1764 1762; x_wconf 80' lang='lat' dir='ltr'><strong>Migndes</strong></span> <span class='ocrx_word' id='word_1_116' title='bbox 1813 1697 1952 1761; x_wconf 88' lang='lat' dir='ltr'><strong>apud</strong></span> 
     </span>
    </p>
   </div>
   <div class='ocr_carea' id='block_1_18' title="bbox 455 1755 1954 1828">
    <p class='ocr_par' dir='ltr' id='par_1_18' title="bbox 455 1755 1954 1828">
     <span class='ocr_line' id='line_1_18' title="bbox 455 1755 1954 1828; baseline 0.005 -19"><span class='ocrx_word' id='word_1_117' title='bbox 455 1755 764 1828; x_wconf 76' lang='lat' dir='ltr'><strong>Gregorium</strong></span> <span class='ocrx_word' id='word_1_118' title='bbox 796 1762 951 1813; x_wconf 90' lang='lat' dir='ltr'><strong>iidem</strong></span> <span class='ocrx_word' id='word_1_119' title='bbox 985 1778 1045 1814; x_wconf 90' lang='lat' dir='ltr'><strong>ac</strong></span> <span class='ocrx_word' id='word_1_120' title='bbox 1084 1774 1274 1816; x_wconf 76' lang='lat' dir='ltr'><strong>asceta:</strong></span> <span class='ocrx_word' id='word_1_121' title='bbox 1306 1755 1506 1815; x_wconf 74' lang='lat' dir='ltr'><strong>actioni</strong></span> <span class='ocrx_word' id='word_1_122' title='bbox 1539 1755 1722 1816; x_wconf 79' lang='lat' dir='ltr'><strong>dediti.</strong></span> <span class='ocrx_word' id='word_1_123' title='bbox 1750 1764 1812 1816; x_wconf 69' lang='grc' dir='ltr'><strong>Υ.</strong></span> <span class='ocrx_word' id='word_1_124' title='bbox 1848 1755 1954 1816; x_wconf 81' lang='grc' dir='ltr'><strong>Βα-</strong></span> 
     </span>
    </p>
   </div>
   <div class='ocr_carea' id='block_1_19' title="bbox 453 1830 1954 1887">
    <p class='ocr_par' dir='ltr' id='par_1_19' title="bbox 453 1830 1954 1887">
     <span class='ocr_line' id='line_1_19' title="bbox 453 1830 1954 1887; baseline 0.004 -7"><span class='ocrx_word' id='word_1_125' title='bbox 453 1831 605 1881; x_wconf 72' lang='lat' dir='ltr'><strong>silius</strong></span> <span class='ocrx_word' id='word_1_126' title='bbox 661 1830 711 1881; x_wconf 90' lang='lat' dir='ltr'><strong>in</strong></span> <span class='ocrx_word' id='word_1_127' title='bbox 747 1833 1078 1884; x_wconf 85' lang='lat' dir='ltr'><strong>monasteriis</strong></span> <span class='ocrx_word' id='word_1_128' title='bbox 1109 1832 1218 1885; x_wconf 82' lang='lat' dir='ltr'><strong>suis</strong></span> <span class='ocrx_word' id='word_1_129' title='bbox 1268 1834 1498 1885; x_wconf 86' lang='lat' dir='ltr'><strong>medium</strong></span> <span class='ocrx_word' id='word_1_130' title='bbox 1544 1835 1680 1887; x_wconf 89' lang='lat' dir='ltr'><strong>inter</strong></span> <span class='ocrx_word' id='word_1_131' title='bbox 1725 1835 1954 1887; x_wconf 80' lang='lat' dir='ltr'><strong>anacho-</strong></span> 
     </span>
    </p>
   </div>
   <div class='ocr_carea' id='block_1_20' title="bbox 454 1901 1619 1969">
    <p class='ocr_par' dir='ltr' id='par_1_20' title="bbox 454 1901 1619 1969">
     <span class='ocr_line' id='line_1_20' title="bbox 454 1901 1619 1969; baseline 0.004 -19"><span class='ocrx_word' id='word_1_132' title='bbox 454 1910 588 1951; x_wconf 87' lang='lat' dir='ltr'><strong>retas</strong></span> <span class='ocrx_word' id='word_1_133' title='bbox 612 1916 673 1952; x_wconf 91' lang='lat' dir='ltr'><strong>ac</strong></span> <span class='ocrx_word' id='word_1_134' title='bbox 699 1901 928 1969; x_wconf 88' lang='lat' dir='ltr'><strong>migades</strong></span> <span class='ocrx_word' id='word_1_135' title='bbox 960 1902 1160 1955; x_wconf 85' lang='lat' dir='ltr'><strong>vivendi</strong></span> <span class='ocrx_word' id='word_1_136' title='bbox 1196 1918 1357 1969; x_wconf 89' lang='lat' dir='ltr'><strong>genus</strong></span> <span class='ocrx_word' id='word_1_137' title='bbox 1390 1904 1619 1956; x_wconf 85' lang='lat' dir='ltr'><strong>instituit</strong></span> 
     </span>
    </p>
   </div>
   <div class='ocr_carea' id='block_1_21' title="bbox 452 1990 1947 2066">
    <p class='ocr_par' dir='ltr' id='par_1_21' title="bbox 452 1990 1947 2066">
     <span class='ocr_line' id='line_1_21' title="bbox 452 1990 1947 2066; baseline 0.005 -23"><span class='ocrx_word' id='word_1_138' title='bbox 452 1990 492 2043; x_wconf 77' lang='lat' dir='ltr'><strong>l.</strong></span> <span class='ocrx_word' id='word_1_139' title='bbox 512 1990 863 2045; x_wconf 88' lang='lat' dir='ltr'><strong>Doctissimus</strong></span> <span class='ocrx_word' id='word_1_140' title='bbox 885 1993 1116 2060; x_wconf 79' lang='lat' dir='ltr'><strong>scriptor</strong></span> <span class='ocrx_word' id='word_1_141' title='bbox 1135 1993 1524 2049; x_wconf 84' lang='lat' dir='ltr'><strong>Thomassinus</strong></span> <span class='ocrx_word' id='word_1_142' title='bbox 1548 2011 1738 2049; x_wconf 86' lang='lat' dir='ltr'><strong>novam</strong></span> <span class='ocrx_word' id='word_1_143' title='bbox 1766 2012 1947 2066; x_wconf 87' lang='lat' dir='ltr'><strong>quam-</strong></span> 
     </span>
    </p>
   </div>
   <div class='ocr_carea' id='block_1_22' title="bbox 383 2080 1953 2156">
    <p class='ocr_par' dir='ltr' id='par_1_22' title="bbox 383 2080 1953 2156">
     <span class='ocr_line' id='line_1_22' title="bbox 383 2080 1953 2156; baseline 0.006 -23"><span class='ocrx_word' id='word_1_144' title='bbox 383 2080 505 2135; x_wconf 70' lang='lat' dir='ltr'><strong>dam</strong></span> <span class='ocrx_word' id='word_1_145' title='bbox 544 2084 609 2137; x_wconf 90' lang='lat' dir='ltr'><strong>de</strong></span> <span class='ocrx_word' id='word_1_146' title='bbox 638 2082 842 2137; x_wconf 84' lang='lat' dir='ltr'><strong>Basilio</strong></span> <span class='ocrx_word' id='word_1_147' title='bbox 874 2093 927 2137; x_wconf 92' lang='lat' dir='ltr'><strong>et</strong></span> <span class='ocrx_word' id='word_1_148' title='bbox 961 2083 1225 2151; x_wconf 82' lang='lat' dir='ltr'><strong>Gregorio</strong></span> <span class='ocrx_word' id='word_1_149' title='bbox 1270 2084 1611 2141; x_wconf 85' lang='lat' dir='ltr'><strong>Nazianzeno</strong></span> <span class='ocrx_word' id='word_1_150' title='bbox 1645 2089 1953 2156; x_wconf 87' lang='lat' dir='ltr'><strong>opinionem</strong></span> 
     </span>
    </p>
   </div>
   <div class='ocr_carea' id='block_1_23' title="bbox 386 2175 1955 2247">
    <p class='ocr_par' dir='ltr' id='par_1_23' title="bbox 386 2175 1955 2247">
     <span class='ocr_line' id='line_1_23' title="bbox 386 2175 1955 2247; baseline 0.006 -22"><span class='ocrx_word' id='word_1_151' title='bbox 386 2175 592 2228; x_wconf 80' lang='lat' dir='ltr'><strong>invenit</strong></span> <span class='ocrx_word' id='word_1_152' title='bbox 613 2213 628 2237; x_wconf 94' lang='lat'><strong>,</strong></span> <span class='ocrx_word' id='word_1_153' title='bbox 657 2189 776 2243; x_wconf 71' lang='lat' dir='ltr'><strong>qua:</strong></span> <span class='ocrx_word' id='word_1_154' title='bbox 806 2176 944 2244; x_wconf 88' lang='lat' dir='ltr'><strong>apud</strong></span> <span class='ocrx_word' id='word_1_155' title='bbox 980 2180 1232 2246; x_wconf 88' lang='lat' dir='ltr'><strong>antiquos</strong></span> <span class='ocrx_word' id='word_1_156' title='bbox 1266 2180 1505 2233; x_wconf 83' lang='lat' dir='ltr'><strong>inaudita</strong></span> <span class='ocrx_word' id='word_1_157' title='bbox 1530 2196 1749 2247; x_wconf 86' lang='lat' dir='ltr'><strong>prorsus</strong></span> <span class='ocrx_word' id='word_1_158' title='bbox 1775 2190 1827 2234; x_wconf 92' lang='lat' dir='ltr'><strong>et</strong></span> <span class='ocrx_word' id='word_1_159' title='bbox 1860 2183 1955 2235; x_wconf 87' lang='lat' dir='ltr'><strong>im-</strong></span> 
     </span>
    </p>
   </div>
   <div class='ocr_carea' id='block_1_24' title="bbox 386 2267 1955 2342">
    <p class='ocr_par' dir='ltr' id='par_1_24' title="bbox 386 2267 1955 2342">
     <span class='ocr_line' id='line_1_24' title="bbox 386 2267 1955 2342; baseline 0.005 -23"><span class='ocrx_word' id='word_1_160' title='bbox 386 2275 707 2329; x_wconf 83' lang='lat' dir='ltr'><strong>memorata,</strong></span> <span class='ocrx_word' id='word_1_161' title='bbox 742 2267 943 2335; x_wconf 89' lang='lat' dir='ltr'><strong>placuit</strong></span> <span class='ocrx_word' id='word_1_162' title='bbox 978 2280 1158 2324; x_wconf 90' lang='lat' dir='ltr'><strong>tamen</strong></span> <span class='ocrx_word' id='word_1_163' title='bbox 1193 2271 1545 2325; x_wconf 87' lang='lat' dir='ltr'><strong>celeberrimo</strong></span> <span class='ocrx_word' id='word_1_164' title='bbox 1575 2273 1753 2326; x_wconf 79' lang='lat' dir='ltr'><strong>abbati</strong></span> <span class='ocrx_word' id='word_1_165' title='bbox 1786 2272 1955 2342; x_wconf 89' lang='lat' dir='ltr'><strong>Trap-</strong></span> 
     </span>
    </p>
   </div>
   <div class='ocr_carea' id='block_1_25' title="bbox 384 2354 1953 2423">
    <p class='ocr_par' dir='ltr' id='par_1_25' title="bbox 384 2354 1953 2423">
     <span class='ocr_line' id='line_1_25' title="bbox 384 2354 1953 2423; baseline 0.009 -18"><span class='ocrx_word' id='word_1_166' title='bbox 384 2356 558 2423; x_wconf 77' lang='lat' dir='ltr'><strong>peusi.</strong></span> <span class='ocrx_word' id='word_1_167' title='bbox 598 2354 850 2411; x_wconf 90' lang='lat' dir='ltr'><strong>Summos</strong></span> <span class='ocrx_word' id='word_1_168' title='bbox 883 2358 1001 2414; x_wconf 90' lang='lat' dir='ltr'><strong>illos</strong></span> <span class='ocrx_word' id='word_1_169' title='bbox 1041 2362 1186 2415; x_wconf 87' lang='lat' dir='ltr'><strong>viros</strong></span> <span class='ocrx_word' id='word_1_170' title='bbox 1233 2363 1430 2415; x_wconf 90' lang='lat' dir='ltr'><strong>fatetur</strong></span> <span class='ocrx_word' id='word_1_171' title='bbox 1465 2364 1856 2419; x_wconf 84' lang='lat' dir='ltr'><strong>Thomassinus</strong></span> <span class='ocrx_word' id='word_1_172' title='bbox 1904 2367 1953 2419; x_wconf 90' lang='lat' dir='ltr'><strong>in</strong></span> 
     </span>
    </p>
   </div>
   <div class='ocr_carea' id='block_1_26' title="bbox 391 2442 1955 2511">
    <p class='ocr_par' dir='ltr' id='par_1_26' title="bbox 391 2442 1955 2511">
     <span class='ocr_line' id='line_1_26' title="bbox 391 2442 1955 2511; baseline 0.008 -15"><span class='ocrx_word' id='word_1_173' title='bbox 391 2442 737 2499; x_wconf 83' lang='lat' dir='ltr'><strong>solitudinem</strong></span> <span class='ocrx_word' id='word_1_174' title='bbox 775 2452 1088 2511; x_wconf 83' lang='lat' dir='ltr'><strong>secessisse,</strong></span> <span class='ocrx_word' id='word_1_175' title='bbox 1124 2452 1215 2503; x_wconf 90' lang='lat' dir='ltr'><strong>sed</strong></span> <span class='ocrx_word' id='word_1_176' title='bbox 1260 2452 1363 2504; x_wconf 90' lang='lat' dir='ltr'><strong>illis</strong></span> <span class='ocrx_word' id='word_1_177' title='bbox 1401 2454 1683 2506; x_wconf 87' lang='lat' dir='ltr'><strong>monastici</strong></span> <span class='ocrx_word' id='word_1_178' title='bbox 1720 2454 1955 2508; x_wconf 89' lang='lat' dir='ltr'><strong>instituti</strong></span> 
     </span>
    </p>
   </div>
   <div class='ocr_carea' id='block_1_27' title="bbox 386 2542 1956 2613">
    <p class='ocr_par' dir='ltr' id='par_1_27' title="bbox 386 2542 1956 2613">
     <span class='ocr_line' id='line_1_27' title="bbox 386 2542 1956 2613; baseline 0.004 -22"><span class='ocrx_word' id='word_1_179' title='bbox 386 2556 566 2594; x_wconf 86' lang='lat' dir='ltr'><strong>veram</strong></span> <span class='ocrx_word' id='word_1_180' title='bbox 588 2542 975 2611; x_wconf 89' lang='lat' dir='ltr'><strong>professionem</strong></span> <span class='ocrx_word' id='word_1_181' title='bbox 997 2542 1216 2597; x_wconf 82' lang='lat' dir='ltr'><strong>invidet.</strong></span> <span class='ocrx_word' id='word_1_182' title='bbox 1242 2543 1408 2613; x_wconf 78' lang='lat' dir='ltr'><strong>Negat</strong></span> <span class='ocrx_word' id='word_1_183' title='bbox 1423 2543 1495 2613; x_wconf 86' lang='lat' dir='ltr'><strong>(b)</strong></span> <span class='ocrx_word' id='word_1_184' title='bbox 1520 2560 1628 2597; x_wconf 81' lang='lat' dir='ltr'><strong>vere</strong></span> <span class='ocrx_word' id='word_1_185' title='bbox 1646 2547 1956 2599; x_wconf 87' lang='lat' dir='ltr'><strong>monachum</strong></span> 
     </span>
    </p>
   </div>
   <div class='ocr_carea' id='block_1_28' title="bbox 382 2633 1958 2703">
    <p class='ocr_par' dir='ltr' id='par_1_28' title="bbox 382 2633 1958 2703">
     <span class='ocr_line' id='line_1_28' title="bbox 382 2633 1958 2703; baseline 0.003 -18"><span class='ocrx_word' id='word_1_186' title='bbox 382 2648 512 2698; x_wconf 83' lang='lat' dir='ltr'><strong>esse,</strong></span> <span class='ocrx_word' id='word_1_187' title='bbox 558 2634 656 2686; x_wconf 90' lang='lat' dir='ltr'><strong>nisi</strong></span> <span class='ocrx_word' id='word_1_188' title='bbox 704 2635 793 2702; x_wconf 89' lang='lat' dir='ltr'><strong>qui</strong></span> <span class='ocrx_word' id='word_1_189' title='bbox 838 2651 891 2687; x_wconf 90' lang='lat' dir='ltr'><strong>se</strong></span> <span class='ocrx_word' id='word_1_190' title='bbox 922 2633 990 2686; x_wconf 91' lang='lat' dir='ltr'><strong>ad</strong></span> <span class='ocrx_word' id='word_1_191' title='bbox 1035 2644 1198 2686; x_wconf 82' lang='lat' dir='ltr'><strong>totum</strong></span> <span class='ocrx_word' id='word_1_192' title='bbox 1246 2634 1365 2687; x_wconf 80' lang='lat' dir='ltr'><strong>vita:</strong></span> <span class='ocrx_word' id='word_1_193' title='bbox 1405 2645 1604 2703; x_wconf 87' lang='lat' dir='ltr'><strong>tempus</strong></span> <span class='ocrx_word' id='word_1_194' title='bbox 1637 2638 1735 2688; x_wconf 90' lang='lat' dir='ltr'><strong>hac</strong></span> <span class='ocrx_word' id='word_1_195' title='bbox 1776 2648 1958 2689; x_wconf 83' lang='lat' dir='ltr'><strong>sancta</strong></span> 
     </span>
    </p>
   </div>
   <div class='ocr_carea' id='block_1_29' title="bbox 383 2724 1957 2793">
    <p class='ocr_par' dir='ltr' id='par_1_29' title="bbox 383 2724 1957 2793">
     <span class='ocr_line' id='line_1_29' title="bbox 383 2724 1957 2793; baseline 0.005 -19"><span class='ocrx_word' id='word_1_196' title='bbox 383 2725 701 2792; x_wconf 76' lang='lat' dir='ltr'><strong>professione</strong></span> <span class='ocrx_word' id='word_1_197' title='bbox 726 2724 1041 2793; x_wconf 85' lang='lat' dir='ltr'><strong>obstringat,</strong></span> <span class='ocrx_word' id='word_1_198' title='bbox 1073 2742 1227 2793; x_wconf 87' lang='lat' dir='ltr'><strong>seque</strong></span> <span class='ocrx_word' id='word_1_199' title='bbox 1271 2727 1517 2780; x_wconf 89' lang='lat' dir='ltr'><strong>omnibus</strong></span> <span class='ocrx_word' id='word_1_200' title='bbox 1547 2729 1957 2791; x_wconf 86' lang='lat' dir='ltr'><strong>possessionibus</strong></span> 
     </span>
    </p>
   </div>
   <div class='ocr_carea' id='block_1_30' title="bbox 383 2817 1958 2890">
    <p class='ocr_par' dir='ltr' id='par_1_30' title="bbox 383 2817 1958 2890">
     <span class='ocr_line' id='line_1_30' title="bbox 383 2817 1958 2890; baseline 0.004 -20"><span class='ocrx_word' id='word_1_201' title='bbox 383 2817 568 2883; x_wconf 84' lang='lat' dir='ltr'><strong>spoliet</strong></span> <span class='ocrx_word' id='word_1_202' title='bbox 598 2834 659 2870; x_wconf 94' lang='lat' dir='ltr'><strong>ac</strong></span> <span class='ocrx_word' id='word_1_203' title='bbox 682 2819 861 2872; x_wconf 90' lang='lat' dir='ltr'><strong>nudet.</strong></span> <span class='ocrx_word' id='word_1_204' title='bbox 898 2818 1120 2872; x_wconf 80' lang='lat' dir='ltr'><strong>Difﬁcile</strong></span> <span class='ocrx_word' id='word_1_205' title='bbox 1141 2818 1387 2887; x_wconf 87' lang='lat' dir='ltr'><strong>profecto</strong></span> <span class='ocrx_word' id='word_1_206' title='bbox 1414 2835 1516 2873; x_wconf 93' lang='lat' dir='ltr'><strong>non</strong></span> <span class='ocrx_word' id='word_1_207' title='bbox 1544 2821 1649 2873; x_wconf 89' lang='lat' dir='ltr'><strong>erit</strong></span> <span class='ocrx_word' id='word_1_208' title='bbox 1671 2831 1958 2890; x_wconf 86' lang='lat' dir='ltr'><strong>utrumque</strong></span> 
     </span>
    </p>
   </div>
   <div class='ocr_carea' id='block_1_31' title="bbox 387 2906 1956 2978">
    <p class='ocr_par' dir='ltr' id='par_1_31' title="bbox 387 2906 1956 2978">
     <span class='ocr_line' id='line_1_31' title="bbox 387 2906 1956 2978; baseline 0.003 -17"><span class='ocrx_word' id='word_1_209' title='bbox 387 2909 452 2961; x_wconf 89' lang='lat' dir='ltr'><strong>de</strong></span> <span class='ocrx_word' id='word_1_210' title='bbox 488 2906 691 2961; x_wconf 86' lang='lat' dir='ltr'><strong>Basilio</strong></span> <span class='ocrx_word' id='word_1_211' title='bbox 726 2916 914 2963; x_wconf 90' lang='lat' dir='ltr'><strong>nostro</strong></span> <span class='ocrx_word' id='word_1_212' title='bbox 942 2918 1211 2972; x_wconf 87' lang='lat' dir='ltr'><strong>astruere,</strong></span> <span class='ocrx_word' id='word_1_213' title='bbox 1254 2919 1308 2962; x_wconf 90' lang='lat' dir='ltr'><strong>et</strong></span> <span class='ocrx_word' id='word_1_214' title='bbox 1348 2910 1488 2978; x_wconf 83' lang='lat' dir='ltr'><strong>quod</strong></span> <span class='ocrx_word' id='word_1_215' title='bbox 1533 2910 1775 2964; x_wconf 86' lang='lat' dir='ltr'><strong>eruditus</strong></span> <span class='ocrx_word' id='word_1_216' title='bbox 1813 2910 1956 2965; x_wconf 86' lang='lat' dir='ltr'><strong>Tho-</strong></span> 
     </span>
    </p>
   </div>
   <div class='ocr_carea' id='block_1_32' title="bbox 387 2999 1960 3064">
    <p class='ocr_par' dir='ltr' id='par_1_32' title="bbox 387 2999 1960 3064">
     <span class='ocr_line' id='line_1_32' title="bbox 387 2999 1960 3064; baseline 0.004 -14"><span class='ocrx_word' id='word_1_217' title='bbox 387 3000 661 3053; x_wconf 87' lang='lat' dir='ltr'><strong>massinus</strong></span> <span class='ocrx_word' id='word_1_218' title='bbox 715 2999 924 3064; x_wconf 87' lang='lat' dir='ltr'><strong>statuit,</strong></span> <span class='ocrx_word' id='word_1_219' title='bbox 978 3008 1035 3052; x_wconf 90' lang='lat' dir='ltr'><strong>ut</strong></span> <span class='ocrx_word' id='word_1_220' title='bbox 1086 3014 1208 3053; x_wconf 89' lang='lat' dir='ltr'><strong>eum</strong></span> <span class='ocrx_word' id='word_1_221' title='bbox 1259 3001 1584 3055; x_wconf 90' lang='lat' dir='ltr'><strong>monachum</strong></span> <span class='ocrx_word' id='word_1_222' title='bbox 1631 3018 1735 3055; x_wconf 91' lang='lat' dir='ltr'><strong>non</strong></span> <span class='ocrx_word' id='word_1_223' title='bbox 1795 3002 1960 3057; x_wconf 89' lang='lat' dir='ltr'><strong>fuisse</strong></span> 
     </span>
    </p>
   </div>
   <div class='ocr_carea' id='block_1_33' title="bbox 387 3091 1959 3161">
    <p class='ocr_par' dir='ltr' id='par_1_33' title="bbox 387 3091 1959 3161">
     <span class='ocr_line' id='line_1_33' title="bbox 387 3091 1959 3161; baseline 0.004 -19"><span class='ocrx_word' id='word_1_224' title='bbox 387 3092 594 3160; x_wconf 90' lang='lat' dir='ltr'><strong>probet,</strong></span> <span class='ocrx_word' id='word_1_225' title='bbox 632 3091 684 3145; x_wconf 92' lang='lat' dir='ltr'><strong>id</strong></span> <span class='ocrx_word' id='word_1_226' title='bbox 743 3101 1061 3146; x_wconf 86' lang='lat' dir='ltr'><strong>convertere</strong></span> <span class='ocrx_word' id='word_1_227' title='bbox 1104 3091 1156 3144; x_wconf 90' lang='lat' dir='ltr'><strong>in</strong></span> <span class='ocrx_word' id='word_1_228' title='bbox 1206 3103 1581 3161; x_wconf 81' lang='lat' dir='ltr'><strong>argumentum</strong></span> <span class='ocrx_word' id='word_1_229' title='bbox 1625 3109 1763 3147; x_wconf 66' lang='lat' dir='ltr'><strong>verte</strong></span> <span class='ocrx_word' id='word_1_230' title='bbox 1816 3094 1959 3149; x_wconf 91' lang='lat' dir='ltr'><strong>illius</strong></span> 
     </span>
    </p>
   </div>
   <div class='ocr_carea' id='block_1_34' title="bbox 388 3181 1956 3253">
    <p class='ocr_par' dir='ltr' id='par_1_34' title="bbox 388 3181 1956 3253">
     <span class='ocr_line' id='line_1_34' title="bbox 388 3181 1956 3253; baseline 0.003 -17"><span class='ocrx_word' id='word_1_231' title='bbox 388 3185 697 3238; x_wconf 63' lang='lat' dir='ltr'><strong>monasticae</strong></span> <span class='ocrx_word' id='word_1_232' title='bbox 724 3184 1094 3253; x_wconf 78' lang='lat' dir='ltr'><strong>professionis.</strong></span> <span class='ocrx_word' id='word_1_233' title='bbox 1136 3181 1267 3235; x_wconf 87' lang='lat' dir='ltr'><strong>Nam</strong></span> <span class='ocrx_word' id='word_1_234' title='bbox 1310 3184 1361 3236; x_wconf 93' lang='lat' dir='ltr'><strong>in</strong></span> <span class='ocrx_word' id='word_1_235' title='bbox 1416 3183 1499 3237; x_wconf 90' lang='lat' dir='ltr'><strong>his</strong></span> <span class='ocrx_word' id='word_1_236' title='bbox 1545 3200 1665 3253; x_wconf 85' lang='lat' dir='ltr'><strong>quae</strong></span> <span class='ocrx_word' id='word_1_237' title='bbox 1726 3186 1792 3238; x_wconf 86' lang='lat' dir='ltr'><strong>ad</strong></span> <span class='ocrx_word' id='word_1_238' title='bbox 1824 3201 1956 3239; x_wconf 84' lang='lat' dir='ltr'><strong>san-</strong></span> 
     </span>
    </p>
   </div>
   <div class='ocr_carea' id='block_1_35' title="bbox 382 3272 1959 3342">
    <p class='ocr_par' dir='ltr' id='par_1_35' title="bbox 382 3272 1959 3342">
     <span class='ocr_line' id='line_1_35' title="bbox 382 3272 1959 3342; baseline 0.003 -17"><span class='ocrx_word' id='word_1_239' title='bbox 382 3285 530 3327; x_wconf 88' lang='lat' dir='ltr'><strong>ctum</strong></span> <span class='ocrx_word' id='word_1_240' title='bbox 562 3272 881 3342; x_wconf 86' lang='lat' dir='ltr'><strong>Gregorium</strong></span> <span class='ocrx_word' id='word_1_241' title='bbox 913 3272 1311 3325; x_wconf 80' lang='lat' dir='ltr'><strong>Nazianzenum</strong></span> <span class='ocrx_word' id='word_1_242' title='bbox 1339 3283 1590 3340; x_wconf 85' lang='lat' dir='ltr'><strong>spectant</strong></span> <span class='ocrx_word' id='word_1_243' title='bbox 1618 3291 1721 3327; x_wconf 86' lang='lat' dir='ltr'><strong>non</strong></span> <span class='ocrx_word' id='word_1_244' title='bbox 1766 3275 1959 3330; x_wconf 89' lang='lat' dir='ltr'><strong>immo-</strong></span> 
     </span>
    </p>
   </div>
   <div class='ocr_carea' id='block_1_36' title="bbox 390 3363 1956 3436">
    <p class='ocr_par' dir='ltr' id='par_1_36' title="bbox 390 3363 1956 3436">
     <span class='ocr_line' id='line_1_36' title="bbox 390 3363 1956 3436; baseline 0.001 -21"><span class='ocrx_word' id='word_1_245' title='bbox 390 3363 567 3425; x_wconf 89' lang='lat' dir='ltr'><strong>rabor,</strong></span> <span class='ocrx_word' id='word_1_246' title='bbox 607 3366 856 3432; x_wconf 82' lang='lat' dir='ltr'><strong>quamvis</strong></span> <span class='ocrx_word' id='word_1_247' title='bbox 891 3364 1123 3431; x_wconf 85' lang='lat' dir='ltr'><strong>amplam</strong></span> <span class='ocrx_word' id='word_1_248' title='bbox 1166 3372 1403 3433; x_wconf 82' lang='lat' dir='ltr'><strong>segetem</strong></span> <span class='ocrx_word' id='word_1_249' title='bbox 1458 3364 1603 3418; x_wconf 92' lang='lat' dir='ltr'><strong>illius</strong></span> <span class='ocrx_word' id='word_1_250' title='bbox 1638 3381 1800 3434; x_wconf 87' lang='lat' dir='ltr'><strong>opera</strong></span> <span class='ocrx_word' id='word_1_251' title='bbox 1828 3382 1956 3436; x_wconf 90' lang='lat' dir='ltr'><strong>sup-</strong></span> 
     </span>
    </p>
   </div>
   <div class='ocr_carea' id='block_1_37' title="bbox 385 3455 1959 3527">
    <p class='ocr_par' dir='ltr' id='par_1_37' title="bbox 385 3455 1959 3527">
     <span class='ocr_line' id='line_1_37' title="bbox 385 3455 1959 3527; baseline 0.003 -20"><span class='ocrx_word' id='word_1_252' title='bbox 385 3456 627 3525; x_wconf 83' lang='lat' dir='ltr'><strong>peditent</strong></span> <span class='ocrx_word' id='word_1_253' title='bbox 659 3473 671 3509; x_wconf 94' lang='lat'>:</span> <span class='ocrx_word' id='word_1_254' title='bbox 717 3456 808 3510; x_wconf 89' lang='lat' dir='ltr'><strong>sed</strong></span> <span class='ocrx_word' id='word_1_255' title='bbox 850 3456 932 3509; x_wconf 89' lang='lat' dir='ltr'><strong>his</strong></span> <span class='ocrx_word' id='word_1_256' title='bbox 968 3455 1184 3508; x_wconf 88' lang='lat' dir='ltr'><strong>erudito</strong></span> <span class='ocrx_word' id='word_1_257' title='bbox 1214 3455 1381 3508; x_wconf 88' lang='lat' dir='ltr'><strong>sodali</strong></span> <span class='ocrx_word' id='word_1_258' title='bbox 1415 3456 1557 3509; x_wconf 87' lang='lat' dir='ltr'><strong>illius</strong></span> <span class='ocrx_word' id='word_1_259' title='bbox 1591 3471 1811 3527; x_wconf 85' lang='lat' dir='ltr'><strong>operum</strong></span> <span class='ocrx_word' id='word_1_260' title='bbox 1847 3462 1959 3512; x_wconf 90' lang='lat' dir='ltr'><strong>edi-</strong></span> 
     </span>
    </p>
   </div>
   <div class='ocr_carea' id='block_1_38' title="bbox 390 3546 1956 3611">
    <p class='ocr_par' dir='ltr' id='par_1_38' title="bbox 390 3546 1956 3611">
     <span class='ocr_line' id='line_1_38' title="bbox 390 3546 1956 3611; baseline 0.003 -11"><span class='ocrx_word' id='word_1_261' title='bbox 390 3548 587 3602; x_wconf 86' lang='lat' dir='ltr'><strong>tionem</strong></span> <span class='ocrx_word' id='word_1_262' title='bbox 618 3546 913 3600; x_wconf 89' lang='lat' dir='ltr'><strong>elaboranti</strong></span> <span class='ocrx_word' id='word_1_263' title='bbox 963 3547 1213 3611; x_wconf 89' lang='lat' dir='ltr'><strong>servatis,</strong></span> <span class='ocrx_word' id='word_1_264' title='bbox 1250 3547 1503 3600; x_wconf 87' lang='lat' dir='ltr'><strong>nonnulla</strong></span> <span class='ocrx_word' id='word_1_265' title='bbox 1545 3558 1752 3602; x_wconf 88' lang='lat' dir='ltr'><strong>tantum</strong></span> <span class='ocrx_word' id='word_1_266' title='bbox 1790 3551 1956 3604; x_wconf 89' lang='lat' dir='ltr'><strong>attin-</strong></span> 
     </span>
    </p>
   </div>
   <div class='ocr_carea' id='block_1_39' title="bbox 387 3636 1809 3710">
    <p class='ocr_par' dir='ltr' id='par_1_39' title="bbox 387 3636 1809 3710">
     <span class='ocr_line' id='line_1_39' title="bbox 387 3636 1809 3710; baseline 0.001 -18"><span class='ocrx_word' id='word_1_267' title='bbox 387 3655 530 3710; x_wconf 78' lang='lat' dir='ltr'><strong>gam,</strong></span> <span class='ocrx_word' id='word_1_268' title='bbox 565 3653 683 3706; x_wconf 81' lang='lat' dir='ltr'><strong>quae</strong></span> <span class='ocrx_word' id='word_1_269' title='bbox 712 3652 741 3691; x_wconf 87' lang='lat' dir='ltr'><strong>a</strong></span> <span class='ocrx_word' id='word_1_270' title='bbox 774 3636 973 3692; x_wconf 89' lang='lat' dir='ltr'><strong>Basilio</strong></span> <span class='ocrx_word' id='word_1_271' title='bbox 1003 3648 1190 3692; x_wconf 89' lang='lat' dir='ltr'><strong>nostro</strong></span> <span class='ocrx_word' id='word_1_272' title='bbox 1218 3638 1399 3693; x_wconf 87' lang='lat' dir='ltr'><strong>divelli</strong></span> <span class='ocrx_word' id='word_1_273' title='bbox 1433 3653 1535 3691; x_wconf 91' lang='lat' dir='ltr'><strong>nou</strong></span> <span class='ocrx_word' id='word_1_274' title='bbox 1565 3650 1809 3707; x_wconf 86' lang='lat' dir='ltr'><strong>possunt.</strong></span> 
     </span>
    </p>
   </div>
   <div class='ocr_carea' id='block_1_40' title="bbox 458 3731 1959 3801">
    <p class='ocr_par' dir='ltr' id='par_1_40' title="bbox 458 3731 1959 3801">
     <span class='ocr_line' id='line_1_40' title="bbox 458 3731 1959 3801; baseline -0.001 -13"><span class='ocrx_word' id='word_1_275' title='bbox 458 3733 712 3788; x_wconf 83' lang='lat' dir='ltr'><strong>Basilium</strong></span> <span class='ocrx_word' id='word_1_276' title='bbox 743 3732 914 3801; x_wconf 90' lang='lat' dir='ltr'><strong>ipsum</strong></span> <span class='ocrx_word' id='word_1_277' title='bbox 947 3731 1013 3785; x_wconf 92' lang='lat' dir='ltr'><strong>de</strong></span> <span class='ocrx_word' id='word_1_278' title='bbox 1041 3746 1099 3785; x_wconf 90' lang='lat' dir='ltr'><strong>se</strong></span> <span class='ocrx_word' id='word_1_279' title='bbox 1131 3731 1437 3799; x_wconf 81' lang='lat' dir='ltr'><strong>loquentem</strong></span> <span class='ocrx_word' id='word_1_280' title='bbox 1467 3733 1775 3797; x_wconf 90' lang='lat' dir='ltr'><strong>audiamus,</strong></span> <span class='ocrx_word' id='word_1_281' title='bbox 1808 3744 1959 3787; x_wconf 88' lang='lat' dir='ltr'><strong>ante-</strong></span> 
     </span>
    </p>
   </div>
   <div class='ocr_carea' id='block_1_41' title="bbox 387 3824 1957 3894">
    <p class='ocr_par' dir='ltr' id='par_1_41' title="bbox 387 3824 1957 3894">
     <span class='ocr_line' id='line_1_41' title="bbox 387 3824 1957 3894; baseline 0.003 -18"><span class='ocrx_word' id='word_1_282' title='bbox 387 3842 547 3894; x_wconf 83' lang='lat' dir='ltr'><strong>quam</strong></span> <span class='ocrx_word' id='word_1_283' title='bbox 575 3825 800 3878; x_wconf 89' lang='lat' dir='ltr'><strong>aliorum</strong></span> <span class='ocrx_word' id='word_1_284' title='bbox 834 3824 1130 3878; x_wconf 87' lang='lat' dir='ltr'><strong>referamus</strong></span> <span class='ocrx_word' id='word_1_285' title='bbox 1154 3825 1482 3877; x_wconf 88' lang='lat' dir='ltr'><strong>testimonia.</strong></span> <span class='ocrx_word' id='word_1_286' title='bbox 1520 3824 1610 3879; x_wconf 91' lang='lat' dir='ltr'><strong>Sic</strong></span> <span class='ocrx_word' id='word_1_287' title='bbox 1647 3836 1957 3894; x_wconf 88' lang='lat' dir='ltr'><strong>susceptum</strong></span> 
     </span>
    </p>
   </div>
   <div class='ocr_carea' id='block_1_42' title="bbox 387 3916 1955 3985">
    <p class='ocr_par' dir='ltr' id='par_1_42' title="bbox 387 3916 1955 3985">
     <span class='ocr_line' id='line_1_42' title="bbox 387 3916 1955 3985; baseline 0 -14"><span class='ocrx_word' id='word_1_288' title='bbox 387 3935 414 3970; x_wconf 93' lang='lat' dir='ltr'><strong>a</strong></span> <span class='ocrx_word' id='word_1_289' title='bbox 447 3934 506 3971; x_wconf 87' lang='lat' dir='ltr'><strong>se</strong></span> <span class='ocrx_word' id='word_1_290' title='bbox 541 3917 851 3970; x_wconf 78' lang='lat' dir='ltr'><strong>monasticze</strong></span> <span class='ocrx_word' id='word_1_291' title='bbox 881 3916 1005 3969; x_wconf 75' lang='lat' dir='ltr'><strong>vitae</strong></span> <span class='ocrx_word' id='word_1_292' title='bbox 1048 3916 1380 3984; x_wconf 88' lang='lat' dir='ltr'><strong>propositum</strong></span> <span class='ocrx_word' id='word_1_293' title='bbox 1424 3918 1649 3985; x_wconf 76' lang='lat' dir='ltr'><strong>exponit</strong></span> <span class='ocrx_word' id='word_1_294' title='bbox 1699 3918 1750 3970; x_wconf 92' lang='lat' dir='ltr'><strong>in</strong></span> <span class='ocrx_word' id='word_1_295' title='bbox 1796 3919 1955 3983; x_wconf 90' lang='lat' dir='ltr'><strong>epist.</strong></span> 
     </span>
    </p>
   </div>
   <div class='ocr_carea' id='block_1_43' title="bbox 386 4006 1957 4077">
    <p class='ocr_par' dir='ltr' id='par_1_43' title="bbox 386 4006 1957 4077">
     <span class='ocr_line' id='line_1_43' title="bbox 386 4006 1957 4077; baseline -0.001 -15"><span class='ocrx_word' id='word_1_296' title='bbox 386 4010 511 4072; x_wconf 70' lang='lat'><strong>2:25,</strong></span> <span class='ocrx_word' id='word_1_297' title='bbox 542 4025 595 4061; x_wconf 92' lang='lat' dir='ltr'><strong>n.</strong></span> <span class='ocrx_word' id='word_1_298' title='bbox 624 4007 690 4061; x_wconf 67' lang='lat'>2:</span> <span class='ocrx_word' id='word_1_299' title='bbox 730 4006 918 4076; x_wconf 87' lang='lat' dir='ltr'><strong>Itaque</strong></span> <span class='ocrx_word' id='word_1_300' title='bbox 956 4023 1073 4059; x_wconf 89' lang='lat' dir='ltr'><strong>cum</strong></span> <span class='ocrx_word' id='word_1_301' title='bbox 1090 4007 1329 4075; x_wconf 88' lang='lat' dir='ltr'><strong>legissem</strong></span> <span class='ocrx_word' id='word_1_302' title='bbox 1364 4008 1734 4076; x_wconf 86' lang='lat' dir='ltr'><strong>Evangelium,</strong></span> <span class='ocrx_word' id='word_1_303' title='bbox 1763 4009 1957 4077; x_wconf 89' lang='lat' dir='ltr'><strong>inquit,</strong></span> 
     </span>
    </p>
   </div>
   <div class='ocr_carea' id='block_1_44' title="bbox 387 4098 1957 4169">
    <p class='ocr_par' dir='ltr' id='par_1_44' title="bbox 387 4098 1957 4169">
     <span class='ocr_line' id='line_1_44' title="bbox 387 4098 1957 4169; baseline 0.001 -16"><span class='ocrx_word' id='word_1_304' title='bbox 387 4104 562 4169; x_wconf 81' lang='lat' dir='ltr'><strong>ibique</strong></span> <span class='ocrx_word' id='word_1_305' title='bbox 589 4100 961 4169; x_wconf 80' lang='lat' dir='ltr'><strong>perspexissent</strong></span> <span class='ocrx_word' id='word_1_306' title='bbox 1008 4098 1297 4166; x_wconf 87' lang='lat' dir='ltr'><strong>plurimum</strong></span> <span class='ocrx_word' id='word_1_307' title='bbox 1339 4098 1405 4150; x_wconf 89' lang='lat' dir='ltr'><strong>ad</strong></span> <span class='ocrx_word' id='word_1_308' title='bbox 1446 4098 1815 4166; x_wconf 86' lang='lat' dir='ltr'><strong>perfectionem</strong></span> <span class='ocrx_word' id='word_1_309' title='bbox 1871 4117 1957 4154; x_wconf 90' lang='lat' dir='ltr'><strong>va-</strong></span> 
     </span>
    </p>
   </div>
   <div class='ocr_carea' id='block_1_45' title="bbox 387 4188 1959 4257">
    <p class='ocr_par' dir='ltr' id='par_1_45' title="bbox 387 4188 1959 4257">
     <span class='ocr_line' id='line_1_45' title="bbox 387 4188 1959 4257; baseline 0.003 -17"><span class='ocrx_word' id='word_1_310' title='bbox 387 4193 528 4254; x_wconf 85' lang='lat' dir='ltr'><strong>lere,</strong></span> <span class='ocrx_word' id='word_1_311' title='bbox 576 4192 711 4243; x_wconf 90' lang='lat' dir='ltr'><strong>bona</strong></span> <span class='ocrx_word' id='word_1_312' title='bbox 755 4205 853 4243; x_wconf 86' lang='lat' dir='ltr'><strong>sua</strong></span> <span class='ocrx_word' id='word_1_313' title='bbox 881 4188 1179 4251; x_wconf 82' lang='lat' dir='ltr'><strong>diuendere,</strong></span> <span class='ocrx_word' id='word_1_314' title='bbox 1231 4198 1279 4239; x_wconf 87' lang='lat' dir='ltr'><strong>et</strong></span> <span class='ocrx_word' id='word_1_315' title='bbox 1326 4203 1442 4240; x_wconf 90' lang='lat' dir='ltr'><strong>cum</strong></span> <span class='ocrx_word' id='word_1_316' title='bbox 1485 4190 1659 4257; x_wconf 87' lang='lat' dir='ltr'><strong>egenis</strong></span> <span class='ocrx_word' id='word_1_317' title='bbox 1704 4190 1959 4256; x_wconf 87' lang='lat' dir='ltr'><strong>fratribus</strong></span> 
     </span>
    </p>
   </div>
   <div class='ocr_carea' id='block_1_46' title="bbox 388 4281 1961 4349">
    <p class='ocr_par' dir='ltr' id='par_1_46' title="bbox 388 4281 1961 4349">
     <span class='ocr_line' id='line_1_46' title="bbox 388 4281 1961 4349; baseline 0.001 -14"><span class='ocrx_word' id='word_1_318' title='bbox 388 4284 866 4347; x_wconf 88' lang='lat' dir='ltr'><strong>communicare,ac</strong></span> <span class='ocrx_word' id='word_1_319' title='bbox 892 4282 1037 4334; x_wconf 87' lang='lat' dir='ltr'><strong>nulla</strong></span> <span class='ocrx_word' id='word_1_320' title='bbox 1065 4297 1279 4349; x_wconf 86' lang='lat' dir='ltr'><strong>prorsus</strong></span> <span class='ocrx_word' id='word_1_321' title='bbox 1303 4281 1458 4349; x_wconf 86' lang='lat' dir='ltr'><strong>hujus</strong></span> <span class='ocrx_word' id='word_1_322' title='bbox 1476 4282 1594 4334; x_wconf 83' lang='lat' dir='ltr'><strong>vita:</strong></span> <span class='ocrx_word' id='word_1_323' title='bbox 1610 4283 1961 4338; x_wconf 84' lang='lat' dir='ltr'><strong>sollicitudine</strong></span> 
     </span>
    </p>
   </div>
   <div class='ocr_carea' id='block_1_47' title="bbox 388 4376 1959 4446">
    <p class='ocr_par' dir='ltr' id='par_1_47' title="bbox 388 4376 1959 4446">
     <span class='ocr_line' id='line_1_47' title="bbox 388 4376 1959 4446; baseline 0.002 -18"><span class='ocrx_word' id='word_1_324' title='bbox 388 4379 653 4446; x_wconf 87' lang='lat' dir='ltr'><strong>distringi,</strong></span> <span class='ocrx_word' id='word_1_325' title='bbox 692 4393 782 4430; x_wconf 89' lang='lat' dir='ltr'><strong>nec</strong></span> <span class='ocrx_word' id='word_1_326' title='bbox 824 4377 931 4429; x_wconf 87' lang='lat' dir='ltr'><strong>ulla</strong></span> <span class='ocrx_word' id='word_1_327' title='bbox 962 4376 1237 4444; x_wconf 73' lang='lat' dir='ltr'><strong>affectione</strong></span> <span class='ocrx_word' id='word_1_328' title='bbox 1283 4377 1351 4427; x_wconf 87' lang='lat' dir='ltr'><strong>ad</strong></span> <span class='ocrx_word' id='word_1_329' title='bbox 1410 4393 1488 4429; x_wconf 86' lang='lat' dir='ltr'><strong>res</strong></span> <span class='ocrx_word' id='word_1_330' title='bbox 1523 4388 1753 4431; x_wconf 84' lang='lat' dir='ltr'><strong>terrenas</strong></span> <span class='ocrx_word' id='word_1_331' title='bbox 1786 4380 1959 4431; x_wconf 88' lang='lat' dir='ltr'><strong>animo</strong></span> 
     </span>
    </p>
   </div>
   <div class='ocr_carea' id='block_1_48' title="bbox 2059 538 2266 590">
    <p class='ocr_par' dir='ltr' id='par_1_48' title="bbox 2059 538 2266 590">
     <span class='ocr_line' id='line_1_48' title="bbox 2059 538 2266 590; baseline 0 -1"><span class='ocrx_word' id='word_1_332' title='bbox 2059 538 2266 590; x_wconf 88' lang='lat' dir='ltr'><strong>dentur.</strong></span> 
     </span>
    </p>
   </div>
   <div class='ocr_carea' id='block_1_49' title="bbox 2131 625 3620 698">
    <p class='ocr_par' dir='ltr' id='par_1_49' title="bbox 2131 625 3620 698">
     <span class='ocr_line' id='line_1_49' title="bbox 2131 625 3620 698; baseline -0.004 -15"><span class='ocrx_word' id='word_1_333' title='bbox 2131 629 2244 683; x_wconf 85' lang='lat' dir='ltr'><strong>Non</strong></span> <span class='ocrx_word' id='word_1_334' title='bbox 2291 629 2446 684; x_wconf 88' lang='lat' dir='ltr'><strong>video</strong></span> <span class='ocrx_word' id='word_1_335' title='bbox 2486 628 2612 698; x_wconf 91' lang='lat' dir='ltr'><strong>quid</strong></span> <span class='ocrx_word' id='word_1_336' title='bbox 2658 626 3052 697; x_wconf 81' lang='lat' dir='ltr'><strong>significantius</strong></span> <span class='ocrx_word' id='word_1_337' title='bbox 3095 627 3259 695; x_wconf 90' lang='lat' dir='ltr'><strong>possit</strong></span> <span class='ocrx_word' id='word_1_338' title='bbox 3294 625 3620 697; x_wconf 72' lang='lat' dir='ltr'><strong>[Thomassi-</strong></span> 
     </span>
    </p>
   </div>
   <div class='ocr_carea' id='block_1_50' title="bbox 2060 717 3619 790">
    <p class='ocr_par' dir='ltr' id='par_1_50' title="bbox 2060 717 3619 790">
     <span class='ocr_line' id='line_1_50' title="bbox 2060 717 3619 790; baseline -0.003 -15"><span class='ocrx_word' id='word_1_339' title='bbox 2060 737 2161 775; x_wconf 89' lang='lat' dir='ltr'><strong>nus</strong></span> <span class='ocrx_word' id='word_1_340' title='bbox 2196 721 2491 790; x_wconf 84' lang='lat' dir='ltr'><strong>requirere.</strong></span> <span class='ocrx_word' id='word_1_341' title='bbox 2526 720 2619 773; x_wconf 79' lang='lat' dir='ltr'><strong>Vel</strong></span> <span class='ocrx_word' id='word_1_342' title='bbox 2652 720 2795 774; x_wconf 89' lang='lat' dir='ltr'><strong>enim</strong></span> <span class='ocrx_word' id='word_1_343' title='bbox 2828 717 2957 772; x_wconf 91' lang='lat' dir='ltr'><strong>nulli</strong></span> <span class='ocrx_word' id='word_1_344' title='bbox 2997 726 3122 771; x_wconf 90' lang='lat' dir='ltr'><strong>tunc</strong></span> <span class='ocrx_word' id='word_1_345' title='bbox 3160 719 3410 773; x_wconf 91' lang='lat' dir='ltr'><strong>monachi</strong></span> <span class='ocrx_word' id='word_1_346' title='bbox 3445 717 3619 781; x_wconf 88' lang='lat' dir='ltr'><strong>fuere,</strong></span> 
     </span>
    </p>
   </div>
   <div class='ocr_carea' id='block_1_51' title="bbox 2058 809 3627 867">
    <p class='ocr_par' dir='ltr' id='par_1_51' title="bbox 2058 809 3627 867">
     <span class='ocr_line' id='line_1_51' title="bbox 2058 809 3627 867; baseline -0.001 -1"><span class='ocrx_word' id='word_1_347' title='bbox 2058 812 2143 866; x_wconf 90' lang='lat' dir='ltr'><strong>vel</strong></span> <span class='ocrx_word' id='word_1_348' title='bbox 2189 813 2417 866; x_wconf 88' lang='lat' dir='ltr'><strong>Basilius</strong></span> <span class='ocrx_word' id='word_1_349' title='bbox 2462 810 2580 864; x_wconf 91' lang='lat' dir='ltr'><strong>fuit.</strong></span> <span class='ocrx_word' id='word_1_350' title='bbox 2639 809 2838 865; x_wconf 91' lang='lat' dir='ltr'><strong>Statuit</strong></span> <span class='ocrx_word' id='word_1_351' title='bbox 2876 810 3014 864; x_wconf 89' lang='lat' dir='ltr'><strong>bona</strong></span> <span class='ocrx_word' id='word_1_352' title='bbox 3055 812 3238 865; x_wconf 88' lang='lat' dir='ltr'><strong>omnia</strong></span> <span class='ocrx_word' id='word_1_353' title='bbox 3291 812 3529 867; x_wconf 89' lang='lat' dir='ltr'><strong>vendere</strong></span> <span class='ocrx_word' id='word_1_354' title='bbox 3571 822 3627 867; x_wconf 88' lang='lat' dir='ltr'><strong>et</strong></span> 
     </span>
    </p>
   </div>
   <div class='ocr_carea' id='block_1_52' title="bbox 2057 902 3632 973">
    <p class='ocr_par' dir='ltr' id='par_1_52' title="bbox 2057 902 3632 973">
     <span class='ocr_line' id='line_1_52' title="bbox 2057 902 3632 973; baseline 0 -16"><span class='ocrx_word' id='word_1_355' title='bbox 2057 903 2383 973; x_wconf 86' lang='lat' dir='ltr'><strong>pauperibus</strong></span> <span class='ocrx_word' id='word_1_356' title='bbox 2415 903 2759 958; x_wconf 88' lang='lat' dir='ltr'><strong>distribuere.</strong></span> <span class='ocrx_word' id='word_1_357' title='bbox 2811 902 3013 969; x_wconf 72' lang='lat' dir='ltr'><strong>Qumrit</strong></span> <span class='ocrx_word' id='word_1_358' title='bbox 3055 903 3287 973; x_wconf 87' lang='lat' dir='ltr'><strong>aliquem</strong></span> <span class='ocrx_word' id='word_1_359' title='bbox 3333 919 3397 957; x_wconf 79' lang='lat' dir='ltr'><strong>ex</strong></span> <span class='ocrx_word' id='word_1_360' title='bbox 3448 904 3632 958; x_wconf 87' lang='lat' dir='ltr'><strong>fratri-</strong></span> 
     </span>
    </p>
   </div>
   <div class='ocr_carea' id='block_1_53' title="bbox 2059 995 3632 1065">
    <p class='ocr_par' dir='ltr' id='par_1_53' title="bbox 2059 995 3632 1065">
     <span class='ocr_line' id='line_1_53' title="bbox 2059 995 3632 1065; baseline -0.001 -14"><span class='ocrx_word' id='word_1_361' title='bbox 2059 996 2193 1061; x_wconf 89' lang='lat' dir='ltr'><strong>bus,</strong></span> <span class='ocrx_word' id='word_1_362' title='bbox 2241 998 2328 1064; x_wconf 92' lang='lat' dir='ltr'><strong>qui</strong></span> <span class='ocrx_word' id='word_1_363' title='bbox 2383 996 2739 1049; x_wconf 89' lang='lat' dir='ltr'><strong>monasticum</strong></span> <span class='ocrx_word' id='word_1_364' title='bbox 2806 995 3110 1049; x_wconf 89' lang='lat' dir='ltr'><strong>institutum</strong></span> <span class='ocrx_word' id='word_1_365' title='bbox 3170 996 3507 1065; x_wconf 88' lang='lat' dir='ltr'><strong>profiteatur,</strong></span> <span class='ocrx_word' id='word_1_366' title='bbox 3570 1006 3632 1049; x_wconf 90' lang='lat' dir='ltr'><strong>ut</strong></span> 
     </span>
    </p>
   </div>
   <div class='ocr_carea' id='block_1_54' title="bbox 2058 1084 3631 1153">
    <p class='ocr_par' dir='ltr' id='par_1_54' title="bbox 2058 1084 3631 1153">
     <span class='ocr_line' id='line_1_54' title="bbox 2058 1084 3631 1153; baseline -0.001 -13"><span class='ocrx_word' id='word_1_367' title='bbox 2058 1101 2178 1140; x_wconf 91' lang='lat' dir='ltr'><strong>cum</strong></span> <span class='ocrx_word' id='word_1_368' title='bbox 2214 1100 2280 1140; x_wconf 90' lang='lat' dir='ltr'><strong>eo</strong></span> <span class='ocrx_word' id='word_1_369' title='bbox 2332 1085 2553 1140; x_wconf 81' lang='lat' dir='ltr'><strong>brevem</strong></span> <span class='ocrx_word' id='word_1_370' title='bbox 2598 1084 2757 1151; x_wconf 88' lang='lat' dir='ltr'><strong>hujus</strong></span> <span class='ocrx_word' id='word_1_371' title='bbox 2792 1085 2915 1138; x_wconf 75' lang='lat' dir='ltr'><strong>vita:</strong></span> <span class='ocrx_word' id='word_1_372' title='bbox 2956 1084 3172 1139; x_wconf 84' lang='lat' dir='ltr'><strong>ﬂuctum</strong></span> <span class='ocrx_word' id='word_1_373' title='bbox 3206 1094 3465 1141; x_wconf 89' lang='lat' dir='ltr'><strong>transeat.</strong></span> <span class='ocrx_word' id='word_1_374' title='bbox 3496 1086 3631 1153; x_wconf 82' lang='lat' dir='ltr'><strong>Quis</strong></span> 
     </span>
    </p>
   </div>
   <div class='ocr_carea' id='block_1_55' title="bbox 2060 1174 3633 1242">
    <p class='ocr_par' dir='ltr' id='par_1_55' title="bbox 2060 1174 3633 1242">
     <span class='ocr_line' id='line_1_55' title="bbox 2060 1174 3633 1242; baseline -0.001 -11"><span class='ocrx_word' id='word_1_375' title='bbox 2060 1177 2111 1231; x_wconf 91' lang='lat' dir='ltr'><strong>in</strong></span> <span class='ocrx_word' id='word_1_376' title='bbox 2145 1178 2247 1231; x_wconf 91' lang='lat' dir='ltr'><strong>hoc</strong></span> <span class='ocrx_word' id='word_1_377' title='bbox 2283 1176 2506 1231; x_wconf 91' lang='lat' dir='ltr'><strong>consilio</strong></span> <span class='ocrx_word' id='word_1_378' title='bbox 2557 1174 2643 1228; x_wconf 88' lang='lat' dir='ltr'><strong>vel</strong></span> <span class='ocrx_word' id='word_1_379' title='bbox 2690 1174 3005 1229; x_wconf 83' lang='lat' dir='ltr'><strong>facultatum</strong></span> <span class='ocrx_word' id='word_1_380' title='bbox 3059 1175 3497 1242; x_wconf 90' lang='lat' dir='ltr'><strong>retinendarum,</strong></span> <span class='ocrx_word' id='word_1_381' title='bbox 3546 1177 3633 1231; x_wconf 86' lang='lat' dir='ltr'><strong>vel</strong></span> 
     </span>
    </p>
   </div>
   <div class='ocr_carea' id='block_1_56' title="bbox 2060 1267 3633 1337">
    <p class='ocr_par' dir='ltr' id='par_1_56' title="bbox 2060 1267 3633 1337">
     <span class='ocr_line' id='line_1_56' title="bbox 2060 1267 3633 1337; baseline -0.001 -15"><span class='ocrx_word' id='word_1_382' title='bbox 2060 1269 2344 1323; x_wconf 88' lang='lat' dir='ltr'><strong>monastici</strong></span> <span class='ocrx_word' id='word_1_383' title='bbox 2371 1268 2604 1323; x_wconf 87' lang='lat' dir='ltr'><strong>instituti</strong></span> <span class='ocrx_word' id='word_1_384' title='bbox 2648 1267 2714 1321; x_wconf 89' lang='lat' dir='ltr'><strong>ad</strong></span> <span class='ocrx_word' id='word_1_385' title='bbox 2756 1276 2968 1336; x_wconf 88' lang='lat' dir='ltr'><strong>tempus</strong></span> <span class='ocrx_word' id='word_1_386' title='bbox 2995 1268 3355 1337; x_wconf 86' lang='lat' dir='ltr'><strong>amplectendi</strong></span> <span class='ocrx_word' id='word_1_387' title='bbox 3383 1269 3633 1323; x_wconf 87' lang='lat' dir='ltr'><strong>volunta-</strong></span> 
     </span>
    </p>
   </div>
   <div class='ocr_carea' id='block_1_57' title="bbox 2060 1360 3635 1430">
    <p class='ocr_par' dir='ltr' id='par_1_57' title="bbox 2060 1360 3635 1430">
     <span class='ocr_line' id='line_1_57' title="bbox 2060 1360 3635 1430; baseline 0.001 -17"><span class='ocrx_word' id='word_1_388' title='bbox 2060 1370 2163 1415; x_wconf 89' lang='lat' dir='ltr'><strong>tem</strong></span> <span class='ocrx_word' id='word_1_389' title='bbox 2195 1362 2504 1430; x_wconf 88' lang='lat' dir='ltr'><strong>suspicetur</strong></span> <span class='ocrx_word' id='word_1_390' title='bbox 2530 1361 2553 1414; x_wconf 88' lang='lat'><strong>?</strong></span> <span class='ocrx_word' id='word_1_391' title='bbox 2581 1360 2835 1427; x_wconf 87' lang='lat' dir='ltr'><strong>Quamvis</strong></span> <span class='ocrx_word' id='word_1_392' title='bbox 2879 1369 3061 1415; x_wconf 86' lang='lat' dir='ltr'><strong>autem</strong></span> <span class='ocrx_word' id='word_1_393' title='bbox 3094 1360 3323 1415; x_wconf 89' lang='lat' dir='ltr'><strong>Basilius</strong></span> <span class='ocrx_word' id='word_1_394' title='bbox 3357 1377 3461 1415; x_wconf 91' lang='lat' dir='ltr'><strong>non</strong></span> <span class='ocrx_word' id='word_1_395' title='bbox 3488 1362 3635 1415; x_wconf 89' lang='lat' dir='ltr'><strong>dicat</strong></span> 
     </span>
    </p>
   </div>
   <div class='ocr_carea' id='block_1_58' title="bbox 2058 1451 3633 1522">
    <p class='ocr_par' dir='ltr' id='par_1_58' title="bbox 2058 1451 3633 1522">
     <span class='ocr_line' id='line_1_58' title="bbox 2058 1451 3633 1522; baseline -0.001 -17"><span class='ocrx_word' id='word_1_396' title='bbox 2058 1452 2335 1522; x_wconf 89' lang='lat' dir='ltr'><strong>conceptis</strong></span> <span class='ocrx_word' id='word_1_397' title='bbox 2366 1451 2545 1507; x_wconf 88' lang='lat' dir='ltr'><strong>verbis</strong></span> <span class='ocrx_word' id='word_1_398' title='bbox 2580 1452 2849 1506; x_wconf 88' lang='lat' dir='ltr'><strong>imitatum</strong></span> <span class='ocrx_word' id='word_1_399' title='bbox 2896 1466 2953 1506; x_wconf 92' lang='lat' dir='ltr'><strong>se</strong></span> <span class='ocrx_word' id='word_1_400' title='bbox 2984 1466 3106 1507; x_wconf 89' lang='lat' dir='ltr'><strong>esse</strong></span> <span class='ocrx_word' id='word_1_401' title='bbox 3146 1453 3443 1521; x_wconf 87' lang='lat' dir='ltr'><strong>perfectum</strong></span> <span class='ocrx_word' id='word_1_402' title='bbox 3498 1453 3633 1505; x_wconf 87' lang='lat' dir='ltr'><strong>illud</strong></span> 
     </span>
    </p>
   </div>
   <div class='ocr_carea' id='block_1_59' title="bbox 2059 1544 3636 1613">
    <p class='ocr_par' dir='ltr' id='par_1_59' title="bbox 2059 1544 3636 1613">
     <span class='ocr_line' id='line_1_59' title="bbox 2059 1544 3636 1613; baseline 0.003 -20"><span class='ocrx_word' id='word_1_403' title='bbox 2059 1544 2270 1598; x_wconf 88' lang='lat' dir='ltr'><strong>vivendi</strong></span> <span class='ocrx_word' id='word_1_404' title='bbox 2297 1559 2487 1613; x_wconf 83' lang='lat' dir='ltr'><strong>genus,</strong></span> <span class='ocrx_word' id='word_1_405' title='bbox 2516 1546 2657 1612; x_wconf 92' lang='lat' dir='ltr'><strong>quod</strong></span> <span class='ocrx_word' id='word_1_406' title='bbox 2682 1544 2733 1596; x_wconf 91' lang='lat' dir='ltr'><strong>in</strong></span> <span class='ocrx_word' id='word_1_407' title='bbox 2757 1544 2922 1599; x_wconf 89' lang='lat' dir='ltr'><strong>variis</strong></span> <span class='ocrx_word' id='word_1_408' title='bbox 2968 1544 3315 1599; x_wconf 88' lang='lat' dir='ltr'><strong>monasteriis</strong></span> <span class='ocrx_word' id='word_1_409' title='bbox 3348 1558 3636 1613; x_wconf 73' lang='lat' dir='ltr'><strong>perspexe-</strong></span> 
     </span>
    </p>
   </div>
   <div class='ocr_carea' id='block_1_60' title="bbox 2060 1634 3637 1699">
    <p class='ocr_par' dir='ltr' id='par_1_60' title="bbox 2060 1634 3637 1699">
     <span class='ocr_line' id='line_1_60' title="bbox 2060 1634 3637 1699; baseline 0.001 -13"><span class='ocrx_word' id='word_1_410' title='bbox 2060 1644 2161 1695; x_wconf 88' lang='lat' dir='ltr'><strong>rat,</strong></span> <span class='ocrx_word' id='word_1_411' title='bbox 2193 1635 2286 1687; x_wconf 90' lang='lat' dir='ltr'><strong>sed</strong></span> <span class='ocrx_word' id='word_1_412' title='bbox 2305 1644 2511 1688; x_wconf 89' lang='lat' dir='ltr'><strong>tantum</strong></span> <span class='ocrx_word' id='word_1_413' title='bbox 2539 1634 2738 1687; x_wconf 90' lang='lat' dir='ltr'><strong>imitari</strong></span> <span class='ocrx_word' id='word_1_414' title='bbox 2763 1634 3029 1688; x_wconf 88' lang='lat' dir='ltr'><strong>statuisse</strong></span> <span class='ocrx_word' id='word_1_415' title='bbox 3054 1651 3069 1699; x_wconf 91' lang='lat'><strong>;</strong></span> <span class='ocrx_word' id='word_1_416' title='bbox 3104 1649 3258 1689; x_wconf 91' lang='lat' dir='ltr'><strong>nemo</strong></span> <span class='ocrx_word' id='word_1_417' title='bbox 3276 1644 3451 1688; x_wconf 74' lang='lat' dir='ltr'><strong>tamen</strong></span> <span class='ocrx_word' id='word_1_418' title='bbox 3478 1634 3637 1687; x_wconf 79' lang='lat' dir='ltr'><strong>dixe-</strong></span> 
     </span>
    </p>
   </div>
   <div class='ocr_carea' id='block_1_61' title="bbox 2060 1725 3634 1796">
    <p class='ocr_par' dir='ltr' id='par_1_61' title="bbox 2060 1725 3634 1796">
     <span class='ocr_line' id='line_1_61' title="bbox 2060 1725 3634 1796; baseline 0.003 -20"><span class='ocrx_word' id='word_1_419' title='bbox 2060 1725 2129 1778; x_wconf 89' lang='lat' dir='ltr'><strong>rit</strong></span> <span class='ocrx_word' id='word_1_420' title='bbox 2160 1740 2282 1778; x_wconf 90' lang='lat' dir='ltr'><strong>eum</strong></span> <span class='ocrx_word' id='word_1_421' title='bbox 2324 1726 2391 1778; x_wconf 92' lang='lat' dir='ltr'><strong>ab</strong></span> <span class='ocrx_word' id='word_1_422' title='bbox 2430 1725 2643 1794; x_wconf 88' lang='lat' dir='ltr'><strong>incepto</strong></span> <span class='ocrx_word' id='word_1_423' title='bbox 2668 1727 2898 1796; x_wconf 88' lang='lat' dir='ltr'><strong>turpiter</strong></span> <span class='ocrx_word' id='word_1_424' title='bbox 2924 1727 3267 1789; x_wconf 88' lang='lat' dir='ltr'><strong>discessisse,</strong></span> <span class='ocrx_word' id='word_1_425' title='bbox 3298 1734 3353 1779; x_wconf 88' lang='lat' dir='ltr'><strong>et</strong></span> <span class='ocrx_word' id='word_1_426' title='bbox 3376 1740 3493 1793; x_wconf 70' lang='lat' dir='ltr'><strong>qua:</strong></span> <span class='ocrx_word' id='word_1_427' title='bbox 3518 1736 3634 1780; x_wconf 83' lang='lat' dir='ltr'><strong>sta-</strong></span> 
     </span>
    </p>
   </div>
   <div class='ocr_carea' id='block_1_62' title="bbox 1988 1790 3487 1885">
    <p class='ocr_par' dir='ltr' id='par_1_62' title="bbox 1988 1790 3487 1885">
     <span class='ocr_line' id='line_1_62' title="bbox 1988 1790 3487 1885; baseline 0.003 -16"><span class='ocrx_word' id='word_1_428' title='bbox 1988 1790 2028 1844; x_wconf 74' lang='grc' dir='ltr'>Β</span> <span class='ocrx_word' id='word_1_429' title='bbox 2061 1824 2170 1869; x_wconf 86' lang='lat' dir='ltr'><strong>tuta</strong></span> <span class='ocrx_word' id='word_1_430' title='bbox 2208 1829 2267 1868; x_wconf 90' lang='lat' dir='ltr'><strong>ac</strong></span> <span class='ocrx_word' id='word_1_431' title='bbox 2291 1790 2585 1870; x_wconf 77' lang='lat' dir='ltr'><strong>deliberata</strong></span> <span class='ocrx_word' id='word_1_432' title='bbox 2613 1790 2899 1880; x_wconf 77' lang='lat' dir='ltr'><strong>habuerat,</strong></span> <span class='ocrx_word' id='word_1_433' title='bbox 2929 1818 3153 1871; x_wconf 89' lang='lat' dir='ltr'><strong>minime</strong></span> <span class='ocrx_word' id='word_1_434' title='bbox 3177 1818 3487 1885; x_wconf 83' lang='lat' dir='ltr'><strong>perfecisse.</strong></span> 
     </span>
    </p>
   </div>
   <div class='ocr_carea' id='block_1_63' title="bbox 2130 1902 3638 1977">
    <p class='ocr_par' dir='ltr' id='par_1_63' title="bbox 2130 1902 3638 1977">
     <span class='ocr_line' id='line_1_63' title="bbox 2130 1902 3638 1977; baseline 0.006 -22"><span class='ocrx_word' id='word_1_435' title='bbox 2130 1902 2274 1957; x_wconf 80' lang='lat' dir='ltr'><strong>Nihil</strong></span> <span class='ocrx_word' id='word_1_436' title='bbox 2309 1920 2440 1958; x_wconf 91' lang='lat' dir='ltr'><strong>sane</strong></span> <span class='ocrx_word' id='word_1_437' title='bbox 2467 1920 2603 1973; x_wconf 84' lang='lat' dir='ltr'><strong>opus</strong></span> <span class='ocrx_word' id='word_1_438' title='bbox 2652 1915 2735 1959; x_wconf 91' lang='lat' dir='ltr'><strong>est</strong></span> <span class='ocrx_word' id='word_1_439' title='bbox 2785 1907 3072 1976; x_wconf 81' lang='lat' dir='ltr'><strong>exquisitis</strong></span> <span class='ocrx_word' id='word_1_440' title='bbox 3126 1910 3457 1977; x_wconf 84' lang='lat' dir='ltr'><strong>argumentis</strong></span> <span class='ocrx_word' id='word_1_441' title='bbox 3485 1910 3537 1963; x_wconf 93' lang='lat' dir='ltr'><strong>in</strong></span> <span class='ocrx_word' id='word_1_442' title='bbox 3577 1926 3638 1964; x_wconf 90' lang='lat' dir='ltr'><strong>re</strong></span> 
     </span>
    </p>
   </div>
   <div class='ocr_carea' id='block_1_64' title="bbox 2060 1995 3637 2056">
    <p class='ocr_par' dir='ltr' id='par_1_64' title="bbox 2060 1995 3637 2056">
     <span class='ocr_line' id='line_1_64' title="bbox 2060 1995 3637 2056; baseline 0.004 -7"><span class='ocrx_word' id='word_1_443' title='bbox 2060 1995 2375 2051; x_wconf 85' lang='lat' dir='ltr'><strong>manifesta.</strong></span> <span class='ocrx_word' id='word_1_444' title='bbox 2413 1997 2820 2053; x_wconf 81' lang='lat' dir='ltr'><strong>Monumentum</strong></span> <span class='ocrx_word' id='word_1_445' title='bbox 2880 2000 3144 2055; x_wconf 89' lang='lat' dir='ltr'><strong>habemus</strong></span> <span class='ocrx_word' id='word_1_446' title='bbox 3179 2002 3490 2056; x_wconf 65' lang='lat' dir='ltr'><strong>monasticae</strong></span> <span class='ocrx_word' id='word_1_447' title='bbox 3534 2002 3637 2056; x_wconf 86' lang='lat' dir='ltr'><strong>Ba-</strong></span> 
     </span>
    </p>
   </div>
   <div class='ocr_carea' id='block_1_65' title="bbox 2058 2086 3635 2161">
    <p class='ocr_par' dir='ltr' id='par_1_65' title="bbox 2058 2086 3635 2161">
     <span class='ocr_line' id='line_1_65' title="bbox 2058 2086 3635 2161; baseline 0.004 -22"><span class='ocrx_word' id='word_1_448' title='bbox 2058 2086 2163 2139; x_wconf 88' lang='lat' dir='ltr'><strong>silii</strong></span> <span class='ocrx_word' id='word_1_449' title='bbox 2216 2088 2566 2156; x_wconf 87' lang='lat' dir='ltr'><strong>professionis</strong></span> <span class='ocrx_word' id='word_1_450' title='bbox 2606 2090 2992 2156; x_wconf 85' lang='lat' dir='ltr'><strong>certissimum,</strong></span> <span class='ocrx_word' id='word_1_451' title='bbox 3029 2092 3175 2160; x_wconf 89' lang='lat' dir='ltr'><strong>ipsas</strong></span> <span class='ocrx_word' id='word_1_452' title='bbox 3215 2091 3429 2161; x_wconf 78' lang='lat' dir='ltr'><strong>regulas</strong></span> <span class='ocrx_word' id='word_1_453' title='bbox 3461 2093 3529 2146; x_wconf 90' lang='lat' dir='ltr'><strong>ab</strong></span> <span class='ocrx_word' id='word_1_454' title='bbox 3567 2108 3635 2146; x_wconf 85' lang='lat' dir='ltr'><strong>eo</strong></span> 
     </span>
    </p>
   </div>
   <div class='ocr_carea' id='block_1_66' title="bbox 2060 2176 3640 2253">
    <p class='ocr_par' dir='ltr' id='par_1_66' title="bbox 2060 2176 3640 2253">
     <span class='ocr_line' id='line_1_66' title="bbox 2060 2176 3640 2253; baseline 0.005 -24"><span class='ocrx_word' id='word_1_455' title='bbox 2060 2176 2359 2234; x_wconf 87' lang='lat' dir='ltr'><strong>institutas.</strong></span> <span class='ocrx_word' id='word_1_456' title='bbox 2403 2178 2547 2233; x_wconf 85' lang='lat' dir='ltr'><strong>Nihil</strong></span> <span class='ocrx_word' id='word_1_457' title='bbox 2578 2181 2820 2235; x_wconf 87' lang='lat' dir='ltr'><strong>severius</strong></span> <span class='ocrx_word' id='word_1_458' title='bbox 2861 2192 2956 2234; x_wconf 91' lang='lat' dir='ltr'><strong>aut</strong></span> <span class='ocrx_word' id='word_1_459' title='bbox 2995 2182 3238 2237; x_wconf 88' lang='lat' dir='ltr'><strong>strictius</strong></span> <span class='ocrx_word' id='word_1_460' title='bbox 3272 2182 3486 2253; x_wconf 69' lang='lat' dir='ltr'><strong>praecipi</strong></span> <span class='ocrx_word' id='word_1_461' title='bbox 3540 2200 3640 2252; x_wconf 58' lang='lat' dir='ltr'><strong>po.</strong></span> 
     </span>
    </p>
   </div>
   <div class='ocr_carea' id='block_1_67' title="bbox 2063 2271 3636 2342">
    <p class='ocr_par' dir='ltr' id='par_1_67' title="bbox 2063 2271 3636 2342">
     <span class='ocr_line' id='line_1_67' title="bbox 2063 2271 3636 2342; baseline 0.003 -19"><span class='ocrx_word' id='word_1_462' title='bbox 2063 2279 2189 2334; x_wconf 89' lang='lat' dir='ltr'><strong>test,</strong></span> <span class='ocrx_word' id='word_1_463' title='bbox 2230 2286 2388 2339; x_wconf 91' lang='lat' dir='ltr'><strong>quam</strong></span> <span class='ocrx_word' id='word_1_464' title='bbox 2412 2286 2531 2340; x_wconf 66' lang='lat' dir='ltr'><strong>quae</strong></span> <span class='ocrx_word' id='word_1_465' title='bbox 2556 2287 2583 2323; x_wconf 91' lang='lat' dir='ltr'><strong>a</strong></span> <span class='ocrx_word' id='word_1_466' title='bbox 2616 2271 2814 2327; x_wconf 89' lang='lat' dir='ltr'><strong>Basilio</strong></span> <span class='ocrx_word' id='word_1_467' title='bbox 2838 2273 2902 2327; x_wconf 90' lang='lat' dir='ltr'><strong>de</strong></span> <span class='ocrx_word' id='word_1_468' title='bbox 2929 2275 3181 2328; x_wconf 88' lang='lat' dir='ltr'><strong>omnibus</strong></span> <span class='ocrx_word' id='word_1_469' title='bbox 3212 2289 3437 2342; x_wconf 89' lang='lat' dir='ltr'><strong>prorsus</strong></span> <span class='ocrx_word' id='word_1_470' title='bbox 3468 2274 3636 2328; x_wconf 89' lang='lat' dir='ltr'><strong>rebus</strong></span> 
     </span>
    </p>
   </div>
   <div class='ocr_carea' id='block_1_68' title="bbox 2062 2360 3633 2430">
    <p class='ocr_par' dir='ltr' id='par_1_68' title="bbox 2062 2360 3633 2430">
     <span class='ocr_line' id='line_1_68' title="bbox 2062 2360 3633 2430; baseline 0.003 -19"><span class='ocrx_word' id='word_1_471' title='bbox 2062 2360 2431 2429; x_wconf 87' lang='lat' dir='ltr'><strong>relinquendis</strong></span> <span class='ocrx_word' id='word_1_472' title='bbox 2470 2362 2871 2430; x_wconf 65' lang='lat' dir='ltr'><strong>praecipiuntur.</strong></span> <span class='ocrx_word' id='word_1_473' title='bbox 2903 2362 2964 2415; x_wconf 88' lang='lat' dir='ltr'><strong>Ei</strong></span> <span class='ocrx_word' id='word_1_474' title='bbox 3020 2363 3110 2430; x_wconf 93' lang='lat' dir='ltr'><strong>qui</strong></span> <span class='ocrx_word' id='word_1_475' title='bbox 3151 2363 3315 2417; x_wconf 88' lang='lat' dir='ltr'><strong>semel</strong></span> <span class='ocrx_word' id='word_1_476' title='bbox 3350 2362 3489 2417; x_wconf 87' lang='lat' dir='ltr'><strong>inter</strong></span> <span class='ocrx_word' id='word_1_477' title='bbox 3515 2362 3633 2415; x_wconf 86' lang='lat' dir='ltr'><strong>fra-</strong></span> 
     </span>
    </p>
   </div>
   <div class='ocr_carea' id='block_1_69' title="bbox 2067 2453 3635 2523">
    <p class='ocr_par' dir='ltr' id='par_1_69' title="bbox 2067 2453 3635 2523">
     <span class='ocr_line' id='line_1_69' title="bbox 2067 2453 3635 2523; baseline 0.003 -20"><span class='ocrx_word' id='word_1_478' title='bbox 2067 2462 2177 2505; x_wconf 89' lang='lat' dir='ltr'><strong>tres</strong></span> <span class='ocrx_word' id='word_1_479' title='bbox 2211 2453 2522 2506; x_wconf 88' lang='lat' dir='ltr'><strong>monasterii</strong></span> <span class='ocrx_word' id='word_1_480' title='bbox 2567 2454 2832 2521; x_wconf 91' lang='lat' dir='ltr'><strong>ascriptus</strong></span> <span class='ocrx_word' id='word_1_481' title='bbox 2878 2462 2979 2518; x_wconf 90' lang='lat' dir='ltr'><strong>est,</strong></span> <span class='ocrx_word' id='word_1_482' title='bbox 3044 2454 3245 2507; x_wconf 90' lang='lat' dir='ltr'><strong>nullum</strong></span> <span class='ocrx_word' id='word_1_483' title='bbox 3278 2469 3499 2523; x_wconf 89' lang='lat' dir='ltr'><strong>prorsus</strong></span> <span class='ocrx_word' id='word_1_484' title='bbox 3533 2469 3635 2507; x_wconf 80' lang='lat' dir='ltr'><strong>ex-</strong></span> 
     </span>
    </p>
   </div>
   <div class='ocr_carea' id='block_1_70' title="bbox 2060 2542 3637 2617">
    <p class='ocr_par' dir='ltr' id='par_1_70' title="bbox 2060 2542 3637 2617">
     <span class='ocr_line' id='line_1_70' title="bbox 2060 2542 3637 2617; baseline 0.004 -21"><span class='ocrx_word' id='word_1_485' title='bbox 2060 2542 2221 2596; x_wconf 90' lang='lat' dir='ltr'><strong>eundi</strong></span> <span class='ocrx_word' id='word_1_486' title='bbox 2251 2542 2425 2597; x_wconf 88' lang='lat' dir='ltr'><strong>locum</strong></span> <span class='ocrx_word' id='word_1_487' title='bbox 2466 2543 2718 2613; x_wconf 88' lang='lat' dir='ltr'><strong>relinquit</strong></span> <span class='ocrx_word' id='word_1_488' title='bbox 2746 2560 2760 2596; x_wconf 87' lang='lat'><strong>:</strong></span> <span class='ocrx_word' id='word_1_489' title='bbox 2792 2546 2885 2599; x_wconf 88' lang='lat' dir='ltr'><strong>sed</strong></span> <span class='ocrx_word' id='word_1_490' title='bbox 2918 2547 3243 2617; x_wconf 81' lang='lat' dir='ltr'><strong>sacrilegum</strong></span> <span class='ocrx_word' id='word_1_491' title='bbox 3288 2564 3410 2603; x_wconf 86' lang='lat' dir='ltr'><strong>esse</strong></span> <span class='ocrx_word' id='word_1_492' title='bbox 3455 2549 3637 2603; x_wconf 86' lang='lat' dir='ltr'><strong>decla-</strong></span> 
     </span>
    </p>
   </div>
   <div class='ocr_carea' id='block_1_71' title="bbox 2064 2634 3637 2709">
    <p class='ocr_par' dir='ltr' id='par_1_71' title="bbox 2064 2634 3637 2709">
     <span class='ocr_line' id='line_1_71' title="bbox 2064 2634 3637 2709; baseline 0.004 -23"><span class='ocrx_word' id='word_1_493' title='bbox 2064 2645 2145 2687; x_wconf 88' lang='lat' dir='ltr'><strong>rat</strong></span> <span class='ocrx_word' id='word_1_494' title='bbox 2179 2634 2272 2707; x_wconf 91' lang='lat' dir='ltr'><strong>(c),</strong></span> <span class='ocrx_word' id='word_1_495' title='bbox 2305 2636 2394 2703; x_wconf 93' lang='lat' dir='ltr'><strong>qui</strong></span> <span class='ocrx_word' id='word_1_496' title='bbox 2436 2638 2501 2689; x_wconf 89' lang='lat' dir='ltr'><strong>ad</strong></span> <span class='ocrx_word' id='word_1_497' title='bbox 2531 2636 2680 2690; x_wconf 88' lang='lat' dir='ltr'><strong>aliud</strong></span> <span class='ocrx_word' id='word_1_498' title='bbox 2709 2638 2829 2690; x_wconf 72' lang='lat' dir='ltr'><strong>vita:</strong></span> <span class='ocrx_word' id='word_1_499' title='bbox 2857 2652 3026 2706; x_wconf 79' lang='lat' dir='ltr'><strong>genus</strong></span> <span class='ocrx_word' id='word_1_500' title='bbox 3060 2640 3276 2704; x_wconf 85' lang='lat' dir='ltr'><strong>transit,</strong></span> <span class='ocrx_word' id='word_1_501' title='bbox 3305 2650 3361 2691; x_wconf 93' lang='lat' dir='ltr'><strong>ut</strong></span> <span class='ocrx_word' id='word_1_502' title='bbox 3406 2641 3495 2709; x_wconf 90' lang='lat' dir='ltr'><strong>qui</strong></span> <span class='ocrx_word' id='word_1_503' title='bbox 3537 2642 3637 2695; x_wconf 62' lang='lat' dir='ltr'><strong>do-</strong></span> 
     </span>
    </p>
   </div>
   <div class='ocr_carea' id='block_1_72' title="bbox 2063 2726 3635 2799">
    <p class='ocr_par' dir='ltr' id='par_1_72' title="bbox 2063 2726 3635 2799">
     <span class='ocr_line' id='line_1_72' title="bbox 2063 2726 3635 2799; baseline 0.003 -21"><span class='ocrx_word' id='word_1_504' title='bbox 2063 2728 2272 2780; x_wconf 90' lang='lat' dir='ltr'><strong>narium</strong></span> <span class='ocrx_word' id='word_1_505' title='bbox 2310 2726 2419 2781; x_wconf 90' lang='lat' dir='ltr'><strong>Deo</strong></span> <span class='ocrx_word' id='word_1_506' title='bbox 2452 2738 2828 2782; x_wconf 88' lang='lat' dir='ltr'><strong>consecratmn</strong></span> <span class='ocrx_word' id='word_1_507' title='bbox 2877 2728 3178 2783; x_wconf 88' lang='lat' dir='ltr'><strong>abstulerit.</strong></span> <span class='ocrx_word' id='word_1_508' title='bbox 3212 2732 3266 2782; x_wconf 74' lang='lat' dir='ltr'><strong>Si</strong></span> <span class='ocrx_word' id='word_1_509' title='bbox 3296 2731 3418 2799; x_wconf 89' lang='lat' dir='ltr'><strong>quis</strong></span> <span class='ocrx_word' id='word_1_510' title='bbox 3454 2740 3635 2785; x_wconf 89' lang='lat' dir='ltr'><strong>autem</strong></span> 
     </span>
    </p>
   </div>
   <div class='ocr_carea' id='block_1_73' title="bbox 2061 2817 3640 2888">
    <p class='ocr_par' dir='ltr' id='par_1_73' title="bbox 2061 2817 3640 2888">
     <span class='ocr_line' id='line_1_73' title="bbox 2061 2817 3640 2888; baseline 0.004 -17"><span class='ocrx_word' id='word_1_511' title='bbox 2061 2817 2271 2872; x_wconf 89' lang='lat' dir='ltr'><strong>dubitet</strong></span> <span class='ocrx_word' id='word_1_512' title='bbox 2293 2833 2359 2871; x_wconf 89' lang='lat' dir='ltr'><strong>an</strong></span> <span class='ocrx_word' id='word_1_513' title='bbox 2397 2818 2628 2873; x_wconf 89' lang='lat' dir='ltr'><strong>Basilius</strong></span> <span class='ocrx_word' id='word_1_514' title='bbox 2653 2820 2840 2873; x_wconf 89' lang='lat' dir='ltr'><strong>iisdem</strong></span> <span class='ocrx_word' id='word_1_515' title='bbox 2867 2821 3005 2875; x_wconf 90' lang='lat' dir='ltr'><strong>votis</strong></span> <span class='ocrx_word' id='word_1_516' title='bbox 3038 2821 3333 2876; x_wconf 88' lang='lat' dir='ltr'><strong>obstrictus</strong></span> <span class='ocrx_word' id='word_1_517' title='bbox 3359 2822 3540 2888; x_wconf 87' lang='lat' dir='ltr'><strong>fuerit,</strong></span> <span class='ocrx_word' id='word_1_518' title='bbox 3572 2840 3640 2878; x_wconf 78' lang='lat' dir='ltr'><strong>ac</strong></span> 
     </span>
    </p>
   </div>
   <div class='ocr_carea' id='block_1_74' title="bbox 2063 2909 3638 2983">
    <p class='ocr_par' dir='ltr' id='par_1_74' title="bbox 2063 2909 3638 2983">
     <span class='ocr_line' id='line_1_74' title="bbox 2063 2909 3638 2983; baseline 0.004 -23"><span class='ocrx_word' id='word_1_519' title='bbox 2063 2909 2097 2961; x_wconf 94' lang='lat' dir='ltr'><strong>ii</strong></span> <span class='ocrx_word' id='word_1_520' title='bbox 2141 2924 2276 2977; x_wconf 91' lang='lat' dir='ltr'><strong>quos</strong></span> <span class='ocrx_word' id='word_1_521' title='bbox 2318 2911 2581 2977; x_wconf 83' lang='lat' dir='ltr'><strong>regendos</strong></span> <span class='ocrx_word' id='word_1_522' title='bbox 2628 2921 2977 2977; x_wconf 85' lang='lat' dir='ltr'><strong>susceperat;</strong></span> <span class='ocrx_word' id='word_1_523' title='bbox 3023 2912 3204 2981; x_wconf 80' lang='lat' dir='ltr'><strong>legere</strong></span> <span class='ocrx_word' id='word_1_524' title='bbox 3249 2922 3423 2981; x_wconf 91' lang='lat' dir='ltr'><strong>potest</strong></span> <span class='ocrx_word' id='word_1_525' title='bbox 3453 2929 3638 2983; x_wconf 72' lang='lat' dir='ltr'><strong>prom-</strong></span> 
     </span>
    </p>
   </div>
   <div class='ocr_carea' id='block_1_75' title="bbox 2065 3000 3638 3073">
    <p class='ocr_par' dir='ltr' id='par_1_75' title="bbox 2065 3000 3638 3073">
     <span class='ocr_line' id='line_1_75' title="bbox 2065 3000 3638 3073; baseline 0.003 -20"><span class='ocrx_word' id='word_1_526' title='bbox 2065 3002 2231 3053; x_wconf 87' lang='lat' dir='ltr'><strong>mium</strong></span> <span class='ocrx_word' id='word_1_527' title='bbox 2265 3000 2317 3052; x_wconf 91' lang='lat' dir='ltr'><strong>in</strong></span> <span class='ocrx_word' id='word_1_528' title='bbox 2367 3001 2600 3069; x_wconf 70' lang='lat' dir='ltr'><strong>[tegulas</strong></span> <span class='ocrx_word' id='word_1_529' title='bbox 2637 3002 2907 3071; x_wconf 73' lang='lat' dir='ltr'><strong>longiores</strong></span> <span class='ocrx_word' id='word_1_530' title='bbox 2935 3005 3073 3073; x_wconf 88' lang='lat' dir='ltr'><strong>quod</strong></span> <span class='ocrx_word' id='word_1_531' title='bbox 3108 3004 3187 3058; x_wconf 91' lang='lat' dir='ltr'><strong>sic</strong></span> <span class='ocrx_word' id='word_1_532' title='bbox 3226 3005 3413 3073; x_wconf 92' lang='lat' dir='ltr'><strong>incipit</strong></span> <span class='ocrx_word' id='word_1_533' title='bbox 3442 3024 3456 3058; x_wconf 86' lang='lat'><strong>:</strong></span> <span class='ocrx_word' id='word_1_534' title='bbox 3493 3004 3638 3070; x_wconf 82' lang='lat' dir='ltr'><strong>Quo-</strong></span> 
     </span>
    </p>
   </div>
   <div class='ocr_carea' id='block_1_76' title="bbox 2065 3089 3636 3157">
    <p class='ocr_par' dir='ltr' id='par_1_76' title="bbox 2065 3089 3636 3157">
     <span class='ocr_line' id='line_1_76' title="bbox 2065 3089 3636 3157; baseline 0.004 -16"><span class='ocrx_word' id='word_1_535' title='bbox 2065 3091 2205 3142; x_wconf 85' lang='lat' dir='ltr'><strong>niam</strong></span> <span class='ocrx_word' id='word_1_536' title='bbox 2252 3089 2357 3143; x_wconf 91' lang='lat' dir='ltr'><strong>Deo</strong></span> <span class='ocrx_word' id='word_1_537' title='bbox 2400 3090 2637 3157; x_wconf 88' lang='lat' dir='ltr'><strong>juvante,</strong></span> <span class='ocrx_word' id='word_1_538' title='bbox 2686 3091 2738 3143; x_wconf 89' lang='lat' dir='ltr'><strong>in</strong></span> <span class='ocrx_word' id='word_1_539' title='bbox 2785 3093 2993 3146; x_wconf 87' lang='lat' dir='ltr'><strong>nomine</strong></span> <span class='ocrx_word' id='word_1_540' title='bbox 3049 3092 3261 3147; x_wconf 88' lang='lat' dir='ltr'><strong>Domini</strong></span> <span class='ocrx_word' id='word_1_541' title='bbox 3296 3095 3461 3147; x_wconf 84' lang='lat' dir='ltr'><strong>nostri</strong></span> <span class='ocrx_word' id='word_1_542' title='bbox 3505 3094 3636 3147; x_wconf 87' lang='lat' dir='ltr'><strong>Jesu</strong></span> 
     </span>
    </p>
   </div>
   <div class='ocr_carea' id='block_1_77' title="bbox 2063 3181 3639 3256">
    <p class='ocr_par' dir='ltr' id='par_1_77' title="bbox 2063 3181 3639 3256">
     <span class='ocr_line' id='line_1_77' title="bbox 2063 3181 3639 3256; baseline 0.003 -21"><span class='ocrx_word' id='word_1_543' title='bbox 2063 3181 2258 3235; x_wconf 81' lang='lat' dir='ltr'><strong>Christi</strong></span> <span class='ocrx_word' id='word_1_544' title='bbox 2292 3181 2450 3235; x_wconf 88' lang='lat' dir='ltr'><strong>simul</strong></span> <span class='ocrx_word' id='word_1_545' title='bbox 2498 3184 2829 3237; x_wconf 89' lang='lat' dir='ltr'><strong>convenimus</strong></span> <span class='ocrx_word' id='word_1_546' title='bbox 2861 3201 2975 3248; x_wconf 89' lang='lat' dir='ltr'><strong>nos,</strong></span> <span class='ocrx_word' id='word_1_547' title='bbox 3004 3186 3093 3254; x_wconf 86' lang='lat' dir='ltr'><strong>qui</strong></span> <span class='ocrx_word' id='word_1_548' title='bbox 3122 3202 3281 3237; x_wconf 92' lang='lat' dir='ltr'><strong>unum</strong></span> <span class='ocrx_word' id='word_1_549' title='bbox 3314 3196 3361 3239; x_wconf 86' lang='lat' dir='ltr'><strong>et</strong></span> <span class='ocrx_word' id='word_1_550' title='bbox 3396 3187 3528 3240; x_wconf 83' lang='lat' dir='ltr'><strong>idem</strong></span> <span class='ocrx_word' id='word_1_551' title='bbox 3564 3191 3639 3256; x_wconf 89' lang='lat' dir='ltr'><strong>pii</strong></span> 
     </span>
    </p>
   </div>
   <div class='ocr_carea' id='block_1_78' title="bbox 2064 3275 3637 3343">
    <p class='ocr_par' dir='ltr' id='par_1_78' title="bbox 2064 3275 3637 3343">
     <span class='ocr_line' id='line_1_78' title="bbox 2064 3275 3637 3343; baseline 0.004 -16"><span class='ocrx_word' id='word_1_552' title='bbox 2064 3276 2288 3327; x_wconf 85' lang='lat' dir='ltr'><strong>instituti</strong></span> <span class='ocrx_word' id='word_1_553' title='bbox 2319 3275 2641 3343; x_wconf 86' lang='lat' dir='ltr'><strong>propositum</strong></span> <span class='ocrx_word' id='word_1_554' title='bbox 2667 3284 2917 3341; x_wconf 87' lang='lat' dir='ltr'><strong>tenemus,</strong></span> <span class='ocrx_word' id='word_1_555' title='bbox 2952 3286 3053 3330; x_wconf 88' lang='lat' dir='ltr'><strong>etc.</strong></span> <span class='ocrx_word' id='word_1_556' title='bbox 3076 3278 3251 3330; x_wconf 78' lang='lat' dir='ltr'><strong>Ot&#39;éva</strong></span> <span class='ocrx_word' id='word_1_557' title='bbox 3283 3279 3374 3331; x_wconf 73' lang='grc' dir='ltr'><strong>καὶ</strong></span> <span class='ocrx_word' id='word_1_558' title='bbox 3400 3279 3487 3331; x_wconf 69' lang='grc' dir='ltr'><strong>τὸν</strong></span> <span class='ocrx_word' id='word_1_559' title='bbox 3534 3281 3637 3333; x_wconf 83' lang='grc' dir='ltr'><strong>αὐ-</strong></span> 
     </span>
    </p>
   </div>
   <div class='ocr_carea' id='block_1_79' title="bbox 2069 3365 3639 3440">
    <p class='ocr_par' dir='ltr' id='par_1_79' title="bbox 2069 3365 3639 3440">
     <span class='ocr_line' id='line_1_79' title="bbox 2069 3365 3639 3440; baseline 0.003 -22"><span class='ocrx_word' id='word_1_560' title='bbox 2069 3368 2159 3418; x_wconf 76' lang='grc' dir='ltr'><strong>τὸν</strong></span> <span class='ocrx_word' id='word_1_561' title='bbox 2191 3367 2393 3418; x_wconf 74' lang='grc' dir='ltr'>σκοπὸν</span> <span class='ocrx_word' id='word_1_562' title='bbox 2418 3366 2510 3419; x_wconf 80' lang='grc' dir='ltr'><strong>τοῦ</strong></span> <span class='ocrx_word' id='word_1_563' title='bbox 2559 3365 2674 3435; x_wconf 79' lang='grc' dir='ltr'>βίου</span> <span class='ocrx_word' id='word_1_564' title='bbox 2710 3365 2804 3417; x_wconf 78' lang='grc' dir='ltr'><strong>τοῦ</strong></span> <span class='ocrx_word' id='word_1_565' title='bbox 2844 3369 2962 3419; x_wconf 80' lang='grc' dir='ltr'>κατ’</span> <span class='ocrx_word' id='word_1_566' title='bbox 2990 3368 3267 3421; x_wconf 75' lang='grc' dir='ltr'>εὐσεϐείαν</span> <span class='ocrx_word' id='word_1_567' title='bbox 3298 3370 3639 3440; x_wconf 77' lang='grc' dir='ltr'><strong>ἐνστησάμε-</strong></span> 
     </span>
    </p>
   </div>
   <div class='ocr_carea' id='block_1_80' title="bbox 2066 3459 3637 3528">
    <p class='ocr_par' dir='ltr' id='par_1_80' title="bbox 2066 3459 3637 3528">
     <span class='ocr_line' id='line_1_80' title="bbox 2066 3459 3637 3528; baseline 0.003 -17"><span class='ocrx_word' id='word_1_568' title='bbox 2066 3476 2163 3511; x_wconf 83' lang='grc' dir='ltr'><strong>νοι.</strong></span> <span class='ocrx_word' id='word_1_569' title='bbox 2198 3460 2365 3512; x_wconf 87' lang='lat' dir='ltr'><strong>Dubia</strong></span> <span class='ocrx_word' id='word_1_570' title='bbox 2406 3459 2644 3528; x_wconf 90' lang='lat' dir='ltr'><strong>profecto</strong></span> <span class='ocrx_word' id='word_1_571' title='bbox 2676 3474 2779 3513; x_wconf 92' lang='lat' dir='ltr'><strong>non</strong></span> <span class='ocrx_word' id='word_1_572' title='bbox 2813 3470 2933 3513; x_wconf 84' lang='lat' dir='ltr'><strong>erat</strong></span> <span class='ocrx_word' id='word_1_573' title='bbox 2963 3460 3243 3514; x_wconf 90' lang='lat' dir='ltr'><strong>monachis</strong></span> <span class='ocrx_word' id='word_1_574' title='bbox 3274 3460 3637 3516; x_wconf 56' lang='lat' dir='ltr'><strong>Ca’sarieusi-</strong></span> 
     </span>
    </p>
   </div>
   <div class='ocr_carea' id='block_1_81' title="bbox 2065 3549 3641 3619">
    <p class='ocr_par' dir='ltr' id='par_1_81' title="bbox 2065 3549 3641 3619">
     <span class='ocr_line' id='line_1_81' title="bbox 2065 3549 3641 3619; baseline 0.003 -16"><span class='ocrx_word' id='word_1_575' title='bbox 2065 3552 2161 3603; x_wconf 87' lang='lat' dir='ltr'><strong>bus</strong></span> <span class='ocrx_word' id='word_1_576' title='bbox 2192 3549 2372 3604; x_wconf 82' lang='lat' dir='ltr'><strong>Basilii</strong></span> <span class='ocrx_word' id='word_1_577' title='bbox 2408 3550 2693 3619; x_wconf 87' lang='lat' dir='ltr'><strong>professio,</strong></span> <span class='ocrx_word' id='word_1_578' title='bbox 2737 3552 2821 3605; x_wconf 92' lang='lat' dir='ltr'><strong>cui</strong></span> <span class='ocrx_word' id='word_1_579' title='bbox 2866 3567 2989 3607; x_wconf 87' lang='lat' dir='ltr'><strong>cum</strong></span> <span class='ocrx_word' id='word_1_580' title='bbox 3016 3567 3221 3619; x_wconf 75' lang='lat' dir='ltr'><strong>magna:</strong></span> <span class='ocrx_word' id='word_1_581' title='bbox 3248 3554 3505 3608; x_wconf 71' lang='lat' dir='ltr'><strong>molestia:</strong></span> <span class='ocrx_word' id='word_1_582' title='bbox 3547 3570 3641 3608; x_wconf 82' lang='lat' dir='ltr'><strong>ae-</strong></span> 
     </span>
    </p>
   </div>
   <div class='ocr_carea' id='block_1_82' title="bbox 2062 3642 3639 3713">
    <p class='ocr_par' dir='ltr' id='par_1_82' title="bbox 2062 3642 3639 3713">
     <span class='ocr_line' id='line_1_82' title="bbox 2062 3642 3639 3713; baseline 0.003 -19"><span class='ocrx_word' id='word_1_583' title='bbox 2062 3642 2322 3695; x_wconf 81' lang='lat' dir='ltr'><strong>cidissent</strong></span> <span class='ocrx_word' id='word_1_584' title='bbox 2355 3642 2423 3695; x_wconf 84' lang='lat' dir='ltr'><strong>ab</strong></span> <span class='ocrx_word' id='word_1_585' title='bbox 2451 3642 2682 3696; x_wconf 89' lang='lat' dir='ltr'><strong>Eusebio</strong></span> <span class='ocrx_word' id='word_1_586' title='bbox 2706 3643 2962 3712; x_wconf 89' lang='lat' dir='ltr'><strong>episc0po</strong></span> <span class='ocrx_word' id='word_1_587' title='bbox 2985 3684 3001 3710; x_wconf 91' lang='lat'><strong>,</strong></span> <span class='ocrx_word' id='word_1_588' title='bbox 3034 3643 3237 3697; x_wconf 87' lang='lat' dir='ltr'><strong>factam</strong></span> <span class='ocrx_word' id='word_1_589' title='bbox 3266 3644 3331 3709; x_wconf 88' lang='lat' dir='ltr'><strong>ei,</strong></span> <span class='ocrx_word' id='word_1_590' title='bbox 3369 3645 3457 3713; x_wconf 89' lang='lat' dir='ltr'><strong>qui</strong></span> <span class='ocrx_word' id='word_1_591' title='bbox 3482 3646 3639 3713; x_wconf 85' lang='lat' dir='ltr'><strong>prin-</strong></span> 
     </span>
    </p>
   </div>
   <div class='ocr_carea' id='block_1_83' title="bbox 2063 3733 3642 3803">
    <p class='ocr_par' dir='ltr' id='par_1_83' title="bbox 2063 3733 3642 3803">
     <span class='ocr_line' id='line_1_83' title="bbox 2063 3733 3642 3803; baseline 0.003 -17"><span class='ocrx_word' id='word_1_592' title='bbox 2063 3735 2296 3801; x_wconf 87' lang='lat' dir='ltr'><strong>cipatum</strong></span> <span class='ocrx_word' id='word_1_593' title='bbox 2325 3733 2458 3785; x_wconf 88' lang='lat' dir='ltr'><strong>inter</strong></span> <span class='ocrx_word' id='word_1_594' title='bbox 2488 3735 2627 3799; x_wconf 89' lang='lat' dir='ltr'><strong>ipsos</strong></span> <span class='ocrx_word' id='word_1_595' title='bbox 2656 3733 2942 3797; x_wconf 86' lang='lat' dir='ltr'><strong>obtinebat,</strong></span> <span class='ocrx_word' id='word_1_596' title='bbox 2966 3734 3214 3801; x_wconf 78' lang='lat' dir='ltr'><strong>injuriam</strong></span> <span class='ocrx_word' id='word_1_597' title='bbox 3242 3734 3476 3803; x_wconf 74' lang='lat' dir='ltr'><strong>graviter</strong></span> <span class='ocrx_word' id='word_1_598' title='bbox 3501 3734 3642 3790; x_wconf 84' lang='lat' dir='ltr'><strong>tule-</strong></span> 
     </span>
    </p>
   </div>
   <div class='ocr_carea' id='block_1_84' title="bbox 2065 3823 3641 3895">
    <p class='ocr_par' dir='ltr' id='par_1_84' title="bbox 2065 3823 3641 3895">
     <span class='ocr_line' id='line_1_84' title="bbox 2065 3823 3641 3895; baseline 0.002 -18"><span class='ocrx_word' id='word_1_599' title='bbox 2065 3835 2190 3878; x_wconf 91' lang='lat' dir='ltr'><strong>runt</strong></span> <span class='ocrx_word' id='word_1_600' title='bbox 2222 3823 2327 3895; x_wconf 65' lang='lat' dir='ltr'><strong>id).</strong></span> <span class='ocrx_word' id='word_1_601' title='bbox 2365 3823 2461 3878; x_wconf 90' lang='lat' dir='ltr'><strong>His</strong></span> <span class='ocrx_word' id='word_1_602' title='bbox 2491 3826 2626 3877; x_wconf 86' lang='lat' dir='ltr'><strong>adde</strong></span> <span class='ocrx_word' id='word_1_603' title='bbox 2682 3833 2923 3879; x_wconf 86' lang='lat' dir='ltr'><strong>veterum</strong></span> <span class='ocrx_word' id='word_1_604' title='bbox 2983 3825 3297 3879; x_wconf 85' lang='lat' dir='ltr'><strong>testimonia</strong></span> <span class='ocrx_word' id='word_1_605' title='bbox 3350 3826 3440 3895; x_wconf 91' lang='lat' dir='ltr'><strong>qui</strong></span> <span class='ocrx_word' id='word_1_606' title='bbox 3486 3825 3641 3881; x_wconf 88' lang='lat' dir='ltr'><strong>Basi-</strong></span> 
     </span>
    </p>
   </div>
   <div class='ocr_carea' id='block_1_85' title="bbox 2065 3913 3641 3985">
    <p class='ocr_par' dir='ltr' id='par_1_85' title="bbox 2065 3913 3641 3985">
     <span class='ocr_line' id='line_1_85' title="bbox 2065 3913 3641 3985; baseline 0 -15"><span class='ocrx_word' id='word_1_607' title='bbox 2065 3918 2192 3970; x_wconf 86' lang='lat' dir='ltr'><strong>lium</strong></span> <span class='ocrx_word' id='word_1_608' title='bbox 2245 3927 2299 3970; x_wconf 90' lang='lat' dir='ltr'><strong>et</strong></span> <span class='ocrx_word' id='word_1_609' title='bbox 2348 3913 2665 3985; x_wconf 80' lang='lat' dir='ltr'><strong>Gregorium</strong></span> <span class='ocrx_word' id='word_1_610' title='bbox 2720 3916 2883 3968; x_wconf 88' lang='lat' dir='ltr'><strong>vitam</strong></span> <span class='ocrx_word' id='word_1_611' title='bbox 2946 3917 3305 3969; x_wconf 85' lang='lat' dir='ltr'><strong>monasticam</strong></span> <span class='ocrx_word' id='word_1_612' title='bbox 3358 3916 3641 3984; x_wconf 81' lang='lat' dir='ltr'><strong>amplexos</strong></span> 
     </span>
    </p>
   </div>
   <div class='ocr_carea' id='block_1_86' title="bbox 2062 4005 3639 4073">
    <p class='ocr_par' dir='ltr' id='par_1_86' title="bbox 2062 4005 3639 4073">
     <span class='ocr_line' id='line_1_86' title="bbox 2062 4005 3639 4073; baseline 0.001 -13"><span class='ocrx_word' id='word_1_613' title='bbox 2062 4020 2185 4060; x_wconf 88' lang='lat' dir='ltr'><strong>esse</strong></span> <span class='ocrx_word' id='word_1_614' title='bbox 2222 4006 2484 4060; x_wconf 89' lang='lat' dir='ltr'><strong>referunt.</strong></span> <span class='ocrx_word' id='word_1_615' title='bbox 2520 4006 2654 4060; x_wconf 86' lang='lat' dir='ltr'><strong>Vide</strong></span> <span class='ocrx_word' id='word_1_616' title='bbox 2682 4005 2934 4059; x_wconf 78' lang='lat' dir='ltr'><strong>Rufinum</strong></span> <span class='ocrx_word' id='word_1_617' title='bbox 2974 4007 3065 4060; x_wconf 89' lang='lat' dir='ltr'><strong>lib.</strong></span> <span class='ocrx_word' id='word_1_618' title='bbox 3104 4024 3143 4073; x_wconf 87' lang='grc' dir='ltr'><strong>ι,</strong></span> <span class='ocrx_word' id='word_1_619' title='bbox 3175 4021 3221 4060; x_wconf 90' lang='lat' dir='ltr'><strong>c.</strong></span> <span class='ocrx_word' id='word_1_620' title='bbox 3257 4006 3320 4071; x_wconf 87' lang='lat'><strong>9;</strong></span> <span class='ocrx_word' id='word_1_621' title='bbox 3352 4009 3639 4061; x_wconf 80' lang='lat' dir='ltr'><strong>Socratem</strong></span> 
     </span>
    </p>
   </div>
   <div class='ocr_carea' id='block_1_87' title="bbox 2065 4097 3317 4166">
    <p class='ocr_par' dir='ltr' id='par_1_87' title="bbox 2065 4097 3317 4166">
     <span class='ocr_line' id='line_1_87' title="bbox 2065 4097 3317 4166; baseline 0.002 -15"><span class='ocrx_word' id='word_1_622' title='bbox 2065 4098 2153 4153; x_wconf 89' lang='lat' dir='ltr'><strong>lib.</strong></span> <span class='ocrx_word' id='word_1_623' title='bbox 2188 4114 2262 4159; x_wconf 88' lang='lat' dir='ltr'><strong>IV,</strong></span> <span class='ocrx_word' id='word_1_624' title='bbox 2294 4113 2341 4154; x_wconf 93' lang='lat' dir='ltr'><strong>c.</strong></span> <span class='ocrx_word' id='word_1_625' title='bbox 2375 4097 2476 4163; x_wconf 73' lang='lat'><strong>26;</strong></span> <span class='ocrx_word' id='word_1_626' title='bbox 2515 4099 2874 4154; x_wconf 84' lang='lat' dir='ltr'><strong>Sozomenum</strong></span> <span class='ocrx_word' id='word_1_627' title='bbox 2918 4100 3011 4153; x_wconf 91' lang='lat' dir='ltr'><strong>lih.</strong></span> <span class='ocrx_word' id='word_1_628' title='bbox 3046 4115 3121 4166; x_wconf 79' lang='lat' dir='ltr'><strong>vr,</strong></span> <span class='ocrx_word' id='word_1_629' title='bbox 3152 4116 3202 4154; x_wconf 89' lang='lat' dir='ltr'><strong>c.</strong></span> <span class='ocrx_word' id='word_1_630' title='bbox 3232 4101 3317 4155; x_wconf 85' lang='grc'><strong>17.</strong></span> 
     </span>
    </p>
   </div>
   <div class='ocr_carea' id='block_1_88' title="bbox 2136 4189 3638 4260">
    <p class='ocr_par' dir='ltr' id='par_1_88' title="bbox 2136 4189 3638 4260">
     <span class='ocr_line' id='line_1_88' title="bbox 2136 4189 3638 4260; baseline 0.004 -19"><span class='ocrx_word' id='word_1_631' title='bbox 2136 4189 2197 4242; x_wconf 89' lang='lat' dir='ltr'><strong>ll.</strong></span> <span class='ocrx_word' id='word_1_632' title='bbox 2242 4189 2569 4259; x_wconf 86' lang='lat' dir='ltr'><strong>Paupertas,</strong></span> <span class='ocrx_word' id='word_1_633' title='bbox 2616 4206 2779 4258; x_wconf 91' lang='lat' dir='ltr'><strong>quam</strong></span> <span class='ocrx_word' id='word_1_634' title='bbox 2859 4193 3089 4260; x_wconf 88' lang='lat' dir='ltr'><strong>requirit</strong></span> <span class='ocrx_word' id='word_1_635' title='bbox 3138 4190 3524 4247; x_wconf 86' lang='lat' dir='ltr'><strong>Thomassinus</strong></span> <span class='ocrx_word' id='word_1_636' title='bbox 3572 4198 3638 4248; x_wconf 81' lang='lat' dir='ltr'><strong>ad</strong></span> 
     </span>
    </p>
   </div>
   <div class='ocr_carea' id='block_1_89' title="bbox 2066 4280 3640 4349">
    <p class='ocr_par' dir='ltr' id='par_1_89' title="bbox 2066 4280 3640 4349">
     <span class='ocr_line' id='line_1_89' title="bbox 2066 4280 3640 4349; baseline 0.003 -16"><span class='ocrx_word' id='word_1_637' title='bbox 2066 4282 2420 4334; x_wconf 87' lang='lat' dir='ltr'><strong>monasticam</strong></span> <span class='ocrx_word' id='word_1_638' title='bbox 2454 4280 2870 4349; x_wconf 82' lang='lat' dir='ltr'><strong>professionem,</strong></span> <span class='ocrx_word' id='word_1_639' title='bbox 2910 4283 3144 4337; x_wconf 79' lang='lat' dir='ltr'><strong>tnaxime</strong></span> <span class='ocrx_word' id='word_1_640' title='bbox 3173 4284 3366 4336; x_wconf 90' lang='lat' dir='ltr'><strong>enituit</strong></span> <span class='ocrx_word' id='word_1_641' title='bbox 3406 4284 3457 4337; x_wconf 92' lang='lat' dir='ltr'><strong>in</strong></span> <span class='ocrx_word' id='word_1_642' title='bbox 3488 4284 3640 4339; x_wconf 83' lang='lat' dir='ltr'><strong>Basi-</strong></span> 
     </span>
    </p>
   </div>
   <div class='ocr_carea' id='block_1_90' title="bbox 2074 4372 3641 4443">
    <p class='ocr_par' dir='ltr' id='par_1_90' title="bbox 2074 4372 3641 4443">
     <span class='ocr_line' id='line_1_90' title="bbox 2074 4372 3641 4443; baseline 0.002 -16"><span class='ocrx_word' id='word_1_643' title='bbox 2074 4376 2163 4428; x_wconf 83' lang='lat' dir='ltr'><strong>lio.</strong></span> <span class='ocrx_word' id='word_1_644' title='bbox 2198 4374 2450 4429; x_wconf 87' lang='lat' dir='ltr'><strong>Testatur</strong></span> <span class='ocrx_word' id='word_1_645' title='bbox 2481 4372 2756 4443; x_wconf 82' lang='lat' dir='ltr'><strong>Nysseuus</strong></span> <span class='ocrx_word' id='word_1_646' title='bbox 2787 4389 2909 4426; x_wconf 87' lang='lat' dir='ltr'><strong>eum</strong></span> <span class='ocrx_word' id='word_1_647' title='bbox 2951 4375 3018 4426; x_wconf 89' lang='lat' dir='ltr'><strong>ab</strong></span> <span class='ocrx_word' id='word_1_648' title='bbox 3049 4374 3203 4427; x_wconf 88' lang='lat' dir='ltr'><strong>initio</strong></span> <span class='ocrx_word' id='word_1_649' title='bbox 3227 4376 3482 4431; x_wconf 88' lang='lat' dir='ltr'><strong>statuisse</strong></span> <span class='ocrx_word' id='word_1_650' title='bbox 3505 4376 3641 4430; x_wconf 91' lang='lat' dir='ltr'><strong>nihil</strong></span> 
     </span>
    </p>
   </div>
   <div class='ocr_carea' id='block_1_91' title="bbox 387 4463 3633 4539">
    <p class='ocr_par' dir='ltr' id='par_1_91' title="bbox 387 4463 3633 4539">
     <span class='ocr_line' id='line_1_91' title="bbox 387 4463 3633 4539; baseline -0.001 -18"><span class='ocrx_word' id='word_1_651' title='bbox 387 4471 642 4531; x_wconf 83' lang='lat' dir='ltr'><strong>converti;</strong></span> <span class='ocrx_word' id='word_1_652' title='bbox 669 4470 935 4535; x_wconf 87' lang='lat' dir='ltr'><strong>cupiebam</strong></span> <span class='ocrx_word' id='word_1_653' title='bbox 963 4469 1198 4521; x_wconf 86' lang='lat' dir='ltr'><strong>invenire</strong></span> <span class='ocrx_word' id='word_1_654' title='bbox 1228 4467 1460 4535; x_wconf 79' lang='lat' dir='ltr'><strong>aliquem</strong></span> <span class='ocrx_word' id='word_1_655' title='bbox 1484 4485 1551 4521; x_wconf 80' lang='lat' dir='ltr'><strong>ea:</strong></span> <span class='ocrx_word' id='word_1_656' title='bbox 1580 4469 1835 4537; x_wconf 86' lang='lat' dir='ltr'><strong>fratribus</strong></span> <span class='ocrx_word' id='word_1_657' title='bbox 1869 4471 1960 4539; x_wconf 90' lang='lat' dir='ltr'><strong>qui</strong></span> <span class='ocrx_word' id='word_1_658' title='bbox 1992 4472 2037 4530; x_wconf 80' lang='grc' dir='ltr'><strong>ι)</strong></span> <span class='ocrx_word' id='word_1_659' title='bbox 2068 4464 2365 4532; x_wconf 76' lang='lat' dir='ltr'><strong>possidere,</strong></span> <span class='ocrx_word' id='word_1_660' title='bbox 2404 4473 2458 4517; x_wconf 88' lang='lat' dir='ltr'><strong>et</strong></span> <span class='ocrx_word' id='word_1_661' title='bbox 2488 4472 2691 4531; x_wconf 89' lang='lat' dir='ltr'><strong>petram</strong></span> <span class='ocrx_word' id='word_1_662' title='bbox 2736 4463 3069 4517; x_wconf 85' lang='lat' dir='ltr'><strong>immobilem</strong></span> <span class='ocrx_word' id='word_1_663' title='bbox 3105 4464 3269 4518; x_wconf 91' lang='lat' dir='ltr'><strong>fuisse</strong></span> <span class='ocrx_word' id='word_1_664' title='bbox 3310 4467 3408 4519; x_wconf 92' lang='lat' dir='ltr'><strong>hoc</strong></span> <span class='ocrx_word' id='word_1_665' title='bbox 3450 4468 3633 4520; x_wconf 85' lang='lat' dir='ltr'><strong>consi-</strong></span> 
     </span>
    </p>
   </div>
   <div class='ocr_carea' id='block_1_92' title="bbox 386 4561 1958 4628">
    <p class='ocr_par' dir='ltr' id='par_1_92' title="bbox 386 4561 1958 4628">
     <span class='ocr_line' id='line_1_92' title="bbox 386 4561 1958 4628; baseline 0.001 -17"><span class='ocrx_word' id='word_1_666' title='bbox 386 4563 520 4615; x_wconf 87' lang='lat' dir='ltr'><strong>hanc</strong></span> <span class='ocrx_word' id='word_1_667' title='bbox 555 4563 672 4615; x_wconf 69' lang='lat' dir='ltr'><strong>vita:</strong></span> <span class='ocrx_word' id='word_1_668' title='bbox 700 4564 833 4614; x_wconf 86' lang='lat' dir='ltr'><strong>viam</strong></span> <span class='ocrx_word' id='word_1_669' title='bbox 883 4561 1140 4628; x_wconf 86' lang='lat' dir='ltr'><strong>elegisset,</strong></span> <span class='ocrx_word' id='word_1_670' title='bbox 1174 4570 1230 4613; x_wconf 88' lang='lat' dir='ltr'><strong>ut</strong></span> <span class='ocrx_word' id='word_1_671' title='bbox 1276 4577 1379 4613; x_wconf 88' lang='lat' dir='ltr'><strong>una</strong></span> <span class='ocrx_word' id='word_1_672' title='bbox 1426 4577 1541 4612; x_wconf 89' lang='lat' dir='ltr'><strong>cum</strong></span> <span class='ocrx_word' id='word_1_673' title='bbox 1586 4562 1697 4627; x_wconf 89' lang='lat' dir='ltr'><strong>ipso</strong></span> <span class='ocrx_word' id='word_1_674' title='bbox 1760 4561 1958 4615; x_wconf 81' lang='lat' dir='ltr'><strong>brevem</strong></span> 
     </span>
    </p>
   </div>
   <div class='ocr_carea' id='block_1_93' title="bbox 388 4652 1959 4722">
    <p class='ocr_par' dir='ltr' id='par_1_93' title="bbox 388 4652 1959 4722">
     <span class='ocr_line' id='line_1_93' title="bbox 388 4652 1959 4722; baseline 0.001 -17"><span class='ocrx_word' id='word_1_675' title='bbox 388 4655 542 4722; x_wconf 85' lang='lat' dir='ltr'><strong>hujus</strong></span> <span class='ocrx_word' id='word_1_676' title='bbox 579 4656 694 4706; x_wconf 79' lang='lat' dir='ltr'><strong>vitw</strong></span> <span class='ocrx_word' id='word_1_677' title='bbox 718 4654 935 4721; x_wconf 79' lang='lat' dir='ltr'><strong>ﬂuctum</strong></span> <span class='ocrx_word' id='word_1_678' title='bbox 974 4653 1271 4705; x_wconf 89' lang='lat' dir='ltr'><strong>transirem.</strong></span> <span class='ocrx_word' id='word_1_679' title='bbox 1312 4652 1385 4703; x_wconf 75' lang='lat' dir='ltr'><strong>Ac</strong></span> <span class='ocrx_word' id='word_1_680' title='bbox 1419 4654 1605 4705; x_wconf 87' lang='lat' dir='ltr'><strong>multos</strong></span> <span class='ocrx_word' id='word_1_681' title='bbox 1634 4654 1843 4721; x_wconf 81' lang='lat' dir='ltr'><strong>quidem</strong></span> <span class='ocrx_word' id='word_1_682' title='bbox 1882 4656 1959 4707; x_wconf 83' lang='lat' dir='ltr'><strong>in-</strong></span> 
     </span>
    </p>
   </div>
   <div class='ocr_carea' id='block_1_94' title="bbox 387 4741 1957 4811">
    <p class='ocr_par' dir='ltr' id='par_1_94' title="bbox 387 4741 1957 4811">
     <span class='ocr_line' id='line_1_94' title="bbox 387 4741 1957 4811; baseline 0 -16"><span class='ocrx_word' id='word_1_683' title='bbox 387 4745 500 4795; x_wconf 79' lang='lat' dir='ltr'><strong>veni</strong></span> <span class='ocrx_word' id='word_1_684' title='bbox 534 4742 889 4808; x_wconf 71' lang='lat' dir='ltr'><strong>Alexandriw,</strong></span> <span class='ocrx_word' id='word_1_685' title='bbox 936 4741 1127 4794; x_wconf 89' lang='lat' dir='ltr'><strong>multos</strong></span> <span class='ocrx_word' id='word_1_686' title='bbox 1171 4741 1328 4793; x_wconf 86' lang='lat' dir='ltr'><strong>etiam</strong></span> <span class='ocrx_word' id='word_1_687' title='bbox 1364 4742 1418 4792; x_wconf 88' lang='lat' dir='ltr'><strong>in</strong></span> <span class='ocrx_word' id='word_1_688' title='bbox 1449 4742 1648 4809; x_wconf 88' lang='lat' dir='ltr'><strong>reliqua</strong></span> <span class='ocrx_word' id='word_1_689' title='bbox 1681 4741 1912 4811; x_wconf 66' lang='lat' dir='ltr'><strong>J&#39;Iggpto</strong></span> <span class='ocrx_word' id='word_1_690' title='bbox 1941 4760 1957 4796; x_wconf 89' lang='lat'><em>:</em></span> 
     </span>
    </p>
   </div>
   <div class='ocr_carea' id='block_1_95' title="bbox 387 4832 1953 4902">
    <p class='ocr_par' dir='ltr' id='par_1_95' title="bbox 387 4832 1953 4902">
     <span class='ocr_line' id='line_1_95' title="bbox 387 4832 1953 4902; baseline -0.001 -15"><span class='ocrx_word' id='word_1_691' title='bbox 387 4848 431 4887; x_wconf 91' lang='lat' dir='ltr'><strong>et</strong></span> <span class='ocrx_word' id='word_1_692' title='bbox 460 4836 511 4888; x_wconf 88' lang='lat' dir='ltr'><strong>in</strong></span> <span class='ocrx_word' id='word_1_693' title='bbox 545 4834 833 4888; x_wconf 80' lang='lat' dir='ltr'><strong>l’alwstina</strong></span> <span class='ocrx_word' id='word_1_694' title='bbox 868 4833 1002 4886; x_wconf 87' lang='lat' dir='ltr'><strong>alios</strong></span> <span class='ocrx_word' id='word_1_695' title='bbox 1033 4844 1078 4886; x_wconf 90' lang='lat' dir='ltr'><strong>et</strong></span> <span class='ocrx_word' id='word_1_696' title='bbox 1105 4832 1389 4902; x_wconf 70' lang='lat' dir='ltr'><strong>(lwlesyria</strong></span> <span class='ocrx_word' id='word_1_697' title='bbox 1420 4849 1480 4885; x_wconf 86' lang='lat' dir='ltr'><strong>ac</strong></span> <span class='ocrx_word' id='word_1_698' title='bbox 1508 4832 1908 4901; x_wconf 81' lang='lat' dir='ltr'><strong>Mesopotamia.</strong></span> <span class='ocrx_word' id='word_1_699' title='bbox 1943 4875 1953 4885; x_wconf 92' lang='lat'><strong>.</strong></span> 
     </span>
    </p>
   </div>
   <div class='ocr_carea' id='block_1_96' title="bbox 392 4924 1957 4988">
    <p class='ocr_par' dir='ltr' id='par_1_96' title="bbox 392 4924 1957 4988">
     <span class='ocr_line' id='line_1_96' title="bbox 392 4924 1957 4988; baseline 0.001 -11"><span class='ocrx_word' id='word_1_700' title='bbox 392 4926 517 4980; x_wconf 79' lang='lat' dir='ltr'><strong>Iltvc</strong></span> <span class='ocrx_word' id='word_1_701' title='bbox 555 4943 673 4979; x_wconf 87' lang='lat' dir='ltr'><strong>cum</strong></span> <span class='ocrx_word' id='word_1_702' title='bbox 708 4927 948 4988; x_wconf 88' lang='lat' dir='ltr'><strong>mirarer,</strong></span> <span class='ocrx_word' id='word_1_703' title='bbox 983 4942 1042 4977; x_wconf 90' lang='lat' dir='ltr'><strong>ac</strong></span> <span class='ocrx_word' id='word_1_704' title='bbox 1075 4924 1278 4977; x_wconf 87' lang='lat' dir='ltr'><strong>beatam</strong></span> <span class='ocrx_word' id='word_1_705' title='bbox 1317 4934 1554 4988; x_wconf 87' lang='lat' dir='ltr'><strong>putarem</strong></span> <span class='ocrx_word' id='word_1_706' title='bbox 1610 4927 1836 4978; x_wconf 89' lang='lat' dir='ltr'><strong>virorum</strong></span> <span class='ocrx_word' id='word_1_707' title='bbox 1880 4928 1957 4979; x_wconf 87' lang='lat' dir='ltr'><strong>vi-</strong></span> 
     </span>
    </p>
   </div>
   <div class='ocr_carea' id='block_1_97' title="bbox 387 5017 1958 5088">
    <p class='ocr_par' dir='ltr' id='par_1_97' title="bbox 387 5017 1958 5088">
     <span class='ocr_line' id='line_1_97' title="bbox 387 5017 1958 5088; baseline 0.001 -19"><span class='ocrx_word' id='word_1_708' title='bbox 387 5034 516 5080; x_wconf 84' lang='lat' dir='ltr'><strong>tam,</strong></span> <span class='ocrx_word' id='word_1_709' title='bbox 547 5019 690 5088; x_wconf 10' lang='lat' dir='ltr'><strong>quod?</strong></span> <span class='ocrx_word' id='word_1_710' title='bbox 721 5018 875 5086; x_wconf 86' lang='lat' dir='ltr'><strong>factis</strong></span> <span class='ocrx_word' id='word_1_711' title='bbox 909 5020 1237 5071; x_wconf 85' lang='lat' dir='ltr'><strong>ostenderent</strong></span> <span class='ocrx_word' id='word_1_712' title='bbox 1267 5034 1321 5070; x_wconf 85' lang='lat' dir='ltr'><strong>se</strong></span> <span class='ocrx_word' id='word_1_713' title='bbox 1353 5017 1809 5085; x_wconf 84' lang='lat' dir='ltr'><strong>mortificationem</strong></span> <span class='ocrx_word' id='word_1_714' title='bbox 1831 5019 1958 5071; x_wconf 86' lang='lat' dir='ltr'><strong>Jesu</strong></span> 
     </span>
    </p>
   </div>
   <div class='ocr_carea' id='block_1_98' title="bbox 388 5087 1959 5178">
    <p class='ocr_par' dir='ltr' id='par_1_98' title="bbox 388 5087 1959 5178">
     <span class='ocr_line' id='line_1_98' title="bbox 388 5087 1959 5178; baseline 0.001 -17"><span class='ocrx_word' id='word_1_715' title='bbox 388 5114 439 5164; x_wconf 81' lang='lat' dir='ltr'><strong>in</strong></span> <span class='ocrx_word' id='word_1_716' title='bbox 482 5087 697 5178; x_wconf 69' lang='lat' dir='ltr'><strong>corpore</strong></span> <span class='ocrx_word' id='word_1_717' title='bbox 739 5110 1096 5177; x_wconf 86' lang='lat' dir='ltr'><strong>circumferre,</strong></span> <span class='ocrx_word' id='word_1_718' title='bbox 1142 5108 1385 5177; x_wconf 86' lang='lat' dir='ltr'><strong>optabam</strong></span> <span class='ocrx_word' id='word_1_719' title='bbox 1431 5119 1479 5161; x_wconf 86' lang='lat' dir='ltr'><strong>et</strong></span> <span class='ocrx_word' id='word_1_720' title='bbox 1525 5110 1655 5176; x_wconf 89' lang='lat' dir='ltr'><strong>ipse,</strong></span> <span class='ocrx_word' id='word_1_721' title='bbox 1708 5121 1959 5176; x_wconf 79' lang='lat' dir='ltr'><strong>quantum</strong></span> 
     </span>
    </p>
   </div>
   <div class='ocr_carea' id='block_1_99' title="bbox 388 5199 1957 5268">
    <p class='ocr_par' dir='ltr' id='par_1_99' title="bbox 388 5199 1957 5268">
     <span class='ocr_line' id='line_1_99' title="bbox 388 5199 1957 5268; baseline 0.005 -22"><span class='ocrx_word' id='word_1_722' title='bbox 388 5216 585 5262; x_wconf 77' lang='lat' dir='ltr'><strong>possem</strong></span> <span class='ocrx_word' id='word_1_723' title='bbox 634 5199 914 5268; x_wconf 87' lang='lat' dir='ltr'><strong>attingere,</strong></span> <span class='ocrx_word' id='word_1_724' title='bbox 960 5200 1197 5251; x_wconf 90' lang='lat' dir='ltr'><strong>imitator</strong></span> <span class='ocrx_word' id='word_1_725' title='bbox 1238 5216 1347 5251; x_wconf 88' lang='lat' dir='ltr'><strong>esse</strong></span> <span class='ocrx_word' id='word_1_726' title='bbox 1403 5200 1671 5252; x_wconf 86' lang='lat' dir='ltr'><strong>hominum</strong></span> <span class='ocrx_word' id='word_1_727' title='bbox 1723 5201 1957 5255; x_wconf 88' lang='lat' dir='ltr'><strong>illorum.</strong></span> 
     </span>
    </p>
   </div>
   <div class='ocr_carea' id='block_1_100' title="bbox 391 5291 1962 5357">
    <p class='ocr_par' dir='ltr' id='par_1_100' title="bbox 391 5291 1962 5357">
     <span class='ocr_line' id='line_1_100' title="bbox 391 5291 1962 5357; baseline 0.003 -17"><span class='ocrx_word' id='word_1_728' title='bbox 391 5291 739 5355; x_wconf 77' lang='lat' dir='ltr'><strong>Quamobrem</strong></span> <span class='ocrx_word' id='word_1_729' title='bbox 775 5307 893 5343; x_wconf 90' lang='lat' dir='ltr'><strong>cum</strong></span> <span class='ocrx_word' id='word_1_730' title='bbox 927 5291 1168 5343; x_wconf 86' lang='lat' dir='ltr'><strong>vidissem</strong></span> <span class='ocrx_word' id='word_1_731' title='bbox 1219 5291 1493 5343; x_wconf 86' lang='lat' dir='ltr'><strong>nonnullos</strong></span> <span class='ocrx_word' id='word_1_732' title='bbox 1544 5293 1595 5343; x_wconf 85' lang='lat' dir='ltr'><strong>in</strong></span> <span class='ocrx_word' id='word_1_733' title='bbox 1639 5294 1811 5357; x_wconf 87' lang='lat' dir='ltr'><strong>patria</strong></span> <span class='ocrx_word' id='word_1_734' title='bbox 1845 5296 1962 5345; x_wconf 82' lang='lat' dir='ltr'><strong>inti-</strong></span> 
     </span>
    </p>
   </div>
   <div class='ocr_carea' id='block_1_101' title="bbox 393 5384 1960 5451">
    <p class='ocr_par' dir='ltr' id='par_1_101' title="bbox 393 5384 1960 5451">
     <span class='ocr_line' id='line_1_101' title="bbox 393 5384 1960 5451; baseline 0.001 -18"><span class='ocrx_word' id='word_1_735' title='bbox 393 5385 491 5436; x_wconf 87' lang='lat' dir='ltr'><strong>tari</strong></span> <span class='ocrx_word' id='word_1_736' title='bbox 514 5384 726 5435; x_wconf 88' lang='lat' dir='ltr'><strong>illorum</strong></span> <span class='ocrx_word' id='word_1_737' title='bbox 751 5384 997 5435; x_wconf 88' lang='lat' dir='ltr'><strong>instituta</strong></span> <span class='ocrx_word' id='word_1_738' title='bbox 1020 5392 1289 5445; x_wconf 87' lang='lat' dir='ltr'><strong>conantes,</strong></span> <span class='ocrx_word' id='word_1_739' title='bbox 1327 5384 1453 5434; x_wconf 87' lang='lat' dir='ltr'><strong>mihi</strong></span> <span class='ocrx_word' id='word_1_740' title='bbox 1484 5385 1625 5435; x_wconf 88' lang='lat' dir='ltr'><strong>visus</strong></span> <span class='ocrx_word' id='word_1_741' title='bbox 1653 5401 1766 5435; x_wconf 86' lang='lat' dir='ltr'><strong>sum</strong></span> <span class='ocrx_word' id='word_1_742' title='bbox 1804 5385 1960 5451; x_wconf 84' lang='lat' dir='ltr'><strong>adju-</strong></span> 
     </span>
    </p>
   </div>
   <div class='ocr_carea' id='block_1_102' title="bbox 391 5475 1956 5544">
    <p class='ocr_par' dir='ltr' id='par_1_102' title="bbox 391 5475 1956 5544">
     <span class='ocr_line' id='line_1_102' title="bbox 391 5475 1956 5544; baseline 0 -15"><span class='ocrx_word' id='word_1_743' title='bbox 391 5477 549 5529; x_wconf 85' lang='lat' dir='ltr'><strong>ntenti</strong></span> <span class='ocrx_word' id='word_1_744' title='bbox 584 5476 784 5544; x_wconf 87' lang='lat' dir='ltr'><strong>aliquid</strong></span> <span class='ocrx_word' id='word_1_745' title='bbox 820 5477 1065 5542; x_wconf 83' lang='lat' dir='ltr'><strong>reperisse</strong></span> <span class='ocrx_word' id='word_1_746' title='bbox 1102 5475 1170 5527; x_wconf 82' lang='lat' dir='ltr'><strong>ad</strong></span> <span class='ocrx_word' id='word_1_747' title='bbox 1226 5491 1390 5527; x_wconf 87' lang='lat' dir='ltr'><strong>meam</strong></span> <span class='ocrx_word' id='word_1_748' title='bbox 1437 5475 1675 5541; x_wconf 70' lang='lat' dir='ltr'><strong>salutem,</strong></span> <span class='ocrx_word' id='word_1_749' title='bbox 1715 5488 1761 5529; x_wconf 82' lang='lat' dir='ltr'><strong>et</strong></span> <span class='ocrx_word' id='word_1_750' title='bbox 1818 5478 1956 5529; x_wconf 79' lang='lat' dir='ltr'><strong>iudi-</strong></span> 
     </span>
    </p>
   </div>
   <div class='ocr_carea' id='block_1_103' title="bbox 461 5606 1246 5678">
    <p class='ocr_par' dir='ltr' id='par_1_103' title="bbox 461 5606 1246 5678">
     <span class='ocr_line' id='line_1_103' title="bbox 461 5606 1246 5678; baseline 0.001 -17"><span class='ocrx_word' id='word_1_751' title='bbox 461 5606 538 5678; x_wconf 88' lang='lat' dir='ltr'><strong>(a)</strong></span> <span class='ocrx_word' id='word_1_752' title='bbox 579 5609 817 5661; x_wconf 83' lang='lat' dir='ltr'><strong>Institut.</strong></span> <span class='ocrx_word' id='word_1_753' title='bbox 856 5608 945 5661; x_wconf 90' lang='lat' dir='ltr'><strong>lib.</strong></span> <span class='ocrx_word' id='word_1_754' title='bbox 978 5624 1050 5669; x_wconf 80' lang='lat' dir='ltr'><strong>vi.</strong></span> <span class='ocrx_word' id='word_1_755' title='bbox 1082 5624 1127 5661; x_wconf 62' lang='grc' dir='ltr'><strong>(ξ.</strong></span> <span class='ocrx_word' id='word_1_756' title='bbox 1166 5612 1246 5665; x_wconf 81' lang='lat' dir='ltr'><strong>l9.</strong></span> 
     </span>
    </p>
   </div>
   <div class='ocr_carea' id='block_1_104' title="bbox 464 5678 1722 5751">
    <p class='ocr_par' dir='ltr' id='par_1_104' title="bbox 464 5678 1722 5751">
     <span class='ocr_line' id='line_1_104' title="bbox 464 5678 1722 5751; baseline 0.006 -21"><span class='ocrx_word' id='word_1_757' title='bbox 464 5682 537 5751; x_wconf 62' lang='lat' dir='ltr'><strong>(bi</strong></span> <span class='ocrx_word' id='word_1_758' title='bbox 576 5678 853 5751; x_wconf 86' lang='lat' dir='ltr'><strong>D_isciplin.</strong></span> <span class='ocrx_word' id='word_1_759' title='bbox 888 5681 1067 5737; x_wconf 69' lang='lat' dir='ltr'><strong>eules.</strong></span> <span class='ocrx_word' id='word_1_760' title='bbox 1106 5693 1241 5751; x_wconf 83' lang='lat' dir='ltr'><strong>part.</strong></span> <span class='ocrx_word' id='word_1_761' title='bbox 1280 5695 1338 5745; x_wconf 83' lang='lat' dir='ltr'><strong>tt,</strong></span> <span class='ocrx_word' id='word_1_762' title='bbox 1373 5681 1462 5736; x_wconf 87' lang='lat' dir='ltr'><strong>lib.</strong></span> <span class='ocrx_word' id='word_1_763' title='bbox 1498 5700 1531 5747; x_wconf 84' lang='grc' dir='ltr'><strong>ι,</strong></span> <span class='ocrx_word' id='word_1_764' title='bbox 1564 5699 1606 5737; x_wconf 77' lang='lat' dir='ltr'><strong>e.</strong></span> <span class='ocrx_word' id='word_1_765' title='bbox 1638 5684 1722 5737; x_wconf 67' lang='grc'><strong>46.</strong></span> 
     </span>
    </p>
   </div>
   <div class='ocr_carea' id='block_1_105' title="bbox 477 5748 978 5819">
    <p class='ocr_par' dir='ltr' id='par_1_105' title="bbox 477 5748 978 5819">
     <span class='ocr_line' id='line_1_105' title="bbox 477 5748 978 5819; baseline 0.014 -20"><span class='ocrx_word' id='word_1_766' title='bbox 477 5750 546 5819; x_wconf 71' lang='grc' dir='ltr'><strong>(ς)</strong></span> <span class='ocrx_word' id='word_1_767' title='bbox 594 5748 851 5819; x_wconf 61' lang='grc' dir='ltr'><strong>ἔιτιρηοωυ.</strong></span> <span class='ocrx_word' id='word_1_768' title='bbox 889 5751 978 5805; x_wconf 62' lang='lat'><strong>“2.4.</strong></span> 
     </span>
    </p>
   </div>
   <div class='ocr_carea' id='block_1_106' title="bbox 2067 4554 3636 4624">
    <p class='ocr_par' dir='ltr' id='par_1_106' title="bbox 2067 4554 3636 4624">
     <span class='ocr_line' id='line_1_106' title="bbox 2067 4554 3636 4624; baseline 0.001 -16"><span class='ocrx_word' id='word_1_769' title='bbox 2067 4558 2216 4609; x_wconf 89' lang='lat' dir='ltr'><strong>lium.</strong></span> <span class='ocrx_word' id='word_1_770' title='bbox 2270 4556 2413 4609; x_wconf 88' lang='lat' dir='ltr'><strong>Idem</strong></span> <span class='ocrx_word' id='word_1_771' title='bbox 2469 4555 2727 4610; x_wconf 89' lang='lat' dir='ltr'><strong>discimus</strong></span> <span class='ocrx_word' id='word_1_772' title='bbox 2772 4571 2833 4607; x_wconf 83' lang='lat' dir='ltr'><strong>cx</strong></span> <span class='ocrx_word' id='word_1_773' title='bbox 2887 4554 3330 4624; x_wconf 86' lang='lat' dir='ltr'><strong>Nazianzeno(e)</strong></span> <span class='ocrx_word' id='word_1_774' title='bbox 3380 4555 3636 4610; x_wconf 88' lang='lat' dir='ltr'><strong>Basilium</strong></span> 
     </span>
    </p>
   </div>
   <div class='ocr_carea' id='block_1_107' title="bbox 2066 4650 3637 4720">
    <p class='ocr_par' dir='ltr' id='par_1_107' title="bbox 2066 4650 3637 4720">
     <span class='ocr_line' id='line_1_107' title="bbox 2066 4650 3637 4720; baseline -0.002 -13"><span class='ocrx_word' id='word_1_775' title='bbox 2066 4654 2303 4707; x_wconf 87' lang='lat' dir='ltr'><strong>omnibus</strong></span> <span class='ocrx_word' id='word_1_776' title='bbox 2340 4650 2698 4718; x_wconf 88' lang='lat' dir='ltr'><strong>facultatibus,</strong></span> <span class='ocrx_word' id='word_1_777' title='bbox 2726 4668 2853 4719; x_wconf 86' lang='lat' dir='ltr'><strong>quas</strong></span> <span class='ocrx_word' id='word_1_778' title='bbox 2910 4666 3136 4720; x_wconf 87' lang='lat' dir='ltr'><strong>unquam</strong></span> <span class='ocrx_word' id='word_1_779' title='bbox 3182 4651 3452 4714; x_wconf 86' lang='lat' dir='ltr'><strong>habuerat,</strong></span> <span class='ocrx_word' id='word_1_780' title='bbox 3489 4667 3637 4718; x_wconf 66' lang='lat' dir='ltr'><strong>a’quo</strong></span> 
     </span>
    </p>
   </div>
   <div class='ocr_carea' id='block_1_108' title="bbox 2062 4740 3638 4813">
    <p class='ocr_par' dir='ltr' id='par_1_108' title="bbox 2062 4740 3638 4813">
     <span class='ocr_line' id='line_1_108' title="bbox 2062 4740 3638 4813; baseline -0.001 -17"><span class='ocrx_word' id='word_1_781' title='bbox 2062 4748 2238 4796; x_wconf 85' lang='lat' dir='ltr'><strong>animo</strong></span> <span class='ocrx_word' id='word_1_782' title='bbox 2270 4744 2534 4813; x_wconf 85' lang='lat' dir='ltr'><strong>projectis,</strong></span> <span class='ocrx_word' id='word_1_783' title='bbox 2576 4741 2757 4794; x_wconf 86' lang='lat' dir='ltr'><strong>leviter</strong></span> <span class='ocrx_word' id='word_1_784' title='bbox 2780 4740 3036 4809; x_wconf 88' lang='lat' dir='ltr'><strong>facileque</strong></span> <span class='ocrx_word' id='word_1_785' title='bbox 3066 4741 3183 4793; x_wconf 68' lang='lat' dir='ltr'><strong>vitae</strong></span> <span class='ocrx_word' id='word_1_786' title='bbox 3212 4741 3423 4809; x_wconf 87' lang='lat' dir='ltr'><strong>pelagus</strong></span> <span class='ocrx_word' id='word_1_787' title='bbox 3460 4752 3638 4794; x_wconf 83' lang='lat' dir='ltr'><strong>trans-</strong></span> 
     </span>
    </p>
   </div>
   <div class='ocr_carea' id='block_1_109' title="bbox 2067 4837 2289 4889">
    <p class='ocr_par' dir='ltr' id='par_1_109' title="bbox 2067 4837 2289 4889">
     <span class='ocr_line' id='line_1_109' title="bbox 2067 4837 2289 4889; baseline 0.009 -2"><span class='ocrx_word' id='word_1_788' title='bbox 2067 4837 2289 4889; x_wconf 85' lang='lat' dir='ltr'><strong>misisse.</strong></span> 
     </span>
    </p>
   </div>
   <div class='ocr_carea' id='block_1_110' title="bbox 2147 4920 3638 4991">
    <p class='ocr_par' dir='ltr' id='par_1_110' title="bbox 2147 4920 3638 4991">
     <span class='ocr_line' id='line_1_110' title="bbox 2147 4920 3638 4991; baseline 0 -13"><span class='ocrx_word' id='word_1_789' title='bbox 2147 4925 2437 4978; x_wconf 73' lang='lat' dir='ltr'><strong>Existimat</strong></span> <span class='ocrx_word' id='word_1_790' title='bbox 2483 4922 2854 4977; x_wconf 90' lang='lat' dir='ltr'><strong>Tillemoutins</strong></span> <span class='ocrx_word' id='word_1_791' title='bbox 2902 4920 3155 4975; x_wconf 87' lang='lat' dir='ltr'><strong>Basilium</strong></span> <span class='ocrx_word' id='word_1_792' title='bbox 3203 4921 3385 4975; x_wconf 86' lang='lat' dir='ltr'><strong>statim</strong></span> <span class='ocrx_word' id='word_1_793' title='bbox 3420 4922 3638 4991; x_wconf 88' lang='lat' dir='ltr'><strong>quidem</strong></span> 
     </span>
    </p>
   </div>
   <div class='ocr_carea' id='block_1_111' title="bbox 2069 5018 3641 5085">
    <p class='ocr_par' dir='ltr' id='par_1_111' title="bbox 2069 5018 3641 5085">
     <span class='ocr_line' id='line_1_111' title="bbox 2069 5018 3641 5085; baseline -0.001 -16"><span class='ocrx_word' id='word_1_794' title='bbox 2069 5035 2164 5071; x_wconf 82' lang='lat' dir='ltr'><strong>sua</strong></span> <span class='ocrx_word' id='word_1_795' title='bbox 2209 5018 2388 5069; x_wconf 84' lang='lat' dir='ltr'><strong>omnia</strong></span> <span class='ocrx_word' id='word_1_796' title='bbox 2418 5018 2741 5085; x_wconf 83' lang='lat' dir='ltr'><strong>pauperibus</strong></span> <span class='ocrx_word' id='word_1_797' title='bbox 2767 5029 3135 5075; x_wconf 88' lang='lat' dir='ltr'><strong>consecrasse,</strong></span> <span class='ocrx_word' id='word_1_798' title='bbox 3169 5029 3271 5067; x_wconf 94' lang='lat' dir='ltr'><strong>non</strong></span> <span class='ocrx_word' id='word_1_799' title='bbox 3308 5024 3494 5067; x_wconf 82' lang='lat' dir='ltr'><strong>tamen</strong></span> <span class='ocrx_word' id='word_1_800' title='bbox 3529 5024 3641 5069; x_wconf 84' lang='lat' dir='ltr'><strong>sta-</strong></span> 
     </span>
    </p>
   </div>
   <div class='ocr_carea' id='block_1_112' title="bbox 2072 5102 3635 5170">
    <p class='ocr_par' dir='ltr' id='par_1_112' title="bbox 2072 5102 3635 5170">
     <span class='ocr_line' id='line_1_112' title="bbox 2072 5102 3635 5170; baseline -0.006 -8"><span class='ocrx_word' id='word_1_801' title='bbox 2072 5112 2164 5162; x_wconf 92' lang='lat' dir='ltr'><strong>tim</strong></span> <span class='ocrx_word' id='word_1_802' title='bbox 2201 5107 2564 5168; x_wconf 85' lang='lat' dir='ltr'><strong>distribuisse,</strong></span> <span class='ocrx_word' id='word_1_803' title='bbox 2601 5106 2696 5159; x_wconf 87' lang='lat' dir='ltr'><strong>sed</strong></span> <span class='ocrx_word' id='word_1_804' title='bbox 2732 5122 2851 5159; x_wconf 90' lang='lat' dir='ltr'><strong>cum</strong></span> <span class='ocrx_word' id='word_1_805' title='bbox 2884 5103 2987 5157; x_wconf 91' lang='lat' dir='ltr'><strong>sibi</strong></span> <span class='ocrx_word' id='word_1_806' title='bbox 3020 5102 3228 5170; x_wconf 88' lang='lat' dir='ltr'><strong>aliquid</strong></span> <span class='ocrx_word' id='word_1_807' title='bbox 3281 5114 3635 5167; x_wconf 84' lang='lat' dir='ltr'><strong>reservasset,</strong></span> 
     </span>
    </p>
   </div>
   <div class='ocr_carea' id='block_1_113' title="bbox 2072 5192 3637 5267">
    <p class='ocr_par' dir='ltr' id='par_1_113' title="bbox 2072 5192 3637 5267">
     <span class='ocr_line' id='line_1_113' title="bbox 2072 5192 3637 5267; baseline -0.004 -16"><span class='ocrx_word' id='word_1_808' title='bbox 2072 5200 2237 5252; x_wconf 84' lang='lat' dir='ltr'><strong>variis</strong></span> <span class='ocrx_word' id='word_1_809' title='bbox 2264 5199 2597 5267; x_wconf 86' lang='lat' dir='ltr'><strong>temporibus</strong></span> <span class='ocrx_word' id='word_1_810' title='bbox 2622 5195 2873 5249; x_wconf 79' lang='lat' dir='ltr'><strong>charitati</strong></span> <span class='ocrx_word' id='word_1_811' title='bbox 2916 5210 3029 5247; x_wconf 71' lang='lat' dir='ltr'><strong>suae</strong></span> <span class='ocrx_word' id='word_1_812' title='bbox 3062 5192 3410 5247; x_wconf 76' lang='lat' dir='ltr'><strong>satisfecisse.</strong></span> <span class='ocrx_word' id='word_1_813' title='bbox 3443 5193 3637 5246; x_wconf 70' lang='lat' dir='ltr'><strong>Nititur</strong></span> 
     </span>
    </p>
   </div>
   <div class='ocr_carea' id='block_1_114' title="bbox 2072 5286 3640 5356">
    <p class='ocr_par' dir='ltr' id='par_1_114' title="bbox 2072 5286 3640 5356">
     <span class='ocr_line' id='line_1_114' title="bbox 2072 5286 3640 5356; baseline -0.005 -11"><span class='ocrx_word' id='word_1_814' title='bbox 2072 5290 2419 5345; x_wconf 86' lang='lat' dir='ltr'><strong>doctissimus</strong></span> <span class='ocrx_word' id='word_1_815' title='bbox 2456 5289 2688 5356; x_wconf 85' lang='lat' dir='ltr'><strong>scriptor</strong></span> <span class='ocrx_word' id='word_1_816' title='bbox 2742 5288 3053 5340; x_wconf 81' lang='lat' dir='ltr'><strong>testimonio</strong></span> <span class='ocrx_word' id='word_1_817' title='bbox 3109 5286 3359 5355; x_wconf 51' lang='lat' dir='ltr'><strong>Nysseni,</strong></span> <span class='ocrx_word' id='word_1_818' title='bbox 3395 5287 3484 5354; x_wconf 91' lang='lat' dir='ltr'><strong>qui</strong></span> <span class='ocrx_word' id='word_1_819' title='bbox 3536 5287 3640 5337; x_wconf 85' lang='lat' dir='ltr'><strong>fra—</strong></span> 
     </span>
    </p>
   </div>
   <div class='ocr_carea' id='block_1_115' title="bbox 2073 5377 3641 5447">
    <p class='ocr_par' dir='ltr' id='par_1_115' title="bbox 2073 5377 3641 5447">
     <span class='ocr_line' id='line_1_115' title="bbox 2073 5377 3641 5447; baseline -0.006 -11"><span class='ocrx_word' id='word_1_820' title='bbox 2073 5394 2207 5437; x_wconf 87' lang='lat' dir='ltr'><strong>trem</strong></span> <span class='ocrx_word' id='word_1_821' title='bbox 2244 5398 2400 5435; x_wconf 84' lang='lat' dir='ltr'><strong>suum</strong></span> <span class='ocrx_word' id='word_1_822' title='bbox 2443 5390 2674 5433; x_wconf 86' lang='lat' dir='ltr'><strong>testatur</strong></span> <span class='ocrx_word' id='word_1_823' title='bbox 2703 5379 2769 5447; x_wconf 89' lang='lat' dir='ltr'><strong>(f)</strong></span> <span class='ocrx_word' id='word_1_824' title='bbox 2823 5379 3202 5444; x_wconf 82' lang='lat' dir='ltr'><strong>patrimonium</strong></span> <span class='ocrx_word' id='word_1_825' title='bbox 3251 5377 3564 5444; x_wconf 84' lang='lat' dir='ltr'><strong>pauperibus</strong></span> <span class='ocrx_word' id='word_1_826' title='bbox 3594 5385 3641 5428; x_wconf 90' lang='lat' dir='ltr'><strong>et</strong></span> 
     </span>
    </p>
   </div>
   <div class='ocr_carea' id='block_1_116' title="bbox 2075 5470 3645 5551">
    <p class='ocr_par' dir='ltr' id='par_1_116' title="bbox 2075 5470 3643 5538">
     <span class='ocr_line' id='line_1_116' title="bbox 2075 5470 3643 5538; baseline -0.006 -10"><span class='ocrx_word' id='word_1_827' title='bbox 2075 5485 2195 5529; x_wconf 87' lang='lat' dir='ltr'><strong>ante</strong></span> <span class='ocrx_word' id='word_1_828' title='bbox 2231 5474 2585 5527; x_wconf 84' lang='lat' dir='ltr'><strong>sacerdotium</strong></span> <span class='ocrx_word' id='word_1_829' title='bbox 2617 5472 2967 5535; x_wconf 79' lang='lat' dir='ltr'><strong>distribuisse,</strong></span> <span class='ocrx_word' id='word_1_830' title='bbox 3009 5480 3055 5523; x_wconf 88' lang='lat' dir='ltr'><strong>ct</strong></span> <span class='ocrx_word' id='word_1_831' title='bbox 3092 5472 3315 5524; x_wconf 63' lang='lat' dir='ltr'><strong>maxime</strong></span> <span class='ocrx_word' id='word_1_832' title='bbox 3339 5470 3493 5538; x_wconf 85' lang='lat' dir='ltr'><strong>famis</strong></span> <span class='ocrx_word' id='word_1_833' title='bbox 3522 5480 3643 5522; x_wconf 77' lang='lat' dir='ltr'><strong>tem-</strong></span> 
     </span>
    </p>
   </div>
   <div class='ocr_carea' id='block_1_117' title="bbox 2140 5604 2647 5673">
    <p class='ocr_par' dir='ltr' id='par_1_117' title="bbox 2140 5604 2647 5673">
     <span class='ocr_line' id='line_1_117' title="bbox 2140 5604 2647 5673; baseline 0 -15"><span class='ocrx_word' id='word_1_834' title='bbox 2140 5606 2214 5673; x_wconf 80' lang='lat' dir='ltr'><strong>(tt)</strong></span> <span class='ocrx_word' id='word_1_835' title='bbox 2244 5606 2367 5657; x_wconf 82' lang='lat' dir='ltr'><strong>Naz.</strong></span> <span class='ocrx_word' id='word_1_836' title='bbox 2400 5613 2531 5656; x_wconf 87' lang='lat' dir='ltr'><strong>orat.</strong></span> <span class='ocrx_word' id='word_1_837' title='bbox 2559 5604 2647 5659; x_wconf 67' lang='lat'><strong>20.</strong></span> 
     </span>
    </p>
   </div>
   <div class='ocr_carea' id='block_1_118' title="bbox 2145 5674 2515 5743">
    <p class='ocr_par' dir='ltr' id='par_1_118' title="bbox 2145 5674 2515 5743">
     <span class='ocr_line' id='line_1_118' title="bbox 2145 5674 2515 5743; baseline -0.014 -14"><span class='ocrx_word' id='word_1_838' title='bbox 2145 5681 2210 5743; x_wconf 62' lang='lat' dir='ltr'><strong>(ei</strong></span> <span class='ocrx_word' id='word_1_839' title='bbox 2255 5675 2316 5727; x_wconf 84' lang='lat' dir='ltr'><strong>In</strong></span> <span class='ocrx_word' id='word_1_840' title='bbox 2348 5674 2515 5726; x_wconf 87' lang='lat' dir='ltr'><strong>Basil.</strong></span> 
     </span>
    </p>
   </div>
   <div class='ocr_carea' id='block_1_119' title="bbox 2151 5744 2838 5814">
    <p class='ocr_par' dir='ltr' id='par_1_119' title="bbox 2151 5744 2838 5814">
     <span class='ocr_line' id='line_1_119' title="bbox 2151 5744 2838 5814; baseline -0.015 -15"><span class='ocrx_word' id='word_1_841' title='bbox 2151 5749 2218 5814; x_wconf 68' lang='lat' dir='ltr'><strong>if)</strong></span> <span class='ocrx_word' id='word_1_842' title='bbox 2254 5745 2317 5796; x_wconf 89' lang='lat' dir='ltr'><strong>In</strong></span> <span class='ocrx_word' id='word_1_843' title='bbox 2351 5745 2599 5809; x_wconf 83' lang='lat' dir='ltr'><strong>l-.&#39;unom.,</strong></span> <span class='ocrx_word' id='word_1_844' title='bbox 2634 5759 2682 5812; x_wconf 85' lang='lat' dir='ltr'><strong>p.</strong></span> <span class='ocrx_word' id='word_1_845' title='bbox 2716 5744 2838 5797; x_wconf 78' lang='lat'><strong>507.</strong></span> 
     </span>
    </p>
   </div>
  </div>
