3820 6210
1534 345 1694 402 VITA
1735 347 1791 401 S.
1833 346 2103 404 BASILll.

1925 346 2103 404 SILII.
3323 352 3433 405 xvii

229 490 350 545 pore,
372 488 479 526 cum
512 473 680 526 adhuc
727 483 856 526 esset
881 472 933 524 in
965 471 1387 540 presbyterorum
1424 470 1631 534 ordine,
1671 486 1760 523 nec
1790 477 1836 532 Α
1862 470 2234 539 professiones,
2276 471 2468 539 inquit,
2537 488 2637 524 non
2694 472 2949 536 novimus,
3005 476 3351 539 prteterquam
3389 470 3433 523 si

227 576 380 636 postea
399 581 728 629 eorum,quaz
757 563 968 618 residua
1012 563 1248 631 fuerant,
1275 561 1452 614 minus
1493 560 1763 615 liberalem
1868 564 1956 633 qui
2015 578 2070 615 se
2116 562 2219 628 ipsi
2282 563 2656 616 monachorum
2705 563 2880 616 ordini
2931 559 3264 627 ascripserint
3306 559 3438 627 :qui

229 658 385 728 fuisse.
1867 652 2075 721 quidem
2104 653 2262 705 tacite
2284 651 2445 704 vitam
2471 653 2701 706 cmlibem
2726 652 2969 704 videnlur
2999 649 3304 714 suscepisse.
3345 647 3441 701 Ve-

285 745 508 814 Conjecit
551 743 954 798 Tillemontium
1003 742 1056 796 in
1110 741 1254 796 hanc
1300 741 1612 812 opinionem
1663 743 1764 796 alia
1867 755 2164 795 rumtamen
2199 744 2254 794 in
2282 743 2392 796 illis
2421 759 2622 811 quoque
2644 742 2778 796 illud
2806 742 2992 810 Opinor
3017 739 3442 808 pramtittiopor-

226 838 383 890 minus
420 844 562 887 recta
607 832 792 902 opinio
825 832 890 886 de
939 841 1110 886 morte
1153 831 1213 886 S.
1251 830 1556 895 Emmelim,
1605 847 1766 901 quam
1870 841 1996 897 tere,
2024 842 2078 884 ut
2102 833 2203 900 ipsi
2239 832 2645 900 interrogentur,
2682 832 3070 900 accipiaturque
3106 846 3286 883 eorum
3318 845 3440 896 pro~

224 927 446 995 episcopo
470 922 665 977 Basilio
692 930 848 991 putat
873 922 1094 976 obiisse.
1141 919 1248 974 Sed
1299 921 1352 975 id
1399 931 1526 975 ante
1554 923 1767 990 episco-
1869 924 2027 993 fessio
2063 924 2207 976 clara
2232 933 2278 976 et
2311 924 2585 992 perspicua
2616 940 2634 978 :
2663 933 2716 976 ut
2748 939 2865 976 cum
2899 939 2954 976 se
2982 924 3050 974 ad
3093 921 3435 974 libidinosam

222 1027 382 1086 patum
411 1014 591 1068 Basilii
639 1012 960 1081 contigisse,
1001 1021 1058 1066 et
1100 1010 1261 1066 famis
1303 1022 1544 1082 tempore
1594 1012 1759 1066 conti-
1868 1017 2029 1069 vitam
2056 1016 2426 1080 converterint,
2458 1031 2640 1068 eorum
2680 1015 2770 1083 qui
2811 1013 3146 1083 fornicamur
3174 1013 3441 1080 punitioni

223 1110 366 1178 gisse,
395 1119 509 1175 quze
544 1103 729 1158 Basilii
764 1102 1017 1157 charitati
1065 1103 1347 1157 materiam
1382 1103 1551 1170 dedit,
1576 1104 1768 1158 certis-
1868 1107 2242 1176 subjiciantur.
2280 1107 2415 1162 Hinc
2446 1108 2499 1162 in
2537 1107 2741 1176 Regula
2778 1107 2989 1171 fusiori,
3021 1107 3280 1175 interrog.
3307 1121 3361 1169 x,
3387 1115 3440 1157 et

223 1199 375 1262 simis,
412 1208 470 1251 ut
503 1197 635 1250 mihi
672 1194 891 1265 quidem
921 1195 1163 1259 videtur,
1190 1195 1528 1265 argumentis
1570 1193 1770 1264 proha-
1868 1197 2029 1266 epist.
2051 1197 2144 1261 23,
2171 1213 2290 1266 quae
2321 1207 2448 1252 ante
2481 1213 2716 1252 canones
2745 1199 2958 1267 scripta:
3005 1204 3157 1259 sunt,
3188 1210 3292 1250 non
3337 1195 3441 1248 alia

222 1292 366 1348 bitur.
387 1289 562 1354 Quare
604 1303 729 1344 cum
774 1287 1008 1342 Basilius
1049 1296 1352 1340 maternam
1397 1287 1768 1341 haereditatem
1871 1290 2243 1358 praescribitur
2277 1289 2545 1357 professio
2596 1289 2679 1342 his
2721 1289 2811 1357 qui
2867 1287 3222 1342 monasticam
3273 1286 3440 1340 vitam

222 1382 361 1438 famis
387 1392 622 1448 tempore
662 1381 1010 1450 perceperit;
1065 1378 1222 1433 facile
1252 1379 1596 1448 perspicitur,
1635 1393 1771 1447 quo-
1871 1379 2292 1446 amplectuntur,
2324 1380 2427 1433 nisi
2452 1388 2510 1432 ut
2541 1381 2766 1434 fratrum
2796 1379 2975 1432 ordini
3002 1386 3122 1448 post
3144 1376 3440 1446 legitimam

225 1476 363 1530 modo
385 1475 471 1544 qui
506 1489 566 1528 se
596 1472 710 1541 jam
763 1479 922 1526 antea
959 1471 1214 1525 omnibus
1250 1471 1412 1525 rebus
1444 1470 1767 1532 nudaverat,
1869 1471 2319 1540 approbationem
2378 1472 2747 1525 ascribantur.
2792 1468 2959 1537 llujus
3026 1479 3206 1524 autem
3261 1469 3440 1522 tacita:

225 1565 344 1618 idem
383 1575 503 1617 tunc
551 1561 848 1616 charitatis
897 1560 1170 1629 specimen
1221 1560 1581 1614 renovaverit.
1649 1557 1767 1611 Non
1869 1563 2220 1632 professionis
2251 1577 2355 1616 non
2387 1563 2567 1616 minus
2605 1563 2794 1615 stricta
2824 1568 2983 1614 erant
3013 1560 3249 1625 vincula,
3279 1573 3440 1628 quam

222 1654 460 1710 diﬂicilius
495 1654 801 1722 explicatur
851 1651 995 1722 quod
1041 1651 1121 1705 ait
1164 1650 1472 1722 Nyssenus,
1509 1649 1767 1704 Basiliam
1871 1655 2012 1710 illius
2033 1657 2193 1710 clarae
2221 1664 2275 1709 et
2296 1655 2613 1724 perspicuas.
2645 1653 2780 1707 Nam
2806 1652 3057 1717 Basilius,
3088 1661 3144 1705 ut
3165 1651 3275 1720 jam
3308 1651 3440 1710 dixi.

219 1754 376 1815 postea
404 1761 581 1798 eorum
611 1760 732 1814 qua:
763 1743 968 1812 reliqua
1006 1752 1156 1796 erant
1200 1758 1303 1796 non
1353 1743 1528 1795 minus
1568 1740 1768 1794 libera-
1868 1759 1989 1798 eum
2021 1746 2108 1812 qui
2147 1761 2205 1799 se
2242 1744 2442 1797 dicavit
2472 1742 2582 1797 Deo
2627 1753 2680 1797 et
2711 1742 2904 1796 deinde
2935 1741 3000 1794 ad
3030 1741 3172 1794 aliud
3202 1740 3324 1794 vitae
3348 1754 3442 1808 ge-

219 1836 306 1891 lem
337 1836 512 1905 fuisse.
545 1835 736 1904 Neque
765 1834 913 1889 enim
948 1835 1169 1896 mirum,
1199 1833 1244 1887 si
1279 1831 1509 1902 amplam
1536 1831 1766 1886 haeredi-
1801 1829 1842 1882 Β
1870 1851 1972 1890 nus
2003 1835 2246 1899 transiit,
2291 1835 2492 1888 factum
2529 1847 2650 1886 esse
2678 1830 3025 1897 sacrilegum,
3052 1839 3110 1883 et
3150 1843 3438 1882 consecra-

226 1935 372 1982 tatem
397 1942 500 1980 non
541 1928 729 1980 statim
761 1933 930 1978 totam
960 1924 1228 1993 percepit,
1259 1924 1354 1977 sed
1399 1921 1652 1976 nonnulla
1686 1936 1771 1975 Se-
1874 1938 1982 1983 tum
2013 1929 2122 1982 Deo
2155 1928 2438 1980 donarium
2475 1924 2767 1980 abstulisse
2794 1923 3108 1991 pronuntiat
3134 1921 3228 1990 (ε).
3264 1921 3448 1986 Quare

223 2019 340 2082 ῐίιιε,
373 2031 426 2072 ιιι
460 2020 510 2072 ίιι
545 2019 810 2087 εἱιιεηιοιιί
841 2017 1004 2072 rebus
1055 2015 1173 2070 ﬁeri
1222 2014 1384 2079 80181,
1415 2015 1468 2068 in
1510 2014 1627 2084 eius
1657 2029 1771 2066 ma-
1871 2034 1992 2073 cum
2018 2019 2247 2072 Basilius
2273 2018 2662 2071 monachorum
2689 2014 2867 2069 ordini
2916 2028 3010 2082 per
3038 2021 3116 2066 tot
3141 2028 3312 2066 annos
3339 2029 3442 2066 non

219 2123 309 2162 ""5
329 2119 704 2177 Perveneram.
1872 2113 2043 2163 solum
2076 2108 2350 2177 ascriptus
2383 2106 2570 2167 fuerit,
2623 2105 2720 2160 sed
2773 2103 2937 2157 etiam
2991 2100 3294 2171 praefuerit;
3334 2117 3447 2153 ino-

281 2199 400 2254 lllud
426 2215 553 2267 ergo
582 2209 838 2254 constare
867 2199 1029 2253 debet
1056 2196 1319 2277 Basilium
1364 2195 1552 2251 sedulo
1586 2195 1770 2250 obser-
1873 2201 2077 2255 nastica
2113 2200 2258 2254 illius
2285 2198 2555 2269 professio
2588 2196 2773 2266 negari
2800 2209 2903 2249 non
2936 2203 3151 2263 potest:
3180 2192 3446 2258 valdeque

220 2307 360 2346 resse
380 2294 516 2360 quod
544 2292 668 2347 aliis
694 2291 1030 2360 prmscripsit
1071 2293 1124 2344 in
1162 2289 1379 2358 Begulis
1423 2297 1534 2342 tum
1569 2287 1774 2358 longio-
1875 2291 2162 2346 absurdum
2203 2302 2288 2346 est
2318 2291 2477 2345 clarae
2505 2299 2558 2344 et
2586 2289 2908 2343 nominatim
2941 2293 3211 2354 conceptae
3240 2284 3446 2352 profut-

221 2381 353 2436 ribus
377 2391 482 2435 tum
515 2383 890 2447 brevioribus;
923 2397 1097 2452 neque
1129 2397 1251 2437 eum
1297 2383 1400 2435 hac
1449 2380 1502 2433 in
1543 2395 1602 2434 re
1633 2380 1772 2434 ittfc-
1873 2377 2052 2440 sionis'
2086 2386 2468 2438 necessitatem
2503 2384 2552 2437 ei
2584 2383 2884 2449 imponere,
2912 2392 3032 2446 quae
3060 2376 3165 2429 illis
3190 2375 3446 2444 tempori-

222 2475 396 2529 riorem
424 2473 589 2528 fuisse
614 2472 857 2528 Macrine
884 2487 1097 2537 sorore,
1123 2486 1244 2540 quat
1269 2486 1329 2525 se
1353 2486 1418 2524 ex
1445 2471 1599 2526 bonis
1621 2485 1730 2538 it?th

1938 2493 1974 2531 ιε
2023 2477 2246 2540 omissa,
2299 2475 2488 2529 saltem
2549 2474 2601 2526 in
2652 2468 3012 2540 Cappadocia,
3045 2466 3178 2519 nihil
3203 2466 3269 2519 de
3297 2475 3446 2519 v0to-

223 2573 358 2634 parte
392 2566 531 2619 inter
559 2565 735 2632 ipsam
765 2579 830 2618 ac
860 2562 1060 2617 fratres
1091 2563 1277 2616 divisis
1313 2561 1451 2615 nihil
1495 2562 1597 2616 sibi
1650 2562 1775 2614 reli-
1874 2583 1993 2622 ιιιιηι
2027 2567 2080 2620 vi
2111 2566 2450 2618 deirahebai.

219 2669 365 2722 quum
413 2652 606 2706 fecisse
653 2661 882 2706 testatur
911 2651 1016 2723 (τι),
1073 2651 1167 2706 sed
1221 2651 1403 2705 omnia
1445 2665 1540 2719 per
1584 2665 1775 2703 mamts
1944 2656 2031 2713 IV.
2076 2657 2361 2710 Existimat
2400 2653 2792 2708 'l‘homassinus
2821 2649 3140 2720 Gregorium
3181 2648 3314 2702 nihil
3345 2648 3444 2700 loci

221 2743 490 2798 sacerdotis
527 2742 830 2798 secundum
903 2741 1144 2796 divinum
1215 2750 1538 2811 prascepIum
1597 2741 1775 2795 distri-
1875 2748 2157 2817 reliquisse
2195 2747 2519 2800 dubitationi
2560 2747 2613 2798 in
2656 2745 2901 2796 carmine
2933 2741 3009 2795 De
3042 2743 3150 2794 vita
3206 2756 3324 2804 sua,
3361 2738 3448 2792 ubi

224 2834 396 2888 buisse.
435 2832 570 2888 Cum
614 2841 799 2886 autem
837 2831 973 2885 nihil
1016 2831 1238 2885 omnino
1286 2831 1588 2900 possideret
1623 2829 1726 2884 Bas

1973 2841 2065 2892 diu
2116 2840 2433 2907 ﬂuctuatum
2479 2847 2706 2890 testatur
2741 2838 2938 2907 ecquod
2965 2837 3081 2888 vita:
3110 2850 3271 2904 gentts
3310 2842 3448 2886 tene-

225 2924 332 2990 lius,
360 2925 556 2980 victum
593 2925 642 2979 ei
675 2938 744 2977 ex
783 2925 899 2994 ipsa
931 2925 1109 2986 domo,
1143 2924 1193 2976 in
1239 2938 1344 2992 qua
1388 2924 1621 2977 nutritus
1655 2923 1772 2976 fue-
1875 2941 1971 2996 ret,
2002 2931 2142 2984 inter
2177 2931 2549 2982 monachorum
2582 2927 2803 2980 latibula
2831 2938 2878 2980 et
2921 2926 3128 2979 urbium
3155 2928 3449 2978 lumultua-
3539 2933 3545 2936 ί

223 3025 311 3079 rat,
339 3025 505 3070 mater
533 3015 770 3085 benigne
793 3014 1023 3084 providit
1050 3012 1151 3086 (b),
1177 3014 1366 3068 saltem
1392 3023 1673 3082 postquam
1707 3029 1731 3065 a

1939 3039 2063 3088 mes,
2113 3023 2346 3074 medium
2393 3022 2604 3074 tandem
2646 3029 2880 3072 secutum
2921 3035 3032 3071 esse
3072 3019 3355 3081 tramitem,
3392 3027 3447 3068 ut

226 3108 502 3176 presbyteri
560 3109 790 3176 gradum
847 3116 1070 3159 evectus
1120 3116 1221 3159 est.
1291 3104 1425 3158 Nam
1483 3105 1734 3158 maximat

1940 3116 1997 3169 iis
2025 3116 2101 3168 ita
2128 3115 2415 3184 prodesset,
2443 3121 2498 3166 ut
2530 3128 2592 3165 ne
2621 3113 2730 3179 ipse
2747 3127 2855 3164 sua:
2879 3111 3093 3179 ofﬁceret
3111 3107 3290 3162 saluti.
3311 3107 3448 3160 Tum

222 3208 408 3266 partem
458 3200 812 3254 servitiorum
867 3196 1012 3251 illius
1064 3197 1258 3251 domus
1304 3195 1630 3266 presbytero
1661 3199 1775 3251 cui-
1803 3177 1845 3236 ϐ
1878 3206 2085 3277 profert
2128 3177 2228 3260 jms
2277 3177 2469 3258 versus
2494 3177 2739 3271 Gregorii
2778 3219 2790 3255 :

222 3291 350 3355 dam,
401 3291 672 3346 DorOtheo
728 3289 968 3352 nomine,
1025 3287 1117 3358 qui
1170 3287 1355 3342 Basilii
1412 3289 1776 3344 collactaiieus

219 3388 343 3443 erat,
379 3381 607 3449 ejusque
656 3380 886 3434 nutricis
930 3380 1126 3433 unicus
1161 3377 1329 3442 ﬁlius.
1363 3393 1426 3434 ea
1469 3381 1777 3436 conditione

222 3471 441 3538 tradidit,
471 3483 528 3526 ut
563 3471 768 3527 Basilio
817 3471 1073 3525 alimenta
1109 3470 1500 3540 suppeditaret.
1546 3471 1636 3526 Sic
1681 3487 1777 3524 au-

225 3571 318 3617 tem
354 3565 591 3628 tradidit,
623 3574 683 3618 ut
726 3578 1066 3633 nequaquam
1105 3565 1303 3618 donum
1331 3573 1496 3628 esset,
1528 3564 1621 3618 sed
1649 3579 1730 3619 USI

1941 3574 2079 3628 :inde
2102 3573 2251 3626 addit
2282 3589 2296 3626 :
2329 3571 2472 3642 Ergo
2497 3587 2615 3623 cum
2654 3571 2771 3623 vita?
2801 3571 2913 3637 ejus
2940 3568 3165 3635 scriptor
3197 3567 3294 3630 ait,
3331 3582 3449 3618 rna-

223 3669 306 3721 Pel'
325 3656 504 3710 νίωιιι·
536 3655 712 3722 Quam
762 3656 976 3709 alienus
1027 3654 1191 3709 fuerit
1229 3655 1461 3710 BaSilius
1489 3655 1558 3710 ab
1589 3670 1651 3709 ea
1698 3671 1778 3710 1³8-
1878 3666 2037 3719 luisse
2082 3679 2200 3717 eum
2257 3664 2572 3716 monachum
2623 3677 2754 3728 esse,
2791 3676 2952 3730 quam
3013 3659 3289 3712 swcularis
3334 3660 3455 3712 vita:

224 3744 481 3811 missione,
513 3762 608 3801 seu
661 3747 842 3814 potius
879 3746 1258 3811 dissolutione,
1295 3762 1416 3816 qua:
1456 3747 1528 3800 illi
1560 3745 1775 3816 aliingi-
1878 3769 2170 3824 sequacem,
2205 3767 2483 3821 pauperem
2511 3767 2667 3815 quam
2709 3749 3032 3818 opulentum,
3087 3762 3191 3799 non
3233 3748 3297 3798 de
3333 3763 3448 3798 mo-

225 3843 318 3899 tur,
355 3850 417 3890 ex
470 3838 573 3892 hoc
622 3835 871 3892 Cassiani
937 3836 1247 3892 testimonio
1298 3835 1718 3905 perSpicitur(c)

1944 3847 2082 3898 :stica
2124 3844 2332 3912 proprie
2371 3841 2696 3910 professione
2735 3840 3022 3906 capiendus
3053 3838 3202 3890 nobis
3235 3849 3332 3900 est,
3363 3837 3452 3888 sed

223 3922 404 3979 Fertur
435 3929 714 3993 sententia,
747 3927 943 3997 inquit,
979 3929 1158 3982 sancti
1190 3926 1382 3981 Basilii
1430 3926 1731 3982 (Iterat-iens

1973 3937 2080 3988 vita
2111 3933 2457 3988 swcularibus
2509 3931 2650 3984 curis
2689 3930 2955 3997 expedita,
2993 3938 3041 3982 et
3087 3928 3149 3980 de
3199 3927 3453 3994 frequenti

223 4019 452 4087 episcopi,
479 4021 548 4074 ad
580 4021 861 4090 quemdam
889 4019 1098 4088 prolata
1141 4018 1485 4090 Syncletium,
1527 4019 1624 4072 tali
1670 4034 1773 4088 quo
1879 4027 1944 4080 ab
1973 4025 2192 4078 urbibus
2218 4040 2446 4078 secessu.
2483 4021 2660 4090 Longe
2697 4023 2919 4074 aberrat
2946 4018 3290 4074 doctissimus
3317 4019 3457 4070 scri-

225 4112 436 4165 diximus
478 4123 655 4181 tepore
699 4123 1023 4180 torpentem:
1050 4113 1141 4183 qui
1185 4129 1305 4166 cum
1358 4129 1411 4166 se
1452 4113 1778 4166 renuntiasse
1880 4129 2002 4188 ptor
2034 4119 2102 4173 ab
2141 4117 2298 4184 hujus
2333 4115 2626 4172 testimonii
2668 4112 2959 4175 sententia,
2982 4113 3123 4180 quod
3154 4126 3274 4164 cum
3306 4109 3454 4161 Dasio

229 4204 398 4258 diceret
435 4207 556 4258 huic
583 4207 805 4269 mundo,
841 4207 1084 4274 quaedam
1113 4205 1212 4258 sibi
1238 4206 1300 4258 de
1334 4205 1564 4274 prapriis
1599 4203 1774 4271 facul-
1883 4209 1934 4260 lii
1971 4209 2131 4262 rebus
2175 4207 2346 4261 lucem
2377 4204 2573 4260 all‘erre
2621 4204 2812 4273 possit,
2837 4202 2998 4271 paulo
3030 4198 3336 4254 accuratius
3370 4198 3452 4250 in-

229 4294 403 4348 tatibus
431 4297 736 4358 reservavit,
775 4295 955 4348 nolens
999 4294 1245 4347 exercitio
1278 4308 1531 4344 manuum
1557 4306 1775 4344 suarum
1883 4300 2248 4367 vesiigandum
2280 4297 2432 4352 nobis
2467 4305 2570 4351 est,

226 4388 510 4451 sustentari,
539 4396 589 4440 et
621 4386 980 4439 humilitatem
1011 4399 1186 4438 veram
1236 4382 1476 4434 nuditate
1514 4391 1562 4434 et
1605 4397 1729 4448 oper

1956 4391 2206 4461 Gregorii
2252 4390 2438 4454 verba,
2471 4403 2592 4457 qum
2624 4402 2805 4440 meum
2859 4384 3103 4439 fecerunt
3131 4379 3452 4436 Thomassi-

227 4479 528 4545 contritione,
546 4477 958 4546 monasteriique
992 4475 1310 4545 subjectione
1335 4473 1676 4541 conquirere:
1712 4470 1735 4524 Ι

1948 4508 1974 4550 μ,
2004 4501 2069 4538 ex
2102 4484 2342 4538 carmine
2388 4483 2562 4551 primo
2608 4482 2887 4546 desumpta
2948 4485 3094 4538 sunt,
3129 4474 3218 4528 ubi
3269 4481 3456 4526 narrat

227 4578 512 4630 senatorem,
537 4570 729 4639 inquit,
759 4567 1009 4637 Syncleti,
1043 4565 1334 4634 perdidisti,
1381 4572 1432 4618 et
1468 4561 1777 4616 monachum
1815 4561 1837 4564 ⁷
1888 4575 2190 4645 Theologus
2253 4575 2378 4634 sibi,
2425 4582 2546 4640 post
2594 4581 2810 4640 captum
2864 4583 2894 4622 a
2950 4581 3115 4623 Carne
3171 4565 3457 4621 recedendi

228 4676 316 4713 που
342 4662 524 4730 lem“.
1888 4669 2198 4731 consilium,
2248 4665 2516 4720 diﬂicilem
2565 4664 2821 4718 incidisse
2879 4659 3349 4722 deliberationem,
3389 4671 3457 4710 cx.

286 4752 366 4806 ΙΙΙ.
395 4753 524 4809 lllud
557 4764 742 4808 autem
771 4751 1189 4807 Thomassinum
1220 4748 1272 4802 in
1296 4762 1538 4804 errorem
1565 4746 1778 4801 videtur
1889 4762 2100 4817 duabus
2127 4761 2230 4814 viis
2276 4759 2384 4812 Deo
2417 4758 2586 4829 graus
2635 4770 2880 4825 quamam
2918 4763 3063 4806 esse;
3091 4749 3457 4821 ρτωειειηιίοτ,

228 4843 543 4910 potissimum
588 4845 894 4904 induxisse.
919 4842 1064 4912 quod
1104 4840 1386 4904 Basilium,
1427 4838 1736 4908 Gregoriun

1947 4869 2053 4922 que
2095 4853 2246 4906 initis
2288 4849 2681 4918 subductisque
2721 4847 3025 4901 rationibus
3055 4843 3136 4898 sic
3165 4843 3306 4912 apud
3330 4841 3451 4894 ani-

231 4929 466 4990 Joannem
509 4936 960 5006 Chrysostomum
1013 4941 1070 4987 et
1121 4930 1256 4985 alios
1311 4929 1577 4997 ejusmodi
1630 4928 1774 4980 nulla
1884 4962 2031 5001 mum
2060 4947 2351 5001 statuisse;

229 5020 537 5088 professione
563 5023 886 5078 nominatim
916 5019 1212 5075 obstrictos
1246 5017 1420 5071 fuisse
1463 5015 1776 5077 crediderit,

2089 3342 2268 3397 Media
2303 3345 2437 3394 inter
2466 3341 2604 3405 illos,
2633 3342 2827 3409 hosque
2862 3338 3084 3406 procella
3113 3338 3218 3399 via,

1950 3413 2214 3468 Meditans
2261 3425 2314 3465 ut
2346 3413 2452 3474 isti,
2486 3405 2818 3464 commodum
2853 3405 3067 3461 illorum
3098 3405 3354 3460 wmulans

233 5113 316 5168 sed
341 5114 633 5168 voluntaria
663 5114 864 5182 pietate
905 5110 1219 5180 perfecisse,
1254 5123 1375 5178 qute
1405 5106 1653 5161 monachi
1686 5109 1736 5158 in

1641 5106 1653 5158 i
1686 5109 1779 5158 im-
1985 5102 2311 5182 Iliso-qvam):
2328 5097 2490 5173 ἦλθον
2517 5099 2740 5179 ῥιζύγῳν
2766 5097 2865 5182 grai
2885 5095 3147 5182 ‘ptyo't'o‘wy

234 5162 316 5168 ___
352 5162 633 5168 _--__-m__
664 5162 860 5182 rw"
1271 5162 1286 5178 ,
1357 5162 1362 5164 ν

234 5205 386 5272 posita
412 5217 658 5262 votorum
701 5204 1023 5259 necessitate
1051 5202 1344 5258 faciebant.
1380 5198 1494 5254 Non
1523 5198 1742 5253 illusisse

1988 5173 2108 5226 Τῶν
2130 5162 2236 5242 ’μὲν
2265 5172 2325 5224 τὸ
2353 5162 2596 5225 δυννοῦνν.
2627 5162 2735 5222 ’ἐῶν
2761 5169 2818 5221 δὲ
2850 5162 2917 5218 τὸ
2940 5163 3174 5237 χρηστὸν
3217 5162 3418 5235 φέρων.

238 5309 370 5350 error
389 5296 701 5352 doctissimo
741 5293 1021 5364 scriptori,
1055 5294 1099 5348 si
1130 5293 1358 5362 legisset
1387 5289 1645 5345 attentius
1684 5289 1777 5342 de-
1989 5307 2219 5362 δημίων
2259 5315 2460 5358 unum,
2491 5305 2630 5357 εηιεν
2654 5313 2808 5372 mque
2831 5315 3088 5369 mgna“,

239 5387 410 5444 timum
442 5406 640 5446 nonum
663 5389 843 5445 Basilii
877 5401 1138 5446 cauonem
1167 5384 1267 5456 (ά).
1309 5382 1560 5438 Virorum
1588 5389 1764 5436 autem
1992 5377 2235 5432 Meditari
2262 5387 2317 5429 ut
2343 5377 2419 5439 hi,
2457 5376 2705 5444 prodesse
2730 5385 2782 5426 ut
2809 5372 2885 5424 illi
2911 5373 3170 5440 cogitans.

298 5619 366 5690 (ιι)
398 5619 500 5690 Vit.
533 5621 700 5674 Macr.
728 5637 779 5689 p.
813 5620 934 5674 19‘2.

813 5620 934 5674 192.
1959 5611 2034 5690 (ά)
2063 5610 2162 5690 βρ.
2200 5608 2321 5664 199.

298 5677 364 5758 (bl
391 5689 564 5759 Εμδῖ
593 5705 646 5745 ει
673 5677 762 5744 δέ·
1053 5755 1067 5759 Α
1963 5677 2026 5751 (ej
2053 5677 2312 5749 Interrog.
2346 5677 2432 5732 M.

301 5755 363 5829 (ς)
393 5755 620 5816 Institut.
663 5763 754 5819 lib.
793 5776 888 5830 vn,
924 5775 975 5815 c.
1010 5755 1073 5815 19
