3820 6210
392 338 535 377 XVIII

1732 317 1910 372 PROL
1919 317 1997 372 EG
2006 316 2262 373 OMENA.

390 442 534 494 Cum
562 451 625 491 ex
659 437 743 492 his
782 451 901 508 quae.
947 436 1259 507 praecedunt
1292 444 1349 489 et
1392 444 1715 504 sequuntur,
1748 444 1860 488 tum
1902 449 1965 488 ex
2001 443 2047 496 Α
2074 434 2394 497 accuratius.
2438 432 2581 488 Idem
2634 433 2924 489 discrimen
2982 435 3300 490 observatur
3348 435 3400 488 in
3440 434 3661 489 oratio-

394 529 647 598 .pluribus
678 528 799 581 aliis
828 526 1076 597 Gregorii
1124 526 1260 581 locis
1307 527 1785 581 demonstrandum
1820 527 1975 581 nobis

398 628 485 672 est
519 618 756 687 ἀζύγους
798 619 937 681 illos,
970 618 1021 673 id
1064 626 1148 671 est
1197 617 1402 672 solutos
1443 626 1497 672 et
1540 616 1649 686 iugi
1701 627 1972 686 expertes,

401 710 767 764 anachoretas
800 706 967 761 fuisse
993 707 1107 761 sive
1132 706 1378 761 homines
1407 704 1848 775 contemplationi
1878 705 1973 759 de-

398 800 570 866 ditos,
605 799 842 867 migades
887 812 1038 862 vero,
1071 809 1285 851 ascetas
1317 796 1369 849 in
1400 795 1622 862 agendis
1679 795 1840 849 rebus
1879 808 1976 849 oc-

400 900 671 959 cupatos:
704 902 800 941 nec
834 886 1155 955 Gregorium
1193 886 1529 941 deliberasse
1573 893 1751 938 utrum
1786 899 1979 938 mona-

410 978 601 1032 sticam
642 976 827 1039 vitam,
862 991 930 1029 an
980 975 1272 1029 saeculares
1321 974 1586 1028 tumultus
1621 973 1978 1043 amplectere-

404 1079 522 1131 .tur,
552 1068 644 1121 sed
693 1082 761 1123 ex
810 1067 1020 1120 duobus
1066 1074 1370 1119 ascetarum
1399 1064 1712 1133 generibus,
1745 1078 1977 1132 quorum

403 1160 505 1213 alii
549 1158 1018 1227 contemplationi,
1073 1157 1162 1212 alii
1206 1156 1411 1212 actioni
1468 1165 1614 1211 totos
1660 1169 1720 1210 se
1759 1155 1977 1221 dabant,

404 1261 591 1306 .utrum
606 1261 956 1320 sequeretur.

481 1343 627 1397 Luce
663 1344 863 1397 clarius
900 1352 982 1397 est
1030 1339 1266 1409 ἀζύγους
1306 1349 1363 1395 et
1406 1340 1651 1411 migades
1681 1341 1787 1395 duo
1814 1338 1983 1395 fuisse

413 1437 659 1492 instituta
698 1436 975 1489 hominum
1008 1435 1118 1488 Deo
1169 1443 1629 1489 consecralorum.
1671 1433 1807 1488 Nam
1855 1449 1983 1488 cum

400 1526 713 1594 Gregorius
737 1525 1069 1582 deliberaret
1097 1535 1278 1579 utrum
1300 1526 1548 1595 eligeret,
1572 1525 1684 1594 jam
1715 1534 1985 1580 statuerat

414 1634 537 1673 sese
563 1619 673 1672 Deo
712 1630 1056 1685 consecrare,
1092 1626 1150 1671 ut
1181 1632 1251 1671 ex
1283 1618 1367 1673 his
1401 1618 1581 1673 verbis
1618 1618 1851 1687 perspici
1887 1631 1985 1686 po-

418 1720 522 1765 [CSl
550 1727 564 1764 Ξ

522 1824 767 1876 Animum
793 1830 1050 1888 premebat
1077 1837 1197 1874 nam
1224 1837 1394 1890 gravis
1418 1822 1563 1874 turbo
1592 1836 1761 1873 meum

516 1894 659 1947 Dum
685 1908 860 1961 quwro
884 1895 1079 1961 primos
1109 1893 1162 1943 in
1193 1894 1339 1943 bonis
1364 1894 1612 1961 quidnam
1647 1895 1804 1959 ['erat.

521 1965 565 2015 A
607 1980 759 2015 carne
793 1964 990 2014 dudum
1018 1962 1221 2028 longius
1256 1966 1490 2014 recedere

523 2034 790 2086 Statutum
823 2031 1091 2091 habebam,
1122 2043 1343 2097 tuncque
1372 2032 1624 2098 [innabar
1657 2030 1847 2099 magis.

519 2103 587 2153 At
615 2102 863 2169 cogitanti
892 2102 955 2153 de
981 2101 1077 2151 viis
1108 2101 1267 2167 gratis
1296 2099 1429 2163 Deo,

522 2172 956 2224 Prwstantiorem
978 2178 1228 2223 nouerat
1254 2180 1547 2237 promptum
1573 2169 1701 2222 mihi

522 2239 783 2308 Reperire.

488 2349 738 2403 Haerebat
787 2364 914 2419 ergo
952 2349 1247 2419 Gregorius
1288 2364 1397 2402 non
1438 2349 1578 2403 inter
1622 2350 1979 2406 monasticam

412 2454 478 2496 .et
509 2442 823 2495 saecularem
865 2444 1055 2507 vitam,
1078 2440 1183 2495 sed
1205 2441 1362 2494 .inter
1396 2442 1836 2495 anachoreticam
1868 2443 1981 2496 sive

429 2532 905 2600 contemplativam
947 2541 1002 2584 et
1054 2540 1355 2585 actuosam.
1384 2530 1527 2597 Quos
1575 2532 1717 2586 enim
1747 2532 1985 2600 ἀζύγους

422 2634 601 2690 vocat,
657 2640 843 2679 eorum
901 2623 1132 2678 instituti
1186 2625 1429 2691 exempla
1476 2640 1543 2677 ex
1592 2623 1707 2678 Elia
1756 2634 1811 2679 et
1864 2625 1987 2678 ﬁliis

408 2716 661 2771 .Joaadab
685 2714 969 2770 etloanne
992 2714 1232 2783 Baptista
1260 2714 1472 2783 repetit.
1492 2714 1821 2768 Retrahebat
1841 2714 1985 2769 illum

426 2812 493 2865 ab
524 2810 627 2863 hac
657 2809 767 2862 vita
791 2808 1103 2862 litterarum
1147 2823 1426 2863 sacrarum
1475 2821 1648 2870 amor,
1680 2807 1873 2874 quibus
1903 2822 1992 2860 ex-

426 2904 669 2958 colendis
700 2920 804 2958 non
828 2903 990 2958 .valde
1031 2904 1309 2973 appositus
1337 2918 1553 2958 eremus
1582 2922 1595 2957 :
1630 2903 1865 2973 illudque
1896 2904 1983 2957 in-

424 2994 694 3047 commodi
720 2994 787 3047 .in
837 2994 1443 3063 eiustnodibominibus
1483 2994 1813 3061 reperiebat,
1845 2995 1988 3062 quod

416 3082 651 3137 multum
700 3084 1054 3152 sibimetipsis
1100 3083 1440 3152 prodessent,
1497 3091 1554 3136 at
1609 3083 1728 3137 aliis
1788 3097 1991 3151 nequa-

424 3189 608 3242 quam.
644 3171 770 3227 Hmc
802 3174 1044 3241 profecto
1082 3172 1533 3227 anachorelarum
1568 3182 1624 3226 et
1659 3174 1990 3242 contempla-

429 3265 557 3319 tioni
593 3265 897 3318 deditorum
948 3263 1227 3318 hominum
1276 3264 1492 3333 propria
1529 3272 1677 3326 sunt,
1706 3280 1843 3332 quos
1876 3279 1984 3319 me-

426 3355 535 3413 rito
566 3364 722 3409 vocat
751 3353 1006 3422 ἀζύγους,
1039 3366 1097 3409 ιιι
1123 3357 1215 3423 qui
1246 3357 1311 3407 ab
1346 3354 1494 3409 omni
1529 3353 1657 3423 jugo
1692 3355 1865 3418 liberi,
1894 3370 1994 3410 nec

417 3445 552 3499 .nllis
574 3460 790 3513 prorsus
816 3447 1042 3499 vinculis
1083 3445 1293 3499 astricti
1343 3453 1543 3499 essent.
1581 3446 1733 3511 Quod
1782 3454 1992 3514 spectat

414 3535 493 3587 .ad
526 3535 781 3602 migades,
810 3535 924 3588 sive
965 3550 1062 3589 eos
1094 3535 1186 3603 qui
1220 3549 1343 3588 cum
1384 3536 1505 3591 aliis
1537 3534 1853 3599 miscentur,
1879 3550 1986 3588 non

428 3624 660 3677 tullicilis
688 3634 769 3676 est
808 3625 1199 3691 interpretatio.
1235 3623 1361 3679 lllos
1400 3625 1545 3678 enim
1590 3625 1789 3679 ibidem
1835 3634 1993 3679 vocat

428 3711 786 3784 πρακτικούς,
818 3715 869 3767 id
900 3724 983 3767 est
1019 3724 1293 3777 actuosos,
1323 3728 1523 3782 eosque
1551 3713 1843 3783 plurimum
1875 3714 1995 3767 aliis

428 3806 704 3873 prodesse,
751 3813 805 3857 at
864 3804 915 3857 in
964 3805 1175 3871 magnis
1231 3804 1547 3857 tumultibus
1580 3803 1789 3856 versari
1842 3804 1991 3857 dicit.

429 3898 606 3961 Quare
639 3896 867 3951 mediam
901 3896 1040 3949 inter
1066 3907 1326 3963 utrosque
1354 3898 1499 3949 viam
1531 3906 1748 3949 secutus
1778 3904 1882 3960 est,
1906 3893 1996 3948 vel

418 3989 610 4057 potius
643 3998 928 4057 utrumque
959 3988 1261 4041 institutum
1314 3986 1477 4040 simul
1519 3985 1824 4053 conjunxit,
1851 3995 1910 4038 ut
1941 3994 1999 4039 et

428 4082 732 4135 litterarum
772 4094 1051 4134 sacrarum
1100 4079 1296 4133 studiis
1328 4088 1384 4132 et
1411 4077 1655 4132 fovendae
1700 4086 1993 4147 parentqu

424 4173 723 4226 senectutis
742 4169 915 4225 ollicio
941 4170 1302 4225 satisfaceret.

417 4296 421 4315 .
502 4264 658 4333 Saepe
689 4264 822 4317 alias
862 4266 928 4317 de
963 4263 1157 4317 iisdem
1188 4262 1490 4329 migadibus
1534 4264 1644 4330 agit
1677 4260 1995 4332 Gregorius,

432 4370 499 4409 ac
520 4356 731 4425 ubique
764 4356 818 4409 in
867 4370 985 4410 eam
1028 4370 1188 4425 quant
1233 4355 1470 4411 diximus
1528 4356 1871 4409 sententiam.
1908 4353 1999 4408 Sic

2079 542 2145 581 ne
2170 527 2232 581 9.1
2268 545 2280 580 :
2313 530 2375 580 Οί
2423 527 2701 597 μοναδικώ⁵
2729 529 2821 580 καὶ
2852 528 3098 597 μιγάδες,
3122 531 3168 581 oi
3217 531 3315 599 τῆς
3346 527 3662 597 ἁπλότητος

2077 617 2169 671 καὶ
2211 620 2313 689 τῆς
2358 619 2661 691 ἀκριϐείας,
2690 619 2804 671 ὅσοι
2834 620 2931 689 τῆς
2975 619 3206 688 Θεωρίας
3251 619 3344 672 καὶ
3390 620 3505 671 ὅσοι
3546 619 3666 687 τῆς

2079 708 2352 779 πράξεως.
2410 708 2661 763 Solitarii
2694 720 2743 762 et
2774 711 3026 777 migades,
3069 710 3155 777 qui
3186 709 3487 776 simpliciter
3521 709 3665 759 vivi-

2078 800 2166 863 tis,
2197 810 2243 851 et
2274 801 2363 868 qui
2391 808 2669 864 accurate;
2694 800 2782 857 qui
2812 798 3254 867 contemplationi,
3282 809 3328 851 et
3359 798 3447 867 qui
3479 798 3661 849 actio-

2080 890 2135 943 ni
2162 906 2252 943 vos
2288 891 2447 942 datis.

2151 981 2276 1035 Hac
2306 992 2479 1035 autem
2511 982 2697 1046 verba,
2726 983 2777 1033 οἱ
2829 982 3113 1052 μοναδικοι
3156 979 3249 1031 καὶ
3292 978 3534 1049 μιγάδες,
3568 978 3663 1031 sic

2083 1075 2255 1128 reddit
2298 1074 2503 1135 Billius,
2539 1075 2781 1127 monachi
2824 1085 2871 1127 et
2898 1075 2950 1126 in
2990 1073 3239 1125 sodalitio
3296 1073 3538 1124 viventes.
3578 1073 3662 1122 At

2081 1164 2329 1238 profecto
2368 1166 2638 1233 migadum
2687 1165 2903 1219 nomine
2935 1179 3039 1217 non
3077 1163 3326 1229 intelligit
3352 1161 3667 1229 Gregorius

2082 1258 2401 1313 caanobitas.
2443 1256 2576 1309 Nam
2609 1256 2892 1311 cmnobita:
2924 1256 3152 1309 mediam
3186 1255 3332 1308 illam
3372 1254 3514 1306 viam
3561 1254 3655 1306 in-

2086 1358 2169 1401 ter
2202 1350 2557 1401 anachoretas
2609 1356 2664 1400 et
2705 1346 2949 1416 migades
2998 1348 3272 1410 tenebant,
3316 1362 3474 1413 quam
3537 1346 3667 1413 ipse

2084 1437 2376 1508 Gregorius
2404 1439 2733 1506 sequendam
2776 1438 2879 1490 sibi
2914 1452 3033 1491 esse
3073 1437 3252 1491 duxit.
3289 1435 3441 1490 Unde
3469 1437 3522 1489 in
3552 1450 3656 1488 ea-

2086 1530 2206 1583 dem
2237 1529 2485 1583 oratione
2521 1530 2599 1581 ait
2645 1527 2945 1582 caanobitas
2990 1528 3043 1579 in
3091 1525 3323 1595 Egypto
3350 1524 3507 1578 simul
3530 1539 3664 1578 esse

2085 1622 2338 1679 eremitas
2365 1629 2424 1675 et
2463 1621 2724 1689 migades.
2770 1618 2889 1672 Duo
2934 1619 3077 1672 enim
3121 1618 3406 1687 distinguit
3460 1632 3659 1670 mona-

2089 1690 2311 1765 chorum
2345 1725 2540 1779 genera
2569 1711 2620 1763 in
2658 1708 2948 1763 solitudine
2975 1708 3269 1761 viventium
3297 1726 3310 1760 ε
3343 1707 3405 1759 0t
3432 1706 3531 1776 μὲν
3560 1706 3665 1759 τὸν

2018 1777 2061 1831 Β
2087 1802 2265 1870 πάντη
2300 1777 2581 1872 μοναδικόν
2625 1817 2685 1852 τε
2740 1800 2834 1852 καὶ
2887 1799 3117 1868 ἄμικτον
3147 1797 3484 1859 διαθλοῖδντες
3516 1796 3659 1867 βίον,

2085 1897 2296 1957 ἑαυτοῖς
2330 1895 2505 1965 μόνοις
2530 1891 2954 1963 προσλαλοῦντες
2977 1893 3070 1943 καὶ
3091 1890 3169 1960 τῷ
3210 1889 3345 1959 Θεῷ,
3380 1890 3474 1941 καὶ
3496 1888 3669 1941 τοῦτο

2090 1985 2248 2055 μόνον
2285 1984 2488 2053 κόσμον
2528 1983 2746 2049 εἰδότες,
2778 1984 2900 2035 ὅσον
2942 1983 3001 2034 ἐν
3027 1984 3094 2052 τῇ
3124 1980 3327 2051 ἐρημίᾳ
3354 1977 3662 2049 γνωρίζου-

2087 2074 2279 2127 σιν.οἱ
2336 2072 2393 2123 δὲ
2447 2072 2609 2141 νόμον
2657 2071 2877 2141 ἀγάπης
2907 2073 2971 2141 τῇ
3029 2069 3281 2139 κοινωνίᾳ
3312 2068 3664 2137 στέργοντες,

2087 2165 2341 2238 ἐρημικοί
2388 2182 2447 2218 τε
2492 2164 2629 2234 epos
2676 2164 2770 2216 καὶ
2811 2162 3051 2232 μιγάδες.
3099 2160 3334 2226 Quorum
3377 2160 3470 2213 alii
3493 2160 3667 2212 vitam

2085 2273 2300 2325 pronus
2333 2255 2649 2320 solitariam,
2682 2263 2729 2307 et
2773 2253 2837 2306 ab
2885 2255 3151 2306 hominum
3189 2252 3434 2305 societate
3479 2267 3668 2303 remo—

2091 2361 2197 2405 tam
2252 2360 2432 2419 agunt,
2495 2349 2575 2401 sui
2625 2348 2860 2415 ipsorum
2918 2356 3124 2397 tantum
3185 2354 3230 2398 et
3264 2343 3363 2397 Dei
3399 2343 3673 2410 colloquio

2093 2443 2342 2509 fruentes,
2390 2450 2545 2509 atque
2594 2440 2727 2491 hanc
2796 2438 3052 2490 duntaxat
3099 2447 3251 2492 terra:
3306 2444 3506 2503 partem
3566 2449 3673 2500 pro

2092 2534 2285 2586 mundo
2332 2532 2595 2591 habentes,
2650 2545 2808 2599 quam
2847 2529 2901 2580 in
2939 2528 3221 2581 solitudine
3266 2527 3671 2596 cognitam'ha-

2096 2626 2229 2677 bent.
2255 2623 2365 2675 Alii
2408 2632 2579 2675 autem
2609 2621 2885 2674 charitatis
2923 2620 3083 2689 legem
3117 2635 3207 2687 per
3248 2617 3674 2670 communionem

2094 2725 2139 2767 et
2180 2716 2480 2767 societatem
2543 2713 2789 2776 colentes,
2841 2711 3070 2763 solitarii
3115 2709 3270 2763 simul
3321 2718 3369 2761 et
3428 2708 3676 2776 migades

2095 2814 2238 2857 sunt.
2273 2804 2407 2857 lllud
2440 2801 2605 2856 etiam
2637 2801 2888 2853 laudatur
2928 2815 2957 2853 a
2986 2799 3251 2869 Gregorio
3276 2797 3350 2869 (a)
3381 2798 3436 2851 in
3475 2811 3671 2850 mona-

2097 2897 2213 2951 chis
2258 2895 2612 2948 Nazianzenis
2640 2908 2655 2947 :
2682 2893 2871 2963 Μέτρα
2919 2892 3020 2961 τῆς
3053 2893 3133 2954 είς
3164 2891 3226 2943 τὸ
3270 2889 3445 2942 κοινὸν
3477 2890 3677 2959 ἐπιμι-

2100 2987 2217 3053 ξίας
2242 2989 2337 3041 καὶ
2369 2987 2791 3057 ὑποχωρήσεως,
2824 2985 2921 3055 τῆς
2956 2984 3055 3055 μὲν
3086 2983 3212 3046 τοὺς
3242 2982 3432 3044 ἄλλους
3466 2980 3673 3034 παιδαρ-

2097 3079 2400 3150 γωγούσης,
2431 3080 2529 3149 τῆς
2560 3078 2615 3130 δὲ
2646 3077 2723 3147 τῷ
2753 3076 3027 3146 Πνεύματι
3062 3072 3544 3146 μυσταγωγούσης,
3574 3073 3677 3125 καὶ

2093 3174 2191 3243 τῆς
2221 3172 2320 3241 μὲν
2364 3174 2421 3224 ἐν
2472 3169 2551 3239 τῷ
2602 3168 2765 3238 κοινῷ
2794 3168 2855 3221 τὸ
2887 3169 3100 3223 άκοινον
3146 3166 3538 3237 φυλαττούσης,
3567 3167 3676 3235 τῆς

2092 3262 2151 3314 δὲ
2178 3263 2237 3313 ἐν
2282 3259 2361 3331 τῷ
2406 3260 2621 3331 ἀμίκτῳ
2652 3260 2712 3312 τὸ
2756 3259 3073 3328 φιλάδελφον
3123 3260 3217 3312 καὶ
3264 3259 3673 3330 φιλάνθρωπον.

2098 3357 2287 3411 Modus
2323 3366 2434 3409 tant
2479 3360 2535 3409 in
2582 3372 2854 3409 commune
2881 3356 3192 3423 prodeundi,
3226 3364 3335 3408 tum
3364 3356 3671 3418 secedendi,

2095 3450 2248 3513 illud,
2306 3448 2374 3500 ad
2427 3447 2559 3500 alios
2606 3448 2975 3512 instituendos,
3029 3446 3145 3509 hoc,
3179 3455 3233 3497 ut
3280 3446 3382 3512 ipsi
3436 3444 3675 3513 Spiritus

2095 3537 2355 3607 mysteriis
2380 3537 2705 3603 imbuuntur,
2744 3546 2900 3606 atque
2934 3538 3009 3588 ita
3035 3543 3331 3605 utrumque,
3358 3546 3403 3589 et
3438 3538 3492 3589 in
3520 3553 3679 3589 com-

2097 3632 2242 3683 muni
2270 3629 2605 3683 solitudinem
2635 3640 2856 3692 servent,
2887 3638 2933 3681 et
2972 3629 3027 3681 in
3054 3629 3340 3682 solitudine
3379 3628 3674 3694 fraternam

2100 3721 2508 3773 benevolentiam
2550 3728 2597 3771 et
2652 3721 2982 3771 charitatem.
3041 3719 3295 3785 Quamvis
3328 3734 3455 3788 ergo
3495 3720 3677 3788 miga-

2100 3814 2195 3865 des
2218 3812 2380 3864 iidem
2416 3810 2686 3863 interdum
2722 3812 2834 3864 sint
2880 3811 3021 3878 apud
3056 3810 3341 3864 nonnullos
3376 3809 3676 3878 scriptorcs

2099 3918 2163 3957 ac
2192 3903 2497 3967 coenobitae,
2530 3912 2584 3954 at
2612 3912 2761 3956 certe
2792 3902 3052 3970 Gregorio
3080 3917 3185 3956 non
3217 3911 3393 3971 potest
3434 3901 3548 3954 haec
3583 3901 3674 3953 in-

2102 3995 2413 4060 terpretatio
2437 3989 2644 4060 'alIingi,
2678 3992 2847 4061 quiin
2877 3992 3161 4046 coenobitis
3196 3993 3465 4060 migadum
3497 3992 3672 4045 vitam

2101 4100 2221 4138 cum
2280 4085 2734 4138 anachoretarum
2792 4085 3041 4138 instituto
3117 4084 3367 4153 conjungi
3429 4082 3675 4138 volebat.

2100 4177 2240 4241 Quin
2290 4176 2454 4230 etiam
2491 4175 2787 4228 Maximum
2840 4176 3241 4245 philosophum,
3283 4177 3375 4245 qui
3423 4176 3675 4245 profecto

2102 4267 2370 4322 ctenobita
2400 4282 2505 4321 non
2539 4277 2677 4333 erat,
2706 4267 2800 4320 sed
2831 4267 3012 4335 potius
3041 4282 3166 4321 erro
3195 4268 3411 4336 quidam
3439 4275 3492 4320 et
3519 4264 3673 4334 fugi-

2103 4360 2263 4425 tivus,
2288 4359 2435 4412 inter
2452 4359 2692 4427 migades
2718 4367 2966 4412 numerat.
2988 4358 3085 4427 (b).
3115 4357 3267 4412 Hunc
3288 4358 3431 4412 enim
3460 4358 3671 4422 laudat,

429 4447 667 4514 loquitur
698 4446 753 4500 in
788 4447 1037 4500 oratione
1076 4446 1103 4499 1
1132 4462 1148 4498 :
1174 4444 1293 4498 Κᾶν
1334 4445 1415 4497 ἔτι
1450 4444 1689 4515 ἀκριϐῶς
1714 4446 1988 4515 ἐξετάσῃς,

2102 4451 2243 4520 quod
2279 4450 2340 4501 τὸ
2370 4449 2685 4503 κοινωνικὸν
2712 4451 2807 4503 καὶ
2846 4450 3155 4519 ἐπίμικτον,
3181 4450 3499 4514 institutum,
3529 4451 3674 4515 quod

427 4539 551 4590 ὅσον
581 4536 642 4589 τὸ
673 4536 833 4605 μέσον
856 4534 965 4589 τῶν
992 4537 1050 4589 ἐν
1076 4535 1356 4603 συζυγίαις
1382 4536 1515 4606 πρὸς
1540 4537 1667 4599 τοὺς
1712 4536 1996 4604 ἁγάμους;

427 4628 549 4682 Κᾶν
582 4625 791 4689 τούτοις
832 4626 1013 4690 πάλιν,
1040 4626 1147 4681 τῶν
1179 4629 1278 4697 τῆς
1309 4630 1540 4700 ἐρημίας
1564 4628 1697 4699 πρὸς
1730 4630 1856 4691 τοὺς
1882 4648 1997 4683 κοι-

428 4719 687 4781 νωνικοὺς
718 4718 813 4770 καὶ
850 4718 1081 4787 μιγάδας
1102 4735 1115 4748 ·
1140 4719 1248 4771 τῶν
1273 4720 1652 4790 ἐξητασμὲνων
1695 4722 1788 4773 καὶ
1817 4721 1998 4774 διαϐε-

428 4812 763 4882 ϐηκότωνιὲν
798 4808 1020 4881 θεωρίᾳ,
1062 4810 1199 4881 πρὸς
1245 4814 1371 4874 τοὺς
1405 4812 1590 4876 ἁπλῶς
1638 4813 1997 4869 κατευθύνον-

425 4920 547 4967 τας.
587 4904 737 4969 Quod
765 4904 809 4956 si
846 4906 1147 4957 accuratius
1180 4920 1286 4956 rem
1309 4906 1594 4971 expendas,
1624 4916 1880 4974 quantum
1909 4910 1994 4962 in—

429 4993 705 5049 tervallum
739 4995 873 5046 inter
912 4993 1219 5062 conjugatos
1250 5005 1296 5046 et
1320 4994 1563 5049 cwlibes?
1596 4995 1678 5048 Ea:
1702 4996 1782 5049 his
1815 5014 1998 5049 rursus

426 5096 685 5156 quantum
708 5089 843 5138 inter
863 5102 948 5137 eos
983 5088 1071 5154 qui
1098 5102 1150 5138 tn
1173 5101 1347 5137 eremo
1387 5098 1683 5150 versantur,
1716 5099 1761 5140 et
1792 5105 1877 5140 eos
1906 5089 1997 5157 qui

429 5194 727 5231 communes
767 5187 885 5230 sunt
925 5195 986 5229 ac
1033 5178 1299 5246 migades:
1349 5162 1485 5229 inter
1507 5194 1593 5230 eos
1624 5182 1712 5247 qui
1751 5184 1998 5232 accurate

430 5271 622 5337 degunt
656 5281 701 5323 et
742 5271 797 5322 in
845 5270 1278 5337 contemplatione
1318 5270 1669 5337 profecerunt,
1698 5281 1746 5324 et
1793 5288 1877 5325 eos
1906 5275 1996 5341 qui

431 5363 736 5429 simpliciter
764 5375 958 5415 rectam
996 5362 1135 5414 viam
1174 5361 1377 5413 ineunt.
1420 5359 1659 5427 Migades
1695 5377 1824 5430 ergo
1855 5364 1996 5417 inter

431 5453 652 5507 caelibes
684 5464 739 5505 et
788 5453 1131 5507 continentes
1167 5461 1538 5514 recensentur,
1575 5466 1682 5504 non
1726 5466 1885 5507 secus
1930 5467 1995 5507 ac

432 5543 531 5612 ipsi
568 5546 944 5610 anachoretae;
982 5542 1075 5598 sed
1121 5543 1279 5611 primi
1313 5541 1608 5612 simplicius
1657 5544 1862 5610 vivunt,
1899 5546 1988 5600 isti

506 5658 582 5727 (a)
617 5658 708 5712 Or.
750 5660 837 5712 12.

498 5731 578 5800 .(b)
617 5731 711 5784 ΟΡ.
741 5730 829 5783 Ξὸ.

2086 4544 2410 4596 °societatem
2449 4544 2571 4594 colit
2622 4554 2668 4595 et
2696 4542 3059 4609 permiscetur,
3086 4543 3376 4598 eremitica:
3406 4553 3459 4598 et
3484 4543 3676 4598 solita-

2107 4636 2197 4687 riae
2236 4636 2357 4688 vita:
2384 4636 2697 4703 praetulerit.

2176 4728 2236 4782 γ.
2274 4726 2399 4781 Haec
2440 4728 2679 4795 pluribus
2717 4727 2996 4781 referenda
3040 4727 3324 4793 duximus,
3380 4736 3438 4781 ut
3491 4737 3544 4783 et
3602 4729 3673 4783 de

2101 4818 2360 4889 Gregorio
2389 4829 2445 4873 et
2482 4820 2548 4873 de
2578 4818 2773 4872 Basilio
2804 4820 3086 4883 sciremus,
3114 4819 3381 4888 quodnam
3417 4819 3539 4872 vitae
3571 4835 3669 4889 ge-

2105 4924 2204 4963 nus
2236 4909 2372 4962 alter
2400 4909 2639 4977 elegerit,
2678 4909 2813 4962 alter
2854 4910 3291 4962 in’monasteriis
3316 4911 3429 4961 suis
3462 4910 3671 4963 consti-

2104 4998 2287 5051 tuerit.
2314 4996 2444 5049 Nam
2481 4998 2711 5052 medium
2747 4998 2873 5051 illud
2904 4999 3043 5050 inter
3077 4997 3429 5050 anachoretas
3476 5008 3531 5051 et
3565 5001 3665 5050 ini-

2102 5091 2266 5158 gades
2294 5090 2616 5155 institutum,
2641 5092 2780 5159 quod
2804 5089 3096 5159 Gregorius
3121 5090 3254 5143 tanti
3281 5089 3533 5155 faciebat,
3556 5092 3671 5157 ipse

2103 5182 2264 5234 etiam
2316 5180 2546 5233 Basilius
2590 5182 2641 5232 in
2690 5181 3030 5235 monasteriis
3073 5184 3186 5235 suis
3235 5181 3486 5235 instituit.
3553 5182 3670 5235 Non

2094 5272 2245 5325 enim
2281 5272 2424 5325 hanc
2454 5272 2634 5325 Basilii
2663 5272 2873 5324 laudem
2906 5272 3247 5339 praetermisit
3275 5272 3588 5342 Gregorius,
3611 5283 3671 5324 ut

2104 5377 2171 5416 ex
2204 5362 2288 5415 his
2320 5362 2497 5415 verbis
2528 5363 2878 5429 perspicimus
2902 5362 2972 5429 (ε)
3010 5379 3022 5413 :
3049 5362 3154 5414 Τοῦ
3177 5364 3354 5415 τοίνυν
3402 5362 3666 5433 ἐρημικοῦ

2096 5453 2212 5522 βίου
2254 5453 2470 5505 καὶτοῦ
2509 5455 2729 5522 μιγάδος
2762 5455 3082 5524 μαχομένων
3117 5454 3250 5523 πρὸς
3294 5454 3551 5524 ἀλλήλους
3591 5455 3663 5515 ὡς

2093 5547 2162 5599 τὰ
2191 5545 2360 5597 πολλὰ
2406 5546 2497 5598 καὶ
2531 5545 2906 5615 διϊσταμένων,
2941 5547 3033 5598 καὶ
3065 5545 3342 5615 οὐδετέρου
3378 5545 3590 5607 πάντως
3628 5546 3658 5615 ἢ

2178 5664 2245 5735 (ι’)
2287 5664 2435 5716 Ot'nl.
2473 5663 2561 5717 ἓξ).
