3820 6210
1523 328 1685 382 νιΤΑ
1726 330 1782 384 S.
1826 329 2093 388 BASILII.

1911 329 2093 388 .SlLll.
3329 343 3419 386 nx

218 445 273 502 σὺ
295 441 459 510 καλὸν,
485 444 518 514 ἢ
538 442 598 496 τὸ
621 441 822 513 φαῦλον
844 443 1202 515 ἀνεπίμικτον
1229 444 1437 516 ἔχοντος
1456 463 1468 475 ·
1499 445 1634 502 ἀλλὰ
1658 449 1726 500 τοἶ

1922 449 2151 503 emiticte
2169 447 2291 503 vitm
2318 446 2631 503 commoda:
2655 447 2876 502 arcebat
2916 445 3254 500 incommoda
3278 445 3430 501 Basi-

222 537 306 608 μὲν
344 533 556 606 ἡσυχίου
605 533 707 604 μὲν
734 533 887 596 ὄντος
932 533 1151 604 μᾶλλον,
1200 534 1296 588 καὶ
1332 535 1730 606 καθεστηκότος

1939 556 2069 596 cura
2093 541 2148 594 in
2173 541 2253 595 eis
2284 539 2621 605 erudiendis;
2645 538 2802 608 cujus
2831 537 2908 591 rei
2934 535 3252 606 praeclarum
3291 535 3430 591 indi-

217 629 300 684 καὶ
336 627 449 695 Θεῷ
478 627 813 694 συνάγοντος·
839 626 937 679 οὐκ
955 625 1161 695 ἀτύφου
1178 626 1234 679 δὲ
1257 626 1344 680 διὰ
1359 627 1420 679 τὸ
1435 628 1531 696 τῆς
1549 627 1721 700 ἀρετῆ

1920 647 1995 686 tm
2019 639 2102 686 est
2123 631 2351 700 epistola
2384 640 2595 695 octava,
2626 645 2786 699 quam
2815 629 3088 698 paulisper
3109 631 3301 684 abesse
3335 645 3428 685 co-

214 719 539 772 ἀϐασάνιστον
565 717 661 770 καὶ
689 716 1018 786 ἀσύγκριτον
1044 734 1058 748 ·
1094 716 1188 771 τοῦ
1217 717 1272 770 δὲ
1306 718 1721 790 πρακτικωτέρο

1917 734 2011 779 :tus
2047 723 2285 796 scripsit,
2323 731 2381 776 ut
2415 735 2509 776 eos
2531 724 2598 776 ad
2633 721 2953 776 evertendas
2980 722 3304 776 Arianorum
3336 737 3425 776 ar-

217 813 301 882 μὲν
322 810 506 882 μᾶλλον
533 811 628 863 καὶ
652 810 1085 882 χρησιμωτέρου,
1102 810 1162 864 τὸ
1189 810 1493 884 θορυϐῶδες
1524 813 1585 866 ού
1620 813 1721 882 φεύ

1921 813 2032 866 itias
2055 811 2432 867 communiret.
2479 811 2708 865 Dubium
2753 827 2857 865 non
2900 819 2982 865 est
3028 811 3157 880 quin
3197 813 3326 866 socii
3371 821 3429 866 et

213 920 393 972 γοντες,
426 903 516 955 καὶ
541 902 764 966 τούτους
788 903 987 972 ἄριστα
1020 902 1352 974 κατήλλαξεν
1384 903 1634 974 ἀλλήλοις
1660 922 1721 957 κο

1921 905 2157 958 .itatores
2191 901 2376 958 Basilii
2408 901 2610 956 fuerint
2655 918 2776 957 cum
2823 903 2876 955 in
2919 903 3023 956 fide
3070 901 3429 964 defendenda,

212 991 572 1062 συνεκέρασεν
616 993 923 1063 ἁσκητήρια
954 992 1048 1045 καὶ
1077 994 1412 1063 μοναστήριοι
1434 993 1720 1064 δειμάμενο

1923 1011 1970 1048 ιιι
1995 996 2048 1048 in
2082 993 2204 1048 aliis
2223 993 2406 1058 rebus,
2432 1009 2567 1062 quas
2603 994 2854 1046 Ecclesiae
2880 1007 3042 1046 causa
3071 994 3238 1062 gessit
3261 993 3312 1045 in
3345 1007 3431 1047 sua

212 1083 318 1152 μὲν,
336 1082 402 1134 ού
427 1082 614 1153 uappa»
639 1082 696 1134 δὲ
718 1082 826 1136 τῶν
855 1084 1185 1138 κοινωνικῶν
1215 1085 1311 1138 καὶ
1338 1085 1603 1155 μιγάδων,
1633 1085 1720 1138 οὐδ

1917 1088 2109 1141 .udine.
2151 1086 2313 1139 Certe
2344 1099 2450 1138 non
2477 1083 2613 1137 alios
2638 1085 2906 1149 designat,
2937 1098 3058 1136 cum
3086 1083 3164 1136 ait
3196 1083 3248 1137 in
3265 1083 3425 1152 epist.

209 1170 373 1241 ὥσπερ
386 1172 564 1242 τειχίῳ
586 1171 694 1226 ’τινὶΙ
895 1172 1066 1226 ταῦτα
1093 1173 1386 1242 διαλαϐὼν,
1416 1176 1512 1228 καὶ
1539 1176 1635 1227 ἀπ’
1658 1175 1717 1228 ὰ)

1916 1211 1948 1242 ι,
1973 1194 2026 1232 ιι.
2051 1177 2107 1241 2,
2143 1191 2202 1232 se
2231 1191 2353 1233 cum
2385 1175 2567 1230 multis
2605 1175 2657 1228 in
2699 1176 2868 1243 patria
2905 1174 3075 1228 Deum
3113 1173 3424 1229 timentibus

211 1262 364 1334 λήλων
390 1263 644 1334 χωρίσας,
679 1263 816 1317 ἀλλὰ
861 1264 1088 1334 πλησίον
1123 1264 1367 1335 συνάψας
1414 1266 1506 1319 καὶ
1539 1265 1719 1330 διαζεύ

1924 1269 2212 1325 solabiliter
2246 1267 2499 1335 doluisse,
2553 1267 2696 1335 quod
2744 1265 2962 1320 Diauius
3005 1265 3250 1319 formula:
3289 1264 3432 1319 Coo-

214 1354 297 1420 ξας
315 1371 328 1384 ο
360 1355 439 1406 ἵνα
468 1357 604 1424 μήτε
626 1355 694 1408 τὸ
726 1355 1012 1425 φιλόσοφον
1045 1353 1486 1428 ἀκοινώνητονῇ,
1529 1359 1667 1429 μήτε
1696 1375 1722 1410 τ

1925 1361 2206 1430 ιηιίιιοροιί
2258 1361 2430 1414 allata:
2479 1358 2912 1428 subscripsisset.
2940 1359 3120 1428 Atque
3160 1357 3279 1412 haec
3311 1357 3433 1426 qui-

213 1444 478 1516 πρακτικὸν
499 1445 848 1514 ἀφιλόσοφον.
891 1446 1023 1499 Cum
1062 1447 1227 1515 igitur
1257 1448 1499 1500 solitaria
1543 1449 1672 1514 vita,
1711 1469 1721 1501 ι

1361 1449 1499 1500 lari“
1543 1449 1672 1514 υὶια.
1711 1458 1758 1501 ει
1860 1455 1984 1511 dem
2009 1456 2076 1508 de
2096 1454 2294 1508 Basilio
2325 1452 2549 1521 ejusque
2571 1449 2866 1519 discipulis.

123 1547 136 1556 '
214 1552 265 1587 ea
285 1551 390 1604 qua:
415 1537 657 1589 societate
692 1536 909 1604 gaudet,
939 1544 997 1588 ut
1035 1536 1319 1604 plurimum
1356 1536 1493 1590 inter
1521 1552 1575 1590 se
1599 1537 1760 1590 dissi-
1929 1546 2000 1600 At
2021 1544 2163 1600 forte
2194 1545 2260 1598 de
2292 1542 2556 1612 Gregorio
2585 1540 2820 1595 dubitari
2855 1538 3048 1608 possit,
3071 1547 3250 1593 utrum
3281 1552 3340 1592 se
3373 1537 3426 1590 in

212 1625 389 1692 derent,
424 1642 483 1678 ac
520 1635 812 1695 pugnarent
843 1643 863 1680 :
903 1638 1189 1697 neutraque
1226 1629 1458 1692 omnino,
1493 1628 1572 1683 uel
1617 1645 1720 1683 corn

1923 1637 2248 1692 onasterium
2287 1634 2574 1700 receperit.
2626 1632 2824 1686 Verum
2871 1630 3084 1686 etiamsi
3141 1631 3431 1685 asceticum

202 1718 367 1785 ιιηοάα,
408 1719 481 1773 vel
504 1718 838 1773 incommoda
868 1736 967 1773 sua
991 1737 1128 1790 pura
1167 1730 1217 1774 et
1250 1722 1481 1775 immitia
1514 1722 1759 1785 habent;
1862 1728 2163 1782 institutum
2199 1726 2252 1780 in
2284 1725 2525 1796 paternis
2558 1724 2763 1778 aedibus
2806 1722 3153 1786 excoluisset,
3201 1723 3334 1777 nihil
3382 1723 3434 1776 id

209 1823 363 1862 rerum
388 1808 477 1862 illa
499 1811 666 1880 magis
686 1811 897 1880 quidem
927 1811 1216 1881 tranquilla
1254 1821 1302 1865 et
1344 1815 1633 1882 composita
1677 1829 1759 1866 εε-
1790 1801 1833 1854 Β
1862 1819 1929 1874 de
1956 1818 2075 1886 ejus
2111 1827 2360 1872 votorum
2394 1817 2750 1887 perpetuitate
2773 1815 3107 1880 detraheret,
3139 1829 3240 1870 nec
3269 1815 3434 1870 idcir-

207 1911 295 1965 εει.
329 1900 510 1956 αειὶεο
539 1903 746 1956 animos
767 1902 1034 1972 copulare!
1063 1917 1082 1956 ἔ
1114 1912 1361 1957 celerum
1393 1905 1456 1958 ob
1480 1921 1596 1958 eam
1625 1920 1756 1958 cau-
1861 1925 1926 1966 co
1955 1909 2128 1964 videri
2161 1909 2404 1972 deberet,
2439 1917 2534 1962 aut
2571 1907 2916 1963 continentia:
2955 1906 3288 1976 professione
3337 1905 3434 1961 ob—

207 2009 304 2046 sum
329 1992 464 2062 fastu
491 2009 594 2048 non
624 2004 858 2058 careret.
890 1996 1028 2065 quod
1054 1995 1218 2050 virtus
1242 2011 1345 2050 non
1371 1995 1756 2066 explorantur.
1861 2003 2082 2057 strictus
2122 2017 2227 2057 non
2266 2001 2455 2065 fuisse,
2493 2009 2586 2054 aut
2620 2015 2726 2054 non
2765 2013 2825 2054 se
2859 1999 3109 2054 omnibus
3142 1996 3301 2051 rebus
3336 2011 3435 2066 pro
3488 2007 3496 2015 ·

208 2101 287 2138 nec
311 2087 363 2139 in
389 2088 835 2156 comparationem
862 2087 1230 2151 venireuhwc
1247 2098 1421 2142 autem
1443 2090 1613 2158 "mgis
1639 2088 1759 2158 τιυὶ-
1859 2096 2077 2151 Christo
2119 2095 2371 2149 nudasse.
2419 2094 2562 2160 Quot
2605 2093 2749 2148 enim
2792 2092 2964 2146 tribus
3005 2090 3192 2160 primis
3223 2087 3435 2144 saeculis

207 2176 312 2233 dent
339 2188 550 2234 actuosa
581 2187 629 2234 et
668 2177 820 2233 utilis
843 2187 997 2243 esset,
1037 2196 1213 2233 verum
1249 2197 1283 2234 a
1318 2181 1628 2236 tumultibus
1658 2185 1759 2237 mi-
1858 2185 2123 2254 ejusmodi
2155 2186 2316 2239 vitam
2345 2194 2472 2239 ante
2501 2192 2778 2239 exstructa
2816 2182 3142 2237 monasteria
3185 2187 3432 2248 egerunt,

207 2290 294 2328 nus
308 2273 464 2327 libera
487 2290 506 2326 :
530 2272 788 2342 prteclare
814 2286 903 2326 eas
933 2272 1070 2325 inter
1101 2288 1155 2326 se
1177 2274 1530 2328 reconciliavit
1563 2292 1626 2328 ac
1643 2291 1759 2340 pcr-
1859 2281 1926 2333 de
1980 2279 2174 2348 quibus
2214 2287 2392 2332 tamen
2429 2277 2535 2331 dici
2571 2293 2677 2331 non
2721 2283 2897 2346 potest
2937 2273 3078 2344 quod
3116 2275 3184 2328 de
3210 2273 3432 2339 Basilio,

207 2368 414 2433 miscuit,
435 2367 646 2436 pietatis
672 2367 922 2421 nimirum
939 2368 1215 2438 gymnasia
1238 2374 1287 2418 et
1313 2366 1632 2418 monasteria
1662 2381 1756 2418 ειτ-
1858 2368 2143 2439 Gregorio,
2179 2366 2386 2424 Joanne
2431 2367 2824 2438 Chrysoswmo
2868 2375 2923 2420 et
2968 2365 3088 2420 aliis
3117 2364 3435 2438 pronuntiat

212 2473 420 2526 struem,
447 2478 550 2515 non
573 2471 751 2516 tamen
775 2461 926 2527 longe
953 2461 1306 2530 discrepantia
1332 2461 1492 2516 abiis
1521 2477 1636 2530 quia
1663 2477 1752 2515 so-
1859 2459 2268 2524 Thomassinus,
2316 2461 2461 2514 nulla
2518 2475 2612 2514 eos
2657 2459 2768 2512 voti
2815 2459 3137 2513 necessitate
3182 2457 3436 2514 astrictos

206 2557 423 2608 cietatem
468 2553 672 2618 colunt,
716 2564 769 2608 et
809 2554 1219 2622 permiscentur;
1267 2569 1365 2608 nec
1427 2553 1566 2607 velut
1607 2569 1756 2607 muro
1857 2550 2068 2606 fuisse?
2107 2550 2238 2617 Quis
2266 2551 2474 2605 dubitet
2499 2550 2630 2619 quin
2656 2549 2715 2604 S.
2746 2548 3046 2618 Cyprianus
3076 2555 3335 2617 perpetuo
3355 2561 3436 2602 se-

205 2649 421 2716 quopiam
456 2645 731 2716 interjecto
767 2647 877 2701 htec
909 2647 1151 2701 instituta
1184 2647 1514 2716 distinguens
1548 2653 1703 2714 atque
1725 2662 1757 2697 a
1857 2656 1916 2697 se
1958 2642 2274 2713 obligaverit
2319 2651 2466 2706 voto,
2512 2657 2632 2696 cum
2659 2642 2800 2696 bona
2833 2655 2931 2696 sua
2970 2639 3295 2709 pauperibus
3325 2639 3436 2692 dis-

206 2739 467 2793 seinvicem
496 2755 771 2808 separans,
799 2754 977 2813 verum
1005 2755 1162 2808 prope
1188 2738 1506 2806 coniungens
1536 2753 1599 2790 ac
1624 2737 1757 2790 diri-
1861 2735 2068 2798 tribuit,
2119 2749 2184 2788 ac
2215 2735 2602 2789 continentiam
2651 2734 2823 2788 adhuc
2855 2733 3276 2787 catechuntenus
3314 2745 3436 2784 am-

207 2847 329 2884 ittens
361 2847 380 2885 :
415 2841 471 2885 ut
509 2847 606 2886 nec
634 2831 1003 2898 contemplatio
1045 2831 1529 2885 communicationis
1566 2845 1755 2898 expers
1857 2827 2051 2896 plexus
2082 2826 2204 2880 est?
2231 2825 2456 2880 Miratur
2487 2825 2708 2880 Pontius
2734 2835 2939 2879 tantum
2965 2825 3016 2877 in
3044 2823 3436 2878 catechumeno

208 2930 336 2984 esset,
386 2937 474 2975 nec
519 2923 663 2975 actio
716 2921 1146 2991 contemplatione
1199 2932 1418 2978 careret.
1469 2919 1759 2975 Existimat
1857 2917 2142 2972 fervorem.
2175 2915 2321 2970 Inter
2351 2916 2474 2984 ﬁdei
2503 2933 2634 2982 sum,
2683 2917 2874 2985 inquit,
2921 2917 3092 2984 prima
3133 2914 3431 2967 rudimenta

213 3011 562 3068 Tillemontius
598 3017 1050 3069 anachoretarum
1076 3015 1218 3069 aedes
1245 3029 1418 3084 prope
1439 3014 1690 3070 cmnobia
1724 3030 1754 3068 a
1857 3009 1988 3063 nihil
2014 3009 2162 3062 aliud
2193 3010 2415 3064 credidit
2461 3009 2570 3063 Deo
2598 3010 2837 3079 dignum,
2870 3023 3029 3077 quam
3076 3007 3121 3060 si
3167 3005 3436 3060 continen-

207 3102 382 3159 Basilio
421 3105 592 3162 fuisse
638 3115 962 3162 exstructas.
1023 3106 1080 3160 In
1124 3122 1231 3176 quo
1279 3107 1497 3176 quidem
1547 3106 1757 3175 decepit
1783 3139 1823 3196 ο
1860 3104 1988 3155 tiam
2031 3109 2325 3155 tueretur...
2365 3099 2498 3167 Quis
2530 3117 2758 3171 unquam
2795 3101 2935 3152 tanti
2978 3098 3221 3151 miraculi
3251 3097 3434 3150 memi-

205 3208 311 3247 eum
339 3193 476 3249 Billii
495 3195 899 3264 interpretatio,
949 3195 1038 3264 qui
1085 3195 1173 3251 hic
1205 3210 1418 3266 quoque
1453 3197 1756 3252 cmnohitas
1789 3187 1823 3196 “”
1861 3190 1976 3244 nit?
2026 3189 2208 3260 Inepta
2239 3204 2462 3259 prorsus
2511 3200 2567 3244 et
2608 3191 2838 3244 absurda
2879 3187 3128 3242 laudandi
3182 3187 3340 3252 ratio,
3385 3187 3429 3241 si

206 3284 455 3353 migadum
521 3287 743 3341 nomine
796 3287 1078 3342 intellexit.
1148 3285 1240 3341 Sic
1266 3288 1411 3341 enim
1473 3287 1707 3342 reddidit
1738 3304 1752 3340 :
1859 3283 2243 3337 continentiam
2265 3281 2572 3353 Cyprianus
2593 3292 2906 3351 perpetuam
2932 3293 3038 3333 non
3066 3287 3307 3342 voverat,
3335 3280 3431 3334 sed

199 3371 406 3428 Pietatis
436 3376 689 3430 nimirum
712 3379 987 3446 gymnasia
1023 3386 1072 3431 et
1105 3379 1422 3431 monasteria
1456 3387 1752 3442 exstructis,
1858 3373 1922 3426 ad
1951 3383 2159 3442 tempus
2179 3374 2407 3428 colebat.
2439 3371 2617 3438 Quare
2641 3373 2856 3426 etiamsi
2903 3371 3221 3440 Gregorium
3249 3385 3434 3426 mona-

197 3474 479 3518 nontamen
510 3466 668 3536 longo
694 3467 966 3522 intervallo
990 3467 1054 3521 ab
1088 3467 1150 3521 iis
1188 3469 1278 3538 qui
1309 3469 1364 3521 in
1401 3468 1645 3522 sodalitio
1679 3471 1754 3522 υἱ-
1858 3464 2021 3519 steria
2062 3481 2169 3518 non
2213 3465 2549 3528 habuissent,
2588 3479 2697 3518 non
2740 3463 2948 3517 idcirco
2997 3475 3249 3529 magnum
3300 3461 3432 3516 illud

203 3565 330 3610 runt.
355 3555 642 3613 Befellitur
667 3559 785 3613 haec
819 3559 1188 3628 interpretatio
1210 3575 1278 3614 ex
1315 3568 1425 3613 tota
1460 3559 1642 3614 Basilii
1671 3560 1755 3614 ιιὶ-
1856 3564 2236 3610 ornamentum
2270 3557 2571 3610 monastico
2610 3555 2856 3610 instituto
2896 3553 3033 3624 eripi
3073 3562 3273 3623 posset.
3325 3553 3433 3608 Sed

211 3649 380 3715 storis,
418 3664 579 3718 quem
606 3650 896 3706 ctenobitis
918 3651 1195 3718 praefuisse
1220 3660 1452 3716 constat,
1491 3666 1598 3705 non
1623 3666 1756 3704 ana-
1859 3656 2039 3702 tamen
2074 3647 2291 3716 probari
2325 3656 2500 3716 potest
2541 3661 2665 3700 eum
2710 3663 2818 3702 non
2850 3646 3126 3701 minimam
3153 3645 3278 3700 vitae
3306 3659 3434 3714 par-

191 3739 420 3795 -cb'oretis
464 3755 636 3812 prope
672 3741 971 3797 ctnnobitas
1007 3743 1332 3798 constitutis.
1374 3743 1578 3797 Deinde
1627 3758 1756 3798 vero
1873 3746 1983 3793 tem
2025 3740 2077 3792 in
2104 3739 2430 3794 monasterio
2456 3739 2776 3794 traduxisse.
2801 3738 2854 3793 In
2885 3739 3211 3794 monasterio
3245 3736 3428 3791 Basilti

208 3833 458 3902 tnigadum
491 3834 716 3890 nomine
749 3850 856 3890 non
883 3836 1184 3902 ctenobitae,
1219 3835 1316 3890 sed
1351 3845 1552 3890 ascetaa
1584 3837 1755 3892 actio-
1854 3837 2221 3885 commoratus
2275 3837 2359 3884 est
2419 3827 2729 3897 aliquandiu
2789 3839 3076 3896 antequam
3147 3829 3430 3898 presbyter

207 3924 252 3977 ni
280 3925 454 3992 dediti,
480 3937 542 3981 ut
570 3928 626 3980 in
651 3926 1018 3995 superioribus
1047 3927 1202 3993 locis,
1225 3928 1576 3994 designantur
1607 3946 1622 3983 :
1656 3941 1758 3984 nec
1858 3931 2158 3984 crearetur,
2197 3930 2253 3975 el
2295 3919 2507 3989 qualem
2551 3921 2626 3974 ibi
2669 3922 2835 3974 vitam
2857 3922 3047 3987 egerit,
3079 3921 3294 3990 egregie
3325 3920 3423 3972 deo

196 4015 540 4073 anchoretas
563 4017 797 4073 Basilius
816 4013 1002 4088 'pr0pe
1023 4019 1263 4089 migades
1294 4020 1574 4075 constituit
1609 4039 1622 4074 :
1661 4021 1757 4076 sed
1857 4013 2046 4068 scribit
2071 4013 2126 4066 in
2149 4027 2234 4081 ep.
2257 4010 2291 4066 8
2323 4022 2376 4066 et
2403 4012 2456 4066 9.
2485 4011 2638 4067 Unde
2677 4025 2782 4065 non
2813 4011 3083 4064 immerito
3108 4009 3341 4064 Basilius
3367 4008 3420 4062 in

209 4113 472 4175 utrumque
494 4110 803 4163 institutum
834 4109 981 4162 nullo
1010 4125 1232 4180 prorsus
1255 4126 1410 4166 muro
1430 4111 1717 4181 diremptut

1918 4103 2016 4157 list.
2042 4101 2172 4166 225,
2194 4118 2252 4156 ιι.
2287 4102 2342 4169 5,
2375 4111 2601 4156 testatur
2638 4116 2820 4156 secum
2857 4101 2910 4153 in
2938 4098 3426 4162 mouastcrioCre—

208 4211 311 4252 esse
336 4201 519 4266 voluit,
557 4203 745 4276 sicque
779 4212 1085 4272 utrumque,
1109 4203 1369 4258 ctenohiis
1393 4205 1756 4270 exstruendis,
1859 4195 2068 4261 gorium
2119 4194 2261 4248 idem
2297 4192 2423 4247 vitm
2465 4193 2767 4246 institutum
2813 4200 3054 4246 secutum
3097 4205 3238 4245 esse.
3274 4189 3431 4258 Fugit

197 4287 487 4357 conjunxit,
538 4304 600 4345 ut
638 4306 741 4346 nec
768 4292 1219 4347 anachoretarum
1251 4293 1464 4347 deesset
1503 4293 1755 4357 solitudo,
1857 4283 2151 4353 Gregorius
2198 4284 2252 4338 in
2296 4284 2539 4338 eamdem
2578 4283 2918 4338 solitudinem
2955 4283 3236 4351 presbyter
3269 4295 3424 4334 crea-

196 4391 296 4432 nec
345 4381 609 4450 migadum
668 4381 912 4437 ofﬁciosa
980 4381 1236 4446 cbaritas,
1295 4383 1593 4452 primorum
1662 4399 1759 4436 au-
1861 4383 1964 4429 tus.
2003 4374 2152 4429 Haud
2177 4375 2289 4430 scio
2318 4390 2384 4428 an
2407 4377 2461 4428 in
2495 4374 2834 4429 solitudinem
2859 4373 3170 4428 monasterii
3195 4387 3253 4425 se
3280 4386 3428 4425 rece-

208 4476 300 4522 tem
344 4470 556 4526 abesset
603 4470 776 4527 fastus
805 4471 1126 4542 periculum,
1173 4481 1229 4526 et
1266 4473 1627 4542 posteriorum
1671 4481 1753 4526 tu-
1784 4481 1830 4536 Ῑ)
1857 4465 2017 4535 perit,
2041 4481 2163 4519 cum
2194 4481 2381 4520 rursus
2402 4465 2457 4518 in
2479 4474 2712 4519 montem
2738 4464 3013 4533 fugitpost
3034 4462 3425 4516 ordinationem

205 4557 404 4614 multus.
1860 4556 2221 4611 Sasimensem
2251 4555 2350 4626 (a),
2387 4565 2479 4609 aut
2513 4570 2634 4609 cum
2668 4569 2809 4608 anno
2851 4554 2957 4609 575
3002 4551 3303 4608 Seleuciam
3339 4566 3428 4604 se-

265 4650 396 4705 Idem
417 4668 560 4722 ,ergo
608 4653 940 4723 propositum
989 4652 1093 4709 fuit
1116 4653 1398 4723 Gregorio
1431 4662 1482 4709 et
1519 4652 1748 4709 Basilio.
1860 4649 2042 4712 cessit,
2075 4658 2133 4701 ut
2157 4649 2298 4717 quod
2333 4647 2530 4702 dudum
2565 4651 2880 4702 decreverat
2910 4645 3116 4700 amicos
3138 4652 3192 4698 et
3215 4641 3424 4711 negotia

207 4737 412 4814 Utrique
450 4747 798 4800 solitudinem
833 4762 951 4801 cum
988 4749 1162 4802 sacris
1198 4748 1397 4803 litteris
1429 4747 1715 4817 coniunge!

1919 4751 2062 4806 gere,
2096 4737 2147 4790 id
2175 4737 2387 4790 laudent
2413 4736 2714 4804 perliceret.
2748 4735 2853 4788 Sed
2875 4744 3021 4789 certe
3054 4731 3285 4788 dubitari
3322 4746 3423 4784 nou

207 4831 382 4887 volenti
409 4850 507 4890 nec
527 4837 979 4890 anachoretarum
1007 4837 1409 4893 arridebatvita
1450 4853 1550 4893 nec
1583 4839 1757 4908 ωερε-
1857 4835 2036 4897 potest
2064 4828 2214 4896 quin,
2259 4827 2482 4894 abiectis
2527 4826 3134 4894 Constantinopolitanae
3174 4823 3425 4877 Ecclesia:

205 4921 334 4976 dum.
367 4923 442 4978 Ac
477 4926 545 4980 de
569 4926 771 4981 Basilio
793 4928 1012 4996 quidem
1055 4937 1202 4982 certa
1247 4937 1302 4983 et
1337 4928 1611 4998 exploraui
1666 4944 1751 4983 res
1858 4917 2259 4985 gubernaculis,
2291 4917 2400 4969 ruri
2427 4917 2672 4971 monachi
2701 4917 2864 4968 vitam
2893 4914 3082 4985 egerit,
3114 4925 3171 4966 ιιι
3199 4919 3428 4966 testatur

181 5021 291 5084 est,
328 5027 445 5069 eum
490 5018 690 5072 vixisse
735 5017 788 5071 in
823 5019 1152 5074 monasierio
1202 5029 1258 5074 ει
1309 5020 1588 5089 discipulis
1638 5020 1752 5075 suis
1859 5007 2238 5078 Hieronymus,
2274 5017 2329 5062 et
2365 5022 2485 5062 cum
2515 5007 2794 5062 monachis
2822 5006 3038 5061 vixerit.
3075 5014 3134 5059 ut
3169 5003 3426 5058 dist-imus

166 5106 172 5113 '
206 5104 424 5159 eamdem
473 5109 688 5162 vivendi
733 5107 960 5164 formam
1007 5110 1421 5180 prtescripsisse,
1470 5126 1635 5180 quam
1696 5111 1751 5165 in
1857 5112 1923 5152 ex
1953 5097 2232 5165 Facundo.
2259 5097 2354 5154 lib-
2389 5114 2486 5164 VII.
2511 5113 2562 5153 Co
2596 5099 2652 5150 7-
2688 5118 2698 5127 '

208 5199 522 5253 monasteriis
551 5197 772 5270 Αἴθῃ)ιὶ
803 5201 1034 5264 viderat,
1081 5203 1156 5257 ita
1189 5212 1248 5257 ut
1291 5217 1392 5256 nec
1429 5202 1754 5257 necessariis
2470 5190 2697 5246 CAPUT
2739 5189 2804 5244 V-

210 5285 268 5339 ad
303 5302 475 5345 sacras
513 5291 727 5346 litteras
770 5293 1050 5362 praesidiis,
1089 5303 1146 5347 ut
1175 5294 1542 5361 anachorctm,
1596 5309 1755 5348 carea
1858 5280 1900 5337 1-
2028 5282 2402 5362 Basiliuscugn
2433 5283 2709 5362 Eustathio
2741 5281 3024 5362 Sebasteno
3051 5277 3288 5362 amicitia
3307 5292 3427 5362 con-

212 5382 334 5436 rent,
379 5392 474 5433 nec
519 5389 578 5434 ut
624 5382 888 5451 migades,
941 5383 1166 5436 nimium
1219 5382 1500 5437 oharitatis
1559 5383 1720 5436 ollicii

1922 5353 2187 5422 jungitur.
2232 5354 2296 5409 ll.
2343 5355 2527 5421 Qualis
2567 5355 2646 5406 vir
2703 5352 2901 5406 exstitit
2956 5347 3288 5421 Eustathius.
3334 5346 3421 5400 Ill.

1928 5423 2140 5477 Derepit
2172 5426 2326 5476 etiam
2358 5425 2417 5477 S.
2447 5422 2729 5476 Eusebium
2772 5421 3188 5475 Samosatensem
3227 5417 3423 5469 Eusta-

211 5469 571 5530 mersarentur,
609 5469 706 5520 sed
735 5468 1127 5524 meditarentur
1149 5479 1205 5523 ut
1228 5471 1410 5540 primi,
1433 5471 1719 5539 prodessen

1928 5440 2140 5490 uereptr
2172 5440 2326 5476 etiam
2358 5440 2417 5477 ὸ.
2447 5440 2729 5476 Luseotum
2772 5440 3188 5475 oamosatensem
3227 5440 3419 5469 nussu-

1929 5493 2068 5543 thius
2093 5494 2216 5557 ﬁdei
2254 5497 2486 5545 studium
2529 5504 2574 5546 et
2614 5493 2945 5546 sanctitatem
2982 5504 3090 5557 pro:
3126 5503 3189 5557 se
3231 5490 3419 5557 terens.

211 5553 260 5596 ut
289 5553 516 5606 secundi.
557 5552 677 5624 Ipse
714 5560 1026 5615 monasterii
1075 5559 1210 5615 situs
1262 5558 1523 5614 :tlferebat
1568 5561 1748 5616 otnuia
1929 5560 2014 5614 IV.
2049 5552 2338 5618 Damnatus
2372 5566 2572 5618 videtur
2598 5562 2755 5616 fuisse
2781 5563 2836 5614 in
2861 5552 3077 5614 concilio
3107 5552 3418 5626 .Gangrensi.

269 5729 340 5804 (tl)
373 5738 548 5788 Lami.
582 5738 641 5790 de
669 5739 791 5792 vita.
