  <div class='ocr_page' id='page_1' title='image "/cluster/home/n/w/nwhite01/storage/ocr_20150623/29/nnc1.0046978755/027.png"; bbox 0 0 3820 6210; ppageno 0'>
   <div class='ocr_carea' id='block_1_1' title="bbox 438 337 2305 394">
    <p class='ocr_par' dir='ltr' id='par_1_1' title="bbox 438 337 2305 394">
     <span class='ocr_line' id='line_1_1' title="bbox 438 337 2305 394; baseline 0.003 -6"><span class='ocrx_word' id='word_1_1' title='bbox 438 352 504 389; x_wconf 76' lang='lat' dir='ltr'><strong>u</strong></span> <span class='ocrx_word' id='word_1_2' title='bbox 1780 337 2305 394; x_wconf 80' lang='lat' dir='ltr'><strong>PROLEGOMENA.</strong></span> 
     </span>
    </p>
   </div>
   <div class='ocr_carea' id='block_1_2' title="bbox 511 452 3681 528">
    <p class='ocr_par' dir='ltr' id='par_1_2' title="bbox 511 452 3681 528">
     <span class='ocr_line' id='line_1_2' title="bbox 511 452 3681 528; baseline 0.003 -22"><span class='ocrx_word' id='word_1_3' title='bbox 511 454 588 528; x_wconf 86' lang='lat' dir='ltr'><strong>V._</strong></span> <span class='ocrx_word' id='word_1_4' title='bbox 631 452 900 528; x_wconf 54' lang='lat' dir='ltr'><strong>Numantia</strong></span> <span class='ocrx_word' id='word_1_5' title='bbox 948 453 1409 528; x_wconf 59' lang='lat' dir='ltr'><strong>adversusﬁane</strong></span> <span class='ocrx_word' id='word_1_6' title='bbox 1446 456 1764 528; x_wconf 8' lang='lat' dir='ltr'><strong>sententiam,</strong></span> <span class='ocrx_word' id='word_1_7' title='bbox 1790 456 2006 528; x_wconf 10' lang='lat' dir='ltr'><strong>gobjecta</strong></span> <span class='ocrx_word' id='word_1_8' title='bbox 2038 460 2082 514; x_wconf 85' lang='lat' dir='ltr'><strong>A</strong></span> <span class='ocrx_word' id='word_1_9' title='bbox 2110 456 2267 517; x_wconf 90' lang='lat' dir='ltr'><strong>ciam,</strong></span> <span class='ocrx_word' id='word_1_10' title='bbox 2294 470 2356 509; x_wconf 88' lang='lat' dir='ltr'><strong>ac</strong></span> <span class='ocrx_word' id='word_1_11' title='bbox 2379 455 2570 509; x_wconf 86' lang='lat' dir='ltr'><strong>iterum</strong></span> <span class='ocrx_word' id='word_1_12' title='bbox 2604 470 2661 509; x_wconf 86' lang='lat' dir='ltr'><strong>se</strong></span> <span class='ocrx_word' id='word_1_13' title='bbox 2693 457 2878 511; x_wconf 87' lang='lat' dir='ltr'><strong>eodem</strong></span> <span class='ocrx_word' id='word_1_14' title='bbox 2903 458 3132 514; x_wconf 83' lang='lat' dir='ltr'><strong>artificio</strong></span> <span class='ocrx_word' id='word_1_15' title='bbox 3156 460 3422 528; x_wconf 74' lang='lat' dir='ltr'><strong>purgavit.</strong></span> <span class='ocrx_word' id='word_1_16' title='bbox 3451 460 3681 515; x_wconf 77' lang='lat' dir='ltr'><strong>Addixit</strong></span> 
     </span>
    </p>
   </div>
   <div class='ocr_carea' id='block_1_3' title="bbox 512 524 2008 592">
    <p class='ocr_par' dir='ltr' id='par_1_3' title="bbox 512 524 2008 592">
     <span class='ocr_line' id='line_1_3' title="bbox 512 524 2008 592; baseline 0.001 -17"><span class='ocrx_word' id='word_1_17' title='bbox 512 526 802 576; x_wconf 70' lang='lat' dir='ltr'><strong>solvuntur.</strong></span> <span class='ocrx_word' id='word_1_18' title='bbox 841 524 923 576; x_wconf 80' lang='lat' dir='ltr'><strong>Vl.</strong></span> <span class='ocrx_word' id='word_1_19' title='bbox 964 524 1071 576; x_wconf 69' lang='lat' dir='ltr'><strong>\‘on</strong></span> <span class='ocrx_word' id='word_1_20' title='bbox 1098 524 1237 576; x_wconf 81' lang='lat' dir='ltr'><strong>Aetii</strong></span> <span class='ocrx_word' id='word_1_21' title='bbox 1274 525 1519 592; x_wconf 83' lang='lat' dir='ltr'><strong>magister</strong></span> <span class='ocrx_word' id='word_1_22' title='bbox 1552 524 1885 589; x_wconf 71' lang='lat' dir='ltr'><strong>Eustathius,</strong></span> <span class='ocrx_word' id='word_1_23' title='bbox 1920 528 2008 579; x_wconf 77' lang='lat' dir='ltr'><strong>sed</strong></span> 
     </span>
    </p>
   </div>
   <div class='ocr_carea' id='block_1_4' title="bbox 510 595 676 646">
    <p class='ocr_par' dir='ltr' id='par_1_4' title="bbox 510 595 676 646">
     <span class='ocr_line' id='line_1_4' title="bbox 510 595 676 646; baseline -0.006 -1"><span class='ocrx_word' id='word_1_24' title='bbox 510 595 676 646; x_wconf 64' lang='lat' dir='ltr'><strong>Arrii.</strong></span> 
     </span>
    </p>
   </div>
   <div class='ocr_carea' id='block_1_5' title="bbox 520 728 2006 799">
    <p class='ocr_par' dir='ltr' id='par_1_5' title="bbox 520 728 2006 799">
     <span class='ocr_line' id='line_1_5' title="bbox 520 728 2006 799; baseline -0.003 -14"><span class='ocrx_word' id='word_1_25' title='bbox 520 749 558 785; x_wconf 91' lang='grc' dir='ltr'><strong>ι.</strong></span> <span class='ocrx_word' id='word_1_26' title='bbox 598 733 817 784; x_wconf 76' lang='lat' dir='ltr'><strong>Videtur</strong></span> <span class='ocrx_word' id='word_1_27' title='bbox 848 731 1073 784; x_wconf 79' lang='lat' dir='ltr'><strong>Basilius</strong></span> <span class='ocrx_word' id='word_1_28' title='bbox 1100 739 1225 784; x_wconf 84' lang='lat' dir='ltr'><strong>tunc.</strong></span> <span class='ocrx_word' id='word_1_29' title='bbox 1256 731 1484 799; x_wconf 90' lang='lat' dir='ltr'><strong>primum</strong></span> <span class='ocrx_word' id='word_1_30' title='bbox 1527 728 1820 783; x_wconf 76' lang='lat' dir='ltr'><strong>amicitiam</strong></span> <span class='ocrx_word' id='word_1_31' title='bbox 1853 729 2006 782; x_wconf 88' lang='lat' dir='ltr'><strong>iniis-</strong></span> 
     </span>
    </p>
   </div>
   <div class='ocr_carea' id='block_1_6' title="bbox 439 820 2005 889">
    <p class='ocr_par' dir='ltr' id='par_1_6' title="bbox 439 820 2005 889">
     <span class='ocr_line' id='line_1_6' title="bbox 439 820 2005 889; baseline -0.003 -14"><span class='ocrx_word' id='word_1_32' title='bbox 439 836 500 875; x_wconf 77' lang='lat' dir='ltr'><strong>se</strong></span> <span class='ocrx_word' id='word_1_33' title='bbox 560 836 682 875; x_wconf 88' lang='lat' dir='ltr'><strong>cum</strong></span> <span class='ocrx_word' id='word_1_34' title='bbox 748 821 1025 874; x_wconf 80' lang='lat' dir='ltr'><strong>Eustathio</strong></span> <span class='ocrx_word' id='word_1_35' title='bbox 1089 821 1389 874; x_wconf 89' lang='lat' dir='ltr'><strong>Sebasteno</strong></span> <span class='ocrx_word' id='word_1_36' title='bbox 1427 820 1653 889; x_wconf 89' lang='lat' dir='ltr'><strong>ejusque</strong></span> <span class='ocrx_word' id='word_1_37' title='bbox 1709 820 2005 888; x_wconf 84' lang='lat' dir='ltr'><strong>discipulis,</strong></span> 
     </span>
    </p>
   </div>
   <div class='ocr_carea' id='block_1_7' title="bbox 440 912 2009 982">
    <p class='ocr_par' dir='ltr' id='par_1_7' title="bbox 440 912 2009 982">
     <span class='ocr_line' id='line_1_7' title="bbox 440 912 2009 982; baseline 0.001 -15"><span class='ocrx_word' id='word_1_38' title='bbox 440 930 561 968; x_wconf 90' lang='lat' dir='ltr'><strong>cum</strong></span> <span class='ocrx_word' id='word_1_39' title='bbox 610 913 768 966; x_wconf 86' lang='lat' dir='ltr'><strong>rediit</strong></span> <span class='ocrx_word' id='word_1_40' title='bbox 810 929 873 965; x_wconf 88' lang='lat' dir='ltr'><strong>ex</strong></span> <span class='ocrx_word' id='word_1_41' title='bbox 915 912 1153 966; x_wconf 82' lang='lat' dir='ltr'><strong>Oriente.</strong></span> <span class='ocrx_word' id='word_1_42' title='bbox 1204 912 1317 980; x_wconf 86' lang='lat' dir='ltr'><strong>Ipse</strong></span> <span class='ocrx_word' id='word_1_43' title='bbox 1366 912 1506 965; x_wconf 91' lang='lat' dir='ltr'><strong>enim</strong></span> <span class='ocrx_word' id='word_1_44' title='bbox 1547 914 1613 965; x_wconf 91' lang='lat' dir='ltr'><strong>ad</strong></span> <span class='ocrx_word' id='word_1_45' title='bbox 1660 912 1760 965; x_wconf 92' lang='lat' dir='ltr'><strong>hoc</strong></span> <span class='ocrx_word' id='word_1_46' title='bbox 1798 919 2009 982; x_wconf 81' lang='lat' dir='ltr'><strong>tempus</strong></span> 
     </span>
    </p>
   </div>
   <div class='ocr_carea' id='block_1_8' title="bbox 440 1002 2005 1073">
    <p class='ocr_par' dir='ltr' id='par_1_8' title="bbox 440 1002 2005 1073">
     <span class='ocr_line' id='line_1_8' title="bbox 440 1002 2005 1073; baseline 0.001 -14"><span class='ocrx_word' id='word_1_47' title='bbox 440 1006 649 1059; x_wconf 92' lang='lat' dir='ltr'><strong>initium</strong></span> <span class='ocrx_word' id='word_1_48' title='bbox 686 1004 850 1057; x_wconf 88' lang='lat' dir='ltr'><strong>refert</strong></span> <span class='ocrx_word' id='word_1_49' title='bbox 879 1002 1035 1071; x_wconf 83' lang='lat' dir='ltr'><strong>hujus</strong></span> <span class='ocrx_word' id='word_1_50' title='bbox 1062 1002 1480 1071; x_wconf 90' lang='lat' dir='ltr'><strong>conjunctionis,</strong></span> <span class='ocrx_word' id='word_1_51' title='bbox 1514 1003 1581 1057; x_wconf 92' lang='lat' dir='ltr'><strong>ob</strong></span> <span class='ocrx_word' id='word_1_52' title='bbox 1610 1018 1769 1071; x_wconf 89' lang='lat' dir='ltr'><strong>quam</strong></span> <span class='ocrx_word' id='word_1_53' title='bbox 1798 1008 2005 1073; x_wconf 85' lang='lat' dir='ltr'><strong>gravis-</strong></span> 
     </span>
    </p>
   </div>
   <div class='ocr_carea' id='block_1_9' title="bbox 439 1092 2005 1165">
    <p class='ocr_par' dir='ltr' id='par_1_9' title="bbox 439 1092 2005 1165">
     <span class='ocr_line' id='line_1_9' title="bbox 439 1092 2005 1165; baseline 0.002 -18"><span class='ocrx_word' id='word_1_54' title='bbox 439 1095 587 1147; x_wconf 71' lang='lat' dir='ltr'><strong>simm</strong></span> <span class='ocrx_word' id='word_1_55' title='bbox 620 1094 667 1147; x_wconf 91' lang='lat' dir='ltr'><strong>ei</strong></span> <span class='ocrx_word' id='word_1_56' title='bbox 702 1094 957 1147; x_wconf 73' lang='lat' dir='ltr'><strong>molestia:</strong></span> <span class='ocrx_word' id='word_1_57' title='bbox 988 1104 1041 1146; x_wconf 92' lang='lat' dir='ltr'><strong>et</strong></span> <span class='ocrx_word' id='word_1_58' title='bbox 1088 1109 1117 1147; x_wconf 90' lang='lat' dir='ltr'><strong>a</strong></span> <span class='ocrx_word' id='word_1_59' title='bbox 1159 1094 1397 1161; x_wconf 82' lang='lat' dir='ltr'><strong>pluribus</strong></span> <span class='ocrx_word' id='word_1_60' title='bbox 1425 1092 1542 1147; x_wconf 89' lang='lat' dir='ltr'><strong>aliis</strong></span> <span class='ocrx_word' id='word_1_61' title='bbox 1576 1108 1630 1147; x_wconf 88' lang='lat' dir='ltr'><strong>et.</strong></span> <span class='ocrx_word' id='word_1_62' title='bbox 1662 1094 1729 1149; x_wconf 88' lang='lat' dir='ltr'><strong>ab</strong></span> <span class='ocrx_word' id='word_1_63' title='bbox 1756 1094 1871 1165; x_wconf 87' lang='lat' dir='ltr'><strong>ipso</strong></span> <span class='ocrx_word' id='word_1_64' title='bbox 1909 1097 2005 1150; x_wconf 82' lang='lat' dir='ltr'><strong>de-</strong></span> 
     </span>
    </p>
   </div>
   <div class='ocr_carea' id='block_1_10' title="bbox 438 1185 2010 1255">
    <p class='ocr_par' dir='ltr' id='par_1_10' title="bbox 438 1185 2010 1255">
     <span class='ocr_line' id='line_1_10' title="bbox 438 1185 2010 1255; baseline 0.003 -16"><span class='ocrx_word' id='word_1_65' title='bbox 438 1203 583 1240; x_wconf 90' lang='lat' dir='ltr'><strong>mum</strong></span> <span class='ocrx_word' id='word_1_66' title='bbox 608 1187 889 1240; x_wconf 88' lang='lat' dir='ltr'><strong>Eustathio</strong></span> <span class='ocrx_word' id='word_1_67' title='bbox 914 1187 1241 1239; x_wconf 89' lang='lat' dir='ltr'><strong>acciderunt.</strong></span> <span class='ocrx_word' id='word_1_68' title='bbox 1267 1185 1548 1255; x_wconf 78' lang='lat' dir='ltr'><strong>Narrat(a)</strong></span> <span class='ocrx_word' id='word_1_69' title='bbox 1577 1201 1634 1240; x_wconf 89' lang='lat' dir='ltr'><strong>se</strong></span> <span class='ocrx_word' id='word_1_70' title='bbox 1654 1201 1717 1239; x_wconf 83' lang='lat' dir='ltr'><strong>ex</strong></span> <span class='ocrx_word' id='word_1_71' title='bbox 1746 1199 2010 1243; x_wconf 86' lang='lat' dir='ltr'><strong>monaste-</strong></span> 
     </span>
    </p>
   </div>
   <div class='ocr_carea' id='block_1_11' title="bbox 440 1275 2007 1345">
    <p class='ocr_par' dir='ltr' id='par_1_11' title="bbox 440 1275 2007 1345">
     <span class='ocr_line' id='line_1_11' title="bbox 440 1275 2007 1345; baseline 0.004 -17"><span class='ocrx_word' id='word_1_72' title='bbox 440 1277 533 1330; x_wconf 83' lang='lat' dir='ltr'><strong>riis</strong></span> <span class='ocrx_word' id='word_1_73' title='bbox 556 1277 792 1331; x_wconf 84' lang='lat' dir='ltr'><strong>Orientis</strong></span> <span class='ocrx_word' id='word_1_74' title='bbox 824 1285 877 1329; x_wconf 92' lang='lat' dir='ltr'><strong>et</strong></span> <span class='ocrx_word' id='word_1_75' title='bbox 908 1275 1125 1344; x_wconf 67' lang='lat' dir='ltr'><strong>Egypti</strong></span> <span class='ocrx_word' id='word_1_76' title='bbox 1164 1276 1494 1341; x_wconf 90' lang='lat' dir='ltr'><strong>redeuntem,</strong></span> <span class='ocrx_word' id='word_1_77' title='bbox 1537 1292 1659 1330; x_wconf 92' lang='lat' dir='ltr'><strong>cum</strong></span> <span class='ocrx_word' id='word_1_78' title='bbox 1710 1280 1863 1345; x_wconf 86' lang='lat' dir='ltr'><strong>hujus</strong></span> <span class='ocrx_word' id='word_1_79' title='bbox 1887 1281 2007 1335; x_wconf 77' lang='lat' dir='ltr'><strong>vita:</strong></span> 
     </span>
    </p>
   </div>
   <div class='ocr_carea' id='block_1_12' title="bbox 440 1367 2005 1437">
    <p class='ocr_par' dir='ltr' id='par_1_12' title="bbox 440 1367 2005 1437">
     <span class='ocr_line' id='line_1_12' title="bbox 440 1367 2005 1437; baseline 0.003 -17"><span class='ocrx_word' id='word_1_80' title='bbox 440 1368 735 1421; x_wconf 87' lang='lat' dir='ltr'><strong>imitatores</strong></span> <span class='ocrx_word' id='word_1_81' title='bbox 763 1367 813 1419; x_wconf 93' lang='lat' dir='ltr'><strong>in</strong></span> <span class='ocrx_word' id='word_1_82' title='bbox 847 1370 1015 1435; x_wconf 86' lang='lat' dir='ltr'><strong>patria</strong></span> <span class='ocrx_word' id='word_1_83' title='bbox 1054 1368 1361 1435; x_wconf 83' lang='lat' dir='ltr'><strong>reperisset,</strong></span> <span class='ocrx_word' id='word_1_84' title='bbox 1388 1367 1589 1437; x_wconf 90' lang='lat' dir='ltr'><strong>aliquid</strong></span> <span class='ocrx_word' id='word_1_85' title='bbox 1624 1368 1911 1436; x_wconf 90' lang='lat' dir='ltr'><strong>adjumenti</strong></span> <span class='ocrx_word' id='word_1_86' title='bbox 1938 1372 2005 1424; x_wconf 88' lang='lat' dir='ltr'><strong>ad</strong></span> 
     </span>
    </p>
   </div>
   <div class='ocr_carea' id='block_1_13' title="bbox 436 1458 2006 1525">
    <p class='ocr_par' dir='ltr' id='par_1_13' title="bbox 436 1458 2006 1525">
     <span class='ocr_line' id='line_1_13' title="bbox 436 1458 2006 1525; baseline 0.001 -12"><span class='ocrx_word' id='word_1_87' title='bbox 436 1460 663 1513; x_wconf 88' lang='lat' dir='ltr'><strong>salutem</strong></span> <span class='ocrx_word' id='word_1_88' title='bbox 709 1459 809 1512; x_wconf 87' lang='lat' dir='ltr'><strong>sibi</strong></span> <span class='ocrx_word' id='word_1_89' title='bbox 844 1459 1012 1511; x_wconf 87' lang='lat' dir='ltr'><strong>vismu</strong></span> <span class='ocrx_word' id='word_1_90' title='bbox 1051 1473 1169 1511; x_wconf 85' lang='lat' dir='ltr'><strong>esse</strong></span> <span class='ocrx_word' id='word_1_91' title='bbox 1201 1461 1456 1525; x_wconf 83' lang='lat' dir='ltr'><strong>reperire.</strong></span> <span class='ocrx_word' id='word_1_92' title='bbox 1501 1458 1647 1511; x_wconf 86' lang='lat' dir='ltr'><strong>Multi</strong></span> <span class='ocrx_word' id='word_1_93' title='bbox 1688 1474 1808 1512; x_wconf 91' lang='lat' dir='ltr'><strong>eum</strong></span> <span class='ocrx_word' id='word_1_94' title='bbox 1840 1461 2006 1514; x_wconf 90' lang='lat' dir='ltr'><strong>abdu-</strong></span> 
     </span>
    </p>
   </div>
   <div class='ocr_carea' id='block_1_14' title="bbox 436 1548 2006 1612">
    <p class='ocr_par' dir='ltr' id='par_1_14' title="bbox 436 1548 2006 1612">
     <span class='ocr_line' id='line_1_14' title="bbox 436 1548 2006 1612; baseline 0 -9"><span class='ocrx_word' id='word_1_95' title='bbox 436 1554 631 1603; x_wconf 87' lang='lat' dir='ltr'><strong>cebant</strong></span> <span class='ocrx_word' id='word_1_96' title='bbox 673 1550 740 1603; x_wconf 91' lang='lat' dir='ltr'><strong>ab</strong></span> <span class='ocrx_word' id='word_1_97' title='bbox 787 1550 886 1602; x_wconf 89' lang='lat' dir='ltr'><strong>hac</strong></span> <span class='ocrx_word' id='word_1_98' title='bbox 916 1550 1322 1612; x_wconf 81' lang='lat' dir='ltr'><strong>consuetudine,</strong></span> <span class='ocrx_word' id='word_1_99' title='bbox 1352 1557 1405 1601; x_wconf 86' lang='lat' dir='ltr'><strong>et</strong></span> <span class='ocrx_word' id='word_1_100' title='bbox 1445 1563 1473 1600; x_wconf 90' lang='lat' dir='ltr'><strong>a</strong></span> <span class='ocrx_word' id='word_1_101' title='bbox 1521 1548 1761 1601; x_wconf 89' lang='lat' dir='ltr'><strong>moribus</strong></span> <span class='ocrx_word' id='word_1_102' title='bbox 1805 1565 1866 1602; x_wconf 87' lang='lat' dir='ltr'><strong>ac</strong></span> <span class='ocrx_word' id='word_1_103' title='bbox 1905 1549 2006 1603; x_wconf 86' lang='lat' dir='ltr'><strong>fide</strong></span> 
     </span>
    </p>
   </div>
   <div class='ocr_carea' id='block_1_15' title="bbox 436 1636 2002 1695">
    <p class='ocr_par' dir='ltr' id='par_1_15' title="bbox 436 1636 2002 1695">
     <span class='ocr_line' id='line_1_15' title="bbox 436 1636 2002 1695; baseline -0.004 0"><span class='ocrx_word' id='word_1_104' title='bbox 436 1640 700 1695; x_wconf 80' lang='lat' dir='ltr'><strong>Lustathii</strong></span> <span class='ocrx_word' id='word_1_105' title='bbox 736 1642 1032 1692; x_wconf 91' lang='lat' dir='ltr'><strong>cavendum</strong></span> <span class='ocrx_word' id='word_1_106' title='bbox 1067 1640 1381 1691; x_wconf 90' lang='lat' dir='ltr'><strong>monebant.</strong></span> <span class='ocrx_word' id='word_1_107' title='bbox 1406 1638 1510 1691; x_wconf 86' lang='lat' dir='ltr'><strong>Sed</strong></span> <span class='ocrx_word' id='word_1_108' title='bbox 1536 1636 1766 1690; x_wconf 82' lang='lat' dir='ltr'><strong>Basilius</strong></span> <span class='ocrx_word' id='word_1_109' title='bbox 1791 1638 1857 1689; x_wconf 86' lang='lat' dir='ltr'><strong>de</strong></span> <span class='ocrx_word' id='word_1_110' title='bbox 1898 1638 2002 1689; x_wconf 88' lang='lat' dir='ltr'><strong>vita</strong></span> 
     </span>
    </p>
   </div>
   <div class='ocr_carea' id='block_1_16' title="bbox 436 1726 2003 1796">
    <p class='ocr_par' dir='ltr' id='par_1_16' title="bbox 436 1726 2003 1796">
     <span class='ocr_line' id='line_1_16' title="bbox 436 1726 2003 1796; baseline -0.003 -13"><span class='ocrx_word' id='word_1_111' title='bbox 436 1730 701 1784; x_wconf 90' lang='lat' dir='ltr'><strong>Eustathii</strong></span> <span class='ocrx_word' id='word_1_112' title='bbox 748 1728 1011 1796; x_wconf 90' lang='lat' dir='ltr'><strong>judicium</strong></span> <span class='ocrx_word' id='word_1_113' title='bbox 1065 1728 1270 1781; x_wconf 88' lang='lat' dir='ltr'><strong>ferebat</strong></span> <span class='ocrx_word' id='word_1_114' title='bbox 1317 1742 1381 1780; x_wconf 80' lang='lat' dir='ltr'><strong>ex</strong></span> <span class='ocrx_word' id='word_1_115' title='bbox 1428 1727 1512 1781; x_wconf 87' lang='lat' dir='ltr'><strong>his</strong></span> <span class='ocrx_word' id='word_1_116' title='bbox 1548 1742 1667 1795; x_wconf 63' lang='lat' dir='ltr'><strong>qua:</strong></span> <span class='ocrx_word' id='word_1_117' title='bbox 1693 1726 1861 1780; x_wconf 90' lang='lat' dir='ltr'><strong>oculis</strong></span> <span class='ocrx_word' id='word_1_118' title='bbox 1893 1728 2003 1779; x_wconf 90' lang='lat' dir='ltr'><strong>suis</strong></span> 
     </span>
    </p>
   </div>
   <div class='ocr_carea' id='block_1_17' title="bbox 2111 546 3684 617">
    <p class='ocr_par' dir='ltr' id='par_1_17' title="bbox 2111 546 3684 617">
     <span class='ocr_line' id='line_1_17' title="bbox 2111 546 3684 617; baseline 0.003 -18"><span class='ocrx_word' id='word_1_119' title='bbox 2111 560 2171 599; x_wconf 89' lang='lat' dir='ltr'><strong>se</strong></span> <span class='ocrx_word' id='word_1_120' title='bbox 2193 546 2388 600; x_wconf 84' lang='lat' dir='ltr'><strong>Basilio</strong></span> <span class='ocrx_word' id='word_1_121' title='bbox 2418 547 2725 616; x_wconf 88' lang='lat' dir='ltr'><strong>Ancyrano,</strong></span> <span class='ocrx_word' id='word_1_122' title='bbox 2758 550 2918 616; x_wconf 89' lang='lat' dir='ltr'><strong>eique</strong></span> <span class='ocrx_word' id='word_1_123' title='bbox 2947 564 3164 617; x_wconf 86' lang='lat' dir='ltr'><strong>operam</strong></span> <span class='ocrx_word' id='word_1_124' title='bbox 3197 551 3409 605; x_wconf 83' lang='lat' dir='ltr'><strong>navavit</strong></span> <span class='ocrx_word' id='word_1_125' title='bbox 3441 553 3492 605; x_wconf 90' lang='lat' dir='ltr'><strong>in</strong></span> <span class='ocrx_word' id='word_1_126' title='bbox 3518 552 3684 605; x_wconf 89' lang='lat' dir='ltr'><strong>refel-</strong></span> 
     </span>
    </p>
   </div>
   <div class='ocr_carea' id='block_1_18' title="bbox 2110 638 3680 710">
    <p class='ocr_par' dir='ltr' id='par_1_18' title="bbox 2110 638 3680 710">
     <span class='ocr_line' id='line_1_18' title="bbox 2110 638 3680 710; baseline 0.002 -19"><span class='ocrx_word' id='word_1_127' title='bbox 2110 639 2269 691; x_wconf 84' lang='lat' dir='ltr'><strong>lendo</strong></span> <span class='ocrx_word' id='word_1_128' title='bbox 2303 638 2481 700; x_wconf 89' lang='lat' dir='ltr'><strong>Aetio,</strong></span> <span class='ocrx_word' id='word_1_129' title='bbox 2530 653 2686 705; x_wconf 79' lang='lat' dir='ltr'><strong>quem</strong></span> <span class='ocrx_word' id='word_1_130' title='bbox 2740 638 2889 692; x_wconf 76' lang='lat' dir='ltr'><strong>falsis</strong></span> <span class='ocrx_word' id='word_1_131' title='bbox 2918 641 3233 695; x_wconf 91' lang='lat' dir='ltr'><strong>criminibus</strong></span> <span class='ocrx_word' id='word_1_132' title='bbox 3281 643 3416 710; x_wconf 89' lang='lat' dir='ltr'><strong>apud</strong></span> <span class='ocrx_word' id='word_1_133' title='bbox 3460 641 3680 697; x_wconf 85' lang='lat' dir='ltr'><strong>Gallum</strong></span> 
     </span>
    </p>
   </div>
   <div class='ocr_carea' id='block_1_19' title="bbox 2108 728 3680 794">
    <p class='ocr_par' dir='ltr' id='par_1_19' title="bbox 2108 728 3680 794">
     <span class='ocr_line' id='line_1_19' title="bbox 2108 728 3680 794; baseline -0.001 -10"><span class='ocrx_word' id='word_1_134' title='bbox 2108 730 2372 784; x_wconf 70' lang='lat' dir='ltr'><strong>Cazsarem</strong></span> <span class='ocrx_word' id='word_1_135' title='bbox 2411 728 2463 781; x_wconf 89' lang='lat' dir='ltr'><strong>in</strong></span> <span class='ocrx_word' id='word_1_136' title='bbox 2501 728 2751 781; x_wconf 82' lang='lat' dir='ltr'><strong>invidiam</strong></span> <span class='ocrx_word' id='word_1_137' title='bbox 2790 731 3143 794; x_wconf 84' lang='lat' dir='ltr'><strong>adduxerunt,</strong></span> <span class='ocrx_word' id='word_1_138' title='bbox 3185 731 3230 783; x_wconf 92' lang='lat' dir='ltr'><strong>si</strong></span> <span class='ocrx_word' id='word_1_139' title='bbox 3261 732 3390 785; x_wconf 85' lang='lat' dir='ltr'><strong>fides</strong></span> <span class='ocrx_word' id='word_1_140' title='bbox 3416 732 3680 786; x_wconf 85' lang='lat' dir='ltr'><strong>adhiben-</strong></span> 
     </span>
    </p>
   </div>
   <div class='ocr_carea' id='block_1_20' title="bbox 2109 816 3680 887">
    <p class='ocr_par' dir='ltr' id='par_1_20' title="bbox 2109 816 3680 887">
     <span class='ocr_line' id='line_1_20' title="bbox 2109 816 3680 887; baseline 0 -16"><span class='ocrx_word' id='word_1_141' title='bbox 2109 818 2174 871; x_wconf 91' lang='lat' dir='ltr'><strong>da</strong></span> <span class='ocrx_word' id='word_1_142' title='bbox 2220 816 2577 885; x_wconf 86' lang='lat' dir='ltr'><strong>Philostorgio</strong></span> <span class='ocrx_word' id='word_1_143' title='bbox 2624 817 2722 887; x_wconf 87' lang='lat' dir='ltr'><strong>(d).</strong></span> <span class='ocrx_word' id='word_1_144' title='bbox 2768 817 3041 872; x_wconf 90' lang='lat' dir='ltr'><strong>Dederunt</strong></span> <span class='ocrx_word' id='word_1_145' title='bbox 3076 820 3123 874; x_wconf 92' lang='lat' dir='ltr'><strong>ei</strong></span> <span class='ocrx_word' id='word_1_146' title='bbox 3167 821 3372 882; x_wconf 88' lang='lat' dir='ltr'><strong>Ariani,</strong></span> <span class='ocrx_word' id='word_1_147' title='bbox 3424 829 3559 875; x_wconf 87' lang='lat' dir='ltr'><strong>teste</strong></span> <span class='ocrx_word' id='word_1_148' title='bbox 3611 821 3680 873; x_wconf 72' lang='grc' dir='ltr'><strong>ὃ.</strong></span> 
     </span>
    </p>
   </div>
   <div class='ocr_carea' id='block_1_21' title="bbox 2107 909 3683 981">
    <p class='ocr_par' dir='ltr' id='par_1_21' title="bbox 2107 909 3683 981">
     <span class='ocr_line' id='line_1_21' title="bbox 2107 909 3683 981; baseline -0.001 -17"><span class='ocrx_word' id='word_1_149' title='bbox 2107 910 2398 965; x_wconf 84' lang='lat' dir='ltr'><strong>Athanasio</strong></span> <span class='ocrx_word' id='word_1_150' title='bbox 2420 909 2509 981; x_wconf 88' lang='lat' dir='ltr'><strong>(e),</strong></span> <span class='ocrx_word' id='word_1_151' title='bbox 2534 911 2894 978; x_wconf 87' lang='lat' dir='ltr'><strong>episcopatum</strong></span> <span class='ocrx_word' id='word_1_152' title='bbox 2914 909 3286 978; x_wconf 88' lang='lat' dir='ltr'><strong>Sebastenum,</strong></span> <span class='ocrx_word' id='word_1_153' title='bbox 3316 923 3371 965; x_wconf 91' lang='lat' dir='ltr'><strong>ut</strong></span> <span class='ocrx_word' id='word_1_154' title='bbox 3395 928 3519 966; x_wconf 90' lang='lat' dir='ltr'><strong>eum</strong></span> <span class='ocrx_word' id='word_1_155' title='bbox 3544 926 3683 965; x_wconf 88' lang='lat' dir='ltr'><strong>con-</strong></span> 
     </span>
    </p>
   </div>
   <div class='ocr_carea' id='block_1_22' title="bbox 2107 1001 3685 1071">
    <p class='ocr_par' dir='ltr' id='par_1_22' title="bbox 2107 1001 3685 1071">
     <span class='ocr_line' id='line_1_22' title="bbox 2107 1001 3685 1071; baseline 0 -15"><span class='ocrx_word' id='word_1_156' title='bbox 2107 1002 2353 1056; x_wconf 89' lang='lat' dir='ltr'><strong>siliorum</strong></span> <span class='ocrx_word' id='word_1_157' title='bbox 2405 1017 2621 1056; x_wconf 89' lang='lat' dir='ltr'><strong>suorum</strong></span> <span class='ocrx_word' id='word_1_158' title='bbox 2676 1001 2968 1069; x_wconf 89' lang='lat' dir='ltr'><strong>adjutorem</strong></span> <span class='ocrx_word' id='word_1_159' title='bbox 3035 1004 3311 1057; x_wconf 85' lang='lat' dir='ltr'><strong>haberent.</strong></span> <span class='ocrx_word' id='word_1_160' title='bbox 3365 1002 3470 1058; x_wconf 88' lang='lat' dir='ltr'><strong>Sed</strong></span> <span class='ocrx_word' id='word_1_161' title='bbox 3515 1002 3685 1071; x_wconf 82' lang='lat' dir='ltr'><strong>paulo</strong></span> 
     </span>
    </p>
   </div>
   <div class='ocr_carea' id='block_1_23' title="bbox 2110 1093 3681 1165">
    <p class='ocr_par' dir='ltr' id='par_1_23' title="bbox 2110 1093 3681 1165">
     <span class='ocr_line' id='line_1_23' title="bbox 2110 1093 3681 1165; baseline 0.003 -20"><span class='ocrx_word' id='word_1_162' title='bbox 2110 1102 2235 1160; x_wconf 89' lang='lat' dir='ltr'><strong>post</strong></span> <span class='ocrx_word' id='word_1_163' title='bbox 2279 1108 2401 1147; x_wconf 88' lang='lat' dir='ltr'><strong>cum</strong></span> <span class='ocrx_word' id='word_1_164' title='bbox 2444 1093 2659 1162; x_wconf 87' lang='lat' dir='ltr'><strong>plurimi</strong></span> <span class='ocrx_word' id='word_1_165' title='bbox 2688 1094 2921 1163; x_wconf 86' lang='lat' dir='ltr'><strong>episcopi</strong></span> <span class='ocrx_word' id='word_1_166' title='bbox 2974 1094 3043 1148; x_wconf 90' lang='lat' dir='ltr'><strong>ab</strong></span> <span class='ocrx_word' id='word_1_167' title='bbox 3087 1095 3301 1149; x_wconf 85' lang='lat' dir='ltr'><strong>Arianis</strong></span> <span class='ocrx_word' id='word_1_168' title='bbox 3345 1095 3681 1165; x_wconf 87' lang='lat' dir='ltr'><strong>impietatem</strong></span> 
     </span>
    </p>
   </div>
   <div class='ocr_carea' id='block_1_24' title="bbox 2110 1185 3683 1257">
    <p class='ocr_par' dir='ltr' id='par_1_24' title="bbox 2110 1185 3683 1257">
     <span class='ocr_line' id='line_1_24' title="bbox 2110 1185 3683 1257; baseline 0.001 -20"><span class='ocrx_word' id='word_1_169' title='bbox 2110 1195 2293 1253; x_wconf 89' lang='lat' dir='ltr'><strong>aperte</strong></span> <span class='ocrx_word' id='word_1_170' title='bbox 2322 1185 2740 1255; x_wconf 56' lang='lat' dir='ltr'><strong>pradicantibus</strong></span> <span class='ocrx_word' id='word_1_171' title='bbox 2764 1202 2884 1241; x_wconf 89' lang='lat' dir='ltr'><strong>sese</strong></span> <span class='ocrx_word' id='word_1_172' title='bbox 2914 1187 3298 1256; x_wconf 82' lang='lat' dir='ltr'><strong>disjungerent,</strong></span> <span class='ocrx_word' id='word_1_173' title='bbox 3324 1201 3385 1242; x_wconf 89' lang='lat' dir='ltr'><strong>ac</strong></span> <span class='ocrx_word' id='word_1_174' title='bbox 3415 1188 3583 1257; x_wconf 85' lang='lat' dir='ltr'><strong>gratia</strong></span> <span class='ocrx_word' id='word_1_175' title='bbox 3620 1197 3683 1241; x_wconf 83' lang='lat' dir='ltr'><strong>et</strong></span> 
     </span>
    </p>
   </div>
   <div class='ocr_carea' id='block_1_25' title="bbox 2108 1277 3682 1347">
    <p class='ocr_par' dir='ltr' id='par_1_25' title="bbox 2108 1277 3682 1347">
     <span class='ocr_line' id='line_1_25' title="bbox 2108 1277 3682 1347; baseline 0.003 -18"><span class='ocrx_word' id='word_1_176' title='bbox 2108 1278 2431 1331; x_wconf 90' lang='lat' dir='ltr'><strong>auctoritate</strong></span> <span class='ocrx_word' id='word_1_177' title='bbox 2480 1278 2767 1347; x_wconf 89' lang='lat' dir='ltr'><strong>plurimum</strong></span> <span class='ocrx_word' id='word_1_178' title='bbox 2820 1277 3080 1341; x_wconf 82' lang='lat' dir='ltr'><strong>valerent,</strong></span> <span class='ocrx_word' id='word_1_179' title='bbox 3118 1280 3298 1347; x_wconf 79' lang='lat' dir='ltr'><strong>junxit</strong></span> <span class='ocrx_word' id='word_1_180' title='bbox 3348 1293 3407 1333; x_wconf 89' lang='lat' dir='ltr'><strong>se</strong></span> <span class='ocrx_word' id='word_1_181' title='bbox 3442 1293 3563 1333; x_wconf 90' lang='lat' dir='ltr'><strong>cum</strong></span> <span class='ocrx_word' id='word_1_182' title='bbox 3593 1280 3682 1333; x_wconf 90' lang='lat' dir='ltr'><strong>eis</strong></span> 
     </span>
    </p>
   </div>
   <div class='ocr_carea' id='block_1_26' title="bbox 2108 1367 3679 1437">
    <p class='ocr_par' dir='ltr' id='par_1_26' title="bbox 2108 1367 3679 1437">
     <span class='ocr_line' id='line_1_26' title="bbox 2108 1367 3679 1437; baseline 0.003 -19"><span class='ocrx_word' id='word_1_183' title='bbox 2108 1367 2444 1431; x_wconf 83' lang='lat' dir='ltr'><strong>Eustathius,</strong></span> <span class='ocrx_word' id='word_1_184' title='bbox 2476 1382 2773 1436; x_wconf 88' lang='lat' dir='ltr'><strong>eorumque</strong></span> <span class='ocrx_word' id='word_1_185' title='bbox 2802 1377 2982 1437; x_wconf 89' lang='lat' dir='ltr'><strong>partes</strong></span> <span class='ocrx_word' id='word_1_186' title='bbox 3020 1378 3258 1423; x_wconf 82' lang='lat' dir='ltr'><strong>sectatus</strong></span> <span class='ocrx_word' id='word_1_187' title='bbox 3283 1378 3366 1423; x_wconf 91' lang='lat' dir='ltr'><strong>est</strong></span> <span class='ocrx_word' id='word_1_188' title='bbox 3398 1368 3450 1422; x_wconf 92' lang='lat' dir='ltr'><strong>in</strong></span> <span class='ocrx_word' id='word_1_189' title='bbox 3486 1370 3679 1423; x_wconf 85' lang='lat' dir='ltr'><strong>conci-</strong></span> 
     </span>
    </p>
   </div>
   <div class='ocr_carea' id='block_1_27' title="bbox 2107 1457 3678 1528">
    <p class='ocr_par' dir='ltr' id='par_1_27' title="bbox 2107 1457 3678 1528">
     <span class='ocr_line' id='line_1_27' title="bbox 2107 1457 3678 1528; baseline -0.001 -17"><span class='ocrx_word' id='word_1_190' title='bbox 2107 1460 2177 1512; x_wconf 92' lang='lat' dir='ltr'><strong>lio</strong></span> <span class='ocrx_word' id='word_1_191' title='bbox 2200 1458 2507 1528; x_wconf 79' lang='lat' dir='ltr'><strong>Ancyrano,</strong></span> <span class='ocrx_word' id='word_1_192' title='bbox 2534 1458 2621 1511; x_wconf 90' lang='lat' dir='ltr'><strong>ubi</strong></span> <span class='ocrx_word' id='word_1_193' title='bbox 2647 1457 3110 1513; x_wconf 88' lang='lat' dir='ltr'><strong>Consubstantiale</strong></span> <span class='ocrx_word' id='word_1_194' title='bbox 3154 1460 3678 1513; x_wconf 82' lang='lat' dir='ltr'><strong>anathematizatum</strong></span> 
     </span>
    </p>
   </div>
   <div class='ocr_carea' id='block_1_28' title="bbox 2105 1548 3759 1619">
    <p class='ocr_par' dir='ltr' id='par_1_28' title="bbox 2105 1548 3759 1619">
     <span class='ocr_line' id='line_1_28' title="bbox 2105 1548 3759 1619; baseline -0.002 -16"><span class='ocrx_word' id='word_1_195' title='bbox 2105 1559 2207 1613; x_wconf 89' lang='lat' dir='ltr'><strong>est,</strong></span> <span class='ocrx_word' id='word_1_196' title='bbox 2242 1560 2296 1602; x_wconf 91' lang='lat' dir='ltr'><strong>et</strong></span> <span class='ocrx_word' id='word_1_197' title='bbox 2325 1550 2377 1603; x_wconf 90' lang='lat' dir='ltr'><strong>in</strong></span> <span class='ocrx_word' id='word_1_198' title='bbox 2406 1548 2756 1615; x_wconf 90' lang='lat' dir='ltr'><strong>Seleucieusi,</strong></span> <span class='ocrx_word' id='word_1_199' title='bbox 2785 1550 2874 1604; x_wconf 92' lang='lat' dir='ltr'><strong>ubi</strong></span> <span class='ocrx_word' id='word_1_200' title='bbox 2911 1550 3180 1619; x_wconf 89' lang='lat' dir='ltr'><strong>proposita</strong></span> <span class='ocrx_word' id='word_1_201' title='bbox 3213 1558 3295 1603; x_wconf 88' lang='lat' dir='ltr'><strong>est</strong></span> <span class='ocrx_word' id='word_1_202' title='bbox 3334 1550 3678 1603; x_wconf 85' lang='lat' dir='ltr'><strong>Antiochena</strong></span> <span class='ocrx_word' id='word_1_203' title='bbox 3740 1552 3759 1564; x_wconf 86' lang='lat'><strong><em>‘</em></strong></span> 
     </span>
    </p>
   </div>
   <div class='ocr_carea' id='block_1_29' title="bbox 2107 1638 3682 1708">
    <p class='ocr_par' dir='ltr' id='par_1_29' title="bbox 2107 1638 3682 1708">
     <span class='ocr_line' id='line_1_29' title="bbox 2107 1638 3682 1708; baseline -0.001 -15"><span class='ocrx_word' id='word_1_204' title='bbox 2107 1640 2227 1693; x_wconf 81' lang='lat' dir='ltr'><strong>fidei</strong></span> <span class='ocrx_word' id='word_1_205' title='bbox 2254 1639 2501 1693; x_wconf 82' lang='lat' dir='ltr'><strong>formula.</strong></span> <span class='ocrx_word' id='word_1_206' title='bbox 2540 1639 2705 1693; x_wconf 82' lang='lat' dir='ltr'><strong>Paulo</strong></span> <span class='ocrx_word' id='word_1_207' title='bbox 2742 1649 2865 1708; x_wconf 87' lang='lat' dir='ltr'><strong>post</strong></span> <span class='ocrx_word' id='word_1_208' title='bbox 2892 1640 3107 1694; x_wconf 90' lang='lat' dir='ltr'><strong>Arianis</strong></span> <span class='ocrx_word' id='word_1_209' title='bbox 3134 1638 3533 1693; x_wconf 87' lang='lat' dir='ltr'><strong>dominantibus</strong></span> <span class='ocrx_word' id='word_1_210' title='bbox 3552 1654 3682 1693; x_wconf 87' lang='lat' dir='ltr'><strong>suc-</strong></span> 
     </span>
    </p>
   </div>
   <div class='ocr_carea' id='block_1_30' title="bbox 2105 1730 3681 1797">
    <p class='ocr_par' dir='ltr' id='par_1_30' title="bbox 2105 1730 3681 1797">
     <span class='ocr_line' id='line_1_30' title="bbox 2105 1730 3681 1797; baseline -0.001 -14"><span class='ocrx_word' id='word_1_211' title='bbox 2105 1730 2291 1783; x_wconf 91' lang='lat' dir='ltr'><strong>cubuit</strong></span> <span class='ocrx_word' id='word_1_212' title='bbox 2336 1732 2673 1797; x_wconf 87' lang='lat' dir='ltr'><strong>Eustathius,</strong></span> <span class='ocrx_word' id='word_1_213' title='bbox 2732 1746 2795 1785; x_wconf 91' lang='lat' dir='ltr'><strong>ac</strong></span> <span class='ocrx_word' id='word_1_214' title='bbox 2836 1731 3102 1786; x_wconf 60' lang='lat' dir='ltr'><strong>haeretica:</strong></span> <span class='ocrx_word' id='word_1_215' title='bbox 3140 1730 3383 1784; x_wconf 79' lang='lat' dir='ltr'><strong>formula:</strong></span> <span class='ocrx_word' id='word_1_216' title='bbox 3433 1730 3681 1784; x_wconf 86' lang='lat' dir='ltr'><strong>subscri-</strong></span> 
     </span>
    </p>
   </div>
   <div class='ocr_carea' id='block_1_31' title="bbox 436 1818 3677 1891">
    <p class='ocr_par' dir='ltr' id='par_1_31' title="bbox 436 1818 3677 1891">
     <span class='ocr_line' id='line_1_31' title="bbox 436 1818 3677 1891; baseline 0 -18"><span class='ocrx_word' id='word_1_217' title='bbox 436 1822 683 1885; x_wconf 84' lang='lat' dir='ltr'><strong>videhat;</strong></span> <span class='ocrx_word' id='word_1_218' title='bbox 714 1819 1035 1875; x_wconf 89' lang='lat' dir='ltr'><strong>humilitatis</strong></span> <span class='ocrx_word' id='word_1_219' title='bbox 1064 1828 1437 1889; x_wconf 80' lang='lat' dir='ltr'><strong>argumentum</strong></span> <span class='ocrx_word' id='word_1_220' title='bbox 1482 1832 1601 1872; x_wconf 91' lang='lat' dir='ltr'><strong>esse</strong></span> <span class='ocrx_word' id='word_1_221' title='bbox 1644 1818 1876 1872; x_wconf 86' lang='lat' dir='ltr'><strong>ducebat</strong></span> <span class='ocrx_word' id='word_1_222' title='bbox 1907 1819 2005 1871; x_wconf 89' lang='lat' dir='ltr'><strong>hu-</strong></span> <span class='ocrx_word' id='word_1_223' title='bbox 2036 1828 2076 1881; x_wconf 77' lang='grc' dir='ltr'><strong>Β</strong></span> <span class='ocrx_word' id='word_1_224' title='bbox 2108 1824 2235 1890; x_wconf 83' lang='lat' dir='ltr'><strong>psit,</strong></span> <span class='ocrx_word' id='word_1_225' title='bbox 2284 1836 2383 1877; x_wconf 90' lang='lat' dir='ltr'><strong>nec</strong></span> <span class='ocrx_word' id='word_1_226' title='bbox 2428 1831 2608 1875; x_wconf 89' lang='lat' dir='ltr'><strong>tamen</strong></span> <span class='ocrx_word' id='word_1_227' title='bbox 2654 1823 3041 1891; x_wconf 90' lang='lat' dir='ltr'><strong>depositionem</strong></span> <span class='ocrx_word' id='word_1_228' title='bbox 3079 1830 3133 1876; x_wconf 91' lang='lat' dir='ltr'><strong>et</strong></span> <span class='ocrx_word' id='word_1_229' title='bbox 3166 1822 3415 1875; x_wconf 82' lang='lat' dir='ltr'><strong>exsilium</strong></span> <span class='ocrx_word' id='word_1_230' title='bbox 3464 1819 3677 1889; x_wconf 73' lang='lat' dir='ltr'><strong>eﬂugit.</strong></span> 
     </span>
    </p>
   </div>
   <div class='ocr_carea' id='block_1_32' title="bbox 435 1909 2001 1979">
    <p class='ocr_par' dir='ltr' id='par_1_32' title="bbox 435 1909 2001 1979">
     <span class='ocr_line' id='line_1_32' title="bbox 435 1909 2001 1979; baseline -0.001 -13"><span class='ocrx_word' id='word_1_231' title='bbox 435 1914 613 1967; x_wconf 87' lang='lat' dir='ltr'><strong>milem</strong></span> <span class='ocrx_word' id='word_1_232' title='bbox 657 1923 860 1966; x_wconf 90' lang='lat' dir='ltr'><strong>vestem</strong></span> <span class='ocrx_word' id='word_1_233' title='bbox 902 1928 914 1963; x_wconf 93' lang='lat'><strong>:</strong></span> <span class='ocrx_word' id='word_1_234' title='bbox 949 1911 1307 1979; x_wconf 83' lang='lat' dir='ltr'><strong>suSpicionem</strong></span> <span class='ocrx_word' id='word_1_235' title='bbox 1355 1923 1569 1964; x_wconf 89' lang='lat' dir='ltr'><strong>omnem</strong></span> <span class='ocrx_word' id='word_1_236' title='bbox 1624 1909 1881 1963; x_wconf 86' lang='lat' dir='ltr'><strong>arcebant</strong></span> <span class='ocrx_word' id='word_1_237' title='bbox 1932 1910 2001 1964; x_wconf 88' lang='lat' dir='ltr'><strong>ab</strong></span> 
     </span>
    </p>
   </div>
   <div class='ocr_carea' id='block_1_33' title="bbox 431 2003 2001 2074">
    <p class='ocr_par' dir='ltr' id='par_1_33' title="bbox 431 2003 2001 2074">
     <span class='ocr_line' id='line_1_33' title="bbox 431 2003 2001 2074; baseline -0.001 -17"><span class='ocrx_word' id='word_1_238' title='bbox 431 2007 550 2074; x_wconf 88' lang='lat' dir='ltr'><strong>ejus</strong></span> <span class='ocrx_word' id='word_1_239' title='bbox 580 2006 760 2059; x_wconf 90' lang='lat' dir='ltr'><strong>animo</strong></span> <span class='ocrx_word' id='word_1_240' title='bbox 783 2005 1157 2058; x_wconf 90' lang='lat' dir='ltr'><strong>vestimentum</strong></span> <span class='ocrx_word' id='word_1_241' title='bbox 1193 2018 1458 2068; x_wconf 86' lang='lat' dir='ltr'><strong>crassum,</strong></span> <span class='ocrx_word' id='word_1_242' title='bbox 1511 2017 1665 2069; x_wconf 90' lang='lat' dir='ltr'><strong>zona,</strong></span> <span class='ocrx_word' id='word_1_243' title='bbox 1706 2016 1736 2057; x_wconf 88' lang='lat' dir='ltr'><strong>e</strong></span> <span class='ocrx_word' id='word_1_244' title='bbox 1768 2003 1881 2055; x_wconf 89' lang='lat' dir='ltr'><strong>rudi</strong></span> <span class='ocrx_word' id='word_1_245' title='bbox 1910 2017 2001 2055; x_wconf 92' lang='lat' dir='ltr'><strong>co-</strong></span> 
     </span>
    </p>
   </div>
   <div class='ocr_carea' id='block_1_34' title="bbox 437 2094 2002 2162">
    <p class='ocr_par' dir='ltr' id='par_1_34' title="bbox 437 2094 2002 2162">
     <span class='ocr_line' id='line_1_34' title="bbox 437 2094 2002 2162; baseline -0.002 -11"><span class='ocrx_word' id='word_1_246' title='bbox 437 2101 517 2151; x_wconf 92' lang='lat' dir='ltr'><strong>rio</strong></span> <span class='ocrx_word' id='word_1_247' title='bbox 564 2099 955 2161; x_wconf 86' lang='lat' dir='ltr'><strong>calceameuta,</strong></span> <span class='ocrx_word' id='word_1_248' title='bbox 1009 2107 1281 2150; x_wconf 84' lang='lat' dir='ltr'><strong>austerum</strong></span> <span class='ocrx_word' id='word_1_249' title='bbox 1324 2096 1535 2148; x_wconf 88' lang='lat' dir='ltr'><strong>vivendi</strong></span> <span class='ocrx_word' id='word_1_250' title='bbox 1573 2109 1760 2162; x_wconf 91' lang='lat' dir='ltr'><strong>genus.</strong></span> <span class='ocrx_word' id='word_1_251' title='bbox 1818 2094 2002 2162; x_wconf 83' lang='lat' dir='ltr'><strong>Itaque</strong></span> 
     </span>
    </p>
   </div>
   <div class='ocr_carea' id='block_1_35' title="bbox 438 2186 2001 2251">
    <p class='ocr_par' dir='ltr' id='par_1_35' title="bbox 438 2186 2001 2251">
     <span class='ocr_line' id='line_1_35' title="bbox 438 2186 2001 2251; baseline -0.002 -9"><span class='ocrx_word' id='word_1_252' title='bbox 438 2205 685 2245; x_wconf 87' lang='lat' dir='ltr'><strong>morosus</strong></span> <span class='ocrx_word' id='word_1_253' title='bbox 727 2199 845 2243; x_wconf 88' lang='lat' dir='ltr'><strong>erat</strong></span> <span class='ocrx_word' id='word_1_254' title='bbox 887 2190 1056 2242; x_wconf 87' lang='lat' dir='ltr'><strong>laudis</strong></span> <span class='ocrx_word' id='word_1_255' title='bbox 1086 2188 1351 2241; x_wconf 88' lang='lat' dir='ltr'><strong>Eustathii</strong></span> <span class='ocrx_word' id='word_1_256' title='bbox 1388 2187 1670 2251; x_wconf 87' lang='lat' dir='ltr'><strong>defensor;</strong></span> <span class='ocrx_word' id='word_1_257' title='bbox 1716 2200 1778 2239; x_wconf 89' lang='lat' dir='ltr'><strong>ac</strong></span> <span class='ocrx_word' id='word_1_258' title='bbox 1819 2201 1884 2239; x_wconf 86' lang='lat' dir='ltr'><strong>ne</strong></span> <span class='ocrx_word' id='word_1_259' title='bbox 1914 2186 2001 2239; x_wconf 90' lang='lat' dir='ltr'><strong>illa</strong></span> 
     </span>
    </p>
   </div>
   <div class='ocr_carea' id='block_1_36' title="bbox 434 2279 1999 2349">
    <p class='ocr_par' dir='ltr' id='par_1_36' title="bbox 434 2279 1999 2349">
     <span class='ocr_line' id='line_1_36' title="bbox 434 2279 1999 2349; baseline -0.003 -17"><span class='ocrx_word' id='word_1_260' title='bbox 434 2282 649 2349; x_wconf 86' lang='lat' dir='ltr'><strong>quidem</strong></span> <span class='ocrx_word' id='word_1_261' title='bbox 683 2281 964 2347; x_wconf 79' lang='lat' dir='ltr'><strong>probabat,</strong></span> <span class='ocrx_word' id='word_1_262' title='bbox 992 2296 1110 2348; x_wconf 70' lang='lat' dir='ltr'><strong>quae</strong></span> <span class='ocrx_word' id='word_1_263' title='bbox 1136 2281 1201 2333; x_wconf 90' lang='lat' dir='ltr'><strong>de</strong></span> <span class='ocrx_word' id='word_1_264' title='bbox 1225 2279 1363 2332; x_wconf 91' lang='lat' dir='ltr'><strong>illius</strong></span> <span class='ocrx_word' id='word_1_265' title='bbox 1388 2280 1488 2333; x_wconf 85' lang='lat' dir='ltr'><strong>ﬁde</strong></span> <span class='ocrx_word' id='word_1_266' title='bbox 1516 2280 1847 2340; x_wconf 88' lang='lat' dir='ltr'><strong>dicebantur,</strong></span> <span class='ocrx_word' id='word_1_267' title='bbox 1878 2292 1999 2329; x_wconf 92' lang='lat' dir='ltr'><strong>eum</strong></span> 
     </span>
    </p>
   </div>
   <div class='ocr_carea' id='block_1_37' title="bbox 431 2370 1997 2440">
    <p class='ocr_par' dir='ltr' id='par_1_37' title="bbox 431 2370 1997 2440">
     <span class='ocr_line' id='line_1_37' title="bbox 431 2370 1997 2440; baseline -0.002 -16"><span class='ocrx_word' id='word_1_268' title='bbox 431 2375 499 2426; x_wconf 92' lang='lat' dir='ltr'><strong>ab</strong></span> <span class='ocrx_word' id='word_1_269' title='bbox 530 2374 657 2424; x_wconf 85' lang='lat' dir='ltr'><strong>Ario</strong></span> <span class='ocrx_word' id='word_1_270' title='bbox 687 2373 935 2425; x_wconf 88' lang='lat' dir='ltr'><strong>edoctmn</strong></span> <span class='ocrx_word' id='word_1_271' title='bbox 968 2386 1107 2434; x_wconf 88' lang='lat' dir='ltr'><strong>esse,</strong></span> <span class='ocrx_word' id='word_1_272' title='bbox 1150 2387 1213 2425; x_wconf 90' lang='lat' dir='ltr'><strong>ac</strong></span> <span class='ocrx_word' id='word_1_273' title='bbox 1246 2372 1357 2424; x_wconf 85' lang='lat' dir='ltr'><strong>Arii</strong></span> <span class='ocrx_word' id='word_1_274' title='bbox 1391 2372 1637 2440; x_wconf 77' lang='lat' dir='ltr'><strong>dogmata</strong></span> <span class='ocrx_word' id='word_1_275' title='bbox 1673 2370 1810 2424; x_wconf 89' lang='lat' dir='ltr'><strong>clam</strong></span> <span class='ocrx_word' id='word_1_276' title='bbox 1846 2384 1997 2436; x_wconf 84' lang='lat' dir='ltr'><strong>spar-</strong></span> 
     </span>
    </p>
   </div>
   <div class='ocr_carea' id='block_1_38' title="bbox 431 2459 2000 2533">
    <p class='ocr_par' dir='ltr' id='par_1_38' title="bbox 431 2459 2000 2533">
     <span class='ocr_line' id='line_1_38' title="bbox 431 2459 2000 2533; baseline 0 -20"><span class='ocrx_word' id='word_1_277' title='bbox 431 2475 594 2528; x_wconf 82' lang='lat' dir='ltr'><strong>gere;</strong></span> <span class='ocrx_word' id='word_1_278' title='bbox 624 2460 716 2513; x_wconf 88' lang='lat' dir='ltr'><strong>sed</strong></span> <span class='ocrx_word' id='word_1_279' title='bbox 754 2476 873 2513; x_wconf 91' lang='lat' dir='ltr'><strong>cum</strong></span> <span class='ocrx_word' id='word_1_280' title='bbox 917 2462 1029 2512; x_wconf 71' lang='lat' dir='ltr'><strong>lucc</strong></span> <span class='ocrx_word' id='word_1_281' title='bbox 1066 2459 1294 2514; x_wconf 86' lang='lat' dir='ltr'><strong>Basilius</strong></span> <span class='ocrx_word' id='word_1_282' title='bbox 1344 2476 1615 2533; x_wconf 88' lang='lat' dir='ltr'><strong>nunquam</strong></span> <span class='ocrx_word' id='word_1_283' title='bbox 1656 2460 1770 2525; x_wconf 90' lang='lat' dir='ltr'><strong>ipse</strong></span> <span class='ocrx_word' id='word_1_284' title='bbox 1812 2473 1908 2527; x_wconf 90' lang='lat' dir='ltr'><strong>per</strong></span> <span class='ocrx_word' id='word_1_285' title='bbox 1942 2474 2000 2513; x_wconf 88' lang='lat' dir='ltr'><strong>se</strong></span> 
     </span>
    </p>
   </div>
   <div class='ocr_carea' id='block_1_39' title="bbox 434 2551 2000 2621">
    <p class='ocr_par' dir='ltr' id='par_1_39' title="bbox 434 2551 2000 2621">
     <span class='ocr_line' id='line_1_39' title="bbox 434 2551 2000 2621; baseline 0 -18"><span class='ocrx_word' id='word_1_286' title='bbox 434 2552 711 2614; x_wconf 89' lang='lat' dir='ltr'><strong>audiissct,</strong></span> <span class='ocrx_word' id='word_1_287' title='bbox 748 2552 1113 2621; x_wconf 86' lang='lat' dir='ltr'><strong>sycophantas</strong></span> <span class='ocrx_word' id='word_1_288' title='bbox 1155 2566 1274 2606; x_wconf 85' lang='lat' dir='ltr'><strong>esse</strong></span> <span class='ocrx_word' id='word_1_289' title='bbox 1314 2551 1552 2621; x_wconf 88' lang='lat' dir='ltr'><strong>putabat,</strong></span> <span class='ocrx_word' id='word_1_290' title='bbox 1584 2552 1675 2617; x_wconf 89' lang='lat' dir='ltr'><strong>qui</strong></span> <span class='ocrx_word' id='word_1_291' title='bbox 1714 2552 1824 2605; x_wconf 70' lang='lat' dir='ltr'><strong>lucc</strong></span> <span class='ocrx_word' id='word_1_292' title='bbox 1852 2566 2000 2603; x_wconf 91' lang='lat' dir='ltr'><strong>nun—</strong></span> 
     </span>
    </p>
   </div>
   <div class='ocr_carea' id='block_1_40' title="bbox 435 2641 2000 2712">
    <p class='ocr_par' dir='ltr' id='par_1_40' title="bbox 435 2641 2000 2712">
     <span class='ocr_line' id='line_1_40' title="bbox 435 2641 2000 2712; baseline 0.001 -19"><span class='ocrx_word' id='word_1_293' title='bbox 435 2645 658 2696; x_wconf 88' lang='lat' dir='ltr'><strong>tiabant.</strong></span> <span class='ocrx_word' id='word_1_294' title='bbox 684 2641 942 2711; x_wconf 83' lang='lat' dir='ltr'><strong>Equidem</strong></span> <span class='ocrx_word' id='word_1_295' title='bbox 969 2657 1073 2695; x_wconf 89' lang='lat' dir='ltr'><strong>non</strong></span> <span class='ocrx_word' id='word_1_296' title='bbox 1110 2644 1277 2697; x_wconf 90' lang='lat' dir='ltr'><strong>miror</strong></span> <span class='ocrx_word' id='word_1_297' title='bbox 1307 2644 1359 2696; x_wconf 91' lang='lat' dir='ltr'><strong>in</strong></span> <span class='ocrx_word' id='word_1_298' title='bbox 1388 2642 1673 2696; x_wconf 89' lang='lat' dir='ltr'><strong>candidum</strong></span> <span class='ocrx_word' id='word_1_299' title='bbox 1697 2641 1877 2695; x_wconf 86' lang='lat' dir='ltr'><strong>Basilii</strong></span> <span class='ocrx_word' id='word_1_300' title='bbox 1909 2657 2000 2712; x_wconf 87' lang='lat' dir='ltr'><strong>pe-</strong></span> 
     </span>
    </p>
   </div>
   <div class='ocr_carea' id='block_1_41' title="bbox 434 2736 1999 2803">
    <p class='ocr_par' dir='ltr' id='par_1_41' title="bbox 434 2736 1999 2803">
     <span class='ocr_line' id='line_1_41' title="bbox 434 2736 1999 2803; baseline 0.001 -16"><span class='ocrx_word' id='word_1_301' title='bbox 434 2748 553 2789; x_wconf 84' lang='lat' dir='ltr'><strong>etus</strong></span> <span class='ocrx_word' id='word_1_302' title='bbox 578 2736 779 2788; x_wconf 90' lang='lat' dir='ltr'><strong>aditum</strong></span> <span class='ocrx_word' id='word_1_303' title='bbox 824 2751 927 2789; x_wconf 91' lang='lat' dir='ltr'><strong>non</strong></span> <span class='ocrx_word' id='word_1_304' title='bbox 960 2736 1230 2801; x_wconf 86' lang='lat' dir='ltr'><strong>habuisse,</strong></span> <span class='ocrx_word' id='word_1_305' title='bbox 1270 2751 1390 2803; x_wconf 70' lang='lat' dir='ltr'><strong>qua:</strong></span> <span class='ocrx_word' id='word_1_306' title='bbox 1422 2737 1491 2791; x_wconf 93' lang='lat' dir='ltr'><strong>de</strong></span> <span class='ocrx_word' id='word_1_307' title='bbox 1531 2737 1810 2791; x_wconf 87' lang='lat' dir='ltr'><strong>Eustathio</strong></span> <span class='ocrx_word' id='word_1_308' title='bbox 1857 2738 1999 2789; x_wconf 89' lang='lat' dir='ltr'><strong>dice-</strong></span> 
     </span>
    </p>
   </div>
   <div class='ocr_carea' id='block_1_42' title="bbox 437 2827 2001 2895">
    <p class='ocr_par' dir='ltr' id='par_1_42' title="bbox 437 2827 2001 2895">
     <span class='ocr_line' id='line_1_42' title="bbox 437 2827 2001 2895; baseline -0.001 -15"><span class='ocrx_word' id='word_1_309' title='bbox 437 2830 648 2880; x_wconf 87' lang='lat' dir='ltr'><strong>bantur.</strong></span> <span class='ocrx_word' id='word_1_310' title='bbox 682 2827 929 2893; x_wconf 65' lang='lat' dir='ltr'><strong>Acer-pne</strong></span> <span class='ocrx_word' id='word_1_311' title='bbox 972 2827 1114 2878; x_wconf 89' lang='lat' dir='ltr'><strong>enim</strong></span> <span class='ocrx_word' id='word_1_312' title='bbox 1161 2827 1228 2879; x_wconf 89' lang='lat' dir='ltr'><strong>ab</strong></span> <span class='ocrx_word' id='word_1_313' title='bbox 1269 2828 1400 2881; x_wconf 90' lang='lat' dir='ltr'><strong>Ario</strong></span> <span class='ocrx_word' id='word_1_314' title='bbox 1439 2828 1729 2895; x_wconf 76' lang='lat' dir='ltr'><strong>disciplina:</strong></span> <span class='ocrx_word' id='word_1_315' title='bbox 1762 2837 1881 2893; x_wconf 88' lang='lat' dir='ltr'><strong>post</strong></span> <span class='ocrx_word' id='word_1_316' title='bbox 1925 2838 2001 2881; x_wconf 91' lang='lat' dir='ltr'><strong>tot</strong></span> 
     </span>
    </p>
   </div>
   <div class='ocr_carea' id='block_1_43' title="bbox 432 2918 1993 2988">
    <p class='ocr_par' dir='ltr' id='par_1_43' title="bbox 432 2918 1993 2988">
     <span class='ocr_line' id='line_1_43' title="bbox 432 2918 1993 2988; baseline 0 -17"><span class='ocrx_word' id='word_1_317' title='bbox 432 2934 602 2971; x_wconf 87' lang='lat' dir='ltr'><strong>annos</strong></span> <span class='ocrx_word' id='word_1_318' title='bbox 624 2920 709 2971; x_wconf 83' lang='lat' dir='ltr'><strong>vix</strong></span> <span class='ocrx_word' id='word_1_319' title='bbox 734 2918 843 2987; x_wconf 90' lang='lat' dir='ltr'><strong>jam</strong></span> <span class='ocrx_word' id='word_1_320' title='bbox 874 2918 962 2969; x_wconf 93' lang='lat' dir='ltr'><strong>ulli</strong></span> <span class='ocrx_word' id='word_1_321' title='bbox 991 2927 1154 2971; x_wconf 89' lang='lat' dir='ltr'><strong>testes</strong></span> <span class='ocrx_word' id='word_1_322' title='bbox 1188 2921 1239 2970; x_wconf 93' lang='lat' dir='ltr'><strong>in</strong></span> <span class='ocrx_word' id='word_1_323' title='bbox 1264 2918 1601 2988; x_wconf 81' lang='lat' dir='ltr'><strong>Cappadocia</strong></span> <span class='ocrx_word' id='word_1_324' title='bbox 1638 2929 1955 2988; x_wconf 87' lang='lat' dir='ltr'><strong>supererant</strong></span> <span class='ocrx_word' id='word_1_325' title='bbox 1982 2938 1993 2972; x_wconf 94' lang='lat'>:</span> 
     </span>
    </p>
   </div>
   <div class='ocr_carea' id='block_1_44' title="bbox 433 3012 1999 3081">
    <p class='ocr_par' dir='ltr' id='par_1_44' title="bbox 433 3012 1999 3081">
     <span class='ocr_line' id='line_1_44' title="bbox 433 3012 1999 3081; baseline 0 -14"><span class='ocrx_word' id='word_1_326' title='bbox 433 3012 697 3067; x_wconf 89' lang='lat' dir='ltr'><strong>occultum</strong></span> <span class='ocrx_word' id='word_1_327' title='bbox 746 3012 983 3081; x_wconf 83' lang='lat' dir='ltr'><strong>ejusdem</strong></span> <span class='ocrx_word' id='word_1_328' title='bbox 1036 3012 1252 3066; x_wconf 74' lang='lat' dir='ltr'><strong>luercsis</strong></span> <span class='ocrx_word' id='word_1_329' title='bbox 1290 3013 1524 3066; x_wconf 81' lang='lat' dir='ltr'><strong>studium</strong></span> <span class='ocrx_word' id='word_1_330' title='bbox 1573 3029 1675 3066; x_wconf 88' lang='lat' dir='ltr'><strong>non</strong></span> <span class='ocrx_word' id='word_1_331' title='bbox 1710 3014 1863 3067; x_wconf 88' lang='lat' dir='ltr'><strong>facile</strong></span> <span class='ocrx_word' id='word_1_332' title='bbox 1905 3015 1999 3067; x_wconf 90' lang='lat' dir='ltr'><strong>de-</strong></span> 
     </span>
    </p>
   </div>
   <div class='ocr_carea' id='block_1_45' title="bbox 435 3102 1999 3175">
    <p class='ocr_par' dir='ltr' id='par_1_45' title="bbox 435 3102 1999 3175">
     <span class='ocr_line' id='line_1_45' title="bbox 435 3102 1999 3175; baseline -0.001 -17"><span class='ocrx_word' id='word_1_333' title='bbox 435 3104 689 3175; x_wconf 87' lang='lat' dir='ltr'><strong>prehendi</strong></span> <span class='ocrx_word' id='word_1_334' title='bbox 718 3113 947 3172; x_wconf 88' lang='lat' dir='ltr'><strong>poterat.</strong></span> <span class='ocrx_word' id='word_1_335' title='bbox 982 3102 1086 3157; x_wconf 87' lang='lat' dir='ltr'><strong>Sed</strong></span> <span class='ocrx_word' id='word_1_336' title='bbox 1124 3119 1361 3158; x_wconf 88' lang='lat' dir='ltr'><strong>amorem</strong></span> <span class='ocrx_word' id='word_1_337' title='bbox 1408 3106 1460 3157; x_wconf 92' lang='lat' dir='ltr'><strong>in</strong></span> <span class='ocrx_word' id='word_1_338' title='bbox 1502 3104 1837 3158; x_wconf 86' lang='lat' dir='ltr'><strong>Eustathium</strong></span> <span class='ocrx_word' id='word_1_339' title='bbox 1886 3104 1999 3159; x_wconf 86' lang='lat' dir='ltr'><strong>lon-</strong></span> 
     </span>
    </p>
   </div>
   <div class='ocr_carea' id='block_1_46' title="bbox 2108 1909 3682 1979">
    <p class='ocr_par' dir='ltr' id='par_1_46' title="bbox 2108 1909 3682 1979">
     <span class='ocr_line' id='line_1_46' title="bbox 2108 1909 3682 1979; baseline -0.003 -15"><span class='ocrx_word' id='word_1_340' title='bbox 2108 1912 2290 1965; x_wconf 71' lang='lat' dir='ltr'><strong>ltediit</strong></span> <span class='ocrx_word' id='word_1_341' title='bbox 2310 1913 2409 1964; x_wconf 87' lang='lat' dir='ltr'><strong>sub</strong></span> <span class='ocrx_word' id='word_1_342' title='bbox 2431 1910 2668 1974; x_wconf 85' lang='lat' dir='ltr'><strong>Juliano,</strong></span> <span class='ocrx_word' id='word_1_343' title='bbox 2704 1926 2766 1965; x_wconf 89' lang='lat' dir='ltr'><strong>ac</strong></span> <span class='ocrx_word' id='word_1_344' title='bbox 2790 1912 2952 1965; x_wconf 91' lang='lat' dir='ltr'><strong>variis</strong></span> <span class='ocrx_word' id='word_1_345' title='bbox 2975 1912 3226 1979; x_wconf 89' lang='lat' dir='ltr'><strong>deinceps</strong></span> <span class='ocrx_word' id='word_1_346' title='bbox 3259 1909 3502 1965; x_wconf 90' lang='lat' dir='ltr'><strong>formulis</strong></span> <span class='ocrx_word' id='word_1_347' title='bbox 3540 1912 3682 1963; x_wconf 87' lang='lat' dir='ltr'><strong>sub-</strong></span> 
     </span>
    </p>
   </div>
   <div class='ocr_carea' id='block_1_47' title="bbox 2107 2002 3678 2073">
    <p class='ocr_par' dir='ltr' id='par_1_47' title="bbox 2107 2002 3678 2073">
     <span class='ocr_line' id='line_1_47' title="bbox 2107 2002 3678 2073; baseline -0.002 -15"><span class='ocrx_word' id='word_1_348' title='bbox 2107 2004 2321 2072; x_wconf 84' lang='lat' dir='ltr'><strong>scripsit</strong></span> <span class='ocrx_word' id='word_1_349' title='bbox 2349 2004 2493 2057; x_wconf 88' lang='lat' dir='ltr'><strong>Zelis</strong></span> <span class='ocrx_word' id='word_1_350' title='bbox 2519 2013 2571 2057; x_wconf 89' lang='lat' dir='ltr'><strong>et</strong></span> <span class='ocrx_word' id='word_1_351' title='bbox 2597 2004 2899 2073; x_wconf 89' lang='lat' dir='ltr'><strong>Lampsaci,</strong></span> <span class='ocrx_word' id='word_1_352' title='bbox 2931 2004 3146 2057; x_wconf 86' lang='lat' dir='ltr'><strong>Arianis</strong></span> <span class='ocrx_word' id='word_1_353' title='bbox 3167 2017 3379 2070; x_wconf 89' lang='lat' dir='ltr'><strong>semper</strong></span> <span class='ocrx_word' id='word_1_354' title='bbox 3405 2002 3678 2068; x_wconf 87' lang='lat' dir='ltr'><strong>infensus,</strong></span> 
     </span>
    </p>
   </div>
   <div class='ocr_carea' id='block_1_48' title="bbox 2107 2093 3680 2164">
    <p class='ocr_par' dir='ltr' id='par_1_48' title="bbox 2107 2093 3680 2164">
     <span class='ocr_line' id='line_1_48' title="bbox 2107 2093 3680 2164; baseline -0.002 -16"><span class='ocrx_word' id='word_1_355' title='bbox 2107 2104 2302 2149; x_wconf 89' lang='lat' dir='ltr'><strong>etcum</strong></span> <span class='ocrx_word' id='word_1_356' title='bbox 2334 2097 2398 2149; x_wconf 87' lang='lat' dir='ltr'><strong>iis</strong></span> <span class='ocrx_word' id='word_1_357' title='bbox 2428 2096 2516 2164; x_wconf 90' lang='lat' dir='ltr'><strong>qui</strong></span> <span class='ocrx_word' id='word_1_358' title='bbox 2555 2093 2876 2149; x_wconf 89' lang='lat' dir='ltr'><strong>Semiariani</strong></span> <span class='ocrx_word' id='word_1_359' title='bbox 2910 2094 3247 2159; x_wconf 85' lang='lat' dir='ltr'><strong>dicebantur,</strong></span> <span class='ocrx_word' id='word_1_360' title='bbox 3276 2103 3420 2148; x_wconf 91' lang='lat' dir='ltr'><strong>arcte</strong></span> <span class='ocrx_word' id='word_1_361' title='bbox 3440 2095 3680 2162; x_wconf 86' lang='lat' dir='ltr'><strong>conjun-</strong></span> 
     </span>
    </p>
   </div>
   <div class='ocr_carea' id='block_1_49' title="bbox 2107 2181 3680 2253">
    <p class='ocr_par' dir='ltr' id='par_1_49' title="bbox 2107 2181 3680 2253">
     <span class='ocr_line' id='line_1_49' title="bbox 2107 2181 3680 2253; baseline -0.003 -14"><span class='ocrx_word' id='word_1_362' title='bbox 2107 2195 2249 2239; x_wconf 90' lang='lat' dir='ltr'><strong>ctus.</strong></span> <span class='ocrx_word' id='word_1_363' title='bbox 2275 2186 2380 2239; x_wconf 89' lang='lat' dir='ltr'><strong>Sed</strong></span> <span class='ocrx_word' id='word_1_364' title='bbox 2420 2194 2594 2238; x_wconf 88' lang='lat' dir='ltr'><strong>tamen</strong></span> <span class='ocrx_word' id='word_1_365' title='bbox 2636 2185 3006 2253; x_wconf 87' lang='lat' dir='ltr'><strong>persecutione</strong></span> <span class='ocrx_word' id='word_1_366' title='bbox 3035 2193 3156 2252; x_wconf 88' lang='lat' dir='ltr'><strong>post</strong></span> <span class='ocrx_word' id='word_1_367' title='bbox 3187 2183 3475 2237; x_wconf 88' lang='lat' dir='ltr'><strong>concilium</strong></span> <span class='ocrx_word' id='word_1_368' title='bbox 3506 2181 3680 2235; x_wconf 86' lang='lat' dir='ltr'><strong>Lam-</strong></span> 
     </span>
    </p>
   </div>
   <div class='ocr_carea' id='block_1_50' title="bbox 2108 2274 3682 2347">
    <p class='ocr_par' dir='ltr' id='par_1_50' title="bbox 2108 2274 3682 2347">
     <span class='ocr_line' id='line_1_50' title="bbox 2108 2274 3682 2347; baseline -0.002 -16"><span class='ocrx_word' id='word_1_369' title='bbox 2108 2293 2397 2347; x_wconf 81' lang='lat' dir='ltr'><strong>psacenuni</strong></span> <span class='ocrx_word' id='word_1_370' title='bbox 2429 2278 2851 2347; x_wconf 82' lang='lat' dir='ltr'><strong>ingravescente,</strong></span> <span class='ocrx_word' id='word_1_371' title='bbox 2899 2276 3217 2344; x_wconf 85' lang='lat' dir='ltr'><strong>subscripsit</strong></span> <span class='ocrx_word' id='word_1_372' title='bbox 3260 2276 3527 2330; x_wconf 61' lang='lat' dir='ltr'><strong>harretica:</strong></span> <span class='ocrx_word' id='word_1_373' title='bbox 3561 2274 3682 2329; x_wconf 89' lang='lat' dir='ltr'><strong>for-</strong></span> 
     </span>
    </p>
   </div>
   <div class='ocr_carea' id='block_1_51' title="bbox 2108 2367 3681 2437">
    <p class='ocr_par' dir='ltr' id='par_1_51' title="bbox 2108 2367 3681 2437">
     <span class='ocr_line' id='line_1_51' title="bbox 2108 2367 3681 2437; baseline -0.002 -14"><span class='ocrx_word' id='word_1_374' title='bbox 2108 2370 2264 2423; x_wconf 68' lang='lat' dir='ltr'><strong>malm</strong></span> <span class='ocrx_word' id='word_1_375' title='bbox 2297 2387 2310 2423; x_wconf 91' lang='lat'>:</span> <span class='ocrx_word' id='word_1_376' title='bbox 2348 2379 2545 2423; x_wconf 90' lang='lat' dir='ltr'><strong>etcum</strong></span> <span class='ocrx_word' id='word_1_377' title='bbox 2572 2384 2633 2421; x_wconf 89' lang='lat' dir='ltr'><strong>ea</strong></span> <span class='ocrx_word' id='word_1_378' title='bbox 2664 2383 2750 2422; x_wconf 88' lang='lat' dir='ltr'><strong>res</strong></span> <span class='ocrx_word' id='word_1_379' title='bbox 2778 2382 3027 2437; x_wconf 89' lang='lat' dir='ltr'><strong>magnum</strong></span> <span class='ocrx_word' id='word_1_380' title='bbox 3064 2368 3181 2436; x_wconf 92' lang='lat' dir='ltr'><strong>ejus</strong></span> <span class='ocrx_word' id='word_1_381' title='bbox 3209 2367 3409 2421; x_wconf 90' lang='lat' dir='ltr'><strong>nomini</strong></span> <span class='ocrx_word' id='word_1_382' title='bbox 3436 2367 3681 2421; x_wconf 88' lang='lat' dir='ltr'><strong>dedecus</strong></span> 
     </span>
    </p>
   </div>
   <div class='ocr_carea' id='block_1_52' title="bbox 2108 2459 3683 2527">
    <p class='ocr_par' dir='ltr' id='par_1_52' title="bbox 2108 2459 3683 2527">
     <span class='ocr_line' id='line_1_52' title="bbox 2108 2459 3683 2527; baseline -0.001 -13"><span class='ocrx_word' id='word_1_383' title='bbox 2108 2462 2366 2524; x_wconf 90' lang='lat' dir='ltr'><strong>inureret,</strong></span> <span class='ocrx_word' id='word_1_384' title='bbox 2402 2459 2626 2514; x_wconf 82' lang='lat' dir='ltr'><strong>Romam</strong></span> <span class='ocrx_word' id='word_1_385' title='bbox 2658 2459 2830 2527; x_wconf 89' lang='lat' dir='ltr'><strong>petiit,</strong></span> <span class='ocrx_word' id='word_1_386' title='bbox 2856 2460 2944 2514; x_wconf 90' lang='lat' dir='ltr'><strong>ubi</strong></span> <span class='ocrx_word' id='word_1_387' title='bbox 2971 2459 3240 2514; x_wconf 69' lang='lat' dir='ltr'><strong>Nicaanam</strong></span> <span class='ocrx_word' id='word_1_388' title='bbox 3282 2459 3439 2511; x_wconf 79' lang='lat' dir='ltr'><strong>fidem</strong></span> <span class='ocrx_word' id='word_1_389' title='bbox 3464 2460 3683 2527; x_wconf 79' lang='lat' dir='ltr'><strong>profes-</strong></span> 
     </span>
    </p>
   </div>
   <div class='ocr_carea' id='block_1_53' title="bbox 2105 2549 3681 2620">
    <p class='ocr_par' dir='ltr' id='par_1_53' title="bbox 2105 2549 3681 2620">
     <span class='ocr_line' id='line_1_53' title="bbox 2105 2549 3681 2620; baseline -0.001 -16"><span class='ocrx_word' id='word_1_390' title='bbox 2105 2567 2199 2605; x_wconf 90' lang='lat' dir='ltr'><strong>sus</strong></span> <span class='ocrx_word' id='word_1_391' title='bbox 2244 2560 2344 2615; x_wconf 90' lang='lat' dir='ltr'><strong>est,</strong></span> <span class='ocrx_word' id='word_1_392' title='bbox 2398 2565 2462 2604; x_wconf 89' lang='lat' dir='ltr'><strong>ac</strong></span> <span class='ocrx_word' id='word_1_393' title='bbox 2488 2566 2551 2604; x_wconf 92' lang='lat' dir='ltr'><strong>ea</strong></span> <span class='ocrx_word' id='word_1_394' title='bbox 2587 2550 2892 2605; x_wconf 91' lang='lat' dir='ltr'><strong>conditione</strong></span> <span class='ocrx_word' id='word_1_395' title='bbox 2924 2564 2957 2603; x_wconf 88' lang='lat' dir='ltr'><strong>a</strong></span> <span class='ocrx_word' id='word_1_396' title='bbox 2987 2549 3201 2605; x_wconf 87' lang='lat' dir='ltr'><strong>Liberio</strong></span> <span class='ocrx_word' id='word_1_397' title='bbox 3236 2564 3367 2619; x_wconf 73' lang='lat' dir='ltr'><strong>papa</strong></span> <span class='ocrx_word' id='word_1_398' title='bbox 3402 2553 3681 2620; x_wconf 82' lang='lat' dir='ltr'><strong>receptus.</strong></span> 
     </span>
    </p>
   </div>
   <div class='ocr_carea' id='block_1_54' title="bbox 2107 2641 3686 2710">
    <p class='ocr_par' dir='ltr' id='par_1_54' title="bbox 2107 2641 3686 2710">
     <span class='ocr_line' id='line_1_54' title="bbox 2107 2641 3686 2710; baseline 0.001 -15"><span class='ocrx_word' id='word_1_399' title='bbox 2107 2641 2338 2697; x_wconf 85' lang='lat' dir='ltr'><strong>Rediens</strong></span> <span class='ocrx_word' id='word_1_400' title='bbox 2363 2641 2616 2705; x_wconf 91' lang='lat' dir='ltr'><strong>libellum,</strong></span> <span class='ocrx_word' id='word_1_401' title='bbox 2642 2642 2732 2710; x_wconf 88' lang='lat' dir='ltr'><strong>qui</strong></span> <span class='ocrx_word' id='word_1_402' title='bbox 2755 2642 2999 2696; x_wconf 88' lang='lat' dir='ltr'><strong>eamdem</strong></span> <span class='ocrx_word' id='word_1_403' title='bbox 3024 2641 3179 2695; x_wconf 84' lang='lat' dir='ltr'><strong>[idem</strong></span> <span class='ocrx_word' id='word_1_404' title='bbox 3209 2641 3546 2705; x_wconf 88' lang='lat' dir='ltr'><strong>continebat,</strong></span> <span class='ocrx_word' id='word_1_405' title='bbox 3581 2642 3686 2697; x_wconf 79' lang='lat' dir='ltr'><strong>ob-</strong></span> 
     </span>
    </p>
   </div>
   <div class='ocr_carea' id='block_1_55' title="bbox 2108 2731 3680 2802">
    <p class='ocr_par' dir='ltr' id='par_1_55' title="bbox 2108 2731 3680 2802">
     <span class='ocr_line' id='line_1_55' title="bbox 2108 2731 3680 2802; baseline -0.001 -15"><span class='ocrx_word' id='word_1_406' title='bbox 2108 2733 2227 2787; x_wconf 90' lang='lat' dir='ltr'><strong>tulit</strong></span> <span class='ocrx_word' id='word_1_407' title='bbox 2252 2734 2459 2802; x_wconf 83' lang='lat' dir='ltr'><strong>synodo</strong></span> <span class='ocrx_word' id='word_1_408' title='bbox 2494 2732 2823 2801; x_wconf 87' lang='lat' dir='ltr'><strong>Thyanensi.</strong></span> <span class='ocrx_word' id='word_1_409' title='bbox 2854 2731 3038 2786; x_wconf 82' lang='lat' dir='ltr'><strong>Crevit</strong></span> <span class='ocrx_word' id='word_1_410' title='bbox 3078 2732 3403 2787; x_wconf 86' lang='lat' dir='ltr'><strong>Arianorum</strong></span> <span class='ocrx_word' id='word_1_411' title='bbox 3431 2733 3680 2800; x_wconf 88' lang='lat' dir='ltr'><strong>potentia</strong></span> 
     </span>
    </p>
   </div>
   <div class='ocr_carea' id='block_1_56' title="bbox 2105 2822 3681 2887">
    <p class='ocr_par' dir='ltr' id='par_1_56' title="bbox 2105 2822 3681 2887">
     <span class='ocr_line' id='line_1_56' title="bbox 2105 2822 3681 2887; baseline -0.001 -8"><span class='ocrx_word' id='word_1_412' title='bbox 2105 2825 2205 2879; x_wconf 87' lang='lat' dir='ltr'><strong>sub</strong></span> <span class='ocrx_word' id='word_1_413' title='bbox 2236 2823 2481 2887; x_wconf 84' lang='lat' dir='ltr'><strong>Valente,</strong></span> <span class='ocrx_word' id='word_1_414' title='bbox 2531 2838 2595 2877; x_wconf 90' lang='lat' dir='ltr'><strong>ac</strong></span> <span class='ocrx_word' id='word_1_415' title='bbox 2638 2834 2837 2877; x_wconf 91' lang='lat' dir='ltr'><strong>metum</strong></span> <span class='ocrx_word' id='word_1_416' title='bbox 2884 2823 3061 2876; x_wconf 91' lang='lat' dir='ltr'><strong>intulit</strong></span> <span class='ocrx_word' id='word_1_417' title='bbox 3092 2822 3394 2887; x_wconf 85' lang='lat' dir='ltr'><strong>Eustathio,</strong></span> <span class='ocrx_word' id='word_1_418' title='bbox 3452 2839 3520 2879; x_wconf 92' lang='lat' dir='ltr'><strong>ne</strong></span> <span class='ocrx_word' id='word_1_419' title='bbox 3548 2839 3681 2878; x_wconf 88' lang='lat' dir='ltr'><strong>sen-</strong></span> 
     </span>
    </p>
   </div>
   <div class='ocr_carea' id='block_1_57' title="bbox 2107 2913 3679 2981">
    <p class='ocr_par' dir='ltr' id='par_1_57' title="bbox 2107 2913 3679 2981">
     <span class='ocr_line' id='line_1_57' title="bbox 2107 2913 3679 2981; baseline 0 -14"><span class='ocrx_word' id='word_1_420' title='bbox 2107 2917 2270 2969; x_wconf 89' lang='lat' dir='ltr'><strong>tentia</strong></span> <span class='ocrx_word' id='word_1_421' title='bbox 2293 2916 2343 2968; x_wconf 95' lang='lat' dir='ltr'><strong>in</strong></span> <span class='ocrx_word' id='word_1_422' title='bbox 2376 2931 2496 2969; x_wconf 85' lang='lat' dir='ltr'><strong>eum</strong></span> <span class='ocrx_word' id='word_1_423' title='bbox 2532 2915 2659 2969; x_wconf 90' lang='lat' dir='ltr'><strong>olim</strong></span> <span class='ocrx_word' id='word_1_424' title='bbox 2691 2913 2796 2967; x_wconf 91' lang='lat' dir='ltr'><strong>lata</strong></span> <span class='ocrx_word' id='word_1_425' title='bbox 2830 2924 3198 2969; x_wconf 89' lang='lat' dir='ltr'><strong>renovaretur.</strong></span> <span class='ocrx_word' id='word_1_426' title='bbox 3235 2914 3413 2981; x_wconf 85' lang='lat' dir='ltr'><strong>Quare</strong></span> <span class='ocrx_word' id='word_1_427' title='bbox 3436 2916 3679 2970; x_wconf 86' lang='lat' dir='ltr'><strong>medium</strong></span> 
     </span>
    </p>
   </div>
   <div class='ocr_carea' id='block_1_58' title="bbox 2104 3004 3680 3069">
    <p class='ocr_par' dir='ltr' id='par_1_58' title="bbox 2104 3004 3680 3069">
     <span class='ocr_line' id='line_1_58' title="bbox 2104 3004 3680 3069; baseline -0.001 -11"><span class='ocrx_word' id='word_1_428' title='bbox 2104 3020 2161 3058; x_wconf 88' lang='lat' dir='ltr'><strong>se</strong></span> <span class='ocrx_word' id='word_1_429' title='bbox 2180 3020 2300 3058; x_wconf 89' lang='lat' dir='ltr'><strong>esse</strong></span> <span class='ocrx_word' id='word_1_430' title='bbox 2328 3004 2633 3058; x_wconf 88' lang='lat' dir='ltr'><strong>Catholicos</strong></span> <span class='ocrx_word' id='word_1_431' title='bbox 2657 3005 2795 3058; x_wconf 91' lang='lat' dir='ltr'><strong>inter</strong></span> <span class='ocrx_word' id='word_1_432' title='bbox 2824 3012 2877 3057; x_wconf 91' lang='lat' dir='ltr'><strong>et</strong></span> <span class='ocrx_word' id='word_1_433' title='bbox 2908 3004 3192 3059; x_wconf 68' lang='lat' dir='ltr'><strong>haereticos</strong></span> <span class='ocrx_word' id='word_1_434' title='bbox 3214 3006 3402 3069; x_wconf 90' lang='lat' dir='ltr'><strong>voluit,</strong></span> <span class='ocrx_word' id='word_1_435' title='bbox 3428 3014 3488 3057; x_wconf 92' lang='lat' dir='ltr'><strong>ut</strong></span> <span class='ocrx_word' id='word_1_436' title='bbox 3507 3014 3565 3059; x_wconf 90' lang='lat' dir='ltr'><strong>et</strong></span> <span class='ocrx_word' id='word_1_437' title='bbox 3589 3005 3680 3057; x_wconf 89' lang='lat' dir='ltr'><strong>fa-</strong></span> 
     </span>
    </p>
   </div>
   <div class='ocr_carea' id='block_1_59' title="bbox 2106 3092 3681 3157">
    <p class='ocr_par' dir='ltr' id='par_1_59' title="bbox 2106 3092 3681 3157">
     <span class='ocr_line' id='line_1_59' title="bbox 2106 3092 3681 3157; baseline -0.001 -11"><span class='ocrx_word' id='word_1_438' title='bbox 2106 3109 2204 3147; x_wconf 63' lang='lat' dir='ltr'><strong>tum</strong></span> <span class='ocrx_word' id='word_1_439' title='bbox 2235 3109 2345 3148; x_wconf 76' lang='lat' dir='ltr'><strong>sua:</strong></span> <span class='ocrx_word' id='word_1_440' title='bbox 2372 3093 2697 3157; x_wconf 87' lang='lat' dir='ltr'><strong>consuleret,</strong></span> <span class='ocrx_word' id='word_1_441' title='bbox 2747 3108 2847 3147; x_wconf 90' lang='lat' dir='ltr'><strong>nec</strong></span> <span class='ocrx_word' id='word_1_442' title='bbox 2878 3092 3110 3147; x_wconf 82' lang='lat' dir='ltr'><strong>Arianos</strong></span> <span class='ocrx_word' id='word_1_443' title='bbox 3144 3093 3401 3147; x_wconf 88' lang='lat' dir='ltr'><strong>irritaret.</strong></span> <span class='ocrx_word' id='word_1_444' title='bbox 3428 3093 3681 3147; x_wconf 75' lang='lat' dir='ltr'><strong>Detraxit</strong></span> 
     </span>
    </p>
   </div>
   <div class='ocr_carea' id='block_1_60' title="bbox 433 3181 3679 3265">
    <p class='ocr_par' dir='ltr' id='par_1_60' title="bbox 433 3181 3679 3265">
     <span class='ocr_line' id='line_1_60' title="bbox 433 3181 3679 3265; baseline -0.002 -18"><span class='ocrx_word' id='word_1_445' title='bbox 433 3198 553 3265; x_wconf 90' lang='lat' dir='ltr'><strong>gius</strong></span> <span class='ocrx_word' id='word_1_446' title='bbox 584 3194 920 3262; x_wconf 77' lang='lat' dir='ltr'><strong>promovebit</strong></span> <span class='ocrx_word' id='word_1_447' title='bbox 957 3192 1207 3257; x_wconf 83' lang='lat' dir='ltr'><strong>Basilius,</strong></span> <span class='ocrx_word' id='word_1_448' title='bbox 1252 3194 1343 3261; x_wconf 91' lang='lat' dir='ltr'><strong>qui</strong></span> <span class='ocrx_word' id='word_1_449' title='bbox 1379 3209 1499 3247; x_wconf 78' lang='lat' dir='ltr'><strong>CIIII]</strong></span> <span class='ocrx_word' id='word_1_450' title='bbox 1541 3209 1661 3247; x_wconf 82' lang='lat' dir='ltr'><strong>eum</strong></span> <span class='ocrx_word' id='word_1_451' title='bbox 1690 3192 1996 3247; x_wconf 66' lang='lat' dir='ltr'><strong>Constanti-</strong></span> <span class='ocrx_word' id='word_1_452' title='bbox 2027 3181 2068 3238; x_wconf 87' lang='lat' dir='ltr'>C</span> <span class='ocrx_word' id='word_1_453' title='bbox 2102 3188 2149 3239; x_wconf 93' lang='lat' dir='ltr'><strong>ei</strong></span> <span class='ocrx_word' id='word_1_454' title='bbox 2187 3185 2413 3239; x_wconf 87' lang='lat' dir='ltr'><strong>Basilius</strong></span> <span class='ocrx_word' id='word_1_455' title='bbox 2450 3185 2591 3237; x_wconf 90' lang='lat' dir='ltr'><strong>hunc</strong></span> <span class='ocrx_word' id='word_1_456' title='bbox 2637 3184 2796 3238; x_wconf 89' lang='lat' dir='ltr'><strong>medii</strong></span> <span class='ocrx_word' id='word_1_457' title='bbox 2828 3183 3060 3237; x_wconf 91' lang='lat' dir='ltr'><strong>hominis</strong></span> <span class='ocrx_word' id='word_1_458' title='bbox 3098 3193 3294 3237; x_wconf 90' lang='lat' dir='ltr'><strong>statum</strong></span> <span class='ocrx_word' id='word_1_459' title='bbox 3332 3193 3385 3238; x_wconf 91' lang='lat' dir='ltr'><strong>et</strong></span> <span class='ocrx_word' id='word_1_460' title='bbox 3415 3186 3468 3238; x_wconf 92' lang='lat' dir='ltr'><strong>in</strong></span> <span class='ocrx_word' id='word_1_461' title='bbox 3504 3186 3679 3239; x_wconf 88' lang='lat' dir='ltr'><strong>verba</strong></span> 
     </span>
    </p>
   </div>
   <div class='ocr_carea' id='block_1_61' title="bbox 435 3284 1999 3355">
    <p class='ocr_par' dir='ltr' id='par_1_61' title="bbox 435 3284 1999 3355">
     <span class='ocr_line' id='line_1_61' title="bbox 435 3284 1999 3355; baseline -0.001 -16"><span class='ocrx_word' id='word_1_462' title='bbox 435 3286 611 3355; x_wconf 75' lang='lat' dir='ltr'><strong>nopoli</strong></span> <span class='ocrx_word' id='word_1_463' title='bbox 652 3285 755 3338; x_wconf 92' lang='lat' dir='ltr'><strong>labi</strong></span> <span class='ocrx_word' id='word_1_464' title='bbox 800 3294 853 3337; x_wconf 91' lang='lat' dir='ltr'><strong>ct</strong></span> <span class='ocrx_word' id='word_1_465' title='bbox 885 3286 983 3337; x_wconf 90' lang='lat' dir='ltr'><strong>sub</strong></span> <span class='ocrx_word' id='word_1_466' title='bbox 1020 3284 1240 3337; x_wconf 85' lang='lat' dir='ltr'><strong>Valente</strong></span> <span class='ocrx_word' id='word_1_467' title='bbox 1273 3284 1435 3337; x_wconf 86' lang='lat' dir='ltr'><strong>relabi</strong></span> <span class='ocrx_word' id='word_1_468' title='bbox 1470 3284 1691 3349; x_wconf 85' lang='lat' dir='ltr'><strong>videbit,</strong></span> <span class='ocrx_word' id='word_1_469' title='bbox 1737 3286 1855 3337; x_wconf 79' lang='lat' dir='ltr'><strong>licta</strong></span> <span class='ocrx_word' id='word_1_470' title='bbox 1885 3285 1999 3349; x_wconf 88' lang='lat' dir='ltr'><strong>ejus</strong></span> 
     </span>
    </p>
   </div>
   <div class='ocr_carea' id='block_1_62' title="bbox 434 3376 1999 3447">
    <p class='ocr_par' dir='ltr' id='par_1_62' title="bbox 434 3376 1999 3447">
     <span class='ocr_line' id='line_1_62' title="bbox 434 3376 1999 3447; baseline -0.003 -16"><span class='ocrx_word' id='word_1_471' title='bbox 434 3377 748 3447; x_wconf 73' lang='lat' dir='ltr'><strong>ptenitentia</strong></span> <span class='ocrx_word' id='word_1_472' title='bbox 792 3378 1046 3444; x_wconf 89' lang='lat' dir='ltr'><strong>deceptus</strong></span> <span class='ocrx_word' id='word_1_473' title='bbox 1079 3376 1146 3428; x_wconf 88' lang='lat' dir='ltr'><strong>ab</strong></span> <span class='ocrx_word' id='word_1_474' title='bbox 1173 3391 1237 3429; x_wconf 90' lang='lat' dir='ltr'><strong>eo</strong></span> <span class='ocrx_word' id='word_1_475' title='bbox 1266 3376 1535 3443; x_wconf 67' lang='lat' dir='ltr'><strong>diligendo</strong></span> <span class='ocrx_word' id='word_1_476' title='bbox 1581 3386 1635 3429; x_wconf 90' lang='lat' dir='ltr'><strong>et</strong></span> <span class='ocrx_word' id='word_1_477' title='bbox 1666 3376 1999 3429; x_wconf 81' lang='lat' dir='ltr'><strong>delendendo</strong></span> 
     </span>
    </p>
   </div>
   <div class='ocr_carea' id='block_1_63' title="bbox 435 3466 1996 3530">
    <p class='ocr_par' dir='ltr' id='par_1_63' title="bbox 435 3466 1996 3530">
     <span class='ocr_line' id='line_1_63' title="bbox 435 3466 1996 3530; baseline -0.002 -10"><span class='ocrx_word' id='word_1_478' title='bbox 435 3483 538 3521; x_wconf 89' lang='lat' dir='ltr'><strong>non</strong></span> <span class='ocrx_word' id='word_1_479' title='bbox 566 3468 826 3529; x_wconf 91' lang='lat' dir='ltr'><strong>discedet,</strong></span> <span class='ocrx_word' id='word_1_480' title='bbox 853 3482 951 3519; x_wconf 89' lang='lat' dir='ltr'><strong>nec</strong></span> <span class='ocrx_word' id='word_1_481' title='bbox 979 3467 1027 3519; x_wconf 89' lang='lat' dir='ltr'><strong>ei</strong></span> <span class='ocrx_word' id='word_1_482' title='bbox 1055 3466 1483 3519; x_wconf 88' lang='lat' dir='ltr'><strong>communionem</strong></span> <span class='ocrx_word' id='word_1_483' title='bbox 1518 3466 1863 3530; x_wconf 90' lang='lat' dir='ltr'><strong>renuntiabit,</strong></span> <span class='ocrx_word' id='word_1_484' title='bbox 1897 3466 1996 3519; x_wconf 89' lang='lat' dir='ltr'><strong>nisi</strong></span> 
     </span>
    </p>
   </div>
   <div class='ocr_carea' id='block_1_64' title="bbox 435 3555 1999 3626">
    <p class='ocr_par' dir='ltr' id='par_1_64' title="bbox 435 3555 1999 3626">
     <span class='ocr_line' id='line_1_64' title="bbox 435 3555 1999 3626; baseline -0.002 -14"><span class='ocrx_word' id='word_1_485' title='bbox 435 3574 556 3612; x_wconf 88' lang='lat' dir='ltr'><strong>cum</strong></span> <span class='ocrx_word' id='word_1_486' title='bbox 591 3558 739 3611; x_wconf 89' lang='lat' dir='ltr'><strong>illius</strong></span> <span class='ocrx_word' id='word_1_487' title='bbox 771 3558 1062 3626; x_wconf 87' lang='lat' dir='ltr'><strong>nequitiam</strong></span> <span class='ocrx_word' id='word_1_488' title='bbox 1097 3572 1201 3610; x_wconf 93' lang='lat' dir='ltr'><strong>non</strong></span> <span class='ocrx_word' id='word_1_489' title='bbox 1230 3558 1401 3610; x_wconf 86' lang='lat' dir='ltr'><strong>solum</strong></span> <span class='ocrx_word' id='word_1_490' title='bbox 1437 3555 1607 3609; x_wconf 90' lang='lat' dir='ltr'><strong>oculis</strong></span> <span class='ocrx_word' id='word_1_491' title='bbox 1651 3571 1713 3610; x_wconf 90' lang='lat' dir='ltr'><strong>ac</strong></span> <span class='ocrx_word' id='word_1_492' title='bbox 1757 3558 1999 3611; x_wconf 89' lang='lat' dir='ltr'><strong>manibus</strong></span> 
     </span>
    </p>
   </div>
   <div class='ocr_carea' id='block_1_65' title="bbox 435 3646 1999 3717">
    <p class='ocr_par' dir='ltr' id='par_1_65' title="bbox 435 3646 1999 3717">
     <span class='ocr_line' id='line_1_65' title="bbox 435 3646 1999 3717; baseline -0.003 -14"><span class='ocrx_word' id='word_1_493' title='bbox 435 3650 873 3717; x_wconf 83' lang='lat' dir='ltr'><strong>comprehendet,</strong></span> <span class='ocrx_word' id='word_1_494' title='bbox 913 3650 1005 3703; x_wconf 90' lang='lat' dir='ltr'><strong>sed</strong></span> <span class='ocrx_word' id='word_1_495' title='bbox 1044 3648 1206 3702; x_wconf 89' lang='lat' dir='ltr'><strong>etiam</strong></span> <span class='ocrx_word' id='word_1_496' title='bbox 1233 3646 1578 3702; x_wconf 89' lang='lat' dir='ltr'><strong>insanabilem</strong></span> <span class='ocrx_word' id='word_1_497' title='bbox 1614 3662 1731 3701; x_wconf 91' lang='lat' dir='ltr'><strong>esse</strong></span> <span class='ocrx_word' id='word_1_498' title='bbox 1761 3647 1999 3699; x_wconf 86' lang='lat' dir='ltr'><strong>animad-</strong></span> 
     </span>
    </p>
   </div>
   <div class='ocr_carea' id='block_1_66' title="bbox 436 3752 1543 3794">
    <p class='ocr_par' dir='ltr' id='par_1_66' title="bbox 436 3752 1543 3794">
     <span class='ocr_line' id='line_1_66' title="bbox 436 3752 1543 3794; baseline 0 -2"><span class='ocrx_word' id='word_1_499' title='bbox 436 3752 629 3794; x_wconf 86' lang='lat' dir='ltr'><strong>vertet.</strong></span> <span class='ocrx_word' id='word_1_500' title='bbox 1540 3754 1543 3757; x_wconf 81' lang='grc'><em>’</em></span> 
     </span>
    </p>
   </div>
   <div class='ocr_carea' id='block_1_67' title="bbox 508 3826 1997 3895">
    <p class='ocr_par' dir='ltr' id='par_1_67' title="bbox 508 3826 1997 3895">
     <span class='ocr_line' id='line_1_67' title="bbox 508 3826 1997 3895; baseline -0.003 -12"><span class='ocrx_word' id='word_1_501' title='bbox 508 3830 573 3883; x_wconf 85' lang='lat' dir='ltr'><strong>ll.</strong></span> <span class='ocrx_word' id='word_1_502' title='bbox 620 3827 762 3882; x_wconf 76' lang='lat' dir='ltr'><strong>Nihil</strong></span> <span class='ocrx_word' id='word_1_503' title='bbox 795 3829 939 3881; x_wconf 90' lang='lat' dir='ltr'><strong>enim</strong></span> <span class='ocrx_word' id='word_1_504' title='bbox 976 3828 1115 3881; x_wconf 87' lang='lat' dir='ltr'><strong>aliud</strong></span> <span class='ocrx_word' id='word_1_505' title='bbox 1141 3827 1240 3880; x_wconf 93' lang='lat' dir='ltr'><strong>fuit</strong></span> <span class='ocrx_word' id='word_1_506' title='bbox 1275 3827 1382 3881; x_wconf 84' lang='lat' dir='ltr'><strong>vita</strong></span> <span class='ocrx_word' id='word_1_507' title='bbox 1414 3826 1697 3889; x_wconf 73' lang='lat' dir='ltr'><strong>EuStathii,</strong></span> <span class='ocrx_word' id='word_1_508' title='bbox 1745 3827 1842 3879; x_wconf 86' lang='lat' dir='ltr'><strong>nisi</strong></span> <span class='ocrx_word' id='word_1_509' title='bbox 1874 3841 1997 3895; x_wconf 88' lang='lat' dir='ltr'><strong>per-</strong></span> 
     </span>
    </p>
   </div>
   <div class='ocr_carea' id='block_1_68' title="bbox 434 3919 1998 3994">
    <p class='ocr_par' dir='ltr' id='par_1_68' title="bbox 434 3919 1998 3994">
     <span class='ocr_line' id='line_1_68' title="bbox 434 3919 1998 3994; baseline -0.004 -17"><span class='ocrx_word' id='word_1_510' title='bbox 434 3933 591 3994; x_wconf 87' lang='lat' dir='ltr'><strong>petua</strong></span> <span class='ocrx_word' id='word_1_511' title='bbox 644 3921 865 3975; x_wconf 67' lang='lat' dir='ltr'><strong>haeresis</strong></span> <span class='ocrx_word' id='word_1_512' title='bbox 918 3932 972 3973; x_wconf 78' lang='lat' dir='ltr'><strong>et</strong></span> <span class='ocrx_word' id='word_1_513' title='bbox 1024 3920 1301 3974; x_wconf 70' lang='lat' dir='ltr'><strong>catholica:</strong></span> <span class='ocrx_word' id='word_1_514' title='bbox 1355 3920 1613 3973; x_wconf 66' lang='lat' dir='ltr'><strong>doctrinm</strong></span> <span class='ocrx_word' id='word_1_515' title='bbox 1667 3919 1998 3983; x_wconf 88' lang='lat' dir='ltr'><strong>vicissitudo,</strong></span> 
     </span>
    </p>
   </div>
   <div class='ocr_carea' id='block_1_69' title="bbox 434 4008 1994 4084">
    <p class='ocr_par' dir='ltr' id='par_1_69' title="bbox 434 4008 1994 4084">
     <span class='ocr_line' id='line_1_69' title="bbox 434 4008 1994 4084; baseline -0.004 -15"><span class='ocrx_word' id='word_1_516' title='bbox 434 4025 591 4084; x_wconf 91' lang='lat' dir='ltr'><strong>prout</strong></span> <span class='ocrx_word' id='word_1_517' title='bbox 633 4014 943 4068; x_wconf 90' lang='lat' dir='ltr'><strong>alterutrum</strong></span> <span class='ocrx_word' id='word_1_518' title='bbox 995 4014 1296 4066; x_wconf 91' lang='lat' dir='ltr'><strong>ambitiosis</strong></span> <span class='ocrx_word' id='word_1_519' title='bbox 1334 4012 1448 4081; x_wconf 87' lang='lat' dir='ltr'><strong>ejus</strong></span> <span class='ocrx_word' id='word_1_520' title='bbox 1484 4012 1724 4066; x_wconf 89' lang='lat' dir='ltr'><strong>consiliis</strong></span> <span class='ocrx_word' id='word_1_521' title='bbox 1766 4008 1994 4062; x_wconf 86' lang='lat' dir='ltr'><strong>favebat.</strong></span> 
     </span>
    </p>
   </div>
   <div class='ocr_carea' id='block_1_70' title="bbox 435 4101 1999 4177">
    <p class='ocr_par' dir='ltr' id='par_1_70' title="bbox 435 4101 1999 4177">
     <span class='ocr_line' id='line_1_70' title="bbox 435 4101 1999 4177; baseline -0.006 -15"><span class='ocrx_word' id='word_1_522' title='bbox 435 4109 694 4177; x_wconf 81' lang='lat' dir='ltr'><strong>Egressus</strong></span> <span class='ocrx_word' id='word_1_523' title='bbox 721 4104 1070 4165; x_wconf 80' lang='lat' dir='ltr'><strong>Alexandria,</strong></span> <span class='ocrx_word' id='word_1_524' title='bbox 1112 4104 1200 4156; x_wconf 92' lang='lat' dir='ltr'><strong>ubi</strong></span> <span class='ocrx_word' id='word_1_525' title='bbox 1254 4104 1390 4155; x_wconf 90' lang='lat' dir='ltr'><strong>inter</strong></span> <span class='ocrx_word' id='word_1_526' title='bbox 1438 4103 1652 4157; x_wconf 89' lang='lat' dir='ltr'><strong>intimos</strong></span> <span class='ocrx_word' id='word_1_527' title='bbox 1688 4101 1801 4154; x_wconf 90' lang='lat' dir='ltr'><strong>Arii</strong></span> <span class='ocrx_word' id='word_1_528' title='bbox 1846 4101 1999 4155; x_wconf 84' lang='lat' dir='ltr'><strong>disci-</strong></span> 
     </span>
    </p>
   </div>
   <div class='ocr_carea' id='block_1_71' title="bbox 432 4196 1996 4269">
    <p class='ocr_par' dir='ltr' id='par_1_71' title="bbox 432 4196 1996 4269">
     <span class='ocr_line' id='line_1_71' title="bbox 432 4196 1996 4269; baseline -0.004 -16"><span class='ocrx_word' id='word_1_529' title='bbox 432 4200 583 4269; x_wconf 82' lang='lat' dir='ltr'><strong>pulos</strong></span> <span class='ocrx_word' id='word_1_530' title='bbox 622 4198 815 4259; x_wconf 89' lang='lat' dir='ltr'><strong>fuerat,</strong></span> <span class='ocrx_word' id='word_1_531' title='bbox 861 4199 911 4251; x_wconf 94' lang='lat' dir='ltr'><strong>in</strong></span> <span class='ocrx_word' id='word_1_532' title='bbox 957 4197 1161 4251; x_wconf 90' lang='lat' dir='ltr'><strong>clerum</strong></span> <span class='ocrx_word' id='word_1_533' title='bbox 1199 4196 1591 4249; x_wconf 86' lang='lat' dir='ltr'><strong>Antiochenum</strong></span> <span class='ocrx_word' id='word_1_534' title='bbox 1636 4205 1861 4248; x_wconf 87' lang='lat' dir='ltr'><strong>conatus</strong></span> <span class='ocrx_word' id='word_1_535' title='bbox 1913 4204 1996 4247; x_wconf 89' lang='lat' dir='ltr'><strong>est</strong></span> 
     </span>
    </p>
   </div>
   <div class='ocr_carea' id='block_1_72' title="bbox 429 4285 1997 4357">
    <p class='ocr_par' dir='ltr' id='par_1_72' title="bbox 429 4285 1997 4357">
     <span class='ocr_line' id='line_1_72' title="bbox 429 4285 1997 4357; baseline -0.004 -14"><span class='ocrx_word' id='word_1_536' title='bbox 429 4291 694 4357; x_wconf 89' lang='lat' dir='ltr'><strong>obrepere</strong></span> <span class='ocrx_word' id='word_1_537' title='bbox 727 4288 824 4357; x_wconf 76' lang='grc' dir='ltr'><strong>(ὁ),</strong></span> <span class='ocrx_word' id='word_1_538' title='bbox 873 4287 1071 4349; x_wconf 89' lang='lat' dir='ltr'><strong>oblata,</strong></span> <span class='ocrx_word' id='word_1_539' title='bbox 1116 4296 1171 4339; x_wconf 93' lang='lat' dir='ltr'><strong>ut</strong></span> <span class='ocrx_word' id='word_1_540' title='bbox 1206 4286 1493 4339; x_wconf 87' lang='lat' dir='ltr'><strong>verisimile</strong></span> <span class='ocrx_word' id='word_1_541' title='bbox 1537 4295 1640 4350; x_wconf 89' lang='lat' dir='ltr'><strong>est,</strong></span> <span class='ocrx_word' id='word_1_542' title='bbox 1686 4300 1831 4340; x_wconf 76' lang='lat' dir='ltr'><strong>sana:</strong></span> <span class='ocrx_word' id='word_1_543' title='bbox 1877 4285 1997 4339; x_wconf 89' lang='lat' dir='ltr'><strong>fidei</strong></span> 
     </span>
    </p>
   </div>
   <div class='ocr_carea' id='block_1_73' title="bbox 430 4377 1996 4444">
    <p class='ocr_par' dir='ltr' id='par_1_73' title="bbox 430 4377 1996 4444">
     <span class='ocr_line' id='line_1_73' title="bbox 430 4377 1996 4444; baseline -0.004 -11"><span class='ocrx_word' id='word_1_544' title='bbox 430 4380 793 4443; x_wconf 81' lang='lat' dir='ltr'><strong>confessione,</strong></span> <span class='ocrx_word' id='word_1_545' title='bbox 821 4381 915 4433; x_wconf 91' lang='lat' dir='ltr'><strong>sed</strong></span> <span class='ocrx_word' id='word_1_546' title='bbox 954 4394 981 4431; x_wconf 87' lang='lat' dir='ltr'><strong>a</strong></span> <span class='ocrx_word' id='word_1_547' title='bbox 1016 4379 1072 4431; x_wconf 91' lang='lat' dir='ltr'><strong>S.</strong></span> <span class='ocrx_word' id='word_1_548' title='bbox 1113 4377 1389 4430; x_wconf 64' lang='lat' dir='ltr'><strong>Eustathio</strong></span> <span class='ocrx_word' id='word_1_549' title='bbox 1421 4377 1649 4444; x_wconf 88' lang='lat' dir='ltr'><strong>rejectus</strong></span> <span class='ocrx_word' id='word_1_550' title='bbox 1686 4388 1769 4431; x_wconf 90' lang='lat' dir='ltr'><strong>est</strong></span> <span class='ocrx_word' id='word_1_551' title='bbox 1798 4378 1866 4431; x_wconf 90' lang='lat' dir='ltr'><strong>ob</strong></span> <span class='ocrx_word' id='word_1_552' title='bbox 1897 4377 1996 4429; x_wconf 90' lang='lat' dir='ltr'><strong>im-</strong></span> 
     </span>
    </p>
   </div>
   <div class='ocr_carea' id='block_1_74' title="bbox 430 4467 1998 4539">
    <p class='ocr_par' dir='ltr' id='par_1_74' title="bbox 430 4467 1998 4539">
     <span class='ocr_line' id='line_1_74' title="bbox 430 4467 1998 4539; baseline -0.002 -16"><span class='ocrx_word' id='word_1_553' title='bbox 430 4473 704 4539; x_wconf 91' lang='lat' dir='ltr'><strong>pietatem.</strong></span> <span class='ocrx_word' id='word_1_554' title='bbox 740 4467 937 4521; x_wconf 74' lang='lat' dir='ltr'><strong>Verum</strong></span> <span class='ocrx_word' id='word_1_555' title='bbox 974 4471 1040 4522; x_wconf 91' lang='lat' dir='ltr'><strong>ab</strong></span> <span class='ocrx_word' id='word_1_556' title='bbox 1084 4469 1297 4521; x_wconf 89' lang='lat' dir='ltr'><strong>Arianis</strong></span> <span class='ocrx_word' id='word_1_557' title='bbox 1334 4477 1516 4535; x_wconf 88' lang='lat' dir='ltr'><strong>postea</strong></span> <span class='ocrx_word' id='word_1_558' title='bbox 1550 4476 1797 4536; x_wconf 79' lang='lat' dir='ltr'><strong>receptus</strong></span> <span class='ocrx_word' id='word_1_559' title='bbox 1823 4467 1998 4521; x_wconf 89' lang='lat' dir='ltr'><strong>credi-</strong></span> 
     </span>
    </p>
   </div>
   <div class='ocr_carea' id='block_1_75' title="bbox 432 4558 1995 4627">
    <p class='ocr_par' dir='ltr' id='par_1_75' title="bbox 432 4558 1995 4627">
     <span class='ocr_line' id='line_1_75' title="bbox 432 4558 1995 4627; baseline -0.001 -14"><span class='ocrx_word' id='word_1_560' title='bbox 432 4572 541 4624; x_wconf 89' lang='lat' dir='ltr'><strong>tur,</strong></span> <span class='ocrx_word' id='word_1_561' title='bbox 568 4576 630 4613; x_wconf 91' lang='lat' dir='ltr'><strong>ac</strong></span> <span class='ocrx_word' id='word_1_562' title='bbox 669 4560 807 4613; x_wconf 89' lang='lat' dir='ltr'><strong>forte</strong></span> <span class='ocrx_word' id='word_1_563' title='bbox 838 4560 906 4612; x_wconf 88' lang='lat' dir='ltr'><strong>ab</strong></span> <span class='ocrx_word' id='word_1_564' title='bbox 936 4559 1161 4621; x_wconf 89' lang='lat' dir='ltr'><strong>Eulalio,</strong></span> <span class='ocrx_word' id='word_1_565' title='bbox 1194 4560 1284 4627; x_wconf 86' lang='lat' dir='ltr'><strong>qui</strong></span> <span class='ocrx_word' id='word_1_566' title='bbox 1321 4558 1542 4612; x_wconf 83' lang='lat' dir='ltr'><strong>Paulino</strong></span> <span class='ocrx_word' id='word_1_567' title='bbox 1568 4559 1828 4613; x_wconf 81' lang='lat' dir='ltr'><strong>successit</strong></span> <span class='ocrx_word' id='word_1_568' title='bbox 1857 4574 1995 4613; x_wconf 89' lang='lat' dir='ltr'><strong>anno</strong></span> 
     </span>
    </p>
   </div>
   <div class='ocr_carea' id='block_1_76' title="bbox 428 4649 1993 4715">
    <p class='ocr_par' dir='ltr' id='par_1_76' title="bbox 428 4649 1993 4715">
     <span class='ocr_line' id='line_1_76' title="bbox 428 4649 1993 4715; baseline -0.003 -8"><span class='ocrx_word' id='word_1_569' title='bbox 428 4654 553 4715; x_wconf 79' lang='grc'><strong>551,</strong></span> <span class='ocrx_word' id='word_1_570' title='bbox 585 4652 636 4704; x_wconf 93' lang='lat' dir='ltr'><strong>in</strong></span> <span class='ocrx_word' id='word_1_571' title='bbox 680 4654 821 4704; x_wconf 90' lang='lat' dir='ltr'><strong>hunc</strong></span> <span class='ocrx_word' id='word_1_572' title='bbox 863 4651 1063 4703; x_wconf 89' lang='lat' dir='ltr'><strong>clerum</strong></span> <span class='ocrx_word' id='word_1_573' title='bbox 1102 4652 1300 4704; x_wconf 89' lang='lat' dir='ltr'><strong>ascitus</strong></span> <span class='ocrx_word' id='word_1_574' title='bbox 1336 4658 1437 4704; x_wconf 86' lang='lat' dir='ltr'><strong>est.</strong></span> <span class='ocrx_word' id='word_1_575' title='bbox 1468 4649 1662 4705; x_wconf 87' lang='lat' dir='ltr'><strong>Pulsus</strong></span> <span class='ocrx_word' id='word_1_576' title='bbox 1707 4651 1806 4704; x_wconf 93' lang='lat' dir='ltr'><strong>hac</strong></span> <span class='ocrx_word' id='word_1_577' title='bbox 1840 4650 1993 4715; x_wconf 90' lang='lat' dir='ltr'><strong>urbe,</strong></span> 
     </span>
    </p>
   </div>
   <div class='ocr_carea' id='block_1_77' title="bbox 428 4739 1995 4809">
    <p class='ocr_par' dir='ltr' id='par_1_77' title="bbox 428 4739 1995 4809">
     <span class='ocr_line' id='line_1_77' title="bbox 428 4739 1995 4809; baseline -0.001 -14"><span class='ocrx_word' id='word_1_578' title='bbox 428 4744 517 4795; x_wconf 86' lang='lat' dir='ltr'><strong>ubi</strong></span> <span class='ocrx_word' id='word_1_579' title='bbox 561 4742 773 4796; x_wconf 84' lang='lat' dir='ltr'><strong>Aetium</strong></span> <span class='ocrx_word' id='word_1_580' title='bbox 821 4740 1017 4791; x_wconf 87' lang='lat' dir='ltr'><strong>dicitur</strong></span> <span class='ocrx_word' id='word_1_581' title='bbox 1052 4740 1318 4802; x_wconf 88' lang='lat' dir='ltr'><strong>docuisse,</strong></span> <span class='ocrx_word' id='word_1_582' title='bbox 1361 4739 1515 4792; x_wconf 89' lang='lat' dir='ltr'><strong>rediit</strong></span> <span class='ocrx_word' id='word_1_583' title='bbox 1556 4740 1605 4791; x_wconf 93' lang='lat' dir='ltr'><strong>in</strong></span> <span class='ocrx_word' id='word_1_584' title='bbox 1648 4741 1895 4809; x_wconf 88' lang='lat' dir='ltr'><strong>patriam,</strong></span> <span class='ocrx_word' id='word_1_585' title='bbox 1930 4755 1995 4794; x_wconf 90' lang='lat' dir='ltr'><strong>ac</strong></span> 
     </span>
    </p>
   </div>
   <div class='ocr_carea' id='block_1_78' title="bbox 433 4828 1993 4899">
    <p class='ocr_par' dir='ltr' id='par_1_78' title="bbox 433 4828 1993 4899">
     <span class='ocr_line' id='line_1_78' title="bbox 433 4828 1993 4899; baseline -0.001 -14"><span class='ocrx_word' id='word_1_586' title='bbox 433 4830 751 4899; x_wconf 85' lang='lat' dir='ltr'><strong>llermogeni</strong></span> <span class='ocrx_word' id='word_1_587' title='bbox 808 4829 1136 4896; x_wconf 87' lang='lat' dir='ltr'><strong>impietatem</strong></span> <span class='ocrx_word' id='word_1_588' title='bbox 1190 4828 1331 4883; x_wconf 91' lang='lat' dir='ltr'><strong>illius</strong></span> <span class='ocrx_word' id='word_1_589' title='bbox 1379 4830 1756 4883; x_wconf 89' lang='lat' dir='ltr'><strong>condemnanti</strong></span> <span class='ocrx_word' id='word_1_590' title='bbox 1810 4846 1993 4883; x_wconf 91' lang='lat' dir='ltr'><strong>sanam</strong></span> 
     </span>
    </p>
   </div>
   <div class='ocr_carea' id='block_1_79' title="bbox 428 4917 1994 4987">
    <p class='ocr_par' dir='ltr' id='par_1_79' title="bbox 428 4917 1994 4987">
     <span class='ocr_line' id='line_1_79' title="bbox 428 4917 1994 4987; baseline -0.001 -15"><span class='ocrx_word' id='word_1_591' title='bbox 428 4921 549 4973; x_wconf 87' lang='lat' dir='ltr'><strong>lidei</strong></span> <span class='ocrx_word' id='word_1_592' title='bbox 598 4919 993 4972; x_wconf 83' lang='lat' dir='ltr'><strong>confessionem</strong></span> <span class='ocrx_word' id='word_1_593' title='bbox 1040 4918 1235 4971; x_wconf 91' lang='lat' dir='ltr'><strong>obtulit</strong></span> <span class='ocrx_word' id='word_1_594' title='bbox 1292 4917 1383 4987; x_wconf 78' lang='grc' dir='ltr'><strong>(ε),</strong></span> <span class='ocrx_word' id='word_1_595' title='bbox 1417 4926 1471 4970; x_wconf 93' lang='lat' dir='ltr'><strong>et</strong></span> <span class='ocrx_word' id='word_1_596' title='bbox 1516 4917 1582 4969; x_wconf 90' lang='lat' dir='ltr'><strong>ab</strong></span> <span class='ocrx_word' id='word_1_597' title='bbox 1610 4932 1674 4971; x_wconf 91' lang='lat' dir='ltr'><strong>eo</strong></span> <span class='ocrx_word' id='word_1_598' title='bbox 1718 4920 1994 4972; x_wconf 88' lang='lat' dir='ltr'><strong>ordinatus</strong></span> 
     </span>
    </p>
   </div>
   <div class='ocr_carea' id='block_1_80' title="bbox 426 5007 1992 5065">
    <p class='ocr_par' dir='ltr' id='par_1_80' title="bbox 426 5007 1992 5065">
     <span class='ocr_line' id='line_1_80' title="bbox 426 5007 1992 5065; baseline -0.001 -2"><span class='ocrx_word' id='word_1_599' title='bbox 426 5022 530 5065; x_wconf 87' lang='lat' dir='ltr'><strong>est.</strong></span> <span class='ocrx_word' id='word_1_600' title='bbox 568 5010 642 5064; x_wconf 87' lang='lat' dir='ltr'><strong>Eo</strong></span> <span class='ocrx_word' id='word_1_601' title='bbox 668 5020 879 5064; x_wconf 89' lang='lat' dir='ltr'><strong>mortuo</strong></span> <span class='ocrx_word' id='word_1_602' title='bbox 918 5009 1141 5064; x_wconf 87' lang='lat' dir='ltr'><strong>contulit</strong></span> <span class='ocrx_word' id='word_1_603' title='bbox 1178 5023 1237 5064; x_wconf 89' lang='lat' dir='ltr'><strong>se</strong></span> <span class='ocrx_word' id='word_1_604' title='bbox 1271 5010 1337 5061; x_wconf 90' lang='lat' dir='ltr'><strong>ad</strong></span> <span class='ocrx_word' id='word_1_605' title='bbox 1380 5007 1663 5061; x_wconf 88' lang='lat' dir='ltr'><strong>Eusebium</strong></span> <span class='ocrx_word' id='word_1_606' title='bbox 1690 5008 1992 5062; x_wconf 78' lang='lat' dir='ltr'><strong>Consumti-</strong></span> 
     </span>
    </p>
   </div>
   <div class='ocr_carea' id='block_1_81' title="bbox 428 5099 1992 5170">
    <p class='ocr_par' dir='ltr' id='par_1_81' title="bbox 428 5099 1992 5170">
     <span class='ocr_line' id='line_1_81' title="bbox 428 5099 1992 5170; baseline -0.001 -16"><span class='ocrx_word' id='word_1_607' title='bbox 428 5102 819 5170; x_wconf 87' lang='lat' dir='ltr'><strong>nopolitanum,</strong></span> <span class='ocrx_word' id='word_1_608' title='bbox 861 5116 890 5153; x_wconf 88' lang='lat' dir='ltr'><strong>a</strong></span> <span class='ocrx_word' id='word_1_609' title='bbox 928 5116 1035 5169; x_wconf 89' lang='lat' dir='ltr'><strong>quo</strong></span> <span class='ocrx_word' id='word_1_610' title='bbox 1065 5100 1249 5169; x_wconf 89' lang='lat' dir='ltr'><strong>pulsus</strong></span> <span class='ocrx_word' id='word_1_611' title='bbox 1277 5100 1345 5153; x_wconf 92' lang='lat' dir='ltr'><strong>ob</strong></span> <span class='ocrx_word' id='word_1_612' title='bbox 1372 5099 1579 5168; x_wconf 91' lang='lat' dir='ltr'><strong>aliquas</strong></span> <span class='ocrx_word' id='word_1_613' title='bbox 1614 5114 1825 5163; x_wconf 89' lang='lat' dir='ltr'><strong>causas,</strong></span> <span class='ocrx_word' id='word_1_614' title='bbox 1859 5114 1992 5167; x_wconf 91' lang='lat' dir='ltr'><strong>quas</strong></span> 
     </span>
    </p>
   </div>
   <div class='ocr_carea' id='block_1_82' title="bbox 431 5185 1989 5259">
    <p class='ocr_par' dir='ltr' id='par_1_82' title="bbox 431 5185 1989 5259">
     <span class='ocr_line' id='line_1_82' title="bbox 431 5185 1989 5259; baseline -0.004 -16"><span class='ocrx_word' id='word_1_615' title='bbox 431 5190 657 5244; x_wconf 89' lang='lat' dir='ltr'><strong>Basilius</strong></span> <span class='ocrx_word' id='word_1_616' title='bbox 707 5190 909 5243; x_wconf 90' lang='lat' dir='ltr'><strong>referre</strong></span> <span class='ocrx_word' id='word_1_617' title='bbox 954 5188 1123 5241; x_wconf 90' lang='lat' dir='ltr'><strong>noluit</strong></span> <span class='ocrx_word' id='word_1_618' title='bbox 1157 5186 1480 5259; x_wconf 87' lang='lat' dir='ltr'><strong>(depositum</strong></span> <span class='ocrx_word' id='word_1_619' title='bbox 1530 5185 1692 5239; x_wconf 88' lang='lat' dir='ltr'><strong>fuisse</strong></span> <span class='ocrx_word' id='word_1_620' title='bbox 1720 5186 1794 5237; x_wconf 90' lang='lat' dir='ltr'><strong>ait</strong></span> <span class='ocrx_word' id='word_1_621' title='bbox 1822 5186 1989 5238; x_wconf 87' lang='lat' dir='ltr'><strong>Sozo-</strong></span> 
     </span>
    </p>
   </div>
   <div class='ocr_carea' id='block_1_83' title="bbox 432 5279 1990 5351">
    <p class='ocr_par' dir='ltr' id='par_1_83' title="bbox 432 5279 1990 5351">
     <span class='ocr_line' id='line_1_83' title="bbox 432 5279 1990 5351; baseline -0.005 -14"><span class='ocrx_word' id='word_1_622' title='bbox 432 5298 619 5337; x_wconf 88' lang='lat' dir='ltr'><strong>menus</strong></span> <span class='ocrx_word' id='word_1_623' title='bbox 644 5298 709 5336; x_wconf 91' lang='lat' dir='ltr'><strong>eo</strong></span> <span class='ocrx_word' id='word_1_624' title='bbox 741 5283 883 5351; x_wconf 88' lang='lat' dir='ltr'><strong>quod</strong></span> <span class='ocrx_word' id='word_1_625' title='bbox 913 5282 1090 5334; x_wconf 88' lang='lat' dir='ltr'><strong>minus</strong></span> <span class='ocrx_word' id='word_1_626' title='bbox 1115 5281 1283 5334; x_wconf 82' lang='lat' dir='ltr'><strong>fidelis</strong></span> <span class='ocrx_word' id='word_1_627' title='bbox 1311 5280 1362 5333; x_wconf 94' lang='lat' dir='ltr'><strong>in</strong></span> <span class='ocrx_word' id='word_1_628' title='bbox 1389 5280 1690 5335; x_wconf 90' lang='lat' dir='ltr'><strong>commissis</strong></span> <span class='ocrx_word' id='word_1_629' title='bbox 1712 5279 1990 5346; x_wconf 83' lang='lat' dir='ltr'><strong>dispensa-</strong></span> 
     </span>
    </p>
   </div>
   <div class='ocr_carea' id='block_1_84' title="bbox 433 5369 1989 5444">
    <p class='ocr_par' dir='ltr' id='par_1_84' title="bbox 433 5369 1989 5444">
     <span class='ocr_line' id='line_1_84' title="bbox 433 5369 1989 5444; baseline -0.004 -15"><span class='ocrx_word' id='word_1_630' title='bbox 433 5375 667 5430; x_wconf 88' lang='lat' dir='ltr'><strong>tionibus</strong></span> <span class='ocrx_word' id='word_1_631' title='bbox 717 5376 1077 5444; x_wconf 90' lang='lat' dir='ltr'><strong>deprehensus</strong></span> <span class='ocrx_word' id='word_1_632' title='bbox 1124 5374 1333 5433; x_wconf 85' lang='lat' dir='ltr'><strong>fuisset)</strong></span> <span class='ocrx_word' id='word_1_633' title='bbox 1412 5372 1569 5428; x_wconf 83' lang='lat' dir='ltr'><strong>rediit</strong></span> <span class='ocrx_word' id='word_1_634' title='bbox 1617 5372 1669 5426; x_wconf 94' lang='lat' dir='ltr'><strong>in</strong></span> <span class='ocrx_word' id='word_1_635' title='bbox 1713 5369 1989 5439; x_wconf 80' lang='lat' dir='ltr'><strong>Cappado-</strong></span> 
     </span>
    </p>
   </div>
   <div class='ocr_carea' id='block_1_85' title="bbox 504 5554 1032 5625">
    <p class='ocr_par' dir='ltr' id='par_1_85' title="bbox 504 5554 1032 5625">
     <span class='ocr_line' id='line_1_85' title="bbox 504 5554 1032 5625; baseline 0 -17"><span class='ocrx_word' id='word_1_636' title='bbox 504 5557 579 5625; x_wconf 83' lang='lat' dir='ltr'><strong>(n)</strong></span> <span class='ocrx_word' id='word_1_637' title='bbox 619 5558 716 5622; x_wconf 86' lang='lat' dir='ltr'><strong>Ep.</strong></span> <span class='ocrx_word' id='word_1_638' title='bbox 739 5555 866 5615; x_wconf 66' lang='lat'><strong>923,</strong></span> <span class='ocrx_word' id='word_1_639' title='bbox 904 5571 955 5607; x_wconf 92' lang='lat' dir='ltr'><strong>n.</strong></span> <span class='ocrx_word' id='word_1_640' title='bbox 979 5554 1032 5608; x_wconf 78' lang='grc'><strong>5.</strong></span> 
     </span>
    </p>
   </div>
   <div class='ocr_carea' id='block_1_86' title="bbox 504 5623 1270 5693">
    <p class='ocr_par' dir='ltr' id='par_1_86' title="bbox 504 5623 1270 5693">
     <span class='ocr_line' id='line_1_86' title="bbox 504 5623 1270 5693; baseline 0.003 -18"><span class='ocrx_word' id='word_1_641' title='bbox 504 5623 575 5693; x_wconf 74' lang='grc'><strong>(1))</strong></span> <span class='ocrx_word' id='word_1_642' title='bbox 617 5628 872 5680; x_wconf 74' lang='lat' dir='ltr'><strong>Albanas.</strong></span> <span class='ocrx_word' id='word_1_643' title='bbox 906 5625 1005 5691; x_wconf 77' lang='lat' dir='ltr'><strong>Ep.</strong></span> <span class='ocrx_word' id='word_1_644' title='bbox 1037 5624 1104 5676; x_wconf 85' lang='lat' dir='ltr'><strong>ad</strong></span> <span class='ocrx_word' id='word_1_645' title='bbox 1131 5623 1270 5677; x_wconf 76' lang='lat' dir='ltr'><strong>salit.</strong></span> 
     </span>
    </p>
   </div>
   <div class='ocr_carea' id='block_1_87' title="bbox 505 5696 1030 5763">
    <p class='ocr_par' dir='ltr' id='par_1_87' title="bbox 505 5696 1030 5763">
     <span class='ocr_line' id='line_1_87' title="bbox 505 5696 1030 5763; baseline -0.006 -15"><span class='ocrx_word' id='word_1_646' title='bbox 505 5702 575 5763; x_wconf 77' lang='grc' dir='ltr'><strong>(ι’)</strong></span> <span class='ocrx_word' id='word_1_647' title='bbox 618 5696 711 5762; x_wconf 74' lang='lat' dir='ltr'><strong>Ep.</strong></span> <span class='ocrx_word' id='word_1_648' title='bbox 743 5696 867 5755; x_wconf 58' lang='grc'>224,</span> <span class='ocrx_word' id='word_1_649' title='bbox 901 5711 953 5746; x_wconf 88' lang='lat' dir='ltr'><strong>ll.</strong></span> <span class='ocrx_word' id='word_1_650' title='bbox 979 5696 1030 5745; x_wconf 79' lang='lat' dir='ltr'><strong>‘J.</strong></span> 
     </span>
    </p>
   </div>
   <div class='ocr_carea' id='block_1_88' title="bbox 501 5764 1156 5836">
    <p class='ocr_par' dir='ltr' id='par_1_88' title="bbox 501 5764 1156 5836">
     <span class='ocr_line' id='line_1_88' title="bbox 501 5764 1156 5836; baseline 0.003 -20"><span class='ocrx_word' id='word_1_651' title='bbox 501 5767 580 5836; x_wconf 72' lang='grc' dir='ltr'><strong>(ά)</strong></span> <span class='ocrx_word' id='word_1_652' title='bbox 621 5765 733 5819; x_wconf 80' lang='lat' dir='ltr'><strong>Lib.</strong></span> <span class='ocrx_word' id='word_1_653' title='bbox 768 5780 847 5824; x_wconf 82' lang='lat' dir='ltr'><strong>Ill.</strong></span> <span class='ocrx_word' id='word_1_654' title='bbox 876 5782 921 5816; x_wconf 79' lang='grc' dir='ltr'><strong>ρ.</strong></span> <span class='ocrx_word' id='word_1_655' title='bbox 962 5766 1045 5829; x_wconf 80' lang='lat'><strong>16,</strong></span> <span class='ocrx_word' id='word_1_656' title='bbox 1071 5764 1156 5818; x_wconf 64' lang='lat'><strong>‘27.</strong></span> 
     </span>
    </p>
   </div>
   <div class='ocr_carea' id='block_1_89' title="bbox 2100 3274 3679 3344">
    <p class='ocr_par' dir='ltr' id='par_1_89' title="bbox 2100 3274 3679 3344">
     <span class='ocr_line' id='line_1_89' title="bbox 2100 3274 3679 3344; baseline 0 -15"><span class='ocrx_word' id='word_1_657' title='bbox 2100 3277 2310 3331; x_wconf 81' lang='lat' dir='ltr'><strong>Nicama</strong></span> <span class='ocrx_word' id='word_1_658' title='bbox 2333 3278 2519 3344; x_wconf 86' lang='lat' dir='ltr'><strong>jurare</strong></span> <span class='ocrx_word' id='word_1_659' title='bbox 2559 3276 2734 3343; x_wconf 82' lang='lat' dir='ltr'><strong>coegit</strong></span> <span class='ocrx_word' id='word_1_660' title='bbox 2763 3290 2904 3329; x_wconf 90' lang='lat' dir='ltr'><strong>anno</strong></span> <span class='ocrx_word' id='word_1_661' title='bbox 2932 3274 3056 3328; x_wconf 80' lang='lat'><strong>575.</strong></span> <span class='ocrx_word' id='word_1_662' title='bbox 3107 3276 3176 3328; x_wconf 89' lang='lat' dir='ltr'><strong>At</strong></span> <span class='ocrx_word' id='word_1_663' title='bbox 3207 3274 3295 3327; x_wconf 88' lang='lat' dir='ltr'><strong>ille</strong></span> <span class='ocrx_word' id='word_1_664' title='bbox 3325 3276 3414 3328; x_wconf 92' lang='lat' dir='ltr'><strong>ubi</strong></span> <span class='ocrx_word' id='word_1_665' title='bbox 3438 3276 3572 3329; x_wconf 87' lang='lat' dir='ltr'><strong>vidit</strong></span> <span class='ocrx_word' id='word_1_666' title='bbox 3606 3291 3679 3329; x_wconf 77' lang='lat' dir='ltr'><strong>ex</strong></span> 
     </span>
    </p>
   </div>
   <div class='ocr_carea' id='block_1_90' title="bbox 2098 3366 3677 3437">
    <p class='ocr_par' dir='ltr' id='par_1_90' title="bbox 2098 3366 3677 3437">
     <span class='ocr_line' id='line_1_90' title="bbox 2098 3366 3677 3437; baseline 0 -15"><span class='ocrx_word' id='word_1_667' title='bbox 2098 3382 2162 3422; x_wconf 88' lang='lat' dir='ltr'><strong>ea</strong></span> <span class='ocrx_word' id='word_1_668' title='bbox 2194 3383 2251 3422; x_wconf 90' lang='lat' dir='ltr'><strong>re</strong></span> <span class='ocrx_word' id='word_1_669' title='bbox 2304 3382 2557 3437; x_wconf 90' lang='lat' dir='ltr'><strong>magnum</strong></span> <span class='ocrx_word' id='word_1_670' title='bbox 2605 3366 2821 3435; x_wconf 91' lang='lat' dir='ltr'><strong>aliquod</strong></span> <span class='ocrx_word' id='word_1_671' title='bbox 2866 3366 3259 3420; x_wconf 90' lang='lat' dir='ltr'><strong>incommodum</strong></span> <span class='ocrx_word' id='word_1_672' title='bbox 3308 3367 3439 3421; x_wconf 90' lang='lat' dir='ltr'><strong>oriri</strong></span> <span class='ocrx_word' id='word_1_673' title='bbox 3488 3382 3677 3436; x_wconf 86' lang='lat' dir='ltr'><strong>posse,</strong></span> 
     </span>
    </p>
   </div>
   <div class='ocr_carea' id='block_1_91' title="bbox 2099 3450 3681 3521">
    <p class='ocr_par' dir='ltr' id='par_1_91' title="bbox 2099 3450 3681 3521">
     <span class='ocr_line' id='line_1_91' title="bbox 2099 3450 3681 3521; baseline -0.003 -12"><span class='ocrx_word' id='word_1_674' title='bbox 2099 3471 2313 3510; x_wconf 90' lang='lat' dir='ltr'><strong>omnem</strong></span> <span class='ocrx_word' id='word_1_675' title='bbox 2338 3455 2688 3508; x_wconf 88' lang='lat' dir='ltr'><strong>acerbitatem</strong></span> <span class='ocrx_word' id='word_1_676' title='bbox 2725 3454 2777 3508; x_wconf 92' lang='lat' dir='ltr'><strong>in</strong></span> <span class='ocrx_word' id='word_1_677' title='bbox 2802 3453 3055 3507; x_wconf 89' lang='lat' dir='ltr'><strong>Basilium</strong></span> <span class='ocrx_word' id='word_1_678' title='bbox 3087 3450 3296 3516; x_wconf 78' lang='lat' dir='ltr'><strong>effudit,</strong></span> <span class='ocrx_word' id='word_1_679' title='bbox 3340 3461 3397 3505; x_wconf 93' lang='lat' dir='ltr'><strong>ut</strong></span> <span class='ocrx_word' id='word_1_680' title='bbox 3432 3453 3681 3521; x_wconf 86' lang='lat' dir='ltr'><strong>placaret</strong></span> 
     </span>
    </p>
   </div>
   <div class='ocr_carea' id='block_1_92' title="bbox 2101 3541 3681 3610">
    <p class='ocr_par' dir='ltr' id='par_1_92' title="bbox 2101 3541 3681 3610">
     <span class='ocr_line' id='line_1_92' title="bbox 2101 3541 3681 3610; baseline -0.001 -12"><span class='ocrx_word' id='word_1_681' title='bbox 2101 3545 2353 3599; x_wconf 89' lang='lat' dir='ltr'><strong>Arianos.</strong></span> <span class='ocrx_word' id='word_1_682' title='bbox 2385 3545 2591 3598; x_wconf 72' lang='lat' dir='ltr'><strong>Secuta:</strong></span> <span class='ocrx_word' id='word_1_683' title='bbox 2617 3552 2744 3597; x_wconf 91' lang='lat' dir='ltr'><strong>sunt</strong></span> <span class='ocrx_word' id='word_1_684' title='bbox 2774 3543 2937 3596; x_wconf 66' lang='lat' dir='ltr'><strong>varia:</strong></span> <span class='ocrx_word' id='word_1_685' title='bbox 2971 3541 3236 3607; x_wconf 72' lang='lat' dir='ltr'><strong>formulze,</strong></span> <span class='ocrx_word' id='word_1_686' title='bbox 3279 3556 3509 3610; x_wconf 89' lang='lat' dir='ltr'><strong>quarum</strong></span> <span class='ocrx_word' id='word_1_687' title='bbox 3540 3542 3681 3596; x_wconf 86' lang='lat' dir='ltr'><strong>alte—</strong></span> 
     </span>
    </p>
   </div>
   <div class='ocr_carea' id='block_1_93' title="bbox 2104 3635 3679 3704">
    <p class='ocr_par' dir='ltr' id='par_1_93' title="bbox 2104 3635 3679 3704">
     <span class='ocr_line' id='line_1_93' title="bbox 2104 3635 3679 3704; baseline -0.001 -15"><span class='ocrx_word' id='word_1_688' title='bbox 2104 3651 2243 3699; x_wconf 89' lang='lat' dir='ltr'><strong>ram,</strong></span> <span class='ocrx_word' id='word_1_689' title='bbox 2275 3636 2488 3690; x_wconf 77' lang='lat' dir='ltr'><strong>Gelasio</strong></span> <span class='ocrx_word' id='word_1_690' title='bbox 2522 3635 2750 3704; x_wconf 86' lang='lat' dir='ltr'><strong>quodam</strong></span> <span class='ocrx_word' id='word_1_691' title='bbox 2783 3650 2916 3704; x_wconf 89' lang='lat' dir='ltr'><strong>prop</strong></span> <span class='ocrx_word' id='word_1_692' title='bbox 2930 3644 3149 3698; x_wconf 91' lang='lat' dir='ltr'><strong>onente,</strong></span> <span class='ocrx_word' id='word_1_693' title='bbox 3172 3636 3223 3687; x_wconf 90' lang='lat' dir='ltr'><strong>in</strong></span> <span class='ocrx_word' id='word_1_694' title='bbox 3255 3635 3439 3689; x_wconf 79' lang='lat' dir='ltr'><strong>Cilicia</strong></span> <span class='ocrx_word' id='word_1_695' title='bbox 3470 3636 3679 3703; x_wconf 90' lang='lat' dir='ltr'><strong>recepit</strong></span> 
     </span>
    </p>
   </div>
   <div class='ocr_carea' id='block_1_94' title="bbox 2102 3726 3681 3797">
    <p class='ocr_par' dir='ltr' id='par_1_94' title="bbox 2102 3726 3681 3797">
     <span class='ocr_line' id='line_1_94' title="bbox 2102 3726 3681 3797; baseline -0.001 -14"><span class='ocrx_word' id='word_1_696' title='bbox 2102 3729 2287 3783; x_wconf 88' lang='lat' dir='ltr'><strong>eodem</strong></span> <span class='ocrx_word' id='word_1_697' title='bbox 2312 3742 2478 3793; x_wconf 91' lang='lat' dir='ltr'><strong>anno,</strong></span> <span class='ocrx_word' id='word_1_698' title='bbox 2508 3728 2730 3781; x_wconf 90' lang='lat' dir='ltr'><strong>alteram</strong></span> <span class='ocrx_word' id='word_1_699' title='bbox 2767 3727 2946 3797; x_wconf 80' lang='lat' dir='ltr'><strong>Cyzici</strong></span> <span class='ocrx_word' id='word_1_700' title='bbox 2987 3727 3197 3782; x_wconf 90' lang='lat' dir='ltr'><strong>duobus</strong></span> <span class='ocrx_word' id='word_1_701' title='bbox 3238 3736 3354 3796; x_wconf 90' lang='lat' dir='ltr'><strong>post</strong></span> <span class='ocrx_word' id='word_1_702' title='bbox 3376 3728 3551 3780; x_wconf 90' lang='lat' dir='ltr'><strong>annis.</strong></span> <span class='ocrx_word' id='word_1_703' title='bbox 3585 3726 3681 3781; x_wconf 85' lang='lat' dir='ltr'><strong>ln-</strong></span> 
     </span>
    </p>
   </div>
   <div class='ocr_carea' id='block_1_95' title="bbox 2104 3804 3676 3887">
    <p class='ocr_par' dir='ltr' id='par_1_95' title="bbox 2104 3804 3676 3887">
     <span class='ocr_line' id='line_1_95' title="bbox 2104 3804 3676 3887; baseline 0.001 -16"><span class='ocrx_word' id='word_1_704' title='bbox 2104 3820 2263 3873; x_wconf 88' lang='lat' dir='ltr'><strong>terim</strong></span> <span class='ocrx_word' id='word_1_705' title='bbox 2296 3829 2494 3881; x_wconf 89' lang='lat' dir='ltr'><strong>tamen,</strong></span> <span class='ocrx_word' id='word_1_706' title='bbox 2519 3832 2618 3872; x_wconf 91' lang='lat' dir='ltr'><strong>nec</strong></span> <span class='ocrx_word' id='word_1_707' title='bbox 2645 3818 2861 3871; x_wconf 85' lang='lat' dir='ltr'><strong>Arianis</strong></span> <span class='ocrx_word' id='word_1_708' title='bbox 2890 3818 3141 3872; x_wconf 90' lang='lat' dir='ltr'><strong>catholici</strong></span> <span class='ocrx_word' id='word_1_709' title='bbox 3178 3804 3463 3887; x_wconf 76' lang='lat' dir='ltr'><strong>dogmatis</strong></span> <span class='ocrx_word' id='word_1_710' title='bbox 3482 3818 3676 3872; x_wconf 72' lang='lat' dir='ltr'><strong>defer.-</strong></span> 
     </span>
    </p>
   </div>
   <div class='ocr_carea' id='block_1_96' title="bbox 2102 3908 3677 3973">
    <p class='ocr_par' dir='ltr' id='par_1_96' title="bbox 2102 3908 3677 3973">
     <span class='ocr_line' id='line_1_96' title="bbox 2102 3908 3677 3973; baseline 0 -9"><span class='ocrx_word' id='word_1_711' title='bbox 2102 3924 2212 3973; x_wconf 92' lang='lat' dir='ltr'><strong>sor,</strong></span> <span class='ocrx_word' id='word_1_712' title='bbox 2259 3924 2358 3964; x_wconf 90' lang='lat' dir='ltr'><strong>nec</strong></span> <span class='ocrx_word' id='word_1_713' title='bbox 2400 3909 2689 3964; x_wconf 89' lang='lat' dir='ltr'><strong>Catholicis</strong></span> <span class='ocrx_word' id='word_1_714' title='bbox 2724 3908 2954 3963; x_wconf 89' lang='lat' dir='ltr'><strong>Arianus</strong></span> <span class='ocrx_word' id='word_1_715' title='bbox 2998 3910 3170 3963; x_wconf 89' lang='lat' dir='ltr'><strong>videri</strong></span> <span class='ocrx_word' id='word_1_716' title='bbox 3224 3910 3453 3973; x_wconf 85' lang='lat' dir='ltr'><strong>volebat,</strong></span> <span class='ocrx_word' id='word_1_717' title='bbox 3497 3909 3677 3964; x_wconf 91' lang='lat' dir='ltr'><strong>donec</strong></span> 
     </span>
    </p>
   </div>
   <div class='ocr_carea' id='block_1_97' title="bbox 2104 4000 3676 4071">
    <p class='ocr_par' dir='ltr' id='par_1_97' title="bbox 2104 4000 3676 4071">
     <span class='ocr_line' id='line_1_97' title="bbox 2104 4000 3676 4071; baseline 0 -16"><span class='ocrx_word' id='word_1_718' title='bbox 2104 4002 2321 4055; x_wconf 89' lang='lat' dir='ltr'><strong>tandem</strong></span> <span class='ocrx_word' id='word_1_719' title='bbox 2350 4016 2492 4053; x_wconf 90' lang='lat' dir='ltr'><strong>anno</strong></span> <span class='ocrx_word' id='word_1_720' title='bbox 2514 4000 2619 4053; x_wconf 77' lang='lat'><strong>575</strong></span> <span class='ocrx_word' id='word_1_721' title='bbox 2655 4012 2884 4055; x_wconf 80' lang='lat' dir='ltr'><strong>exeunte</strong></span> <span class='ocrx_word' id='word_1_722' title='bbox 2906 4000 3189 4071; x_wconf 86' lang='lat' dir='ltr'><strong>perfractis</strong></span> <span class='ocrx_word' id='word_1_723' title='bbox 3215 4002 3467 4056; x_wconf 89' lang='lat' dir='ltr'><strong>omnibus</strong></span> <span class='ocrx_word' id='word_1_724' title='bbox 3498 4004 3676 4071; x_wconf 88' lang='lat' dir='ltr'><strong>pudo-</strong></span> 
     </span>
    </p>
   </div>
   <div class='ocr_carea' id='block_1_98' title="bbox 2098 4092 3675 4163">
    <p class='ocr_par' dir='ltr' id='par_1_98' title="bbox 2098 4092 3675 4163">
     <span class='ocr_line' id='line_1_98' title="bbox 2098 4092 3675 4163; baseline 0 -16"><span class='ocrx_word' id='word_1_725' title='bbox 2098 4094 2175 4149; x_wconf 89' lang='lat' dir='ltr'><strong>ris</strong></span> <span class='ocrx_word' id='word_1_726' title='bbox 2206 4093 2474 4163; x_wconf 87' lang='lat' dir='ltr'><strong>repagulis</strong></span> <span class='ocrx_word' id='word_1_727' title='bbox 2496 4108 2616 4148; x_wconf 91' lang='lat' dir='ltr'><strong>sese</strong></span> <span class='ocrx_word' id='word_1_728' title='bbox 2644 4108 2762 4148; x_wconf 89' lang='lat' dir='ltr'><strong>cum</strong></span> <span class='ocrx_word' id='word_1_729' title='bbox 2789 4092 3003 4147; x_wconf 89' lang='lat' dir='ltr'><strong>Arianis</strong></span> <span class='ocrx_word' id='word_1_730' title='bbox 3037 4093 3215 4162; x_wconf 90' lang='lat' dir='ltr'><strong>palam</strong></span> <span class='ocrx_word' id='word_1_731' title='bbox 3239 4100 3293 4148; x_wconf 91' lang='lat' dir='ltr'><strong>et</strong></span> <span class='ocrx_word' id='word_1_732' title='bbox 3326 4103 3511 4162; x_wconf 87' lang='lat' dir='ltr'><strong>aperte</strong></span> <span class='ocrx_word' id='word_1_733' title='bbox 3535 4109 3675 4149; x_wconf 87' lang='lat' dir='ltr'><strong>con-</strong></span> 
     </span>
    </p>
   </div>
   <div class='ocr_carea' id='block_1_99' title="bbox 2093 4185 2294 4251">
    <p class='ocr_par' dir='ltr' id='par_1_99' title="bbox 2093 4185 2294 4251">
     <span class='ocr_line' id='line_1_99' title="bbox 2093 4185 2294 4251; baseline 0 -15"><span class='ocrx_word' id='word_1_734' title='bbox 2093 4185 2294 4251; x_wconf 82' lang='lat' dir='ltr'><strong>junxit.</strong></span> 
     </span>
    </p>
   </div>
   <div class='ocr_carea' id='block_1_100' title="bbox 2168 4274 3673 4339">
    <p class='ocr_par' dir='ltr' id='par_1_100' title="bbox 2168 4274 3673 4339">
     <span class='ocr_line' id='line_1_100' title="bbox 2168 4274 3673 4339; baseline 0.002 -11"><span class='ocrx_word' id='word_1_735' title='bbox 2168 4274 2255 4329; x_wconf 90' lang='lat' dir='ltr'><strong>lll.</strong></span> <span class='ocrx_word' id='word_1_736' title='bbox 2295 4274 2440 4330; x_wconf 84' lang='lat' dir='ltr'><strong>Talis</strong></span> <span class='ocrx_word' id='word_1_737' title='bbox 2475 4285 2593 4329; x_wconf 88' lang='lat' dir='ltr'><strong>erat</strong></span> <span class='ocrx_word' id='word_1_738' title='bbox 2618 4275 2953 4339; x_wconf 88' lang='lat' dir='ltr'><strong>Eustathius,</strong></span> <span class='ocrx_word' id='word_1_739' title='bbox 3006 4275 3090 4329; x_wconf 93' lang='lat' dir='ltr'><strong>cui</strong></span> <span class='ocrx_word' id='word_1_740' title='bbox 3127 4274 3357 4330; x_wconf 88' lang='lat' dir='ltr'><strong>Basilius</strong></span> <span class='ocrx_word' id='word_1_741' title='bbox 3389 4278 3441 4330; x_wconf 92' lang='lat' dir='ltr'><strong>in</strong></span> <span class='ocrx_word' id='word_1_742' title='bbox 3491 4280 3673 4332; x_wconf 80' lang='lat' dir='ltr'><strong>maxi-</strong></span> 
     </span>
    </p>
   </div>
   <div class='ocr_carea' id='block_1_101' title="bbox 2098 4366 3671 4437">
    <p class='ocr_par' dir='ltr' id='par_1_101' title="bbox 2098 4366 3671 4437">
     <span class='ocr_line' id='line_1_101' title="bbox 2098 4366 3671 4437; baseline 0.001 -16"><span class='ocrx_word' id='word_1_743' title='bbox 2098 4366 2200 4421; x_wconf 91' lang='lat' dir='ltr'><strong>mis</strong></span> <span class='ocrx_word' id='word_1_744' title='bbox 2266 4366 2427 4421; x_wconf 92' lang='lat' dir='ltr'><strong>rebus</strong></span> <span class='ocrx_word' id='word_1_745' title='bbox 2497 4366 2798 4419; x_wconf 88' lang='lat' dir='ltr'><strong>conlidebat</strong></span> <span class='ocrx_word' id='word_1_746' title='bbox 2841 4367 2932 4433; x_wconf 69' lang='lat'><strong>(1),</strong></span> <span class='ocrx_word' id='word_1_747' title='bbox 2991 4367 3145 4435; x_wconf 88' lang='lat' dir='ltr'><strong>cujus</strong></span> <span class='ocrx_word' id='word_1_748' title='bbox 3200 4368 3489 4437; x_wconf 90' lang='lat' dir='ltr'><strong>discipulos</strong></span> <span class='ocrx_word' id='word_1_749' title='bbox 3541 4370 3671 4423; x_wconf 77' lang='lat' dir='ltr'><strong>vita:</strong></span> 
     </span>
    </p>
   </div>
   <div class='ocr_carea' id='block_1_102' title="bbox 2098 4456 3673 4526">
    <p class='ocr_par' dir='ltr' id='par_1_102' title="bbox 2098 4456 3673 4526">
     <span class='ocr_line' id='line_1_102' title="bbox 2098 4456 3673 4526; baseline 0.001 -14"><span class='ocrx_word' id='word_1_750' title='bbox 2098 4473 2209 4512; x_wconf 75' lang='lat' dir='ltr'><strong>sua:</strong></span> <span class='ocrx_word' id='word_1_751' title='bbox 2231 4457 2535 4526; x_wconf 69' lang='lat' dir='ltr'><strong>prmsidium</strong></span> <span class='ocrx_word' id='word_1_752' title='bbox 2558 4470 2679 4509; x_wconf 90' lang='lat' dir='ltr'><strong>esse</strong></span> <span class='ocrx_word' id='word_1_753' title='bbox 2712 4458 2941 4509; x_wconf 87' lang='lat' dir='ltr'><strong>ducebat</strong></span> <span class='ocrx_word' id='word_1_754' title='bbox 2976 4459 3072 4524; x_wconf 90' lang='lat' dir='ltr'><strong>(g).</strong></span> <span class='ocrx_word' id='word_1_755' title='bbox 3108 4456 3212 4511; x_wconf 88' lang='lat' dir='ltr'><strong>Sed</strong></span> <span class='ocrx_word' id='word_1_756' title='bbox 3248 4473 3351 4511; x_wconf 92' lang='lat' dir='ltr'><strong>non</strong></span> <span class='ocrx_word' id='word_1_757' title='bbox 3383 4458 3483 4511; x_wconf 90' lang='lat' dir='ltr'><strong>soli</strong></span> <span class='ocrx_word' id='word_1_758' title='bbox 3514 4458 3673 4515; x_wconf 79' lang='lat' dir='ltr'><strong>Basi-</strong></span> 
     </span>
    </p>
   </div>
   <div class='ocr_carea' id='block_1_103' title="bbox 2100 4543 3674 4619">
    <p class='ocr_par' dir='ltr' id='par_1_103' title="bbox 2100 4543 3674 4619">
     <span class='ocr_line' id='line_1_103' title="bbox 2100 4543 3674 4619; baseline 0.003 -21"><span class='ocrx_word' id='word_1_759' title='bbox 2100 4547 2171 4599; x_wconf 93' lang='lat' dir='ltr'><strong>lio</strong></span> <span class='ocrx_word' id='word_1_760' title='bbox 2197 4545 2504 4600; x_wconf 83' lang='lat' dir='ltr'><strong>Eustathius</strong></span> <span class='ocrx_word' id='word_1_761' title='bbox 2533 4544 2720 4599; x_wconf 91' lang='lat' dir='ltr'><strong>illusit.</strong></span> <span class='ocrx_word' id='word_1_762' title='bbox 2747 4543 2945 4597; x_wconf 75' lang='lat' dir='ltr'><strong>Przeter</strong></span> <span class='ocrx_word' id='word_1_763' title='bbox 2975 4547 3105 4599; x_wconf 87' lang='lat' dir='ltr'><strong>duos</strong></span> <span class='ocrx_word' id='word_1_764' title='bbox 3143 4546 3512 4603; x_wconf 69' lang='lat' dir='ltr'><strong>(imsarienses</strong></span> <span class='ocrx_word' id='word_1_765' title='bbox 3552 4551 3674 4619; x_wconf 83' lang='lat' dir='ltr'><strong>epi-</strong></span> 
     </span>
    </p>
   </div>
   <div class='ocr_carea' id='block_1_104' title="bbox 2100 4636 3669 4709">
    <p class='ocr_par' dir='ltr' id='par_1_104' title="bbox 2100 4636 3669 4709">
     <span class='ocr_line' id='line_1_104' title="bbox 2100 4636 3669 4709; baseline 0.004 -18"><span class='ocrx_word' id='word_1_766' title='bbox 2100 4654 2312 4706; x_wconf 90' lang='lat' dir='ltr'><strong>scopos,</strong></span> <span class='ocrx_word' id='word_1_767' title='bbox 2370 4652 2505 4706; x_wconf 88' lang='lat' dir='ltr'><strong>quos</strong></span> <span class='ocrx_word' id='word_1_768' title='bbox 2541 4650 2700 4704; x_wconf 89' lang='lat' dir='ltr'><strong>supra</strong></span> <span class='ocrx_word' id='word_1_769' title='bbox 2753 4636 2988 4691; x_wconf 77' lang='lat' dir='ltr'><strong>diximus</strong></span> <span class='ocrx_word' id='word_1_770' title='bbox 3026 4638 3308 4692; x_wconf 88' lang='lat' dir='ltr'><strong>Eustathio</strong></span> <span class='ocrx_word' id='word_1_771' title='bbox 3346 4640 3623 4708; x_wconf 88' lang='lat' dir='ltr'><strong>ignovisse</strong></span> <span class='ocrx_word' id='word_1_772' title='bbox 3652 4685 3669 4709; x_wconf 92' lang='lat'><strong>,</strong></span> 
     </span>
    </p>
   </div>
   <div class='ocr_carea' id='block_1_105' title="bbox 2107 4728 3671 4796">
    <p class='ocr_par' dir='ltr' id='par_1_105' title="bbox 2107 4728 3671 4796">
     <span class='ocr_line' id='line_1_105' title="bbox 2107 4728 3671 4796; baseline 0.003 -12"><span class='ocrx_word' id='word_1_773' title='bbox 2107 4730 2420 4784; x_wconf 88' lang='lat' dir='ltr'><strong>amicissimi</strong></span> <span class='ocrx_word' id='word_1_774' title='bbox 2442 4728 2612 4783; x_wconf 91' lang='lat' dir='ltr'><strong>eidem</strong></span> <span class='ocrx_word' id='word_1_775' title='bbox 2635 4735 2791 4781; x_wconf 88' lang='lat' dir='ltr'><strong>erant</strong></span> <span class='ocrx_word' id='word_1_776' title='bbox 2810 4729 3239 4796; x_wconf 82' lang='lat' dir='ltr'><strong>praestantissimi</strong></span> <span class='ocrx_word' id='word_1_777' title='bbox 3258 4730 3380 4796; x_wconf 89' lang='lat' dir='ltr'><strong>viri,</strong></span> <span class='ocrx_word' id='word_1_778' title='bbox 3410 4730 3671 4789; x_wconf 89' lang='lat' dir='ltr'><strong>Silvanus</strong></span> 
     </span>
    </p>
   </div>
   <div class='ocr_carea' id='block_1_106' title="bbox 2102 4819 3671 4889">
    <p class='ocr_par' dir='ltr' id='par_1_106' title="bbox 2102 4819 3671 4889">
     <span class='ocr_line' id='line_1_106' title="bbox 2102 4819 3671 4889; baseline 0.004 -15"><span class='ocrx_word' id='word_1_779' title='bbox 2102 4820 2405 4888; x_wconf 87' lang='lat' dir='ltr'><strong>Tarsensis,</strong></span> <span class='ocrx_word' id='word_1_780' title='bbox 2461 4834 2525 4873; x_wconf 88' lang='lat' dir='ltr'><strong>ac</strong></span> <span class='ocrx_word' id='word_1_781' title='bbox 2576 4819 2689 4887; x_wconf 88' lang='lat' dir='ltr'><strong>ipse</strong></span> <span class='ocrx_word' id='word_1_782' title='bbox 2716 4819 2899 4883; x_wconf 88' lang='lat' dir='ltr'><strong>etiam,</strong></span> <span class='ocrx_word' id='word_1_783' title='bbox 2954 4834 3111 4889; x_wconf 90' lang='lat' dir='ltr'><strong>quem</strong></span> <span class='ocrx_word' id='word_1_784' title='bbox 3140 4820 3374 4877; x_wconf 90' lang='lat' dir='ltr'><strong>Basilius</strong></span> <span class='ocrx_word' id='word_1_785' title='bbox 3410 4824 3671 4880; x_wconf 74' lang='lat' dir='ltr'><strong>Ecclesia:</strong></span> 
     </span>
    </p>
   </div>
   <div class='ocr_carea' id='block_1_107' title="bbox 2099 4910 3671 4976">
    <p class='ocr_par' dir='ltr' id='par_1_107' title="bbox 2099 4910 3671 4976">
     <span class='ocr_line' id='line_1_107' title="bbox 2099 4910 3671 4976; baseline 0.003 -9"><span class='ocrx_word' id='word_1_786' title='bbox 2099 4915 2261 4967; x_wconf 92' lang='lat' dir='ltr'><strong>decus</strong></span> <span class='ocrx_word' id='word_1_787' title='bbox 2291 4921 2346 4965; x_wconf 91' lang='lat' dir='ltr'><strong>et</strong></span> <span class='ocrx_word' id='word_1_788' title='bbox 2370 4910 2614 4965; x_wconf 88' lang='lat' dir='ltr'><strong>columen</strong></span> <span class='ocrx_word' id='word_1_789' title='bbox 2638 4924 2756 4964; x_wconf 88' lang='lat' dir='ltr'><strong>esse</strong></span> <span class='ocrx_word' id='word_1_790' title='bbox 2780 4912 3005 4976; x_wconf 88' lang='lat' dir='ltr'><strong>sciebat,</strong></span> <span class='ocrx_word' id='word_1_791' title='bbox 3037 4912 3095 4965; x_wconf 89' lang='lat' dir='ltr'><strong>S.</strong></span> <span class='ocrx_word' id='word_1_792' title='bbox 3124 4912 3386 4968; x_wconf 86' lang='lat' dir='ltr'><strong>Eusebius</strong></span> <span class='ocrx_word' id='word_1_793' title='bbox 3407 4915 3671 4972; x_wconf 85' lang='lat' dir='ltr'><strong>Samosa-</strong></span> 
     </span>
    </p>
   </div>
   <div class='ocr_carea' id='block_1_108' title="bbox 2101 4999 3671 5062">
    <p class='ocr_par' dir='ltr' id='par_1_108' title="bbox 2101 4999 3671 5062">
     <span class='ocr_line' id='line_1_108' title="bbox 2101 4999 3671 5062; baseline 0.004 -6"><span class='ocrx_word' id='word_1_794' title='bbox 2101 5003 2285 5056; x_wconf 88' lang='lat' dir='ltr'><strong>tensis.</strong></span> <span class='ocrx_word' id='word_1_795' title='bbox 2312 5000 2473 5054; x_wconf 82' lang='lat' dir='ltr'><strong>Multa</strong></span> <span class='ocrx_word' id='word_1_796' title='bbox 2505 5000 2557 5052; x_wconf 91' lang='lat' dir='ltr'><strong>in</strong></span> <span class='ocrx_word' id='word_1_797' title='bbox 2588 4999 2779 5055; x_wconf 91' lang='lat' dir='ltr'><strong>litteris</strong></span> <span class='ocrx_word' id='word_1_798' title='bbox 2804 4999 2985 5055; x_wconf 89' lang='lat' dir='ltr'><strong>Basilii</strong></span> <span class='ocrx_word' id='word_1_799' title='bbox 3022 5012 3233 5057; x_wconf 80' lang='lat' dir='ltr'><strong>exstant</strong></span> <span class='ocrx_word' id='word_1_800' title='bbox 3273 5005 3525 5059; x_wconf 70' lang='lat' dir='ltr'><strong>amicitia:</strong></span> <span class='ocrx_word' id='word_1_801' title='bbox 3556 5008 3671 5062; x_wconf 84' lang='lat' dir='ltr'><strong>Eu-</strong></span> 
     </span>
    </p>
   </div>
   <div class='ocr_carea' id='block_1_109' title="bbox 2099 5091 3673 5162">
    <p class='ocr_par' dir='ltr' id='par_1_109' title="bbox 2099 5091 3673 5162">
     <span class='ocr_line' id='line_1_109' title="bbox 2099 5091 3673 5162; baseline 0.003 -15"><span class='ocrx_word' id='word_1_802' title='bbox 2099 5094 2229 5148; x_wconf 87' lang='lat' dir='ltr'><strong>sebii</strong></span> <span class='ocrx_word' id='word_1_803' title='bbox 2284 5101 2340 5145; x_wconf 89' lang='lat' dir='ltr'><strong>et</strong></span> <span class='ocrx_word' id='word_1_804' title='bbox 2387 5091 2650 5145; x_wconf 88' lang='lat' dir='ltr'><strong>Eustathii</strong></span> <span class='ocrx_word' id='word_1_805' title='bbox 2702 5091 2894 5146; x_wconf 88' lang='lat' dir='ltr'><strong>indicia</strong></span> <span class='ocrx_word' id='word_1_806' title='bbox 2929 5092 3027 5162; x_wconf 86' lang='lat' dir='ltr'><strong>(h).</strong></span> <span class='ocrx_word' id='word_1_807' title='bbox 3073 5093 3122 5148; x_wconf 90' lang='lat' dir='ltr'><strong>ls</strong></span> <span class='ocrx_word' id='word_1_808' title='bbox 3171 5106 3482 5151; x_wconf 88' lang='lat' dir='ltr'><strong>nascentem</strong></span> <span class='ocrx_word' id='word_1_809' title='bbox 3524 5099 3673 5153; x_wconf 87' lang='lat' dir='ltr'><strong>inter</strong></span> 
     </span>
    </p>
   </div>
   <div class='ocr_carea' id='block_1_110' title="bbox 2098 5181 3669 5245">
    <p class='ocr_par' dir='ltr' id='par_1_110' title="bbox 2098 5181 3669 5245">
     <span class='ocr_line' id='line_1_110' title="bbox 2098 5181 3669 5245; baseline 0.006 -10"><span class='ocrx_word' id='word_1_810' title='bbox 2098 5182 2349 5236; x_wconf 86' lang='lat' dir='ltr'><strong>Basilium</strong></span> <span class='ocrx_word' id='word_1_811' title='bbox 2388 5190 2442 5234; x_wconf 90' lang='lat' dir='ltr'><strong>et</strong></span> <span class='ocrx_word' id='word_1_812' title='bbox 2474 5181 2811 5236; x_wconf 87' lang='lat' dir='ltr'><strong>Eustathiun.</strong></span> <span class='ocrx_word' id='word_1_813' title='bbox 2856 5183 3179 5237; x_wconf 89' lang='lat' dir='ltr'><strong>discordiam</strong></span> <span class='ocrx_word' id='word_1_814' title='bbox 3221 5189 3413 5242; x_wconf 81' lang='lat' dir='ltr'><strong>sedare</strong></span> <span class='ocrx_word' id='word_1_815' title='bbox 3438 5202 3669 5245; x_wconf 88' lang='lat' dir='ltr'><strong>conatus</strong></span> 
     </span>
    </p>
   </div>
   <div class='ocr_carea' id='block_1_111' title="bbox 2097 5272 3667 5336">
    <p class='ocr_par' dir='ltr' id='par_1_111' title="bbox 2097 5272 3667 5336">
     <span class='ocr_line' id='line_1_111' title="bbox 2097 5272 3667 5336; baseline 0.005 -8"><span class='ocrx_word' id='word_1_816' title='bbox 2097 5284 2199 5329; x_wconf 90' lang='lat' dir='ltr'><strong>est.</strong></span> <span class='ocrx_word' id='word_1_817' title='bbox 2246 5272 2480 5327; x_wconf 79' lang='lat' dir='ltr'><strong>Vocatus</strong></span> <span class='ocrx_word' id='word_1_818' title='bbox 2522 5288 2662 5326; x_wconf 91' lang='lat' dir='ltr'><strong>anno</strong></span> <span class='ocrx_word' id='word_1_819' title='bbox 2692 5274 2797 5327; x_wconf 75' lang='grc'><strong>572</strong></span> <span class='ocrx_word' id='word_1_820' title='bbox 2822 5275 2874 5328; x_wconf 92' lang='lat' dir='ltr'><strong>in</strong></span> <span class='ocrx_word' id='word_1_821' title='bbox 2910 5276 3219 5330; x_wconf 86' lang='lat' dir='ltr'><strong>Armeniam</strong></span> <span class='ocrx_word' id='word_1_822' title='bbox 3253 5277 3484 5335; x_wconf 89' lang='lat' dir='ltr'><strong>Basilius</strong></span> <span class='ocrx_word' id='word_1_823' title='bbox 3519 5297 3551 5335; x_wconf 91' lang='lat' dir='ltr'><strong>a</strong></span> <span class='ocrx_word' id='word_1_824' title='bbox 3604 5284 3667 5336; x_wconf 88' lang='lat' dir='ltr'><strong>S.</strong></span> 
     </span>
    </p>
   </div>
   <div class='ocr_carea' id='block_1_112' title="bbox 2099 5363 3667 5440">
    <p class='ocr_par' dir='ltr' id='par_1_112' title="bbox 2099 5363 3667 5440">
     <span class='ocr_line' id='line_1_112' title="bbox 2099 5363 3667 5440; baseline 0.004 -21"><span class='ocrx_word' id='word_1_825' title='bbox 2099 5365 2309 5420; x_wconf 80' lang='lat' dir='ltr'><strong>Meletio</strong></span> <span class='ocrx_word' id='word_1_826' title='bbox 2332 5374 2386 5418; x_wconf 91' lang='lat' dir='ltr'><strong>et</strong></span> <span class='ocrx_word' id='word_1_827' title='bbox 2411 5363 2710 5430; x_wconf 88' lang='lat' dir='ltr'><strong>Theodoto,</strong></span> <span class='ocrx_word' id='word_1_828' title='bbox 2748 5374 2855 5421; x_wconf 86' lang='lat' dir='ltr'><strong>tum</strong></span> <span class='ocrx_word' id='word_1_829' title='bbox 2889 5376 2947 5421; x_wconf 92' lang='lat' dir='ltr'><strong>ut</strong></span> <span class='ocrx_word' id='word_1_830' title='bbox 2970 5367 3167 5423; x_wconf 87' lang='lat' dir='ltr'><strong>festum</strong></span> <span class='ocrx_word' id='word_1_831' title='bbox 3192 5371 3481 5440; x_wconf 89' lang='lat' dir='ltr'><strong>quemdam</strong></span> <span class='ocrx_word' id='word_1_832' title='bbox 3516 5372 3667 5428; x_wconf 88' lang='lat' dir='ltr'><strong>diem</strong></span> 
     </span>
    </p>
   </div>
   <div class='ocr_carea' id='block_1_113' title="bbox 2193 5543 2403 5611">
    <p class='ocr_par' dir='ltr' id='par_1_113' title="bbox 2193 5543 2403 5611">
     <span class='ocr_line' id='line_1_113' title="bbox 2193 5543 2403 5611; baseline -0.005 -15"><span class='ocrx_word' id='word_1_833' title='bbox 2193 5548 2245 5611; x_wconf 79' lang='grc' dir='ltr'><strong>ι)</strong></span> <span class='ocrx_word' id='word_1_834' title='bbox 2274 5543 2403 5595; x_wconf 91' lang='lat' dir='ltr'><strong>lbid.</strong></span> 
     </span>
    </p>
   </div>
   <div class='ocr_carea' id='block_1_114' title="bbox 2195 5613 2527 5681">
    <p class='ocr_par' dir='ltr' id='par_1_114' title="bbox 2195 5613 2527 5681">
     <span class='ocr_line' id='line_1_114' title="bbox 2195 5613 2527 5681; baseline 0 -18"><span class='ocrx_word' id='word_1_835' title='bbox 2195 5614 2239 5681; x_wconf 74' lang='lat' dir='ltr'><strong>f)</strong></span> <span class='ocrx_word' id='word_1_836' title='bbox 2277 5613 2371 5679; x_wconf 83' lang='lat' dir='ltr'><strong>Ep.</strong></span> <span class='ocrx_word' id='word_1_837' title='bbox 2406 5613 2527 5664; x_wconf 75' lang='lat' dir='ltr'><strong>ita.</strong></span> 
     </span>
    </p>
   </div>
   <div class='ocr_carea' id='block_1_115' title="bbox 2172 5681 2533 5750">
    <p class='ocr_par' dir='ltr' id='par_1_115' title="bbox 2172 5681 2533 5750">
     <span class='ocr_line' id='line_1_115' title="bbox 2172 5681 2533 5750; baseline 0.014 -7"><span class='ocrx_word' id='word_1_838' title='bbox 2172 5688 2245 5750; x_wconf 77' lang='lat' dir='ltr'><strong>t9)</strong></span> <span class='ocrx_word' id='word_1_839' title='bbox 2285 5681 2379 5750; x_wconf 76' lang='grc' dir='ltr'><strong>Ερο</strong></span> <span class='ocrx_word' id='word_1_840' title='bbox 2415 5682 2533 5735; x_wconf 70' lang='lat' dir='ltr'><strong>13L</strong></span> 
     </span>
    </p>
   </div>
   <div class='ocr_carea' id='block_1_116' title="bbox 2173 5749 2494 5821">
    <p class='ocr_par' dir='ltr' id='par_1_116' title="bbox 2173 5749 2494 5821">
     <span class='ocr_line' id='line_1_116' title="bbox 2173 5749 2494 5821; baseline 0.006 -22"><span class='ocrx_word' id='word_1_841' title='bbox 2173 5752 2249 5821; x_wconf 71' lang='lat' dir='ltr'><strong>(Ii)</strong></span> <span class='ocrx_word' id='word_1_842' title='bbox 2282 5749 2374 5804; x_wconf 89' lang='lat' dir='ltr'><strong>0r.</strong></span> <span class='ocrx_word' id='word_1_843' title='bbox 2414 5753 2494 5804; x_wconf 78' lang='lat'><strong>12.</strong></span> 
     </span>
    </p>
   </div>
  </div>
