3820 6210
1425 324 1590 396 ἰἰῒει
1625 334 1649 394 ξ

1756 323 2000 394 nsunt.
3243 345 3336 393 ιι.

156 476 247 516 cum
278 460 344 512 eis
383 456 683 520 celebraret,
720 457 836 510 ‘tum
878 464 939 509 ἰιι
967 455 1033 510 de
1059 442 1346 511 Eustathio
1385 469 1661 528 ageretur,
1691 471 1740 526 Α
1771 462 1824 515 in
1857 459 2064 530 synodo
2115 454 2538 511 Neocaesariensi
2577 452 3099 510 excommunicatutn
3125 489 3142 515 ,
3192 461 3246 506 et
3283 453 3336 508 in

151 554 302 606 adesse
323 550 494 614 noluit,
527 561 806 618 propterea
843 549 989 615 quod
1017 549 1305 615 Eusebius,
1343 567 1373 604 a
1406 567 1513 619 quo
1544 551 1661 621 plu-

150 643 306 694 rituum
347 640 562 710 praesidii
624 643 692 693 ad
743 640 1010 694 Eustathii
1065 641 1431 696 defensionem
1477 656 1662 711 spera-

146 733 219 786 bat
244 732 328 800 (ιι),
357 746 416 784 eo
445 731 621 784 venire
653 747 760 784 non
801 732 993 798 potuit.
1039 732 1308 786 Habemus
1346 733 1398 786 in
1429 734 1660 803 epistola

145 821 228 876 105
267 819 598 890 SOphroniutn
658 821 926 876 Eustathii
994 822 1314 890 discipulum
1373 824 1660 879 Samosata

140 913 532 981 proﬁciscentem,
579 914 809 979 visendi,
864 921 921 966 ut
956 915 1252 968 verisimile
1285 925 1390 978 est,
1443 916 1660 970 Eusebii

140 1020 287 1058 causa.
312 1004 449 1059 llanc
477 1005 540 1059 de
569 1004 858 1060 Eustathio
884 1007 1159 1060 hominum
1187 1009 1660 1076 przestantissimo-

139 1112 233 1151 rum
278 1098 561 1165 opinionem
607 1098 985 1152 commovebat
1030 1098 1278 1151 simulata
1333 1114 1440 1152 non
1486 1099 1659 1153 solum

136 1189 402 1241 orthodoxae
435 1188 557 1242 ﬁdei
598 1189 887 1256 professio,
930 1188 1022 1241 sed
1052 1189 1214 1241 etiam
1265 1190 1530 1242 acerrima
1565 1193 1660 1243 de-

136 1277 294 1333 fensio.
326 1276 518 1332 Nemini
553 1293 687 1332 sane
731 1279 786 1332 in
815 1280 919 1332 hoc
949 1293 1147 1348 genere
1172 1279 1526 1341 concedebat,
1566 1280 1658 1333 ubi

133 1384 181 1422 se
209 1370 451 1424 catholicis
472 1370 756 1424 addicebat
792 1371 1066 1439 partibus;
1104 1385 1167 1424 ac
1205 1371 1438 1424 mirabili
1491 1371 1658 1425 animi

131 1461 292 1515 ardore
323 1464 762 1529 consequebatur,
804 1472 863 1515 ut
899 1471 955 1516 et
995 1463 1283 1530 praeterita:
1327 1461 1470 1516 illius
1508 1462 1658 1515 labes

131 1551 386 1605 inﬁrmitati
427 1553 795 1606 tribuerentur
823 1553 1098 1619 humanae,
1132 1566 1232 1608 nec
1263 1567 1507 1622 prasens
1551 1553 1656 1606 ulla

131 1642 175 1696 iu
193 1644 512 1712 suspicionem
536 1645 764 1713 perﬁdia
792 1646 1021 1699 veniret.

183 1736 308 1798 Quod
355 1736 486 1789 enim
533 1737 919 1792 subscribendo
945 1737 1414 1807 Constantinopoli
1463 1753 1655 1807 pecca-

1764 551 2101 606 Antiochena
2153 549 2458 603 convictum
2512 545 2756 617 perjurii.
2809 545 2914 600 Sed
2963 545 3079 598 haec
3106 544 3338 598 concilia

1765 643 1922 697 nobis
1952 641 2187 695 tenebrae
2217 651 2361 694 sunt.
2390 639 2570 709 Longe
2600 638 2796 694 clarior
2816 645 2872 692 et
2910 635 3173 691 illustrior
3201 650 3333 705 syn-

1763 735 1900 788 odus
1955 733 2288 802 Gangrensis
2329 731 2382 786 in
2426 732 2816 800 Paphlagonia,
2874 731 2940 784 ad
3002 743 3164 798 quam
3210 741 3336 783 cum

1761 823 1956 879 delatae
1987 823 2218 878 fuissent
2245 838 2450 894 magnae
2495 823 2563 877 tle
2601 821 2868 877 Eustathii
2897 821 3174 890 discipulis
3203 831 3338 890 que~

1764 915 1923 980 relate,
1961 914 2148 981 viginti
2178 929 2415 969 canones
2446 916 2513 967 ad
2557 915 2672 968 haec
2705 913 2995 968 resecanda
3032 913 3164 966 vitia
3203 922 3336 966 con-

1763 1007 1960 1068 stituti,
2003 1021 2140 1074 quos
2186 1006 2424 1075 synodus
2460 1004 2728 1058 Armenia:
2755 1003 3023 1073 epise0pis
3064 1002 3334 1056 inscribit.

1763 1098 2107 1152 Eustathium
2169 1097 2527 1152 Sebastenum
2601 1095 2758 1164 hujus
2819 1095 3010 1164 synodi
3067 1093 3335 1149 sententia

1761 1199 2003 1242 natatum
2061 1173 2226 1243 fuisse
2286 1186 2525 1242 referunt
2575 1186 2824 1241 Socrates
2871 1186 2952 1257 (i)
3004 1184 3337 1239 etSozome-

1717 1289 1720 1292 '
1766 1295 1868 1334 nus
1891 1281 1960 1350 (j)
1989 1296 2006 1334 :
2036 1281 2128 1334 sed
2147 1295 2332 1334 eorum
2358 1279 2662 1334 testimonia
2691 1293 2912 1347 prorsus
2952 1277 3201 1346 rejiciunt
3233 1275 3334 1329 Ba-

1761 1374 1949 1426 ronius
1979 1370 2074 1442 (k),
2097 1371 2336 1440 Dupinus
2367 1380 2422 1426 et
2448 1370 2880 1439 Blondellus(l),
2910 1384 3136 1449 quorum
3154 1369 3336 1436 opinio

1762 1463 1916 1518 valde
1949 1463 2242 1534 probabilis
2265 1463 2478 1517 videtur
2500 1463 2867 1517 Tillemontio.
2903 1460 3010 1515 Sed
3043 1460 3335 1528 quominus

1761 1554 1986 1608 eruditis
2035 1554 2142 1608 illis
2173 1554 2306 1608 viris
2355 1557 2568 1630 penitus
2612 1553 2914 1620 assentiar,
2969 1553 3210 1608 detinent
3246 1563 3334 1605 me

1760 1645 2017 1700 nonnulla
2053 1647 2324 1700 rationum
2353 1655 2650 1701 momenta.

1833 1741 1892 1794 1ο
1941 1739 2161 1793 Summa
2197 1749 2279 1794 est
2310 1739 2653 1794 necessitudo
2679 1749 2980 1806 temponnn
3012 1747 3062 1790 et
3090 1736 3331 1790 locorum

128 1835 268 1891 verat,
307 1825 354 1881 id
379 1826 745 1883 celeberrimis
774 1839 962 1883 contra
988 1829 1314 1894 Eudoxium,
1345 1831 1651 1900 Euippium,
1686 1811 1727 1866 Β
1758 1844 1882 1883 cum
1931 1829 2213 1884 Ettstathio
2264 1830 2586 1884 Seliasteno.
2626 1828 2675 1882 ls
2726 1829 2870 1883 enim
2919 1826 3201 1880 monastici
3251 1827 3332 1878 itt-

125 1915 389 1988 Georgium,
417 1929 468 1972 et
489 1919 750 1972 Acacium
783 1919 979 1973 litteris
1011 1919 1089 1990 (b)
1122 1921 1344 1988 expiare
1373 1921 1521 1974 visus
1547 1932 1650 1986 est,

122 2024 231 2079 quas
256 2013 313 2062 ad
338 2025 516 2064 omnes
545 2010 818 2065 Ecclesias
848 2012 1016 2065 misit.
1049 2011 1289 2080 Negabat
1317 2027 1411 2066 eos
1437 2012 1648 2080 episco-

120 2117 200 2171 pos
225 2115 328 2156 esse
366 2112 419 2156 et
451 2102 688 2170 Spiritus
735 2103 911 2156 sancti
947 2102 1262 2171 participes.
1293 2101 1450 2157 Unde
1487 2103 1652 2157 etiam

123 2193 304 2246 minime
325 2194 477 2246 cessit
505 2193 626 2247 lata:
655 2193 709 2246 in
741 2208 800 2248 se
827 2193 1111 2247 sententia:
1131 2233 1146 2255 ,
1173 2194 1424 2261 quamvis
1446 2208 1476 2246 a
1502 2196 1654 2260 quin-

119 2286 262 2349 gentis
287 2285 539 2353 episcopis
579 2286 870 2338 damnatus
900 2293 1066 2338 esset.
1100 2282 1337 2338 Rediens
1382 2298 1412 2336 e
1447 2283 1654 2337 Darda-

121 2375 208 2440 nia,
229 2389 370 2443 quam
399 2375 450 2428 in
494 2372 770 2442 regionem
808 2373 1078 2442 relegatus
1117 2371 1327 2425 videtur
1356 2371 1546 2437 fuisse,
1576 2371 1655 2424 al-

115 2465 230 2518 taria
253 2464 479 2518 Basilidis
512 2466 715 2519 evertit
755 2474 810 2518 et
846 2464 901 2518 in
941 2464 1176 2533 propriis
1207 2465 1412 2518 mensis
1443 2467 1654 2520 sacriﬁ-

117 2555 233 2606 cavit
258 2552 342 2624 (c).
391 2555 710 2624 Segregavit
752 2555 916 2607 etiam
946 2568 976 2606 a
1013 2569 1109 2608 sua
1152 2556 1535 2612 communione
1565 2558 1651 2610 El-

114 2646 281 2712 pidium
324 2646 657 2701 Satalensem
717 2645 1056 2716 episcopum,
1109 2661 1174 2703 eo
1231 2649 1374 2716 quod
1423 2648 1472 2704 is
1527 2665 1650 2705 cum

116 2737 316 2792 Amasere
358 2739 607 2808 episcopo
663 2739 1113 2794 communicaret.
1166 2739 1472 2805 Quinetiam
1541 2757 1650 2796 non

118 2829 256 2884 multo
293 2841 571 2899 antequam
624 2846 656 2883 a
691 2829 875 2884 Basilii
905 2831 1292 2886 communione
1323 2832 1649 2898 discederet,

111 2920 331 2975 ecclesias
346 2923 586 2980 Atnasea:
619 2929 677 2975 et
703 2920 957 2975 Zelorum
987 2921 1284 2975 insectatus
1319 2921 1517 2988 fuerat,
1548 2922 1651 2978 ibi-

114 3027 210 3082 que
235 3014 553 3084 presbyteros
595 3025 654 3069 et
695 3014 956 3069 diaconos
1005 3015 1388 3069 constituerat.
1439 3014 1649 3085 Lapsus

114 3107 193 3160 sub
216 3104 555 3175 Yaleute(d),
595 3107 843 3160 fraudem
890 3106 994 3162 sibi
1041 3106 1241 3160 factam
1285 3108 1340 3161 in
1390 3110 1650 3163 concione

110 3195 393 3264 deploravit,
428 3208 592 3268 atque
618 3199 760 3252 hanc
787 3199 1052 3267 purgandi
1077 3199 1241 3252 errati
1269 3199 1534 3253 rationem
1564 3199 1646 3253 in-

109 3289 253 3354 venit,
290 3301 342 3343 ut
368 3291 593 3346 Romam
630 3290 904 3359 profectus
938 3290 1066 3345 inde
1105 3290 1324 3346 Patrum
1366 3292 1529 3345 ﬁdem
1563 3305 1648 3346 re:-

107 3376 260 3434 ferret.
304 3383 414 3448 Quo
443 3383 616 3452 magis
653 3382 970 3435 crederetur
997 3382 1123 3435 huic
1148 3382 1353 3436 homini
1383 3382 1471 3453 (ε)
1500 3423 1514 3447 ,
1551 3383 1648 3437 ad-

106 3471 290 3538 iuvabat
318 3483 590 3528 austerum
619 3474 838 3528 vivendi
880 3489 1051 3543 genus
1075 3514 1090 3539 ,
1121 3485 1174 3529 et
1212 3475 1379 3529 multa
1428 3491 1648 3545 magna-

111 3579 203 3617 rum
229 3565 504 3621 simulacra
537 3568 828 3620 virtutum.
855 3567 1084 3620 Tantam
1111 3568 1430 3621 charitatem
1455 3582 1564 3635 pra:
1589 3581 1647 3622 se

109 3655 277 3711 ferebat
295 3658 372 3729 (f)
399 3669 453 3713 ut
482 3675 584 3729 pro
608 3660 802 3728 quavis
829 3660 1011 3712 anima
1046 3659 1307 3713 sollicitus
1333 3660 1643 3725 videretur;

117 3749 178 3818 (ς)
211 3753 549 3806 constantiam
590 3754 645 3806 in
684 3753 790 3806 vita
821 3767 1062 3815 scrvare,
1108 3762 1162 3806 et
1189 3753 1526 3806 mendacium
1563 3752 1646 3804 vel

106 3839 150 3892 iu
174 3837 390 3897 ininimis
418 3845 582 3899 rebus
614 3853 674 3897 ut
707 3842 971 3898 horribile
1001 3843 1256 3912 quiddam
1287 3843 1530 3896 aversari
1563 3843 1644 3894 vi.

106 3928 310 3987 dabatur.

159 4022 232 4077 IV.
256 4025 562 4082 Eustathius
583 4026 922 4081 Sebastenus
943 4027 1086 4081 circa
1116 4026 1244 4082 illud
1276 4035 1505 4094 tempus,
1536 4039 1642 4093 quo

105 4112 377 4171 seBasilius
410 4119 476 4170 ad
526 4118 650 4186 ejus
685 4118 980 4172 amicitiam
1026 4120 1321 4188 applicuit,
1367 4119 1642 4187 depositus

102 4215 168 4260 est
207 4208 252 4260 in
287 4209 512 4263 concilio
540 4209 899 4263 Melitinensi.
954 4208 1058 4263 Sed
1094 4211 1207 4264 haec
1234 4209 1524 4278 ignominia
1564 4210 1644 4263 ni-

101 4296 160 4348 hil
198 4307 309 4354 tunc
349 4302 530 4356 nocuit
561 4301 876 4365 Eustathio,
924 4303 1015 4371 qni
1067 4303 1436 4371 episcopatum
1484 4319 1640 4356 suum

100 4390 287 4445 retinuit
320 4411 334 4446 :
369 4395 478 4448 imo
512 4395 686 4448 decus
711 4394 760 4448 ei
790 4395 932 4463 apud
964 4395 1133 4475 bonos
1163 4394 1368 4448 addidit
1396 4437 1410 4461 ,
1458 4404 1642 4462 utpote

1757 1923 1930 1978 stituti
1967 1935 2158 1977 auctor
2183 1923 2391 1978 exstitit
2417 1921 2558 1991 apud
2592 1919 2877 1976 Armenios
2899 1959 2914 1983 ,
2944 1919 3096 1972 Ponti
3126 1918 3331 1972 incolas

1755 2024 1810 2067 et
1845 1997 2236 2082 Paphlagonas,
2265 2023 2319 2066 ιιι
2353 2029 2422 2068 ex
2463 2012 2765 2066 Sozomeuo
2791 2011 3049 2066 discimus
3077 2009 3191 2080 (ιιι).
3225 2009 3329 2062 So-

1756 2106 1968 2158 zomeni
2004 2106 2374 2158 testiinonium
2407 2104 2690 2159 conﬁrmat
2723 2103 2953 2158 Basilius
3001 2107 3080 2173 (η)
3102 2143 3116 2168 ,
3150 2102 3237 2170 qui
3269 2115 3329 2154 se

1757 2195 1824 2248 ad
1854 2195 2193 2249 Eustathiutn
2217 2237 2231 2262 ,
2288 2206 2346 2249 ut
2383 2196 2711 2265 praecipuum
2748 2195 2832 2249 bis
2879 2195 2932 2248 in
2968 2193 3106 2248 locis
3135 2207 3327 2247 mona-

1755 2285 1905 2339 sticae
1939 2287 2063 2340 vitae
2101 2289 2454 2356 magistrum,
2505 2287 2758 2340 contulit.
2808 2284 2923 2339 Non
2969 2284 3128 2354 pauci
3168 2292 3328 2337 erant

1753 2378 2042 2432 Eustathio
2069 2380 2342 2446 discipuli.
2375 2395 2606 2447 quorum
2632 2377 2936 2434 charissimi
2962 2377 3164 2446 quique
3183 2390 3328 2430 sem-

1754 2488 1850 2542 per
1878 2489 1999 2528 cum
2031 2472 2230 2528 Basilio
2260 2474 2478 2528 fuerunt
2506 2474 2579 2545 (ο)
2609 2493 2621 2527 :
2659 2473 2900 2528 nonnulli
2930 2488 3062 2525 vero
3095 2471 3171 2543 (p)
3202 2483 3328 2539 pra-

1756 2567 1836 2618 vis
1865 2565 1977 2619 suis
2012 2565 2254 2620 moribus
2283 2567 2641 2621 monasticam
2688 2566 2992 2620 institutum
3032 2565 3328 2618 dedecora-

1754 2666 1900 2711 rttnt.
1956 2657 2115 2711 Plura
2149 2660 2517 2724 monasteria,
2559 2661 2674 2712 sive
2716 2658 2896 2727 plures
2935 2658 3322 2720 fraternitates,

1752 2760 1813 2804 ιιι
1847 2751 2081 2821 appellat
2113 2751 2366 2817 Basilius,
2405 2752 2684 2807 Eustatbio
2733 2751 3002 2819 subjectas
3037 2751 3202 2804 fuisse
3236 2750 3321 2803 vel

1752 2842 1944 2895 saltem
1990 2843 2198 2910 magnis
2238 2858 2360 2897 cum
2400 2858 2464 2896 eo
2495 2842 2983 2897 necessitudinibus
3020 2843 3319 2907 devinctus,

1752 2932 2105 2986 observamus
2144 2933 2210 2985 ad
2259 2932 2417 3000 epist.
2445 2932 2586 2997 223,
2640 2949 2696 2985 ιι.
2729 2931 2776 2986 5.
2835 2932 2993 2987 Stare
3041 2949 3171 3001 ergo
3193 2947 3319 2995 ,non

1750 3032 1929 3090 petest
1958 3021 2172 3076 Baronii
2201 3025 2490 3088 sententia,
2522 3024 2612 3093 qui
2637 3038 2701 3076 ne
2728 3024 2778 3077 id
2808 3024 3020 3093 quidem
3049 3023 3326 3091 concedit,

1751 3113 2094 3168 Eustathium
2157 3114 2516 3169 monasticam
2578 3114 2744 3166 vitam
2817 3113 3119 3182 professum
3178 3127 3318 3166 esse.

1749 3202 1955 3256 Praiter
1982 3201 2162 3257 Basdii
2213 3205 2591 3256 auctoritatem
2640 3203 2904 3257 habemus
2929 3201 3210 3270 Epiphanii
3242 3211 3324 3254 te-

1731 3295 2069 3348 ‘stimonium
2107 3293 2220 3364 (q),
2249 3294 2341 3364 qui
2393 3294 2732 3348 Eustathium
2784 3304 2835 3348 et
2880 3293 3100 3347 Aerium
3160 3293 3322 3347 simul

1750 3387 2037 3440 asceticam
2084 3387 2251 3440 vitam
2288 3387 2596 3441 exercuisse
2625 3385 2756 3440 dicit
2789 3425 2805 3452 ,
2838 3395 2895 3439 ut
2927 3386 3185 3440 adversus
3219 3383 3324 3439 Ba-

1750 3480 1962 3532 ronium
1999 3481 2253 3534 observat
2283 3479 2683 3534 Tillemontius.
2717 3479 2872 3545 Quod
2903 3488 3081 3532 autem
3116 3487 3324 3547 spectat

1750 3571 1816 3623 ad
1844 3571 2036 3639 synodi
2071 3569 2405 3637 Gangrensis
2458 3579 2688 3639 tempus,
2722 3586 2916 3639 magna
2957 3579 3042 3625 est
3071 3585 3133 3625 ea
3167 3570 3235 3624 de
3263 3585 3324 3626 re

1748 3665 2144 3718 sententiarum
2178 3663 2419 3717 varietas
2443 3702 2457 3726 ,
2501 3664 2621 3716 a'liis
2660 3663 2806 3716 circa
2840 3677 3039 3716 annum
3073 3661 3180 3716 540
3203 3663 3322 3731 ,Ιιοσ

1749 3753 2037 3808 concilium
2070 3753 2494 3815 collocantibus,
2530 3751 2649 3805 aliis
2679 3762 2796 3820 post
2821 3768 3020 3807 annum
3045 3751 3184 3807 560:
3224 3752 3320 3806 sed

1747 3859 1906 3897 nemo
1952 3842 2083 3897 illud
2120 3845 2188 3898 ab
2231 3854 2391 3898 aetate
2439 3842 2706 3897 Eustathii
2761 3844 3042 3898 Sebastcni
3091 3843 3318 3899 divellit.

1745 3934 1881 3990 Cum
1909 3949 2044 4003 ergo.
2065 3935 2304 4005 synodus
2342 3934 2674 4004 Gangrensis
2702 3933 3066 4000 Eustathium,
3098 3935 3184 3989 vel
3213 3937 3322 3989 sal-

1750 4039 1856 4084 tem
1891 4029 2033 4084 illius
2069 4030 2363 4098 discipulos
2397 4029 2665 4083 sententia
2694 4045 2789 4083 sua
2823 4029 3130 4095 notaverit;
3164 4044 3317 4082 emn-

1746 4134 1853 4188 que
1884 4120 2074 4175 iisdem
2106 4120 2158 4173 in
2205 4120 2341 4174 locis
2386 4120 2686 4187 eodemque
2736 4129 2978 4188 tempore
3007 4120 3319 4173 Eustathius

1747 4209 2081 4264 Sebastenus
2109 4209 2398 4263 monastici
2429 4210 2657 4264 instituti
2690 4211 2795 4263 dux
2830 4219 2885 4263 et
2918 4217 3107 4263 auctor
3133 4207 3317 4273 fuerit,

1746 4318 1844 4358 cur
1882 4302 2020 4355 alius
2049 4311 2324 4370 quaeratur
2357 4299 2714 4355 Eustathius?

1818 4395 1879 4446 2'-
1934 4391 2048 4447 Non
2077 4407 2266 4458 magna
2293 4405 2408 4445 erat
2435 4391 2576 4446 inter
2598 4390 2864 4445 Eustathii
2889 4391 3177 4456 discipulos
3199 4405 3320 4445 sen-

99 4481 152 4534 ab
180 4483 418 4553 improbis
450 4487 681 4541 Arianis
734 4489 935 4542 inusta.
980 4487 1077 4541 llis
1125 4487 1268 4540 enim
1313 4488 1448 4542 adeo
1491 4487 1641 4541 cordi
1673 4492 1721 4550 ι)
1751 4485 2041 4538 tentiarum
2087 4483 2414 4536 consensio:
2450 4482 2591 4535 unde
2636 4481 2904 4536 nonnullis
2948 4482 3190 4550 quaedam
3233 4491 3319 4534 at-

99 4572 177 4627 luit
206 4579 307 4632 haec
354 4582 633 4650 synodus,
695 4590 753 4634 ut
802 4581 1050 4649 quamvis
1087 4579 1403 4634 Eustathius
1449 4594 1639 4633 eorum

99 4663 303 4723 formulae
329 4685 468 4726 anno
497 4672 607 4727 360
645 4674 1062 4742 subscripsisset
1089 4670 1184 4740 (li)
1211 4711 1225 4734 ,
1281 4685 1403 4724 eum
1451 4679 1632 4724 tamen

96 4761 361 4833 ePiscopatu
401 4767 624 4833 penitus
667 4765 990 4834 dchCerint,
1033 4774 1316 4832 propterea
1357 4761 1498 4829 quod
1541 4777 1637 4812 an-

101 4860 165 4904 tea
188 4855 234 4906 in
255 4858 475 4912 cOucilio
511 4858 844 4912 Melitinensi
876 4858 1155 4926 depositus
1192 4856 1387 4909 fuerat.
1438 4853 1638 4906 Narrat

100 4944 310 5002 Socrates
333 4966 450 5005 eum
479 4951 550 5004 ab
578 4950 790 5004 Eulalio
817 4959 992 5018 patre,
1018 4946 1632 5018 episcomeaesariensi,

98 5036 362 5097 damnatum
391 5061 406 5097 :
435 5045 486 5098 id
516 5044 814 5099 conﬁrmat
840 5042 1196 5106 Sozomenus,
1228 5041 1485 5110 additque
1515 5053 1636 5092 cum

152 5217 213 5282 (ιι)
249 5217 336 5283 Ep.
363 5219 450 5281 98,
494 5238 549 5272 ιι.
584 5220 639 5272 ι.

152 5289 214 5350 (Di
241 5286 475 5355 Ep.2H.
514 5311 568 5343 ιι.
598 5295 667 5349 b;
730 5287 858 5346 9.5L
890 5302 943 5338 ιι.
972 5285 1025 5337 2.

155 5356 211 5421 (ί)
241 5359 327 5422 Ep.
349 5361 453 5411 255
478 5400 494 5421 ,
526 5377 583 5413 ιι.
619 5360 689 5422 Ξ;
743 5359 870 5418 “liii,
907 5375 957 5408 ιι.
992 5357 1043 5408 5.

153 5427 217 5490 (ά)
248 5427 333 5493 Ep.
361 5429 487 5490 244,
523 5447 577 5481 ιι.
605 5429 661 5481 5.

153 5495 222 5564 (ε)
245 5495 330 5564 Ep.
353 5499 477 5562 22.5,
518 5517 573 5551 ιι.
608 5499 664 5547 72.

151 5561 214 5646 (Γ)
360 5570 446 5646 2‘2-

154 5637 215 5697 l9l
247 5636 332 5704 Ep.
363 5637 452 5697 99,
493 5655 548 5689 ιι.
583 5637 640 5689 '5.

251 5705 334 5772 Ep.
365 5707 489 5768 265,
533 5725 587 5758 ιι.
632 5707 682 5759 5.

172 5775 224 5839 ι)
251 5774 356 5829 Lib.
388 5793 448 5838 ιι,
482 5794 530 5828 c.
558 5777 648 5828 46.

172 5774 224 5839 i)
251 5774 356 5829 Lib.
388 5793 448 5838 tt,
482 5794 530 5828 ς.
558 5777 648 5828 Mi.

341 5892 606 5952 Ριτιιοι..
641 5889 755 5952 Gn.
783 5887 1024 5949 XXIX.

1752 4576 1942 4629 tribuit
1977 4576 2236 4644 synodus,
2271 4589 2390 4641 quae
2414 4573 2466 4626 in
2501 4572 2632 4627 alios
2655 4589 2762 4628 non
2798 4573 3024 4627 confert.
3055 4576 3144 4627 Ait
3174 4576 3316 4629 enim

1747 4683 1851 4720 non
1893 4682 2216 4720 communem
2240 4683 2348 4719 esse
2371 4667 2602 4719 omnium
2634 4667 2939 4719 sententiam
2963 4707 2979 4730 ,
3007 4668 3096 4720 sed
3126 4683 3316 4719 unum-

1740 4773 1992 4825 quemque
2020 4757 2156 4826 quod
2178 4757 2276 4809 sibi
2301 4756 2554 4824 placuerit
2578 4759 2633 4809 id
2656 4757 2944 4820 asciscere;
2977 4759 3112 4810 unde
3142 4765 3190 4808 et
3217 4755 3318 4809 Ec-

1743 4851 1913 4903 clesia:
1944 4850 2200 4914 rituperia
2226 4859 2272 4901 et
2296 4849 2523 4915 sibiipsis
2555 4849 2803 4900 damnum
2827 4847 3112 4901 conciliant
3138 4864 3157 4900 .'
3178 4846 3317 4901 Οὔτε

1744 4939 1853 5011 γὰρ
1882 4939 2032 5008 κοινὴ
2061 4938 2253 5008 γνώμη
2284 4937 2462 4989 αὐτῶν
2493 4938 2746 4990 ἁπάντων
2777 4937 3010 5004 ἐγένετο,
3043 4936 3156 4988 ἀλλ’
3189 4936 3318 4989 ἕκα-

1748 5049 1902 5093 στος,
1950 5031 2086 5098 ὅπερ
2137 5028 2200 5081 ἂν
2247 5011 2588 5099 ἐνεθυμήοή,
2644 5028 2799 5080 τοῦτο
2846 5026 3183 5096 προσέθηκεν
3226 5030 3315 5080 ἐπὶ

1819 5206 1898 5275 (j)
1940 5204 2058 5258 Lib.
2087 5220 2168 5266 ιιι,
2201 5203 2367 5275 c114.

1941 5276 2019 5348 ᾼιΙ
2052 5293 2177 5348 ann.
2199 5273 2329 5326 564.

1812 5341 1901 5414 (ι)
1938 5345 2011 5397 De
2036 5347 2284 5412 primatu,
2322 5358 2373 5414 ρ.
2400 5341 2529 5398 158.

1810 5412 1907 5489 (ιιι)
1941 5415 2179 5489 ξιιμ-ιιι.
2211 5428 2261 5466 c.
2293 5412 2377 5489 1-4.

1809 5483 1910 5560 (nl)
1939 5484 2278 5560 Ep.225,utt.
2309 5483 2362 5534 5.

1810 5552 1896 5624 (ο)
1939 5555 2072 5605 lbitl.
2109 5572 2161 5605 ιι.
2188 5552 2245 5604 5.

1812 5627 1888 5695 (ρ)
1941 5625 2034 5695 np.
2069 5624 2190 5675 ιιι).

1801 5693 1877 5766 (τι)
1937 5693 2140 5748 [hct-es.
2166 5704 2318 5747 Lxxv.
