3820 6210
432 363 543 404 XXII

434 465 652 534 διαϐολῇ
680 461 778 531 τῆς
821 452 1141 524 Ἑκκλησίας
1163 491 1176 515 ,
1222 447 1314 500 καὶ
1346 439 1539 497 ἑαυτοῦ
1580 438 1771 508 βλάϐῃ.

437 572 545 616 tem
572 528 832 627 praeclare
874 545 1124 617 congruit.
1154 554 1276 597 cum
1309 532 1570 590 Eustathii
1603 528 1889 584 Sebasteni
1928 528 2009 581 in-

438 650 664 713 stitutis,
700 644 835 716 qui,
874 649 933 695 ut
962 637 1101 692 infra
1133 630 1455 691 videbimus,
1493 641 1600 681 non
1637 620 1882 679 coenobia
1918 618 2010 671 ubi

439 757 629 799 onmes
662 739 821 795 unius
850 729 1127 804 prapositi
1164 733 1330 780 nutus
1362 723 1675 780 intuentur,
1722 714 1814 769 sed
1850 712 2010 766 aliam

439 833 675 904 speciem
707 824 954 881 asceticae
987 821 1145 883 vitae,
1176 814 1286 883 ,ubi
1332 809 1507 879 major
1550 806 1721 862 multo
1764 804 2010 865 libertas,

442 923 695 981 instituit.

513 1019 569 1070 5·
614 1015 670 1068 ln
696 1006 960 1065 Eustatbii
1002 997 1276 1068 discipulis
1313 996 1431 1050 haec
1480 985 1828 1060 reprehendit
1880 997 2016 1053 syn—

444 1112 600 1173 odus,
631 1104 773 1174 quod
807 1098 1026 1168 nuptias
1048 1094 1440 1159 vituperarent,
1469 1085 1615 1137 viros
1651 1080 1716 1135 ab
1735 1076 2015 1138 uxoribus,

443 1213 643 1257 uxures
673 1212 703 1250 a
736 1194 872 1247 viris
909 1185 1313 1243 abstraherent,
1342 1178 1486 1230 unde
1515 1171 1779 1227 adulteria
1809 1184 1837 1221 a
1880 1180 2018 1219 non-

444 1294 609 1351 nullis
652 1285 943 1344 commissa
980 1299 992 1333 :
1038 1277 1179 1347 quod
1219 1271 1310 1326 Dei
1371 1268 1560 1322 domos
1611 1264 2021 1316 contemnerent

448 1396 504 1440 et
531 1384 776 1453 privatos
809 1378 1108 1430 conventus
1130 1364 1419 1422 haberent,
1440 1355 1740 1411 oblationes
1770 1352 1825 1403 in
1857 1346 2022 1403 eccle-

449 1479 545 1533 siis
578 1473 693 1528 ﬁeri
734 1468 926 1525 solitas
960 1462 1062 1518 sibi
1101 1467 1157 1512 et
1184 1455 1317 1518 suis,
1363 1459 1421 1504 ut
1444 1444 1809 1502 sanctioribus
1840 1438 2021 1493 vindi-

450 1575 649 1622 carent
682 1580 697 1617 :
729 1558 872 1629 quod
900 1552 1176 1609 insolitum
1206 1539 1517 1599 vestimenti
1547 1550 1714 1607 genus
1729 1537 2023 1603 gestarent,

451 1656 711 1713 mulieres
742 1648 882 1703 virili
915 1653 1064 1699 veste
1094 1640 1410 1697 induerent,
1449 1628 1685 1696 virgines
1716 1622 2025 1684 tonderent,

444 1740 640 1803 "servos
682 1758 712 1796 a
750 1734 986 1794 dominis
1007 1728 1349 1785 «abducerent
1382 1736 1397 1773 :
1434 1712 1575 1788 quod
1625 1715 1713 1768 die
1745 1709 2027 1766 Dominica

448 1839 781 1909 jejunarent,
825 1837 881 1883 et
921 1822 1126 1894 ieiunia
1174 1819 1226 1873 in
1260 1812 1505 1870 ecclesiis
1542 1803 1859 1878 praescripta
1891 1814 2022 1855 con-

460 1932 763 1985 temnerent
805 1935 822 1975 :
860 1917 1004 1989 quod
1051 1909 1295 1969 nonnulli
1334 1915 1522 1961 eorum
1563 1897 1808 1952 carnium
1848 1908 2025 1959 usum,

457 2033 514 2077 ut
546 2016 917 2089 illegitimum,
972 2010 1391 2063 aversarentur,
1428 2010 1485 2055 et
1530 2000 1587 2053 in
1622 1994 1871 2051 domibus
1900 2004 2029 2045 con-

451 2114 764 2183 iugatorum
789 2120 859 2159 ne
894 2112 1084 2172 preces
1109 2094 1326 2165 quidem
1355 2089 1473 2145 ﬁeri
1506 2091 1705 2145 debere
1732 2082 2031 2141 contende-

460 2177 617 2260 rent:
644 2202 712 2254 de
762 2192 1045 2252 sacriﬁciis
1086 2194 1264 2242 autem
1296 2182 1371 2237 ibi
1410 2196 1555 2251 szepe
1584 2177 1779 2235 oblatis
1814 2184 2035 2244 tangere

462 2297 703 2351 nollent:
730 2288 1099 2360 presbyteros,
1154 2279 1244 2349 qui
1286 2290 1484 2333 uxores
1516 2275 1749 2335 duxere,
1791 2276 2038 2324 contem-

464 2396 675 2449 nerent,
724 2397 825 2438 nec
846 2394 1031 2435 eorum
1058 2372 1308 2432 sacriﬁcii
1331 2368 1616 2439 participes
1650 2378 1769 2419 esse
1805 2359 2034 2415 vellent:

466 2488 763 2549 martyrum
809 2471 1063 2527 basilicas
1104 2476 1159 2522 et
1204 2480 1326 2535 quae
1366 2462 1475 2519 illic
1505 2463 1676 2523 ﬁunt,
1717 2452 2041 2510 condemna-

467 2584 623 2637 rent,
657 2568 885 2636 denique
930 2561 1188 2615 divitibus
1234 2571 1340 2611 non
1371 2551 1550 2608 omnia
1581 2562 1676 2602 sua
1709 2540 2044 2615 projicienti—

469 2668 570 2719 bus
605 2631 755 2729 spem
795 2631 936 2726 apud
968 2654 1137 2707 Deum
1190 2646 1605 2718 praecluderent.
1655 2638 1765 2694 Cur
1808 2636 1924 2689 haec
1978 2631 2047 2686 ad

479 2753 745 2812 Eustathii
777 2746 1060 2806 Sebasteni
1094 2741 1390 2811 discipulos
1425 2734 1748 2795 referamus,
1783 2742 1890 2782 non
1925 2724 2046 2778 leve

472 2852 850 2919 argumentum
908 2837 1219 2909 suppeditat
1270 2831 1467 2887 Aerius
1526 2827 1579 2881 in
1636 2829 1738 2878 hoc
1796 2816 2051 2875 sodalitio

473 2944 632 3011 longe
689 2906 1106 2994 celeberrimus,
1162 2927 1243 2981 cui
1296 2922 1464 2978 multa
1514 2918 1829 2974 tribuuntur
1877 2906 2053 2966 simil-

476 3038 605 3088 lima
648 3033 713 3087 iis
764 3043 883 3098 quae
935 3023 1169 3093 synodus
1209 3015 1540 3086 Gangrensis
1582 3004 1955 3079 reprehendit.
2006 2998 2056 3054 ls

477 3127 645 3188 enim,
670 3129 806 3176 teste
828 3091 1126 3185 Epiphanio
1154 3110 1254 3178 (α),
1274 3119 1521 3176 magnam
1544 3099 1826 3157 hominum
1852 3091 2058 3149 utrius-

479 3231 585 3283 que
621 3226 782 3266 sexus
814 3181 1217 3260 multitudinem
1250 3196 1551 3257 abstraxit,
1585 3188 1906 3260 quibuscum
1940 3181 2056 3252 pri-

484 3314 643 3357 vatos
673 3306 968 3353 conventus
1014 3290 1265 3345 habebat.
1315 3283 1537 3338 Pascha:
1574 3275 1943 3334 celebritatem
1978 3269 2081 3324 ri-.

485 3395 648 3450 debat
673 3432 688 3458 ,
718 3387 996 3460 ieiunabat
1022 3383 1109 3437 die
1145 3378 1427 3434 Dominica
1449 3413 1466 3440 ,
1494 3371 1690 3442 quibus
1724 3378 1905 3421 autem
1949 3362 2063 3418 die-

485 3489 588 3540 bus
611 3452 811 3554 jeiuhia
858 3477 1166 3533 indicuntur
1207 3470 1275 3524 ab
1300 3464 1540 3523 Ecclesia
1567 3502 1583 3528 ,
1611 3458 1950 3515 vescebatur.
1997 3452 2064 3506 ll-

486 3576 593 3631 lius
611 3543 918 3629 sectatores
939 3566 1064 3620 vino
1081 3571 1136 3617 et
1154 3559 1411 3616 carnibus
1436 3553 1789 3623 indulgebant
1812 3543 2063 3609 diluculo,

491 3678 607 3721 tum
642 3678 763 3718 cum
799 3657 981 3714 ﬁdeles
1024 3653 1223 3722 jejunla
1262 3647 1539 3719 paschalia
1567 3642 1924 3698 celebrarent.
1958 3635 2066 3687 lm-

492 3757 831 3813 moderalum
880 3743 1207 3819 paupertatis
1237 3738 1474 3795 studium
1499 3775 1517 3802 ,
1553 3732 1693 3803 quod
1728 3724 2072 3799 reprehendit

494 3847 753 3920 synodus,
779 3842 911 3897 satis
938 3837 1143 3893 redolet
1172 3832 1445 3903 ingenium
1467 3824 1613 3881 Aerii
1643 3863 1659 3889 ,
1689 3821 1780 3890 qui
1806 3832 1931 3873 cum
1959 3828 2073 3869 ma-

493 3942 724 4015 gistrum
750 3947 905 3990 suum
933 3924 1274 3983 Eustathium
1316 3921 1525 3975 videret
1559 3908 1964 3970 ecclesiasticos
1989 3917 2075 3958 re-

499 3998 645 4086 ditus
679 4021 1012 4081 inmanibus
1060 4015 1387 4077 habentem,
1432 4008 1558 4064 inde
1600 4018 1787 4059 ansam
1832 3998 2079 4068 capiebat

499 4125 566 4177 de
591 4135 655 4174 eo
684 4111 1040 4173 detrahendi,
1084 4123 1150 4161 ac
1206 4103 1459 4160 omnibus
1510 4092 1789 4152 dictitandi
1822 4104 1928 4143 non
1956 4100 2078 4141 eum

499 4229 621 4269 esse
649 4210 740 4281 qui
775 4209 1041 4261 hactenus
1075 4199 1281 4259 fuerat,
1327 4192 1419 4247 sed
1452 4189 1518 4244 ad
1557 4202 1672 4242 rem
1702 4191 2000 4245 attentum,
2028 4185 2083 4231 et

500 4298 841 4360 cumulandis
883 4293 1075 4360 opibus
1115 4297 1289 4343 totum
1344 4282 1674 4337 incumbere.
1713 4274 1960 4330 Libertas
2000 4270 2081 4323 vi-

501 4395 658 4451 vendi
686 4391 750 4445 ad
777 4384 1058 4442 arbitrium
1082 4389 1137 4435 et
1160 4373 1447 4436 sentiendi,
1482 4384 1640 4440 quam
1659 4368 1711 4421 in
1736 4373 1880 4421 secta
1902 4378 1930 4415 a
1958 4376 2085 4430 syn-

502 4488 607 4537 odo
653 4482 905 4535 damnata
952 4466 1453 4526 animadvertimus,
1505 4474 1610 4512 non
1646 4457 1887 4510 aberata
1923 4462 2085 4521 grege

504 4575 672 4632 Acrii.
703 4570 955 4625 Testatur
982 4563 1125 4617 enim
1149 4555 1480 4627 Epiphanius
1503 4546 1787 4603 nonnullos
1812 4554 2083 4597 austerum

506 4662 725 4719 vivendi
765 4671 936 4730 genus
969 4650 1277 4712 retinuisse,
1311 4642 1555 4713 quamvis
1592 4637 1836 4708 plerique
1870 4633 1995 4686 vino
2034 4638 2090 4683 et

505 4755 765 4813 carnibus
805 4760 926 4803 sese
972 4740 1390 4813 ingurgitarent.
1445 4727 1847 4785 Matrimonium
1878 4724 1945 4775 ab
1980 4718 2086 4773 Eu-

508 4846 695 4905 stathii
744 4811 1359 4908 discipulis‘vituperari
1411 4832 1640 4879 testatur
1684 4816 1919 4888 synodus
1946 4811 2092 4867 Gan-

510 4938 718 5010 grensis
738 4953 754 4991 :
777 4903 914 4987 idem
934 4930 999 4983 de
1013 4925 1177 4981 Aerio
1198 4936 1301 4976 non
1323 4918 1451 4973 dicit
1481 4922 1699 4969 sanctus
1720 4903 2049 4976 Epiphanius
2074 4918 2087 4954 :

511 5029 605 5083 sed
632 5039 809 5079 tamen
844 5021 911 5075 ab
940 5018 1082 5073 illius
1114 5021 1263 5068 secta
1295 5006 1453 5074 hujus
1496 5002 1699 5057 erroris
1724 4995 2089 5065 suspicionem

490 5136 620 5174 anon
653 5116 891 5170 abfuisse
925 5110 1181 5165 discimus
1220 5118 1288 5157 ex
1329 5100 1415 5153 his
1450 5094 1625 5151 sancti
1656 5086 1936 5158 Augustini
1977 5098 2095 5136 ver-

515 5171 696 5284 bis(b)
728 5227 742 5261 :
784 5206 1014 5272 Quidam
1051 5198 1318 5267 perhibent
1340 5193 1496 5252 istos,
1521 5188 1656 5241 sicut
1692 5178 1996 5233 Encratitas
2020 5171 2099 5225 vel

524 5263 595 5267 ___
625 5263 640 5284 κ
676 5263 692 5281 ,
788 5263 825 5272 η
1051 5263 1060 5267 _

524 5301 872 5369 Apotactitas,
897 5312 999 5349 non
1019 5292 1289 5345 admittere
1306 5282 1372 5337 ad
1397 5277 1807 5335 communionem
1833 5282 1980 5322 suam
1999 5263 2099 5317 nisi

520 5396 863 5453 continentes,
896 5397 943 5441 et
986 5401 1071 5439 eos
1104 5382 1192 5451 qui
1222 5375 1416 5433 swculo
1455 5373 1532 5424 ita
1576 5359 2005 5421 renuntiaverint,
2048 5362 2104 5407 ut

520 5487 733 5556 propria
779 5480 925 5534 nulla
973 5447 1299 5546 possideant.
1355 5468 1430 5522 Ab
1477 5477 1595 5519 esca
1640 5469 1813 5513 tanten
1858 5447 2099 5503 carnium

602 5623 680 5691 tu)
722 5621 1116 5691 Haeres:_t._3_txv.

604 5685 676 5759 (ὁ)
718 5691 872 5743 Tum.
906 5685 1038 5749 Vlll,
1076 5688 1262 5759 hazres.
1295 5693 1409 5736 un.

717 5761 833 5814 Lib.
868 5774 950 5823 ill,
986 5774 1035 5811 c.
1070 5754 1153 5811 14.

1779 312 2153 371 PROLEGOM
2165 310 2317 366 ENA.

1818 436 1871 489 Id
1915 451 2012 487 au-
2043 436 2088 490 Α
2116 446 2219 483 non
2250 443 2335 481 eos
2380 422 2637 475 abstinere
2680 417 2807 469 dicit
2848 409 3175 481 Epiphanius
3212 422 3229 459 :
3266 401 3533 456 Philaster
3570 412 3692 453 vero

2117 531 2163 574 et
2194 521 2329 571 hanc
2346 516 2419 569 eis
2454 512 2635 564 tribuit
2667 505 3055 561 abstinentiam.

2190 654 2323 709 Cum
2347 665 2475 720 ergo
2510 646 2643 702 nihil
2666 644 2779 699 fere
2813 644 2864 696 in
2895 635 3163 694 Eustatltii
3194 630 3470 701 discipulis
3501 639 3697 696 reprea

2121 746 2319 800 hendat
2358 717 2593 813 synodus
2619 733 2952 803 Gangreusis
2980 771 2994 795 ,
3034 728 3177 797 quod
3231 739 3336 778 non
3384 720 3587 790 pariter
3640 717 3698 770 in

2121 834 2282 888 Aerio
2331 808 2597 885 Eustatbii
2653 820 2936 879 Sebasteni
3003 813 3264 882 discipulo
3313 808 3702 877 reprehensum

2124 924 2320 987 fuerit,
2360 918 2576 974 dillicile
2603 924 2687 970 est
2719 912 3033 967 existimare
3057 901 3405 981 _Eustathium
3428 936 3445 962 ,
3492 897 3561 950 de
3590 907 3705 963 quo

2125 1012 2365 1083 synodus
2402 1008 2657 1077 loquitur,
2694 1017 2801 1057 non
2850 998 3013 1052 fuisse
3041 994 3187 1047 Aerii
3220 990 3561 1058 magistrum.
3608 985 3709 1036 At-

2126 1121 2230 1175 que
2258 1103 2383 1157 hinc
2407 1102 2570 1154 etiam
2599 1104 2751 1166 patet
2782 1090 3052 1146 immerito
3077 1082 3471 1139 Tillemontiutn
3512 1075 3712 1130 existi-

2128 1211 2277 1251 mare
2321 1195 2458 1247 hanc
2491 1199 2693 1245 sectam
2730 1187 2839 1241 cito
2867 1182 3192 1237 exstinctam
3232 1175 3427 1234 fuisse,
3480 1184 3581 1222 nec
3622 1166 3707 1219 ul-

2129 1286 2233 1340 lam
2269 1286 2334 1337 de
2377 1281 2465 1335 illa
2500 1288 2620 1349 post
2664 1276 2926 1347 synodum
2952 1272 3319 1337 Gangrensem
3368 1263 3419 1315 in
3464 1257 3715 1313 historia:

2132 1374 2493 1431 monumentis
2534 1370 2856 1423 mentionem
2908 1374 3212 1416 occurrere.
3260 1355 3373 1408 Etsi
3421 1352 3567 1404 enitr.
3608 1347 3717 1400 sub

2136 1468 2403 1525 Eustatbii
2441 1464 2659 1518 nomine
2704 1459 2914 1528 cognita
2956 1470 3058 1507 non
3101 1451 3203 1504 fuit
3234 1444 3566 1515 Epiphanio,
3591 1438 3717 1494 Διι-

2134 1559 2347 1631 gustino
2382 1565 2436 1609 et
2462 1551 2753 1607 Philastrio
2776 1589 2790 1613 ,
2822 1555 2970 1601 certe
3006 1544 3073 1597 ab
3103 1541 3219 1606 ejus
3258 1534 3525 1603 discipulo
3547 1530 3721 1585 Aerio

2137 1651 2334 1702 famam
2366 1644 2601 1713 aliquam
2631 1648 2685 1694 et
2716 1650 2909 1691 nomen
2952 1629 3177 1697 accepit.

2057 1795 2101 1849 Β
2198 1781 2468 1840 Eustathii
2500 1773 2781 1833 Sebasteni
2829 1767 3118 1836 discipulos
3163 1763 3248 1817 his
3299 1755 3596 1813 canonibus
3640 1751 3728 1805 lo-

2135 1896 2255 1935 cum
2282 1876 2494 1933 dedisse
2525 1872 2651 1926 hinc
2681 1866 2846 1921 etiam
2880 1858 3204 1915 conﬁrmare
3229 1861 3538 1923 possumus,
3573 1842 3728 1913 quod

2136 1973 2251 2041 ipsa
2299 1966 2536 2039 synodus
2574 1960 2711 2016 nihil
2755 1959 2820 2011 de
2846 1950 3130 2008 Eustathio
3155 1989 3169 2011 ,
3206 1954 3264 1998 ut
3305 1941 3429 1996 mali
3474 1945 3727 1996 auctore,

2140 2024 2382 2132 asperius
2409 2060 2632 2112 statuat.
2668 2050 2761 2104 Sic
2788 2046 2931 2102 enim
2958 2038 3145 2109 incipit
3178 2034 3419 2105 synodus
3448 2048 3460 2083 :
3499 2024 3731 2093 Ἐπειδὴ

2143 2147 2470 2209 συνελθοῦσα
2518 2149 2552 2216 ὴ
2604 2140 2881 2213 ἀγιωτάτη
2929 2133 3144 2193 σύνοδος
3177 2127 3284 2179 τῶν
3320 2120 3636 2177 ἐπισκόπων
3673 2118 3735 2167 ἐν

2142 2245 2207 2314 τῇ
2242 2238 2381 2294 κατὰ
2410 2212 2664 2305 Γάγῆραν
2692 2226 2955 2297 ἐκκλησίᾳ
2980 2263 2995 2287 ,
3029 2221 3118 2274 διά
3162 2234 3311 2279 τινας
3342 2212 3738 2279 ἐκκλησιαστι-

2144 2299 2248 2397 xiii;
2291 2299 2910 2402 χρείας-ζητουμένων
2960 2315 3056 2369 καὶ
3101 2312 3208 2365 τῶν
3254 2308 3371 2361 κατ’
3403 2299 3739 2362 Εὑστάθιον,

2147 2391 2370 2497 εὒοισκε
2416 2391 2585 2473 πολλὰ
2623 2391 2906 2482 *ἀθέσμως
2954 2406 3212 2476 γινόμενα
3258 2399 3359 2452 ὑπὸ
3394 2395 3597 2448 τούτων
3635 2391 3744 2442 αὐ-

2147 2518 2258 2571 τῶν
2301 2515 2409 2569 τῶν
2448 2512 2578 2583 περὶ
2613 2505 2943 2561 ΕὺστάΟιον·
2995 2495 3305 2564 ἀναγκαίως
3355 2490 3589 2560 ὥρισεν,
3644 2482 3745 2535 καὶ

2152 2613 2286 2665 πᾶσι
2339 2604 2570 2677 φανερὸν
2629 2598 2851 2666 ποιῆσαι
2900 2590 3261 2648 ἐσπούδασεν,
3318 2584 3397 2644 εἰς
3452 2576 3745 2646 ἀναίρεσιν

2154 2703 2261 2758 τῶν
2301 2701 2389 2754 ὑπ’
2433 2694 2595 2750 αὑτοῦ
2637 2688 2822 2750 κακῶς
2865 2682 3185 2753 γινομένων.
3235 2673 3499 2739 Quoniam
3548 2680 3745 2719 convc-

2156 2798 2307 2852 niens
2357 2789 2686 2846 sanctissima
2734 2780 2961 2852 synodus
3014 2775 3369 2843 episcoporum
3413 2765 3470 2815 in
3517 2757 3749 2837 ecclesia

2160 2884 2454 2956 Cangrensi
2506 2888 2712 2949 propter
2752 2867 3131 2927 ecclesiasticas
3173 2858 3431 2931 quasdam
3472 2863 3520 2907 et
3564 2866 3751 2903 neces-

2160 2979 2332 3032 sarias
2368 2986 2593 3032 causas,
2636 2980 2753 3018 cum
2799 2970 2845 3014 et
2896 2960 2958 3010 de
2996 2957 3061 3008 iis
3114 2968 3230 3022 qum
3279 2948 3346 3001 ad
3396 2940 3753 2998 Eustathium

2163 3071 2432 3137 spectant,
2459 3068 2778 3131 quwreretur
2799 3093 2812 3113 ,
2845 3049 3010 3103 multa
3050 3046 3239 3113 reperit
3277 3038 3479 3108 nefarie
3507 3037 3572 3088 ab
3614 3036 3756 3105 ipsis

2086 3152 2130 3211 C
2164 3161 2271 3216 illis
2302 3152 2570 3212 Eustathii
2593 3145 2865 3215 discipulis
2888 3143 3038 3211 fieri;
3069 3135 3357 3191 necessario
3381 3148 3443 3185 ea
3467 3130 3531 3182 de
3561 3145 3618 3181 re
3644 3140 3758 3181 sta-

2169 3253 2288 3318 tuit,
2327 3266 2389 3302 ac
2419 3241 2812 3307 notapmnibus
2854 3235 3026 3304 facere
3070 3229 3325 3289 decrevit,
3363 3238 3482 3293 quia
3520 3218 3665 3272 male
3692 3218 3757 3271 ab

2169 3359 2228 3399 eo
2254 3341 2411 3409 ﬁunt.
2452 3332 2765 3403 Legendum
2795 3341 2915 3381 esse
2954 3323 3047 3377 ὑπ’
3070 3318 3279 3378 αὐτῶν,
3315 3325 3368 3368 et
3400 3311 3759 3371 vertendum,

2171 3406 2287 3505 qua:
2319 3428 2455 3483 male
2492 3426 2554 3478 ab
2586 3422 2691 3476 illis
2731 3420 2887 3487 ﬁunt,
2929 3411 3253 3484 perspicitur
3286 3424 3352 3462 ex
3382 3406 3467 3459 his
3501 3416 3627 3472 qua:
3673 3415 3765 3454 se-

2174 3492 2432 3595 quuntur,
2467 3518 2563 3573 καὶ
2600 3513 2707 3584 γὰρ
2737 3514 2801 3565 ὲκ
2824 3507 2916 3561 τοῦ
2953 3499 3411 3574 καταμέμφεσθαι
3439 3496 3647 3556 αὐτοὺς
3673 3492 3767 3545 τὸν

2174 3618 2350 3687 γάμον
2376 3631 2389 3643 ο
2424 3626 2548 3666 nam
2575 3624 2639 3662 ea:
2675 3622 2730 3660 eo
2762 3603 2901 3672 quod
2935 3598 3143 3667 nuptias
3181 3595 3497 3661 vituperent,
3533 3597 3644 3642 etc.
3675 3585 3769 3637 Ni-

2177 3712 2253 3767 hil
2283 3723 2415 3765 sane
2453 3707 2508 3761 in
2546 3704 2653 3756 hac
2676 3698 2865 3770 synodi
2900 3692 3215 3763 praefatione
3244 3685 3520 3756 reperias,
3552 3695 3623 3734 ex
3661 3692 3769 3748 quo

2180 3808 2494 3857 accusatum
2527 3768 3064 3847 fuisseVEustathium
3097 3787 3300 3850 pateat.
3334 3773 3553 3841 Ubique
3592 3771 3650 3823 in
3690 3768 3772 3822 di-

2182 3891 2419 3961 scipulos
2457 3884 2685 3940 crimina
2713 3875 3055 3946 rejiciuntur,
3092 3869 3236 3924 nulla
3262 3866 3362 3934 ipsi
3394 3864 3581 3917 inusta
3611 3860 3768 3928 igno-

2182 3984 2371 4049 minia,
2406 3976 2652 4048 quamvis
2693 3969 2928 4023 maxima
2975 3962 3119 4020 inuri
3155 3957 3428 4021 debuerit,
3457 3954 3504 4008 si
3566 3952 3773 4006 facino-

2185 4091 2304 4132 rum
2354 4046 2541 4126 auctor
2583 4063 2923 4120 existimatus
2973 4056 3182 4110 fuisset.
3230 4053 3409 4119 Atque
3460 4046 3514 4099 id
3547 4046 3774 4114 quidem

2187 4164 2413 4221 miriﬁce
2443 4156 2694 4215 convenit
2742 4148 3025 4207 Eustathio
3061 4146 3394 4205 Sebasteno,
3436 4153 3603 4208 quem
3638 4150 3774 4189 non-

2189 4255 2342 4319 nulli,
2379 4259 2516 4306 teste
2546 4239 2963 4311 Sozomeno(c),
3004 4237 3084 4292 sic
3110 4232 3512 4295 defendebant,
3560 4236 3624 4281 ut
3667 4223 3777 4280 θυι»

2192 4361 2314 4416 pam
2341 4354 2555 4397 omnem
2592 4338 2643 4390 in
2681 4332 2798 4403 ejus
2831 4327 3126 4399 discipulos
3165 4322 3518 4384 conferrent,
3562 4332 3674 4371 nec
3703 4314 3781 4368 ul-

2199 4438 2305 4489 lam
2332 4431 2500 4500 ipsius
2528 4424 2731 4481 nomini
2750 4424 2849 4475 hac
2878 4421 2931 4473 in
2963 4432 3022 4472 re
3054 4413 3320 4470 maculam
3348 4410 3591 4464 insidere
3623 4415 3782 4476 pate-

2118 4507 2161 4561 Ῐ)
2196 4538 2400 4582 rentur.
2424 4520 2639 4576 Pondus
2660 4516 2807 4570 addit
2829 4514 2953 4567 huic
2975 4508 3256 4565 sententiae
3293 4514 3519 4559 sanctus
3538 4500 3782 4569 Epipha-

2197 4621 2317 4672 nius
2356 4617 2455 4686 (d),
2484 4612 2578 4681 qui
2611 4609 2831 4663 Aerium
2866 4612 3099 4658 testatur
3120 4640 3134 4665 ,
3165 4610 3460 4669 postquam
3487 4596 3559 4650 ab
3585 4595 3783 4648 Eusta-

2191 4711 2303 4763 tltio
2328 4685 2447 4761 sese
2478 4699 2760 4770 disjunxit,
2811 4697 2876 4750 ad
2912 4693 3145 4747 absurda
3193 4690 3281 4743 illa
3332 4687 3588 4741 instituta
3624 4685 3786 4738 deﬂe-

2190 4800 2352 4852 xisse.
2398 4794 2492 4853 His
2516 4787 2844 4846 novitatibus
2880 4785 3014 4839 alios
3042 4796 3263 4836 errores
3293 4777 3515 4846 adjecit.
3557 4776 3704 4829 Nam
3737 4784 3784 4827 et

2191 4892 2420 4945 Arianus
2481 4893 2631 4947 erat,
2682 4892 2737 4937 et
2788 4894 2976 4949 preces
3018 4890 3117 4945 pro
3158 4873 3389 4927 mortuis
3439 4869 3682 4923 tollebat
3738 4878 3784 4919 et

2193 4983 2536 5052 presbyteros
2572 4968 3198 5042 adaequabatepiscopis.
3229 4964 3338 5019 Sed
3366 4964 3485 5017 ﬁeri
3521 4962 3788 5015 facillime

2195 5072 2386 5143 putuit,
2428 5080 2491 5122 ut
2534 5068 2588 5121 hi
2644 5078 2858 5118 errores
2897 5058 3211 5129 aliquandiu
3245 5056 3461 5110 occulte
3497 5056 3691 5123 sparsi
3729 5051 3787 5104 ad

2199 5164 2389 5235 synodi
2443 5172 2602 5213 aures
2653 5170 2759 5210 non
2809 5151 3176 5222 pervenirent.
3228 5147 3382 5214 Quod
3441 5146 3484 5199 si
3543 5157 3788 5198 canones

2200 5255 2540 5323 Gangrenses
2586 5249 2653 5303 ad
2680 5246 2898 5300 Aerium
2955 5241 3265 5303 referimus,
3325 5237 3634 5292 differenda
3695 5235 3789 5289 erit

2204 5348 2317 5401 lucc
2345 5342 2614 5414 synodus,
2644 5348 2704 5391 ut
2731 5335 2941 5390 Socrati
2972 5335 3043 5403 (ε)
3076 5342 3129 5385 et
3161 5332 3470 5386 Sozomeno
3503 5327 3576 5398 (ἴ)
3619 5329 3789 5381 visum

2204 5447 2312 5500 est.
2337 5448 2509 5504 usque
2536 5432 2604 5485 ad
2640 5429 3013 5498 episcopatum
3045 5424 3339 5481 Eustathii.
3374 5422 3611 5478 Aerium
3654 5420 3789 5476 enim

2277 5577 2356 5648 (ά)
2388 5574 2594 5648 lintres.
2635 5583 2797 5648 Lxsv.

2285 5638 2350 5717 ἐἱ
2387 5645 2505 5697 Lib.
2541 5658 2598 5705 tt,
2635 5656 2684 5693 c.
2710 5638 2796 5690 46.

2278 5651 2353 5788 δ’)
2384 5714 2500 5769 Lib.
2529 5728 2626 5777 ιιι,
2660 5724 2708 5764 c.
2736 5709 2796 5761 M

2299 5709 2353 5787 Γ)
2384 5714 2500 5769 Lib.
2529 5728 2586 5767 ιιι
2612 5748 2626 5777 ,
2660 5724 2708 5764 c.
2736 5709 2823 5761 14.
