3820 6210
1447 311 1611 379 ’vu‘a
1650 325 1706 402 s.
1749 311 2016 400 pastui.

3223 341 3360 382 XXIII

191 455 242 506 ab
263 447 504 504 Eustathio
527 445 780 516 disjenxit
809 447 1006 500 invidia
1039 445 1137 516 (α),
1171 461 1330 516 quam
1361 457 1418 503 ut
1447 451 1683 518 placaret
1711 458 1758 512 Α
1785 465 1848 502 ea
1886 449 2026 516 quod
2043 446 2272 500 Basilius
2297 447 2373 516 (ιι)
2398 457 2830 517 eum,postquam
2862 459 3012 501 ream
3035 450 3088 502 in
3107 449 3357 516 patriam,

185 539 458 602 Eustathius,
479 537 840 607 presbyterum
897 539 1100 591 creavit
1142 539 1406 602 Aerium,
1461 541 1683 607 ptocho—

187 632 355 699 trophio
379 628 608 698 praefecit,
667 643 766 682 nec
805 628 966 682 ullam
1013 629 1362 684 humanitatis
1409 641 1462 684 et
1491 633 1682 686 amici-

179 723 250 774 tia:
265 720 666 789 signiﬁcationem
677 720 1042 788 praetermisit.
1061 719 1167 775 Sed
1191 721 1504 776 insanabilis
1525 725 1682 779 exsu-

181 813 232 864 tit
255 811 436 864 Acrius.

217 901 398 966 ‘Siquis
434 911 600 955 tamen
653 917 774 955 cum
801 902 1176 973 |Tillemontio
1220 905 1513 958 contendat
1549 921 1676 976 syn-

177 993 304 1046 odum
325 991 660 1061 Gangrensem
691 1007 816 1050 ante
843 1011 1040 1050 annum
1069 996 1164 1050 541
1213 996 1450 1050 habitam
1489 995 1676 1059 fuisse,

174 1093 404 1150 propterea
428 1083 559 1150 quod
593 1083 736 1136 illius
758 1099 994 1138 canones
1031 1085 1084 1138 in
1107 1085 1358 1139 erunibus
1405 1085 1677 1139 collectio-

172 1175 298 1226 nibus
317 1186 424 1227 ante
448 1175 804 1230 Antiochenos
829 1191 1064 1232 canones
1093 1177 1220 1230 anni
1243 1176 1342 1229 541
1383 1191 1673 1230 recensen-

171 1275 254 1330 tur,
275 1267 488 1334 equidem
517 1267 642 1320 huic
675 1269 959 1322 sententia:
983 1283 1090 1322 non
1117 1270 1445 1338 repugnabo,
1478 1271 1674 1338 quippe

167 1373 264 1410 cum
287 1359 360 1412 his
390 1359 437 1411 in
479 1361 632 1414 rebus
669 1361 804 1413 nihil
837 1361 1128 1416 admodum
1167 1363 1302 1416 certi
1354 1363 1668 1416 habeamus.

167 1447 252 1503 Sed
285 1464 386 1503 cum
416 1451 567 1504 etiam
613 1461 746 1504 ante
781 1451 912 1506 illud
953 1465 1166 1521 tempus
1209 1453 1525 1508 EuStathius
1573 1454 1673 1508 Se-

165 1543 370 1596 bastenus
409 1547 678 1598 monastici
729 1545 960 1600 inStituti
1005 1557 1194 1602 auctor
1230 1549 1286 1602 in
1315 1550 1568 1602 Armenia
1617 1559 1672 1604 et

163 1632 460 1704 Paphlagonia
489 1647 540 1690 et
571 1636 748 1692 Ponto
797 1641 1068 1694 exstiterit
1089 1681 1104 1704 ,
1153 1641 1208 1694 in
1259 1640 1402 1695 hunc
1435 1643 1670 1698 maxime

163 1725 364 1778 videntur
383 1741 602 1781 canones
629 1727 972 1796 Gangrenses
999 1730 1312 1784 convenire.

1793 541 2090 592 beatissimo
2125 537 2382 592 Cwsareie
2427 541 2666 606 episcopo
2721 537 3036 608 Hermogen'i
3068 539 3357 606 confessio-

1790 649 1904 685 nem
1936 647 2080 684 same
2118 631 2242 699 ﬁdei
2287 632 2534 684 obtulisse
2570 631 2717 684 dicit.
2768 630 2894 685 Inde
2941 631 3214 686 concludit
3261 623 3360 685 do-

1791 721 2060 775 ctissimus
2091 723 2324 789 scriptor
2349 721 2785 790 distinguendum
2830 721 2976 774 illum
3010 737 3131 776 esse
3157 723 3222 776 ab
3251 722 3359 774 alio

1790 811 2091 876 Eustathio,
2126 825 2282 878 quem
2321 813 2632 864 Armenium
2671 811 2833 864 fuisse
2875 827 2980 864 non
3011 811 3238 876 dubitat,
3277 813 3356 864 si—
3393 817 3400 834 ‘

1787 903 2002 972 quidem
2029 904 2267 972 synodus
2290 901 2620 970 Gangrensis
2637 903 2913 969 epistolam
2933 919 3081 956 suam
3111 903 3357 956 inscribit

1784 995 2050 1064 episcopis
2085 995 2375 1056 Armeniae,
2409 1011 2638 1063 quacum
2681 993 2992 1047 Eustathius
3025 995 3355 1048 Sebastenus

1784 1085 1984 1136 nullam
2017 1085 2226 1138 videtur
2245 1095 2370 1138 ante
2393 1086 2761 1153 episcopatum
2779 1084 3226 1138 necessitudinem
3253 1085 3352 1138 ha-

1781 1178 1982 1230 buisse.
2715 1185 2718 1190 '

1851 1265 2074 1318 Etiamsi
2105 1265 2414 1320 Eustathius
2437 1261 2788 1321 Caesariensis
2816 1275 2906 1318 aut
2931 1266 3120 1320 saltem
3151 1267 3354 1335 Cappa-

1780 1353 1888 1408 dox
1919 1353 2142 1422 fuisset,
2171 1369 2509 1424 nequaquam
2539 1355 2590 1410 id
2618 1355 2906 1424 prohibere
2931 1355 3115 1410 debuit
3141 1359 3354 1424 quomi-

1781 1461 1884 1500 nus
1914 1449 2149 1517 synodus
2199 1459 2352 1502 suam
2389 1447 2675 1518 epistolam
2720 1449 3042 1504 inscriberet
3085 1451 3352 1520 episcopis

1775 1537 2065 1606 Armenias,
2101 1540 2146 1594 si
2183 1539 2256 1593 ibi
2292 1541 2630 1609 potissimum
2663 1539 2808 1593 illius
2839 1541 3056 1610 vigebat
3079 1550 3250 1596 secta.
3281 1527 3370 1594 At

1779 1630 2119 1684 Eustathium
2171 1629 2560 1686 Caesariensem
2617 1640 2710 1684 aut
2757 1631 3126 1700 Cappadocem
3179 1629 3352 1686 fuisse

1775 1735 1884 1774 non
1923 1729 2072 1774 certo
2098 1720 2439 1774 concluditur
2481 1737 2550 1776 ex
2599 1723 2777 1776 verbis
2813 1723 2969 1776 modo
3006 1721 3204 1777 allatis.
3233 1723 3352 1792 Ipse

217 1813 265 1868 V.
295 1815 532 1884 Objicitur
563 1820 824 1874 adversus
859 1820 1000 1874 hanc
1037 1825 1362 1875 sententiam
1391 1837 1490 1877 nec
1519 1822 1668 1877 Basi-
1700 1817 1744 1874 B
1772 1811 2005 1867 Βὶιδῖιίυε
2037 1827 2179 1866 nunc
2214 1811 2636 1882 Cappadocum»
2669 1824 2727 1869 υι
2759 1829 2922 1882 supra
2969 1815 3219 1881 Vidimus,
3249 1831 3349 1884 Pa‘

157 1905 278 1970 lium,
313 1909 390 1975 qui
437 1910 610 1964 varios
655 1912 779 1964 vitae
805 1912 1074 1966 Eustathii
1118 1924 1345 1970 eventus
1375 1916 1664 1982 recensuit,

155 2012 236 2050 nec
263 2000 388 2053 varia
411 2002 630 2055 concilia
667 2017 788 2070 quae
826 2004 1169 2058 Eustathium
1199 2005 1496 2073 deposuere
1517 2047 1532 2069 ,
1567 2007 1667 2060 hu-

149 2089 222 2154 jus
247 2092 402 2157 probri
435 2094 760 2149 meminisse.
815 2095 922 2150 Sed
971 2097 1183 2152 etiamsi
1211 2097 1356 2152 hanc
1399 2101 1664 2154 maculam

153 2182 688 2249 perpetua,delevisset
733 2184 958 2248 oblivio,
1011 2187 1206 2242 mirum
1241 2189 1292 2241 id
1340 2189 1507 2242 videri
1558 2205 1664 2244 non

151 2271 346 2338 deberet,
369 2291 482 2330 cum
503 2276 822 2334 Eustathius
845 2280 927 2334 vel
955 2288 1110 2334 extra
1141 2278 1352 2349 culpam
1391 2280 1574 2345 fuerit,
1609 2292 1666 2336 ut

149 2377 278 2432 supra
298 2366 532 2434 diximus,
560 2369 642 2424 vel
673 2371 887 2434 saltem,
915 2380 972 2424 ut
1006 2370 1282 2426 existimat
1309 2369 1662 2438 Sozomenus,

147 2455 314 2522 synodo
355 2461 603 2526 paruerit.
665 2459 892 2516 Videtur
941 2471 1120 2516 tamen
1153 2462 1204 2516 ei
1247 2462 1476 2517 Basilius
1517 2465 1668 2533 obje-

147 2543 258 2597 cisse
291 2547 588 2616 discipulum
626 2551 851 2605 Aerium
883 2571 896 2606 :
941 2567 1040 2606 nec
1079 2554 1316 2622 synodus
1353 2553 1665 2608 Constanti-

145 2635 401 2703 n0politana
448 2638 588 2694 inter
651 2643 830 2696 varias
889 2642 1036 2695 illius
1091 2643 1394 2711 deponendi
1449 2659 1660 2710 causas,

145 2725 278 2781 latam
309 2731 368 2784 de
411 2731 496 2784 illo
541 2733 866 2787 sententiam
897 2733 1198 2804 Gangrensi
1243 2735 1474 2789 concilio
1524 2751 1662 2805 pra:-

143 2819 362 2886 termisit,
403 2822 445 2876 si
477 2832 658 2876 tamen
693 2825 822 2878 lides
869 2823 1170 2878 adhibenda
1218 2823 1526 2880 Sozomeno
1559 2825 1658 2896 (b),

143 2913 218 2978 qui
242 2920 362 2968 totus
398 2925 561 2980 errat,
607 2931 734 2969 cum
773 2915 1115 2969 Eustathium
1169 2931 1202 2970 a
1253 2913 1660 2987 Gangrensibus

140 3003 398 3072 episcopatu
424 3017 644 3060 exutum
683 3007 832 3060 dicit.

137 3093 358 3162 *Ohjicit
394 3097 768 3152 Tillemontius
827 3097 1034 3152 nullum
1086 3113 1118 3152 a
1177 3097 1380 3167 synodo
1444 3097 1656 3151 titulum

1777 1902 1935 1957 triam
1977 1903 2241 1973 agnoscit,
2277 1919 2422 1957 nunc
2455 1905 2708 1970 Pontum,
2749 1905 3018 1960 interdum
3049 1906 3210 1960 etiam
3243 1907 3350 1960 Ara-

1777 1995 2034 2049 meniam.
2065 1986 2368 2050 llellenium
2392 1995 2684 2067 Gregorius
2719 1997 3034 2052 Armenium
3064 2013 3182 2054 esse
3209 2013 3346 2053 cono

1774 2084 1944 2152 ceptis
1969 2085 2152 2140 verbis
2174 2085 2413 2140 declarat
2435 2087 2504 2156 (e)
2541 2105 2554 2140 :
2596 2091 2844 2142 eumdem
2867 2099 3042 2142 tamen
3071 2083 3362 2158 hortatur,

1774 2181 1835 2226 ut
1893 2175 2126 2243 patriam
2169 2189 2224 2232 et
2262 2181 2571 2234 communia
2629 2180 2806 2234 studia
2858 2181 3083 2244 veritus,
3141 2179 3346 2238 Basilio

1773 2277 1998 2322 annuat.
2029 2260 2141 2323 Cur
2183 2247 2318 2340 ergo
2361 2271 2697 2340 Cappadocia
2733 2273 3000 2328 Eustathii
3035 2275 3209 2344 patria
3235 2265 3347 2332 dici

1771 2371 1881 2412 non
1912 2360 2104 2427 potuit,
2149 2363 2194 2415 si
2243 2362 2298 2416 in
2329 2365 2506 2417 vicina
2549 2363 2728 2432 aliqua
2775 2365 2993 2433 regione
3025 2377 3180 2420 natus
3222 2363 3343 2422 est?

1770 2450 1906 2504 Eum
1940 2452 1991 2505 in
2023 2453 2278 2507 Armenia
2329 2453 2513 2508 natum
2549 2451 2777 2510 libenter
2817 2456 3121 2527 colligerem
3164 2473 3232 2511 ex
3255 2459 3343 2515 his

1771 2537 2018 2609 Gregorii
2065 2541 2390 2599 Nazianzeni
2425 2547 2640 2600 verbis:
2684 2547 2982 2610 Armenius,
3013 2549 3185 2618 inquit
3227 2548 3340 2615 ille,

1773 2630 2120 2688 Eustathium
2168 2635 2461 2706 designans
2495 2639 2590 2707 (f),
2637 2637 2791 2706 plane
2825 2637 3077 2709 barbarus
3103 2650 3198 2695 est.
3239 2643 3341 2694 Ara

1769 2721 1934 2776 menii
1977 2726 2195 2779 nomine
2233 2719 2480 2780 similiter
2510 2727 2824 2797 designatur
2846 2745 2874 2782 a
2905 2727 3167 2801 Gregorio
3202 2731 3339 2802 Nys-

1769 2825 1902 2866 seno
1925 2813 2018 2868 lib.
2049 2832 2064 2869 ι
2093 2815 2146 2869 ἰιι
2175 2815 2520 2882 Ειιιιοιιιίιιιιι,
2545 2834 2598 2888 p.
2627 2815 2754 2872 9.89.
3254 2801 3260 2802 ί
3347 2801 3354 2813 ⁸

1845 2923 1930 2982 Vl.
1966 2927 2098 2981 lllud
2128 2928 2291 2983 etiam
2325 2929 2390 2983 de
2431 2929 2714 2984 Eustatliio
2743 2932 2978 2985 breviter
3021 2921 3339 2988 examinan-

1776 3016 1900 3070 dum
1925 3028 2028 3082 est,
2061 3029 2238 3071 utrum
2277 3018 2594 3087 discipulum
2637 3020 2882 3073 habuerit
2917 3022 3152 3074 Aetium.
3203 3023 3341 3077 Cum

1767 3105 2074 3162 Eustathius
2096 3101 2295 3164 Basilio
2319 3109 2490 3163 instar
2522 3110 2767 3165 criminis
2791 3113 3072 3179 epistolam
3092 3114 3157 3168 ad
3175 3115 3339 3184 Apol-

137 3175 373 3235 Eustatliio
423 3183 616 3250 tribui;
653 3200 722 3236 ex
753 3199 860 3252 quo
902 3187 1098 3241 laieum
1145 3186 1296 3240 illum
1338 3185 1506 3241 fuisse
1536 3169 1732 3241 con-C
1766 3197 2022 3252 lium-ium
2087 3190 2344 3269 scripta‘m
2404 3200 2724 3267 obiecisset;
2787 3204 3123 3260 demonstrat,
3181 3169 3336 3261 Blasi-

137 3269 275 3324 cludit
315 3283 366 3326 et
397 3273 558 3328 alium
616 3276 689 3329 ab
723 3275 1008 3332 Eustathio
1040 3277 1371 3352 Sebasteno,
1412 3277 1503 3347 qui
1538 3289 1663 3332 tunc

135 3367 284 3429 utpote
321 3362 370 3416 in
413 3365 612 3421 clerum
650 3368 1046 3421 Antiochenam
1079 3381 1221 3422 anno
1256 3367 1356 3422 551
1388 3378 1657 3436 receptus,

133 3451 176 3502 in
202 3452 359 3523 aliquo
389 3457 609 3512 honoris
645 3457 818 3527 gradu
849 3459 1176 3514 constitutus
1219 3467 1378 3526 erat,
1413 3473 1477 3513 ac
1523 3458 1661 3513 forte

131 3542 264 3596 etiam
300 3549 570 3618 presbyter
596 3549 736 3616 fuit,
771 3549 818 3604 si
847 3549 1133 3606 concilium
1173 3549 1442 3605 referatur
1471 3549 1538 3604 ad
1565 3563 1660 3603 an-

133 3649 232 3689 num
255 3637 366 3692 3-1οι

185 3743 282 3801 Non
317 3747 540 3806 diﬂicilis
586 3761 674 3808 est
694 3751 850 3820 hujus
880 3753 960 3808 rei
997 3753 1329 3823 explicatio:
1367 3753 1481 3808 sive
1511 3752 1658 3806 enim

129 3835 398 3896 Eustathius
427 3845 531 3899 hac
561 3845 614 3899 in
649 3861 707 3899 re
734 3856 890 3899 extra
922 3845 1134 3914 culpam
1181 3845 1282 3899 fuit
1309 3863 1325 3912 ;
1377 3845 1510 3899 satis
1539 3855 1660 3898 erat

129 3927 306 3986 aliunde
357 3945 662 4006 suspectus,
697 3946 758 3990 ut
813 3935 1013 3991 nullum
1067 3939 1116 3992 ei
1167 3936 1389 3992 honoris
1443 3925 1658 3990 tit'ulum

127 4021 318 4092 episcopi
359 4028 660 4083 tribuerent
690 4047 706 4084 :
734 4030 850 4084 sive
895 4045 1082 4084 eorum
1106 4068 1121 4092 ,
1167 4043 1287 4097 qua-
1321 4043 1352 4082 a
1380 4026 1656 4096 discipulis

127 4109 306 4180 ﬁebant,
338 4128 522 4172 auctor
562 4129 662 4172 aut
711 4121 961 4174 conscius
990 4119 1232 4184 exstitit;
1265 4118 1436 4172 multo
1477 4117 1658 4171 minus

123 4201 330 4271 decebat,
359 4217 413 4260 ut
441 4208 489 4262 ei
521 4209 738 4277 signum
775 4209 990 4277 aliquod
1019 4207 1414 4263 communionis
1451 4207 1654 4276 imper-
1698 4237 1706 4244 -

119 4293 301 4359 tiretur,
337 4309 624 4368 antequam
667 4303 920 4356 absurdis
953 4301 1214 4355 institutis
1243 4300 1560 4354 destitisset.
1590 4298 1656 4352 ll-

120 4381 208 4435 lum
231 4387 360 4441 enim
392 4390 573 4460 aliquo
607 4393 836 4447 honoris
864 4392 1216 4447 ecclesiastici
1252 4391 1407 4446 titulo
1433 4407 1651 4461 ornare,

1764 3289 1869 3344 lius
1897 3289 1969 3360 (g)
1993 3293 2196 3361 aequius
2219 3292 2384 3348 multo
2414 3307 2536 3347 esse
2565 3303 2640 3358 ut,
2688 3297 2731 3348 si
2771 3297 2884 3365 quis
2923 3298 3127 3350 Aetium
3159 3303 3337 3369 genuit

1766 3380 2092 3446 Itwreticum,
2140 3385 2197 3437 in
2238 3393 2392 3452 caput
2437 3385 2668 3452 parentis
2699 3387 2931 3441 resiliunt
2961 3388 3338 3456 ﬁliicrimina-

1764 3472 1950 3526 tiones.
1979 3471 2044 3526 Et
2069 3475 2121 3527 in
2143 3475 2459 3552 cpist.ﬁ44,
2491 3493 2545 3531 ιι.
2585 3477 2619 3531 5
2651 3494 2665 3530 :
2694 3475 2752 3530 Is
2779 3479 2869 3546 qui
2914 3497 2994 3534 me
3023 3493 3232 3535 accusat
3273 3483 3337 3535 de

1763 3559 2112 3629 Apollinario,
2133 3565 2440 3630 respondeat
2463 3567 2608 3619 nobis
2631 3565 2695 3619 de
2717 3568 2842 3620 Aria
2857 3570 3066 3638 proprio
3085 3573 3335 3637 ntagistro

1762 3666 1858 3704 suo
1887 3659 1934 3704 et
1964 3653 2028 3704 de
2058 3647 2204 3705 Aetio
2225 3657 2433 3722 proprio
2458 3673 2552 3708 suo
2582 3657 2861 3725 discipulo.
2883 3659 2990 3714 Sed
3013 3659 3168 3716 hisin
3200 3661 3336 3718 locis

1759 3729 2194 3797 substituendum
2245 3745 2455 3799 videtur
2497 3757 2693 3801 nomen
2747 3750 2910 3804 Aerii.
2961 3749 3096 3806 Nam
3136 3753 3241 3808 alio
3280 3757 3335 3809 in

1759 3833 1877 3890 loco
1917 3833 1992 3904 (It)
2028 3836 2215 3890 eadem
2257 3839 2321 3891 de
2364 3853 2421 3892 re
2459 3854 2619 3907 agens
2653 3839 2882 3897 Basilius
2926 3855 3173 3899 neutrum
3213 3849 3334 3916 qui-

1761 3925 1880 3979 dem
1909 3928 2168 3990 nominat,
2203 3928 2296 3981 sed
2329 3943 2448 3996 quae
2475 3929 2604 3984 dicit
2639 3931 2739 3986 soli
2783 3933 2946 3988 Aerio
2969 3938 3323 3991 conveniunt.

1761 4011 1905 4069 Nam
1929 4033 2020 4069 nec
2053 4019 2163 4086 ipse
2192 4035 2402 4084 accuso,
2445 4020 2643 4088 inquit,
2679 4023 2724 4075 si
2754 4027 2869 4091 quis
2913 4041 2976 4079 ea;
3012 4027 3256 4082 sodalitio
3280 4047 3333 4082 in

1759 4105 1996 4160 haeresim
2017 4108 2276 4162 abscissus
2293 4121 2365 4161 est
2387 4109 2620 4180 (omnino
2643 4121 2816 4165 autent
2835 4114 3067 4168 homines
3092 4119 3328 4182 novistis,

1759 4199 1963 4251 tametsi
1992 4200 2301 4252 nominatim
2328 4216 2429 4253 non
2451 4204 2696 4272 appello),
2720 4207 2842 4271 quia
2857 4209 3210 4275 unusquisque
3233 4227 3328 4262 suo

1757 4289 1921 4357 ipsius
1947 4300 2156 4357 peccato
2193 4292 2468 4344 morietur.
2511 4293 2604 4347 llis
2636 4310 2767 4349 sane
2797 4297 2978 4352 verbis
3010 4298 3203 4367 aliquis
3251 4302 3332 4353 in-

1758 4372 1968 4434 dicatur
1993 4395 2060 4434 ex
2082 4381 2300 4449 pietatis
2326 4383 2608 4453 disciplina
2635 4385 2688 4438 in
2730 4387 2980 4442 haeresim
3008 4389 3188 4458 lapsus
3221 4407 3328 4444 non

119 4475 468 4530 communionis
497 4481 720 4546 signum
749 4479 959 4534 fuisset.
992 4477 1082 4534 Sic
1110 4479 1340 4534 Basilius
1373 4479 1444 4552 (ε)
1479 4481 1533 4534 in
1565 4481 1652 4533 lit-
1687 4506 1731 4560 υ
1759 4472 2022 4541 probante
2050 4475 2327 4543 magistro-
2351 4477 2407 4530 ιιι
2439 4488 2617 4531 amem
2652 4479 2854 4547 optime
2878 4485 3328 4549 convenitAeriO.

119 4557 226 4612 teris
251 4561 310 4615 de
333 4561 580 4634 Glycerio
601 4579 661 4621 et
692 4569 759 4622 ad
792 4569 1098 4638 Glycerium
1142 4571 1362 4638 scriptis
1387 4609 1402 4634 ,
1433 4571 1648 4624 diaconi

119 4644 298 4705 titulum
339 4656 388 4708 ei
417 4673 521 4710 non
555 4660 770 4725 tribuit,
802 4661 1048 4729 quamvis
1073 4661 1310 4715 nondum
1333 4677 1454 4716 eum
1488 4663 1652 4730 depo-

117 4741 294 4812 suisset,
341 4749 432 4801 sed
469 4761 682 4804 tantum
715 4751 873 4818 hujus
902 4767 1074 4822 prima:
1116 4753 1290 4806 minas
1333 4757 1648 4818 intentaret,

119 4833 197 4885 nisi
235 4837 330 4891 cito
381 4842 583 4895 rediret
629 4859 752 4896 cum
789 4843 1084 4912 virginibus
1108 4881 1122 4906 ,
1152 4857 1288 4912 quas
1315 4859 1346 4898 e
1367 4852 1652 4912 parentum

116 4926 326 4984 dantibus
357 4933 670 4988 abstractas
704 4935 756 4987 in
785 4951 946 4988 unum
975 4938 1138 4992 veluti
1172 4951 1386 5006 gregem
1418 4936 1650 5006 college~

117 5027 196 5066 rat.
233 5017 350 5074 Vide
380 5034 492 5078 not.
524 5027 596 5078 ad
635 5028 797 5095 epist.
829 5027 930 5080 129
951 5067 965 5092 ,
1000 5044 1052 5096 p.
1082 5029 1204 5082 221.

167 5107 478 5168 Eustathium
537 5117 897 5172 Sebastenum
948 5119 1323 5175 Tillemontius
1376 5121 1641 5178 Caesareae

115 5207 186 5249 aut
207 5201 380 5258 saltem
405 5207 458 5260 in
483 5207 832 5278 Cappadocia
855 5222 1040 5265 natum
1067 5213 1362 5278 existimat,
1397 5225 1648 5284 prepter-

171 5451 232 5521 (ιι)
266 5455 525 5528 Epiphan.
557 5465 756 5520 haeres.
789 5481 944 5524 Lxxv.

170 5529 229 5592 lli)
265 5528 372 5582 Lib.
403 5547 478 5590 ιν.
515 5553 566 5586 c.
597 5535 688 5588 14.

171 5607 226 5658 εί)
259 5597 346 5672 sp.
375 5601 498 5672 ius,
525 5605 654 5672 170,
691 5607 806 5662 ιῖι.

171 5675 230 5728 Η)
261 5667 344 5733 inp.
367 5669 488 5726 2b5.

169 5745 224 5801 tu)
253 5737 421 5794 Curtii.
457 5743 547 5796 48.

1760 4564 1853 4632 qui
1881 4568 2232 4621 monasticam
2263 4568 2427 4620 vitam
2460 4585 2582 4624 cum
2622 4573 2905 4629 Eustathio
2953 4578 3328 4644 proﬁtebatur,

1761 4669 1818 4713 at
1841 4673 2179 4730 nequaquam
2207 4664 2384 4731 Aetio,
2422 4667 2514 4733 qui
2543 4681 2808 4720 summam
2842 4683 3055 4736 semper
3085 4670 3331 4738 impieta--

1763 4759 1867 4804 tem
1903 4766 2013 4819 prae
2044 4769 2102 4806 se
2135 4753 2272 4820 tulit,
2301 4771 2398 4809 nec
2437 4757 2573 4809 ullos
2605 4757 2710 4810 nisi
2747 4759 2812 4811 ad
2855 4759 3186 4826 impietatem
3218 4776 3331 4813 ma-

1761 4841 1958 4909 gistros
2005 4843 2212 4898 habuit.
2245 4843 2460 4900 Primus
2505 4847 2646 4902 illius
2685 4849 2872 4903 doctor
2911 4851 3135 4916 exstitit,
3195 4862 3330 4906 teste

1759 4932 2120 5005 Philostorgio
2153 4935 2250 5006 (i),
2283 4937 2542 4993 Paulinus
2571 4939 2964 4995 Antioehenus.
2989 4944 3328 4998 Atedoctum

1758 5027 1924 5081 fuisse
1975 5029 2041 5082 ab
2076 5029 2355 5084 Eustathio
2401 5045 2500 5084 nec
2554 5031 2844 5100 Gregorius
2883 5033 3177 5102 Nysscnus,
3237 5035 3328 5101 qui

1759 5133 1846 5173 res
1883 5119 2024 5172 Aetii
2068 5130 2317 5174 accurate
2368 5122 2708 5190 persequitur
2745 5123 2850 5192 (i),
2893 5139 2994 5176 nec
3027 5123 3163 5177 ullus
3190 5124 3328 5177 alius

1758 5221 1983 5265 testatus
2023 5221 2106 5264 est
2139 5212 2390 5280 scriptor.
2424 5213 2680 5278 Quamvis
2727 5229 2854 5283 ergo
2905 5215 3042 5282 apud
3070 5215 3326 5267 Basilium

1827 5467 1895 5537 (Γ)
1923 5465 2020 5536 Ep.
2055 5469 2172 5522 l62.

1823 5537 1898 5672 ἓν)
1924 5539 2020 5604 Ep.
2057 5539 2182 5604 225,
2215 5557 2268 5592 ιι.
2300 5541 2352 5595 5,

1845 5609 1898 5672 Ιι)
1937 5609 2028 5672 Ep.
2053 5608 2174 5672 i5l,
2209 5626 2262 5662 ιι.
2297 5611 2350 5667 2.

1845 5609 1898 5677 Ιι)
1937 5609 2028 5672 Ep.
2053 5608 2174 5672 i5l,
2209 5626 2262 5662 ιι.
2297 5611 2350 5667 2.

1821 5679 1878 5744 (ι)
1927 5679 2044 5730 Lib.
2073 5695 2152 5740 ιιι,
2185 5681 2339 5733 0.15.

1825 5749 1841 5813 (
1855 5747 1902 5817 j)
1928 5765 1944 5802 ι
1968 5749 2018 5800 in
2054 5748 2276 5803 Eunoni.
