3820 6210
372 303 495 341 XXIV

1689 269 2255 340 ‘PROLEGOMENA.

371 403 509 456 Aetii
542 415 734 457 nomen
789 402 1024 456 habeant
1056 415 1244 456 omnes
1290 400 1503 457 codices
1548 415 1680 456 mss.
1711 409 1767 456 et
1797 402 1948 468 editi,
1982 407 2027 462 Α
2055 403 2199 456 mine
2222 401 2289 455 ad
2325 399 2625 454 Hellenium
2674 399 2748 471 (p.
2785 398 2931 467 l06).
2988 398 3095 456 Sed
3139 400 3295 456 valde
3327 401 3514 459 dubito
3557 418 3627 456 an

371 494 772 549 substituendus
798 498 844 549 ei
864 495 1074 548 videtur
1095 494 1310 551 Aerius.

983 607 1210 664 CAPUT
1248 607 1336 662 Vl.

355 697 411 756 ⁵1,
448 699 675 756 Sanctus
705 699 938 753 Basilius
959 701 1275 756 raenobitica:
1291 701 1410 754 vita:
1430 708 1614 753 auctor
1630 700 1683 752 in
1703 697 1872 753 Ponto
1899 708 1948 752 et

443 771 795 839 Cappadocia.
835 771 895 823 ll.
923 769 1089 822 Antea
1112 770 1191 823 his
1233 773 1288 823 in
1327 770 1452 823 locis
1479 780 1666 823 asceta:
1706 769 1810 823 bini
1857 778 1948 822 aut

447 841 580 892 terni
607 841 876 908 degebant.
909 839 996 892 Ill.
1029 839 1280 908 Gregorio
1309 841 1510 904 scribit,
1547 855 1766 908 eumque
1796 839 1862 891 ad
1894 854 1948 892 se

442 910 651 963 allicere
673 921 911 965 conatur.
943 909 1140 963 Eorum
1173 911 1374 964 vivendi
1404 913 1542 963 ratio
1569 921 1616 963 et
1647 911 1945 977 occupatio.

439 978 531 1033 1V.
584 979 770 1032 Basilii
823 979 1024 1033 labores
1078 981 1385 1033 monasterii
1417 981 1611 1048 ﬁnibus
1641 996 1744 1032 non
1776 979 1949 1031 conti-

441 1060 649 1104 nentur.
684 1048 747 1102 γ.
787 1051 860 1104 De
888 1051 1126 1118 pluribus
1157 1051 1387 1119 epistolis
1409 1053 1461 1103 in
1484 1066 1689 1104 secessu
1713 1049 1945 1117 scriptis.

441 1137 481 1192 l.
515 1137 903 1194 Testimonium
934 1137 1177 1208 Gregorii
1222 1140 1550 1195 Nazianzeni
1609 1155 1773 1209 supra
1817 1139 1950 1193 alla-

371 1241 506 1297 tum,
566 1232 620 1286 in
668 1247 775 1302 quo
823 1232 1050 1287 Basilius
1104 1233 1301 1288 dicitur
1355 1233 1732 1288 cceuobiticam
1784 1233 1946 1287 vitam

371 1322 697 1389 instituiése,
734 1324 1041 1378 conﬁrmari
1077 1335 1257 1394 potest
1286 1341 1351 1378 ex
1388 1326 1547 1394 epist.
1593 1325 1777 1380 Basilii
1817 1323 1946 1392 207,

372 1433 428 1471 n.
469 1416 524 1472 2.
572 1415 810 1471 Oderant
839 1433 960 1472 cum
1005 1416 1490 1484 Ncoczesarienses,
1534 1419 1790 1488 episcopo
1829 1417 1947 1488 ipso

373 1522 468 1562 eos
501 1509 554 1562 in
597 1507 851 1564 Basilium
897 1511 1256 1566 incendente:
1300 1511 1408 1565 odii
1455 1526 1630 1565 causae
1670 1512 1860 1566 inanes
1896 1519 1950 1564 et

373 1601 618 1655 absurda:
646 1601 1004 1670 ﬁngebantur,
1029 1603 1290 1671 psallendi
1328 1605 1461 1658 ritus
1488 1603 1538 1656 in
1574 1602 1802 1656 ecclesia
1830 1602 1944 1658 Ca:-

360 1694 598 1748 'sariensi
637 1702 690 1749 et
728 1694 907 1748 Basilii
939 1696 1207 1749 coenobia.
1243 1693 1525 1765 Nunquam
1573 1693 1814 1763 profecto
1841 1693 1945 1747 Ba-

373 1781 551 1833 silium
584 1793 648 1835 eo
690 1781 905 1834 nomine
939 1780 1298 1844 incusassent,
1328 1782 1372 1835 si
1405 1788 1530 1834 ante
1558 1795 1681 1834 eum
1731 1782 1833 1834 hoc
1864 1777 1948 1831 in-
1981 1767 2022 1823 Β

373 1871 615 1923 stitutum
647 1869 700 1924 in
719 1869 888 1924 Ponto
916 1871 1236 1925 exstitisset.
1260 1870 1580 1936 Quinetiam
1601 1868 1852 1935 Basilius,
1888 1879 1946 1924 ut

373 1961 628 2014 invidiam
667 1975 697 2015 a
743 1976 801 2015 se
831 1961 1103 2032 propulset
1139 1962 1264 2016 novi
1308 1959 1468 2029 hujus
1505 1961 1763 2026 instituti,
1802 1960 1944 2030 quod

372 2052 663 2106 maximam
695 2052 911 2108 laudem
947 2053 1276 2118 merebatur,
1318 2067 1658 2122 nequaquam
1697 2052 1944 2122 exempla

366 2145 438 2198 ad
475 2159 628 2198 suam
653 2143 1018 2200 defensionem
1046 2145 1242 2214 repetit
1282 2161 1350 2198 ex
1385 2144 1542 2198 Ponti
1573 2155 1627 2199 et
1657 2143 1944 2215 Cappado-

372 2237 471 2289 ciae
504 2245 596 2290 aut
636 2236 983 2290 ﬁnitimarum
1040 2237 1278 2307 gentium
1323 2237 1599 2301 Ecclesiis,
1631 2238 1725 2292 sed
1763 2238 1839 2292 ait
1889 2252 1947 2292 se

373 2329 646 2382 audivisse
688 2328 846 2381 talem
888 2343 1008 2383 esse
1044 2330 1096 2382 in
1132 2329 1364 2399 ngypto
1401 2330 1638 2384 virorum
1667 2329 1945 2393 virtutem,

374 2417 604 2473 fortasse
650 2420 810 2474 etiam
846 2420 1130 2475 nomtullos
1160 2421 1211 2474 in
1259 2420 1540 2475 Palaestina
1568 2421 1940 2490 evangelieam

374 2512 539 2564 vitam
583 2513 852 2575 excolere,
894 2521 948 2567 et
992 2529 1178 2568 rursus
1213 2513 1422 2584 aliquos
1454 2513 1507 2568 in
1558 2512 1944 2584 Mesopotamia

374 2603 559 2658 beatos
584 2618 705 2659 esse
736 2614 790 2658 et
837 2604 1101 2672 perfectOS
1146 2606 1307 2661 viros.
1359 2605 1474 2662 Non
1515 2605 1767 2660 videntur
1816 2620 1947 2676 ergo

376 2694 620 2748 coeuobia
645 2696 699 2748 in
730 2696 902 2749 Ponto
938 2703 1058 2750 ante
1083 2695 1336 2751 Basilium
1362 2699 1661 2753 exstitisse.

447 2785 551 2840 Sed
563 2787 610 2840 si
637 2785 872 2841 Basilius
889 2789 1008 2855 ejus
1034 2788 1265 2842 instituti
1291 2803 1480 2844 auctor
1498 2829 1514 2856 ,
1551 2789 1746 2843 mirum
1778 2787 1945 2844 videri

376 2879 565 2948 possit,
592 2895 690 2935 cur
716 2881 1034 2936 Eustathius
1065 2899 1171 2937 non
1200 2883 1372 2937 solum
1397 2883 1536 2952 apud
1573 2882 1861 2937 Armenios
1891 2891 1948 2936 et

375 2972 766 3043 Paphlagonas,
803 2976 896 3028 sed
937 2975 1097 3029 etiam
1142 2977 1192 3028 iu
1226 2973 1418 3038 Ponto,
1449 2983 1507 3028 ut
1541 2975 1592 3028 in
1617 2974 1947 3043 praecedenti

2051 510 2172 564 quae
2203 495 2306 548 hoc
2333 492 2451 546 loco
2484 502 2672 546 narrat
2699 492 3021 560 Gregorius,
3067 491 3325 546 Nazianzi
3368 503 3460 547 aut
3489 494 3626 562 Cape

2052 587 2290 657 padociaa
2313 585 2512 640 ﬁnibus
2544 587 2783 639 coerceri
2804 586 3055 640 debeant.
3090 585 3164 640 Ibi
3194 585 3338 639 enim
3369 586 3628 640 monasti-

2051 695 2174 734 cum
2205 679 2504 733 institutum
2524 679 2821 748 generatim
2845 679 3048 742 laudat,
3081 686 3371 748 antequam
3395 676 3630 732 Naziana

2051 785 2214 824 zenos
2248 770 2545 825 monachos
2594 771 2915 824 nominatim
2959 769 3205 825 Hellenio
3237 773 3583 826 commendet
3611 787 3622 819 :

2050 872 2104 918 et
2134 863 2276 932 quod
2306 863 2380 918 ait
2409 862 2484 932 (p.
2522 862 2647 928 107)
2677 862 2966 916 monachos
2989 863 3240 932 imperito
3265 863 3448 917 studio
3474 864 3629 916 abre-

2059 965 2180 1024 ptos
2232 965 2457 1011 mortem
2501 955 2602 1010 sibi
2631 956 2763 1025 ipsis
2813 955 3172 1022 consciscere,
3210 953 3344 1008 alios
3395 955 3628 1022 propriis

2051 1044 2300 1097 manibus
2331 1052 2421 1096 aut
2453 1042 2612 1110 fame,
2645 1044 2778 1098 alios
2817 1044 3011 1112 laqueo
3051 1053 3143 1097 aut
3177 1059 3297 1099 sese
3328 1043 3631 1113 pra'cipites

2050 1135 2258 1200 dando;
2316 1135 2526 1188 videtur
2579 1135 2631 1190 id
2691 1136 2756 1189 de
2807 1137 3032 1190 remotis
3085 1136 3397 1205 regionibus
3449 1136 3630 1203 potius

2050 1242 2211 1296 quam
2242 1227 2308 1282 de
2332 1225 2765 1296 Cappadocibus,
2787 1229 3062 1297 magisque
3091 1226 3230 1282 fama
3248 1238 3302 1282 et
3331 1229 3626 1293 auditione,

2050 1337 2213 1390 quam
2261 1323 2496 1391 propriis
2528 1321 2702 1376 oculis
2736 1331 3014 1389 acceptum
3053 1335 3298 1374 narrare.
3340 1318 3630 1374 Probabile

2049 1428 2178 1483 ergo
2212 1429 2315 1468 non
2345 1423 2428 1468 est
2452 1415 2807 1468 anachoretas
2829 1413 2998 1467 fuisse
3029 1411 3294 1465 Eustathii
3318 1410 3627 1480 discipulos.

2052 1505 2187 1561 Hinc
2207 1505 2440 1560 Basilius
2479 1505 2554 1576 (p.
2597 1504 2725 1576 559)
2763 1504 3090 1560 monasteria
3135 1503 3420 1558 Eustathio
3451 1501 3632 1571 subje-

2049 1611 2137 1654 cta
2169 1608 2325 1653 vocat
2353 1598 2720 1653 fraternitates
2744 1599 2796 1651 in
2828 1597 3057 1667 epistola
3082 1596 3209 1650 223.
3249 1596 3302 1649 In
3340 1597 3427 1650 his
3453 1605 3630 1650 tamen

2051 1690 2601 1743 fraternitatibusnou
2627 1690 2877 1743 videntur
2911 1689 2962 1741 in
2997 1702 3203 1742 morem
3235 1689 3630 1742 cceuobitarum

2051 1783 2150 1838 sub
2182 1783 2339 1836 unius
2367 1781 2577 1836 abbatis
2603 1782 2829 1850 imperio
2858 1781 3238 1834 communibus
3271 1794 3485 1845 semper
3511 1795 3632 1831 niu-

2049 1875 2152 1929 niis
2185 1873 2374 1928 intenti
2427 1873 2623 1939 fuiSse,
2670 1873 2764 1927 sed
2819 1873 2930 1928 bini
2983 1881 3078 1927 aut
3121 1873 3247 1926 trini
3295 1871 3518 1925 liberius
3548 1869 3630 1923 vi-

2049 1969 2218 2021 xisse.

2120 2059 2315 2114 Basilio
2353 2058 2497 2113 enim
2537 2071 2807 2112 secessum
2840 2053 3120 2109 meditanti
3153 2052 3295 2107 nulla
3330 2051 3401 2108 ob
3441 2051 3633 2106 oculos

2047 2159 2402 2208 versabantur
2441 2154 2524 2209 his
2551 2155 2602 2206 in
2642 2153 2774 2207 locis
2817 2151 3061 2206 coanobia
3097 2150 3203 2220 (e);
3254 2149 3350 2202 sed
3381 2147 3634 2216 cupiebat

2050 2264 2215 2302 unum
2240 2247 2474 2315 aliquem
2507 2261 2573 2300 ex
2612 2244 2874 2299 fratribus
2911 2242 3176 2305 invenire,
3213 2240 3306 2309 qui
3339 2239 3631 2293 asceticam

2049 2341 2215 2394 vitam
2271 2338 2638 2407 proﬁteretur,
2674 2347 2734 2389 ut
2769 2351 2871 2389 una
2917 2350 3039 2389 cum
3088 2348 3154 2387 eo
3195 2333 3413 2388 brevem
3470 2329 3632 2397 hujus

2047 2431 2172 2483 vitae
2204 2429 2426 2482 ﬂuctum
2468 2427 2744 2480 transiret.
2775 2424 3103 2493 Speraverat
3130 2437 3188 2476 se
3214 2439 3332 2476 cum
3366 2420 3634 2490 Gregorio

2048 2522 2350 2581 victurum;
2383 2520 2542 2588 idque
2574 2519 2716 2572 inter
2745 2531 2803 2571 se
2836 2516 2978 2586 pacti
3012 2513 3230 2568 fuerant
3257 2531 3271 2566 :
3306 2513 3402 2567 Sed
3440 2528 3632 2566 eorum

2048 2611 2334 2664 consilium
2367 2610 2726 2678 interpellavit
2767 2608 3016 2677 imposita
3053 2604 3315 2674 Gregorio
3334 2603 3637 2657 necessitas

2052 2705 2294 2759 fovendae
2329 2713 2611 2772 parentum
2642 2702 2960 2759 senectutis.
3001 2699 3186 2754 Basilii
3231 2697 3629 2752 monasterium

2049 2814 2156 2852 non
2203 2798 2409 2862 statim,
2445 2805 2505 2850 ut
2555 2795 2712 2849 modo
2745 2793 3069 2857 videbimus,
3119 2790 3352 2845 cmnobii
3398 2789 3628 2842 fortnam

2051 2890 2258 2943 habuit.
2297 2888 2546 2942 Monachi
2579 2886 2908 2940 Na'zianzeni
2936 2884 3222 2938 cmnobitae
3239 2898 3343 2936 non
3366 2889 3519 2934 erant
3549 2881 3627 2947 (p.

2050 2978 2196 3049 107).
2217 2977 2347 3030 Nam
2379 2975 2672 3046 Gregorius
2694 2976 2746 3028 in
2774 2975 3012 3028 carmine
3030 2972 3092 3026 ad
3117 2970 3414 3025 Hclleuium
3443 2969 3630 3022 decem

375 3067 549 3134 capite
607 3067 856 3133 vidimus,
907 3068 1257 3121 monasticam
1309 3067 1472 3120 vitam
1525 3067 1735 3121 dicatur
1788 3067 1946 3122 insti-
1973 3097 2018 3157 ρ
2050 3070 2526 3140 praestantissimos
2552 3078 2763 3121 ascetas
2793 3073 3058 3129 recenset,
3091 3063 3287 3132 quibus
3314 3059 3630 3128 singulatim

376 3159 564 3212 tuisse.
609 3156 981 3213 Commentum
1029 3175 1148 3214 esse
1195 3160 1469 3214 existimat
1505 3158 1769 3214 Baronius
1802 3160 1944 3228 quod

374 3247 441 3304 de
465 3249 746 3304 Eustathio
773 3252 910 3318 apud
947 3252 1304 3305 Sozomcnum
1342 3252 1553 3322 legitur.
1585 3250 1690 3306 Sed
1737 3251 1944 3305 clarum

371 3348 430 3393 et
474 3342 813 3410 perspicuum
853 3352 938 3396 est
979 3344 1044 3396 de
1077 3342 1361 3397 Eustathio
1408 3342 1631 3411 ejusque
1667 3343 1946 3413 discipulis

375 3430 629 3484 Basiliam
660 3430 825 3498 loqui,
854 3447 974 3485 cum
1013 3433 1088 3485 ait
1122 3430 1198 3502 (ιι)
1236 3447 1293 3486 se
1329 3434 1641 3486 monasticae
1681 3434 1803 3487 vita:
1832 3443 1948 3487 stu-

375 3523 464 3577 dio
487 3523 820 3590 ﬂagrantem,
851 3524 938 3577 ubi
973 3524 1254 3578 nonnullos
1279 3524 1412 3578 vidit
1436 3525 1487 3578 in
1516 3525 1690 3594 patria
1720 3525 1810 3594 qui
1844 3524 1947 3579 hoc

377 3614 675 3667 institutum
702 3613 1109 3683 profitebantur,
1141 3630 1392 3683 magnum
1432 3631 1498 3669 ex
1548 3630 1736 3669 eorum
1767 3615 1949 3669 amici-
1972 3664 1984 3676 ,

380 3704 452 3757 tia
485 3711 537 3758 et
563 3705 948 3758 consuetudine
976 3706 1282 3774 praesidium
1314 3707 1380 3758 ad
1413 3707 1638 3760 salutem
1677 3721 1946 3776 sperasse.

374 3793 493 3848 Jam
527 3803 636 3848 tum
664 3809 791 3865 ergo
826 3795 1115 3865 discipulos
1153 3796 1385 3850 habebat
1412 3796 1745 3850 Eustathius.
1770 3797 1949 3862 Quare

376 3887 524 3940 litem
566 3886 644 3940 sic
669 3887 874 3940 dirimit
919 3885 1294 3941 Tillemontius
1326 3896 1382 3939 ut
1419 3887 1618 3941 Basilio
1653 3888 1946 3942 casnobiti-

373 3993 452 4030 ca:
479 3977 597 4030 vita:
637 3978 938 4032 institutum
968 3989 1246 4047 acceptum
1285 3977 1506 4040 referat,
1539 3977 1811 4031 Eustathii
1844 3994 1946 4032 au-

374 4075 483 4119 tem
535 4066 827 4134 discipulos
864 4066 918 4119 in
949 4067 1169 4120 urbibus
1210 4076 1265 4120 et
1312 4066 1520 4135 oppidis
1569 4066 1653 4120 vel
1689 4067 1857 4121 etiam
1891 4069 1946 4122 in

374 4158 751 4213 remotioribus
770 4157 902 4213 locis
938 4157 1079 4212 solos
1103 4158 1300 4212 vixisse
1327 4158 1617 4212 existimet.

444 4250 509 4304 ll.
554 4248 836 4305 Libentius
894 4250 1214 4305 crediderim
1249 4249 1518 4304 Eustathii
1572 4251 1861 4320 discipulos
1895 4251 1949 4306 in

375 4345 525 4412 pagis
551 4353 604 4397 et
640 4343 851 4413 oppidis
884 4343 1040 4398 binos
1075 4352 1167 4396 aut
1191 4351 1370 4397 ternos
1409 4342 1627 4407 vixisse,
1653 4343 1726 4397 ita
1769 4352 1951 4398 utnec

2053 3161 2451 3224 immunitatem
2499 3174 2529 3213 a
2588 3158 2804 3212 tributis
2859 3157 3014 3224 petit,
3062 3169 3222 3224 quam
3259 3153 3391 3206 satis
3441 3149 3635 3204 fuisset

2053 3252 2150 3306 toti
2181 3251 2433 3306 coenobio
2458 3249 2623 3303 semel
2653 3259 2854 3318 petere,
2884 3249 2926 3301 si
2953 3248 3005 3300 in
3048 3246 3238 3299 iisdem
3278 3257 3466 3298 onmes
3501 3240 3635 3295 aedi-

2049 3343 2150 3397 bus
2175 3341 2420 3397 fuissent.
2444 3338 2580 3394 Hinc
2606 3339 2769 3393 etiam
2800 3353 2935 3391 unus
2967 3352 3034 3390 ex
3068 3335 3174 3388 illis
3200 3333 3440 3387 Eulalius
3467 3333 3637 3385 amis-

2050 3449 2112 3489 so
2151 3433 2316 3488 fratre
2347 3431 2590 3486 Helladio
2615 3429 2688 3500 (p.
2728 3427 2873 3499 108),
2913 3442 3072 3496 quem
3109 3427 3347 3496 ejusdem
3387 3421 3629 3476 instituti

2051 3525 2255 3580 socium
2289 3523 2574 3585 habuerat,
2600 3517 2811 3572 atiliCta:
2828 3528 2882 3572 et
2910 3527 3126 3587 aegrotat
3153 3515 3309 3567 matri
3333 3513 3635 3567 assidebat.

2052 3617 2306 3671 Testatur
2335 3614 2503 3668 abbas
2536 3612 2777 3681 Pyamon
2833 3611 2972 3679 apud
3013 3608 3335 3663 Cassianum
3373 3604 3480 3675 (ι’),
3520 3613 3640 3658 ter-

2053 3710 2182 3762 tium
2210 3721 2379 3775 genus
2398 3703 2808 3766 monachorum,
2838 3700 2929 3770 qui
2958 3698 3269 3769 Sarabayta:
3286 3695 3635 3760 dicebantur,

2049 3810 2104 3853 et
2135 3800 2246 3854 bini
2278 3807 2371 3850 aut
2403 3797 2540 3851 terni
2586 3794 2873 3864 degebant,
2919 3792 3198 3846 abundare
3243 3803 3308 3842 ac
3349 3800 3516 3857 prope
3543 3801 3641 3840 so-

2052 3891 2161 3944 lum
2202 3905 2321 3944 esse
2352 3889 2406 3942 in
2438 3887 2752 3942 civitatibus
2790 3899 2924 3954 quas
2963 3883 3286 3944 diaconiam,
3313 3891 3372 3933 ut
3399 3879 3512 3948 jam
3546 3879 3638 3932 di»

2051 3984 2250 4044 ximus,
2282 3981 2332 4033 in
2367 3978 2596 4033 Pontum
2637 3987 2688 4032 et
2733 3977 3044 4032 Armeniam
3087 3973 3337 4028 deferens
3371 3984 3640 4040 peragra-

2049 4074 2148 4128 vit.
2203 4073 2454 4127 Cauones
2502 4069 2870 4140 Gangrenses.
2911 4069 3003 4136 qui
3037 4065 3309 4121 Armenia:
3361 4065 3639 4134 episcopis

2051 4163 2298 4230 inscripti
2341 4171 2486 4227 sunt,
2515 4162 2766 4215 dubitare
2797 4174 2902 4212 non
2929 4159 3114 4212 sinunt
3155 4157 3284 4227 quin
3317 4166 3637 4211 ascetarnm

2053 4259 2104 4311 in
2147 4258 2247 4310 hac
2287 4257 2506 4325 regione
2559 4268 2753 4322 magna
2812 4251 2976 4304 fuerit
3022 4251 3288 4305 sentiendi
3321 4263 3386 4301 ac
3412 4248 3636 4301 vivendi

2063 4349 2305 4402 libertas.
2335 4347 2438 4402 Vix
2465 4360 2592 4415 ergo
2619 4345 2834 4399 dubium
2857 4344 2988 4412 quin
3025 4343 3278 4396 institutae
3299 4341 3384 4394 his
3417 4340 3470 4393 in
3493 4339 3640 4394 locis

375 4437 716 4490 anachoreta:
760 4435 959 4489 fuerint
1007 4449 1109 4490 nec
1164 4437 1465 4490 eteuobitae.
1498 4435 1749 4490 Testatur
1784 4436 1950 4491 Sozo-
1981 4458 2025 4512 ι)
2057 4441 2398 4494 coenobitica:
2433 4440 2556 4492 vita:
2606 4437 2774 4507 gloria
2822 4453 2926 4490 non
2973 4434 3252 4490 Eustathio
3282 4433 3639 4488 attribuenda

376 4543 565 4582 meuus
587 4527 662 4599 (b)
688 4529 739 4581 in
764 4527 972 4582 Galatia
1007 4537 1061 4581 et
1081 4527 1416 4597 Cappadocia
1454 4537 1509 4581 et
1541 4527 1785 4582 ﬁnititnis
1823 4543 1946 4597 pro-

373 4620 563 4676 vinciis
591 4619 824 4674 maxime
850 4633 1033 4673 rarum
1082 4634 1202 4672 esse
1246 4618 1693 4672 anachoretarum
1751 4635 1942 4688 genus,

375 4713 501 4779 quia
537 4725 632 4779 per
663 4709 882 4780 frigoris
911 4709 1262 4764 acerbitatem
1288 4710 1338 4762 in
1368 4710 1598 4763 desertis
1618 4709 1753 4764 locis
1781 4711 1944 4779 dege-

375 4818 432 4855 re
454 4816 560 4855 non
590 4800 735 4854 licet.
769 4799 824 4853 ld
859 4800 1144 4854 conﬁrmat
1179 4799 1345 4854 abbas
1379 4798 1640 4870 Pyamon,
1673 4801 1764 4870 qui
1800 4802 1937 4868 apud

373 4893 689 4946 Cassianum
715 4890 786 4961 (c)
813 4900 996 4944 narrat
1019 4905 1078 4945 se
1108 4891 1160 4944 in
1187 4889 1496 4960 regionibus
1521 4907 1655 4959 quas
1688 4893 1790 4946 sub
1829 4890 1937 4945 Va-

372 4986 515 5038 lente
545 4983 868 5053 peragravit,
919 4993 976 5036 ut
1005 4981 1264 5036 fratribus
1294 4983 1349 5036 in
1390 4981 1618 5037 Pontum
1655 4993 1709 5038 et
1745 4986 1938 5038 Arme-

372 5078 517 5131 niam
556 5075 808 5145 relegatis
853 5077 1155 5132 diaconiam
1207 5075 1394 5140 ferret,
1427 5090 1496 5132 ne
1524 5077 1698 5146 ipsum
1726 5077 1942 5146 quidem

371 5169 824 5222 anachoretarum
861 5184 1054 5223 nomen
1090 5169 1330 5223 auditum
1357 5169 1708 5237 comperisse.
1744 5167 1944 5224 Existi-

371 5266 484 5306 mat
512 5252 886 5310 Tillemontius
920 5256 995 5326 (d)
1037 5256 1321 5312 nonnullos
1377 5272 1404 5309 a
1451 5265 1638 5311 sancto
1679 5255 1942 5328 Gregorio

369 5343 716 5402 Nazianzeno
745 5346 1089 5416 Cappadoces
1122 5349 1478 5404 anachoretas
1504 5349 1707 5407 laudari
1741 5349 1797 5407 in
1820 5365 1940 5406 car-

440 5527 516 5600 (α)
542 5525 642 5600 _Ep.
673 5527 797 5590 ass,
830 5546 882 5583 η.
908 5531 961 5584 5.

439 5597 513 5670 (b)
541 5597 664 5670 Lib.
693 5614 765 5661 vi,
793 5616 840 5670 c.
870 5601 956 5654 54.

442 5668 512 5738 (c)
543 5668 850 5738 Gollat._l8,
890 5689 935 5722 ρ.
973 5671 1024 5724 7.

443 5736 520 5814 (α)
549 5737 700 5796 'l'om.
725 5736 812 5807 lX,
837 5756 888 5811 p.

2055 4531 2146 4593 sit,
2181 4528 2276 4584 sed
2311 4528 2528 4594 Basilio,
2568 4526 2720 4595 cujus
2755 4527 3051 4580 maximum
3075 4525 3283 4578 exstitit
3313 4525 3476 4593 hujus
3506 4539 3644 4593 pro-

2051 4622 2280 4692 pagandi
2310 4621 2538 4674 instituti
2571 4619 2827 4672 studium.
2865 4617 2996 4672 Illud
3030 4618 3188 4687 longe
3231 4617 3303 4689 (g)
3337 4615 3644 4684 praeferen-

2051 4715 2175 4768 dum
2221 4727 2341 4766 esse
2371 4712 2844 4766 demonstratvita:
2872 4711 3164 4778 solitariae;
3203 4713 3308 4766 duo
3335 4710 3510 4780 (Ii).in
3541 4726 3644 4764 eo-

2049 4805 2169 4858 dem
2201 4819 2336 4871 pago
2382 4804 2707 4856 monasteria
2739 4816 2859 4856 esse
2903 4817 3008 4856 non
3051 4804 3262 4871 probat,
3295 4803 3388 4856 sed
3437 4816 3644 4858 omnes

2049 4906 2258 4950 ascetas
2291 4894 2390 4950 sub
2417 4911 2525 4950 uno
2555 4904 2609 4949 et
2637 4896 2824 4949 eodem
2854 4894 3144 4964 praeposito
3187 4895 3464 4949 existimat
3496 4909 3649 4948 con-

2045 4987 2366 5059 jungendos.
2393 4987 2632 5057 Perspici
2672 4988 2836 5042 etiam
2878 4997 3058 5056 potest
3087 4988 3229 5042 illius
3259 4988 3532 5064 sententia
3569 5002 3642 5042 ex

2050 5084 2207 5152 epist.
2232 5080 2357 5145 9.95,
2385 5081 2438 5134 in
2471 5096 2577 5150 qua
2622 5095 2832 5135 ascetas
2883 5083 2933 5134 in
2967 5082 3154 5135 eodem
3189 5082 3403 5151 quidem
3441 5096 3646 5136 mena-

2049 5170 2238 5234 sterio,
2264 5170 2356 5224 sed
2395 5185 2499 5224 non
2533 5184 2683 5224 more
2725 5169 3097 5224 ctenobiorum
3149 5171 3392 5224 viventes
3433 5171 3642 5226 horta-

2049 5272 2157 5326 tur,
2190 5270 2248 5315 ut
2271 5261 2337 5315 ab
2368 5261 2469 5313 hac
2492 5261 2598 5314 vita
2629 5261 2856 5315 testibus
2883 5271 3104 5315 carente
3143 5261 3210 5316 ad
3243 5262 3646 5318 cmuobiticam

2049 5359 2342 5407 transeant.
2383 5350 2588 5406 Prmter
2635 5353 2963 5418 crenobium,
3016 5354 3243 5422 quodin
3289 5352 3464 5408 Ponto
3503 5369 3642 5409 ron-

2130 5527 2196 5602 (e)
2233 5528 2326 5597 Ep.
2359 5529 2480 5584 2:25.

2126 5601 2191 5678 (Γ)
2232 5603 2427 5678 Έε⁰¹¹⁴¹ίῖ
2465 5603 2620 5678 ¹8ν,ε·
2651 5601 2699 5653 7-

2119 5665 2190 5737 (g)
2229 5665 2356 5737 Reg.
2401 5669 2504 5735 fus.
2547 5672 2597 5723 7.

2119 5735 2194 5809 (ti)
2232 5735 2358 5810 lleg.
2389 5743 2492 5808 [αδ.
2529 5739 2618 5800 55,
