3820 6210
1531 332 1696 388 νιτά
1737 334 1796 390 S.
1835 330 2094 388 BASILH.

3319 359 3424 398 IIV

194 453 392 516 struxit,
448 451 592 505 aliud
642 449 708 502 ab
759 462 826 504 eo
864 447 1141 502 conditum
1187 448 1238 500 in
1291 447 1551 503 sulmrbio
1575 447 1752 524 Cmsa-
1781 464 1828 521 Α
1857 463 1963 517 que
2019 453 2270 510 tractum,
2324 453 2384 500 ut
2430 446 2577 501 locus
2608 455 2908 517 prteruptus
2955 463 3276 520 aequaretur.
3330 461 3423 516 llis

191 545 334 600 rieusi
375 543 631 598 discimus
661 555 730 594 ex
777 539 936 609 epist.
967 539 1037 594 9i
1061 549 1116 592 et
1151 537 1274 594 150.
1327 538 1610 594 Probabile
1661 549 1744 594 est

186 634 549 691 caenohiticum
607 633 917 686 institutum
970 631 1134 683 etiam
1199 639 1325 684 ante
1373 630 1740 701 episcopatum

186 730 333 782 abeo
366 727 418 780 in
474 723 771 778 Ecclesiam
824 723 1213 778 Caesariensem
1268 723 1569 778 inductum.
1625 722 1740 778 Non

185 818 390 868 deerant
429 815 645 882 quidem
692 812 816 866 huic
852 812 1096 866 ecclesia:
1123 812 1396 878 monachi,
1441 828 1739 881 eorumque

184 908 402 963 studium
422 907 629 961 exarsit
664 906 716 958 in
748 905 1210 968 Basiliicausa,ut
1239 905 1378 959 infra
1410 906 1739 973 videbimus,

184 1001 426 1054 adversus
451 999 739 1053 Eusebium
771 999 1080 1067 episcopum
1105 998 1438 1054 defendenda
1471 1016 1482 1050 :
1519 1000 1610 1054 sed
1645 1017 1742 1056 no-

184 1099 230 1141 ta
265 1088 362 1142 illis
416 1103 521 1141 non
576 1088 846 1146 videntur.
883 1087 1051 1142 fuisse
1086 1088 1412 1143 ccenobitica
1471 1089 1737 1146 instituta.

186 1180 320 1234 Unde
349 1179 575 1232 Basilius
616 1179 720 1250 (α),
771 1194 892 1232 cum
939 1179 1159 1247 quidam
1194 1179 1452 1234 Caesareae
1483 1183 1740 1236 monasti-

180 1287 290 1326 eum
318 1272 621 1325 institutum
652 1272 904 1341 amplecti
936 1271 1116 1336 vellet,
1146 1287 1311 1340 seque
1341 1273 1417 1326 illi
1443 1276 1736 1343 regendum

181 1375 232 1417 et
259 1363 648 1417 informandum
698 1366 957 1428 traderet,
1010 1364 1224 1418 mittere
1267 1379 1391 1419 eum
1445 1365 1634 1420 maluit
1685 1365 1739 1420 in

181 1453 318 1508 Ponti
365 1455 774 1509 monasterium.
809 1454 1106 1524 Gregorius
1152 1464 1356 1522 autem,
1389 1471 1512 1510 cum
1545 1472 1740 1510 mona-

182 1547 312 1598 stic-2
342 1545 472 1613 legis
501 1545 872 1601 institutiones
899 1562 929 1599 a
967 1547 1165 1600 Basilio
1187 1548 1508 1617 presbytero
1536 1557 1740 1603 etvoce

179 1647 229 1692 et
257 1637 461 1706 scriptis
489 1637 721 1693 traditas
749 1638 953 1703 laudat,
994 1639 1270 1693 inductam
1313 1639 1382 1694 ab
1405 1653 1470 1694 eo
1501 1639 1741 1695 cmnobi-

181 1729 326 1781 ticam
355 1728 694 1797 disciplinam
735 1729 947 1784 videtur
976 1728 1218 1785 laudare.

1852 538 2003 593 addit
2058 537 2128 610 (e)
2181 536 2445 608 lignorum
2496 542 2950 608 comportationes
2985 553 3040 598 et
3081 543 3420 620 lapidicinas,

1851 629 2109 682 arborum
2153 627 2484 683 consitiones
2511 637 2566 682 et
2594 630 2962 700 irrigationes,
2998 634 3262 705 imprimis
3295 654 3422 697 vero

1850 719 2128 789 platanum
2182 734 2280 774 sua
2321 735 2480 775 manu
2524 722 2844 792 plantatum.

1927 810 2081 878 Quod
2104 823 2388 882 supererat
2414 813 2510 868 otii
2544 813 2610 868 ab
2647 815 2896 870 asceticaa
2929 817 3049 872 vitae
3071 821 3290 889 muniis,
3316 822 3418 878 im-

1851 907 2156 973 pendebant
2188 905 2241 960 in
2267 905 2591 960 meditandis
2624 906 2796 960 sacris
2828 906 3026 963 litteris
3053 908 3121 980 (f)
3157 929 3170 964 :
3205 922 3253 967 et
3295 929 3418 969 cum

1849 998 1902 1051 in
1932 998 2036 1052 hoc
2059 997 2238 1052 studio
2266 998 2386 1067 plus
2403 997 2642 1066 antiquis
2668 997 3044 1067 scriptoribus,
3071 1017 3231 1072 quam
3267 1005 3418 1075 inge-

1849 1089 1940 1144 nio
1979 1105 2080 1145 suo
2113 1091 2447 1154 tribuerent;
2463 1089 2798 1160 collegerunt
2816 1104 2882 1144 ex
2913 1089 3147 1162 Origene
3189 1095 3420 1163 plurima

1846 1181 2226 1236 observatione
2272 1180 2452 1250 digna,
2496 1194 2616 1249 qua:
2660 1180 2713 1234 in
2761 1195 2923 1234 unum
2965 1197 3160 1252 corpus
3205 1185 3417 1241 redacta

1848 1271 2198 1327 Philocaliam
2226 1271 2651 1342 appellaverunt.
2699 1271 2854 1326 Hunc
2885 1273 3078 1328 librum
3102 1275 3243 1330 dono
3273 1277 3420 1332 misit

1847 1360 2140 1430 Gregorius
2157 1360 2441 1416 Theodoro
2477 1361 2783 1431 Thyanensi
2804 1361 2902 1434 (g),
2924 1372 2982 1418 ut
3007 1379 3141 1435 opus
3162 1365 3263 1420 sibi
3295 1381 3416 1422 cum

1847 1465 2039 1511 sancto
2065 1455 2264 1510 Basilio
2300 1471 2606 1511 commune.

1919 1545 2010 1603 ιν.
2041 1547 2227 1602 Basilii
2252 1547 2468 1602 labores
2497 1550 2815 1605 monasterii
2861 1549 3061 1606 ﬁnibus
3091 1566 3196 1607 non
3237 1551 3416 1607 conti-

1849 1641 2140 1696 nebantur.
2167 1639 2301 1692 Nam
2333 1654 2462 1695 cum.
2493 1643 2754 1709 ejusmodi
2799 1643 3103 1698 institutum
3141 1643 3418 1713 amplexus

1849 1737 2015 1794 esset,
2057 1729 2110 1782 in
2159 1745 2268 1798 quo
2308 1738 2362 1783 et
2395 1732 2642 1786 meditari
2692 1742 2894 1801 posset,
2945 1743 3004 1788 ut
3055 1735 3416 1799 anachoreta,

240 1819 318 1874 Ill.
356 1819 454 1876 Ubi
480 1823 719 1890 primum
762 1833 1012 1876 secessus
1045 1820 1268 1876 delicias
1294 1822 1599 1893 degustavit
1627 1824 1732 1878 Ba-
1764 1838 1810 1899 Β
1838 1826 1893 1871 el
1927 1818 2210 1886 prodesse.
2268 1828 2324 1872 ut
2355 1817 2411 1873 bi
2447 1835 2582 1888 quos
2617 1822 2852 1876 diximus
2887 1821 3159 1890 migades;
3195 1839 3298 1877 non
3330 1839 3418 1879 se-

175 1913 345 1976 silius,
391 1911 716 1984 Gregorium
753 1911 880 1968 ‘loci
938 1915 1302 1984 descriptione
1376 1926 1602 1972 conatus
1655 1927 1738 1974 est

176 2002 396 2058 allicere.
434 2003 740 2073 Respondit
793 2004 1089 2075 Gregorius
1115 2021 1176 2062 se
1202 2006 1303 2062 loci
1348 2006 1522 2062 forma
1549 2018 1602 2064 et
1627 2010 1736 2064 situ

175 2111 346 2166 parum
377 2099 608 2161 moveri,
644 2099 748 2153 nisi
779 2100 941 2153 etiam
959 2099 1026 2154 de
1051 2099 1263 2156 vivendi
1301 2102 1510 2158 ratione
1530 2103 1735 2172 aliquid

173 2184 378 2240 ediscat.
414 2184 715 2256 Utramque
761 2188 1046 2258 epistolam
1094 2190 1395 2246 amisimus.
1435 2193 1540 2246 Sed
1571 2193 1734 2250 aliam

174 2274 432 2342 habemus,
473 2292 637 2346 quam
686 2277 918 2333 Basilius
970 2278 1048 2348 (b)
1079 2281 1266 2333 statim
1323 2289 1446 2350 post
1483 2291 1734 2352 acceptas

172 2364 397 2435 Gregorii
425 2367 640 2423 litteras
665 2370 902 2437 scripsit,
932 2378 990 2424 ut
1023 2371 1071 2423 ei
1099 2371 1466 2437 satisfaceret,
1490 2387 1554 2427 ac
1574 2388 1730 2427 suam

171 2457 366 2511 vivendi
399 2459 666 2512 rationem
707 2469 1031 2528 exponeret.
1070 2459 1305 2516 Diurnas
1333 2475 1396 2516 ac
1439 2472 1732 2516 nocturnas

173 2558 364 2612 preces,
403 2546 692 2603 lectionem
726 2547 1158 2617 Scripturarum,
1189 2550 1431 2606 laborem
1475 2567 1729 2607 manuum

174 2635 427 2695 describit.
444 2639 554 2693 Sed
582 2639 714 2694 nihil
741 2641 792 2694 in
829 2640 929 2696 hac
961 2641 1187 2710 epistola
1217 2644 1508 2709 reperitur,
1541 2659 1604 2698 ex
1623 2659 1730 2714 quo

172 2741 280 2781 eum
314 2731 707 2785 emnobitarum
753 2747 904 2787 more
949 2734 1149 2788 vixisse
1185 2733 1469 2801 conjicias.
1533 2734 1730 2790 Preces

173 2827 285 2872 ante
325 2831 377 2874 et
419 2833 544 2890 post
572 2823 756 2877 cibum
809 2825 1098 2893 praecipit:
1133 2833 1186 2878 at
1219 2825 1355 2880 nihil
1398 2840 1622 2894 prorsus
1662 2826 1730 2881 de

175 2909 383 2966 lectione
413 2914 559 2967 inter
586 2913 859 2968 edendum
893 2917 1220 2972 adhibenda.
1247 2918 1337 2972 Ait
1363 2927 1569 2973 tantum
1610 2919 1728 2972 ani-

173 3019 300 3056 mam
343 3019 407 3058 ne
457 3013 592 3060 tunc
626 3006 844 3074 quidem
897 3022 925 3061 a
973 3008 1065 3062 Dei
1121 3010 1447 3076 cogitatione
1495 3012 1726 3067 otiosam

171 3109 276 3154 esse
303 3098 514 3162 debere,
554 3099 652 3154 sed
701 3114 770 3153 ex
815 3100 926 3170 ipsa
961 3100 1342 3156 alimentorum
1383 3112 1439 3157 et
1480 3105 1726 3173 corporis

1840 1910 1961 1979 gnis
1992 1908 2095 1962 fuit
2151 1909 2204 1964 in
2231 1912 2612 1978 promovendis
2640 1912 2895 1968 Ecclesia:
2934 1915 3277 1970 utilitatibus.
3309 1915 3418 1970 Ba~

1837 2001 1986 2054 silius
2025 1999 2186 2054 Ponti
2223 2000 2393 2067 urbes,
2451 2002 2624 2072 inquit
2667 2002 2894 2058 Ruﬁnus
2929 2003 3028 2075 (It),
3075 2015 3121 2059 et
3154 2022 3281 2060 rura
3315 2009 3419 2060 cir-

1836 2091 2090 2153 cumiens,
2123 2092 2327 2145 desides
2359 2094 2526 2162 gentis
2561 2093 2707 2147 illius
2733 2096 2936 2148 animos
2959 2105 3006 2149 et
3031 2113 3214 2163 parum
3241 2098 3303 2150 de
3329 2113 3418 2165 spe

1836 2183 2020 2250 futura
2046 2183 2301 2236 sollicitos
2323 2185 2596 2238 stimulare
2625 2185 2789 2240 verbis
2814 2195 2863 2240 et
2889 2187 3261 2256 pra'dicatione
3293 2205 3419 2242 suc-

1836 2272 2075 2337 cendere,
2131 2272 2429 2342 callumque
2458 2274 2522 2326 ab
2567 2273 2646 2327 his
2698 2274 2866 2344 longa:
2896 2275 3219 2345 negligentia:
3265 2277 3416 2346 ἀωρίι

1834 2361 2045 2416 abolere
2074 2379 2092 2416 :
2117 2365 2442 2433 subegilque,
2469 2365 2692 2434 abjectis
2717 2366 2952 2420 inanium
2983 2383 3154 2420 rerum
3176 2379 3221 2420 et
3255 2373 3417 2422 sarcu-

1834 2452 2028 2504 larium
2082 2454 2245 2517 curis,
2308 2454 2497 2508 suimet
2555 2455 2798 2514 notitiam
2849 2457 3094 2525 recipere,
3144 2457 3200 2509 in
3254 2473 3416 2510 unum

1833 2544 1992 2606 coire,
2036 2545 2356 2597 monasteria
2395 2555 2718 2610 construere,
2755 2545 2995 2614 psalmis,
3026 2558 3072 2601 et
3100 2547 3338 2618 _Itymnis,
3364 2557 3415 2601 et

1831 2637 2159 2690 orationibus
2201 2637 2386 2690 docuit
2426 2654 2630 2702 uacare,
2671 2654 2959 2706 pauperum
2995 2656 3176 2693 curam
3213 2655 3409 2709 gereres

1829 2727 2002 2796 eisque
2038 2726 2344 2780 habitacula
2374 2728 2612 2790 honesta,
2639 2738 2685 2780 et
2705 2744 2822 2796 qua:
2851 2729 2920 2782 ad
2951 2730 3141 2783 victum
3178 2746 3416 2784 necessa-

1830 2816 1911 2867 ria
1934 2825 2076 2878 sunt,
2095 2815 2341 2884 prcebere,
2368 2816 2593 2884 virgines
2624 2817 2914 2880 instituere,
2933 2818 3175 2884 pudicam
3197 2831 3416 2872 cnstant-

1827 2923 1926 2979 que
1977 2909 2137 2961 vitam
2183 2907 2422 2961 omnibus
2470 2923 2608 2975 pene,
2650 2908 3046 2962 desiderabilem
3087 2909 3278 2978 facere.
3317 2909 3407 2964 Ita

1829 3001 1966 3054 brevi
1989 3007 2288 3070 permutata
2316 3008 2390 3053 est
2414 3000 2572 3053 totius
2605 2999 2884 3068 provinciae
2909 3000 3090 3067 facies,
3127 3011 3181 3054 ut
3212 3003 3265 3055 in
3298 3003 3414 3055 ari-

1827 3091 1894 3146 do
1921 3102 1970 3146 et
1994 3091 2254 3163 squalenti
2281 3107 2463 3159 campo
2481 3092 2742 3145 videretur
2763 3107 2904 3160 seges
2932 3093 3177 3160 fecunda,
3202 3110 3263 3146 ac
3287 3093 3411 3147 lwta

171 3200 226 3239 ea
247 3189 595 3258 suscipientis
633 3201 832 3246 natura
871 3194 1153 3247 materiam
1194 3193 1288 3248 Dei
1319 3193 1570 3250 laudandi
1605 3211 1728 3252 esse

1839 3185 1987 3238 vinea
2010 3183 2324 3238 surrexisse.
2354 3183 2608 3237 Temtatur
2643 3183 2808 3236 etiam
2839 3183 3170 3238 Sozomenus
3197 3185 3258 3256 (i)
3302 3185 3409 3239 Ba.

169 3277 468 3336 ducendam.
511 3281 681 3338 Forte
720 3299 850 3354 ergo
885 3299 1006 3339 cum
1041 3301 1148 3340 uno
1177 3295 1270 3340 aut
1311 3287 1485 3342 altero
1516 3303 1582 3342 ex
1621 3290 1727 3342 Eu-

170 3366 336 3422 statbii
388 3370 674 3442 discipulis
711 3374 962 3445 degebat,
996 3385 1055 3430 ut
1086 3376 1176 3430 alii
1215 3377 1407 3433 harum
1448 3380 1726 3450 regionum

169 3469 368 3515 ascette.

231 3547 326 3604 Sed
353 3552 462 3608 cito
490 3553 563 3606 ad
592 3570 714 3608 eum
749 3555 901 3612 multi
931 3556 1335 3625 conﬂuxerunt,
1371 3576 1536 3632 seque
1568 3561 1645 3616 illi
1672 3563 1725 3618 in

170 3639 482 3709 disciplinam
523 3644 885 3700 tradiderunt.
925 3647 1202 3717 Ejusmodi
1240 3651 1383 3704 enim
1441 3653 1729 3723 discipulos

171 3727 381 3782 habebat
402 3745 549 3787 anno
581 3732 686 3787 560
715 3751 744 3786 a
773 3734 970 3803 quibus
994 3749 1060 3788 ne
1090 3737 1157 3789 ad
1189 3735 1574 3791 brevissimum
1599 3739 1723 3808 qui-

169 3821 273 3873 dem
302 3829 509 3891 tempus
539 3824 665 3879 sine
703 3839 897 3895 magna
933 3825 1149 3881 illorum
1181 3828 1424 3884 molestia
1449 3827 1728 3886 discedere

168 3920 376 3978 poterat,
413 3923 471 3968 ut
521 3915 880 3985 perspicimus
925 3931 991 3970 ex
1038 3919 1262 3987 epistola
1308 3919 1363 3975 8.
1409 3917 1527 3974 Jam
1585 3920 1728 3976 illius

171 4007 536 4060 monasterium
601 4008 715 4062 suis
771 4011 1013 4066 numeris
1062 4010 1370 4066 absolutum
1419 4020 1558 4078 erat,
1602 4027 1724 4067 cum

171 4091 443 4165 Gregorius
472 4099 543 4154 ad
573 4114 694 4154 eum
723 4115 784 4154 se
809 4101 1060 4164 contulit,
1086 4103 1229 4171 quod
1257 4103 1473 4172 quidem
1511 4104 1726 4159 videtur

170 4185 340 4244 fecisse
363 4207 504 4245 anno
537 4191 645 4246 358
679 4202 774 4248 aut
817 4193 940 4248 559.
991 4193 1125 4248 Nam
1172 4196 1313 4249 inter
1346 4211 1407 4250 ea
1432 4212 1551 4266 qute
1589 4211 1648 4251 se
1672 4197 1723 4250 in

167 4278 258 4332 hoc
281 4285 612 4340 monasterio
640 4285 840 4356 vidisse
867 4290 1210 4354 meminerat,
1243 4288 1427 4343 laudat
1456 4289 1724 4359 imprimis

166 4368 409 4438 fratrum.
455 4392 597 4446 quos
658 4377 886 4432 Basilius
934 4380 999 4433 ad
1051 4381 1309 4448 pietatem
1375 4381 1710 4448 instituebat,

165 4465 393 4521 eximiam
431 4471 803 4525 concordiam.
837 4470 1077 4526 Meminit
1110 4472 1436 4540 psalmorum
1463 4483 1518 4528 et
1567 4475 1722 4544 hym-

1835 3277 2016 3331 silium
2050 3275 2207 3331 Ponti
2248 3277 2412 3332 urbes
2461 3277 2912 3339 circumeuntem,
2945 3276 3110 3330 multa
3148 3277 3253 3332 illic
3283 3279 3410 3332 tedi-
3498 3277 3508 3286 ’

1837 3367 2032 3424 ﬁeasse
2063 3369 2418 3431 monasteria;
2452 3377 2506 3422 et
2525 3368 2733 3438 populis
2754 3368 3160 3438 praedicantem,
3181 3378 3237 3424 ut
3257 3384 3408 3424 eam-

1833 3457 1956 3512 dem
1997 3472 2118 3513 cum
2155 3459 2269 3526 ipso
2304 3459 2608 3514 doctrinam
2652 3459 2773 3513 ﬁdei
2801 3470 3156 3528 sequerentur
3185 3475 3409 3528 persua-

1833 3547 1989 3603 sisse.
2045 3548 2168 3603 llaec
2204 3548 2515 3604 conﬁrmari
2563 3557 2788 3618 possunt
2826 3552 3105 3620 utriusque
3161 3550 3407 3622 Gregorii

1835 3639 2164 3694 testimonio.
2200 3639 2455 3694 Testatur
2486 3638 2760 3710 Nyssenus
2800 3641 2871 3710 (j)
2914 3643 3258 3696 solitudinem
3308 3643 3409 3698 sub

1834 3730 2035 3786 Basilio
2071 3731 2137 3787 ad
2187 3731 2542 3789 imitationem
2567 3731 2792 3790 Joannis
2833 3733 3087 3805 Baptista:
3118 3735 3170 3791 in
3218 3735 3405 3792 urbem

1834 3842 2152 3881 conversam
2209 3842 2329 3882 esse
2363 3829 2435 3882 ob
2483 3827 2886 3883 multitudinem
2946 3843 3132 3884 eorum
3189 3832 3279 3900 qui
3338 3833 3406 3886 ad

1832 3917 2086 3972 Basilium
2120 3919 2483 3994 conﬂuebant.
2540 3919 2832 3989 Gregorius
2878 3919 3251 3977 Nazianzenus
3291 3922 3404 3990 jam

1834 4011 2000 4066 nmlta
2041 4010 2192 4065 illum
2220 4011 2284 4065 ad
2312 4011 2602 4065 utilitatem
2630 4010 2884 4066 Ecclesia:
2914 4027 3143 4067 navasse
3167 4013 3298 4066 dicit
3329 4013 3404 4085 (p.

1831 4103 1979 4173 555),
2018 4118 2141 4157 cum
2171 4103 2238 4156 ad
2272 4103 2572 4172 presbyteri
2609 4102 2832 4172 gradum
2862 4113 3082 4157 evectus
3115 4111 3219 4157 est.
3247 4103 3292 4156 11
3305 4120 3402 4156 unc

1832 4197 2111 4264 multiplex
2167 4195 2265 4250 Dei
2305 4196 2616 4266 benignitas,
2658 4196 2854 4263 inquit,
2883 4213 3002 4248 cum
3039 4195 3215 4250 multis
3249 4207 3402 4250 antea

1833 4290 1984 4340 rebus
2033 4289 2194 4357 gestis
2232 4287 2437 4341 clarum
2485 4288 2759 4357 effecisset,
2807 4287 2897 4341 διὰ
2937 4286 3146 4341 πολλῶν
3191 4286 3298 4339 τῶν
3345 4288 3403 4340 ὲν

1834 4381 1983 4452 μέςῳ
2031 4380 2365 4451 γνωρίσασα,
2402 4383 2454 4434 in
2475 4397 2681 4434 sacrum
2726 4380 3138 4450 presbyterorum
3170 4379 3402 4432 ordinent

1831 4472 2068 4526 ascribit.

163 4569 336 4610 norum
369 4572 433 4613 ex
467 4559 873 4628 quibusmiram
915 4565 1235 4617 suavitatem
1272 4575 1587 4633 perceperat
1625 4567 1714 4636 (ε).
1758 4545 1802 4601 υ
1904 4565 1968 4624 γ.
2001 4565 2145 4620 Inter
2183 4565 2464 4633 epistolas,
2494 4579 2628 4634 quas
2663 4563 2893 4619 Basilius
2937 4563 3154 4633 scripsit
3188 4563 3240 4618 in
3271 4562 3403 4618 solr-

161 4642 263 4699 Ναί)
287 4649 400 4702 sine
417 4650 607 4720 lepore
623 4652 870 4706 meminit
890 4653 942 4706 in
969 4654 1074 4708 alia
1092 4655 1320 4724 epistola
1358 4656 1435 4726 (ά)
1452 4659 1719 4725 {pauperis

164 4734 290 4801 vita,
333 4754 492 4807 quam
528 4739 605 4794 ibi
641 4742 984 4807 traduxerat,
1019 4759 1139 4798 cum
1189 4745 1344 4814 panis
1392 4747 1525 4799 adeo
1551 4745 1718 4798 durus

162 4841 500 4896 apponeretur
558 4843 616 4887 ut
661 4834 854 4890 dentes
904 4835 1208 4906 frangeret;
1269 4853 1334 4891 ac
1374 4847 1518 4891 tanta
1575 4847 1719 4891 esset

162 4923 381 4978 Omnium
413 4939 600 4980 rerum
632 4926 837 4996 inopia,
872 4936 932 4983 ut
967 4929 1070 4984 nisi
1101 4940 1273 4984 mater
1300 4929 1484 4985 Basilii
1517 4944 1716 4999 oppor-

164 5020 272 5066 tune
292 5017 669 5082 succurrisset,
692 5016 833 5072 fame
859 5020 1196 5074 moriendum
1225 5020 1432 5074 luisset.
1471 5020 1717 5075 Commeo

163 5113 322 5158 morat
345 5109 507 5161 etiam
544 5108 785 5164 laborem
817 5125 1098 5174 manuum,
1131 5109 1320 5180 Augiae
1343 5110 1527 5163 ﬁmum
1560 5124 1589 5163 e
1617 5109 1714 5162 dn-

163 5209 238 5249 mo
273 5211 610 5268 exportatum
657 5211 716 5256 ut
756 5203 896 5257 horti
951 5202 1162 5257 steriles
1221 5201 1596 5272 implerentur,
1651 5215 1714 5256 ac

163 5281 372 5344 immane
413 5292 714 5360 plaustrum
747 5309 844 5349 sua
868 5303 923 5349 et
949 5292 1132 5352 Basilii
1173 5294 1386 5351 cervice
1431 5293 1712 5351 manibus.-

220 5405 286 5454 (πὶ
309 5404 396 5467 Ep.
423 5408 515 5460 '23.

235 5469 287 5542 ᾧ)
320 5474 409 5542 Ep.
448 5478 505 5530 9..

242 5556 285 5616 ε)
318 5545 444 5616 Ral.
472 5563 555 5616 ep.
583 5548 632 5605 9.

242 5614 291 5670 dt
326 5614 414 5679 Ep.
440 5618 493 5668 8.

222 5681 284 5748 (ι)
321 5683 410 5748 Ep.
441 5689 492 5741 9.

225 5750 293 5820 tl)
325 5752 452 5811 Ibid.

1827 4658 2031 4726 tudine,
2081 4657 2409 4712 numeranda
2443 4656 2707 4726 imprimis
2743 4654 2816 4726 (Ιί)
2845 4655 3067 4724 epistola
3099 4655 3166 4709 ad
3209 4654 3402 4709 Caudi.

1824 4749 2066 4803 dianum.
2102 4747 2362 4804 Rusticus
2392 4749 2609 4818 quidam
2662 4764 2726 4802 ex
2777 4749 2864 4815 iis,
2913 4748 3003 4816 qui
3040 4763 3161 4802 cum
3201 4745 3400 4800 Basilio

1822 4841 2056 4902 Annesis
2081 4841 2451 4907 morabantur,
2484 4849 2695 4894 mortuo
2728 4838 2913 4898 Basilii
2949 4837 3168 4902 l'amulo,
3209 4853 3313 4891 non
3339 4852 3397 4891 se

1828 4931 2024 5000 negotii
2049 4931 2340 5000 quidquam
2382 4944 2502 4984 cum
2538 4931 2639 4984 hoc
2693 4927 2892 4983 famulo
2947 4927 3202 4982 imbuisse
3239 4926 3394 4988 dixit,

1827 5037 1930 5077 non
1961 5021 2026 5076 ad
2057 5021 2314 5077 Basiliam
2348 5020 2605 5085 accessit,
2641 5035 2748 5074 non
2789 5027 3114 5087 conquestus
3154 5024 3258 5081 est,
3290 5031 3393 5069 non

1824 5113 2054 5182 rogavit,
2092 5122 2150 5166 ut
2180 5127 2207 5166 a
2255 5112 2466 5167 volente
2501 5112 2793 5180 acciperet,
2825 5124 2930 5164 non
2963 5109 3198 5163 minatus
3227 5116 3310 5162 est
3337 5121 3395 5160 se

1821 5206 1930 5260 vim
1984 5205 2252 5260 facturum
2300 5205 2402 5258 nisi
2438 5205 2728 5274 acciperet,
2779 5203 2871 5258 sed
2903 5202 3080 5256 subito
3109 5214 3232 5254 cum
3258 5212 3393 5252 non-

1826 5297 1988 5350 nullis
2040 5297 2122 5351 sui
2179 5296 2450 5352 similibus
2507 5297 2724 5352 domum
2772 5295 2988 5361 invasit,
3037 5291 3396 5360 mulieresque

1891 5410 1967 5478 (ge)
2000 5408 2128 5478 Naz.
2161 5423 2246 5476 ep.
2279 5409 2367 5462 87.

1891 5411 1949 5478 (ge
2000 5411 2128 5462 Naz.
2161 5423 2246 5476 ep.
2279 5411 2361 5462 87.

1890 5411 1967 5556 (It;
2134 5493 2208 5539 XI,
2242 5493 2288 5532 c.

2001 5548 2117 5599 Lib.
2153 5564 2226 5610 vt,
2252 5565 2300 5602 c.
2330 5547 2408 5600 Π.

1889 5619 1963 5686 (ί)
1998 5616 2053 5669 ln
2087 5617 2248 5669 Basil.

1889 5689 1960 5761 (lt)
1993 5687 2157 5759 Epist.
2189 5687 2240 5740 5.
