3820 6210
436 361 565 403 XXVI

1776 349 2308 402 PIlOLEGOMENA.

434 473 556 527 qua:
592 469 712 511 eam
744 436 1145 519 custodiebant,
1191 455 1506 511 verberibus
1542 459 1803 521 contudit,
1829 476 1892 515 ac
1927 461 2009 515 ef-
2037 470 2086 525 Α
2115 463 2179 513 ad
2240 462 2380 514 hanc
2437 457 2752 530 dignitatem
2813 454 3079 525 pervenit.
3144 449 3264 506 Non
3321 446 3680 517 improbabilis

434 550 627 604 fractis
675 549 884 604 foribus
922 549 1226 618 exportavit
1275 551 1476 612 omnia,
1521 553 1717 618 partim
1753 554 1852 606 sibi
1896 555 2006 623 ipse

434 642 678 710 rapiens.
712 642 905 709 partim
950 641 1014 692 ad
1045 640 1404 710 diripiendum
1433 643 1649 696 cuilibet
1681 659 2004 712 proponens.

433 733 656 787 Veritus
686 734 863 801 itaque
895 733 1142 799 Basilius,
1189 749 1254 787 ne
1286 735 1476 790 domus
1520 753 1612 788 sua
1642 739 1889 790 omnibus
1921 739 2005 791 in-

429 824 591 892 juriis
614 833 842 894 pateret,
880 825 924 879 si
975 825 1297 892 impunitum
1356 825 1564 880 facinus
1593 826 2004 895 relinqueretur,

436 931 594 985 opem
628 915 879 982 implorat
917 915 1258 978 Candidiani,
1294 917 1374 971 cui
1430 931 1516 972 res
1549 933 1672 973 suas
1709 921 1856 974 cordi
1889 934 2008 975 esse

431 1005 542 1070 jam
575 1021 716 1073 saepe
743 1017 1112 1076 perspexerat.
1141 1007 1249 1060 llac
1273 1017 1447 1063 autem
1475 1011 1671 1063 mulcta
1694 1021 2005 1065 contentum

437 1113 496 1151 se
529 1096 646 1151 fore
670 1098 924 1165 declarat,
961 1099 1002 1152 si
1045 1100 1275 1167 agrestis
1322 1115 1350 1152 a
1385 1102 1505 1168 pagi
1541 1101 1828 1170 praaposito
1854 1117 2006 1157 com-

434 1187 754 1254 prehensus,
811 1189 961 1243 brevi
1021 1197 1258 1258 tempore
1313 1189 1365 1242 in
1410 1204 1629 1244 carcere
1684 1192 2004 1246 includatur.

435 1277 562 1332 Ilaec
595 1279 824 1343 domus,
861 1289 922 1333 ut
973 1295 1133 1348 supra
1191 1281 1444 1346 diximus,
1487 1297 1590 1336 non
1639 1293 1756 1338 erat
1791 1289 2006 1354 propria

438 1367 623 1423 Basilii
659 1371 952 1440 possessio,
995 1371 1086 1439 qui
1120 1386 1239 1425 sese
1277 1371 1527 1424 omnibus
1569 1372 1729 1425 rebus
1771 1375 2007 1426 nudave-

440 1473 528 1516 rat
554 1463 650 1534 (a),
685 1463 777 1517 sed
807 1479 872 1516 ex
910 1478 995 1529 ea,
1022 1465 1211 1518 matris
1242 1479 1353 1518 suae
1383 1463 1607 1532 provido
1635 1464 1882 1530 consilio,
1906 1465 2009 1519 ali-

441 1561 626 1606 menta
655 1553 1004 1622 percipiebat.

517 1642 689 1712 Ilujus
732 1653 910 1697 autem
958 1643 1277 1699 Candidiani
1331 1645 1567 1700 amicitia
1617 1661 1739 1700 cum
1789 1645 2006 1711 Basilio,

441 1736 608 1789 animi
649 1735 948 1789 moderatio
979 1735 1032 1788 in
1065 1738 1276 1805 magnis
1310 1738 1623 1799 honoribus.
1675 1753 1827 1793 amor
1865 1739 2008 1792 litte-

2115 551 2424 620 conjcctnra
2458 559 2540 603 est
2583 549 2727 602 hunc
2762 547 3070 601 Nectarium
3121 543 3370 598 eumdem
3404 554 3529 594 esse
3559 539 3684 591 Con-

2114 639 2612 709 stantinopolitano.
2638 638 2728 691 Ille
2753 639 2896 692 enim
2921 652 2984 692 ex
3016 635 3197 703 ampla
3226 642 3278 685 et
3303 631 3471 686 nobili
3489 629 3682 683 Ciliciae

2115 736 2273 788 domo
2301 742 2456 788 ortus
2484 741 2622 786 erat.
2663 731 2806 784 Idem
2844 730 2970 783 huic
3009 736 3196 782 nostro
3225 723 3503 794 congruit,
3530 723 3685 787 siqui-

2114 828 2235 880 dem
2267 825 2410 879 illius
2439 824 2532 877 filii
2559 831 2797 887 mors,ut
2823 822 2899 874 ait
2921 819 3154 874 Basilius
3173 818 3278 886 (ά),
3301 816 3458 884 plaga
3487 812 3683 866 exstitit

2114 921 2339 972 duarum
2392 917 2810 987 provinciarum,
2861 914 3063 968 Cilicia:
3101 920 3155 964 et
3183 903 3682 977 Cappadocimﬁec

2115 1007 2284 1061 refert
2333 1007 2473 1076 quod
2505 1002 3137 1071 Constantinopolitanus
3183 1013 3356 1067 usque
3380 997 3450 1049 ad
3484 995 3683 1063 cpisco-

2114 1112 2296 1169 patum
2338 1099 2759 1153 calechumenus
2789 1095 2966 1157 fuerit,
2999 1094 3044 1146 is
3076 1101 3277 1152 autem,
3311 1090 3378 1142 ad
3403 1102 3565 1156 quem
3591 1085 3684 1139 Ba-

2115 1189 2266 1243 silius
2286 1188 2480 1242 scribit
2519 1186 2613 1255 (εξ,
2652 1186 2704 1239 in
2740 1185 3012 1238 Christum
3043 1181 3267 1235 credere
3293 1180 3531 1233 dicatur.
3560 1175 3683 1228 Nam

2116 1278 2268 1330 multi
2292 1277 2376 1332 his
2409 1277 2766 1345 temporibus,
2794 1283 2854 1328 ut
2880 1275 3136 1327 observat
3159 1269 3563 1332 Tillemontius,
3593 1267 3685 1322 etsi

2115 1370 2374 1438 baptizati
2405 1383 2510 1423 non
2545 1376 2720 1429 erant,
2769 1367 2820 1420 in
2849 1365 3124 1419 Christum
3157 1373 3341 1416 tamen
3373 1359 3680 1419 credebant,

2115 1470 2172 1515 et
2208 1461 2567 1515 Christianam
2605 1460 2914 1528 religionem
2953 1455 3371 1524 profitebantur.
3398 1451 3683 1518 Gregorius

2117 1560 2172 1604 et
2203 1550 2436 1605 Basilius
2473 1564 2594 1604 cum
2625 1557 2806 1604 essent
2851 1546 3099 1608 Athenis,
3139 1544 3276 1598 nihil
3310 1542 3509 1612 majori
3553 1540 3684 1593 laudi

2117 1640 2408 1705 ducebant,
2447 1655 2607 1709 quam
2664 1647 2725 1692 ut
2767 1637 3062 1692 Christiani
3111 1643 3293 1689 essent
3339 1642 3396 1688 et
3448 1632 3684 1685 diceren-

2116 1740 2204 1786 tur
2243 1731 2335 1802 (f),
2377 1731 2625 1800 quamvis
2678 1728 2913 1782 nondum
2971 1735 3156 1782 essent
3205 1725 3382 1780 sacris
3422 1722 3684 1794 mysteriis

441 1842 625 1880 rarum
677 1841 740 1880 ac
772 1827 966 1881 mentis
1009 1828 1372 1896 tranquillitas
1405 1829 1458 1882 in
1503 1830 1620 1898 ipso
1670 1831 2008 1901 negotiorum
2044 1823 2087 1877 Β
2115 1821 2336 1875 initiali-

442 1928 578 1970 aestu
625 1934 687 1972 ac
717 1933 928 1972 summa
972 1920 1200 1989 publicae
1236 1921 1643 1990 tranquillitatis
1693 1938 1823 1977 cura
1857 1924 2010 1978 miri-

441 2008 543 2063 ﬁce
582 2011 809 2078 probant
838 2012 1086 2064 eumdem
1115 2026 1336 2079 prorsus
1375 2027 1493 2068 esse
1521 2013 1909 2069 Candidianum
1945 2017 2010 2070 ad

441 2116 601 2168 quem
638 2110 821 2155 exstat
866 2100 1114 2169 Gregorii
1149 2103 1476 2157 Nazianzeni
1521 2106 1749 2172 epistola
1790 2107 1911 2162 I94.
1952 2108 2008 2162 In

444 2207 510 2246 eo
535 2193 677 2245 enim
715 2192 1007 2262 Gregorius
1041 2193 1230 2248 eadem
1271 2196 1527 2262 praedicat
1555 2208 1871 2252 ornamenta
1900 2199 2012 2252 vir-

441 2294 641 2348 tutum,
690 2299 753 2338 ac
783 2284 977 2338 similia
1031 2286 1250 2339 adhibet
1286 2301 1351 2340 ex
1405 2287 1645 2356 profanis
1696 2288 1893 2343 litteris
1932 2291 2013 2358 pi-

442 2383 680 2443 gmenta,
707 2383 768 2427 ut
794 2375 846 2428 in
875 2375 1092 2430 ethnico
1127 2375 1394 2432 laudando
1421 2394 1519 2446 par
1547 2388 1682 2433 erat.
1711 2379 1762 2435 Is
1795 2381 1846 2434 in
1870 2381 2010 2451 Cap-

439 2465 666 2532 padocia
696 2475 852 2520 natus
893 2475 1031 2530 erat,
1073 2482 1302 2538 eamque
1337 2470 1436 2524 sub
1465 2470 1674 2527 Juliano
1721 2474 1883 2539 rexit,
1916 2475 2009 2528 sed

440 2567 589 2610 tanta
623 2557 786 2610 animi
827 2557 1152 2627 integritate,
1202 2569 1262 2613 ut
1290 2575 1348 2615 se
1390 2561 1599 2616 fidelem
1643 2563 1857 2632 quidem
1909 2565 2012 2618 im-

440 2650 678 2718 peratori
715 2649 1018 2704 ministrum
1065 2651 1117 2704 in
1164 2653 1230 2706 iis
1282 2667 1401 2721 qua:
1446 2655 1512 2707 ad
1562 2653 1844 2720 imperium
1886 2671 2012 2723 spe-

441 2741 696 2806 ctabant,
761 2741 984 2795 minime
1043 2757 1172 2798 vero
1239 2752 1449 2814 turpem
1515 2754 1903 2800 assentatorem
1956 2747 2008 2799 in

438 2831 700 2885 vexandis
729 2829 1056 2886 Christianis
1081 2833 1364 2900 przeberet.
1712 2877 1717 2881 λ

513 2921 771 2990 Sequitur
827 2921 934 2975 a-lia
981 2921 1048 2974 ad
1102 2920 1404 2993 Olympium
1461 2924 1682 2993 epistola
1711 2925 1806 2998 (b),
1837 2926 2008 2982 civem

441 3012 953 3079 Neoczesariensem,
980 3013 1247 3083 imprimis
1276 3016 1517 3080 divitem,
1542 3019 1632 3086 qui
1664 3018 1863 3072 Basilio
1905 3019 2014 3073 Eu-

440 3104 625 3157 stathii
654 3114 708 3158 et
731 3104 1248 3160 Neocarsarieusium
1277 3107 1561 3161 calumniis
1599 3111 1870 3178 exagitato
1904 3127 2008 3165 non

445 3186 634 3242 defuit.
660 3187 711 3242 Is
738 3204 862 3244 cum
903 3189 1100 3244 Basilio
1128 3190 1365 3246 misisset
1398 3207 1621 3245 munera
1641 3233 1656 3256 ,
1695 3194 1850 3262 cujus
1881 3195 2016 3249 soli-

441 3264 678 3330 tudinem
711 3277 820 3343 iam
850 3289 1008 3332 antea
1044 3279 1362 3334 visitaverat
1408 3299 1421 3346 ;
1453 3283 1743 3349 respondet
1791 3283 1838 3338 ei
1869 3283 2017 3337 Basi-

439 3366 565 3428 Iius,
603 3366 792 3422 festive
816 3370 1137 3434 incusando,
1169 3372 1312 3440 quod
1345 3374 1650 3440 pauperiem
1683 3389 1713 3428 e
1741 3384 2016 3431 monaste-

441 3461 524 3514 rio
553 3474 650 3514 suo
683 3460 882 3529 ejiciat.
911 3462 1043 3516 Cum
1071 3464 1478 3517 anteminfirma
1512 3475 1655 3519 esset
1683 3465 2010 3534 valetudine,

434 3551 657 3621 jamque
673 3554 909 3608 remedia
942 3555 1194 3610 nonnulla
1226 3570 1510 3625 aggressus
1537 3566 1712 3622 esset;
1742 3566 1888 3626 optat
1911 3558 2016 3612 Ba-

441 3641 593 3695 silius
625 3652 684 3696 ut
713 3642 950 3698 faustum
982 3645 1184 3698 exitum
1235 3645 1492 3712 habeant,
1514 3645 1672 3714 eique
1710 3660 1897 3702 auctor
1929 3657 2015 3703 est

439 3743 501 3786 ut
525 3732 945 3789 sollicitudinum
971 3744 1026 3790 et
1053 3735 1424 3790 molestiarum
1455 3747 1728 3807 expertem
1773 3739 2012 3808 corporis

439 3825 779 3880 curationem
818 3827 1094 3882 adhibeat.

514 3923 647 3976 Cum
679 3920 985 3984 Nectarius,
1017 3919 1103 3972 vir
1145 3919 1283 3973 inter
1312 3919 1510 3975 Cilices
1542 3922 1734 3989 opibus
1758 3929 1812 3975 et
1836 3921 2011 3988 digni-

440 4021 552 4067 tate
592 4011 931 4079 conspicuus,
968 4011 1188 4064 unicum
1241 4010 1432 4074 filium,
1470 4013 1563 4079 qui
1601 4028 1722 4080 spes
1754 4019 1870 4066 erat
1895 4028 2010 4065 am-

436 4101 694 4170 plissimae
733 4101 959 4164 domus,
1007 4100 1311 4163 amisisset,
1359 4100 1587 4157 Basilius
1633 4104 1833 4156 rumori
1876 4102 2013 4157 hanc

439 4193 743 4247 molestiam
786 4192 1054 4245 nuntianti
1101 4205 1196 4259 per
1231 4201 1338 4245 tres
1373 4202 1716 4262 autquatuor
1747 4195 1860 4247 dies
1890 4208 2010 4247 cre-

439 4285 568 4337 dere
601 4282 842 4336 nolebat.
859 4280 964 4334 Sed
994 4280 1230 4347 acceptis
1256 4283 1323 4333 ab
1354 4282 1603 4350 episcopo
1631 4283 1772 4336 illius
1797 4283 1896 4335 loci
1927 4282 2011 4334 lit-

439 4375 593 4437 teris,
624 4388 744 4442 qnte
786 4374 990 4427 tristem
1023 4371 1169 4425 illum
1219 4387 1405 4426 casum
1465 4373 1881 4438 confirmabant,
1911 4373 2011 4426 Ne-

2187 1911 2425 1965 Mutuam
2478 1910 2578 1965 sibi
2630 1923 2848 1980 operam
2909 1909 2963 1962 in
3014 1906 3340 1963 meditandis
3399 1904 3687 1974 Scripturis

2117 2003 2398 2056 tradebant
2454 2000 2742 2065 Gregorius
2799 2010 2856 2054 et
2902 1999 3131 2054 Basilius
3160 2039 3176 2064 ,
3232 2013 3342 2052 non
3384 1995 3560 2053 solum
3605 2008 3688 2047 co—

2115 2111 2251 2158 ram,
2294 2094 2388 2148 sed
2415 2095 2601 2148 'etiam
2637 2097 2908 2147 absentes.
2957 2092 3124 2161 Cujus
3157 2091 3235 2145 rei
3282 2097 3685 2144 monumentum

2112 2196 2193 2240 est
2221 2184 2448 2253 epistola
2476 2185 2528 2248 7,
2563 2199 2722 2254 quam
2759 2185 2961 2238 idcirco
3000 2185 3064 2237 ad
3099 2184 3202 2237 hoc
3252 2191 3473 2250 tempus
3510 2178 3688 2234 referi-

2112 2292 2254 2331 mus.
2288 2277 2540 2330 Basilium
2595 2278 2946 2332 consuluerat
2979 2276 3278 2346 Gregorius
3325 2276 3396 2329 de
3430 2276 3592 2328 rebus
3627 2273 3686 2325 ad

2115 2368 2456 2439 theologiam.
2486 2369 2537 2422 id
2586 2378 2669 2423 est
2737 2369 2800 2422 ad
2857 2377 3104 2423 sanctam
3156 2368 3488 2422 Trinitatem
3536 2364 3688 2435 perti-

2112 2461 2386 2516 nentibus.
2423 2461 2721 2531 Respondit
2762 2461 2992 2515 Basilius
3037 2476 3135 2527 per
3183 2460 3402 2515 litteras
3441 2473 3561 2526 qua:
3591 2472 3685 2511 non

2113 2560 2348 2617 exstant,
2377 2553 2470 2608 sed
2512 2555 2692 2606 minus
2738 2553 3022 2607 satisfecit.
3056 2553 3210 2619 Quod
3246 2567 3371 2606 cum
3412 2552 3461 2606 ei
3499 2549 3689 2618 Grego-

2114 2644 2226 2697 rius
2265 2643 2433 2698 libere
2471 2643 2849 2712 signiﬁcasset,
2886 2652 2946 2696 ut
2997 2643 3136 2696 inter
3172 2644 3381 2698 amicos
3439 2643 3555 2696 fieri
3600 2655 3689 2709 par

2113 2743 2272 2800 erat,
2308 2732 2506 2786 fatetur
2535 2733 2768 2787 Basilius
2807 2748 2866 2788 se
2907 2734 3010 2787 hoc
3060 2734 3475 2788 incommodum
3527 2731 3690 2801 provi-

2113 2824 2252 2878 disse
2299 2826 2534 2894 (omnem
2578 2825 2721 2878 enim
2784 2827 2850 2879 de
2901 2826 3008 2879 Deo
3052 2840 3376 2879 sermonem
3408 2833 3465 2879 et
3498 2823 3688 2891 cogita-

2114 2914 2245 2968 tioni
2279 2915 2566 2985 loquentis,
2599 2924 2655 2970 et
2697 2915 2967 2970 desiderio
3007 2916 3397 2984 interrogantis
3439 2916 3686 2983 imparem

2113 3005 2252 3076 esse)
2275 3023 2288 3072 ;
2321 3006 2413 3060 sed
2439 3019 2618 3060 tamen
2650 3007 2810 3060 silere
2833 3021 2937 3060 non
2961 3008 3224 3074 potuisse,
3249 3022 3318 3060 ne
3345 3007 3400 3061 in
3438 3004 3686 3076 proditio-

2113 3097 2199 3151 nis
2221 3097 2424 3150 crimen
2469 3098 2784 3154 iucurreret.
2831 3097 2875 3151 si
2911 3098 3087 3153 amico
3130 3098 3441 3153 consulenti
3473 3110 3686 3165 respon-

2118 3203 2235 3244 sum
2265 3187 2578 3256 denegaret.
2619 3187 2885 3242 Cazterum
2937 3187 3261 3260 Gregorium
3311 3191 3580 3249 hortatur,
3615 3193 3683 3250 ut,

2117 3295 2174 3334 se
2205 3281 2429 3344 omisso,
2466 3289 2607 3334 totus
2635 3280 2700 3334 ad
2744 3281 2990 3335 veritatis
3031 3282 3429 3346 defensionem,
3462 3279 3683 3347 acceptis

2116 3387 2146 3425 a
2178 3372 2284 3425 Deo
2314 3371 2642 3441 adjumentis
2672 3383 2978 3439 contentus,
3008 3372 3306 3428 incumbat.
3327 3395 3335 3418 ι·

2714 3505 2940 3560 CAPUT
2979 3505 3092 3562 VII.

2115 3615 2154 3670 Ι.
2191 3619 2419 3674 Basilius
2449 3619 2953 3686 Constantinopolim
3006 3620 3141 3672 venit
3181 3636 3300 3672 cum
3337 3618 3546 3672 Basilio
3589 3617 3685 3675 An-

2186 3707 2403 3756 cyrauo,
2462 3691 2547 3742 cui
2603 3706 2812 3754 operam
2875 3701 3026 3742 navat
3091 3691 3344 3742 adversus
3400 3690 3682 3741 Ita'reticos.

2186 3760 2248 3812 Il.
2289 3759 2476 3812 Dolens
2510 3761 2646 3826 quod
2687 3759 2909 3809 Dianius
2939 3759 3355 3826 subscripsisser,
3406 3759 3539 3825 fugit
3581 3757 3688 3809 Na-

2187 3833 2448 3881 zianzum.
2499 3827 2584 3880 ΙΙΙ.
2633 3827 2825 3881 Scribit
2886 3826 3135 3879 Moralia.
3199 3828 3342 3880 Huic
3404 3830 3547 3894 aperi
3593 3842 3684 3877 non

2186 3899 2416 3951 convenit
2447 3897 2664 3960 epistola
2695 3899 2758 3950 tle
2779 3899 2903 3962 ﬁde.
2935 3894 3142 3965 Scripta
3180 3898 3415 3952 Moralia
3439 3898 3533 3948 sub
3557 3895 3684 3949 Con—

2185 3969 2401 4020 stantio.
2443 3967 2528 4021 IV.
2582 3966 2657 4018 De
2694 3968 2914 4029 epistola
2959 3967 3026 4018 ad
3071 3966 3376 4019 Maximum
3417 3969 3508 4033 qui
3558 3967 3682 4017 idem

2186 4039 2390 4090 videtur
2422 4052 2528 4088 esse
2555 4051 2616 4087 ac
2646 4039 2813 4087 sancti
2839 4034 3076 4102 Gregorii
3095 4038 3360 4100 proditor.
3386 4036 3448 4088 ν.
3486 4039 3558 4088 De
3573 4036 3684 4098 plu-

2185 4109 2325 4158 ribus
2357 4107 2586 4172 epistol£s
2610 4106 2661 4154 in
2697 4121 2893 4157 secessu
2922 4107 3150 4170 scriptis,
3187 4108 3482 4173 praesertim
3509 4107 3571 4157 de
3605 4105 3686 4155 tie--

2188 4179 2322 4229 cima
2355 4186 2562 4244 quarta,
2594 4183 2643 4224 et
2681 4175 2879 4226 decima
2912 4177 3121 4242 quinta.

2184 4289 2224 4344 l.
2252 4287 2368 4341 Jam
2404 4286 2710 4342 solitudinis
2737 4286 2942 4339 deliciis
2981 4287 3372 4353 perfruebatur
3420 4290 3490 4342 ab
3538 4284 3684 4340 annis

2114 4383 2320 4436 duobus
2365 4379 2611 4441 Basilius,
2662 4394 2783 4431 cum
2826 4379 2925 4433 iter
2987 4379 3521 4451 Constantinopolim
3569 4394 3682 4432 sus-

440 4466 671 4517 ctarium
724 4463 943 4530 ejusque
998 4479 1220 4517 uxorem
1269 4463 1575 4517 consolatur
1604 4465 1694 4534 (c).
1731 4465 1784 4518 In
1820 4464 1904 4517 his
1927 4464 2011 4516 lit-
2039 4491 2085 4550 υ
2113 4471 2257 4538 cepit
2296 4483 2435 4521 anno
2477 4467 2581 4522 559
2617 4479 2868 4530 exeunte,
2895 4479 3139 4533 vocatus,
3170 4479 3228 4524 ut
3265 4471 3563 4525 verisimile
3589 4477 3681 4527 est,

441 4555 572 4608 teris
612 4568 802 4606 omnes
847 4553 1041 4620 eloquii
1097 4554 1177 4605 sui
1236 4567 1366 4620 opes
1399 4553 1710 4620 profundit;
1742 4554 2010 4622 praecipue

438 4660 574 4700 vero
603 4645 653 4698 in
678 4645 901 4713 epistola
933 4645 999 4698 ad
1025 4659 1249 4700 uxorem
1281 4645 1515 4700 Nectarii
1547 4646 1800 4699 nonnulla
1824 4659 2012 4699 recens

438 4739 506 4790 ab
549 4737 882 4797 Athenarum
933 4735 1182 4802 palaestra
1221 4737 1495 4806 ingenium
1550 4738 1814 4799 redolent,
1865 4737 2013 4790 velut

436 4845 558 4882 cum
592 4828 710 4881 ait:
757 4827 801 4880 0
851 4837 992 4880 terra
1042 4827 1195 4880 talem
1249 4837 1431 4879 coacta
1487 4829 1745 4895 suscipere
1787 4825 2012 4879 casum!

439 4919 667 4972 Horruit
698 4918 831 4988 forte
857 4919 966 4986 ipse
1009 4917 1109 4983 sol,
1141 4920 1185 4970 si
1231 4919 1350 4988 quis
1397 4919 1449 4970 in
1497 4935 1554 4970 eo
1603 4934 1801 4983 sensus,
1864 4918 2012 4969 triste

434 5009 570 5064 illud
597 5007 970 5078 spectaculum.
1003 5006 1154 5061 Hanc
1199 5023 1327 5078 ergo
1353 5009 1628 5076 epistolam
1661 5009 1747 5062 vel
1775 5018 1899 5062 ante
1925 5023 2012 5061 se-

435 5115 649 5154 cessum
677 5099 758 5152 vel
798 5099 986 5153 saltem
1020 5099 1086 5152 ad
1122 5113 1370 5153 secessus
1404 5098 1691 5166 primordia
1735 5112 1856 5152 cum
1895 5095 2008 5149 Til-

437 5192 695 5254 Iemontjo
736 5190 1088 5244 collocamus.
1135 5190 1298 5246 Certe
1337 5189 1485 5243 illum
1534 5190 1840 5257 episcopum
1882 5197 2008 5240 tunc

435 5299 542 5338 non
563 5282 728 5337 fuisse
749 5292 896 5352 patet
921 5299 985 5336 ex
1012 5283 1095 5338 his
1118 5283 1320 5348 verbis,
1340 5283 1514 5349 accepi
1539 5281 1738 5334 litteras
1762 5279 2004 5346 episcopi.

436 5375 552 5439 Non
585 5376 728 5429 enim
754 5378 820 5429 de
849 5376 1070 5446 collegis
1103 5375 1216 5430 suis
1254 5374 1333 5429 sic
1361 5373 1506 5443 loqui
1538 5371 1691 5439 solet,
1722 5381 2004 5442 postquam

508 5625 581 5686 (η)
620 5627 712 5693 Ep.
743 5627 828 5682 57.

506 5695 580 5762 (b)
616 5699 776 5760 lipist.
807 5698 860 5750 ὁ.

509 5763 578 5840 (cl
620 5765 785 5839 Epist.
813 5767 845 5821 5
877 5777 928 5821 et
951 5766 1002 5822 6.

2116 4577 2144 4614 a
2187 4560 2383 4612 Basilio
2432 4559 2715 4627 Ancyrano
2772 4569 2826 4610 et
2872 4559 3158 4613 Eustathio
3219 4561 3549 4623 Sebasteno,
3601 4557 3681 4627 qui

2115 4666 2234 4704 cum
2287 4664 2314 4700 a
2356 4648 2558 4717 synodo
2603 4647 2928 4701 Seleuciensi
2990 4649 3150 4716 legati
3203 4651 3270 4705 ad
3313 4651 3681 4707 Constantium

2114 4739 2262 4792 missi
2292 4744 2490 4798 essent,
2525 4750 2712 4803 magna
2748 4736 3215 4806 Constantinopoli
3249 4741 3517 4796 adversus
3544 4740 3679 4793 Ano-

2113 4842 2283 4881 moeos
2313 4827 2490 4892 praelia
2521 4826 2912 4888 sustinuerunt,
2949 4829 3042 4881 sed
3089 4831 3310 4886 tandem
3346 4849 3538 4887 eorum
3574 4845 3682 4884 ma-

2114 4917 2512 4968 chinationibus
2561 4918 2915 4971 succubuere.
2967 4918 3303 4976 Existimant
3358 4923 3557 4978 eruditi
3590 4918 3680 4973 viri

2114 5006 2373 5059 Basiliam
2410 5006 2643 5060 noluisse
2669 5021 2727 5058 se
2758 5007 3101 5077 interponere
3149 5014 3202 5065 in
3253 5014 3354 5068 has
3389 5013 3682 5070 contentio-

2114 5114 2232 5160 nes,
2270 5107 2323 5150 et
2354 5096 2787 5164 disputationem,
2813 5109 2873 5152 ut
2905 5116 3004 5154 suo
3037 5102 3262 5158 lectoris
3290 5108 3488 5172 gradui
3518 5105 3681 5158 minus

2114 5190 2541 5249 convenientem,
2568 5198 2659 5242 aut
2684 5193 2929 5245 veritatis
2975 5195 3280 5250 defensioni
3332 5215 3522 5266 parum
3567 5209 3679 5264 pro-

2114 5280 2370 5338 futuram,
2403 5280 2720 5334 declinasse.
2763 5281 2866 5335 Sed
2897 5297 2963 5335 ex
3015 5288 3347 5342 testimoniis
3392 5289 3680 5342 Philostor-

2115 5370 2208 5439 gii,
2229 5367 2476 5420 Eunomii
2506 5376 2558 5420 et
2587 5367 2830 5440 Gregorii
2859 5371 3110 5441 Nysseni,
3135 5378 3335 5445 quibus
3364 5379 3480 5433 haec
3502 5377 3680 5435 nititur

2184 5617 2260 5685 ((1)
2291 5615 2386 5682 ΕΙ).
2420 5616 2469 5674 6.
2500 5633 2550 5666 u.
2587 5615 2660 5685 LL!

2186 5684 2253 5752 (ej
2287 5687 2378 5750 Ep.
2411 5686 2461 5742 5.
2491 5702 2539 5736 n.
2575 5684 2627 5734 2.

2291 5745 2417 5808 Νη.
2451 5769 2528 5806 or.
2565 5753 2652 5808 20.
