3820 6210
1478 305 1637 361 VITA
1679 307 1736 361 S.
1780 307 1861 360 BA
1871 304 2045 361 SILI];

3235 322 3380 363 XXVII

122 423 331 488 οβῖηῖοο
418 422 551 477 ἰηιιά
615 423 798 493 Potius
853 424 1148 496 colligitur.
1207 425 1464 482 Basilium
1532 430 1586 483 in
1629 430 1713 484 his
1742 435 1785 490 A
1815 447 1881 486 eo
1916 429 2165 496 consilio,
2191 427 2499 483 ut'adesset
2541 426 2829 498 Ancyrano
2859 426 3133 496 episcopo,
3167 429 3382 482 venisse

125 515 626 583 disceptationibus
665 517 768 570 sub
808 517 1066 588 episcopo
1110 519 1406 589 Aneyrano
1442 520 1708 574 secundas

125 608 335 672 tulisse,
373 624 438 662 ac
461 609 690 677 proinde
721 611 986 675 victoriae,
1029 625 1193 682 quam
1243 611 1334 666 ille
1372 611 1577 678 retulit,
1607 612 1672 666 ad
1693 647 1706 655 ο

119 695 360 764 iutorem
399 698 592 755 fuisse.

91 809 98 830 .-
191 787 446 841 Eunomii
501 791 577 860 (p.
610 790 742 860 50l).
789 791 951 850 verba
979 791 1058 846 sic
1079 792 1243 848 refert
1267 792 1555 862 Gregorius
1579 793 1710 866 Nys-

118 895 326 934 senus:
369 882 458 934 Ἐν
503 883 681 954 τούτῳ
729 886 863 954 φησὶ
925 885 1179 954 σύλλογον
1227 888 1555 956 γεγενῆσθαι
1605 889 1716 942 τῶν

117 970 464 1038 πανταχόθεν
477 971 738 1040 λογάδων,
758 975 848 1026 καὶ
870 974 1167 1044 ὲνακμάζει
1182 974 1258 1044 τῷ
1273 975 1415 1046 λόγῳ
1429 978 1711 1043 νεανικῶς,

122 1059 212 1110 ὑπ’
245 1059 375 1128 ww
399 1060 549 1130 ἄγων
571 1064 732 1133 δῆθεν
765 1064 862 1135 τὴν
892 1065 1003 1120 τῶν
1029 1066 1369 1136 πραγμάτων
1399 1068 1714 1141 διασκευήν.

119 1149 254 1209 Εἶτα
300 1153 589 1218 δικασταῖς
637 1173 749 1209 τισι
806 1157 972 1225 λέγει,
1025 1158 1160 1229 μηδὲ
1204 1161 1406 1213 τούτων
1454 1162 1714 1232 ὀνομαστὶ

125 1247 502 1314 μεμνημένος,
540 1247 632 1299 τὸν
665 1249 792 1318 περῖ¹
825 1248 931 1300 τῶν
961 1250 1208 1318 ἐσχάτων
1244 1251 1565 1322 προκεῖσθαι
1593 1252 1716 1323 δρό-

126 1351 249 1406 μον,
275 1337 589 1406 ὑποφωνεῖν
613 1338 669 1390 δὲ
703 1340 944 1409 παρόντα
971 1339 1062 1392 τὸν
1088 1341 1355 1413 ἡμέτερον
1401 1343 1720 1413 καθηγητὴν

125 1425 221 1477 καὶ
254 1429 476 1498 πατέρα
501 1445 514 1457 ·
539 1430 720 1498 τῆςλδὲ
760 1432 995 1502 κρίσεως
1037 1433 1174 1503 πρὸς
1203 1435 1328 1497 τοὺς
1360 1434 1636 1497 ἐναντίους
1661 1434 1720 1487 τὸ

127 1518 332 1588 κράτος
369 1521 777 1592 μετατιθείσης,
809 1523 1030 1592 φεύγειν
1045 1525 1207 1578 αὑτὸν
1229 1527 1356 1589 τοὺς
1377 1525 1596 1589 τόπους,
1621 1543 1720 1579 κα-

126 1608 431 1662 ταλιπόντα
461 1611 559 1681 τὴν
592 1612 764 1676 τάξιν,
792 1613 884 1666 καί
913 1631 1035 1668 τινα
1083 1614 1290 1668 καπνὸν
1323 1615 1422 1686 τῆς
1466 1615 1722 1687 πατρίδος

131 1699 524 1768 μεταδιώκειν.
568 1701 653 1755 Ibi
685 1705 759 1756 ait
804 1716 987 1758 caelum
1026 1707 1287 1759 exstitisse
1326 1707 1597 1760 hominum
1626 1722 1724 1759 un-

1813 517 2352 588 Constantinopolim,
2384 533 2448 572 ac
2490 517 2634 572 inter
2674 531 2770 572 eos
2801 519 3037 580 stetisse,
3067 517 3157 586 qui
3189 533 3384 586 suppe-

1815 613 1920 668 tias
1955 612 2028 668 illi
2072 611 2362 667 ferebant:
2396 618 2452 664 et
2481 610 2604 664 dum
2629 608 2807 680 fugam
2835 609 2884 664 ei
2923 610 3237 679 exprobrat,
3269 611 3386 666 solo

1813 713 2034 759 auctore
2053 702 2246 758 nititur
2265 701 2550 757 Eunomio.

1885 794 1990 849 Sed
2044 793 2314 864 praecipue
2365 791 2612 862 Gregorii
2666 790 2894 863 Nysseni
2943 792 3264 847 auctoritate
3303 791 3387 844 ni-

1818 888 1947 940 titur
1978 885 2368 948 Tillemontius,
2422 899 2581 954 quem
2617 885 2951 938 concessisse
3002 893 3155 954 putat
3193 884 3384 939 adver-

1816 976 1977 1030 sariis
1997 973 2250 1029 Basilium
2283 974 2650 1029 celeberrima
2680 973 2824 1028 illius
2852 975 3234 1044 disputationis
3276 974 3388 1027 nul-

1818 1067 1896 1120 las
1927 1079 2109 1136 partes
2131 1066 2471 1120 sustinuisse.
2506 1065 2596 1118 Sic
2621 1064 2856 1133 loquitur
2883 1064 3176 1136 Gregorius
3201 1087 3211 1120 :
3239 1067 3301 1131 Ei
3331 1065 3387 1118 δὲ

1820 1155 2070 1227 περὶτῶν
2090 1157 2146 1209 ὲν
2165 1155 2571 1209 Κωνσταντίνου
2596 1154 2747 1207 πόλει
2767 1153 3068 1224 γεγονότων
3088 1155 3220 1224 φησὶ
3237 1156 3254 1220 (
3263 1156 3384 1222 d)...

1817 1247 2114 1318 δεξαίμεθα
2138 1247 2236 1310 τὰς
2275 1246 2474 1310 αἰτίας,
2529 1246 2611 1298 ὃτι
2645 1245 2912 1316 παρόντες
2962 1243 3040 1315 τῷ
3075 1243 3251 1315 καιρῷ
3281 1243 3390 1297 τῶν

1819 1335 2065 1406 ἀγώνων,
2098 1341 2208 1400 τοῖς
2246 1334 2662 1407 ἀγωνιζομένοις
2705 1337 2764 1388 οὐ
2806 1335 3238 1408 συνεπλάκημεν.
3274 1339 3393 1389 Δει-

1821 1427 1965 1492 ξάτω
2010 1427 2186 1480 τοίνυν
2244 1427 2274 1480 ὁ
2324 1426 2516 1496 ἐκείνῳ
2549 1426 2647 1495 τὴν
2698 1425 2894 1480 δειλίαν
2949 1427 3309 1493 ἐπονειδίζων,
3345 1428 3394 1478 εἰ

1820 1516 2086 1586 κατῆλθεν
2121 1518 2200 1580 εἰς
2233 1517 2430 1588 μέσους
2460 1516 2640 1578 αὑτός.
2685 1516 2838 1582 Quod
2887 1517 2931 1570 si
2963 1516 3300 1588 (Eunomius)
3332 1520 3395 1571 de

1823 1610 1972 1662 rebus
2008 1607 2468 1679 Constantinopoli
2519 1609 2677 1678 gestis
2727 1607 3030 1680 loquitur...
3075 1611 3396 1680 accipiamus

1825 1702 2260 1768 criminationem,
2305 1717 2398 1776 nos
2433 1701 2653 1768 scilicet,
2695 1717 2812 1755 cum
2860 1702 3165 1756 adessemus
3208 1718 3398 1772 pugna:

128 1791 286 1856 dique
317 1789 636 1846 selectorum
665 1808 684 1845 :
716 1809 869 1862 seque
895 1795 1219 1847 vehementer
1258 1795 1314 1846 in
1351 1795 1570 1848 dicendo
1601 1811 1723 1848 ren-
1756 1783 1799 1838 Β
1825 1804 2071 1861 tempore,
2111 1808 2230 1846 cum
2267 1793 2586 1846 adversariis
2617 1809 2720 1846 non
2747 1809 3027 1863 pugnasse.
3070 1793 3405 1848 Demonstret

127 1881 289 1942 ditat,
324 1879 502 1932 oculis
540 1881 780 1934 videlicet
822 1881 1108 1950 subjiciens
1159 1898 1335 1936 rerum
1387 1891 1720 1950 apparatum.

127 1965 337 2022 Deinde
353 1969 630 2037 judicibus
659 1973 975 2040 quibusdam
1017 1973 1173 2039 dicit,
1218 1988 1381 2042 neque
1417 1974 1577 2026 etiam
1606 1973 1725 2028 illos

129 2062 454 2114 nominatim
498 2063 790 2130 appellans,
823 2063 1045 2126 capitale
1073 2065 1398 2131 propositum
1419 2063 1584 2133 fuisse
1605 2064 1724 2119 dis-

128 2155 379 2216 crimen;
422 2171 488 2207 ac
522 2166 832 2223 pra’sentem
896 2155 1150 2208 secundas
1196 2165 1372 2224 partes
1422 2156 1729 2210 sustinuisse

128 2245 449 2313 magistrum
476 2255 712 2299 nostrum
755 2257 802 2299 et
831 2258 1065 2314 patrem;
1112 2247 1206 2300 sed
1253 2247 1468 2300 victoria
1503 2265 1535 2300 a
1572 2248 1726 2316 judi-

129 2338 274 2390 cibus
322 2337 383 2390 in
440 2338 775 2392 adversarios
818 2341 1106 2403 translata,
1157 2339 1327 2406 ipsum
1375 2339 1574 2409 fugisse
1618 2341 1728 2394 Ita'c

130 2430 243 2482 loca
273 2429 471 2483 ordine
508 2430 738 2495 deserto,
769 2439 818 2482 et
856 2430 1058 2498 fumum
1091 2433 1372 2500 quemdam
1397 2433 1586 2502 patriae
1611 2448 1732 2502 per-

129 2531 372 2574 secutum
394 2537 526 2574 εεεε.

201 2610 258 2665 In
284 2625 362 2666 eo
390 2628 529 2668 sane
558 2613 919 2687 requirendus
949 2613 1124 2682 pudor
1144 2613 1418 2683 Eunomii,
1447 2617 1589 2686 quod
1617 2617 1731 2672 suis

132 2704 424 2758 victoriam
462 2703 756 2772 adjudicet.
794 2703 982 2758 Aetius
1011 2704 1182 2768 enim,
1205 2704 1297 2774 qui
1322 2720 1421 2774 pro
1451 2707 1732 2763 Anomeis

136 2804 328 2847 contra
382 2794 644 2848 Basilium
702 2805 987 2862 utrumque
1033 2795 1338 2864 pugnabat,
1374 2797 1626 2852 exsilium
1663 2811 1730 2852 ex

137 2885 243 2940 hoc
284 2885 474 2939 duello
524 2886 734 2950 retulit,
786 2883 983 2939 nedum
1027 2884 1347 2953 victoriam;
1383 2901 1616 2957 eumque
1652 2888 1735 2941 vi-

138 2987 286 3029 ctum
333 2975 506 3032 fuisse
537 2987 726 3031 narrat
776 2976 1109 3034 Sozomenus
1133 2976 1230 3048 (a).
1279 2977 1396 3038 Non
1429 2980 1606 3035 minus
1640 2980 1736 3034 im-

139 3071 356 3138 pudens
388 3068 713 3133 Eunomius,
747 3083 867 3122 cum
910 3067 1168 3122 Basilium
1199 3079 1357 3126 vocat
1400 3071 1646 3126 timidum
1679 3081 1733 3127 et

135 3160 396 3227 ignavum
453 3175 518 3216 ac
581 3161 890 3230 graviorum
975 3162 1224 3218 laborum
1275 3163 1568 3236 fugientem
1616 3167 1731 3240 (b);

135 3256 299 3322 eique
335 3253 639 3322 exprobrat
686 3264 955 3315 secretam
985 3255 1390 3323 domunculam,
1416 3268 1472 3314 et
1508 3258 1734 3328 ianuam

137 3356 254 3399 tuto
283 3345 560 3408 clausam,
585 3356 639 3400 et
683 3347 1098 3414 trepidationem
1123 3349 1194 3403 ob
1214 3362 1418 3404 metum
1453 3350 1734 3406 introeun-

139 3438 298 3501 tium,
325 3445 384 3491 et
415 3439 470 3490 in
511 3452 660 3502 voce,
690 3439 864 3493 oculis
884 3453 949 3493 ac
979 3439 1127 3496 vultu
1153 3443 1374 3510 pavoris
1396 3444 1572 3513 signa.
1599 3443 1737 3499 Sunt

139 3527 254 3582 haec
285 3527 550 3596 sophistae
579 3530 833 3599 nugantis
857 3530 1124 3595 convicia,
1162 3546 1270 3589 non
1289 3543 1604 3602 argumenta
1638 3535 1733 3589 ho-

142 3621 312 3681 minis
373 3622 524 3676 serio
581 3621 920 3678 disserentis.
958 3622 1064 3677 Sed
1100 3632 1278 3678 tamen
1323 3638 1389 3678 ex
1443 3625 1559 3694 ejus
1588 3625 1740 3681 testi-

145 3712 335 3766 monio
363 3711 697 3779 perspicitur
723 3711 981 3766 Basilium
1018 3713 1070 3767 in
1116 3714 1220 3768 hoc
1267 3717 1568 3770 certamine
1605 3732 1738 3785 prte-

144 3813 346 3854 sentem
371 3801 748 3866 succlamasse,
777 3802 832 3856 id
863 3811 968 3869 est,
1010 3803 1281 3859 secundas
1327 3817 1510 3874 partes
1558 3807 1740 3862 tulisse

145 3893 247 3946 sub
291 3891 501 3946 Basilio
531 3893 848 3962 Ancyrano,
887 3907 987 3947 nec
1030 3892 1350 3950 discessisse
1379 3909 1444 3949 ex
1476 3895 1558 3950 his
1584 3895 1736 3961 locis,

147 3986 248 4038 nisi
286 3987 516 4039 victoria
546 4003 576 4038 a
602 3985 878 4053 judicibus
907 3986 960 4038 in
1003 3987 1334 4041 adversarios
1363 3989 1643 4054 translata,
1685 4000 1741 4044 ut

150 4075 305 4145 ﬁngit
335 4076 659 4130 Eunomius.

225 4168 630 4238 I‘hiloslorgius
671 4168 766 4236 (c),
799 4169 891 4239 qui
943 4168 1192 4224 Eunovnii
1219 4169 1493 4224 mendacia
1543 4172 1744 4240 compi-

151 4259 249 4324 lat,
300 4259 381 4312 sic
417 4261 485 4311 de
529 4259 724 4312 Basilio
765 4259 1039 4328 loquitur:
1086 4261 1506 4331 Προεστήκεσαν
1547 4261 1604 4313 δὲ
1635 4261 1743 4313 τῶν

153 4351 253 4422 μὲν
289 4349 414 4402 καθ’
439 4349 625 4401 οὐσίαν
657 4350 842 4419 ὅμοιον
888 4349 1315 4418 πρεσϐευόντων,
1362 4348 1642 4411 Βασίλειός
1684 4365 1743 4401 τε

150 4442 245 4502 καὶ
285 4440 620 4504 Εὑστάθιος·
656 4434 738 4503 οἷς
788 4439 936 4495 ἄλλοι
985 4458 1044 4492 τε
1091 4441 1185 4493 καλ¹
1233 4439 1516 4502 Βασίλειος
1558 4439 1743 4508 ἕτερος

150 4534 342 4604 παρῆν
369 4531 732 4596 συνασπίζων,
757 4532 1017 4591 διακόνων
1034 4533 1113 4586 ἔτι
1133 4533 1286 4600 τάξιν
1320 4533 1458 4603 ἔχων
1478 4514 1743 4601 ’δυνάμει

154 4626 254 4701 μὲν
290 4623 389 4678 τοῦ
422 4623 600 4692 λέγειν
628 4624 847 4677 πολλῶν.
865 4626 1152 4696 προφέρων
1172 4643 1185 4657 ο
1215 4626 1293 4696 τῷ
1313 4626 1368 4680 δὲ
1395 4625 1493 4696 τῆς
1521 4623 1744 4694 γνώμης

152 4719 411 4789 ἁθαρσεῖ,
448 4716 586 4786 πρὸς
621 4717 748 4779 τοὺς
779 4716 987 4780 κοινοὺς
1015 4716 1475 4788 ὑποστελλόμενος
1504 4714 1740 4786 ἀγῶνας.

153 4811 221 4864 Et
265 4828 454 4863 eorum
503 4811 736 4881 quidem,
787 4811 875 4880 qui
936 4808 1137 4862 Filium
1176 4807 1402 4862 similem
1453 4807 1740 4859 secundum

155 4901 514 4953 substantiam
561 4899 957 4966 profitebantur,
991 4897 1318 4966 antesignani
1341 4907 1489 4950 erant
1513 4894 1746 4948 Basilius

157 5002 204 5044 et
263 4990 605 5042 Eustathius.
667 4989 870 5054 Quibus
919 5001 1029 5042 tum
1079 4988 1174 5042 alii
1218 4987 1434 5041 aderant
1479 4989 1745 5053 suppetias

160 5081 414 5149 ﬂuentes,
445 5091 554 5131 tum
601 5079 834 5133 Basilius
871 5079 1023 5147 alter,
1083 5079 1225 5132 intra
1280 5079 1490 5130 diaconi
1521 5078 1744 5147 gradum

161 5172 338 5224 adhuc
395 5173 684 5226 consistens
711 5187 729 5224 .'
766 5172 972 5224 dicendi
1020 5171 1229 5240 quidem
1270 5169 1518 5238 facultate
1569 5169 1746 5221 multis

164 5264 429 5328 superior,
480 5279 655 5316 rerum
686 5264 746 5315 ob
780 5263 1111 5315 timiditatem
1149 5273 1195 5315 et
1230 5261 1480 5328 pusillum
1511 5262 1744 5312 animum

166 5355 412 5420 publicas
463 5355 844 5420 disputationes
890 5351 1183 5407 declinans.
1233 5351 1518 5406 Manifeste
1553 5352 1747 5417 premit

169 5444 420 5499 Eunomii
478 5445 703 5514 vestigia
756 5441 1189 5515 Philostorgius:
1233 5440 1490 5497 Basilium
1551 5441 1750 5494 falettzt‘

269 5652 323 5720 a)
350 5649 467 5705 Lib.
502 5666 579 5712 tv,
608 5665 658 5720 ι’,
689 5649 778 5704 23.

269 5653 323 5720 a)
350 5653 467 5705 Lib.
502 5666 579 5712 tv,
608 5665 658 5704 ι’.
689 5653 778 5704 23.

244 5653 324 5792 ib)
353 5721 489 5791 Nyss
521 5762 536 5786 ,
567 5737 580 5774 ι
623 5719 846 5774 Ειιηοηι.

1826 1887 1990 1956 igitur
2023 1885 2114 1955 qui
2137 1886 2185 1939 ei
2229 1885 2562 1940 timiditatem
2598 1885 2900 1954 exprobrat,
2930 1903 3001 1940 an
3044 1889 3153 1952 ipse
3190 1887 3245 1939 in
3291 1903 3400 1940 men

1827 1978 1972 2031 dium
2009 1977 2336 2046 processerit,
2389 1985 2496 2032 etc.
2536 1975 2662 2033 Ηωο
2710 1976 3010 2046 legentibus
3054 1976 3399 2045 illud-primo

1827 2066 2020 2121 intuitu
2048 2066 2309 2134 occurrit,
2344 2065 2668 2136 Gregorium
2699 2067 2958 2138 quidquid
2988 2067 3286 2121 concedere
3315 2067 3364 2119 vi
3384 2092 3400 2106 ο

1829 2160 1986 2214 detur
2014 2156 2302 2222 Eunomio,
2343 2172 2450 2212 non
2483 2156 2602 2211 sine
2649 2157 2826 2226 aliqua
2869 2156 3040 2210 ironia
3083 2156 3398 2220 concedere,

1829 2258 1888 2303 ut
1925 2247 2361 2304 criminationem
2402 2247 2458 2302 in
2492 2247 2668 2317 ipsum
2721 2255 3005 2301 convertat
3054 2245 3397 2301 Eunomium.

1831 2339 1887 2396 Si
1918 2341 2048 2411 quid
2087 2349 2268 2396 tamen
2321 2339 2465 2396 serio
2514 2353 2832 2394 concessum
2869 2353 2898 2392 a
2950 2336 3232 2408 Gregorio,
3265 2337 3400 2392 nihil

1831 2432 1977 2488 aliud
2009 2447 2350 2498 concessum,
2383 2445 2544 2502 quam
2588 2431 2731 2502 quod
2770 2429 3049 2500 obiecerat
3081 2428 3400 2494 Eunomius,

1829 2522 2111 2589 Basilium,
2135 2537 2258 2578 cum
2281 2523 2334 2576 in
2365 2522 2552 2592 praelio
2573 2520 2842 2576 secundas
2875 2519 3110 2586 tulisset,
3144 2517 3401 2574 inclinata

1832 2617 1886 2671 in
1917 2614 2259 2670 adversarios
2285 2614 2515 2668 victoria
2549 2613 2885 2667 discessisse.
2916 2610 3094 2680 Atque
3123 2607 3252 2664 illud
3283 2611 3404 2677 qui-

1833 2707 1952 2779 dem
1985 2705 2108 2762 fieri
2131 2705 2327 2775 potuit,
2354 2713 2414 2759 ut
2443 2701 2699 2770 Basilius,
2726 2703 2817 2756 ubi
2849 2702 2983 2757 vidit
3015 2701 3270 2756 Basilium
3295 2701 3404 2755 An-

1833 2811 2096 2868 cyranum
2118 2837 2136 2862 ,
2172 2805 2296 2866 post
2332 2805 2479 2851 tanta
2509 2795 2756 2849 veritatis
2781 2794 3040 2849 adversus
3068 2793 3280 2849 Aetium
3309 2794 3403 2848 de-

1834 2887 2112 2944 fendendae
2133 2887 2330 2951 studia,
2353 2887 2752 2958 Acacianorum
2783 2887 2990 2940 artibus
3020 2895 3074 2941 et
3099 2885 3403 2940 Constantii

1834 2979 1998 3034 minis
2029 2979 2246 3045 cedere,
2288 2993 2394 3033 non
2435 2987 2747 3048 exspectato
2781 2977 2858 3032 rei
2886 2977 3034 3032 exitu
3073 2976 3264 3032 abiret.
3295 2974 3406 3030 Nec

1837 3069 2195 3141 improbabile
2234 3077 2319 3125 est
2348 3069 2667 3124 Eunomium
2717 3069 2842 3124 inde
2888 3083 3076 3123 ansam
3109 3068 3403 3136 arripuisse

1836 3161 2200 3220 calumniandi
2232 3180 2246 3217 :
2280 3172 2338 3217 at
2367 3177 2544 3232 neque
2571 3179 2638 3218 ex
2662 3162 2825 3228 illius,
2857 3176 3032 3230 neque
3053 3175 3116 3215 ex
3154 3160 3405 3228 Gregorii

1835 3255 2014 3310 verbis
2044 3253 2289 3310 concludi
2319 3263 2517 3324 potest,
2557 3253 2815 3308 Basilium
2852 3252 2904 3306 in
2936 3262 3211 3307 certamen
3245 3251 3406 3304 mini-

1835 3360 1923 3400 me
1959 3347 2245 3416 prodiisse.

1907 3438 2044 3506 Quin
2074 3439 2237 3494 etiam
2288 3439 2403 3510 ipse
2451 3438 2680 3494 Basilius
2713 3447 2918 3492 mutum
2968 3449 3028 3490 se
3067 3443 3124 3489 et
3175 3434 3406 3489 otiosum

1838 3529 1982 3585 inter
2007 3531 2107 3585 ilOS
2140 3539 2320 3586 motus
2347 3545 2455 3585 non
2492 3529 2678 3596 fuisse,
2716 3529 2810 3583 sed
2845 3542 2944 3598 pro
2972 3526 3176 3580 viribus
3206 3525 3271 3579 ad
3309 3540 3402 3578 ve-

1837 3622 2016 3676 ritatis
2045 3621 2412 3676 defensionem
2447 3621 2757 3676 incubuisse
2780 3620 3003 3680 indicat.
3030 3616 3146 3671 Non
3171 3616 3312 3670 enim
3340 3614 3406 3668 ad

1840 3714 1982 3768 aliud
2015 3723 2224 3782 tempus
2265 3714 2514 3768 videntur
2566 3711 2756 3764 referri
2803 3725 2962 3779 posse
3014 3710 3182 3765 habiti
3219 3709 3286 3763 ab
3318 3707 3408 3762 illo

1840 3804 1907 3858 de
1941 3805 2046 3859 lide
2075 3818 2357 3859 sermones
2386 3801 2727 3857 Chalcedone
2757 3809 2811 3855 et
2857 3802 3150 3867 Heracleae,
3177 3815 3404 3870 quorum

1842 3905 2029 3952 testem
2051 3898 2183 3952 citat
2224 3897 2560 3951 Eustatltium
2610 3897 2661 3949 in
2713 3895 2870 3963 epist.
2909 3894 3036 3959 225,
3084 3911 3141 3951 n.
3181 3893 3234 3947 5.
3281 3891 3412 3956 Quae

1840 3989 2188 4054 Chalcedone,
2223 3988 2414 4056 inquit,
2447 4006 2478 4042 a
2512 3987 2657 4041 nobis
2687 3988 2750 4039 de
2791 3985 2896 4054 [ide
2939 3986 3080 4039 dicta
3115 3995 3257 4051 sunt,
3296 3999 3413 4051 qua:

1841 4095 2195 4148 swpenumero
2228 4076 2521 4142 Heracleae,
2554 4093 2670 4147 qua:
2699 4078 2845 4144 prius
2872 4079 2924 4130 in
2954 4074 3209 4130 Cwsareae
3227 4073 3418 4128 subur-

1843 4171 1948 4233 bio,
1979 4187 2049 4223 an
2074 4185 2178 4224 non
2201 4185 2265 4222 ea:
2304 4180 2482 4222 nostra
2514 4179 2662 4238 parte
2693 4185 2923 4223 consona
2953 4179 3071 4220 sunt
3103 4166 3318 4220 omnia?
3340 4166 3417 4220 Et

1844 4261 1930 4315 bis
1953 4268 2103 4318 certo
2129 4260 2433 4330 colligimus
2473 4259 2730 4316 Basilium
2761 4261 2812 4314 in
2860 4261 2963 4314 hac
2994 4273 3176 4313 rerum
3203 4268 3416 4328 pertur-

1845 4349 2064 4404 batione
2095 4363 2314 4418 operam
2347 4364 2498 4404 suam
2529 4350 2798 4420 episc0pis
2838 4364 2944 4403 non
2989 4348 3320 4416 denegasse;
3354 4363 3419 4404 ac

1779 4465 1820 4520 D
1843 4441 1951 4511 jam
1979 4451 2092 4494 tum
2119 4442 2183 4495 de
2209 4440 2348 4496 illius
2369 4441 2677 4511 eloquentia
2703 4450 2757 4495 et
2777 4439 3082 4496 eruditione
3106 4454 3298 4509 magna
3323 4440 3420 4494 lto-

1851 4531 2056 4586 tninum
2096 4531 2371 4586 exstitisse
2397 4530 2621 4598 judicia.

1921 4621 1984 4677 ll.
2018 4621 2171 4676 Anno
2197 4619 2325 4686 560,
2360 4620 2646 4675 formulam
2683 4621 3100 4685 Ariminensem,
3135 4635 3254 4690 quae
3300 4629 3420 4674 tan-

1849 4724 1932 4769 tas
1959 4723 2169 4784 strages
2195 4714 2248 4768 in
2287 4713 2529 4769 Ecclesia
2573 4715 2760 4777 edidit,
2807 4714 3266 4784 Constantinopoli
3293 4713 3408 4768 Ca2-

1849 4821 2058 4860 saream
2138 4804 2318 4859 attulit
2391 4805 2657 4874 Georgius
2745 4806 2965 4860 Dianius
3032 4805 3414 4871 Caesariensis,

1848 4896 1949 4949 etsi
1978 4893 2220 4949 Nicatnos
2259 4893 2450 4948 Patres
2485 4895 2660 4964 magni
2714 4893 2987 4960 faciebat;
3044 4894 3210 4948 cessit
3240 4903 3418 4947 tamen

1852 4987 2077 5055 tempori
2106 4996 2160 5044 et
2187 4986 2431 5043 formulae
2473 4986 2815 5055 subscripsit.
2857 4985 2969 5040 lloc
3005 4985 3147 5039 illius
3171 5000 3298 5040 casu
3325 4986 3420 5040 do-

1851 5075 1948 5129 luit
1983 5076 2341 5132 insolabiliter
2369 5076 2602 5131 Basilius
2636 5090 2754 5128 cum
2793 5059 2975 5129 m'ultis
3005 5073 3127 5128 aliis
3162 5075 3213 5128 in
3247 5077 3418 5142 patria

1852 5169 2162 5224 timentibus
2190 5169 2377 5233 Deum,
2414 5179 2466 5223 et
2497 5186 2525 5222 a
2572 5169 2744 5222 Dianii
2772 5167 3154 5222 communione
3183 5166 3420 5220 creditur

1853 5259 2166 5314 recessisse.
2199 5258 2312 5312 Non
2335 5267 2513 5313 tamen
2540 5260 2749 5312 videtur
2775 5258 2961 5326 palam-
2981 5267 3033 5311 et
3060 5265 3244 5326 aperte
3274 5271 3420 5310 com-

1857 5349 2164 5404 munionem
2195 5352 2242 5402 ei
2295 5351 2665 5412 renuntiasse;
2701 5349 2794 5402 sed
2849 5357 3054 5402 tantum
3109 5346 3422 5400 occasiones

1860 5457 1981 5498 cum
2019 5456 2084 5496 eo
2119 5442 2550 5496 communicandi
2583 5441 2832 5497 evitasse.
2867 5439 2998 5494 Nam
3028 5440 3078 5493 in
3111 5437 3332 5510 epistola
3357 5438 3432 5492 5i.

1933 5645 2000 5702 (ri
2039 5643 2151 5696 Lib.
2184 5657 2254 5701 tv.
2286 5657 2335 5693 c.
2369 5642 2452 5695 μὶ.

1931 5717 2007 5784 (tl)
2042 5729 2056 5766 l
2091 5713 2164 5764 lin
2177 5728 2312 5765 nom.
