3820 6210
1452 302 1605 356 ΠΤᾹ
1649 302 1706 357 S.
1749 301 2006 358 BASILIL

3227 316 3356 355 XXII

176 414 260 467 tuin
288 409 547 465 Matralibus
583 410 821 480 prmiixo,
847 412 986 480 quod
1016 413 1332 470 inscribitur
1363 416 1412 470 in
1438 418 1686 472 omnibus
1713 425 1755 481 Α
1792 419 2011 486 scripsit
2045 415 2276 470 Moralia
2300 431 2323 469 :r
2347 430 2446 471 nec
2475 415 2565 468 tali
2600 415 2748 485 operi
2776 415 2888 469 hmc
2916 415 3241 484 congruebat
3269 434 3360 469 ac-

170 505 400 560 rodicibus
425 518 549 568 mss.
594 513 645 557 et
676 506 836 560 editis
873 505 946 559 De
986 507 1192 574 judicio
1231 507 1346 563 Dei.
1394 509 1498 562 Sed
1547 510 1682 567 alius

170 600 269 653 huic
295 600 532 664 prommio
562 599 748 652 titulus
774 601 932 652 datur
971 601 1022 652 in
1049 601 1185 656 libro
1208 617 1246 654 tt
1279 601 1355 655 De
1402 601 1680 670 baptismo,

168 699 328 759 quaest.
367 691 419 752 5,
448 690 530 743 ubi
563 693 750 746 eadem
776 693 999 759 quaestio
1037 708 1100 747 ac
1129 693 1179 746 in
1216 694 1481 762 prou‘mio
1509 694 1684 747 Mora-

167 782 272 833 lium
299 783 593 847 instituitur,
625 782 705 842 An
752 785 1034 852 cujuslibet
1070 787 1310 839 mandati
1347 797 1678 854 prwtergres-

164 875 226 926 sio
253 875 320 924 ira
345 883 386 925 et
414 883 571 925 morte
589 876 747 942 digna
770 877 857 928 sit.
878 875 1011 929 Tum
1043 878 1320 944 responsio
1352 878 1430 931 sic
1461 879 1678 946 incipit:

169 964 345 1017 Dictum
369 975 440 1019 est
475 968 678 1034 quidem
723 967 892 1032 fusius
934 968 996 1020 de
1039 968 1135 1020 hoc
1162 979 1467 1036 argumento
1490 971 1542 1021 in
1573 969 1684 1029 epi-

161 1057 270 1112 stola
307 1057 371 1110 De
398 1059 692 1112 concordia.
732 1057 924 1126 Liquet
958 1060 1180 1113 indicari
1212 1062 1528 1128 prommium
1556 1061 1680 1114 illud

170 1147 417 1203 Horatium
440 1166 458 1203 :
488 1153 628 1220 quod
683 1152 898 1220 quidem
956 1152 1151 1206 merito
1176 1163 1400 1206 vocatur
1431 1152 1679 1220 epistola,

162 1260 261 1301 cum
289 1244 442 1296 instar
469 1242 707 1312 epistolae
740 1243 1146 1310 nuncupatoriaa
1197 1254 1412 1297 ascetas
1441 1232 1680 1312 compel-

163 1337 236 1398 let,
280 1350 483 1403 quorum
524 1343 714 1404 rogatu
748 1334 980 1388 Basilius
1017 1333 1248 1387 Moralia
1282 1345 1677 1403 composuerat.

160 1428 249 1484 Nec
277 1427 433 1480 minus
457 1427 738 1480 commode
783 1426 979 1478 dicitur
1009 1425 1234 1492 epistola
1263 1426 1328 1478 de
1365 1425 1676 1479 concordia.

161 1517 422 1573 Nihilenim
448 1517 586 1570 aliud
617 1517 722 1571 sibi
768 1516 1020 1586 proponit
1050 1516 1302 1577 Basilius,
1336 1516 1438 1570 nisi
1477 1525 1534 1569 ut
1563 1517 1679 1571 dis-

165 1611 430 1664 scnsionnm
455 1623 674 1662 causam
717 1608 954 1676 aperiat;
989 1615 1042 1660 et
1073 1606 1332 1676 quidquid
1365 1608 1430 1661 de
1475 1605 1680 1674 judicio

158 1701 230 1755 Dei
259 1703 486 1764 disserit,
516 1701 640 1754 illud
680 1699 745 1754 ad
780 1715 934 1755 suum
987 1699 1296 1755 concordia:
1340 1700 1680 1756 stabiliendae

156 1794 444 1862 propositum
473 1792 655 1846 refert.

208 1882 477 1950 Antequam
507 1881 743 1934 Moralia
780 1881 1038 1953 inciperet
1067 1880 1320 1945 Basilius,
1356 1881 1497 1951 piam
1523 1889 1576 1936 et
1597 1896 1683 1935 sa-

151 1984 253 2023 nant
276 1970 554 2038 exponebat
589 1973 657 2025 de
684 1971 845 2024 Patre
875 1981 930 2026 et
972 1971 1111 2025 Filio
1145 1981 1200 2025 et
1231 1972 1436 2040 Spiritu
1489 1981 1680 2026 sancto

151 2059 303 2112 fidem.
341 2058 439 2114 Sed
471 2060 657 2114 nescio
683 2061 952 2128 quomodo
1001 2075 1119 2129 qua:
1149 2061 1235 2114 hic
1260 2061 1582 2124 disserebat,
1614 2062 1680 2116 de

149 2163 225 2201 sua
253 2151 363 2202 sedc
415 2160 742 2215 cesserunt,
801 2166 1096 2220 eorumque
1146 2151 1262 2206 loco
1292 2151 1508 2204 inducta
1533 2167 1682 2220 qua:-

148 2242 245 2292 dam
299 2242 510 2310 epistola
545 2241 792 2307 de'lide,
827 2257 945 2312 quae
1005 2244 1112 2298 huc
1166 2243 1388 2298 minime
1415 2243 1668 2310 pertinet.

146 2330 253 2384 Nam
284 2332 331 2386 i'
372 2333 597 2386 Moralia
652 2334 882 2400 primum
923 2349 1060 2403 opus
1117 2334 1368 2388 videntur
1417 2349 1534 2389 esse
1568 2335 1677 2388 Ba-

145 2425 230 2480 silii
268 2445 280 2480 :
314 2426 417 2480 haec
470 2436 652 2480 autem
690 2426 758 2480 de
812 2426 913 2480 [ide
955 2427 1178 2496 epistola
1218 2436 1337 2494 post
1367 2427 1542 2480 editas
1585 2427 1678 2478 ad-

144 2530 304 2569 versus
329 2517 602 2571 hzereticos
619 2517 1054 2571 clucubratioues
1075 2517 1274 2584 scripta
1305 2529 1388 2569 est
1441 2516 1520 2584 (p.
1545 2515 1677 2576 224,

143 2606 229 2660 29.5
256 2616 302 2661 et
347 2606 491 2676 229),
519 2623 758 2678 cumque
810 2609 1094 2678 presbyter
1127 2615 1272 2662 esset
1325 2607 1556 2661 Basilius
1587 2614 1680 2660 aut

145 2699 421 2768 cpiscopus,
472 2710 530 2753 ut
579 2710 732 2770 patet
762 2702 848 2753 'cx
913 2700 997 2754 his
1045 2699 1224 2754 verbis
1279 2700 1354 2769 (p.
1397 2699 1549 2769 998),
1603 2701 1678 2754 sic

140 2790 380 2854 sentimus,
427 2790 501 2844 sic
551 2791 918 2858 bap'izamus,
966 2799 1072 2843 etc.
1128 2789 1188 2843 9ο
1229 2787 1558 2844 Prommium
1613 2791 1679 2844 de

145 2880 316 2946 judicio
339 2880 425 2934 Dei
461 2882 542 2936 sic
575 2881 701 2934 linit
741 2881 972 2934 Basilius
1001 2881 1067 2935 ad
1102 2881 1494 2949 expositionem
1554 2881 1675 2936 ﬁdei

151 2972 382 3027 transiens
417 2989 431 3026 :
474 2973 543 3027 Et
569 2976 824 3043 quoniam
853 2974 1065 3027 memini
1092 2973 1333 3039 Apostoli
1377 2974 1465 3043 qui
1506 2973 1676 3026 dicit:

146 3079 162 3110 ι
192 3061 246 3114 1η
273 3063 468 3119 Christo
513 3065 647 3119 Jesu
702 3081 866 3124 neque
913 3066 1241 3119 circumcisio
1274 3067 1479 3135 aliquid
1514 3067 1676 3127 valet,

1711 1767 1756 1823 B

1785 509 2165 564 commodatio.
2196 507 2271 562 Ex
2329 509 2412 562 his
2468 507 2638 576 liquet
2696 507 2748 560 in
2803 507 2902 562 hoc
2950 509 3256 562 testimonio
3282 509 3358 580 (p.

1784 601 1910 670 228)
1937 641 1952 666 ,
1993 601 2068 653 sic
2106 601 2364 652 sentimus
2413 601 2592 669 sicque
2643 599 2972 668 baptizamus
3013 600 3069 652 in
3108 597 3360 652 Trinitate

1785 691 2230 746 consubstantiali
2259 731 2274 755 ,
2327 703 2658 760 postremam
2720 706 2902 746 vocem
2949 694 3358 761 expungeudam

1784 799 1930 849 esse,
1965 796 2023 837 ut
2054 800 2173 853 qum
2217 783 2398 838 Basilii
2428 783 2693 852 promisso
2721 792 2774 838 et
2803 783 3049 838 instituto
3080 794 3358 856 repugnet,

1785 889 1846 926 ac
1869 875 1918 925 in
1949 875 2187 942 pluribus
2211 889 2342 929 mss.
2375 874 2535 928 desit.

1853 961 1970 1017 Jam
2007 963 2179 1017 Pbotii
2213 965 2288 1032 (a)
2320 973 2560 1033 tempore
2589 963 2819 1017 Moralia
2841 963 3163 1018 Basiliicum
3196 964 3362 1020 utris-

1783 1070 1892 1124 que
1955 1056 2152 1124 regulis
2203 1056 2254 1108 in
2296 1071 2460 1109 unum
2506 1055 2670 1108 veluti
2705 1071 2900 1125 corpus
2935 1057 3147 1109 redacta
3177 1066 3354 1121 erant,

1781 1147 1924 1214 quod
1954 1145 2235 1199 dicebatur
2289 1147 2536 1200 Ascetica
2577 1146 2780 1199 Basilii.
2816 1146 2922 1200 Sed
2971 1159 3146 1200 tamen
3183 1147 3361 1201 diver-

1785 1253 1904 1292 sam
1965 1251 2122 1306 opus,
2163 1237 2376 1307 Regula:
2425 1248 2480 1291 et
2527 1235 2781 1296 Moralia,
2811 1252 2910 1291 nec
2953 1239 3090 1291 idem
3125 1247 3355 1306 tempus,

1788 1342 1888 1380 nec
1945 1329 2228 1381 consilium
2262 1329 2423 1381 idem.
2463 1326 2692 1380 Moralia
2731 1328 2984 1381 videntur
3011 1329 3210 1396 scripta
3257 1326 3363 1382 sub

1782 1418 1942 1473 linem
1972 1419 2183 1488 imperii
2215 1418 2540 1484 Constantii,
2582 1434 2724 1472 anno
2747 1419 2869 1472 561.
2909 1418 3059 1486 Quod
3084 1421 3228 1474 enim
3283 1421 3360 1474 ait

1781 1509 1856 1581 (p.
1887 1509 2019 1578 225)
2051 1525 2109 1563 se
2145 1525 2270 1564 sero
2296 1511 2397 1564 hoc
2431 1526 2567 1579 opus
2588 1513 2874 1580 perlicere,
2901 1522 3183 1581 propterea
3217 1513 3360 1580 quod

1781 1602 1913 1656 alios
1963 1602 2206 1656 veritatis
2235 1603 2549 1658 defensores
2593 1613 2972 1673 exspectaret,
3006 1619 3104 1659 nec
3149 1603 3357 1659 tantum

1781 1691 1882 1745 sibi
1942 1692 2056 1762 ipse
2084 1692 2383 1746 conﬁderet
2406 1733 2420 1756 ,
2453 1702 2510 1746 ut
2537 1694 2639 1748 hoc
2675 1694 2824 1748 solus
2844 1695 3252 1765 aggrederetur,
3307 1697 3361 1750 id

1781 1793 2102 1853 argumento
2131 1792 2216 1835 est
2246 1781 2502 1836 Basilium
2535 1799 2640 1838 non
2673 1786 2857 1838 statim
2899 1795 3059 1851 atque
3107 1801 3172 1840 ex
3201 1801 3358 1856 pere-

1786 1871 2182 1939 grinationibus
2213 1872 2392 1934 rediit,
2424 1873 2490 1924 ad
2525 1871 2664 1926 hanc
2693 1873 3153 1928 elucubrationem
3181 1875 3359 1944 prosi-

1780 1960 1963 2016 luisse.
1993 1961 2100 2018 Sed
2133 1973 2312 2017 tamen
2347 1963 2608 2017 timiditas
2647 1964 2735 2017 illa
2765 1965 3019 2018 indicium
3043 1974 3128 2020 est
3156 1966 3360 2030 ingenii

1780 2055 2020 2108 nondum
2058 2055 2109 2108 in
2167 2055 2456 2110 scribendo
2503 2056 2827 2121 exercitati,
2889 2059 3126 2111 nomium
3185 2057 3352 2112 ullum

1779 2161 1916 2214 opus
1943 2147 2209 2217 aggressi.
2239 2147 2416 2214 Quare
2449 2147 2706 2203 Basilium
2747 2149 3017 2204 scribendi
3048 2151 3256 2204 initium
3281 2150 3360 2206 l'e-

1782 2237 1926 2292 cisse
1957 2239 2281 2294 crediderim
2314 2239 2382 2294 ab
2416 2241 2516 2296 hac
2542 2241 2966 2304 elucubratione,
2989 2256 3107 2310 quae
3137 2243 3362 2307 proinde

1778 2329 1920 2384 ultra
1955 2330 2250 2384 Constantii
2281 2331 2560 2400 imperium
2591 2333 2738 2403 rejici
2776 2349 2879 2386 non
2913 2333 3095 2390 debet.
3123 2333 3358 2387 Prmter-

1779 2433 1842 2473 ea
1906 2434 2096 2474 recens
2163 2421 2453 2474 admodum
2497 2432 2613 2476 erat
2655 2425 3044 2478 Anomteorum
3097 2424 3357 2487 haeresis,

1779 2525 1900 2564 cum
1933 2512 2045 2566 haec
2069 2513 2332 2566 scriberet
2366 2512 2616 2568 Basilius.
2647 2514 2736 2568 Ait
2769 2516 2914 2569 enim
2953 2517 3029 2584 (ιι.
3060 2515 3111 2583 1)
3144 2531 3286 2569 nunc
3311 2516 3356 2570 si

1779 2616 2015 2670 unquam
2050 2601 2206 2666 alias,
2234 2603 2437 2656 exortis
2490 2605 2769 2657 Anomaais
2797 2648 2810 2670 ,
2853 2605 3059 2673 impleri
3118 2604 3172 2658 in
3225 2606 3356 2672 ipsis

1778 2696 2045 2763 episcopis
2084 2696 2208 2748 illud
2259 2695 2408 2750 Pauli
2451 2699 2762 2753 vaticinium
2806 2715 2821 2753 :
2861 2700 3017 2755 Elea:
3042 2701 3184 2755 vobis
3234 2702 3360 2770 ipsis

1777 2795 2058 2855 exsurgeut
2109 2787 2208 2839 viri
2257 2787 2522 2854 loquentes
2579 2806 2818 2857 peruersa
2853 2792 2893 2854 ¹,
2946 2803 3052 2846 etc.
3107 2791 3356 2846 Anommi

1781 2887 1960 2930 autem
1999 2876 2177 2930 vocati
2212 2884 2362 2942 sunt,
2395 2881 2486 2946 qui
2526 2879 2718 2932 Filittm
2755 2879 2902 2935 Patri
2928 2883 3246 2936 dissimilem
3276 2882 3357 2936 dio

1780 2978 1970 3023 xerunt
2028 2984 2171 3024 anno
2224 2970 2352 3035 561,
2394 2981 2531 3027 teste
2573 2972 2632 3026 S.
2665 2972 2962 3028 Athanasio
2991 2975 3065 3046 (ὁ)
3098 2992 3219 3030 cum
3258 2977 3360 3032 So-

1783 3071 1936 3116 crate
1965 3061 2060 3132 (c).
2088 3063 2265 3128 Quare
2293 3066 2394 3118 hoc
2426 3066 2540 3134 ipso
2563 3080 2706 3120 anno
2728 3067 2928 3136 scripta
2959 3068 3141 3122 Basilii
3177 3070 3360 3123 Mora-

143 3169 276 3217 ttrque
295 3159 603 3224 pra’putittm
628 3174 649 3211 :
679 3159 771 3211 sed
796 3159 926 3224 ﬁdes
959 3175 1075 3229 quae
1098 3175 1188 3226 per
1209 3125 1520 3213 chariiatem
1557 3176 1680 3230 ope-
1706 3125 1748 3182 ϐ
1781 3153 1877 3217 lia,
1908 3162 2032 3206 ante
2077 3162 2303 3207 mortem
2340 3157 2669 3211 Constantii.
2701 3157 2791 3212 Sic
2842 3159 2984 3212 enim
3027 3159 3257 3214 Basilius
3305 3161 3357 3213 ia

142 3259 268 3297 ratur
297 3249 331 3312 ¹,
373 3267 390 3298 ι
422 3266 746 3318 consequens
791 3250 950 3304 simul
993 3269 1055 3304 ac
1107 3253 1460 3306 necessarium
1503 3253 1683 3306 existi-

138 3340 336 3409 mari(p.
362 3339 508 3405 2:25),
543 3353 600 3395 ut
631 3359 817 3405 sanam
869 3343 1028 3410 ﬁdem
1062 3361 1124 3397 ac
1157 3346 1296 3410 piam
1326 3346 1389 3396 de
1441 3344 1600 3397 Patre
1630 3354 1678 3398 et

137 3426 256 3483 Filio
284 3445 326 3484 ct
355 3432 550 3501 Spiritu
590 3444 780 3489 sancto
826 3438 1137 3489 sententiam
1168 3439 1318 3503 prius
1347 3453 1676 3504 exponerem,

138 3530 176 3575 et
206 3523 270 3575 ita
298 3525 498 3577 demum
555 3527 785 3579 moralia
831 3537 1135 3581 attexerem.
1163 3526 1420 3582 Protinus
1447 3542 1575 3598 ergo
1609 3528 1678 3584 de

141 3612 225 3664 ﬁde
257 3615 536 3682 incipiebat
561 3616 861 3678 disserere,
893 3619 1035 3671 nulla
1065 3619 1167 3670 alia
1216 3619 1453 3674 adhibita
1485 3619 1680 3688 pratia-

139 3700 276 3753 tione.
301 3704 364 3755 At
383 3705 609 3773 epistola
645 3708 710 3759 de
741 3706 844 3760 ﬁde
868 3708 1010 3768 hanc
1034 3709 1251 3764 exhibet
1269 3710 1636 3778 praéfationetn
1663 3727 1678 3765 :

136 3790 210 3844 Dei
241 3797 406 3861 optimi
431 3799 605 3865 gratia
634 3814 754 3852 cum
783 3799 912 3851 mihi
951 3800 1260 3854 innotuisset
1299 3812 1480 3856 uestrae
1513 3803 1682 3868 pieta-

136 3882 189 3934 tis
236 3886 526 3940 mandatum
555 3930 570 3953 ,
622 3898 731 3942 etc.
787 3888 955 3956 Nemo
1003 3905 1106 3942 non
1160 3891 1304 3944 videt
1362 3906 1521 3958 quam
1570 3892 1682 3944 haec

136 3975 249 4028 inter
291 3994 346 4033 se
395 3981 828 4045 disconviniant.
869 3981 926 4034 ’5ο
981 3981 1215 4051 Scripsit
1258 3981 1489 4035 Basilius
1543 3983 1682 4034 banc

137 4071 423 4135 epistolam,
460 4074 849 4127 nonnullorum
895 4075 1173 4127 hominum
1212 4085 1426 4140 rogatu,
1479 4074 1570 4142 qui
1613 4073 1680 4127 ab

135 4176 187 4210 eo
229 4166 484 4230 petierant
516 4167 620 4236 τῆς
651 4165 910 4228 εὐσεϐοῦς
964 4165 1200 4228 πίστεως
1247 4165 1520 4237 ἔγγραφον
1549 4166 1682 4236 ὁμο-

131 4249 306 4320 ὶῡγίαν,
337 4258 433 4322 pia?
462 4259 595 4325 ﬁdei
622 4259 841 4324 petitam
869 4273 932 4310 ea:
957 4257 1252 4325 Scripturis
1279 4256 1680 4325 confessionem,

130 4346 189 4397 ita
219 4357 269 4401 ut
297 4351 754 4405 consubstantiali
783 4361 1014 4404 careret.
1059 4351 1265 4403 Annuit
1290 4366 1476 4404 eorum
1506 4350 1681 4418 preci-

131 4434 214 4487 bus
244 4455 257 4486 :
296 4441 381 4492 sed
416 4456 483 4494 ne
511 4441 638 4509 quis
670 4441 865 4492 merito
895 4439 1680 4508 reprehenderetemissionem

128 4527 578 4584 consubstantialis
610 4569 627 4592 ,
681 4531 946 4583 rationem
1008 4528 1182 4584 reddit
1214 4543 1330 4594 cur,
1365 4544 1486 4583 cum
1521 4540 1680 4584 antea

130 4614 172 4667 in
208 4617 502 4675 refellendis
534 4621 808 4675 haereticis
838 4635 995 4674 voces
1023 4621 1357 4683 adhibuerit,
1395 4635 1515 4689 qua:
1542 4620 1682 4673 scri-

128 4715 213 4773 pta?
244 4724 342 4764 non
375 4721 502 4764 sunt
530 4751 544 4772 ,
605 4725 754 4763 nunc
811 4709 1080 4763 abstineat
1139 4708 1401 4776 ejusmodi
1436 4708 1681 4772 vocibus,

127 4810 223 4863 qua:
267 4802 386 4866 ipsis
418 4801 616 4854 litteris
642 4811 689 4854 et
727 4800 948 4871 syllabis
988 4803 1040 4853 in
1076 4800 1353 4870 Scriptura
1380 4800 1558 4853 divina
1581 4815 1684 4852 non

129 4891 446 4957 reperiuntur,
501 4895 718 4944 tantetsi
771 4895 981 4945 insitam
1033 4890 1320 4960 Scriptura:
1373 4893 1682 4947 sententiam

132 4993 309 5032 terram
359 4983 433 5053 (p.
461 4983 618 5052 9‘25).
652 4983 912 5038 Privatim
963 5001 1093 5054 ergo
1147 4984 1418 5039 nonnullis
1449 4985 1683 5038 consulit

133 5065 329 5124 Basilius
354 5113 368 5136 ,
418 5089 588 5143 seque
633 5075 699 5125 ad
740 5089 927 5127 eorum
970 5076 1340 5128 iulirmitatem
1377 5090 1682 5129 accommo-

133 5154 228 5217 dat,
254 5162 700 5216 consubstantiali
741 5163 1206 5230 przctermittendo
1227 5205 1243 5230 ,
1268 5165 1412 5234 quod
1444 5164 1513 5217 illi
1542 5163 1682 5219 forte

136 5252 339 5303 nondum
363 5265 689 5324 receperant
727 5273 740 5307 :
772 5255 866 5310 sed
909 5270 1250 5326 nequaquam
1280 5270 1466 5312 eorum
1495 5264 1679 5323 rogatu

193 5446 391 5502 'Gaiat.
421 5467 474 5511 γ,
502 5452 556 5505 6.
636 5454 656 5484 ¹
686 5451 806 5509 Act.
834 5470 923 5517 xx,
957 5452 1045 5508 30.

191 5654 402 5718 (alCo'l.
442 5661 567 5713 till.

193 5724 258 5794 (θ)
286 5729 352 5780 Ile
380 5733 574 5799 synod.

1784 3252 1898 3296 toto
1930 3244 2032 3297 hoc
2065 3242 2186 3297 loco
2222 3260 2429 3314 pugnas
2473 3255 2530 3300 et
2579 3248 2802 3302 dissidia
2853 3249 3132 3318 deplorat,
3190 3262 3247 3305 ut
3283 3252 3364 3304 la-

1787 3337 1888 3390 cile
1945 3345 2122 3405 pateat
2181 3341 2413 3392 nondum
2457 3339 2792 3395 subtractum
2862 3343 3028 3397 fuisse
3083 3344 3364 3398 Anommis
3449 3348 3452 3352 ’

1782 3427 2082 3481 Constantii
2139 3429 2540 3496 patrocinium,
2595 3432 2832 3486 nondum
2892 3431 3187 3488 Catholicis
3234 3437 3360 3489 red-

1782 3521 1950 3574 ditam
2009 3521 2360 3586 libertatein,
2416 3539 2580 3593 quam
2653 3525 2752 3580 sub
2802 3526 3020 3580 Juliano
3081 3530 3361 3584 consecuti

1783 3622 1928 3666 sunt.
3007 3612 3009 3614 ’

1856 3704 2033 3760 Credo
2083 3705 2343 3760 Basilium
2392 3707 2492 3760 hoc
2525 3723 2659 3775 opus
2702 3708 2813 3774 jam
2847 3711 3186 3778 absolvisse,
3235 3727 3363 3766 cum

1785 3795 2050 3851 scriberet
2103 3799 2384 3867 epistolam
2417 3815 2654 3864 nonam,
2702 3803 2796 3854 sed
2853 3805 3026 3858 adhuc
3084 3805 3367 3860 dubitasse

1784 3899 1960 3942 utrum
1988 3890 2040 3942 in
2071 3889 2241 3944 lucem
2273 3891 2457 3945 ederet
2487 3907 2674 3945 necne.
2713 3891 2766 3945 ld
2805 3894 2998 3962 colligo
3026 3910 3092 3949 ex
3139 3895 3226 3950 bis
3249 3911 3364 3950 νει·-

1786 3981 1868 4034 bis
1902 3999 1914 4034 :
1950 3981 2258 4034 Prtesertim
2285 3998 2403 4036 cum
2435 3981 2632 4052 alioqui
2661 3993 2842 4038 nostra
2881 3985 3096 4054 uulgare
3127 4003 3232 4040 non
3258 4004 3368 4042 om-

1786 4073 1909 4124 nino
1950 4074 2320 4130 statuerimus.
2352 4074 2660 4143 Scripserat
2694 4090 2824 4144 ergo
2859 4076 3060 4146 aliquid
3111 4077 3364 4146 Basilius,

1785 4164 1880 4217 sed
1906 4164 2191 4220 dubitabat
2217 4181 2284 4219 an
2313 4165 2580 4231 vulgaret.
2625 4166 2679 4220 ld
2709 4177 2888 4222 autem
2931 4168 3060 4221 nulli
3087 4169 3178 4222 alii
3210 4171 3363 4238 operi

1785 4253 1978 4308 n'ielius
2002 4255 2279 4316 convenit,
2319 4270 2481 4323 quam
2547 4255 2866 4312 Moralibus.
2916 4255 3048 4310 Nam
3085 4258 3253 4313 libros
3304 4260 3364 4312 in

1790 4341 2110 4398 Eunomium
2151 4346 2330 4400 studio
2359 4346 2610 4403 veritatis
2657 4347 2834 4416 palam
2878 4359 2932 4402 et
2963 4359 3151 4418 aperte
3177 4349 3366 4404 delenq

1712 4474 1759 4534 υ
1786 4435 1970 4488 dendre
2001 4438 2329 4506 compositos
2375 4438 2544 4494 fuisse
2577 4455 2641 4494 ex
2692 4441 2809 4510 ipso
2837 4442 3059 4496 exordio
3103 4442 3368 4512 perspici.

1790 4535 1893 4579 tur.

1859 4616 1951 4670 IV.
1997 4629 2002 4646 ε
2078 4622 2248 4671 ‘ltltllS
2286 4618 2375 4674 ille
2427 4619 2781 4691 philosophus
2807 4661 2822 4687 ,
2867 4621 2933 4676 ad
2966 4636 3127 4691 quem
3161 4621 3368 4690 scripta

1793 4717 1878 4762 est
1915 4723 2057 4762 nona
2104 4708 2291 4764 Basilii
2324 4711 2576 4780 cpistola,
2611 4714 2839 4783 petierat
2866 4729 2895 4767 a
2934 4713 3134 4768 Basilio
3163 4713 3368 4781 scripta

1793 4800 2039 4872 Dionysii
2077 4802 2454 4870 Alexandrini,
2485 4804 2753 4874 simulque
2769 4806 2894 4875 quid
2921 4806 2986 4860 de
3014 4807 3116 4860 hoc
3141 4806 3365 4873 scripto-

1791 4907 1849 4946 re
1909 4895 2134 4949 scntiret
2183 4895 2491 4949 sciscitatus
2516 4896 2712 4973 fuerat.
2745 4898 2958 4966 Scripta
2991 4896 3226 4967 Dionysii
3258 4912 3369 4949 non

1795 4986 2031 5040 habebat
2064 4988 2116 5041 in
2156 4989 2404 5044 manibus
2435 4989 2668 5045 Basilius
2701 4999 2756 5045 et
2784 4991 2983 5045 idcirco
3019 4992 3229 5044 mittere
3257 5005 3367 5042 non

1791 5079 1972 5148 putuit
2001 5096 2015 5131 :
2042 5079 2133 5132 sed
2170 5080 2236 5134 de
2268 5081 2383 5148 ipso
2419 5081 2676 5149 Dionysio
2731 5081 2968 5151 judicat,
3004 5091 3063 5136 nt
3121 5084 3171 5134 in
3211 5081 3367 5135 Notis

1795 5170 2230 5233 observavimus,
2260 5187 2365 5225 non
2405 5174 2834 5227 accuratissime.
2856 5171 3042 5227 Simile
3070 5174 3367 5227 secundum

1791 5260 2093 5312 essentiam
2138 5263 2353 5328 probat,
2388 5264 2546 5315 modo
2576 5263 2824 5327 addatur,
2853 5263 2987 5316 citra
3013 5263 3173 5318 ullam
3210 5263 3368 5332 dife-

1877 5660 1944 5733 (τ)
1982 5660 2095 5716 Lib.
2125 5676 2183 5728 tt,
2213 5677 2259 5718 c.
2290 5660 2379 5717 45.
