3820 6210
436 338 545 380 IX!

1784 332 2314 391 PROLEGOMENA‘.

438 444 699 508 sentiam;
734 459 891 501 secus
919 462 1068 511 vero,
1107 450 1305 505 si’illttd
1331 466 1433 505 non
1461 455 1711 523 addatur,
1732 467 1788 511 ut
1819 459 2016 513 factum
2048 465 2094 521 Α
2128 470 2271 513 tatur
2294 460 2529 525 viduam,
2561 460 2715 529 cujus
2747 458 2913 513 filium
2941 459 3269 530 Dionysium,
3302 462 3429 515 olim
3458 463 3655 519 Diome-

438 534 491 586 in
516 534 747 589 concilio
786 535 1406 609 Constantinopolitano.

512 622 723 693 Scripta
746 627 857 681 haec
891 629 1115 697 epistola
1149 641 1269 699 post
1298 633 1587 688 concilium
1625 634 2009 689 Constantino-

437 717 734 782 politanum
767 721 889 773 anni
916 720 1041 777 560.
1080 722 1195 776 Non
1231 734 1409 778 tamen
1469 729 1653 781 statim
1712 740 1833 798 post
1883 730 2009 783 illud

441 811 666 877 Scripta,
692 814 783 865 sed
800 813 937 869 forte
965 815 1253 886 interjecto
1270 818 1497 873 duorum
1519 836 1781 874 annorum
1813 824 2009 891 spatio.

440 897 574 952 Nam
609 902 662 953 in
689 904 915 972 epistola
945 917 1158 973 octava,
1192 924 1313 977 qua:
1337 912 1622 965 concilium
1655 914 1899 980 proxime
1932 916 2011 968 via

440 994 596 1045 detur
616 1005 819 1060 secuta,
852 1002 1161 1054 recentibus
1194 1002 1582 1056 Anommorum
1632 1004 1908 1060 fraudibus
1930 1006 2007 1059 of-

438 1084 644 1148 fensus,
682 1089 1154 1157 rejiciebatsimile
1184 1095 1300 1148 sine
1329 1097 1666 1163 exceptione.
1702 1097 1854 1153 Nunc
1908 1115 2007 1153 au-

440 1188 547 1230 tem
583 1179 759 1234 simile
796 1186 1093 1236 secundum
1125 1186 1418 1239 essentiam
1446 1189 1670 1253 probat,
1710 1192 1866 1243 modo
1911 1191 2009 1244 ad-

440 1265 597 1319 datur
622 1269 756 1321 cilra
784 1270 945 1323 ullam
988 1273 1359 1340 di/I‘erentiam.
1402 1275 1534 1330 Rem
1581 1293 1708 1347 ergo
1748 1281 2007 1335 attentius

439 1359 882 1415 consideraverat
935 1374 1055 1431 post
1108 1367 1363 1435 scriptam
1417 1369 1701 1437 epistolam
1738 1381 2005 1425 octavam.

439 1446 671 1503 Dubium
732 1462 912 1507 autem
958 1470 1061 1508 non
1097 1459 1341 1526 est-quin
1396 1475 1541 1512 nona
1582 1470 1707 1514 ante
1762 1464 2011 1517 sacerdo-

446 1540 581 1593 tium
610 1543 807 1612 scripta
841 1546 927 1599 sit.
958 1546 1090 1601 Eum
1124 1549 1266 1603 enim
1298 1558 1354 1604 et
1378 1552 1618 1620 corporis
1643 1552 1928 1607 infirmitas
1958 1562 2011 1606 et

438 1647 593 1687 amor
643 1635 951 1690 solitudinis
980 1639 1167 1692 eodem
1220 1655 1433 1709 semper
1477 1642 1595 1697 loco
1630 1643 1814 1708 fixum,
1842 1643 2011 1698 instar

440 1724 772 1792 plantarum,
815 1728 1090 1784 tenebant.
1122 1731 1378 1797 Quamvis
1408 1743 1586 1785 autem
1619 1732 1903 1803 presbyter
1928 1734 2010 1785 lb—

2118 552 2241 603 dcm
2295 551 2531 614 nomine,
2568 548 2798 602 habebat
2844 550 2895 602 in
2942 552 3269 603 monasterio
3320 566 3439 615 suo,
3469 564 3519 605 ιιι
3559 556 3656 622 ipsa

2115 639 2354 692 etiamin
2390 638 2631 690 eamdem
2661 638 3000 691 solitudinem
3027 653 3083 691 se
3115 639 3355 707 recipiat,
3395 642 3588 696 scilicet
3614 647 3655 699 in

2116 731 2498 783 monaSterium
2532 730 2839 793 mulierum,
2863 730 3003 798 quod
3053 730 3117 782 ad
3155 730 3376 783 alteram
3414 732 3560 788 Iridis
3594 738 3657 789 ri-

2114 835 2236 888 pam
2269 822 2429 873 situm
2464 830 2601 874 erat.
2634 819 2794 873 Mittit
2822 822 3017 873 adeam
3043 820 3207 873 lilium
3234 824 3412 889 :_velut
3436 826 3657 880 columba

2115 910 2265 962 cicur
2286 920 2557 978 unguento
2588 910 2749 964 oblita
2780 911 3028 974 mittitur,
3058 920 3115 963 ut
3149 910 3281 966 alias
3319 915 3483 967 odore
3510 926 3660 969 attra-

2115 1000 2225 1053 hat.
2279 1000 2332 1053 In
2364 1000 2647 1054 undecima
2684 1000 2909 1069 epistola
2946 1002 3011 1053 ad
3044 1001 3180 1055 idem
3213 1002 3510 1057 institutum
3551 1006 3660 1058 hor-

2114 1100 2261 1145 tatur
2308 1108 2469 1145 unum
2526 1108 2592 1147 ex
2647 1093 2857 1155 amicis,
2922 1094 3078 1163 cujus
3133 1095 3224 1148 filii
3290 1100 3656 1155 monasterium

2114 1183 2293 1236 Basilii
2350 1182 2667 1251 inviserant,
2708 1193 2763 1238 et
2817 1199 2939 1237 cum
2986 1198 3051 1237 eo
3088 1183 3226 1238 diem
3272 1185 3467 1239 festum
3509 1197 3660 1241 trans-

2114 1284 2357 1345 egerant.

2186 1366 2449 1418 Videntur
2489 1366 2654 1419 etiain
2692 1365 2758 1417 ad
2779 1378 3054 1419 secessum
3085 1367 3464 1434 et-primordia
3495 1367 3655 1422 Basilii

2113 1457 2409 1511 referendae
2462 1458 2702 1527 epistolae
2734 1459 2799 1511 12
2842 1468 2895 1512 et
2928 1458 3015 1521 15,
3049 1460 3128 1529 ad_
3156 1458 3460 1529 Olympium
3494 1480 3506 1515 :
3550 1472 3658 1516 sunt

2112 1554 2255 1604 enim
2313 1552 2365 1605 in
2418 1552 2607 1605 eodem
2666 1551 2987 1605 urbanitatis
3033 1567 3230 1622 genere
3269 1568 3332 1606 ac
3382 1562 3562 1621 quarta
3604 1555 3659 1607 ad

2114 1638 2357 1692 eumdem
2384 1640 2504 1693 data
2532 1657 2546 1705 ;
2579 1654 2679 1694 nec
2705 1642 2997 1710 quidquam
3027 1642 3228 1695 habent
3257 1643 3322 1694 de
3357 1643 3560 1713 magnis
3588 1659 3660 1697 re-

2112 1730 2233 1795 bus,
2257 1746 2392 1799 quas
2441 1732 2578 1785 infra
2622 1732 2879 1786 Basilium
2921 1748 3042 1787 cum
3091 1734 3193 1788 hoc
3251 1733 3658 1789 Neocazsariensi

438 1828 559 1873 ctus
598 1820 648 1873 in
708 1822 1050 1878 solitudinem
1100 1827 1316 1880 redierit
1346 1869 1361 1891 ,
1391 1828 1480 1881 hic
1526 1836 1704 1882 tamen
1763 1844 2005 1882 secessus

2116 1822 2228 1875 cive
2260 1830 2679 1889 pertractantem
2722 1823 3041 1877 videbimus.

439 1910 790 1968 brevissimus
842 1914 960 1969 fuit.
1011 1916 1223 1985 Scripta
1275 1934 1403 1988 ergo
1446 1920 1559 1973 hmo
1594 1935 1733 1973 nona
1781 1920 2005 1988 epistola

438 2000 584 2054 circa
621 2018 818 2057 annum
843 2005 968 2072 561,
999 2017 1091 2060 aut
1114 2008 1240 2073 562,
1266 2026 1387 2065 cum
1409 2010 1520 2079 jam
1546 2011 1799 2077 Mat-alia,
1837 2022 1895 2066 ut
1927 2028 2011 2067 su-

440 2107 533 2159 pra
564 2094 820 2161 diximus,
859 2102 1265 2169 composuisset.

428 2206 429 2209 η
508 2179 564 2233 1η
592 2183 806 2251 vulgato
833 2185 1140 2241 litterarum
1174 2190 1364 2245 ordine
1394 2192 1512 2246 dum
1547 2192 1719 2245 eidem
1774 2193 2009 2249 Maximo

440 2272 760 2343 philosopho
792 2277 1063 2345 inscripta:
1091 2291 1245 2333 erant
1286 2282 1526 2349 epistolze
1551 2324 1564 2346 ,
1597 2299 1788 2352 nempe
1835 2285 1896 2337 41
1954 2295 2009 2340 et

436 2362 528 2414 42.
563 2362 744 2431 Neque
793 2367 846 2421 id
878 2384 1064 2436 parum
1118 2370 1419 2426 facessebat
1464 2372 1811 2427 difﬁcultatis.
1844 2374 2004 2428 Multa

438 2454 582 2506 enim
620 2456 866 2511 dubitare
893 2463 1178 2527 cogebant,
1208 2474 1389 2515 utrum
1430 2465 1565 2517 idem
1595 2466 1665 2518 sit
1697 2466 1749 2518 in
1778 2475 2007 2537 utraque

437 2544 661 2608 cpistola
707 2545 972 2603 Maximus
1010 2560 1103 2605 :et
1152 2552 1196 2605 si
1230 2552 1394 2619 idem,
1421 2569 1449 2607 a
1487 2555 1719 2611 Maximo
1755 2560 1805 2612 in
1837 2559 2007 2613 histo-

442 2636 520 2690 ria
569 2640 739 2693 sancti
784 2639 1034 2711 Gregorii
1088 2642 1416 2698 Nazianzeni
1478 2646 1764 2703 decantata
1814 2649 2043 2712 distin-.

438 2729 680 2793 guendus
726 2732 1028 2798 videbatur,
1079 2745 1371 2804 propterea
1424 2738 1565 2805 quod
1619 2738 1889 2794 Maximus
1951 2742 2005 2794 in

439 2822 597 2884 epist.
625 2822 697 2874 al.
725 2823 793 2876 42
830 2826 1014 2879 Basilii
1064 2841 1130 2879 ex
1156 2827 1319 2881 nobili
1346 2828 1507 2883 domo
1532 2830 1625 2884 sed
1650 2833 1856 2900 gentili,
1882 2849 2008 2901 pro-

437 2913 581 2965 di‘or
602 2925 781 2969 autem
812 2918 1059 2987 Gregorii
1084 2934 1150 2973 ex
1183 2922 1411 2975 obscura
1437 2964 1451 2989 ,
1482 2924 1577 2977 sed
1603 2933 1781 2979 tamen
1809 2936 2008 2997 marty-

440 3021 528 3057 res
572 3020 892 3064 numerante
917 3010 1120 3065 familia
1141 3021 1290 3067 ortus
1317 3014 1597 3069 dicebatur
1622 3017 1719 3087 (α).
1747 3017 1850 3072 Sed
1883 3035 2003 3073 cum

435 3098 661 3163 cpistola
704 3101 838 3159 alias
868 3102 940 3156 42
995 3105 1047 3157 in
1087 3106 1331 3173 antiquis
1356 3107 1639 3162 codicibus
1682 3110 2006 3165 inscribatnr

2188 1913 2292 1967 Sed
2318 1914 2585 1983 praecipue
2612 1915 2770 1969 nobis
2796 1916 3067 1970 reddenda
3088 1918 3245 1985 ratio,
3272 1932 3369 1971 cur
3399 1918 3659 1987 epistolam

2116 2004 2377 2057 decimam
2432 2013 2705 2073 quartam,
2738 2006 2873 2059 alias
2924 2008 3190 2061 decimam
3240 2023 3461 2073 nonam,
3514 2025 3654 2078 quam

2115 2094 2488 2150 'l‘illemonlius
2510 2106 2565 2150 et
2593 2096 2682 2150 alii
2734 2098 2909 2152 critici
2964 2100 3208 2153 omnium
3257 2101 3484 2169 primam
3514 2102 3561 2154 in
3585 2117 3660 2154 se-

2116 2200 2270 2239 cessu
2302 2187 2559 2255 scriptam
2602 2188 2938 2253 existimant,
2974 2190 3148 2244 serius
3202 2191 3547 2246 collocemus.
3574 2192 3659 2245 Vix

2114 2279 2333 2331 dubium
2383 2277 2513 2345 quin
2561 2279 2759 2346 scripta
2795 2280 2865 2333 sit
2908 2264 3191 2345 Caesareae,
3224 2297 3345 2335 cum
3391 2283 3660 2350 Gregorius

2114 2369 2282 2422 frater
2317 2368 2514 2423 Basilio
2548 2370 2861 2437 scripsisset
2908 2371 3045 2426 velle
3068 2388 3125 2426 se
3149 2389 3270 2426 cum
3302 2388 3369 2427 eo
3403 2376 3657 2443 congredi,

2114 2460 2361 2528 idemque
2408 2476 2529 2515 esse
2587 2462 2797 2515 consilii
2858 2462 3118 2531 Gregorio
3157 2464 3514 2522 Natianzeno.
3541 2466 3658 2520 Tum

2113 2550 2364 2614 Basilius,
2405 2567 2525 2605 cum
2556 2554 2751 2619 partim
2785 2554 3013 2623 negotiis
3068 2568 3437 2622 revocaretur,
3484 2558 3659 2625 partim

2112 2642 2377 2711 Gregorio
2396 2642 2757 2710 Nazianzeno,
2791 2660 2819 2698 a
2862 2661 2968 2727 quo
2998 2647 3155 2702 toties
3199 2648 3456 2717 deceptus
3482 2648 3659 2715 fuerat,

2112 2750 2301 2804 parum
2332 2736 2613 2801 crederet;
2654 2735 2841 2791 scribit
2865 2737 2912 2791 ei
2942 2746 3346 2809 selexspectare
3368 2757 3471 2795 non
3500 2758 3658 2810 posse,

2113 2842 2175 2879 ac
2202 2826 2508 2881 solitudinis
2533 2843 2643 2881 suae
2671 2828 2970 2896 elegantem
3022 2832 3285 2899 picturam
3316 2844 3443 2889 ante
3491 2835 3656 2889 oculos

2114 2917 2254 2974 illius
2278 2919 2446 2988 ponit.
2486 2919 2636 2973 Facit
2662 2935 2780 2974 cum
2802 2920 3143 2977 Tillemontio
3167 2924 3338 2992 prima
3368 2941 3536 2979 rerum
3557 2940 3660 2994 spe-

2113 3009 2225 3065 cies
2272 3020 2325 3063 et
2367 3011 2606 3079 epistolas
2636 3012 2794 3067 lectio
2838 3028 2944 3067 non
2982 3014 3137 3069 valde
3191 3016 3421 3071 intenta.
3456 3016 3659 3071 Videtur

2110 3090 2256 3155 enim
2290 3102 2523 3157 Basilius
2556 3102 2899 3158 solitudinem
2934 3120 3085 3160 suam
3133 3108 3464 3175 describere,
3504 3119 3558 3164 ut
3593 3110 3656 3164 lo-

439 3189 673 3245 Maximo
709 3194 1057 3261 scholastico,
1085 3198 1220 3250 nihil
1249 3199 1363 3265 jam
1390 3199 1554 3252 oﬂicil
1588 3202 1881 3268 quominus
1905 3202 2005 3255 Ma-

2116 3207 2231 3246 cum
2280 3208 2551 3261 nunquam
2588 3194 2851 3265 Gregorio
2878 3196 3075 3251 visum.
3122 3197 3325 3255 Deinde
3382 3216 3508 3257 vero
3533 3203 3657 3271 quod

438 3284 638 3348 xiutus,
662 3286 727 3339 ad
758 3302 916 3354 quem
952 3292 1075 3341 data
1106 3300 1189 3343 est
1218 3290 1441 3358 epistola
1471 3307 1609 3345 noua
1642 3293 1843 3358 Basilii,
1864 3296 2004 3349 idem

439 3374 512 3427 sit
542 3389 605 3429 ac
639 3374 727 3428 ille
755 3379 891 3445 apud
940 3376 1262 3446 Gregorium
1319 3380 1603 3436 Maximus.
1663 3382 1828 3437 Multa
1878 3401 2009 3442 sane

438 3477 773 3521 concurrunt
818 3470 1117 3524 simillima.
1151 3471 1297 3526 Idem
1333 3489 1527 3529 nomen
1555 3516 1570 3540 ,
1603 3476 1745 3530 idem
1769 3478 2010 3545 philoso-

440 3555 531 3624 phi
591 3556 799 3610 titulus.
854 3557 1118 3614 Maximus
1150 3601 1164 3625 ,
1200 3562 1265 3615 de
1295 3577 1402 3631 quo
1436 3563 1702 3630 Basilius,
1743 3568 1912 3622 civem
1950 3585 2009 3623 se

438 3647 587 3700 orbis
610 3655 875 3701 terrarum
901 3648 1125 3704 fecerat.
1156 3650 1302 3706 Idem
1346 3654 1412 3706 de
1443 3669 1540 3707 suo
1579 3655 1811 3711 Maximo
1844 3666 2009 3712 testa-

430 3736 528 3792 ‘tur
548 3738 842 3809 Gregorius
873 3742 947 3812 (p.
971 3743 1029 3796 41
1048 3742 1118 3813 l),
1149 3744 1261 3797 Nec
1288 3745 1421 3797 enim
1446 3747 1781 3814 cynicismus,
1809 3748 2006 3817 inquit,

437 3834 644 3902 exiguis
699 3834 889 3901 ﬁnibus
938 3837 1298 3890 circumscribi
1352 3842 1594 3893 sustinet.
1654 3840 1806 3894 Unde
1861 3850 2009 3908 patet

437 3924 709 3979 immerito
758 3928 1003 3997 cynicam
1048 3929 1196 3983 illam
1248 3931 1587 3999 disciplinam
1623 3933 1792 3985 videri
1841 3932 2007 3986 Tille-

439 4015 648 4069 montio
683 4031 805 4071 cum
864 4016 1134 4079 laudibus,
1169 4033 1306 4086 quas
1353 4020 1584 4073 Maximo
1614 4022 1800 4074 tribuit
1849 4021 2005 4075 Basi-

438 4105 544 4161 lius
574 4107 650 4176 (p.
682 4107 833 4179 ΜΞ),
866 4124 1125 4179 pugnare.
1153 4110 1251 4165 .lit
1290 4112 1451 4164 etiam
1502 4111 1794 4181 Gregorius
1840 4113 2010 4177 Maxi-

436 4214 604 4263 mum,
626 4215 745 4252 cum
783 4201 988 4254 videret
1018 4200 1315 4254 solitariam
1351 4204 1515 4256 vitam
1546 4219 1647 4259 nec
1669 4206 1904 4273 prepriis
1926 4205 2007 4257 in-

424 4276 739 4345 commodis
770 4308 981 4356 carere,
1008 4309 1108 4346 nec
1140 4294 1192 4347 in
1243 4294 1470 4347 aliorum
1504 4297 1767 4364 augendis
1806 4297 2008 4349 incom-

436 4384 612 4437 modis
640 4386 868 4446 versari,
896 4386 1155 4438 maluisse
1187 4387 1238 4438 in
1264 4386 1423 4440 rebus
1454 4387 1704 4452 gerendis
1728 4387 2003 4454 oecupari,

435 4484 491 4526 ct
515 4489 579 4526 ex
611 4474 819 4528 duobus
844 4477 1075 4543 egregiis
1122 4476 1245 4529 vitm.
1282 4477 1542 4530 institutis
1598 4478 1723 4530 illud
1756 4478 1981 4547 elegisse

435 4568 576 4632 quod
606 4575 661 4619 et
702 4568 802 4620 sibi
842 4577 893 4620 et
928 4568 1047 4622 aliis
1078 4570 1319 4638 prodest.
1355 4569 1430 4622 Ex
1455 4571 1648 4638 quibus
1681 4586 1843 4638 supra
1876 4587 2003 4639 pro-

436 4658 682 4712 bavimus
710 4659 783 4729 (b)
813 4658 1104 4719 Maximum
1132 4674 1198 4713 ex
1219 4678 1443 4715 numero
1475 4673 1779 4715 ascetarum
1812 4662 1999 4717 fuisse.

434 4750 634 4804 Eadem
686 4766 908 4819 prorsus
942 4752 1081 4819 apud
1132 4752 1405 4806 Basilium.
1441 4754 1581 4807 Nam
1629 4754 1673 4806 si
1711 4754 1872 4820 vobis,
1905 4756 1993 4808 in-

435 4842 573 4909 quit,
596 4844 825 4895 acluosis
856 4852 1151 4911 competunt
1174 4845 1351 4911 populi
1380 4857 1426 4897 et
1461 4846 1610 4898 urbes
1637 4885 1653 4910 ,
1683 4847 1868 4915 quibus
1904 4864 1992 4899 re-

436 4943 515 4986 cle
546 4934 687 5001 facta
712 4935 985 4987 ostenditis
1011 4974 1025 4997 ,
1056 4945 1158 4989 etc.
1196 4935 1382 4990 Exstat
1429 4937 1589 4989 etiam
1641 4940 1813 4991 sancti
1845 4939 2008 4992 Atha-

434 5025 571 5078 nasii
601 5025 823 5093 epistola
853 5028 919 5081 ad
953 5026 1247 5081 Maximum
1275 5028 1671 5097 philosophum,
1706 5045 1864 5097 quem
1891 5045 2006 5083 san-

432 5126 553 5171 ctus
583 5116 745 5173 Pater
775 5120 989 5175 eximiis
1014 5130 1172 5175 ornat
1197 5121 1446 5175 laudibus
1479 5140 1492 5175 :
1526 5138 1625 5177 nec
1657 5123 2005 5192 improbabile

434 5216 517 5261 est
549 5210 798 5264 eumdem
831 5226 976 5280 esse,
1006 5228 1070 5267 ac
1111 5227 1234 5267 eum
1266 5213 1331 5267 de
1360 5227 1466 5281 quo
1493 5211 1785 5283 Gregorius
1810 5228 1874 5268 ac
1900 5212 2002 5266 Ba-

435 5297 614 5351 silius.

506 5381 571 5437 V.
590 5383 899 5456 Sequuntur
920 5389 1035 5444 duae
1053 5390 1265 5457 litterm,
1284 5392 1585 5447 manifestis
1602 5405 1848 5447 secessus
1862 5391 2002 5446 notis

434 5477 683 5547 signatae,
719 5498 913 5555 nempe
932 5488 1136 5543 decima
1163 5500 1216 5544 et
1243 5488 1544 5545 undecima.
1580 5487 1633 5543 ln
1669 5488 1841 5558 prima
1875 5486 1999 5543 bor-

1493 5686 1542 5709 9.

508 5722 585 5795 (a)
622 5722 750 5780 Naz.
768 5741 849 5782 or.
879 5728 967 5782 2'5.

1990 4520 2004 4545 ’
2038 4518 2083 4573 Β

2110 3284 2184 3336 ait
2208 3276 2311 3337 sibi
2363 3286 2700 3352 migrandum
2730 3301 2853 3339 esse
2876 3287 2928 3340 in
2953 3286 3204 3354 Pontum,
3238 3291 3325 3344 ubi
3369 3307 3427 3346 se
3464 3294 3657 3346 tandem

2109 3374 2397 3445 aliquando
2436 3376 2595 3429 finem
2626 3377 2914 3431 oberrandi
2948 3378 3218 3433 facturum
3261 3394 3445 3449 sperat
3477 3401 3490 3448 ;
3520 3398 3657 3436 nemo

2110 3467 2224 3521 fere
2250 3475 2351 3531 est,
2377 3468 2467 3535 qui
2503 3483 2607 3519 non
2642 3469 2753 3521 haec
2784 3468 3021 3524 hominis
3049 3470 3393 3527 solitudinem
3419 3486 3660 3544 appeten-

2109 3556 2198 3623 tis,
2231 3558 2322 3611 sed
2347 3558 2579 3611 nondum
2610 3558 2754 3611 illam
2800 3561 3009 3627 experti
3050 3561 3191 3615 dicta
3228 3577 3349 3618 esse
3383 3576 3549 3632 putet.
3580 3563 3661 3618 liae

2110 3650 2357 3704 netiones
2389 3650 2628 3702 animum
2689 3650 2943 3715 subeunt,
2977 3653 3021 3705 si
3056 3668 3265 3708 summa
3314 3658 3537 3725 vestigia
3582 3672 3659 3711 se-

2109 3756 2357 3809 quamur.
2415 3742 2519 3795 Sed
2574 3742 2615 3794 si
2661 3742 2783 3811 quis
2836 3743 3167 3812 singularum
3210 3760 3390 3800 rerum
3442 3749 3656 3817 pondera

2109 3834 2412 3896 examinet,
2482 3834 2528 3888 is
2577 3833 2817 3901 profecto
2879 3835 3016 3889 hanc
3080 3836 3358 3904 epistolam
3423 3839 3659 3907 intelliget

2108 3942 2214 3979 non
2269 3926 2448 3978 statim
2512 3934 2631 3993 post
2690 3926 2920 3981 reditum
2987 3942 3049 3980 ex
3090 3927 3306 3983 Oriente
3350 3940 3403 3983 et
3448 3929 3659 4000 Aigypto

2110 4017 2364 4084 scriptam
2423 4030 2567 4079 esse,
2594 4016 2685 4070 sed
2744 4017 2948 4085 aliquot
2991 4017 3185 4085 elapsis
3238 4020 3396 4074 annis
3435 4031 3486 4075 et
3530 4030 3659 4089 post-

2108 4123 2269 4177 quam
2298 4107 2590 4175 Gregorius
2626 4110 2677 4162 in
2708 4110 3037 4164 monasterio
3060 4110 3216 4165 Ponti
3245 4111 3553 4182 aliquandiu
3588 4110 3657 4163 vi-

2108 4197 2296 4251 xisset.

2180 4288 2234 4340 1⁰
2266 4288 2398 4341 Illud
2434 4299 2580 4343 certo
2623 4301 2855 4357 constat,
2884 4292 3164 4357 Basilium,
3190 4294 3281 4347 ubi
3317 4297 3544 4363 primum
3585 4308 3660 4348 re-

2108 4380 2243 4432 sedit
2268 4381 2317 4432 in
2345 4380 2662 4446 solitudine,
2696 4384 2762 4435 ad
2788 4384 3105 4453 Gregorium
3134 4388 3418 4455 scripsisse
3441 4399 3493 4442 et
3526 4388 3658 4439 loco-

2113 4487 2230 4523 rum
2287 4473 2446 4524 situm
2490 4473 2537 4525 ei
2588 4472 2960 4542 descripsisse.
3022 4477 3157 4532 lluic
3206 4490 3383 4533 autem
3442 4479 3658 4549 epistola:

2114 4561 2255 4615 nulla
2291 4577 2515 4630 prorsus
2545 4573 2721 4618 exstat
2746 4565 2989 4635 Gregorii
3022 4570 3325 4637 responsio.
3365 4570 3511 4635 Quod
3530 4570 3655 4621 enim

2112 4654 2389 4722 respondit
2416 4670 2473 4708 se
2499 4654 2735 4708 locorum
2774 4658 2877 4711 situ
2904 4674 3010 4711 non
3059 4659 3283 4712 multum
3317 4660 3538 4723 moveri,
3569 4655 3656 4709 nisi

2110 4746 2271 4799 etiam
2308 4746 2376 4799 de
2418 4746 2628 4800 vivendi
2662 4763 2857 4815 genere
2888 4750 3089 4817 aliquid
3146 4752 3371 4819 ediscat,
3401 4752 3451 4805 id
3482 4766 3543 4804 ex
3571 4749 3657 4801 Ba-

2109 4837 2220 4891 silii
2254 4837 2496 4906 cpistola:
2526 4840 2773 4892 secunda:
2804 4840 2955 4896 initio
2978 4841 3254 4907 discimus,
3284 4854 3339 4895 at
3361 4842 3500 4896 nulla
3522 4854 3657 4908 pror-

2107 4943 2201 4983 sus
2240 4928 2294 4981 in
2333 4928 2554 4995 epistola
2624 4930 2864 4998 Gregorii
2922 4930 3132 5001 legitur.
3206 4933 3499 4987 Amisimus
3541 4942 3656 4996 ergo

2110 5021 2255 5090 quod
2299 5021 2594 5091 Gregorius
2636 5021 2835 5077 Basilio
2898 5026 3240 5081 solitudinem
3291 5033 3404 5081 tum
3445 5024 3655 5095 primum

2109 5113 2414 5181 degustanti
2482 5116 2855 5183 rescripserat.
2893 5116 2962 5169 At
3008 5118 3147 5172 idem
3185 5118 3251 5172 de
3297 5119 3401 5172 hac
3452 5112 3654 5185 cpistola

2111 5207 2200 5273 H,
2235 5206 2366 5261 olim
2406 5208 2492 5272 19,
2522 5208 2623 5261 dici
2654 5224 2759 5262 non
2796 5219 2993 5277 potest.
3053 5210 3322 5265 Habemus
3372 5210 3511 5264 enim
3546 5204 3654 5259 huic

2108 5299 2350 5368 epistola:
2375 5300 2838 5352 accuratissimam
2864 5311 2918 5354 et
2940 5301 3399 5369 elegantissimam
3431 5293 3653 5366 Gregorii

2114 5390 2548 5457 responsionem,
2612 5406 2808 5461 nempe
2870 5394 3150 5461 epistolam
3193 5395 3247 5457 7,
3280 5409 3399 5462 quas
3448 5385 3652 5457 singulis

2106 5482 2355 5551 cpistola:
2381 5481 2565 5536 Basilii
2599 5484 2841 5554 vestigiis
2890 5485 3112 5553 insistit,
3151 5496 3199 5541 et
3255 5485 3468 5554 paribus
3495 5475 3651 5534 verbis

2195 5731 2265 5801 (b)
2306 5731 2436 5801 Cap.
2475 5730 2529 5797 4,
2573 5748 2625 5785 ιι.
2653 5730 2705 5784 ὁ.
