3820 6210
1455 340 1612 394 VlTA
1658 339 1714 396 S.
1752 336 2014 396 BASILH.

3236 347 3369 388 XXII

149 451 281 522 paris
309 454 570 523 rependit.
629 453 1019 527 Distinguenda
1055 469 1184 524 ergo
1228 456 1346 510 haec
1370 455 1592 524 epistola
1622 453 1689 507 tl
1716 456 1763 511 Α
1805 455 2085 521 concipies,
2126 461 2324 522 quanto
2356 454 2523 522 magis
2555 467 2649 505 nos
2671 467 2737 505 ex
2773 450 2902 519 ipsis
2935 421 3126 502 rebus?
3149 447 3223 500 Ac
3250 463 3368 500 ma-

141 548 200 599 ab
226 561 280 600 ea
304 563 456 616 quam
490 549 644 602 initio
688 565 937 606 secessus
979 550 1238 620 scriptam
1269 565 1373 604 una
1405 566 1524 605 cum
1552 548 1686 604 Gre-

142 639 260 709 gorii
291 654 543 708 responso
562 641 864 696 amisimus.

195 731 247 784 2°
280 731 604 802 Perspicitur
639 750 704 787 ex
737 735 982 805 Gregorii
1021 737 1248 806 epistola
1296 738 1352 801 7,
1401 752 1524 792 eum
1571 737 1682 804 jam

137 825 185 879 in
212 825 483 879 solitudine
530 827 712 881 Basilii
749 841 1143 884 commoratum
1186 830 1374 894 fuisse,
1398 846 1520 886 cum
1570 832 1686 884 haec

136 919 261 971 inter
298 929 582 988 utrumque
617 922 1010 976 scriberentur.
1073 922 1361 991 Postquam
1411 924 1554 978 enim
1605 921 1687 977 fe-

133 1011 254 1063 stive
271 1009 476 1076 jocatus
491 1021 574 1064 est
596 1012 646 1064 in
675 1011 929 1067 Ponticas
962 1014 1231 1078 tenebras,
1265 1016 1318 1069 in
1355 1015 1516 1071 situm
1543 1016 1686 1071 illius

137 1101 434 1165 solitudinis,
465 1119 629 1171 quam
663 1102 897 1159 Basilius
944 1120 1086 1173 pene
1119 1105 1352 1161 insulam
1380 1121 1502 1162 esse
1534 1109 1686 1162 dixe-

134 1202 227 1255 rat,
251 1203 300 1244 et
324 1194 374 1245 in
403 1192 623 1248 ﬂuvium
665 1191 827 1263 qu'em
857 1213 980 1251 cum
1018 1199 1304 1268 Strymone
1331 1214 1684 1268 comparave-

133 1294 232 1349 rat;
258 1294 358 1338 tum
385 1301 513 1338 vero
553 1288 664 1341 ait:
706 1288 775 1339 "A
805 1289 902 1358 μὲν
943 1285 1037 1342 οὖν
1078 1291 1240 1361 ἡμεῖς
1271 1291 1529 1362 σύνισμεν
1566 1295 1686 1356 ταῖς

133 1371 225 1423 τῶν
260 1373 512 1443 μακάρων
570 1378 755 1447 νήσοις
809 1379 1106 1442 ταύταις...
1139 1381 1313 1434 ταῦτά
1369 1384 1508 1435 ἐστι.
1551 1382 1687 1446 Qua!

134 1463 276 1530 igitur
316 1465 504 1520 scimus
548 1467 612 1522 de
659 1468 765 1521 illis
808 1471 1206 1538 fortunatorum
1261 1473 1518 1527 insulis...
1574 1473 1686 1526 Itwc

135 1563 259 1608 sitat.
285 1554 396 1609 lam
443 1573 576 1628 ergo
615 1558 874 1614 Basilium
912 1561 1175 1616 inviserat
1228 1563 1686 1634 Gregorinsﬁnec

133 1646 398 1715 quidquam
446 1649 687 1713 dicebat,
726 1652 870 1720 quod
902 1668 1006 1706 non
1039 1656 1319 1707 oculorum
1369 1655 1684 1708 testimonio

132 1738 377 1803 cognitum
434 1740 684 1806 haberet,
735 1754 795 1795 ut
851 1744 1091 1798 declarat
1128 1761 1231 1798 vox
1263 1744 1450 1800 Grzeca
1497 1746 1684 1800 σύνισ-

1790 547 1967 612 jorem
2004 555 2210 612 partem
2253 545 2713 613 prtrterntittemus
2760 545 2990 595 aliarum
3020 557 3218 596 rerum,
3253 556 3370 608 qua:

1793 637 1975 691 multm
2029 637 2174 690 nobis
2223 638 2570 705 contigerunt,
2624 635 2822 702 pudore
2887 632 3142 685 deterriti.
3185 629 3370 684 Tertio

1790 730 1977 782 eat'lem
2005 730 2070 782 de
2105 741 2161 781 re
2193 727 2488 796 Gregorius
2519 728 2734 794 scripsit
2768 726 2866 796 (b),
2893 725 2986 779 sed
3029 738 3134 778 non
3169 723 3361 775 eodem

1793 820 1975 873 modo.
2019 819 2268 873 Declarat
2321 819 2465 872 enim
2510 833 2569 872 se
2613 833 2718 870 non
2768 817 2970 870 salibus
3010 824 3069 867 ut
3113 823 3271 865 antea
3310 819 3362 864 et

1785 910 1927 980 jocis
1963 911 2262 981 indulgere,
2301 911 2392 965 sed
2423 912 2569 967 serio
2599 911 2766 978 loqui.
2799 909 2963 964 Grata
2988 905 3366 962 recordatione

1791 1013 2020 1058 renovat
2054 1003 2108 1056 in
2149 1004 2329 1058 animo
2354 1004 2470 1057 dies
2491 1017 2611 1057 cum
2643 1001 2844 1055 Basilio
2860 999 3185 1067 :traduetos,
3213 993 3364 1064 psal-

1790 1096 1998 1149 modias
2041 1103 2096 1148 et
2119 1095 2350 1164 vigilias,
2394 1093 2645 1157 fratrum,
2681 1107 2814 1162 quos
2844 1091 3073 1145 Basilius
3103 1091 3168 1143 ad
3213 1102 3364 1142 sum-

1789 1203 1936 1242 mum
1965 1187 2182 1256 pietatis
2223 1187 2510 1250 evehebat,
2539 1185 2902 1240 rconcordiam
2952 1192 3007 1236 et
3057 1182 3365 1235 animorum

1789 1279 2258 1349 conjunctionem,
2309 1280 2542 1348 scriptas
2604 1293 2709 1332 una
2759 1291 2881 1330 cum
2937 1273 3134 1328 Basilio
3173 1285 3363 1325 mona-

1789 1371 1941 1423 sticae
1957 1371 2079 1424 vitae
2104 1371 2250 1439 leges
2267 1379 2320 1424 et
2340 1369 2574 1439 regulas,
2601 1383 2771 1422 sacrm
2795 1367 3089 1435 Scripturae
3102 1364 3363 1428 studium,

1788 1473 1844 1516 et
1875 1477 2128 1515 manuum
2181 1462 2442 1516 laborem.
2483 1460 2618 1515 Sunt
2650 1460 2732 1513 lim
2754 1456 3000 1528 Gregorii
3032 1463 3143 1511 tres
3170 1455 3367 1508 litterae

1791 1553 1862 1607 ita
1899 1555 2039 1608 inter
2071 1567 2128 1607 se
2181 1569 2354 1620 nexae,
2384 1563 2444 1607 ut
2475 1552 2660 1607 divelli
2704 1568 2810 1605 non
2855 1551 3108 1619 possint:
3149 1556 3201 1602 et
3240 1561 3366 1600 cum

1789 1662 1973 1702 earum
2027 1647 2434 1702 scribendarum
2490 1647 2643 1715 origo
2698 1660 2763 1698 ex
2798 1643 2982 1698 Basilii
3026 1640 3253 1709 epistola
3295 1641 3365 1692 14

1789 1745 1908 1788 orta
1973 1735 2079 1800 sit,
2134 1736 2332 1790 merito
2377 1735 2668 1789 statuimus
2725 1735 2864 1788 bane
2919 1732 3201 1801 epistolam
3257 1745 3362 1783 non

132 1844 234 1896 μεν.
268 1828 420 1882 Certe
446 1829 750 1901 Gregorius
777 1832 960 1887 Basilii
991 1835 1336 1888 solitudinem
1358 1834 1686 1902 sicjocando
1719 1815 1765 1871 Β
1793 1827 1947 1881 initio
1976 1842 2226 1882 Secessus
2271 1827 2528 1898 scriptam
2574 1825 2776 1894 Ῐυίεεθ,
2827 1825 2920 1879 sed
2951 1824 3159 1894 aliqum
3204 1824 3366 1876 annis

127 1918 385 1984 describit,
418 1931 476 1975 ut
509 1939 634 1977 eum
679 1924 751 1978 ibi
798 1925 911 1993 jam
967 1939 1233 1980 moratum
1285 1943 1408 1982 esse
1458 1918 1680 1999 liqueat.

128 2010 220 2067 Sed
245 2014 378 2082 quod
414 2032 530 2070 rem
580 2033 917 2088 causamque
953 2022 1190 2076 maxime
1235 2024 1501 2087 continet,
1536 2035 1687 2091 post-

125 2123 263 2173 quam
293 2110 419 2164 satis
446 2110 665 2180 jocatus
716 2122 818 2172 est,
851 2114 927 2166 ait
960 2132 973 2166 :
1015 2112 1094 2167 Tu
1145 2124 1354 2178 autem,
1423 2117 1684 2186 siquidem

123 2196 202 2251 ltos
222 2199 359 2267 jocos
392 2218 545 2270 a'quo
571 2205 744 2257 animo
779 2206 939 2273 feras,
980 2215 1117 2259 recte
1142 2207 1325 2274 feceris
1350 2225 1370 2272 ;
1397 2208 1478 2262 sin
1511 2225 1683 2274 secus,

123 2288 257 2355 plura
297 2309 499 2362 quoque
561 2296 931 2366 adjungemus.
962 2298 1095 2352 Cum
1148 2297 1378 2352 Basilius
1436 2299 1682 2370 Gregorii

118 2381 464 2453 jocos,utpar
491 2398 633 2453 erat,
672 2390 970 2458 accepisset
1003 2429 1018 2454 ,
1071 2399 1182 2443 tum
1222 2405 1344 2444 eum
1385 2389 1684 2458 Gregorius

122 2474 190 2526 sic
206 2478 480 2544 compellat
509 2479 565 2532 in
593 2481 698 2534 alia
726 2483 952 2550 epistola
981 2483 1058 2554 (a)
1088 2503 1102 2538 ε
1151 2485 1418 2550 Quoniam
1448 2502 1567 2553 quae
1595 2486 1684 2554 jo-

121 2576 274 2616 cantes
297 2568 363 2617 ad
395 2579 444 2619 te
473 2570 807 2636 scripsimus,
844 2589 993 2643 (equo
1035 2591 1212 2627 animo
1260 2575 1388 2643 fers,
1414 2591 1530 2643 age,
1564 2592 1683 2645 quin

121 2667 413 2723 sequuntur,
467 2660 832 2728 adjiciamus,
890 2665 956 2718 ab
1008 2665 1244 2721 Homero
1308 2669 1525 2723 initium
1584 2675 1684 2727 du-

121 2756 287 2810 centes,

184 2838 324 2963 ἔκηε
355 2861 452 2913 age
471 2848 814 2915 progrediens
835 2849 1100 2906 internum
1128 2855 1363 2920 concine,
1385 2871 1582 2925 quwso,

229 2927 425 2963 malum
445 2931 465 2963 ἰ
1284 2941 1289 2946 ’

229 2927 425 2966 rnatum
445 2931 465 2968 ἔ
1284 2941 1289 2946 ’

121 3006 356 3095 tugurium
417 3009 666 3064 uidelicet
706 3023 840 3067 tecto
880 3023 929 3068 et
989 3017 1170 3083 ianuis
1228 3037 1433 3089 carens,
1499 3025 1678 3095 focum

119 3094 236 3161 ignis
264 3107 309 3150 et
348 3102 482 3166 fami
529 3118 819 3169 expertem,
862 3109 1094 3174 parietes
1134 3113 1243 3182 igni
1265 3094 1580 3181 exsiccatos,
1616 3135 1678 3172 ne

120 3186 205 3239 lati
241 3193 393 3258 guttis
444 3199 786 3260 impetamur,
853 3198 1091 3255 Tantalis
1138 3204 1338 3258 similes
1389 3208 1673 3278 eademque

118 3296 247 3344 pana
293 3284 559 3350 malctati,
597 3290 848 3342 nimirum
877 3293 932 3345 in
959 3297 1112 3362 aquis
1158 3298 1391 3351 sitientes
1425 3300 1678 3370 :jejunas

116 3373 252 3426 etiam
297 3377 415 3430 illas
440 3391 489 3432 et
521 3382 742 3435 miseras
795 3385 1000 3452 epulas,
1033 3389 1103 3439 ad
1124 3405 1254 3457 quas
1280 3406 1307 3442 e
1343 3389 1678 3460 Cappadocia

117 3470 263 3520 τοιαιὶ
297 3487 480 3524 sumus
523 3490 629 3526 non
681 3485 935 3545 tanquam
987 3480 1057 3533 ad
1085 3479 1510 3552 Lotophagorum
1564 3488 1679 3540 ino-

117 3557 256 3619 piam,
295 3564 384 3611 sed
438 3562 581 3615 velut
636 3567 705 3616 ad
766 3567 976 3621 Alcinoi
1036 3587 1270 3625 mensam
1315 3590 1408 3627 nos
1461 3578 1581 3629 novi
1627 3587 1676 3631 et

118 3656 377 3703 terumnosi
426 3655 703 3725 naufragi.
735 3657 958 3713 Memini
988 3663 1127 3714 enim
1158 3680 1320 3732 panes
1376 3668 1499 3720 illos
1524 3679 1570 3721 et
1588 3670 1677 3738 ju-

117 3739 242 3790 scala
278 3745 372 3807 (sic
413 3747 558 3797 enim
607 3750 974 3820 nominantur).
1018 3770 1320 3824 semperque
1370 3759 1671 3823 meminero,

117 3833 330 3886 dentibus
362 3837 508 3889 circa
539 3838 837 3908 fragmenta
873 3843 1362 3910 collabescentibus,
1401 3866 1462 3900 ac
1495 3860 1675 3916 postea

116 3937 208 3975 sese
260 3929 608 3995 erigentibus,
674 3933 915 4000 celatque
969 3950 1033 3988 ea:
1086 3952 1231 3990 canto
1276 3941 1670 4007 emergentibus.

119 4014 229 4078 Qua:
254 4030 305 4070 tu
332 4023 533 4076 scilicet
556 4023 830 4080 sublimius
857 4028 1222 4096 exaggerabis,
1243 4035 1472 4100 propriis
1495 4051 1674 4101 nempe

116 4111 481 4165 calamitatibus
518 4115 777 4169 orationis
808 4121 1221 4186 magnitudinem
1275 4122 1370 4175 tibi
1422 4125 1674 4193 suppedi-

115 4204 342 4255 tantibus.
374 4203 586 4268 Quibus
627 4208 731 4260 nisi
765 4225 956 4278 magna
1005 4212 1098 4264 illa
1134 4230 1351 4282 vereque
1381 4233 1672 4285 pauperum

113 4292 327 4345 studiosa
382 4309 558 4350 mater
597 4308 688 4352 tua
722 4318 815 4354 nos
846 4319 1004 4370 quam
1051 4304 1320 4358 celerrime
1377 4308 1669 4375 liberasset,

112 4386 332 4454 nobisque
355 4399 666 4456 tempestate
685 4395 911 4464 jactatis
950 4396 1086 4450 velut
1135 4413 1316 4467 portus
1366 4404 1668 4470 exstitisset,

1704 3152 1751 3215 G

1787 1918 2002 1986 elapsis.

1869 2010 2092 2079 Decepit
2114 2010 2359 2065 eruditos
2392 2008 2543 2064 viros
2592 2007 2886 2077 descriptio
2919 2005 3226 2061 solitudinis
3261 2003 3363 2058 Ba-

1788 2103 1915 2166 silii,
1967 2103 2061 2156 sed
2098 2111 2274 2156 tamen
2311 2117 2378 2155 ne
2408 2101 2495 2155 illa
2553 2101 2773 2168 quidem
2817 2100 3030 2154 indiciis
3077 2107 3258 2164 caret,
3292 2112 3360 2151 ex

1788 2195 1987 2263 quibus
2012 2193 2189 2248 locum
2215 2193 2477 2262 Gregorio
2498 2201 2686 2246 notum
2717 2191 3228 2261 fuissejudicemns.
3268 2188 3360 2244 Sic

1787 2287 1933 2341 enim
1968 2286 2148 2339 omnia
2207 2285 2446 2355 depingit
2491 2282 2760 2350 Basilius,
2807 2283 2886 2338 sic
2939 2283 3039 2336 loci
3075 2284 3358 2337 commoda

1787 2386 2102 2447 exaggerat,
2136 2385 2190 2431 et
2221 2377 2286 2429 iis
2323 2391 2442 2444 quae
2473 2375 2809 2431 incommoda
2844 2383 2897 2429 et
2929 2375 3219 2443 injucunda
3239 2388 3361 2429 esse

1786 2471 2081 2533 debebant,
2129 2469 2295 2523 aliam
2328 2469 2494 2524 veluti
2545 2468 2770 2523 formam
2805 2468 3017 2524 dicendi
3072 2469 3253 2538 lepore
3281 2466 3364 2522 af-

1789 2563 1962 2632 ﬁngit,
2014 2571 2074 2615 ut
2127 2577 2465 2631 nequaquam
2513 2561 2758 2616 videatur
2811 2562 2987 2615 amico
3035 2560 3200 2630 ignoti
3256 2559 3359 2614 loci

1785 2655 2154 2726 cognitionem
2192 2654 2438 2723 injicere,
2471 2652 2566 2708 sed
2600 2654 2777 2722 potius
2803 2669 2924 2708 cum
2965 2669 3031 2708 eo
3062 2654 3364 2722 perurbane

1783 2757 1834 2801 et
1864 2746 2143 2816 eleganter
2173 2745 2472 2800 colludere.
2506 2745 2711 2800 Deinde
2736 2762 2866 2801 vero
2917 2747 3042 2800 dum
3079 2747 3152 2799 ait
3177 2761 3235 2801 se
3268 2759 3364 2800 ne-

1783 2840 1942 2908 gotiis
1967 2839 2287 2892 distractum
2319 2846 2638 2906 exspectare
2681 2852 2786 2891 non
2825 2852 2982 2907 posse
3012 2841 3136 2891 dum
3177 2839 3362 2894 veniat

1786 2929 2113 3000 Gregorius,
2153 2945 2400 2998 quamam
2440 2930 2590 2984 illum
2623 2931 2834 3001 negotia
2866 2930 2916 2983 in
2941 2930 3170 2984 Pontum
3218 2929 3363 2985 cele—

1784 3023 1919 3076 riter
1948 3022 2222 3092 proticisci
2279 3023 2571 3090 cogebant,
2605 3022 2710 3075 nisi
2750 3021 3062 3075 monasterii
3089 3019 3200 3089 jam
3229 3035 3362 3075 con-

1782 3117 1975 3172 structi
2007 3115 2177 3170 cura?
2206 3115 2310 3169 Sed
2359 3129 2481 3169 cum
2527 3113 2760 3184 primum
2814 3114 3062 3177 secessit,
3092 3130 3196 3168 non
3234 3128 3357 3167 eum

1783 3209 1998 3278 negotia
2034 3209 2087 3263 in
2121 3208 2350 3262 Pontum
2385 3216 2672 3272 vocarunt,
2735 3209 2828 3262 sed
2865 3207 3010 3262 solus
3041 3222 3196 3260 amor
3231 3207 3361 3261 soli-

1784 3303 2008 3356 tudinis.
2061 3303 2449 3356 Demonstrant
2499 3301 2662 3355 etiam
2712 3310 2986 3355 assuetum
3049 3302 3174 3356 huic
3237 3301 3360 3356 loco

1781 3393 2020 3445 animum
2053 3392 2168 3451 haec
2208 3392 2369 3445 verba
2395 3392 2469 3460 (υ.
2503 3391 2593 3460 94)
2623 3411 2635 3445 :
2677 3389 2830 3456 Quod
2865 3401 3038 3444 autem
3067 3393 3358 3444 maximum

1780 3485 1844 3537 de
1874 3484 1970 3536 hoc
1999 3482 2111 3536 loco
2142 3484 2326 3545 dicere!
2355 3500 2654 3552 possumus,
2705 3482 2839 3535 illud
2879 3490 2978 3546 est,
3028 3482 3189 3552 quod,
3237 3498 3358 3534 cum

1782 3574 1844 3628 ob
1878 3575 2013 3628 situs
2041 3576 2486 3642 opportunitatem
2527 3573 2595 3626 ad
2627 3590 2804 3627 omnes
2835 3574 3038 3640 fructus
3073 3574 3350 3641 proferen-

1780 3668 1875 3720 dos
1899 3667 2116 3720 idoneus
2155 3667 2245 3731 sit,
2280 3683 2441 3718 unum
2470 3665 2708 3719 omnium
2740 3665 2868 3717 mihi
2908 3665 3357 3733 jucundissimum

1780 3760 2008 3830 quietem
2034 3773 2096 3809 ac
2129 3757 2573 3825 tranquillitatem
2602 3756 2720 3821 alit,
2752 3773 2854 3809 non
2897 3756 3067 3810 solum
3101 3767 3356 3826 quatenus

1781 3853 1844 3903 ab
1898 3851 2114 3903 urbanis
2145 3850 2458 3902 tumultibus
2487 3849 2618 3901 liber
2653 3859 2751 3914 est,
2794 3849 2885 3901 sed
2921 3849 3082 3902 etiam
3112 3851 3238 3919 quia
3288 3866 3352 3904 ne

1777 3943 2027 3996 uiatorem
2075 3943 2280 4011 quidem
2334 3941 2497 3993 ullum
2548 3941 2617 3992 ad
2661 3956 2753 3993 nos
2797 3941 3141 4008 transmittit,
3181 3941 3226 3993 si
3269 3958 3358 3994 eos

1775 4036 2006 4103 excipias
2039 4073 2056 4095 ,
2095 4033 2184 4103 qui
2229 4034 2361 4086 inter
2394 4033 2685 4085 venandum
2724 4031 2993 4082 nobiscum
3048 4032 3349 4083 miscentur.

1782 4125 1925 4179 Nam
1962 4137 2154 4193 prazter
2195 4125 2397 4188 reliqua
2435 4124 2574 4190 {eras
2603 4123 2761 4175 etiam
2809 4125 3031 4185 enutrit,
3055 4139 3158 4175 non
3203 4139 3354 4176 ursos

1778 4226 1868 4269 aut
1909 4215 2059 4284 lupos
2098 4227 2295 4269 vestros
2322 4215 2478 4283 (absit
2501 4215 2519 4267 !
2541 4218 2581 4284 ),
2605 4217 2694 4267 sed
2728 4230 2998 4266 cervorum
3028 4225 3181 4281 atque
3203 4214 3354 4267 silve-

1775 4311 1960 4362 strium
1980 4324 2260 4376 caprarum
2279 4322 2478 4375 greges,
2504 4307 2823 4375 leporesque,
2845 4314 2892 4358 et
2907 4307 2949 4358 si
2966 4307 3092 4375 quid
3107 4306 3187 4358 Itis
3203 4308 3356 4358 simi-

1774 4402 1841 4458 le.
1877 4402 2019 4455 Nunt
2050 4403 2216 4470 igitur
2231 4404 2454 4470 cogitas,
2499 4417 2600 4464 quo
2633 4419 2724 4471 ego
2753 4402 2970 4472 periculi
2994 4402 3185 4454 stultus
3212 4416 3352 4454 vene-

103 4481 396 4544 jampridem
430 4486 575 4551 apud
604 4486 746 4539 vivos
774 4504 883 4541 esse
910 4490 1266 4555 desiissemus,
1287 4495 1412 4559 ﬁdei
1434 4493 1672 4550 Pontica:
1705 4493 1750 4547 Β
1780 4497 1904 4558 rint,
1932 4511 2048 4547 cum
2085 4496 2390 4563 ltujusmodi
2415 4497 2588 4550 sedem
2629 4495 2896 4558 Tiberina,
2924 4496 3063 4547 orbis
3090 4504 3352 4546 terrarum

112 4569 296 4620 nomine
335 4587 437 4624 non
477 4573 738 4642 majorem
791 4578 1005 4630 laudem
1061 4595 1468 4650 consequentes,
1511 4603 1668 4654 quam

109 4663 472 4716 ntiaerationem
492 4679 778 4720 moventes.
811 4669 1052 4734 Quonam
1087 4689 1246 4740 porro
1281 4679 1433 4730 modo
1461 4679 1668 4733 sterile;

109 4747 210 4803 illos
253 4755 454 4821 hortos,
489 4757 819 4830 oleribusque
862 4779 1096 4819 carentes
1120 4773 1420 4834 prwteriba,
1467 4775 1670 4843 Augiw-

114 4857 195 4906 que
221 4847 398 4912 [imum
434 4863 463 4900 e
495 4849 652 4902 domo
683 4865 1034 4922 expurgatum
1063 4875 1165 4927 quo
1191 4876 1277 4913 eos
1324 4863 1666 4930 opplevimus,

109 4950 208 4989 cum
236 4951 532 4994 montosum
561 4938 708 4996 illud'
743 4946 1063 5013 plaustrum,
1089 4959 1138 5004 et
1171 4969 1263 5021 ego
1298 4956 1664 5024 vindemiator,

111 5038 152 5091 et
180 5038 248 5092 tu,
278 5035 479 5098 facetus
541 5035 716 5100 homo,
752 5037 852 5090 hac
897 5041 1091 5094 cervice
1113 5086 1128 5107 ,
1181 5047 1526 5116 manibusque
1558 5050 1662 5114 Itis,

113 5131 210 5182 quia
239 5119 475 5176 laborum
502 5126 722 5192 vestigia
767 5129 1056 5184 etiamnum
1114 5133 1307 5199 ferunt,
1339 5139 1663 5194 traheremus

116 5211 296 5274 (oterra
330 5226 375 5266 et
400 5216 504 5277 sol,
530 5233 558 5268 ο
581 5217 662 5268 rir
692 5227 740 5269 et
767 5219 931 5270 uirtus
954 5220 974 5272 !
994 5221 1211 5287 paulum
1242 5226 1494 5293 quiddam
1521 5245 1664 5283 more

119 5303 287 5368 tragico
303 5307 660 5376 exclamatio),
688 5320 862 5361 nonut
895 5310 1284 5379 Hellespontum
1297 5317 1664 5385 junqeremus,

120 5396 192 5441 sed
224 5403 274 5444 ut
309 5410 633 5463 prrcruptum
679 5411 728 5450 et
769 5403 1090 5468 prazcipitem
1140 5403 1310 5458 locum
1359 5424 1666 5477 exaequare-

121 5494 234 5534 tus.
281 5485 484 5540 Harum
519 5505 691 5542 rerum
741 5497 1169 5548 commemoratio
1216 5497 1261 5548 si
1305 5507 1354 5550 te
1395 5499 1665 5567 offensura

124 5582 208 5621 nun
235 5585 326 5639 est,
357 5579 534 5646 utique
565 5595 654 5634 nec
689 5598 782 5636 nos
805 5600 824 5637 :
858 5585 902 5638 si
928 5595 1100 5640 autem
1133 5587 1468 5656 oﬂ'ensionem
1497 5606 1562 5644 ex
1600 5607 1660 5646 ea

184 5773 251 5843 (α)
289 5776 416 5834 Naz.
445 5799 525 5851 op.
546 5784 600 5840 8.

1781 4590 2055 4651 barathro,
2114 4601 2437 4641 commutare
2476 4590 2815 4656 pertinaciter
2856 4587 3072 4640 uellem?
3105 4602 3255 4655 quem
3281 4585 3351 4636 ad

1781 4679 1958 4734 locum
1985 4695 2121 4732 nunc
2153 4680 2455 4747 properanti
2481 4681 2686 4731 veniam
2716 4680 2888 4732 dabis.
2918 4678 3058 4731 Nam
3113 4677 3353 4745 profecta

1782 4789 1874 4826 nec
1897 4772 2164 4824 Alcmazon
2204 4772 2426 4824 inventis
2455 4770 2822 4823 Ecltinadibus
2850 4770 3073 4838 amplius
3105 4769 3350 4821 aberrare

1774 4864 1958 4918 voluit.

1853 4956 2030 5011 Unum
2083 4955 2241 5010 nobis
2270 4965 2439 5010 restat
2469 4955 2867 5024 explicandum,
2899 4970 2995 5006 cur
3025 4952 3256 5007 Basilius
3293 4951 3344 5003 in

1775 5049 2008 5104 Pontum
2050 5049 2425 5115 proliciscens,
2474 5056 2654 5114 speret
2693 5063 2751 5101 se
2804 5046 3018 5099 tandem
3054 5045 3343 5113 aliquando

1770 5141 1932 5194 ﬁnem
1963 5138 2250 5192 oberrandi
2305 5138 2570 5192 facturum
2595 5178 2611 5203 ,
2651 5140 2800 5207 quasi
2860 5149 2985 5190 tunc
3021 5137 3250 5206 primum
3286 5150 3344 5187 se

1769 5231 1822 5286 in
1858 5231 2203 5285 solitudinem
2231 5232 2515 5299 reciperet.
2543 5229 2656 5283 Non
2683 5230 2836 5283 valde
2868 5228 3095 5281 difﬁcilis
3127 5235 3182 5280 et
3212 5226 3340 5278 abs-

1770 5333 1916 5377 trusa
1953 5337 2039 5376 res
2071 5332 2178 5375 est.
2217 5323 2476 5387 Quamvis
2521 5322 2662 5376 enim
2712 5321 2941 5374 Basilius
2993 5318 3337 5373 solitudinem

1770 5429 1922 5468 suam
1974 5414 2026 5466 itt
2057 5414 2267 5468 deliciis
2306 5415 2548 5478 haberet,
2607 5428 2730 5466 eum
2782 5422 2962 5466 tamen
2993 5415 3059 5463 ab
3090 5410 3175 5462 illa
3201 5426 3336 5463 non-

1775 5519 2050 5574 nunquam
2100 5519 2276 5556 causa:
2326 5505 2606 5574 graviores
2657 5505 3040 5557 abstraxerunt
3069 5517 3088 5566 ;
3117 5510 3340 5554 coactus
3381 5553 3388 5563 ,

1768 5605 1849 5649 est
1878 5595 2394 5664 ConstantinOpolim
2425 5597 2690 5666 proﬁcisci
2715 5609 2853 5649 anno
2883 5593 3006 5647 559.
3037 5590 3195 5647 Venit
3227 5590 3332 5646 Na-

1842 5792 1916 5865 (b)
1957 5793 2086 5850 Nat.
2113 5810 2195 5865 cp.
2224 5795 2276 5850 9.
