3820 6210
450 328 605 368 XXXI!

1835 320 2387 401 PROLEGOMENA.j

451 409 730 526 tianzum'.
760 442 906 526 anno
955 428 1083 484 360.
1119 430 1684 526 Diapio__Caasariensi
1736 442 2042 508 periculose
2072 449 2118 506 Α
2151 457 2398 515 experto,
2438 464 2543 502 non
2567 447 2769 504 Basilio
2795 450 2893 518 qni
2920 466 3195 522 nunquam
3230 452 3393 523 hujus
3422 454 3721 526 imperem.

447 517 732 581 aegrotanti
763 517 935 572 adfuit
980 534 1123 575 anno
1160 520 1284 576 362.
1318 522 1541 578 Videtur
1563 542 1694 596 ergo
1741 529 2029 588 defunctus

450 606 715 661 molestiis
738 609 970 675 alicujus
1002 614 1459 681 peregrinationis
1498 634 1634 672 nova
1663 620 1895 688 quadam
1931 638 2026 677 cu-

447 698 675 765 piditate
744 704 1138 758 monasterium
1186 708 1510 774 repetiisse;
1565 711 1779 781 sibique
1835 714 2033 769 nullam

446 790 701 861 deinceps
754 792 1044 849 oberrandi
1090 811 1312 852 causam
1376 810 1830 868 superventuram
1889 819 2016 874 spe-

446 893 619 935 faSSe.

496 972 714 1029 Locum
747 977 847 1031 sibi
890 978 1124 1035 vindicat
1156 982 1383 1051 epistola
1428 983 1634 1040 decima
1673 986 1861 1055 quinta
1889 986 2032 1043 inter

436 1065 537 1119 eas
561 1080 681 1134 qua:
722 1069 939 1137 scripta:
990 1072 1042 1124 in
1093 1088 1311 1129 secessu
1374 1074 1612 1131 fuerunt.
1664 1078 2028 1135 Commendat

442 1153 679 1211 Basilius
706 1159 942 1216 Arcadio
981 1165 1164 1218 comiti
1198 1166 1273 1220 rei
1308 1167 1533 1236 privatae
1569 1170 1709 1223 cives
1756 1181 2025 1239 metropo-

442 1243 508 1298 iis
541 1262 559 1299 :
587 1262 695 1315 quo
729 1251 946 1303 nomine
994 1250 1299 1306 Ctesaream
1356 1256 1557 1310 absens
1586 1268 1631 1310 et
1662 1256 1712 1309 in
1739 1256 1911 1311 Ponto
1939 1258 2028 1310 de-

443 1350 575 1404 gens
601 1341 877 1409 appellare
916 1342 1117 1408 potuit;
1152 1344 1232 1397 sic
1268 1347 1412 1399 enim
1462 1360 1583 1400 eam
1629 1348 1873 1415 designat
1912 1348 2027 1416 ipse

440 1425 739 1499 Gregorius
760 1432 1019 1503 Theologi
1056 1443 1213 1503 pater
1231 1435 1282 1489 in
1303 1437 1532 1504 epistola
1560 1437 1700 1491 inter
1723 1438 2024 1492 Basilianas

440 1520 529 1574 ιιι.
557 1522 624 1575 At
654 1522 707 1576 in
745 1524 861 1593 ipsa
897 1524 1031 1579 urbe
1080 1541 1177 1581 nec
1208 1538 1335 1597 apte
1382 1528 1532 1583 illam
1585 1542 1685 1584 nec
1740 1529 2029 1585 commode

443 1612 785 1681 iuetropolim
812 1625 1084 1672 vocasset.

514 1702 702 1759 llefert
724 1705 1101 1763 Tillemontius
1128 1708 1271 1765 hanc
1290 1709 1571 1779 epistolam
1596 1710 1663 1765 ad
1695 1710 2021 1767 divisionem

441 1793 814 1863 Cappadociae.
849 1796 954 1853 Sed
986 1800 1053 1853 ad
1076 1813 1193 1853 eam
1225 1801 1518 1862 rationem.
1548 1815 1709 1870 quam
1730 1800 2024 1858 attulimus.
2060 1804 2104 1860 Β

444 1887 576 1940 illud
614 1889 778 1942 etiam
814 1890 1046 1955 accedit,
1071 1891 1214 1960 quod
1250 1907 1372 1946 cum
1405 1892 1670 1959 epistolre,
1695 1906 1817 1960 quae
1848 1893 1913 1945 de
1938 1893 2021 1946 di-

440 1977 652 2034 visione
708 1978 1066 2050 Cappadocia:
1127 1983 1347 2051 scripta:
1394 1991 1543 2045 sunt,
1593 1981 1753 2036 ﬂebili
1797 1997 2019 2051 prorsus

440 2070 581 2142 stylo
611 2072 749 2126 mala
780 2074 969 2141 patria:
993 2074 1297 2144 deplorent,
1328 2075 1442 2129 haec
1466 2075 1671 2129 decima
1701 2076 1888 2143 quinta
1931 2077 2019 2129 ni-

440 2160 516 2215 hil
542 2161 684 2215 aliud
711 2161 898 2227 habet.
930 2163 1031 2219 nisi
1060 2174 1375 2235 peracutam
1394 2173 1447 2221 et
1474 2165 1837 2233 perurbanam
1871 2181 2022 2223 conu-

442 2252 871 2309 mendationem.

1007 2343 1242 2399 CAPUT
1282 2346 1419 2400 Vlll.

440 2430 481 2487 Ι.
512 2426 585 2485 De
612 2431 821 2487 Iuliani
851 2435 1183 2502 imperatoris
1212 2437 1279 2489 ad
1316 2447 1557 2489 sanctum
1620 2435 1875 2489 Basiliam
1912 2437 2021 2500 ερίτ

509 2505 667 2555 stola.
694 2504 1007 2574 l‘l.rSanctus
1032 2504 1312 2574 Gregorius
1354 2507 1722 2567 Nazianzenus
1750 2505 2013 2573 presbyter

510 2584 741 2628 creatur.
760 2573 842 2627 Ill.
863 2574 1095 2627 Basilius
1117 2573 1402 2628 accersitur
1417 2592 1447 2627 a
1469 2575 1660 2629 Diamo
1682 2576 2016 2639 Ca‘sttrieusi,

513 2653 563 2695 et
592 2659 709 2697 cum
737 2661 796 2697 eo
822 2646 1191 2697 communicat.
1240 2644 1430 2696 Utrum
1462 2648 1648 2697 merito
1679 2645 1815 2697 hunc
1852 2646 2020 2696 Immi-

512 2727 627 2763 nem
684 2713 975 2767 (mutaverit
1030 2713 1282 2774 Basilius.
1330 2715 1418 2773 IV.
1465 2714 1660 2767 Diania
1704 2716 2019 2769 Cazsaricnsi

510 2785 738 2836 succedit
765 2784 1021 2837 Eusebius
1067 2785 1158 2837 sub
1188 2782 1425 2839 Juliano.
1464 2784 1521 2836 V.
1561 2785 1807 2837 Julianus
1850 2783 2020 2837 (Σανδα-

513 2868 659 2922 ream
684 2854 870 2906 tendit.
906 2854 1116 2922 Spurio:
1136 2855 1369 2919 epistola:
1391 2852 1578 2906 Basilii
1599 2865 1646 2905 et
1674 2854 1903 2907 .Iuliaui.
1932 2855 2013 2908 Vl.

511 2920 862 2977 Ciesarienses
886 2920 1111 2976 maxime
1137 2926 1266 2983 odit,
1298 2925 1494 2976 Basilio
1519 2923 1833 2991 etGregorio
1862 2926 2022 2976 mitti-

510 3004 676 3044 tatur.
720 2991 829 3045 νη.
875 2992 1091 3046 Videtur
1125 2991 1360 3046 Basilius
1385 2995 1477 3044 sub
1509 2992 1727 3046 Juliauo
1748 2995 2017 3060 scripsisse

508 3063 759 3115 adversus
789 3062 1130 3116 Euiiomium.
1166 3064 1272 3116 Sub
1305 3068 1482 3115 eodem
1512 3064 1718 3127 scripta:
1753 3066 1870 3115 dua:
1898 3065 2018 3115 alia:

2141 537 2216 589 ris
2245 537 2407 589 limen
2434 538 2636 608 attigit.
2666 539 2719 594 ld
2744 549 2892 609 patet
2927 555 2993 595 ex
3024 542 3110 596 his
3138 543 3320 598 verbis
3347 542 3548 601 Juliani
3580 567 3591 601 :
3625 548 3705 602 Vi-

2141 629 2311 682 vimus
2345 631 2483 683 euim
2522 631 2660 685 inter
2701 650 2794 685 nos
2820 649 2921 686 non
2951 650 3069 687 cum
3124 636 3238 689 sola
3284 637 3465 691 aulica
3499 642 3707 693 sfmula-

2138 723 2301 788 tione,
2335 739 2496 790 quam
2528 733 2578 777 te
2606 726 2762 779 credo
2792 728 3047 781 hactenus
3085 738 3353 795 expertum
3380 746 3515 785 esse.
3544 733 3705 787 Altera

2140 812 2401 866 tribuitur
2432 813 2649 868 Juliano
2672 816 2737 869 ad
2776 816 3034 870 Basiliam
3070 818 3321 885 epistola,
3364 820 3431 873 de
3469 836 3572 890 qua
3600 824 3705 891 qui-

2135 905 2255 961 dem
2293 916 2347 961 et
2370 908 2436 961 de
2457 906 2640 962 Basilii
2674 911 3027 978 responsione
3054 910 3195 963 infra
3225 926 3470 980 agemus.

2204 999 2266 1053 ll.
2287 999 2581 1070 Gregorius
2598 1001 2968 1057 Nazianzenus
2993 1020 3112 1056 cum
3139 1013 3378 1071 paterna:
3396 1006 3595 1060 cedens
3621 1023 3704 1059 an-

2132 1096 2393 1161 ctoritati,
2432 1096 2523 1151 sed
2567 1105 2744 1150 tamen
2772 1097 2973 1151 invitus
3012 1113 3075 1150 ac
3112 1114 3217 1153 non
3259 1099 3471 1163 libens,
3501 1102 3704 1171 presby-

2133 1197 2215 1241 ter
2241 1199 2456 1242 creatus
2488 1188 2698 1254 fuisset,
2733 1191 2833 1245 hac
2870 1192 3153 1261 tyrannide
3183 1192 3281 1264 (sic
3318 1194 3464 1245 enim
3490 1192 3599 1260 ipse
3620 1208 3702 1261 ap-

2127 1279 2314 1349 pellat)
2348 1279 2582 1335 olfensus
2618 1282 2669 1333 in
2698 1282 2924 1337 Pontum
2957 1284 3093 1353 fugit
3117 1285 3213 1356 (α),
3236 1295 3349 1338 tum
3382 1295 3441 1338 ut
3477 1286 3698 1340 dolorem

2126 1387 2282 1426 suum
2316 1373 2475 1428 amici
2522 1374 2803 1443 colloquiis
2853 1375 3082 1441 leniret,
3122 1388 3231 1431 tum
3277 1387 3337 1432 ut
3394 1378 3702 1433 deliberaret

2126 1467 2253 1535 quid
2277 1466 2379 1521 sibi
2412 1470 2675 1539 agendum
2706 1479 2871 1527 esset.
2912 1470 3024 1526 Non
3065 1483 3241 1525 tamen
3281 1473 3370 1526 diu
3410 1472 3463 1525 in
3500 1472 3597 1526 hac
3629 1487 3704 1525 so-

2125 1558 2353 1613 litudine
2407 1559 2640 1622 resedit,
2685 1562 2777 1613 sed
2826 1562 3022 1630 partim
3071 1563 3307 1619 obducto
3349 1562 3525 1616 dolori
3560 1560 3702 1628 callo,

2124 1649 2320 1717 partim
2370 1652 2576 1705 veritus
2620 1668 2686 1705 ne
2727 1653 2893 1721 patris
2924 1653 3058 1706 iram
3092 1654 3142 1707 in
3190 1669 3248 1709 se
3278 1654 3576 1708 concitaret
3618 1652 3700 1722 (b),

2132 1738 2176 1791 si
2214 1742 2451 1807 precanti
2500 1758 2603 1794 non
2658 1745 2912 1809 cederet,
2948 1745 3105 1797 rediit
3162 1744 3226 1797 ad
3278 1746 3421 1798 diem
3464 1743 3701 1810 Pascha,

2135 1847 2257 1885 cum
2292 1833 2398 1886 alio
2424 1832 2511 1887 die
2534 1832 2670 1887 festo
2706 1849 2808 1887 non
2862 1835 3033 1887 multo
3068 1844 3193 1889 ante
3216 1836 3597 1889 discessisset.
3628 1835 3703 1889 Ait

2124 1925 2265 1977 enim
2294 1924 2408 1992 ipse
2428 1925 2493 1978 de
2520 1940 2575 1978 se
2599 1924 2709 1995 (c):
2745 1927 3059 1998 Μυστήριον
3098 1927 3282 1998 ἔχρισέ
3315 1945 3406 1998 με,
3438 1928 3703 1998 μυστηρίῳ

2127 2017 2321 2087 μικρὸν
2350 2018 2679 2089 ὑπεχώρησα
2700 2061 2713 2083 ,
2739 2020 2861 2073 ὅσον
2884 2021 3117 2091 ἐμαυτὸν
3152 2021 3581 2091 ἐπισκέψασθαι,
3612 2040 3701 2092 μυ·

2125 2109 2330 2179 στηρίῳ
2385 2110 2478 2161 καὶ
2530 2110 2964 2180 συνεισέρχομαι.
3015 2110 3327 2179 Mysterium
3390 2113 3545 2164 unxit
3585 2126 3701 2164 me:

2124 2201 2371 2269 mysterio
2413 2201 2683 2269 paulisper
2729 2205 2879 2264 cessi,
2929 2212 2984 2256 ut
3022 2204 3275 2270 meipsum
3326 2204 3633 2271 inspicerem
3661 2212 3702 2256 et

2123 2292 2450 2360 explorarem
2487 2308 2505 2345 :
2532 2309 2649 2345 cum
2689 2295 2939 2363 mysterio
2964 2297 3120 2353 etiam
3156 2296 3556 2349 simulintroeo.
3584 2295 3700 2348 Exi-

2122 2385 2305 2437 stimat
2330 2384 2549 2439 Nicetas
2577 2386 2881 2439 ordinatum
2915 2386 3060 2439 illum
3096 2386 3264 2441 fuisse
3301 2387 3353 2440 in
3394 2387 3483 2441 die
3513 2386 3701 2440 Natalis

2122 2474 2346 2537 Christi,
2388 2474 2586 2543 fugisse
2625 2476 2710 2528 die
2756 2475 2890 2531 festo
2922 2476 3348 2545 Luminnm,qui
3396 2477 3555 2546 paulo
3596 2486 3696 2546 post

2123 2564 2314 2619 Natale
2354 2565 2559 2620 Domini
2592 2567 2988 2622 celebrabatur.
3036 2568 3189 2624 Unde
3234 2572 3518 2623 existimat
3549 2568 3696 2622 Tille-

2123 2661 2357 2713 niontins
2395 2658 2713 2727 Gregorium
2770 2661 2855 2711 die
2912 2659 2982 2713 25
3039 2661 3349 2715 Decembris
3404 2662 3694 2715 ordinatum

2124 2750 2285 2804 fuisse
2320 2766 2461 2804 anno
2496 2752 2621 2815 565,
2655 2760 2745 2805 aut
2789 2752 2913 2805 362.
2962 2752 3067 2806 Sed
3114 2753 3370 2807 libentius
3401 2753 3615 2806 inclinat
3655 2753 3695 2802 in

2123 2859 2321 2901 annum
2375 2844 2501 2907 562,
2536 2846 2659 2913 quia
2715 2844 2992 2908 Basilium,
3044 2860 3202 2914 quem
3236 2856 3355 2913 post
3388 2844 3695 2915 Gregorium

2119 2936 2424 2987 ordinatum
2476 2934 2639 2988 fuisse
2678 2946 2908 2998 constat,
2943 2950 3085 2989 anno
3116 2934 3222 2993 562
3256 2937 3323 2988 ad
3361 2938 3505 2990 lianc
3546 2936 3697 3005 digni-

2123 3035 2283 3079 tatem
2316 3035 2499 3082 censet
2525 3038 2768 3081 evectum
2800 3026 2979 3082 fuisse.
3020 3027 3093 3080 De
3117 3026 3317 3081 Basilio
3342 3029 3481 3081 infra
3509 3028 3695 3081 videbi-

507 3132 759 3193 epirtolte.
799 3132 928 3185 Vill.
974 3133 1055 3184 Ad
1094 3136 1231 3185 idem
1275 3143 1472 3199 tempus
1514 3118 1800 3199 referenda?
1844 3134 2011 3184 sancti

2124 3133 2281 3183 mus;
2315 3121 2408 3171 sed
2436 3118 2650 3172 interim
2680 3120 2980 3173 doctissimi
3014 3121 3111 3173 viri
3153 3122 3469 3189 opinionem
3518 3120 3695 3175 confir-

512 3202 789 3255 Athauasii
815 3206 882 3253 ad
902 3200 1157 3254 Basilium
1178 3203 1383 3255 litterw.
1412 3200 1500 3255 IX.
1519 3200 1783 3253 Probatur
1799 3206 1891 3253 sub
1906 3200 2011 3252 Ju-

507 3272 653 3323 liaao
684 3271 995 3339 Gregorium
1018 3270 1281 3324 Naziauzi
1317 3272 1617 3339 episcOpum
1644 3272 2013 3337 subscripsisse

507 3343 754 3406 formula:
801 3358 901 3392 non
933 3341 1255 3393 ortliodoxw.
1293 3339 1358 3392 X.
1412 3339 1601 3392 Statim
1640 3350 1754 3407 post
1793 3350 2012 3397 mortem

507 3410 713 3463 Iuliani
755 3409 1040 3479 Gregorius
1067 3408 1331 3461 Basiliam
1365 3410 1568 3462 invisit.

506 3499 547 3553 l.
573 3497 819 3553 Julianus
844 3500 1158 3567 imperator,
1184 3500 1272 3567 qui
1306 3498 1561 3551 Basiliam
1597 3507 1647 3551 et
1683 3497 2004 3567 Gregorium

434 3591 663 3647 Athenis
700 3601 1073 3660 cognoverat,
1114 3605 1178 3643 eo
1215 3590 1388 3657 magis
1420 3590 1471 3642 in
1503 3602 1731 3660 utroque
1777 3590 2009 3643 studium

433 3680 757 3735 Christianae
793 3681 1069 3750 religionis
1090 3681 1213 3735 odio
1242 3680 1448 3743 habuit,
1477 3696 1583 3749 quo
1623 3678 1825 3747 majora
1859 3683 1907 3733 in
1934 3682 2012 3734 eis

432 3772 502 3823 ad
527 3770 667 3823 illam
701 3770 1087 3824 defendendam
1122 3772 1323 3840 ingenii
1368 3780 1421 3824 et
1453 3772 1713 3826 doctrina:
1761 3772 2011 3840 praesidia

432 3863 673 3916 videbat.
713 3862 817 3915 Sed
851 3872 1028 3916 tamen
1064 3863 1108 3915 si
1147 3862 1398 3932 genuintn
1440 3873 1565 3915 sunt
1602 3863 1761 3932 hujus
1796 3875 2012 3933 aposta-

433 3962 502 4007 taé
524 3955 587 4007 ad
613 3953 868 4008 Basilinnt
902 3954 1118 4017 litteraa,
1153 3954 1363 4007 videtur
1403 3954 1557 4008 initio
1612 3954 1798 4009 Basilii
1852 3956 2004 4009 blan-

430 4044 579 4098 ditiis
606 4044 877 4097 alliciendi
905 4060 1026 4112 spes
1062 4046 1246 4097 inanes
1286 4045 1621 4114 concepisse.
1658 4047 1851 4101 Invitat
1885 4064 2006 4101 eum

430 4136 499 4188 ad
531 4150 610 4202 se,
644 4145 702 4188 ut
744 4136 809 4189 ad
848 4139 1225 4203 imperatorem
1255 4138 1325 4188 ita
1361 4152 1482 4190 cum
1507 4139 1694 4192 amicis
1716 4141 2005 4205 viventem,

430 4237 618 4283 utnec
647 4229 693 4283 ei
731 4230 936 4283 adulari
980 4241 1243 4299 cogantur
1275 4247 1289 4285 :
1326 4246 1424 4286 nec
1451 4233 1519 4285 ob
1556 4234 1770 4300 imperii
1829 4235 2009 4304 splen-

428 4318 640 4384 dorem,
675 4330 766 4373 ant
799 4337 977 4375 rerum
1029 4323 1363 4389 publicarum
1422 4324 1832 4391 occupationem
1886 4342 2005 4380 mo-

428 4411 551 4465 lesti
603 4423 916 4465 occurrant.
951 4412 1215 4467 Colicedit
1253 4414 1299 4467 ei
1338 4429 1554 4468 cursum
1618 4415 1915 4483 publicum,
1960 4418 2002 4470 si

425 4503 494 4554 ad
530 4516 586 4556 se
615 4510 906 4571 properare
951 4504 1102 4557 velit.
1146 4503 1271 4557 ΙΙωο
1325 4504 1553 4571 epistola
1609 4506 1753 4559 inter
1800 4506 1997 4562 Juliani

426 4592 639 4646 litteras
670 4593 990 4647 duodecima
1022 4607 1125 4648 est.
1157 4594 1423 4661 Scriptum
1459 4597 1677 4665 conjieit
1708 4596 1950 4666 Dupiuns
1973 4616 2000 4653 a

422 4683 642 4738 Juliano
667 4685 902 4737 nondum
928 4685 1292 4739 Christianam
1322 4688 1635 4757 religionem
1667 4700 1853 4758 aperte
1881 4692 1995 4758 eju-

425 4777 591 4831 ranti.
628 4775 799 4844 Negat
836 4776 936 4829 hoc
966 4776 1379 4843 Tillemontius;
1432 4780 1632 4847 quippe
1674 4796 1793 4834 cum
1845 4796 2002 4851 repu-

424 4879 549 4941 gnet
571 4879 627 4921 ut
658 4867 913 4920 Basilium
945 4866 1192 4922 Julianus
1222 4871 1286 4921 ad
1317 4885 1377 4923 se
1409 4870 1460 4923 in
1489 4869 1690 4925 Gallias
1734 4872 1995 4925 invitave-

424 4961 514 5023 rit,
553 4968 607 5013 et
640 4958 706 5013 de
746 4958 959 5027 publico
1012 4959 1064 5013 in
1110 4958 1332 5014 Oriente
1381 4975 1542 5013 cursu
1595 4963 1658 5013 aul
1694 4962 1983 5015 arbitrium

424 5066 580 5104 Suum
636 5050 873 5102 nondum
904 5050 1177 5119 Angustus
1211 5053 1482 5104 statuerit.
1524 5050 1628 5105 Sed
1663 5062 1839 5105 tamen
1890 5068 1993 5103 non

424 5140 627 5194 invitus
644 5142 892 5193 concedit
918 5139 1215 5205 Julianutn,
1248 5157 1370 5194 cum
1401 5142 1513 5194 hzec
1544 5142 1832 5204 scriberet,
1865 5157 1999 5192 nou-

427 5228 552 5281 dum
582 5228 976 5297 persecutionis
1020 5232 1229 5299 signum
1275 5232 1555 5287 extulisse.
1588 5232 1781 5285 Abiere
1812 5232 1862 5284 in
1904 5231 1999 5283 lias

423 5319 770 5385 conjecturas
804 5322 999 5376 eruditi
1029 5322 1102 5376 illi
1130 5323 1252 5387 viri,
1295 5323 1419 5390 quia
1450 5325 1588 5376 hanc
1613 5323 1897 5392 epistolam
1930 5322 1994 5374 ad

426 5408 686 5464 Basilinm
724 5411 980 5481 scriptam
1037 5414 1321 5483 putabant.
1372 5411 1477 5467 Sed
1522 5414 1566 5467 si
1613 5428 1731 5466 eam
1783 5411 2002 5480 scripsit

422 5496 688 5568 Julianus,
705 5503 909 5561 homini
941 5507 1477 5577 scripsitConstantii
1505 5507 1637 5560 aulae
1659 5504 1997 5560 incommoda

496 5688 573 5822 at
612 5689 788 5815 Psam-
819 5689 869 5747 ‘-

2117 3226 2268 3265 mare
2302 3226 2591 3278 possumus
2637 3215 2947 3266 testimonio
2983 3212 3255 3283 Gregorii,
3287 3215 3381 3280 qui
3424 3214 3503 3267 sic
3542 3211 3695 3281 loqui-

2117 3310 2207 3354 tur
2252 3302 2301 3354 in
2344 3302 2637 3369 Apologia,
2669 3318 2829 3369 quam
2874 3303 3047 3357 reditu
3102 3320 3205 3358 suo
3246 3308 3554 3375 composuit
3586 3302 3692 3374 (tl):

2116 3394 2227 3448 Καὶ
2278 3395 2368 3447 τὸν
2406 3397 2502 3465 μὲν
2557 3395 2754 3461 ἔξωθεν
2803 3398 2862 3448 οὺ
2906 3396 3118 3450 δέδοικα
3166 3398 3442 3468 πόλεμον,
3472 3398 3590 3452 οὐδὲ
3616 3397 3694 3449 τὸν

2115 3486 2210 3541 νῦν
2249 3488 2627 3542 summm
2658 3488 2799 3559 θῆρα
2844 3493 2964 3552 ταῖς
2992 3490 3331 3561 ἐκκλησίαις,
3360 3493 3461 3544 καὶ
3493 3492 3582 3544 τοῦ
3612 3508 3694 3541 πο-

2116 3579 2280 3651 νηροῦ
2314 3580 2375 3632 τὸ
2426 3580 2712 3651 πλήρωμα,
2750 3582 2850 3636 κᾶν
2882 3582 2994 3654 πῦρ
3030 3585 3245 3655 ἀπειλῇ,
3288 3585 3397 3638 κᾶν
3433 3585 3577 3655 ξίφη,
3603 3583 3692 3635 κᾶν

2117 3673 2309 3743 Οῆρας,
2367 3674 2468 3727 κᾶν
2523 3676 2821 3744 κρημνοὺς,
2856 3675 2956 3728 κᾶν
3004 3676 3277 3748 βάραθρα,
3331 3677 3440 3730 κᾶν
3492 3678 3690 3729 πάντων

2114 3766 2332 3836 γένηται
2361 3766 2468 3818 τῶν
2493 3764 2709 3819 πώποτε
2746 3766 3023 3834 μανέντων
3044 3766 3565 3836 ἀπανθρωπότατος,
3601 3764 3690 3817 κᾶν

2114 3860 2235 3921 ταῖς
2263 3858 2450 3921 οὔσαις
2471 3859 2762 3928 τιμωρίαις
2789 3858 3129 3930 προσεξεύρῃ
3156 3860 3571 3928 χαλεπωτέρας.
3595 3857 3689 3909 Nec

2115 3968 2233 4005 vero
2286 3962 2558 4003 externum
2592 3950 2777 4002 bellum
2812 3961 3007 4009 metuo.
3055 3968 3147 4002 nec
3192 3952 3362 4019 feram
3392 3954 3561 4013 illam,
3587 3963 3686 4017 qua!

2116 4058 2251 4096 nunc
2285 4043 2534 4094 adversus
2558 4041 2801 4091 ecclesias
2827 4042 3074 4108 impetum
3107 4040 3266 4108 fecit,
3293 4043 3505 4094 etiamsi
3533 4042 3687 4106 ignem

2113 4135 2359 4194 minetur,
2396 4133 2604 4184 etiamsi
2637 4131 2860 4199 gladios,
2893 4132 3099 4184 etiamsi
3125 4133 3287 4200 feras.
3317 4133 3528 4186 etiamsi
3566 4145 3685 4199 prte-

2113 4224 2290 4291 cipitia
2317 4234 2363 4275 et
2388 4224 2675 4289 voragines,
2702 4222 2908 4277 etiamsi
2938 4223 3193 4284 omnium,
3230 4224 3319 4284 qui
3362 4239 3590 4293 unquam
3609 4220 3685 4287 [u—

2113 4331 2231 4367 rore
2259 4314 2546 4380 prmripites
2581 4313 2685 4365 acti
2718 4323 2869 4377 sunt,
2908 4313 3307 4367 crudelissimus
3344 4314 3465 4382 ﬁat,
3497 4310 3684 4366 etiamsi

2105 4406 2220 4475 jam
2249 4405 2467 4458 inventis
2499 4404 2765 4472 suppliciis
2794 4405 3065 4457 acerbiora
3097 4406 3207 4458 alia
3246 4407 3679 4459 comminiscetur.

2117 4497 2192 4551 Ex
2224 4498 2306 4551 his
2337 4512 2439 4549 non
2474 4498 2703 4549 obscure
2733 4496 3037 4565 colligimus
3063 4496 3385 4566 Gregorium
3424 4499 3535 4551 hzec
3559 4494 3681 4548 seri-

2113 4586 2285 4655 psisse
2318 4599 2457 4637 anno
2482 4582 2604 4645 562,
2634 4598 2695 4638 ac
2718 4584 2941 4652 proinde
2980 4587 3291 4639 ordinatum
3318 4585 3489 4641 fuisse
3519 4586 3599 4639 die
3621 4580 3681 4635 25

2114 4681 2420 4736 Decembris
2442 4681 2685 4748 proxime
2712 4679 2900 4748 elapsi.
2932 4681 3166 4735 Exhibet
3198 4683 3344 4735 enim
3387 4681 3542 4737 nobis
3576 4676 3678 4731 ani-

2110 4789 2255 4826 mum
2288 4788 2390 4825 non
2421 4781 2525 4824 tam
2550 4786 2780 4841 pugnam
2807 4784 3113 4839 expertum,
3151 4788 3314 4841 quam
3348 4782 3591 4841 paratum
3621 4767 3678 4820 ad

2108 4864 2483 4933 pugnandum;
2521 4876 2587 4914 ex
2630 4876 2736 4931 quo
2780 4861 2907 4915 illud
2941 4863 3221 4929 sequitur,
3253 4866 3491 4916 nondum
3526 4859 3679 4914 Julia-

2105 4970 2230 5007 num
2272 4954 2322 5005 in
2349 4951 2736 5019 Cappadociam
2761 4953 2992 5004 venisse.
3016 4951 3308 5016 Prmterea,
3332 4954 3375 5005 si
3407 4955 3520 5007 haec
3552 4950 3675 5004 scri-

2102 5044 2297 5114 psisset
2324 5043 2614 5111 Gregorius
2634 5052 2754 5111 post
2782 5040 2988 5096 Pascha
3013 5045 3137 5096 anui
3164 5044 3291 5108 565,
3314 5062 3423 5112 quo
3454 5055 3675 5112 tempore

2106 5146 2212 5187 tam
2246 5133 2407 5185 multa
2467 5136 2753 5188 exstabant
2802 5133 2999 5189 Juliani
3033 5136 3373 5191 crudelitatis
3423 5135 3671 5201 exempla,

2103 5244 2207 5281 non
2259 5226 2367 5293 jam
2400 5228 2704 5295 suspicatus
2755 5238 2899 5282 esset
2939 5229 3067 5298 quid
3112 5228 3355 5283 facturus
3382 5238 3523 5283 esset
3559 5242 3673 5293 apo-

2103 5329 2265 5385 stata,
2294 5319 2385 5372 sed
2417 5319 2533 5385 ejus
2576 5321 2716 5373 facta
2755 5321 3067 5383 iudicasset,
3098 5336 3333 5391 eumque
3363 5340 3467 5375 non
3504 5334 3674 5386 exspe-

2108 5413 2365 5475 elatione,
2404 5422 2461 5464 ut
2491 5413 2543 5464 in
2595 5414 2903 5466 testimonio
2932 5412 3118 5480 allato,
3159 5416 3253 5467 sed
3287 5431 3343 5469 re
3379 5410 3673 5469 crudelissi-

2109 5520 2253 5559 mum
2274 5502 2586 5569 iudicasset.
2618 5503 2840 5556 Videtur
2870 5517 3000 5573 ergo
3026 5505 3141 5558 haec
3170 5506 3455 5574 scripsisse
3486 5502 3671 5568 Grego-

2185 5684 2254 5751 (ι’)
2419 5681 2502 5733 41.

2179 5750 2255 5820 (d)
2297 5750 2423 5805 Νη.
2461 5765 2538 5805 or.
2572 5752 2615 5805 l.
