  <div class='ocr_page' id='page_1' title='image "/cluster/home/n/w/nwhite01/storage/ocr_20150623/29/nnc1.0046978755/040.png"; bbox 0 0 3820 6210; ppageno 0'>
   <div class='ocr_carea' id='block_1_1' title="bbox 1436 346 2005 412">
    <p class='ocr_par' dir='ltr' id='par_1_1' title="bbox 1436 346 2005 412">
     <span class='ocr_line' id='line_1_1' title="bbox 1436 346 2005 412; baseline 0.005 -3"><span class='ocrx_word' id='word_1_1' title='bbox 1436 353 1602 410; x_wconf 71' lang='lat' dir='ltr'><strong>VITA</strong></span> <span class='ocrx_word' id='word_1_2' title='bbox 1641 356 1697 410; x_wconf 93' lang='lat' dir='ltr'><strong>S.</strong></span> <span class='ocrx_word' id='word_1_3' title='bbox 1738 346 2005 412; x_wconf 70' lang='lat' dir='ltr'><strong>BASILIJ.</strong></span> 
     </span>
    </p>
   </div>
   <div class='ocr_carea' id='block_1_2' title="bbox 3170 358 3341 409">
    <p class='ocr_par' dir='ltr' id='par_1_2' title="bbox 3170 358 3341 409">
     <span class='ocr_line' id='line_1_2' title="bbox 3170 358 3341 409; baseline -0.018 0"><span class='ocrx_word' id='word_1_4' title='bbox 3170 358 3341 409; x_wconf 65' lang='lat' dir='ltr'><strong>iuni</strong></span> 
     </span>
    </p>
   </div>
   <div class='ocr_carea' id='block_1_3' title="bbox 140 460 3346 548">
    <p class='ocr_par' dir='ltr' id='par_1_3' title="bbox 140 460 3346 548">
     <span class='ocr_line' id='line_1_3' title="bbox 140 460 3346 548; baseline -0.006 -12"><span class='ocrx_word' id='word_1_5' title='bbox 140 485 246 545; x_wconf 84' lang='lat' dir='ltr'><strong>rius,</strong></span> <span class='ocrx_word' id='word_1_6' title='bbox 273 486 534 548; x_wconf 76' lang='lat' dir='ltr'><strong>anteqUani</strong></span> <span class='ocrx_word' id='word_1_7' title='bbox 561 473 823 537; x_wconf 80' lang='lat' dir='ltr'><strong>Julianus,</strong></span> <span class='ocrx_word' id='word_1_8' title='bbox 860 472 951 539; x_wconf 78' lang='lat' dir='ltr'><strong>qui</strong></span> <span class='ocrx_word' id='word_1_9' title='bbox 980 470 1446 540; x_wconf 71' lang='lat' dir='ltr'><strong>Constantinopoli</strong></span> <span class='ocrx_word' id='word_1_10' title='bbox 1480 469 1661 540; x_wconf 83' lang='lat' dir='ltr'><strong>profe-</strong></span> <span class='ocrx_word' id='word_1_11' title='bbox 1688 478 1735 534; x_wconf 70' lang='grc' dir='ltr'>Α</span> <span class='ocrx_word' id='word_1_12' title='bbox 1764 470 1996 524; x_wconf 83' lang='lat' dir='ltr'><strong>Basilius</strong></span> <span class='ocrx_word' id='word_1_13' title='bbox 2032 482 2161 523; x_wconf 88' lang='lat' dir='ltr'><strong>vero</strong></span> <span class='ocrx_word' id='word_1_14' title='bbox 2205 467 2458 521; x_wconf 80' lang='lat' dir='ltr'><strong>maximis</strong></span> <span class='ocrx_word' id='word_1_15' title='bbox 2492 460 2742 521; x_wconf 85' lang='lat' dir='ltr'><strong>laudibus</strong></span> <span class='ocrx_word' id='word_1_16' title='bbox 2792 465 3000 521; x_wconf 77' lang='lat' dir='ltr'><strong>efferat.</strong></span> <span class='ocrx_word' id='word_1_17' title='bbox 3033 465 3140 520; x_wconf 87' lang='lat' dir='ltr'><strong>Sed</strong></span> <span class='ocrx_word' id='word_1_18' title='bbox 3168 467 3346 519; x_wconf 85' lang='lat' dir='ltr'><strong>minus</strong></span> 
     </span>
    </p>
   </div>
   <div class='ocr_carea' id='block_1_4' title="bbox 139 562 1662 632">
    <p class='ocr_par' dir='ltr' id='par_1_4' title="bbox 139 562 1662 632">
     <span class='ocr_line' id='line_1_4' title="bbox 139 562 1662 632; baseline -0.007 -6"><span class='ocrx_word' id='word_1_19' title='bbox 139 586 233 627; x_wconf 87' lang='lat' dir='ltr'><strong>ctus</strong></span> <span class='ocrx_word' id='word_1_20' title='bbox 264 582 335 625; x_wconf 89' lang='lat' dir='ltr'><strong>est</strong></span> <span class='ocrx_word' id='word_1_21' title='bbox 364 582 536 623; x_wconf 85' lang='lat' dir='ltr'><strong>mense</strong></span> <span class='ocrx_word' id='word_1_22' title='bbox 583 565 721 619; x_wconf 74' lang='lat' dir='ltr'><strong>Maio</strong></span> <span class='ocrx_word' id='word_1_23' title='bbox 748 565 871 619; x_wconf 69' lang='lat' dir='ltr'><strong>anxii</strong></span> <span class='ocrx_word' id='word_1_24' title='bbox 907 562 1034 628; x_wconf 76' lang='lat'><strong>562,</strong></span> <span class='ocrx_word' id='word_1_25' title='bbox 1072 564 1125 616; x_wconf 92' lang='lat' dir='ltr'><strong>in</strong></span> <span class='ocrx_word' id='word_1_26' title='bbox 1159 562 1490 632; x_wconf 80' lang='lat' dir='ltr'><strong>regionibus.</strong></span> <span class='ocrx_word' id='word_1_27' title='bbox 1525 576 1662 630; x_wconf 84' lang='lat' dir='ltr'><strong>quas</strong></span> 
     </span>
    </p>
   </div>
   <div class='ocr_carea' id='block_1_5' title="bbox 136 652 1661 729">
    <p class='ocr_par' dir='ltr' id='par_1_5' title="bbox 136 652 1661 729">
     <span class='ocr_line' id='line_1_5' title="bbox 136 652 1661 729; baseline -0.01 -8"><span class='ocrx_word' id='word_1_28' title='bbox 136 662 428 721; x_wconf 68' lang='lat' dir='ltr'><strong>Antiochiam</strong></span> <span class='ocrx_word' id='word_1_29' title='bbox 457 669 639 729; x_wconf 90' lang='lat' dir='ltr'><strong>petens</strong></span> <span class='ocrx_word' id='word_1_30' title='bbox 663 656 991 726; x_wconf 83' lang='lat' dir='ltr'><strong>peragravit,</strong></span> <span class='ocrx_word' id='word_1_31' title='bbox 1022 654 1289 708; x_wconf 86' lang='lat' dir='ltr'><strong>horrenda</strong></span> <span class='ocrx_word' id='word_1_32' title='bbox 1321 652 1661 707; x_wconf 79' lang='lat' dir='ltr'><strong>crudelitatis</strong></span> 
     </span>
    </p>
   </div>
   <div class='ocr_carea' id='block_1_6' title="bbox 139 744 1661 818">
    <p class='ocr_par' dir='ltr' id='par_1_6' title="bbox 139 744 1661 818">
     <span class='ocr_line' id='line_1_6' title="bbox 139 744 1661 818; baseline -0.009 -9"><span class='ocrx_word' id='word_1_33' title='bbox 139 761 434 809; x_wconf 82' lang='lat' dir='ltr'><strong>monumenta</strong></span> <span class='ocrx_word' id='word_1_34' title='bbox 482 749 803 818; x_wconf 84' lang='lat' dir='ltr'><strong>reliquisset,</strong></span> <span class='ocrx_word' id='word_1_35' title='bbox 848 746 1043 816; x_wconf 86' lang='lat' dir='ltr'><strong>quibus</strong></span> <span class='ocrx_word' id='word_1_36' title='bbox 1070 753 1255 815; x_wconf 89' lang='lat' dir='ltr'><strong>postea</strong></span> <span class='ocrx_word' id='word_1_37' title='bbox 1302 744 1573 798; x_wconf 86' lang='lat' dir='ltr'><strong>cumulum</strong></span> <span class='ocrx_word' id='word_1_38' title='bbox 1607 744 1661 796; x_wconf 90' lang='lat' dir='ltr'><strong>in</strong></span> 
     </span>
    </p>
   </div>
   <div class='ocr_carea' id='block_1_7' title="bbox 130 843 607 913">
    <p class='ocr_par' dir='ltr' id='par_1_7' title="bbox 130 843 607 913">
     <span class='ocr_line' id='line_1_7' title="bbox 130 843 607 913; baseline -0.013 -12"><span class='ocrx_word' id='word_1_39' title='bbox 130 846 321 901; x_wconf 85' lang='lat' dir='ltr'><strong>Oriente</strong></span> <span class='ocrx_word' id='word_1_40' title='bbox 350 843 607 913; x_wconf 88' lang='lat' dir='ltr'><strong>imposuit.</strong></span> 
     </span>
    </p>
   </div>
   <div class='ocr_carea' id='block_1_8' title="bbox 192 923 1663 999">
    <p class='ocr_par' dir='ltr' id='par_1_8' title="bbox 192 923 1663 999">
     <span class='ocr_line' id='line_1_8' title="bbox 192 923 1663 999; baseline -0.008 -10"><span class='ocrx_word' id='word_1_41' title='bbox 192 935 267 990; x_wconf 92' lang='lat' dir='ltr'><strong>lll.</strong></span> <span class='ocrx_word' id='word_1_42' title='bbox 312 933 415 987; x_wconf 82' lang='lat' dir='ltr'><strong>Non</strong></span> <span class='ocrx_word' id='word_1_43' title='bbox 452 933 619 985; x_wconf 89' lang='lat' dir='ltr'><strong>multo</strong></span> <span class='ocrx_word' id='word_1_44' title='bbox 671 938 792 999; x_wconf 87' lang='lat' dir='ltr'><strong>post</strong></span> <span class='ocrx_word' id='word_1_45' title='bbox 842 928 1086 998; x_wconf 72' lang='lat' dir='ltr'><strong>Gregorii</strong></span> <span class='ocrx_word' id='word_1_46' title='bbox 1142 928 1404 991; x_wconf 85' lang='lat' dir='ltr'><strong>reditum,</strong></span> <span class='ocrx_word' id='word_1_47' title='bbox 1432 923 1663 978; x_wconf 58' lang='lat' dir='ltr'><strong>Basilius</strong></span> 
     </span>
    </p>
   </div>
   <div class='ocr_carea' id='block_1_9' title="bbox 127 1015 1663 1085">
    <p class='ocr_par' dir='ltr' id='par_1_9' title="bbox 127 1015 1663 1085">
     <span class='ocr_line' id='line_1_9' title="bbox 127 1015 1663 1085; baseline -0.008 -4"><span class='ocrx_word' id='word_1_48' title='bbox 127 1030 389 1081; x_wconf 68' lang='lat' dir='ltr'><strong>tazsaream</strong></span> <span class='ocrx_word' id='word_1_49' title='bbox 426 1024 587 1085; x_wconf 82' lang='lat' dir='ltr'><strong>venit,</strong></span> <span class='ocrx_word' id='word_1_50' title='bbox 640 1022 813 1075; x_wconf 89' lang='lat' dir='ltr'><strong>Dianii</strong></span> <span class='ocrx_word' id='word_1_51' title='bbox 852 1019 1201 1075; x_wconf 64' lang='lat' dir='ltr'><strong>Caesariensis</strong></span> <span class='ocrx_word' id='word_1_52' title='bbox 1262 1018 1549 1072; x_wconf 84' lang='lat' dir='ltr'><strong>accersilu.</strong></span> <span class='ocrx_word' id='word_1_53' title='bbox 1614 1015 1663 1070; x_wconf 88' lang='lat' dir='ltr'><strong>ls</strong></span> 
     </span>
    </p>
   </div>
   <div class='ocr_carea' id='block_1_10' title="bbox 136 1109 1661 1184">
    <p class='ocr_par' dir='ltr' id='par_1_10' title="bbox 136 1109 1661 1184">
     <span class='ocr_line' id='line_1_10' title="bbox 136 1109 1661 1184; baseline -0.008 -12"><span class='ocrx_word' id='word_1_54' title='bbox 136 1119 254 1172; x_wconf 88' lang='lat' dir='ltr'><strong>enim</strong></span> <span class='ocrx_word' id='word_1_55' title='bbox 284 1132 391 1171; x_wconf 91' lang='lat' dir='ltr'><strong>cum</strong></span> <span class='ocrx_word' id='word_1_56' title='bbox 432 1116 481 1168; x_wconf 93' lang='lat' dir='ltr'><strong>in</strong></span> <span class='ocrx_word' id='word_1_57' title='bbox 534 1128 749 1184; x_wconf 81' lang='lat' dir='ltr'><strong>gravem</strong></span> <span class='ocrx_word' id='word_1_58' title='bbox 802 1112 1046 1165; x_wconf 88' lang='lat' dir='ltr'><strong>morbum</strong></span> <span class='ocrx_word' id='word_1_59' title='bbox 1094 1109 1391 1171; x_wconf 88' lang='lat' dir='ltr'><strong>incidisset,</strong></span> <span class='ocrx_word' id='word_1_60' title='bbox 1443 1122 1509 1161; x_wconf 89' lang='lat' dir='ltr'><strong>ex</strong></span> <span class='ocrx_word' id='word_1_61' title='bbox 1553 1121 1661 1175; x_wconf 92' lang='lat' dir='ltr'><strong>quo</strong></span> 
     </span>
    </p>
   </div>
   <div class='ocr_carea' id='block_1_11' title="bbox 135 1198 1660 1268">
    <p class='ocr_par' dir='ltr' id='par_1_11' title="bbox 135 1198 1660 1268">
     <span class='ocr_line' id='line_1_11' title="bbox 135 1198 1660 1268; baseline -0.009 -5"><span class='ocrx_word' id='word_1_62' title='bbox 135 1211 268 1263; x_wconf 85' lang='lat' dir='ltr'><strong>etiam</strong></span> <span class='ocrx_word' id='word_1_63' title='bbox 291 1221 317 1260; x_wconf 93' lang='lat' dir='ltr'><strong>e</strong></span> <span class='ocrx_word' id='word_1_64' title='bbox 343 1206 442 1258; x_wconf 83' lang='lat' dir='ltr'><strong>vita</strong></span> <span class='ocrx_word' id='word_1_65' title='bbox 476 1204 742 1267; x_wconf 88' lang='lat' dir='ltr'><strong>discessit,</strong></span> <span class='ocrx_word' id='word_1_66' title='bbox 771 1217 894 1256; x_wconf 91' lang='lat' dir='ltr'><strong>eum</strong></span> <span class='ocrx_word' id='word_1_67' title='bbox 945 1199 1165 1264; x_wconf 82' lang='lat' dir='ltr'><strong>Basilio,</strong></span> <span class='ocrx_word' id='word_1_68' title='bbox 1190 1215 1349 1268; x_wconf 85' lang='lat' dir='ltr'><strong>quem</strong></span> <span class='ocrx_word' id='word_1_69' title='bbox 1376 1214 1405 1253; x_wconf 92' lang='lat' dir='ltr'><strong>a</strong></span> <span class='ocrx_word' id='word_1_70' title='bbox 1431 1214 1489 1253; x_wconf 90' lang='lat' dir='ltr'><strong>se</strong></span> <span class='ocrx_word' id='word_1_71' title='bbox 1526 1198 1660 1252; x_wconf 81' lang='lat' dir='ltr'><strong>sub-</strong></span> 
     </span>
    </p>
   </div>
   <div class='ocr_carea' id='block_1_12' title="bbox 135 1291 1663 1362">
    <p class='ocr_par' dir='ltr' id='par_1_12' title="bbox 135 1291 1663 1362">
     <span class='ocr_line' id='line_1_12' title="bbox 135 1291 1663 1362; baseline -0.007 -9"><span class='ocrx_word' id='word_1_72' title='bbox 135 1300 337 1353; x_wconf 88' lang='lat' dir='ltr'><strong>scribens</strong></span> <span class='ocrx_word' id='word_1_73' title='bbox 386 1296 618 1351; x_wconf 75' lang='lat' dir='ltr'><strong>formula:</strong></span> <span class='ocrx_word' id='word_1_74' title='bbox 671 1292 1136 1362; x_wconf 84' lang='lat' dir='ltr'><strong>Constantinopoli</strong></span> <span class='ocrx_word' id='word_1_75' title='bbox 1182 1292 1357 1345; x_wconf 72' lang='lat' dir='ltr'><strong>allatas</strong></span> <span class='ocrx_word' id='word_1_76' title='bbox 1397 1291 1663 1344; x_wconf 78' lang='lat' dir='ltr'><strong>alienave-</strong></span> 
     </span>
    </p>
   </div>
   <div class='ocr_carea' id='block_1_13' title="bbox 132 1383 1657 1453">
    <p class='ocr_par' dir='ltr' id='par_1_13' title="bbox 132 1383 1657 1453">
     <span class='ocr_line' id='line_1_13' title="bbox 132 1383 1657 1453; baseline -0.005 -11"><span class='ocrx_word' id='word_1_77' title='bbox 132 1390 498 1452; x_wconf 84' lang='lat' dir='ltr'><strong>rat,amicitiam</strong></span> <span class='ocrx_word' id='word_1_78' title='bbox 533 1398 589 1442; x_wconf 92' lang='lat' dir='ltr'><strong>et</strong></span> <span class='ocrx_word' id='word_1_79' title='bbox 609 1388 1046 1443; x_wconf 85' lang='lat' dir='ltr'><strong>communionem</strong></span> <span class='ocrx_word' id='word_1_80' title='bbox 1075 1385 1443 1453; x_wconf 88' lang='lat' dir='ltr'><strong>redintegrare</strong></span> <span class='ocrx_word' id='word_1_81' title='bbox 1468 1383 1657 1446; x_wconf 88' lang='lat' dir='ltr'><strong>voluit,</strong></span> 
     </span>
    </p>
   </div>
   <div class='ocr_carea' id='block_1_14' title="bbox 136 1474 1660 1549">
    <p class='ocr_par' dir='ltr' id='par_1_14' title="bbox 136 1474 1660 1549">
     <span class='ocr_line' id='line_1_14' title="bbox 136 1474 1660 1549; baseline -0.004 -14"><span class='ocrx_word' id='word_1_82' title='bbox 136 1493 377 1549; x_wconf 82' lang='lat' dir='ltr'><strong>antequam</strong></span> <span class='ocrx_word' id='word_1_83' title='bbox 435 1489 756 1534; x_wconf 86' lang='lat' dir='ltr'><strong>moreretur.</strong></span> <span class='ocrx_word' id='word_1_84' title='bbox 808 1477 992 1546; x_wconf 80' lang='lat' dir='ltr'><strong>Itaque</strong></span> <span class='ocrx_word' id='word_1_85' title='bbox 1047 1480 1311 1530; x_wconf 88' lang='lat' dir='ltr'><strong>accersito</strong></span> <span class='ocrx_word' id='word_1_86' title='bbox 1345 1474 1541 1528; x_wconf 76' lang='lat' dir='ltr'><strong>Basilio</strong></span> <span class='ocrx_word' id='word_1_87' title='bbox 1580 1476 1660 1529; x_wconf 90' lang='lat' dir='ltr'><strong>di-</strong></span> 
     </span>
    </p>
   </div>
   <div class='ocr_carea' id='block_1_15' title="bbox 134 1565 1659 1641">
    <p class='ocr_par' dir='ltr' id='par_1_15' title="bbox 134 1565 1659 1641">
     <span class='ocr_line' id='line_1_15' title="bbox 134 1565 1659 1641; baseline -0.006 -15"><span class='ocrx_word' id='word_1_88' title='bbox 134 1574 199 1626; x_wconf 84' lang='lat' dir='ltr'><strong>xit</strong></span> <span class='ocrx_word' id='word_1_89' title='bbox 229 1572 291 1641; x_wconf 87' lang='lat' dir='ltr'><strong>(a)</strong></span> <span class='ocrx_word' id='word_1_90' title='bbox 323 1588 336 1627; x_wconf 90' lang='lat'><strong>:</strong></span> <span class='ocrx_word' id='word_1_91' title='bbox 363 1571 577 1624; x_wconf 87' lang='lat' dir='ltr'><strong>Domino</strong></span> <span class='ocrx_word' id='word_1_92' title='bbox 647 1579 795 1634; x_wconf 88' lang='lat' dir='ltr'><strong>teste,</strong></span> <span class='ocrx_word' id='word_1_93' title='bbox 839 1586 894 1622; x_wconf 91' lang='lat' dir='ltr'><strong>se</strong></span> <span class='ocrx_word' id='word_1_94' title='bbox 958 1569 1151 1635; x_wconf 77' lang='lat' dir='ltr'><strong>scripto</strong></span> <span class='ocrx_word' id='word_1_95' title='bbox 1202 1565 1659 1634; x_wconf 88' lang='lat' dir='ltr'><strong>Constantinopoli</strong></span> 
     </span>
    </p>
   </div>
   <div class='ocr_carea' id='block_1_16' title="bbox 137 1657 1656 1731">
    <p class='ocr_par' dir='ltr' id='par_1_16' title="bbox 137 1657 1656 1731">
     <span class='ocr_line' id='line_1_16' title="bbox 137 1657 1656 1731; baseline -0.007 -13"><span class='ocrx_word' id='word_1_96' title='bbox 137 1665 273 1718; x_wconf 87' lang='lat' dir='ltr'><strong>allato</strong></span> <span class='ocrx_word' id='word_1_97' title='bbox 300 1665 348 1717; x_wconf 88' lang='lat' dir='ltr'><strong>in</strong></span> <span class='ocrx_word' id='word_1_98' title='bbox 379 1663 711 1731; x_wconf 78' lang='lat' dir='ltr'><strong>simplicitate</strong></span> <span class='ocrx_word' id='word_1_99' title='bbox 732 1662 906 1714; x_wconf 90' lang='lat' dir='ltr'><strong>cordis</strong></span> <span class='ocrx_word' id='word_1_100' title='bbox 940 1660 1244 1723; x_wconf 86' lang='lat' dir='ltr'><strong>assensisse,</strong></span> <span class='ocrx_word' id='word_1_101' title='bbox 1292 1660 1381 1712; x_wconf 88' lang='lat' dir='ltr'><strong>sed</strong></span> <span class='ocrx_word' id='word_1_102' title='bbox 1425 1657 1559 1710; x_wconf 88' lang='lat' dir='ltr'><strong>nihil</strong></span> <span class='ocrx_word' id='word_1_103' title='bbox 1589 1657 1656 1709; x_wconf 90' lang='lat' dir='ltr'><strong>ad</strong></span> 
     </span>
    </p>
   </div>
   <div class='ocr_carea' id='block_1_17' title="bbox 132 1750 1658 1821">
    <p class='ocr_par' dir='ltr' id='par_1_17' title="bbox 132 1750 1658 1821">
     <span class='ocr_line' id='line_1_17' title="bbox 132 1750 1658 1821; baseline -0.005 -14"><span class='ocrx_word' id='word_1_104' title='bbox 132 1756 233 1821; x_wconf 76' lang='lat' dir='ltr'><strong>ﬁdei</strong></span> <span class='ocrx_word' id='word_1_105' title='bbox 258 1754 471 1808; x_wconf 73' lang='lat' dir='ltr'><strong>Nicwna:</strong></span> <span class='ocrx_word' id='word_1_106' title='bbox 498 1772 528 1807; x_wconf 90' lang='lat' dir='ltr'><strong>a</strong></span> <span class='ocrx_word' id='word_1_107' title='bbox 557 1757 757 1807; x_wconf 89' lang='lat' dir='ltr'><strong>sanctis</strong></span> <span class='ocrx_word' id='word_1_108' title='bbox 788 1752 1042 1805; x_wconf 79' lang='lat' dir='ltr'><strong>Patribus</strong></span> <span class='ocrx_word' id='word_1_109' title='bbox 1070 1750 1319 1818; x_wconf 75' lang='lat' dir='ltr'><strong>exposita:</strong></span> <span class='ocrx_word' id='word_1_110' title='bbox 1344 1750 1658 1802; x_wconf 75' lang='lat' dir='ltr'><strong>eversionem</strong></span> 
     </span>
    </p>
   </div>
   <div class='ocr_carea' id='block_1_18' title="bbox 1764 555 3349 615">
    <p class='ocr_par' dir='ltr' id='par_1_18' title="bbox 1764 555 3349 615">
     <span class='ocr_line' id='line_1_18' title="bbox 1764 555 3349 615; baseline -0.005 0"><span class='ocrx_word' id='word_1_111' title='bbox 1764 564 2043 615; x_wconf 89' lang='lat' dir='ltr'><strong>commoda</strong></span> <span class='ocrx_word' id='word_1_112' title='bbox 2081 560 2293 613; x_wconf 84' lang='lat' dir='ltr'><strong>videtur</strong></span> <span class='ocrx_word' id='word_1_113' title='bbox 2336 559 2453 612; x_wconf 71' lang='lat' dir='ltr'><strong>haec</strong></span> <span class='ocrx_word' id='word_1_114' title='bbox 2490 556 2646 610; x_wconf 75' lang='lat' dir='ltr'><strong>fama:</strong></span> <span class='ocrx_word' id='word_1_115' title='bbox 2674 557 2848 610; x_wconf 81' lang='lat' dir='ltr'><strong>Dianii</strong></span> <span class='ocrx_word' id='word_1_116' title='bbox 2881 555 3229 610; x_wconf 77' lang='lat' dir='ltr'><strong>defendenda:</strong></span> <span class='ocrx_word' id='word_1_117' title='bbox 3259 572 3349 608; x_wconf 83' lang='lat' dir='ltr'><strong>ra-</strong></span> 
     </span>
    </p>
   </div>
   <div class='ocr_carea' id='block_1_19' title="bbox 1766 645 3342 719">
    <p class='ocr_par' dir='ltr' id='par_1_19' title="bbox 1766 645 3342 719">
     <span class='ocr_line' id='line_1_19' title="bbox 1766 645 3342 719; baseline -0.004 -14"><span class='ocrx_word' id='word_1_118' title='bbox 1766 653 1861 705; x_wconf 92' lang='lat' dir='ltr'><strong>tio.</strong></span> <span class='ocrx_word' id='word_1_119' title='bbox 1895 650 2121 705; x_wconf 85' lang='lat' dir='ltr'><strong>Etiamsi</strong></span> <span class='ocrx_word' id='word_1_120' title='bbox 2165 651 2309 704; x_wconf 89' lang='lat' dir='ltr'><strong>enim</strong></span> <span class='ocrx_word' id='word_1_121' title='bbox 2346 649 2619 719; x_wconf 87' lang='lat' dir='ltr'><strong>Theognis</strong></span> <span class='ocrx_word' id='word_1_122' title='bbox 2672 648 2727 701; x_wconf 90' lang='lat' dir='ltr'><strong>in</strong></span> <span class='ocrx_word' id='word_1_123' title='bbox 2782 645 2905 700; x_wconf 82' lang='lat' dir='ltr'><strong>Julii</strong></span> <span class='ocrx_word' id='word_1_124' title='bbox 2938 646 3190 715; x_wconf 88' lang='lat' dir='ltr'><strong>epistola,</strong></span> <span class='ocrx_word' id='word_1_125' title='bbox 3238 662 3342 700; x_wconf 90' lang='lat' dir='ltr'><strong>non</strong></span> 
     </span>
    </p>
   </div>
   <div class='ocr_carea' id='block_1_20' title="bbox 1765 740 3348 812">
    <p class='ocr_par' dir='ltr' id='par_1_20' title="bbox 1765 740 3348 812">
     <span class='ocr_line' id='line_1_20' title="bbox 1765 740 3348 812; baseline -0.005 -13"><span class='ocrx_word' id='word_1_126' title='bbox 1765 745 1987 799; x_wconf 90' lang='lat' dir='ltr'><strong>Dianius</strong></span> <span class='ocrx_word' id='word_1_127' title='bbox 2011 744 2282 812; x_wconf 83' lang='lat' dir='ltr'><strong>legeretur</strong></span> <span class='ocrx_word' id='word_1_128' title='bbox 2300 742 2464 811; x_wconf 93' lang='lat' dir='ltr'><strong>(quod</strong></span> <span class='ocrx_word' id='word_1_129' title='bbox 2487 751 2664 795; x_wconf 89' lang='lat' dir='ltr'><strong>tamen</strong></span> <span class='ocrx_word' id='word_1_130' title='bbox 2698 740 2812 793; x_wconf 85' lang='lat' dir='ltr'><strong>fieri</strong></span> <span class='ocrx_word' id='word_1_131' title='bbox 2839 740 3037 795; x_wconf 85' lang='lat' dir='ltr'><strong>debere</strong></span> <span class='ocrx_word' id='word_1_132' title='bbox 3069 749 3228 809; x_wconf 85' lang='lat' dir='ltr'><strong>negat</strong></span> <span class='ocrx_word' id='word_1_133' title='bbox 3254 740 3348 793; x_wconf 87' lang='lat' dir='ltr'><strong>do-</strong></span> 
     </span>
    </p>
   </div>
   <div class='ocr_carea' id='block_1_21' title="bbox 1763 832 3345 901">
    <p class='ocr_par' dir='ltr' id='par_1_21' title="bbox 1763 832 3345 901">
     <span class='ocr_line' id='line_1_21' title="bbox 1763 832 3345 901; baseline -0.006 -10"><span class='ocrx_word' id='word_1_134' title='bbox 1763 837 2042 891; x_wconf 87' lang='lat' dir='ltr'><strong>ctissimus</strong></span> <span class='ocrx_word' id='word_1_135' title='bbox 2076 837 2251 890; x_wconf 88' lang='lat' dir='ltr'><strong>editor</strong></span> <span class='ocrx_word' id='word_1_136' title='bbox 2286 836 2584 888; x_wconf 88' lang='lat' dir='ltr'><strong>litterarum</strong></span> <span class='ocrx_word' id='word_1_137' title='bbox 2612 833 2973 887; x_wconf 83' lang='lat' dir='ltr'><strong>Romanorum</strong></span> <span class='ocrx_word' id='word_1_138' title='bbox 3008 832 3345 901; x_wconf 82' lang='lat' dir='ltr'><strong>pOntilicum,</strong></span> 
     </span>
    </p>
   </div>
   <div class='ocr_carea' id='block_1_22' title="bbox 1764 924 3348 997">
    <p class='ocr_par' dir='ltr' id='par_1_22' title="bbox 1764 924 3348 997">
     <span class='ocr_line' id='line_1_22' title="bbox 1764 924 3348 997; baseline -0.004 -15"><span class='ocrx_word' id='word_1_139' title='bbox 1764 929 1892 997; x_wconf 91' lang='lat' dir='ltr'><strong>quia</strong></span> <span class='ocrx_word' id='word_1_140' title='bbox 1945 927 2217 997; x_wconf 86' lang='lat' dir='ltr'><strong>Theognis</strong></span> <span class='ocrx_word' id='word_1_141' title='bbox 2254 926 2503 980; x_wconf 71' lang='lat' dir='ltr'><strong>Nicaznus</strong></span> <span class='ocrx_word' id='word_1_142' title='bbox 2551 927 2603 979; x_wconf 90' lang='lat' dir='ltr'><strong>in</strong></span> <span class='ocrx_word' id='word_1_143' title='bbox 2657 927 2844 979; x_wconf 85' lang='lat' dir='ltr'><strong>eadem</strong></span> <span class='ocrx_word' id='word_1_144' title='bbox 2874 924 3097 993; x_wconf 87' lang='lat' dir='ltr'><strong>epistola</strong></span> <span class='ocrx_word' id='word_1_145' title='bbox 3129 924 3348 993; x_wconf 85' lang='lat' dir='ltr'><strong>proprio</strong></span> 
     </span>
    </p>
   </div>
   <div class='ocr_carea' id='block_1_23' title="bbox 1764 1015 3345 1090">
    <p class='ocr_par' dir='ltr' id='par_1_23' title="bbox 1764 1015 3345 1090">
     <span class='ocr_line' id='line_1_23' title="bbox 1764 1015 3345 1090; baseline -0.004 -15"><span class='ocrx_word' id='word_1_146' title='bbox 1764 1022 1983 1077; x_wconf 88' lang='lat' dir='ltr'><strong>nomine</strong></span> <span class='ocrx_word' id='word_1_147' title='bbox 2028 1018 2393 1090; x_wconf 81' lang='lat' dir='ltr'><strong>appellatur);</strong></span> <span class='ocrx_word' id='word_1_148' title='bbox 2435 1034 2562 1071; x_wconf 90' lang='lat' dir='ltr'><strong>num</strong></span> <span class='ocrx_word' id='word_1_149' title='bbox 2609 1017 2808 1071; x_wconf 91' lang='lat' dir='ltr'><strong>idcirco</strong></span> <span class='ocrx_word' id='word_1_150' title='bbox 2847 1015 3019 1069; x_wconf 88' lang='lat' dir='ltr'><strong>Dianii</strong></span> <span class='ocrx_word' id='word_1_151' title='bbox 3052 1030 3246 1069; x_wconf 87' lang='lat' dir='ltr'><strong>nomen</strong></span> <span class='ocrx_word' id='word_1_152' title='bbox 3280 1030 3345 1068; x_wconf 85' lang='lat' dir='ltr'><strong>ex</strong></span> 
     </span>
    </p>
   </div>
   <div class='ocr_carea' id='block_1_24' title="bbox 1766 1108 3350 1180">
    <p class='ocr_par' dir='ltr' id='par_1_24' title="bbox 1766 1108 3350 1180">
     <span class='ocr_line' id='line_1_24' title="bbox 1766 1108 3350 1180; baseline -0.006 -12"><span class='ocrx_word' id='word_1_153' title='bbox 1766 1114 2054 1169; x_wconf 86' lang='lat' dir='ltr'><strong>Sozomeni</strong></span> <span class='ocrx_word' id='word_1_154' title='bbox 2081 1112 2315 1166; x_wconf 77' lang='lat' dir='ltr'><strong>Historia</strong></span> <span class='ocrx_word' id='word_1_155' title='bbox 2351 1111 2421 1180; x_wconf 78' lang='grc' dir='ltr'><strong>(ε)</strong></span> <span class='ocrx_word' id='word_1_156' title='bbox 2461 1110 2629 1163; x_wconf 88' lang='lat' dir='ltr'><strong>deleri</strong></span> <span class='ocrx_word' id='word_1_157' title='bbox 2681 1118 2883 1178; x_wconf 85' lang='lat' dir='ltr'><strong>posset,</strong></span> <span class='ocrx_word' id='word_1_158' title='bbox 2917 1110 3005 1177; x_wconf 88' lang='lat' dir='ltr'><strong>qui</strong></span> <span class='ocrx_word' id='word_1_159' title='bbox 3052 1124 3173 1162; x_wconf 89' lang='lat' dir='ltr'><strong>eum</strong></span> <span class='ocrx_word' id='word_1_160' title='bbox 3206 1108 3350 1161; x_wconf 90' lang='lat' dir='ltr'><strong>inter</strong></span> 
     </span>
    </p>
   </div>
   <div class='ocr_carea' id='block_1_25' title="bbox 1763 1197 3351 1277">
    <p class='ocr_par' dir='ltr' id='par_1_25' title="bbox 1763 1197 3351 1277">
     <span class='ocr_line' id='line_1_25' title="bbox 1763 1197 3351 1277; baseline -0.005 -18"><span class='ocrx_word' id='word_1_161' title='bbox 1763 1208 2064 1277; x_wconf 62' lang='lat' dir='ltr'><strong>praecipuos</strong></span> <span class='ocrx_word' id='word_1_162' title='bbox 2100 1204 2312 1259; x_wconf 82' lang='lat' dir='ltr'><strong>concilii</strong></span> <span class='ocrx_word' id='word_1_163' title='bbox 2357 1201 2675 1255; x_wconf 81' lang='lat' dir='ltr'><strong>Antiocheni</strong></span> <span class='ocrx_word' id='word_1_164' title='bbox 2723 1201 3003 1269; x_wconf 83' lang='lat' dir='ltr'><strong>episcopos</strong></span> <span class='ocrx_word' id='word_1_165' title='bbox 3048 1197 3351 1253; x_wconf 78' lang='lat' dir='ltr'><strong>numerat?</strong></span> 
     </span>
    </p>
   </div>
   <div class='ocr_carea' id='block_1_26' title="bbox 1762 1292 3349 1363">
    <p class='ocr_par' dir='ltr' id='par_1_26' title="bbox 1762 1292 3349 1363">
     <span class='ocr_line' id='line_1_26' title="bbox 1762 1292 3349 1363; baseline -0.006 -11"><span class='ocrx_word' id='word_1_166' title='bbox 1762 1296 2030 1352; x_wconf 63' lang='lat' dir='ltr'><strong>Pratterca</strong></span> <span class='ocrx_word' id='word_1_167' title='bbox 2081 1296 2224 1350; x_wconf 87' lang='lat' dir='ltr'><strong>aliud</strong></span> <span class='ocrx_word' id='word_1_168' title='bbox 2258 1295 2511 1363; x_wconf 90' lang='lat' dir='ltr'><strong>probrum</strong></span> <span class='ocrx_word' id='word_1_169' title='bbox 2542 1308 2646 1346; x_wconf 92' lang='lat' dir='ltr'><strong>non</strong></span> <span class='ocrx_word' id='word_1_170' title='bbox 2702 1292 2869 1345; x_wconf 89' lang='lat' dir='ltr'><strong>multo</strong></span> <span class='ocrx_word' id='word_1_171' title='bbox 2903 1293 3081 1345; x_wconf 87' lang='lat' dir='ltr'><strong>minus</strong></span> <span class='ocrx_word' id='word_1_172' title='bbox 3126 1292 3349 1344; x_wconf 60' lang='lat' dir='ltr'><strong>inliceret</strong></span> 
     </span>
    </p>
   </div>
   <div class='ocr_carea' id='block_1_27' title="bbox 1762 1380 3342 1447">
    <p class='ocr_par' dir='ltr' id='par_1_27' title="bbox 1762 1380 3342 1447">
     <span class='ocr_line' id='line_1_27' title="bbox 1762 1380 3342 1447; baseline -0.005 -7"><span class='ocrx_word' id='word_1_173' title='bbox 1762 1386 1953 1440; x_wconf 89' lang='lat' dir='ltr'><strong>Dianio</strong></span> <span class='ocrx_word' id='word_1_174' title='bbox 1984 1384 2305 1439; x_wconf 63' lang='lat' dir='ltr'><strong>Caesariensi</strong></span> <span class='ocrx_word' id='word_1_175' title='bbox 2350 1398 2418 1436; x_wconf 86' lang='lat' dir='ltr'><strong>ex</strong></span> <span class='ocrx_word' id='word_1_176' title='bbox 2475 1381 2783 1435; x_wconf 87' lang='lat' dir='ltr'><strong>Sardicensi</strong></span> <span class='ocrx_word' id='word_1_177' title='bbox 2836 1380 3097 1445; x_wconf 85' lang='lat' dir='ltr'><strong>concilio,</strong></span> <span class='ocrx_word' id='word_1_178' title='bbox 3131 1380 3183 1432; x_wconf 90' lang='lat' dir='ltr'><strong>in</strong></span> <span class='ocrx_word' id='word_1_179' title='bbox 3236 1394 3342 1447; x_wconf 89' lang='lat' dir='ltr'><strong>quo</strong></span> 
     </span>
    </p>
   </div>
   <div class='ocr_carea' id='block_1_28' title="bbox 1760 1470 3350 1542">
    <p class='ocr_par' dir='ltr' id='par_1_28' title="bbox 1760 1470 3350 1542">
     <span class='ocr_line' id='line_1_28' title="bbox 1760 1470 3350 1542; baseline -0.006 -8"><span class='ocrx_word' id='word_1_180' title='bbox 1760 1495 1881 1534; x_wconf 91' lang='lat' dir='ltr'><strong>cum</strong></span> <span class='ocrx_word' id='word_1_181' title='bbox 1908 1477 2125 1531; x_wconf 85' lang='lat' dir='ltr'><strong>Arianis</strong></span> <span class='ocrx_word' id='word_1_182' title='bbox 2152 1477 2469 1542; x_wconf 86' lang='lat' dir='ltr'><strong>eonjunctus</strong></span> <span class='ocrx_word' id='word_1_183' title='bbox 2502 1473 2601 1525; x_wconf 90' lang='lat' dir='ltr'><strong>fuit</strong></span> <span class='ocrx_word' id='word_1_184' title='bbox 2624 1471 2735 1542; x_wconf 77' lang='grc' dir='ltr'><strong>(α),</strong></span> <span class='ocrx_word' id='word_1_185' title='bbox 2769 1485 2937 1537; x_wconf 87' lang='lat' dir='ltr'><strong>seque</strong></span> <span class='ocrx_word' id='word_1_186' title='bbox 2966 1486 3089 1523; x_wconf 86' lang='lat' dir='ltr'><strong>cum</strong></span> <span class='ocrx_word' id='word_1_187' title='bbox 3128 1470 3208 1523; x_wconf 89' lang='lat' dir='ltr'><strong>eis</strong></span> <span class='ocrx_word' id='word_1_188' title='bbox 3238 1470 3350 1524; x_wconf 88' lang='lat' dir='ltr'><strong>dis.</strong></span> 
     </span>
    </p>
   </div>
   <div class='ocr_carea' id='block_1_29' title="bbox 1754 1560 3349 1635">
    <p class='ocr_par' dir='ltr' id='par_1_29' title="bbox 1754 1560 3349 1635">
     <span class='ocr_line' id='line_1_29' title="bbox 1754 1560 3349 1635; baseline -0.006 -14"><span class='ocrx_word' id='word_1_189' title='bbox 1754 1568 1934 1635; x_wconf 88' lang='lat' dir='ltr'><strong>junxit</strong></span> <span class='ocrx_word' id='word_1_190' title='bbox 1962 1568 2028 1619; x_wconf 90' lang='lat' dir='ltr'><strong>ab</strong></span> <span class='ocrx_word' id='word_1_191' title='bbox 2053 1564 2369 1619; x_wconf 87' lang='lat' dir='ltr'><strong>orthodoxis</strong></span> <span class='ocrx_word' id='word_1_192' title='bbox 2407 1562 2695 1630; x_wconf 84' lang='lat' dir='ltr'><strong>episcopis,</strong></span> <span class='ocrx_word' id='word_1_193' title='bbox 2729 1574 2901 1629; x_wconf 88' lang='lat' dir='ltr'><strong>neque</strong></span> <span class='ocrx_word' id='word_1_194' title='bbox 2926 1573 3114 1613; x_wconf 78' lang='lat' dir='ltr'><strong>exsors</strong></span> <span class='ocrx_word' id='word_1_195' title='bbox 3139 1560 3349 1612; x_wconf 79' lang='lat' dir='ltr'><strong>videtur</strong></span> 
     </span>
    </p>
   </div>
   <div class='ocr_carea' id='block_1_30' title="bbox 1759 1651 3343 1721">
    <p class='ocr_par' dir='ltr' id='par_1_30' title="bbox 1759 1651 3343 1721">
     <span class='ocr_line' id='line_1_30' title="bbox 1759 1651 3343 1721; baseline -0.008 -7"><span class='ocrx_word' id='word_1_196' title='bbox 1759 1660 1927 1714; x_wconf 81' lang='lat' dir='ltr'><strong>fuisse</strong></span> <span class='ocrx_word' id='word_1_197' title='bbox 1951 1673 2135 1713; x_wconf 90' lang='lat' dir='ltr'><strong>eorum</strong></span> <span class='ocrx_word' id='word_1_198' title='bbox 2167 1657 2387 1709; x_wconf 74' lang='lat' dir='ltr'><strong>nefariae</strong></span> <span class='ocrx_word' id='word_1_199' title='bbox 2413 1656 2464 1707; x_wconf 87' lang='lat' dir='ltr'><strong>in</strong></span> <span class='ocrx_word' id='word_1_200' title='bbox 2494 1651 2691 1706; x_wconf 90' lang='lat' dir='ltr'><strong>Julium</strong></span> <span class='ocrx_word' id='word_1_201' title='bbox 2721 1666 2936 1721; x_wconf 80' lang='lat' dir='ltr'><strong>papam,</strong></span> <span class='ocrx_word' id='word_1_202' title='bbox 2960 1651 3343 1713; x_wconf 84' lang='lat' dir='ltr'><strong>Athanasium,</strong></span> 
     </span>
    </p>
   </div>
   <div class='ocr_carea' id='block_1_31' title="bbox 1766 1744 3342 1815">
    <p class='ocr_par' dir='ltr' id='par_1_31' title="bbox 1766 1744 3342 1815">
     <span class='ocr_line' id='line_1_31' title="bbox 1766 1744 3342 1815; baseline -0.008 -8"><span class='ocrx_word' id='word_1_203' title='bbox 1766 1753 1975 1815; x_wconf 83' lang='lat' dir='ltr'><strong>Osium,</strong></span> <span class='ocrx_word' id='word_1_204' title='bbox 2036 1750 2387 1803; x_wconf 76' lang='lat' dir='ltr'><strong>Maximinum</strong></span> <span class='ocrx_word' id='word_1_205' title='bbox 2452 1746 2827 1799; x_wconf 85' lang='lat' dir='ltr'><strong>Trevirensem</strong></span> <span class='ocrx_word' id='word_1_206' title='bbox 2882 1744 3153 1807; x_wconf 67' lang='lat' dir='ltr'><strong>audaciae,</strong></span> <span class='ocrx_word' id='word_1_207' title='bbox 3205 1756 3342 1811; x_wconf 89' lang='lat' dir='ltr'><strong>quos</strong></span> 
     </span>
    </p>
   </div>
   <div class='ocr_carea' id='block_1_32' title="bbox 131 1827 3350 1917">
    <p class='ocr_par' dir='ltr' id='par_1_32' title="bbox 131 1827 3350 1917">
     <span class='ocr_line' id='line_1_32' title="bbox 131 1827 3350 1917; baseline -0.005 -15"><span class='ocrx_word' id='word_1_208' title='bbox 131 1850 212 1901; x_wconf 82' lang='lat' dir='ltr'><strong>sibi</strong></span> <span class='ocrx_word' id='word_1_209' title='bbox 236 1850 563 1917; x_wconf 77' lang='lat' dir='ltr'><strong>proposuisse,</strong></span> <span class='ocrx_word' id='word_1_210' title='bbox 590 1863 753 1915; x_wconf 89' lang='lat' dir='ltr'><strong>neque</strong></span> <span class='ocrx_word' id='word_1_211' title='bbox 799 1846 944 1897; x_wconf 85' lang='lat' dir='ltr'><strong>aliud</strong></span> <span class='ocrx_word' id='word_1_212' title='bbox 971 1846 1025 1897; x_wconf 91' lang='lat' dir='ltr'><strong>in</strong></span> <span class='ocrx_word' id='word_1_213' title='bbox 1054 1843 1211 1896; x_wconf 90' lang='lat' dir='ltr'><strong>corde</strong></span> <span class='ocrx_word' id='word_1_214' title='bbox 1251 1840 1464 1902; x_wconf 83' lang='lat' dir='ltr'><strong>habere,</strong></span> <span class='ocrx_word' id='word_1_215' title='bbox 1501 1855 1659 1909; x_wconf 89' lang='lat' dir='ltr'><strong>quam</strong></span> <span class='ocrx_word' id='word_1_216' title='bbox 1695 1827 1737 1883; x_wconf 78' lang='grc' dir='ltr'><strong>Β</strong></span> <span class='ocrx_word' id='word_1_217' title='bbox 1764 1842 2223 1897; x_wconf 81' lang='lat' dir='ltr'><strong>anatliematizare</strong></span> <span class='ocrx_word' id='word_1_218' title='bbox 2268 1855 2373 1893; x_wconf 90' lang='lat' dir='ltr'><strong>non</strong></span> <span class='ocrx_word' id='word_1_219' title='bbox 2427 1838 2758 1890; x_wconf 88' lang='lat' dir='ltr'><strong>dubitarunt.</strong></span> <span class='ocrx_word' id='word_1_220' title='bbox 2802 1833 3027 1888; x_wconf 84' lang='lat' dir='ltr'><strong>Frustra</strong></span> <span class='ocrx_word' id='word_1_221' title='bbox 3077 1846 3205 1903; x_wconf 79' lang='lat' dir='ltr'><strong>ergo</strong></span> <span class='ocrx_word' id='word_1_222' title='bbox 3254 1847 3350 1887; x_wconf 74' lang='lat' dir='ltr'><strong>ex-</strong></span> 
     </span>
    </p>
   </div>
   <div class='ocr_carea' id='block_1_33' title="bbox 130 1932 1661 2006">
    <p class='ocr_par' dir='ltr' id='par_1_33' title="bbox 130 1932 1661 2006">
     <span class='ocr_line' id='line_1_33' title="bbox 130 1932 1661 2006; baseline -0.005 -15"><span class='ocrx_word' id='word_1_223' title='bbox 130 1940 461 2006; x_wconf 81' lang='lat' dir='ltr'><strong>quodabinitio</strong></span> <span class='ocrx_word' id='word_1_224' title='bbox 490 1939 747 1990; x_wconf 89' lang='lat' dir='ltr'><strong>traditum</strong></span> <span class='ocrx_word' id='word_1_225' title='bbox 768 1947 1103 2005; x_wconf 84' lang='lat' dir='ltr'><strong>acceperat...</strong></span> <span class='ocrx_word' id='word_1_226' title='bbox 1134 1935 1238 1987; x_wconf 89' lang='lat' dir='ltr'><strong>imo</strong></span> <span class='ocrx_word' id='word_1_227' title='bbox 1270 1934 1427 1987; x_wconf 83' lang='lat' dir='ltr'><strong>etiam</strong></span> <span class='ocrx_word' id='word_1_228' title='bbox 1453 1932 1661 1997; x_wconf 90' lang='lat' dir='ltr'><strong>precari</strong></span> 
     </span>
    </p>
   </div>
   <div class='ocr_carea' id='block_1_34' title="bbox 128 2030 1663 2102">
    <p class='ocr_par' dir='ltr' id='par_1_34' title="bbox 128 2030 1663 2102">
     <span class='ocr_line' id='line_1_34' title="bbox 128 2030 1663 2102; baseline -0.006 -13"><span class='ocrx_word' id='word_1_229' title='bbox 128 2053 175 2089; x_wconf 90' lang='lat' dir='ltr'><strong>se</strong></span> <span class='ocrx_word' id='word_1_230' title='bbox 206 2047 326 2089; x_wconf 82' lang='lat' dir='ltr'><strong>utne</strong></span> <span class='ocrx_word' id='word_1_231' title='bbox 358 2044 623 2102; x_wconf 73' lang='lat' dir='ltr'><strong>separetur</strong></span> <span class='ocrx_word' id='word_1_232' title='bbox 644 2048 691 2087; x_wconf 84' lang='grc' dir='ltr'><strong>α·</strong></span> <span class='ocrx_word' id='word_1_233' title='bbox 704 2044 840 2087; x_wconf 87' lang='lat' dir='ltr'><strong>sorte</strong></span> <span class='ocrx_word' id='word_1_234' title='bbox 869 2039 1216 2085; x_wconf 85' lang='lat' dir='ltr'><strong>trecentorum</strong></span> <span class='ocrx_word' id='word_1_235' title='bbox 1252 2030 1427 2082; x_wconf 86' lang='lat' dir='ltr'><strong>decem</strong></span> <span class='ocrx_word' id='word_1_236' title='bbox 1464 2038 1510 2081; x_wconf 88' lang='lat' dir='ltr'><strong>et</strong></span> <span class='ocrx_word' id='word_1_237' title='bbox 1548 2040 1663 2080; x_wconf 88' lang='lat' dir='ltr'><strong>octo</strong></span> 
     </span>
    </p>
   </div>
   <div class='ocr_carea' id='block_1_35' title="bbox 126 2119 1662 2195">
    <p class='ocr_par' dir='ltr' id='par_1_35' title="bbox 126 2119 1662 2195">
     <span class='ocr_line' id='line_1_35' title="bbox 126 2119 1662 2195; baseline -0.005 -17"><span class='ocrx_word' id='word_1_238' title='bbox 126 2130 460 2195; x_wconf 80' lang='lat' dir='ltr'><strong>episcoporum,</strong></span> <span class='ocrx_word' id='word_1_239' title='bbox 489 2126 579 2194; x_wconf 87' lang='lat' dir='ltr'><strong>qui</strong></span> <span class='ocrx_word' id='word_1_240' title='bbox 611 2126 753 2192; x_wconf 87' lang='lat' dir='ltr'><strong>piam</strong></span> <span class='ocrx_word' id='word_1_241' title='bbox 782 2124 928 2176; x_wconf 87' lang='lat' dir='ltr'><strong>illam</strong></span> <span class='ocrx_word' id='word_1_242' title='bbox 952 2122 1247 2174; x_wconf 86' lang='lat' dir='ltr'><strong>doctrinam</strong></span> <span class='ocrx_word' id='word_1_243' title='bbox 1296 2119 1409 2172; x_wconf 90' lang='lat' dir='ltr'><strong>orbi</strong></span> <span class='ocrx_word' id='word_1_244' title='bbox 1451 2135 1662 2171; x_wconf 80' lang='lat' dir='ltr'><strong>annun-</strong></span> 
     </span>
    </p>
   </div>
   <div class='ocr_carea' id='block_1_36' title="bbox 130 2212 1661 2282">
    <p class='ocr_par' dir='ltr' id='par_1_36' title="bbox 130 2212 1661 2282">
     <span class='ocr_line' id='line_1_36' title="bbox 130 2212 1661 2282; baseline -0.004 -13"><span class='ocrx_word' id='word_1_245' title='bbox 130 2219 317 2272; x_wconf 85' lang='lat' dir='ltr'><strong>tiarunt.</strong></span> <span class='ocrx_word' id='word_1_246' title='bbox 342 2217 430 2273; x_wconf 78' lang='lat' dir='ltr'><strong>llis</strong></span> <span class='ocrx_word' id='word_1_247' title='bbox 461 2218 661 2271; x_wconf 88' lang='lat' dir='ltr'><strong>auditis</strong></span> <span class='ocrx_word' id='word_1_248' title='bbox 695 2215 948 2280; x_wconf 85' lang='lat' dir='ltr'><strong>Basilius,</strong></span> <span class='ocrx_word' id='word_1_249' title='bbox 983 2215 1235 2282; x_wconf 84' lang='lat' dir='ltr'><strong>scrupulo</strong></span> <span class='ocrx_word' id='word_1_250' title='bbox 1278 2213 1423 2267; x_wconf 90' lang='lat' dir='ltr'><strong>omni</strong></span> <span class='ocrx_word' id='word_1_251' title='bbox 1454 2212 1661 2275; x_wconf 90' lang='lat' dir='ltr'><strong>evulso,</strong></span> 
     </span>
    </p>
   </div>
   <div class='ocr_carea' id='block_1_37' title="bbox 130 2308 1103 2364">
    <p class='ocr_par' dir='ltr' id='par_1_37' title="bbox 130 2308 1103 2364">
     <span class='ocr_line' id='line_1_37' title="bbox 130 2308 1103 2364; baseline -0.002 -3"><span class='ocrx_word' id='word_1_252' title='bbox 130 2313 181 2361; x_wconf 81' lang='lat' dir='ltr'><strong>ad</strong></span> <span class='ocrx_word' id='word_1_253' title='bbox 209 2311 613 2364; x_wconf 83' lang='lat' dir='ltr'><strong>communionem</strong></span> <span class='ocrx_word' id='word_1_254' title='bbox 651 2309 825 2362; x_wconf 88' lang='lat' dir='ltr'><strong>Dianii</strong></span> <span class='ocrx_word' id='word_1_255' title='bbox 852 2308 1103 2362; x_wconf 89' lang='lat' dir='ltr'><strong>accessit.</strong></span> 
     </span>
    </p>
   </div>
   <div class='ocr_carea' id='block_1_38' title="bbox 184 2394 1659 2469">
    <p class='ocr_par' dir='ltr' id='par_1_38' title="bbox 184 2394 1659 2469">
     <span class='ocr_line' id='line_1_38' title="bbox 184 2394 1659 2469; baseline -0.003 -16"><span class='ocrx_word' id='word_1_256' title='bbox 184 2401 363 2469; x_wconf 76' lang='lat' dir='ltr'><strong>Magnis</strong></span> <span class='ocrx_word' id='word_1_257' title='bbox 388 2401 633 2456; x_wconf 89' lang='lat' dir='ltr'><strong>laudibus</strong></span> <span class='ocrx_word' id='word_1_258' title='bbox 667 2402 810 2455; x_wconf 88' lang='lat' dir='ltr'><strong>hunc</strong></span> <span class='ocrx_word' id='word_1_259' title='bbox 854 2402 1163 2469; x_wconf 84' lang='lat' dir='ltr'><strong>episcopum</strong></span> <span class='ocrx_word' id='word_1_260' title='bbox 1217 2395 1370 2451; x_wconf 73' lang='lat' dir='ltr'><strong>eﬂ‘ert</strong></span> <span class='ocrx_word' id='word_1_261' title='bbox 1398 2394 1659 2459; x_wconf 83' lang='lat' dir='ltr'><strong>Basilius;</strong></span> 
     </span>
    </p>
   </div>
   <div class='ocr_carea' id='block_1_39' title="bbox 126 2488 1662 2555">
    <p class='ocr_par' dir='ltr' id='par_1_39' title="bbox 126 2488 1662 2555">
     <span class='ocr_line' id='line_1_39' title="bbox 126 2488 1662 2555; baseline -0.006 -8"><span class='ocrx_word' id='word_1_262' title='bbox 126 2505 171 2547; x_wconf 87' lang='lat' dir='ltr'><strong>et</strong></span> <span class='ocrx_word' id='word_1_263' title='bbox 197 2511 302 2547; x_wconf 82' lang='lat' dir='ltr'><strong>cum</strong></span> <span class='ocrx_word' id='word_1_264' title='bbox 330 2511 445 2550; x_wconf 90' lang='lat' dir='ltr'><strong>eum</strong></span> <span class='ocrx_word' id='word_1_265' title='bbox 475 2495 965 2548; x_wconf 82' lang='lat' dir='ltr'><strong>anathematizasse</strong></span> <span class='ocrx_word' id='word_1_266' title='bbox 994 2493 1266 2546; x_wconf 87' lang='lat' dir='ltr'><strong>diceretur</strong></span> <span class='ocrx_word' id='word_1_267' title='bbox 1286 2532 1300 2555; x_wconf 92' lang='lat'><strong>,</strong></span> <span class='ocrx_word' id='word_1_268' title='bbox 1344 2489 1395 2542; x_wconf 91' lang='lat' dir='ltr'><strong>id</strong></span> <span class='ocrx_word' id='word_1_269' title='bbox 1432 2504 1460 2541; x_wconf 90' lang='lat' dir='ltr'><strong>a</strong></span> <span class='ocrx_word' id='word_1_270' title='bbox 1493 2502 1550 2541; x_wconf 87' lang='lat' dir='ltr'><strong>se</strong></span> <span class='ocrx_word' id='word_1_271' title='bbox 1580 2488 1662 2539; x_wconf 89' lang='lat' dir='ltr'><strong>in-</strong></span> 
     </span>
    </p>
   </div>
   <div class='ocr_carea' id='block_1_40' title="bbox 127 2578 1662 2657">
    <p class='ocr_par' dir='ltr' id='par_1_40' title="bbox 127 2578 1662 2657">
     <span class='ocr_line' id='line_1_40' title="bbox 127 2578 1662 2657; baseline -0.005 -18"><span class='ocrx_word' id='word_1_272' title='bbox 127 2597 218 2639; x_wconf 80' lang='lat' dir='ltr'><strong>star</strong></span> <span class='ocrx_word' id='word_1_273' title='bbox 237 2588 394 2657; x_wconf 85' lang='lat' dir='ltr'><strong>magni</strong></span> <span class='ocrx_word' id='word_1_274' title='bbox 421 2586 667 2641; x_wconf 88' lang='lat' dir='ltr'><strong>criminis</strong></span> <span class='ocrx_word' id='word_1_275' title='bbox 693 2589 989 2639; x_wconf 87' lang='lat' dir='ltr'><strong>detestatus</strong></span> <span class='ocrx_word' id='word_1_276' title='bbox 1012 2594 1113 2639; x_wconf 89' lang='lat' dir='ltr'><strong>est.</strong></span> <span class='ocrx_word' id='word_1_277' title='bbox 1135 2583 1383 2638; x_wconf 86' lang='lat' dir='ltr'><strong>Declarat</strong></span> <span class='ocrx_word' id='word_1_278' title='bbox 1406 2581 1477 2651; x_wconf 90' lang='lat' dir='ltr'><strong>(b)</strong></span> <span class='ocrx_word' id='word_1_279' title='bbox 1508 2595 1566 2633; x_wconf 89' lang='lat' dir='ltr'><strong>se</strong></span> <span class='ocrx_word' id='word_1_280' title='bbox 1598 2578 1662 2631; x_wconf 85' lang='lat' dir='ltr'><strong>ab</strong></span> 
     </span>
    </p>
   </div>
   <div class='ocr_carea' id='block_1_41' title="bbox 128 2675 1662 2742">
    <p class='ocr_par' dir='ltr' id='par_1_41' title="bbox 128 2675 1662 2742">
     <span class='ocr_line' id='line_1_41' title="bbox 128 2675 1662 2742; baseline -0.003 -13"><span class='ocrx_word' id='word_1_281' title='bbox 128 2680 300 2731; x_wconf 83' lang='lat' dir='ltr'><strong>ineunte</strong></span> <span class='ocrx_word' id='word_1_282' title='bbox 342 2687 492 2733; x_wconf 67' lang='lat' dir='ltr'><strong>atate</strong></span> <span class='ocrx_word' id='word_1_283' title='bbox 541 2678 824 2732; x_wconf 83' lang='lat' dir='ltr'><strong>educatum</strong></span> <span class='ocrx_word' id='word_1_284' title='bbox 860 2678 1029 2742; x_wconf 77' lang='lat' dir='ltr'><strong>fuisse</strong></span> <span class='ocrx_word' id='word_1_285' title='bbox 1073 2677 1129 2729; x_wconf 89' lang='lat' dir='ltr'><strong>in</strong></span> <span class='ocrx_word' id='word_1_286' title='bbox 1168 2675 1311 2729; x_wconf 90' lang='lat' dir='ltr'><strong>illius</strong></span> <span class='ocrx_word' id='word_1_287' title='bbox 1362 2689 1584 2736; x_wconf 88' lang='lat' dir='ltr'><strong>amore;</strong></span> <span class='ocrx_word' id='word_1_288' title='bbox 1615 2683 1662 2726; x_wconf 89' lang='lat' dir='ltr'><strong>et</strong></span> 
     </span>
    </p>
   </div>
   <div class='ocr_carea' id='block_1_42' title="bbox 126 2766 1665 2837">
    <p class='ocr_par' dir='ltr' id='par_1_42' title="bbox 126 2766 1665 2837">
     <span class='ocr_line' id='line_1_42' title="bbox 126 2766 1665 2837; baseline -0.001 -19"><span class='ocrx_word' id='word_1_289' title='bbox 126 2767 338 2821; x_wconf 83' lang='lat' dir='ltr'><strong>intuendo</strong></span> <span class='ocrx_word' id='word_1_290' title='bbox 368 2769 734 2823; x_wconf 79' lang='lat' dir='ltr'><strong>considerasse</strong></span> <span class='ocrx_word' id='word_1_291' title='bbox 760 2785 915 2837; x_wconf 85' lang='lat' dir='ltr'><strong>quam</strong></span> <span class='ocrx_word' id='word_1_292' title='bbox 947 2778 1078 2823; x_wconf 84' lang='lat' dir='ltr'><strong>esset</strong></span> <span class='ocrx_word' id='word_1_293' title='bbox 1110 2766 1200 2821; x_wconf 88' lang='lat' dir='ltr'><strong>ille</strong></span> <span class='ocrx_word' id='word_1_294' title='bbox 1234 2768 1312 2822; x_wconf 81' lang='lat' dir='ltr'><strong>t-ir</strong></span> <span class='ocrx_word' id='word_1_295' title='bbox 1339 2776 1552 2835; x_wconf 88' lang='lat' dir='ltr'><strong>aspectu</strong></span> <span class='ocrx_word' id='word_1_296' title='bbox 1578 2780 1665 2818; x_wconf 84' lang='lat' dir='ltr'><strong>ve-</strong></span> 
     </span>
    </p>
   </div>
   <div class='ocr_carea' id='block_1_43' title="bbox 128 2856 1666 2932">
    <p class='ocr_par' dir='ltr' id='par_1_43' title="bbox 128 2856 1666 2932">
     <span class='ocr_line' id='line_1_43' title="bbox 128 2856 1666 2932; baseline -0.001 -23"><span class='ocrx_word' id='word_1_297' title='bbox 128 2861 352 2925; x_wconf 78' lang='lat' dir='ltr'><strong>nerabilis,</strong></span> <span class='ocrx_word' id='word_1_298' title='bbox 386 2871 583 2932; x_wconf 87' lang='lat' dir='ltr'><strong>quanta</strong></span> <span class='ocrx_word' id='word_1_299' title='bbox 614 2862 893 2931; x_wconf 85' lang='lat' dir='ltr'><strong>majestate</strong></span> <span class='ocrx_word' id='word_1_300' title='bbox 914 2861 1191 2927; x_wconf 77' lang='lat' dir='ltr'><strong>prreditus.</strong></span> <span class='ocrx_word' id='word_1_301' title='bbox 1220 2868 1471 2929; x_wconf 87' lang='lat' dir='ltr'><strong>quantum</strong></span> <span class='ocrx_word' id='word_1_302' title='bbox 1490 2856 1666 2926; x_wconf 82' lang='lat' dir='ltr'><strong>digni-</strong></span> 
     </span>
    </p>
   </div>
   <div class='ocr_carea' id='block_1_44' title="bbox 128 2950 1663 3021">
    <p class='ocr_par' dir='ltr' id='par_1_44' title="bbox 128 2950 1663 3021">
     <span class='ocr_line' id='line_1_44' title="bbox 128 2950 1663 3021; baseline 0 -20"><span class='ocrx_word' id='word_1_303' title='bbox 128 2952 227 3003; x_wconf 84' lang='lat' dir='ltr'><strong>tatis</strong></span> <span class='ocrx_word' id='word_1_304' title='bbox 272 2954 598 3007; x_wconf 84' lang='lat' dir='ltr'><strong>sacerdotalis</strong></span> <span class='ocrx_word' id='word_1_305' title='bbox 655 2968 746 3007; x_wconf 91' lang='lat' dir='ltr'><strong>ore</strong></span> <span class='ocrx_word' id='word_1_306' title='bbox 794 2953 1100 3021; x_wconf 74' lang='lat' dir='ltr'><strong>prazferens.</strong></span> <span class='ocrx_word' id='word_1_307' title='bbox 1157 2950 1447 3019; x_wconf 88' lang='lat' dir='ltr'><strong>Postquam</strong></span> <span class='ocrx_word' id='word_1_308' title='bbox 1483 2958 1663 3002; x_wconf 80' lang='lat' dir='ltr'><strong>autem</strong></span> 
     </span>
    </p>
   </div>
   <div class='ocr_carea' id='block_1_45' title="bbox 126 3042 1662 3114">
    <p class='ocr_par' dir='ltr' id='par_1_45' title="bbox 126 3042 1662 3114">
     <span class='ocr_line' id='line_1_45' title="bbox 126 3042 1662 3114; baseline 0.001 -21"><span class='ocrx_word' id='word_1_309' title='bbox 126 3044 300 3097; x_wconf 80' lang='lat' dir='ltr'><strong>virilem</strong></span> <span class='ocrx_word' id='word_1_310' title='bbox 328 3055 532 3099; x_wconf 78' lang='lat' dir='ltr'><strong>tetatem</strong></span> <span class='ocrx_word' id='word_1_311' title='bbox 568 3046 799 3114; x_wconf 88' lang='lat' dir='ltr'><strong>adeptus</strong></span> <span class='ocrx_word' id='word_1_312' title='bbox 828 3055 931 3111; x_wconf 90' lang='lat' dir='ltr'><strong>est,</strong></span> <span class='ocrx_word' id='word_1_313' title='bbox 966 3056 1075 3098; x_wconf 92' lang='lat' dir='ltr'><strong>tum</strong></span> <span class='ocrx_word' id='word_1_314' title='bbox 1113 3059 1240 3097; x_wconf 90' lang='lat' dir='ltr'><strong>vero</strong></span> <span class='ocrx_word' id='word_1_315' title='bbox 1268 3043 1418 3096; x_wconf 86' lang='lat' dir='ltr'><strong>illum</strong></span> <span class='ocrx_word' id='word_1_316' title='bbox 1451 3057 1517 3095; x_wconf 75' lang='lat' dir='ltr'><strong>ex</strong></span> <span class='ocrx_word' id='word_1_317' title='bbox 1541 3042 1662 3094; x_wconf 85' lang='lat' dir='ltr'><strong>ani-</strong></span> 
     </span>
    </p>
   </div>
   <div class='ocr_carea' id='block_1_46' title="bbox 126 3134 1733 3224">
    <p class='ocr_par' dir='ltr' id='par_1_46' title="bbox 126 3134 1733 3224">
     <span class='ocr_line' id='line_1_46' title="bbox 126 3134 1733 3224; baseline -0.001 -38"><span class='ocrx_word' id='word_1_318' title='bbox 126 3150 205 3187; x_wconf 74' lang='grc' dir='ltr'>τηαν</span> <span class='ocrx_word' id='word_1_319' title='bbox 226 3136 355 3188; x_wconf 82' lang='lat' dir='ltr'><strong>bonis</strong></span> <span class='ocrx_word' id='word_1_320' title='bbox 382 3139 613 3202; x_wconf 76' lang='lat' dir='ltr'><strong>novisse,</strong></span> <span class='ocrx_word' id='word_1_321' title='bbox 644 3138 890 3206; x_wconf 84' lang='lat' dir='ltr'><strong>illiusque</strong></span> <span class='ocrx_word' id='word_1_322' title='bbox 928 3137 1245 3190; x_wconf 90' lang='lat' dir='ltr'><strong>delectatum</strong></span> <span class='ocrx_word' id='word_1_323' title='bbox 1267 3134 1660 3198; x_wconf 85' lang='lat' dir='ltr'><strong>consuetudine,</strong></span> <span class='ocrx_word' id='word_1_324' title='bbox 1691 3167 1733 3224; x_wconf 63' lang='grc' dir='ltr'>ο</span> 
     </span>
    </p>
   </div>
   <div class='ocr_carea' id='block_1_47' title="bbox 125 3224 1660 3299">
    <p class='ocr_par' dir='ltr' id='par_1_47' title="bbox 125 3224 1660 3299">
     <span class='ocr_line' id='line_1_47' title="bbox 125 3224 1660 3299; baseline -0.002 -20"><span class='ocrx_word' id='word_1_325' title='bbox 125 3224 468 3295; x_wconf 70' lang='lat' dir='ltr'><strong>simplicitatem</strong></span> <span class='ocrx_word' id='word_1_326' title='bbox 488 3241 535 3284; x_wconf 90' lang='lat' dir='ltr'><strong>et</strong></span> <span class='ocrx_word' id='word_1_327' title='bbox 564 3231 942 3299; x_wconf 86' lang='lat' dir='ltr'><strong>ingenuitatem</strong></span> <span class='ocrx_word' id='word_1_328' title='bbox 968 3246 1029 3282; x_wconf 88' lang='lat' dir='ltr'><strong>ac</strong></span> <span class='ocrx_word' id='word_1_329' title='bbox 1057 3227 1427 3281; x_wconf 84' lang='lat' dir='ltr'><strong>liberalitatem</strong></span> <span class='ocrx_word' id='word_1_330' title='bbox 1456 3241 1660 3277; x_wconf 80' lang='lat' dir='ltr'><strong>morum</strong></span> 
     </span>
    </p>
   </div>
   <div class='ocr_carea' id='block_1_48' title="bbox 123 3317 1664 3391">
    <p class='ocr_par' dir='ltr' id='par_1_48' title="bbox 123 3317 1664 3391">
     <span class='ocr_line' id='line_1_48' title="bbox 123 3317 1664 3391; baseline -0.003 -20"><span class='ocrx_word' id='word_1_331' title='bbox 123 3322 418 3388; x_wconf 69' lang='lat' dir='ltr'><strong>perspexisse,</strong></span> <span class='ocrx_word' id='word_1_332' title='bbox 452 3333 498 3376; x_wconf 89' lang='lat' dir='ltr'><strong>et</strong></span> <span class='ocrx_word' id='word_1_333' title='bbox 523 3337 852 3391; x_wconf 65' lang='lat' dir='ltr'><strong>quascunque</strong></span> <span class='ocrx_word' id='word_1_334' title='bbox 891 3322 997 3373; x_wconf 85' lang='lat' dir='ltr'><strong>alia</strong></span> <span class='ocrx_word' id='word_1_335' title='bbox 1029 3320 1242 3389; x_wconf 85' lang='lat' dir='ltr'><strong>propria</strong></span> <span class='ocrx_word' id='word_1_336' title='bbox 1275 3326 1423 3371; x_wconf 87' lang='lat' dir='ltr'><strong>erant</strong></span> <span class='ocrx_word' id='word_1_337' title='bbox 1458 3317 1554 3369; x_wconf 87' lang='lat' dir='ltr'><strong>viri</strong></span> <span class='ocrx_word' id='word_1_338' title='bbox 1583 3332 1664 3368; x_wconf 86' lang='lat' dir='ltr'><strong>or-</strong></span> 
     </span>
    </p>
   </div>
   <div class='ocr_carea' id='block_1_49' title="bbox 125 3406 1660 3479">
    <p class='ocr_par' dir='ltr' id='par_1_49' title="bbox 125 3406 1660 3479">
     <span class='ocr_line' id='line_1_49' title="bbox 125 3406 1660 3479; baseline -0.004 -16"><span class='ocrx_word' id='word_1_339' title='bbox 125 3423 354 3477; x_wconf 85' lang='lat' dir='ltr'><strong>namenta,</strong></span> <span class='ocrx_word' id='word_1_340' title='bbox 376 3415 537 3466; x_wconf 89' lang='lat' dir='ltr'><strong>animi</strong></span> <span class='ocrx_word' id='word_1_341' title='bbox 570 3412 944 3477; x_wconf 86' lang='lat' dir='ltr'><strong>mansuetudo,</strong></span> <span class='ocrx_word' id='word_1_342' title='bbox 973 3409 1383 3479; x_wconf 87' lang='lat' dir='ltr'><strong>magnanimitas</strong></span> <span class='ocrx_word' id='word_1_343' title='bbox 1428 3406 1587 3459; x_wconf 84' lang='lat' dir='ltr'><strong>simul</strong></span> <span class='ocrx_word' id='word_1_344' title='bbox 1613 3413 1660 3457; x_wconf 88' lang='lat' dir='ltr'><strong>et</strong></span> 
     </span>
    </p>
   </div>
   <div class='ocr_carea' id='block_1_50' title="bbox 125 3498 1661 3567">
    <p class='ocr_par' dir='ltr' id='par_1_50' title="bbox 125 3498 1661 3567">
     <span class='ocr_line' id='line_1_50' title="bbox 125 3498 1661 3567; baseline -0.003 -14"><span class='ocrx_word' id='word_1_345' title='bbox 125 3501 314 3567; x_wconf 75' lang='lat' dir='ltr'><strong>bonitas,</strong></span> <span class='ocrx_word' id='word_1_346' title='bbox 342 3504 512 3558; x_wconf 78' lang='lat' dir='ltr'><strong>decori</strong></span> <span class='ocrx_word' id='word_1_347' title='bbox 533 3505 797 3567; x_wconf 87' lang='lat' dir='ltr'><strong>studium,</strong></span> <span class='ocrx_word' id='word_1_348' title='bbox 826 3504 1032 3556; x_wconf 88' lang='lat' dir='ltr'><strong>animus</strong></span> <span class='ocrx_word' id='word_1_349' title='bbox 1058 3503 1151 3555; x_wconf 78' lang='lat' dir='ltr'><strong>ira:</strong></span> <span class='ocrx_word' id='word_1_350' title='bbox 1189 3515 1392 3567; x_wconf 70' lang='lat' dir='ltr'><strong>expers,</strong></span> <span class='ocrx_word' id='word_1_351' title='bbox 1422 3498 1661 3551; x_wconf 83' lang='lat' dir='ltr'><strong>hilaritas</strong></span> 
     </span>
    </p>
   </div>
   <div class='ocr_carea' id='block_1_51' title="bbox 126 3589 1664 3665">
    <p class='ocr_par' dir='ltr' id='par_1_51' title="bbox 126 3589 1664 3665">
     <span class='ocr_line' id='line_1_51' title="bbox 126 3589 1664 3665; baseline -0.005 -19"><span class='ocrx_word' id='word_1_352' title='bbox 126 3608 161 3646; x_wconf 85' lang='lat' dir='ltr'><strong>et</strong></span> <span class='ocrx_word' id='word_1_353' title='bbox 193 3597 455 3662; x_wconf 74' lang='lat' dir='ltr'><strong>affabilitas</strong></span> <span class='ocrx_word' id='word_1_354' title='bbox 514 3596 777 3665; x_wconf 82' lang='lat' dir='ltr'><strong>gravitate</strong></span> <span class='ocrx_word' id='word_1_355' title='bbox 819 3594 1088 3662; x_wconf 86' lang='lat' dir='ltr'><strong>permista.</strong></span> <span class='ocrx_word' id='word_1_356' title='bbox 1125 3590 1301 3656; x_wconf 84' lang='lat' dir='ltr'><strong>Quare</strong></span> <span class='ocrx_word' id='word_1_357' title='bbox 1327 3591 1493 3657; x_wconf 86' lang='lat' dir='ltr'><strong>ipsum</strong></span> <span class='ocrx_word' id='word_1_358' title='bbox 1526 3589 1664 3639; x_wconf 88' lang='lat' dir='ltr'><strong>inter</strong></span> 
     </span>
    </p>
   </div>
   <div class='ocr_carea' id='block_1_52' title="bbox 126 3678 1661 3755">
    <p class='ocr_par' dir='ltr' id='par_1_52' title="bbox 126 3678 1661 3755">
     <span class='ocr_line' id='line_1_52' title="bbox 126 3678 1661 3755; baseline -0.003 -19"><span class='ocrx_word' id='word_1_359' title='bbox 126 3686 318 3740; x_wconf 71' lang='lat' dir='ltr'><strong>homines</strong></span> <span class='ocrx_word' id='word_1_360' title='bbox 350 3692 529 3741; x_wconf 80' lang='lat' dir='ltr'><strong>virtute</strong></span> <span class='ocrx_word' id='word_1_361' title='bbox 555 3688 966 3755; x_wconf 85' lang='lat' dir='ltr'><strong>spectatissimos</strong></span> <span class='ocrx_word' id='word_1_362' title='bbox 995 3681 1331 3738; x_wconf 89' lang='lat' dir='ltr'><strong>numerabat.</strong></span> <span class='ocrx_word' id='word_1_363' title='bbox 1353 3678 1515 3733; x_wconf 87' lang='lat' dir='ltr'><strong>Addit</strong></span> <span class='ocrx_word' id='word_1_364' title='bbox 1539 3694 1661 3732; x_wconf 91' lang='lat' dir='ltr'><strong>eum</strong></span> 
     </span>
    </p>
   </div>
   <div class='ocr_carea' id='block_1_53' title="bbox 125 3772 1665 3844">
    <p class='ocr_par' dir='ltr' id='par_1_53' title="bbox 125 3772 1665 3844">
     <span class='ocr_line' id='line_1_53' title="bbox 125 3772 1665 3844; baseline -0.002 -15"><span class='ocrx_word' id='word_1_365' title='bbox 125 3792 202 3844; x_wconf 83' lang='lat' dir='ltr'><strong>pro</strong></span> <span class='ocrx_word' id='word_1_366' title='bbox 221 3793 305 3831; x_wconf 86' lang='lat' dir='ltr'><strong>sua</strong></span> <span class='ocrx_word' id='word_1_367' title='bbox 342 3795 548 3833; x_wconf 89' lang='lat' dir='ltr'><strong>morum</strong></span> <span class='ocrx_word' id='word_1_368' title='bbox 588 3780 813 3834; x_wconf 89' lang='lat' dir='ltr'><strong>lenitate</strong></span> <span class='ocrx_word' id='word_1_369' title='bbox 845 3788 899 3833; x_wconf 89' lang='lat' dir='ltr'><strong>et</strong></span> <span class='ocrx_word' id='word_1_370' title='bbox 946 3773 1357 3830; x_wconf 88' lang='lat' dir='ltr'><strong>mansuetudine</strong></span> <span class='ocrx_word' id='word_1_371' title='bbox 1414 3772 1665 3828; x_wconf 88' lang='lat' dir='ltr'><strong>omnibus</strong></span> 
     </span>
    </p>
   </div>
   <div class='ocr_carea' id='block_1_54' title="bbox 127 3868 1129 3940">
    <p class='ocr_par' dir='ltr' id='par_1_54' title="bbox 127 3868 1129 3940">
     <span class='ocr_line' id='line_1_54' title="bbox 127 3868 1129 3940; baseline 0.003 -21"><span class='ocrx_word' id='word_1_372' title='bbox 127 3879 311 3936; x_wconf 82' lang='lat' dir='ltr'><strong>paterno</strong></span> <span class='ocrx_word' id='word_1_373' title='bbox 339 3882 551 3940; x_wconf 89' lang='lat' dir='ltr'><strong>pectore</strong></span> <span class='ocrx_word' id='word_1_374' title='bbox 589 3870 908 3924; x_wconf 80' lang='lat' dir='ltr'><strong>satisfacere</strong></span> <span class='ocrx_word' id='word_1_375' title='bbox 934 3868 1129 3922; x_wconf 87' lang='lat' dir='ltr'><strong>solere.</strong></span> 
     </span>
    </p>
   </div>
   <div class='ocr_carea' id='block_1_55' title="bbox 183 3956 1666 4033">
    <p class='ocr_par' dir='ltr' id='par_1_55' title="bbox 183 3956 1666 4033">
     <span class='ocr_line' id='line_1_55' title="bbox 183 3956 1666 4033; baseline -0.003 -20"><span class='ocrx_word' id='word_1_376' title='bbox 183 3960 374 4017; x_wconf 84' lang='lat' dir='ltr'><strong>Dillicile</strong></span> <span class='ocrx_word' id='word_1_377' title='bbox 398 3964 571 4033; x_wconf 92' lang='lat' dir='ltr'><strong>prima</strong></span> <span class='ocrx_word' id='word_1_378' title='bbox 605 3962 787 4031; x_wconf 87' lang='lat' dir='ltr'><strong>specie</strong></span> <span class='ocrx_word' id='word_1_379' title='bbox 822 3961 1032 4014; x_wconf 89' lang='lat' dir='ltr'><strong>videtur</strong></span> <span class='ocrx_word' id='word_1_380' title='bbox 1062 3960 1164 4013; x_wconf 89' lang='lat' dir='ltr'><strong>has</strong></span> <span class='ocrx_word' id='word_1_381' title='bbox 1194 3958 1381 4013; x_wconf 88' lang='lat' dir='ltr'><strong>laudes</strong></span> <span class='ocrx_word' id='word_1_382' title='bbox 1410 3956 1666 4012; x_wconf 83' lang='lat' dir='ltr'><strong>concilia-</strong></span> 
     </span>
    </p>
   </div>
   <div class='ocr_carea' id='block_1_56' title="bbox 126 4050 1667 4123">
    <p class='ocr_par' dir='ltr' id='par_1_56' title="bbox 126 4050 1667 4123">
     <span class='ocr_line' id='line_1_56' title="bbox 126 4050 1667 4123; baseline -0.001 -19"><span class='ocrx_word' id='word_1_383' title='bbox 126 4066 175 4104; x_wconf 87' lang='lat' dir='ltr'><strong>re</strong></span> <span class='ocrx_word' id='word_1_384' title='bbox 205 4068 310 4106; x_wconf 88' lang='lat' dir='ltr'><strong>cum</strong></span> <span class='ocrx_word' id='word_1_385' title='bbox 351 4055 617 4120; x_wconf 87' lang='lat' dir='ltr'><strong>maculis,</strong></span> <span class='ocrx_word' id='word_1_386' title='bbox 652 4069 789 4123; x_wconf 90' lang='lat' dir='ltr'><strong>quas</strong></span> <span class='ocrx_word' id='word_1_387' title='bbox 831 4052 1033 4106; x_wconf 84' lang='lat' dir='ltr'><strong>nomini</strong></span> <span class='ocrx_word' id='word_1_388' title='bbox 1069 4051 1243 4105; x_wconf 89' lang='lat' dir='ltr'><strong>Dianii</strong></span> <span class='ocrx_word' id='word_1_389' title='bbox 1289 4050 1527 4105; x_wconf 62' lang='lat' dir='ltr'><strong>historia!</strong></span> <span class='ocrx_word' id='word_1_390' title='bbox 1553 4064 1667 4103; x_wconf 84' lang='lat' dir='ltr'><strong>mo-</strong></span> 
     </span>
    </p>
   </div>
   <div class='ocr_carea' id='block_1_57' title="bbox 126 4141 1667 4200">
    <p class='ocr_par' dir='ltr' id='par_1_57' title="bbox 126 4141 1667 4200">
     <span class='ocr_line' id='line_1_57' title="bbox 126 4141 1667 4200; baseline -0.001 -6"><span class='ocrx_word' id='word_1_391' title='bbox 126 4155 341 4199; x_wconf 88' lang='lat' dir='ltr'><strong>numenta</strong></span> <span class='ocrx_word' id='word_1_392' title='bbox 370 4147 615 4200; x_wconf 91' lang='lat' dir='ltr'><strong>inurunt.</strong></span> <span class='ocrx_word' id='word_1_393' title='bbox 655 4145 704 4199; x_wconf 90' lang='lat' dir='ltr'><strong>ls</strong></span> <span class='ocrx_word' id='word_1_394' title='bbox 748 4145 891 4197; x_wconf 89' lang='lat' dir='ltr'><strong>enim</strong></span> <span class='ocrx_word' id='word_1_395' title='bbox 926 4144 980 4197; x_wconf 92' lang='lat' dir='ltr'><strong>in</strong></span> <span class='ocrx_word' id='word_1_396' title='bbox 1016 4145 1143 4198; x_wconf 90' lang='lat' dir='ltr'><strong>sede</strong></span> <span class='ocrx_word' id='word_1_397' title='bbox 1176 4143 1317 4196; x_wconf 89' lang='lat' dir='ltr'><strong>inter</strong></span> <span class='ocrx_word' id='word_1_398' title='bbox 1360 4142 1492 4196; x_wconf 87' lang='lat' dir='ltr'><strong>alias</strong></span> <span class='ocrx_word' id='word_1_399' title='bbox 1527 4141 1667 4197; x_wconf 87' lang='lat' dir='ltr'><strong>emi-</strong></span> 
     </span>
    </p>
   </div>
   <div class='ocr_carea' id='block_1_58' title="bbox 124 4233 1668 4305">
    <p class='ocr_par' dir='ltr' id='par_1_58' title="bbox 124 4233 1668 4305">
     <span class='ocr_line' id='line_1_58' title="bbox 124 4233 1668 4305; baseline 0.001 -21"><span class='ocrx_word' id='word_1_400' title='bbox 124 4236 248 4288; x_wconf 89' lang='lat' dir='ltr'><strong>nenti</strong></span> <span class='ocrx_word' id='word_1_401' title='bbox 272 4236 553 4292; x_wconf 84' lang='lat' dir='ltr'><strong>collocatus</strong></span> <span class='ocrx_word' id='word_1_402' title='bbox 575 4277 591 4302; x_wconf 94' lang='lat'><strong>,</strong></span> <span class='ocrx_word' id='word_1_403' title='bbox 623 4252 687 4291; x_wconf 89' lang='lat' dir='ltr'><strong>ac</strong></span> <span class='ocrx_word' id='word_1_404' title='bbox 721 4252 1040 4305; x_wconf 89' lang='lat' dir='ltr'><strong>magnorum</strong></span> <span class='ocrx_word' id='word_1_405' title='bbox 1078 4234 1197 4290; x_wconf 83' lang='lat' dir='ltr'><strong>ﬁdei</strong></span> <span class='ocrx_word' id='word_1_406' title='bbox 1226 4233 1454 4288; x_wconf 63' lang='lat' dir='ltr'><strong>Nicaeum</strong></span> <span class='ocrx_word' id='word_1_407' title='bbox 1486 4233 1668 4288; x_wconf 82' lang='lat' dir='ltr'><strong>defen-</strong></span> 
     </span>
    </p>
   </div>
   <div class='ocr_carea' id='block_1_59' title="bbox 122 4325 1668 4396">
    <p class='ocr_par' dir='ltr' id='par_1_59' title="bbox 122 4325 1668 4396">
     <span class='ocr_line' id='line_1_59' title="bbox 122 4325 1668 4396; baseline -0.001 -18"><span class='ocrx_word' id='word_1_408' title='bbox 122 4338 275 4380; x_wconf 83' lang='lat' dir='ltr'><strong>sorum</strong></span> <span class='ocrx_word' id='word_1_409' title='bbox 300 4343 600 4395; x_wconf 89' lang='lat' dir='ltr'><strong>successor,</strong></span> <span class='ocrx_word' id='word_1_410' title='bbox 626 4327 943 4396; x_wconf 85' lang='lat' dir='ltr'><strong>conjunctus</strong></span> <span class='ocrx_word' id='word_1_411' title='bbox 990 4342 1114 4381; x_wconf 90' lang='lat' dir='ltr'><strong>cum</strong></span> <span class='ocrx_word' id='word_1_412' title='bbox 1145 4325 1365 4380; x_wconf 87' lang='lat' dir='ltr'><strong>Arianis</strong></span> <span class='ocrx_word' id='word_1_413' title='bbox 1401 4326 1668 4393; x_wconf 91' lang='lat' dir='ltr'><strong>reperitur</strong></span> 
     </span>
    </p>
   </div>
   <div class='ocr_carea' id='block_1_60' title="bbox 124 4415 1667 4486">
    <p class='ocr_par' dir='ltr' id='par_1_60' title="bbox 124 4415 1667 4486">
     <span class='ocr_line' id='line_1_60' title="bbox 124 4415 1667 4486; baseline -0.001 -19"><span class='ocrx_word' id='word_1_414' title='bbox 124 4416 167 4467; x_wconf 91' lang='lat' dir='ltr'><strong>in</strong></span> <span class='ocrx_word' id='word_1_415' title='bbox 192 4418 398 4473; x_wconf 90' lang='lat' dir='ltr'><strong>concilio</strong></span> <span class='ocrx_word' id='word_1_416' title='bbox 428 4419 775 4474; x_wconf 83' lang='lat' dir='ltr'><strong>Antiocheuo</strong></span> <span class='ocrx_word' id='word_1_417' title='bbox 802 4420 928 4473; x_wconf 89' lang='lat' dir='ltr'><strong>anni</strong></span> <span class='ocrx_word' id='word_1_418' title='bbox 963 4419 1062 4473; x_wconf 74' lang='lat' dir='ltr'><strong>5H</strong></span> <span class='ocrx_word' id='word_1_419' title='bbox 1088 4456 1104 4483; x_wconf 96' lang='lat'><strong>,</strong></span> <span class='ocrx_word' id='word_1_420' title='bbox 1146 4419 1199 4472; x_wconf 90' lang='lat' dir='ltr'><strong>in</strong></span> <span class='ocrx_word' id='word_1_421' title='bbox 1230 4432 1337 4486; x_wconf 94' lang='lat' dir='ltr'><strong>quo</strong></span> <span class='ocrx_word' id='word_1_422' title='bbox 1360 4426 1467 4469; x_wconf 89' lang='lat' dir='ltr'><strong>tam</strong></span> <span class='ocrx_word' id='word_1_423' title='bbox 1500 4415 1667 4468; x_wconf 89' lang='lat' dir='ltr'><strong>multa</strong></span> 
     </span>
    </p>
   </div>
   <div class='ocr_carea' id='block_1_61' title="bbox 122 4487 1664 4588">
    <p class='ocr_par' dir='ltr' id='par_1_61' title="bbox 122 4504 1664 4581">
     <span class='ocr_line' id='line_1_61' title="bbox 122 4504 1664 4581; baseline 0.001 -23"><span class='ocrx_word' id='word_1_424' title='bbox 122 4506 258 4578; x_wconf 85' lang='lat' dir='ltr'><strong>impie</strong></span> <span class='ocrx_word' id='word_1_425' title='bbox 280 4520 330 4564; x_wconf 87' lang='lat' dir='ltr'><strong>et</strong></span> <span class='ocrx_word' id='word_1_426' title='bbox 354 4510 557 4565; x_wconf 81' lang='lat' dir='ltr'><strong>nefarie</strong></span> <span class='ocrx_word' id='word_1_427' title='bbox 597 4525 750 4581; x_wconf 86' lang='lat' dir='ltr'><strong>gesta</strong></span> <span class='ocrx_word' id='word_1_428' title='bbox 783 4522 909 4566; x_wconf 90' lang='lat' dir='ltr'><strong>sunt</strong></span> <span class='ocrx_word' id='word_1_429' title='bbox 940 4528 954 4564; x_wconf 89' lang='lat'><strong>:</strong></span> <span class='ocrx_word' id='word_1_430' title='bbox 991 4511 1214 4579; x_wconf 90' lang='lat' dir='ltr'><strong>ejusque</strong></span> <span class='ocrx_word' id='word_1_431' title='bbox 1245 4523 1439 4562; x_wconf 88' lang='lat' dir='ltr'><strong>nomen</strong></span> <span class='ocrx_word' id='word_1_432' title='bbox 1468 4522 1495 4558; x_wconf 88' lang='lat' dir='ltr'><strong>a</strong></span> <span class='ocrx_word' id='word_1_433' title='bbox 1527 4504 1664 4559; x_wconf 89' lang='lat' dir='ltr'><strong>Julio</strong></span> 
     </span>
    </p>
   </div>
   <div class='ocr_carea' id='block_1_62' title="bbox 1774 4487 2635 4588">
    <p class='ocr_par' dir='ltr' id='par_1_62' title="bbox 1775 4487 2635 4557">
     <span class='ocr_line' id='line_1_62' title="bbox 1775 4487 2635 4557; baseline -0.005 -14"><span class='ocrx_word' id='word_1_434' title='bbox 1775 4505 1895 4543; x_wconf 91' lang='lat' dir='ltr'><strong>cum</strong></span> <span class='ocrx_word' id='word_1_435' title='bbox 1936 4488 2151 4551; x_wconf 81' lang='lat' dir='ltr'><strong>fecisse,</strong></span> <span class='ocrx_word' id='word_1_436' title='bbox 2173 4488 2262 4556; x_wconf 90' lang='lat' dir='ltr'><strong>qui</strong></span> <span class='ocrx_word' id='word_1_437' title='bbox 2291 4488 2485 4557; x_wconf 87' lang='lat' dir='ltr'><strong>partim</strong></span> <span class='ocrx_word' id='word_1_438' title='bbox 2517 4487 2635 4555; x_wconf 90' lang='lat' dir='ltr'><strong>paci</strong></span> 
     </span>
    </p>
   </div>
   <div class='ocr_carea' id='block_1_63' title="bbox 121 4596 1672 4671">
    <p class='ocr_par' dir='ltr' id='par_1_63' title="bbox 121 4596 1672 4671">
     <span class='ocr_line' id='line_1_63' title="bbox 121 4596 1672 4671; baseline -0.005 -14"><span class='ocrx_word' id='word_1_439' title='bbox 121 4614 231 4668; x_wconf 75' lang='lat' dir='ltr'><strong>papa</strong></span> <span class='ocrx_word' id='word_1_440' title='bbox 262 4603 424 4670; x_wconf 88' lang='lat' dir='ltr'><strong>primo</strong></span> <span class='ocrx_word' id='word_1_441' title='bbox 458 4604 577 4659; x_wconf 92' lang='lat' dir='ltr'><strong>loco</strong></span> <span class='ocrx_word' id='word_1_442' title='bbox 609 4613 919 4659; x_wconf 91' lang='lat' dir='ltr'><strong>recensetur</strong></span> <span class='ocrx_word' id='word_1_443' title='bbox 941 4604 1082 4656; x_wconf 90' lang='lat' dir='ltr'><strong>inter</strong></span> <span class='ocrx_word' id='word_1_444' title='bbox 1107 4601 1386 4671; x_wconf 90' lang='lat' dir='ltr'><strong>episcopos</strong></span> <span class='ocrx_word' id='word_1_445' title='bbox 1413 4596 1672 4650; x_wconf 86' lang='lat' dir='ltr'><strong>Eusebia-</strong></span> 
     </span>
    </p>
   </div>
   <div class='ocr_carea' id='block_1_64' title="bbox 121 4682 1673 4765">
    <p class='ocr_par' dir='ltr' id='par_1_64' title="bbox 121 4682 1673 4765">
     <span class='ocr_line' id='line_1_64' title="bbox 121 4682 1673 4765; baseline -0.005 -23"><span class='ocrx_word' id='word_1_446' title='bbox 121 4705 279 4747; x_wconf 80' lang='lat' dir='ltr'><strong>narum</strong></span> <span class='ocrx_word' id='word_1_447' title='bbox 322 4695 575 4765; x_wconf 90' lang='lat' dir='ltr'><strong>partium.</strong></span> <span class='ocrx_word' id='word_1_448' title='bbox 628 4694 687 4747; x_wconf 83' lang='lat' dir='ltr'><strong>In</strong></span> <span class='ocrx_word' id='word_1_449' title='bbox 735 4694 1096 4757; x_wconf 88' lang='lat' dir='ltr'><strong>annotatione,</strong></span> <span class='ocrx_word' id='word_1_450' title='bbox 1129 4706 1248 4762; x_wconf 67' lang='lat' dir='ltr'><strong>qua:</strong></span> <span class='ocrx_word' id='word_1_451' title='bbox 1275 4690 1341 4743; x_wconf 92' lang='lat' dir='ltr'><strong>ad</strong></span> <span class='ocrx_word' id='word_1_452' title='bbox 1370 4688 1511 4741; x_wconf 90' lang='lat' dir='ltr'><strong>hunc</strong></span> <span class='ocrx_word' id='word_1_453' title='bbox 1548 4682 1673 4738; x_wconf 87' lang='lat' dir='ltr'><strong>Julii</strong></span> 
     </span>
    </p>
   </div>
   <div class='ocr_carea' id='block_1_65' title="bbox 121 4779 1667 4857">
    <p class='ocr_par' dir='ltr' id='par_1_65' title="bbox 121 4779 1667 4857">
     <span class='ocr_line' id='line_1_65' title="bbox 121 4779 1667 4857; baseline -0.004 -23"><span class='ocrx_word' id='word_1_454' title='bbox 121 4785 322 4848; x_wconf 70' lang='lat' dir='ltr'><strong>epistola:</strong></span> <span class='ocrx_word' id='word_1_455' title='bbox 334 4788 504 4841; x_wconf 92' lang='lat' dir='ltr'><strong>locum</strong></span> <span class='ocrx_word' id='word_1_456' title='bbox 526 4788 771 4857; x_wconf 87' lang='lat' dir='ltr'><strong>apposita</strong></span> <span class='ocrx_word' id='word_1_457' title='bbox 784 4797 866 4839; x_wconf 90' lang='lat' dir='ltr'><strong>est</strong></span> <span class='ocrx_word' id='word_1_458' title='bbox 878 4785 1016 4853; x_wconf 91' lang='lat' dir='ltr'><strong>apud</strong></span> <span class='ocrx_word' id='word_1_459' title='bbox 1034 4791 1278 4837; x_wconf 89' lang='lat' dir='ltr'><strong>sanctum</strong></span> <span class='ocrx_word' id='word_1_460' title='bbox 1292 4779 1667 4843; x_wconf 83' lang='lat' dir='ltr'><strong>Athanasium,</strong></span> 
     </span>
    </p>
   </div>
   <div class='ocr_carea' id='block_1_66' title="bbox 124 4872 1670 4938">
    <p class='ocr_par' dir='ltr' id='par_1_66' title="bbox 124 4872 1670 4938">
     <span class='ocr_line' id='line_1_66' title="bbox 124 4872 1670 4938; baseline -0.003 -12"><span class='ocrx_word' id='word_1_461' title='bbox 124 4875 599 4932; x_wconf 84' lang='lat' dir='ltr'><strong>observateruditus</strong></span> <span class='ocrx_word' id='word_1_462' title='bbox 622 4878 798 4932; x_wconf 89' lang='lat' dir='ltr'><strong>editor</strong></span> <span class='ocrx_word' id='word_1_463' title='bbox 823 4877 1065 4930; x_wconf 89' lang='lat' dir='ltr'><strong>Dianium</strong></span> <span class='ocrx_word' id='word_1_464' title='bbox 1090 4875 1203 4929; x_wconf 84' lang='lat' dir='ltr'><strong>sive</strong></span> <span class='ocrx_word' id='word_1_465' title='bbox 1232 4872 1485 4935; x_wconf 89' lang='lat' dir='ltr'><strong>Danium,</strong></span> <span class='ocrx_word' id='word_1_466' title='bbox 1510 4885 1670 4938; x_wconf 88' lang='lat' dir='ltr'><strong>quem</strong></span> 
     </span>
    </p>
   </div>
   <div class='ocr_carea' id='block_1_67' title="bbox 123 4960 1667 5037">
    <p class='ocr_par' dir='ltr' id='par_1_67' title="bbox 123 4960 1667 5037">
     <span class='ocr_line' id='line_1_67' title="bbox 123 4960 1667 5037; baseline 0 -24"><span class='ocrx_word' id='word_1_467' title='bbox 123 4962 264 5020; x_wconf 78' lang='lat' dir='ltr'><strong>Julius</strong></span> <span class='ocrx_word' id='word_1_468' title='bbox 281 4969 446 5037; x_wconf 89' lang='lat' dir='ltr'><strong>primo</strong></span> <span class='ocrx_word' id='word_1_469' title='bbox 474 4968 597 5023; x_wconf 89' lang='lat' dir='ltr'><strong>loco</strong></span> <span class='ocrx_word' id='word_1_470' title='bbox 624 4976 891 5029; x_wconf 88' lang='lat' dir='ltr'><strong>recenset,</strong></span> <span class='ocrx_word' id='word_1_471' title='bbox 923 4982 1028 5021; x_wconf 93' lang='lat' dir='ltr'><strong>non</strong></span> <span class='ocrx_word' id='word_1_472' title='bbox 1066 4980 1185 5019; x_wconf 91' lang='lat' dir='ltr'><strong>esse</strong></span> <span class='ocrx_word' id='word_1_473' title='bbox 1211 4963 1524 5033; x_wconf 88' lang='lat' dir='ltr'><strong>episcopum</strong></span> <span class='ocrx_word' id='word_1_474' title='bbox 1552 4960 1667 5014; x_wconf 68' lang='lat' dir='ltr'><strong>Cae-</strong></span> 
     </span>
    </p>
   </div>
   <div class='ocr_carea' id='block_1_68' title="bbox 126 5051 1667 5126">
    <p class='ocr_par' dir='ltr' id='par_1_68' title="bbox 126 5051 1667 5126">
     <span class='ocr_line' id='line_1_68' title="bbox 126 5051 1667 5126; baseline -0.002 -22"><span class='ocrx_word' id='word_1_475' title='bbox 126 5055 403 5126; x_wconf 78' lang='lat' dir='ltr'><strong>sariensem,</strong></span> <span class='ocrx_word' id='word_1_476' title='bbox 420 5059 514 5113; x_wconf 89' lang='lat' dir='ltr'><strong>sed</strong></span> <span class='ocrx_word' id='word_1_477' title='bbox 538 5059 790 5114; x_wconf 89' lang='lat' dir='ltr'><strong>eumdem</strong></span> <span class='ocrx_word' id='word_1_478' title='bbox 821 5057 911 5125; x_wconf 86' lang='lat' dir='ltr'><strong>qui</strong></span> <span class='ocrx_word' id='word_1_479' title='bbox 944 5055 1135 5124; x_wconf 87' lang='lat' dir='ltr'><strong>passim</strong></span> <span class='ocrx_word' id='word_1_480' title='bbox 1157 5054 1296 5122; x_wconf 85' lang='lat' dir='ltr'><strong>apud</strong></span> <span class='ocrx_word' id='word_1_481' title='bbox 1315 5051 1667 5105; x_wconf 82' lang='lat' dir='ltr'><strong>Athanasium</strong></span> 
     </span>
    </p>
   </div>
   <div class='ocr_carea' id='block_1_69' title="bbox 125 5142 1667 5216">
    <p class='ocr_par' dir='ltr' id='par_1_69' title="bbox 125 5142 1667 5216">
     <span class='ocr_line' id='line_1_69' title="bbox 125 5142 1667 5216; baseline -0.006 -18"><span class='ocrx_word' id='word_1_482' title='bbox 125 5144 350 5211; x_wconf 77' lang='grc' dir='ltr'><strong>Διόγνιος,</strong></span> <span class='ocrx_word' id='word_1_483' title='bbox 376 5151 694 5216; x_wconf 88' lang='lat' dir='ltr'><strong>quandoque</strong></span> <span class='ocrx_word' id='word_1_484' title='bbox 728 5146 869 5213; x_wconf 86' lang='lat' dir='ltr'><strong>apud</strong></span> <span class='ocrx_word' id='word_1_485' title='bbox 916 5143 1181 5197; x_wconf 83' lang='lat' dir='ltr'><strong>Hilarium</strong></span> <span class='ocrx_word' id='word_1_486' title='bbox 1226 5142 1667 5210; x_wconf 84' lang='lat' dir='ltr'><strong>I)iognius,com-</strong></span> 
     </span>
    </p>
   </div>
   <div class='ocr_carea' id='block_1_70' title="bbox 126 5232 1669 5306">
    <p class='ocr_par' dir='ltr' id='par_1_70' title="bbox 126 5232 1669 5306">
     <span class='ocr_line' id='line_1_70' title="bbox 126 5232 1669 5306; baseline -0.005 -21"><span class='ocrx_word' id='word_1_487' title='bbox 126 5239 300 5289; x_wconf 80' lang='lat' dir='ltr'><strong>munius</strong></span> <span class='ocrx_word' id='word_1_488' title='bbox 324 5240 459 5306; x_wconf 91' lang='lat' dir='ltr'><strong>apud</strong></span> <span class='ocrx_word' id='word_1_489' title='bbox 490 5250 771 5304; x_wconf 86' lang='lat' dir='ltr'><strong>utrumque</strong></span> <span class='ocrx_word' id='word_1_490' title='bbox 791 5236 1041 5303; x_wconf 81' lang='grc' dir='ltr'><strong>Θεόγνιος</strong></span> <span class='ocrx_word' id='word_1_491' title='bbox 1073 5244 1120 5287; x_wconf 89' lang='lat' dir='ltr'><strong>et</strong></span> <span class='ocrx_word' id='word_1_492' title='bbox 1152 5232 1407 5301; x_wconf 73' lang='lat' dir='ltr'><strong>Theognis</strong></span> <span class='ocrx_word' id='word_1_493' title='bbox 1435 5238 1669 5293; x_wconf 85' lang='lat' dir='ltr'><strong>vocatur,</strong></span> 
     </span>
    </p>
   </div>
   <div class='ocr_carea' id='block_1_71' title="bbox 128 5318 1675 5399">
    <p class='ocr_par' dir='ltr' id='par_1_71' title="bbox 128 5318 1675 5399">
     <span class='ocr_line' id='line_1_71' title="bbox 128 5318 1675 5399; baseline -0.001 -27"><span class='ocrx_word' id='word_1_494' title='bbox 128 5322 255 5380; x_wconf 83' lang='lat' dir='ltr'><strong>idest</strong></span> <span class='ocrx_word' id='word_1_495' title='bbox 289 5326 654 5399; x_wconf 87' lang='lat' dir='ltr'><strong>Theognidem</strong></span> <span class='ocrx_word' id='word_1_496' title='bbox 683 5328 977 5381; x_wconf 69' lang='lat' dir='ltr'><strong>Nicmnum.</strong></span> <span class='ocrx_word' id='word_1_497' title='bbox 1006 5324 1177 5393; x_wconf 92' lang='lat' dir='ltr'><strong>llujus</strong></span> <span class='ocrx_word' id='word_1_498' title='bbox 1208 5323 1536 5391; x_wconf 68' lang='lat' dir='ltr'><strong>conjectura:</strong></span> <span class='ocrx_word' id='word_1_499' title='bbox 1561 5318 1675 5371; x_wconf 64' lang='lat' dir='ltr'><strong>haec</strong></span> 
     </span>
    </p>
   </div>
   <div class='ocr_carea' id='block_1_72' title="bbox 128 5415 1674 5489">
    <p class='ocr_par' dir='ltr' id='par_1_72' title="bbox 128 5415 1674 5489">
     <span class='ocr_line' id='line_1_72' title="bbox 128 5415 1674 5489; baseline -0.006 -19"><span class='ocrx_word' id='word_1_500' title='bbox 128 5415 311 5471; x_wconf 79' lang='lat' dir='ltr'><strong>aﬂ‘ertur</strong></span> <span class='ocrx_word' id='word_1_501' title='bbox 333 5423 489 5484; x_wconf 88' lang='lat' dir='ltr'><strong>ratio,</strong></span> <span class='ocrx_word' id='word_1_502' title='bbox 528 5420 675 5489; x_wconf 89' lang='lat' dir='ltr'><strong>quod</strong></span> <span class='ocrx_word' id='word_1_503' title='bbox 704 5418 951 5473; x_wconf 89' lang='lat' dir='ltr'><strong>Dianium</strong></span> <span class='ocrx_word' id='word_1_504' title='bbox 985 5416 1373 5471; x_wconf 70' lang='lat' dir='ltr'><strong>Cmsariensem</strong></span> <span class='ocrx_word' id='word_1_505' title='bbox 1409 5423 1674 5478; x_wconf 87' lang='lat' dir='ltr'><strong>nusquam</strong></span> 
     </span>
    </p>
   </div>
   <div class='ocr_carea' id='block_1_73' title="bbox 129 5503 1674 5568">
    <p class='ocr_par' dir='ltr' id='par_1_73' title="bbox 129 5503 1674 5568">
     <span class='ocr_line' id='line_1_73' title="bbox 129 5503 1674 5568; baseline -0.002 -13"><span class='ocrx_word' id='word_1_506' title='bbox 129 5503 414 5567; x_wconf 66' lang='lat' dir='ltr'><strong>Athanasius</strong></span> <span class='ocrx_word' id='word_1_507' title='bbox 466 5513 615 5568; x_wconf 88' lang='lat' dir='ltr'><strong>inter</strong></span> <span class='ocrx_word' id='word_1_508' title='bbox 646 5511 878 5565; x_wconf 85' lang='lat' dir='ltr'><strong>Arianos</strong></span> <span class='ocrx_word' id='word_1_509' title='bbox 914 5510 1000 5564; x_wconf 89' lang='lat' dir='ltr'><strong>vel</strong></span> <span class='ocrx_word' id='word_1_510' title='bbox 1032 5506 1364 5563; x_wconf 84' lang='lat' dir='ltr'><strong>Eusebianos</strong></span> <span class='ocrx_word' id='word_1_511' title='bbox 1403 5509 1674 5562; x_wconf 88' lang='lat' dir='ltr'><strong>numeret,</strong></span> 
     </span>
    </p>
   </div>
   <div class='ocr_carea' id='block_1_74' title="bbox 184 5648 679 5716">
    <p class='ocr_par' dir='ltr' id='par_1_74' title="bbox 184 5648 679 5716">
     <span class='ocr_line' id='line_1_74' title="bbox 184 5648 679 5716; baseline 0.004 -13"><span class='ocrx_word' id='word_1_512' title='bbox 184 5651 246 5716; x_wconf 57' lang='lat' dir='ltr'><strong>lt!)</strong></span> <span class='ocrx_word' id='word_1_513' title='bbox 284 5648 374 5716; x_wconf 58' lang='lat' dir='ltr'><strong>lup.</strong></span> <span class='ocrx_word' id='word_1_514' title='bbox 403 5652 492 5711; x_wconf 77' lang='grc'><strong>51,</strong></span> <span class='ocrx_word' id='word_1_515' title='bbox 526 5664 582 5703; x_wconf 91' lang='lat' dir='ltr'><strong>n.</strong></span> <span class='ocrx_word' id='word_1_516' title='bbox 624 5648 679 5705; x_wconf 76' lang='grc'><strong>2.</strong></span> 
     </span>
    </p>
   </div>
   <div class='ocr_carea' id='block_1_75' title="bbox 183 5714 579 5780">
    <p class='ocr_par' dir='ltr' id='par_1_75' title="bbox 183 5714 579 5780">
     <span class='ocr_line' id='line_1_75' title="bbox 183 5714 579 5780; baseline 0 -9"><span class='ocrx_word' id='word_1_517' title='bbox 183 5714 245 5780; x_wconf 73' lang='lat' dir='ltr'><strong>(b)</strong></span> <span class='ocrx_word' id='word_1_518' title='bbox 277 5714 400 5772; x_wconf 84' lang='lat' dir='ltr'><strong>Ibid.</strong></span> <span class='ocrx_word' id='word_1_519' title='bbox 442 5736 499 5773; x_wconf 76' lang='grc' dir='ltr'><strong>ι).</strong></span> <span class='ocrx_word' id='word_1_520' title='bbox 525 5722 579 5772; x_wconf 81' lang='grc'><strong>1.</strong></span> 
     </span>
    </p>
   </div>
   <div class='ocr_carea' id='block_1_76' title="bbox 185 5788 643 5862">
    <p class='ocr_par' dir='ltr' id='par_1_76' title="bbox 185 5788 643 5862">
     <span class='ocr_line' id='line_1_76' title="bbox 185 5788 643 5862; baseline -0.002 -19"><span class='ocrx_word' id='word_1_521' title='bbox 185 5794 243 5855; x_wconf 72' lang='lat' dir='ltr'><strong>tr)</strong></span> <span class='ocrx_word' id='word_1_522' title='bbox 278 5788 439 5859; x_wconf 87' lang='lat' dir='ltr'><strong>L._m,</strong></span> <span class='ocrx_word' id='word_1_523' title='bbox 486 5804 539 5845; x_wconf 91' lang='lat' dir='ltr'><strong>c.</strong></span> <span class='ocrx_word' id='word_1_524' title='bbox 580 5788 643 5862; x_wconf 33' lang='lat'><strong>5..</strong></span> 
     </span>
    </p>
   </div>
   <div class='ocr_carea' id='block_1_77' title="bbox 1764 1925 3349 2006">
    <p class='ocr_par' dir='ltr' id='par_1_77' title="bbox 1764 1925 3349 2006">
     <span class='ocr_line' id='line_1_77' title="bbox 1764 1925 3349 2006; baseline -0.006 -18"><span class='ocrx_word' id='word_1_525' title='bbox 1764 1945 2032 2006; x_wconf 81' lang='lat' dir='ltr'><strong>pungatur</strong></span> <span class='ocrx_word' id='word_1_526' title='bbox 2081 1932 2252 1985; x_wconf 91' lang='lat' dir='ltr'><strong>Dianii</strong></span> <span class='ocrx_word' id='word_1_527' title='bbox 2300 1945 2493 1984; x_wconf 89' lang='lat' dir='ltr'><strong>nomen</strong></span> <span class='ocrx_word' id='word_1_528' title='bbox 2540 1943 2607 1983; x_wconf 89' lang='lat' dir='ltr'><strong>ex</strong></span> <span class='ocrx_word' id='word_1_529' title='bbox 2657 1926 2882 1996; x_wconf 89' lang='lat' dir='ltr'><strong>epistola</strong></span> <span class='ocrx_word' id='word_1_530' title='bbox 2917 1925 3044 1980; x_wconf 89' lang='lat' dir='ltr'><strong>Julii</strong></span> <span class='ocrx_word' id='word_1_531' title='bbox 3094 1940 3263 1995; x_wconf 69' lang='lat' dir='ltr'><strong>papze,</strong></span> <span class='ocrx_word' id='word_1_532' title='bbox 3294 1926 3349 1979; x_wconf 86' lang='lat' dir='ltr'><strong>in</strong></span> 
     </span>
    </p>
   </div>
   <div class='ocr_carea' id='block_1_78' title="bbox 1763 2016 3349 2095">
    <p class='ocr_par' dir='ltr' id='par_1_78' title="bbox 1763 2016 3349 2095">
     <span class='ocr_line' id='line_1_78' title="bbox 1763 2016 3349 2095; baseline -0.006 -18"><span class='ocrx_word' id='word_1_533' title='bbox 1763 2041 1867 2095; x_wconf 90' lang='lat' dir='ltr'><strong>qua</strong></span> <span class='ocrx_word' id='word_1_534' title='bbox 1905 2037 2083 2077; x_wconf 90' lang='lat' dir='ltr'><strong>tamen</strong></span> <span class='ocrx_word' id='word_1_535' title='bbox 2123 2023 2331 2091; x_wconf 87' lang='lat' dir='ltr'><strong>primus</strong></span> <span class='ocrx_word' id='word_1_536' title='bbox 2361 2021 2430 2073; x_wconf 92' lang='lat' dir='ltr'><strong>ob</strong></span> <span class='ocrx_word' id='word_1_537' title='bbox 2481 2020 2624 2072; x_wconf 90' lang='lat' dir='ltr'><strong>sedis</strong></span> <span class='ocrx_word' id='word_1_538' title='bbox 2656 2017 2975 2084; x_wconf 79' lang='lat' dir='ltr'><strong>dignitatem</strong></span> <span class='ocrx_word' id='word_1_539' title='bbox 3019 2016 3231 2068; x_wconf 83' lang='lat' dir='ltr'><strong>videtur</strong></span> <span class='ocrx_word' id='word_1_540' title='bbox 3261 2029 3349 2068; x_wconf 82' lang='lat' dir='ltr'><strong>re-</strong></span> 
     </span>
    </p>
   </div>
   <div class='ocr_carea' id='block_1_79' title="bbox 1766 2106 3347 2182">
    <p class='ocr_par' dir='ltr' id='par_1_79' title="bbox 1766 2106 3347 2182">
     <span class='ocr_line' id='line_1_79' title="bbox 1766 2106 3347 2182; baseline -0.006 -12"><span class='ocrx_word' id='word_1_541' title='bbox 1766 2115 1997 2179; x_wconf 88' lang='lat' dir='ltr'><strong>censeri,</strong></span> <span class='ocrx_word' id='word_1_542' title='bbox 2030 2114 2170 2182; x_wconf 90' lang='lat' dir='ltr'><strong>quod</strong></span> <span class='ocrx_word' id='word_1_543' title='bbox 2201 2112 2401 2182; x_wconf 90' lang='lat' dir='ltr'><strong>primas</strong></span> <span class='ocrx_word' id='word_1_544' title='bbox 2428 2110 2567 2165; x_wconf 88' lang='lat' dir='ltr'><strong>inter</strong></span> <span class='ocrx_word' id='word_1_545' title='bbox 2597 2108 2818 2163; x_wconf 66' lang='lat' dir='ltr'><strong>haeresis</strong></span> <span class='ocrx_word' id='word_1_546' title='bbox 2838 2106 3147 2162; x_wconf 84' lang='lat' dir='ltr'><strong>defensores</strong></span> <span class='ocrx_word' id='word_1_547' title='bbox 3197 2117 3347 2161; x_wconf 83' lang='lat' dir='ltr'><strong>tene-</strong></span> 
     </span>
    </p>
   </div>
   <div class='ocr_carea' id='block_1_80' title="bbox 1766 2218 1865 2263">
    <p class='ocr_par' dir='ltr' id='par_1_80' title="bbox 1766 2218 1865 2263">
     <span class='ocr_line' id='line_1_80' title="bbox 1766 2218 1865 2263; baseline -0.04 0"><span class='ocrx_word' id='word_1_548' title='bbox 1766 2218 1865 2263; x_wconf 90' lang='lat' dir='ltr'><strong>ret.</strong></span> 
     </span>
    </p>
   </div>
   <div class='ocr_carea' id='block_1_81' title="bbox 1838 2290 3354 2364">
    <p class='ocr_par' dir='ltr' id='par_1_81' title="bbox 1838 2290 3354 2364">
     <span class='ocr_line' id='line_1_81' title="bbox 1838 2290 3354 2364; baseline -0.007 -11"><span class='ocrx_word' id='word_1_549' title='bbox 1838 2298 1943 2353; x_wconf 84' lang='lat' dir='ltr'><strong>Sed</strong></span> <span class='ocrx_word' id='word_1_550' title='bbox 1976 2313 2072 2353; x_wconf 91' lang='lat' dir='ltr'><strong>cur</strong></span> <span class='ocrx_word' id='word_1_551' title='bbox 2102 2297 2242 2350; x_wconf 90' lang='lat' dir='ltr'><strong>hunc</strong></span> <span class='ocrx_word' id='word_1_552' title='bbox 2274 2295 2571 2359; x_wconf 72' lang='lat' dir='ltr'><strong>houninem,</strong></span> <span class='ocrx_word' id='word_1_553' title='bbox 2597 2293 2748 2364; x_wconf 89' lang='lat' dir='ltr'><strong>cujus</strong></span> <span class='ocrx_word' id='word_1_554' title='bbox 2781 2292 2935 2345; x_wconf 72' lang='lat' dir='ltr'><strong>fatnte</strong></span> <span class='ocrx_word' id='word_1_555' title='bbox 2960 2290 3221 2360; x_wconf 87' lang='lat' dir='ltr'><strong>ejusmodi</strong></span> <span class='ocrx_word' id='word_1_556' title='bbox 3245 2306 3354 2344; x_wconf 85' lang='lat' dir='ltr'><strong>ma-</strong></span> 
     </span>
    </p>
   </div>
   <div class='ocr_carea' id='block_1_82' title="bbox 1765 2382 3351 2455">
    <p class='ocr_par' dir='ltr' id='par_1_82' title="bbox 1765 2382 3351 2455">
     <span class='ocr_line' id='line_1_82' title="bbox 1765 2382 3351 2455; baseline -0.007 -8"><span class='ocrx_word' id='word_1_557' title='bbox 1765 2391 1882 2447; x_wconf 88' lang='lat' dir='ltr'><strong>cula</strong></span> <span class='ocrx_word' id='word_1_558' title='bbox 1907 2390 2194 2455; x_wconf 86' lang='lat' dir='ltr'><strong>insidebat,</strong></span> <span class='ocrx_word' id='word_1_559' title='bbox 2230 2398 2306 2441; x_wconf 88' lang='lat' dir='ltr'><strong>tot</strong></span> <span class='ocrx_word' id='word_1_560' title='bbox 2341 2387 2588 2441; x_wconf 87' lang='lat' dir='ltr'><strong>laudibus</strong></span> <span class='ocrx_word' id='word_1_561' title='bbox 2637 2384 2827 2439; x_wconf 86' lang='lat' dir='ltr'><strong>extulit</strong></span> <span class='ocrx_word' id='word_1_562' title='bbox 2881 2384 3110 2438; x_wconf 87' lang='lat' dir='ltr'><strong>Basilius</strong></span> <span class='ocrx_word' id='word_1_563' title='bbox 3146 2383 3170 2437; x_wconf 64' lang='grc' dir='ltr'><em>ἲ</em></span> <span class='ocrx_word' id='word_1_564' title='bbox 3200 2382 3351 2437; x_wconf 87' lang='lat' dir='ltr'><strong>Illum</strong></span> 
     </span>
    </p>
   </div>
   <div class='ocr_carea' id='block_1_83' title="bbox 1766 2476 3353 2545">
    <p class='ocr_par' dir='ltr' id='par_1_83' title="bbox 1766 2476 3353 2545">
     <span class='ocr_line' id='line_1_83' title="bbox 1766 2476 3353 2545; baseline -0.005 -9"><span class='ocrx_word' id='word_1_565' title='bbox 1766 2498 1894 2537; x_wconf 90' lang='lat' dir='ltr'><strong>sane</strong></span> <span class='ocrx_word' id='word_1_566' title='bbox 1911 2481 2162 2545; x_wconf 78' lang='lat' dir='ltr'><strong>Basilius,</strong></span> <span class='ocrx_word' id='word_1_567' title='bbox 2176 2480 2219 2533; x_wconf 91' lang='lat' dir='ltr'><strong>si</strong></span> <span class='ocrx_word' id='word_1_568' title='bbox 2244 2489 2388 2533; x_wconf 91' lang='lat' dir='ltr'><strong>recte</strong></span> <span class='ocrx_word' id='word_1_569' title='bbox 2414 2477 2762 2539; x_wconf 87' lang='lat' dir='ltr'><strong>attendimus,</strong></span> <span class='ocrx_word' id='word_1_570' title='bbox 2782 2490 2884 2529; x_wconf 91' lang='lat' dir='ltr'><strong>non</strong></span> <span class='ocrx_word' id='word_1_571' title='bbox 2903 2476 3019 2529; x_wconf 87' lang='lat' dir='ltr'><strong>sine</strong></span> <span class='ocrx_word' id='word_1_572' title='bbox 3040 2476 3353 2545; x_wconf 78' lang='lat' dir='ltr'><strong>exceptione</strong></span> 
     </span>
    </p>
   </div>
   <div class='ocr_carea' id='block_1_84' title="bbox 1766 2567 3353 2631">
    <p class='ocr_par' dir='ltr' id='par_1_84' title="bbox 1766 2567 3353 2631">
     <span class='ocr_line' id='line_1_84' title="bbox 1766 2567 3353 2631; baseline -0.006 -2"><span class='ocrx_word' id='word_1_573' title='bbox 1766 2575 1967 2631; x_wconf 84' lang='lat' dir='ltr'><strong>laudat.</strong></span> <span class='ocrx_word' id='word_1_574' title='bbox 1995 2573 2106 2627; x_wconf 81' lang='lat' dir='ltr'><strong>Non</strong></span> <span class='ocrx_word' id='word_1_575' title='bbox 2123 2572 2264 2625; x_wconf 88' lang='lat' dir='ltr'><strong>enim</strong></span> <span class='ocrx_word' id='word_1_576' title='bbox 2284 2573 2331 2625; x_wconf 89' lang='lat' dir='ltr'><strong>ei</strong></span> <span class='ocrx_word' id='word_1_577' title='bbox 2357 2570 2590 2625; x_wconf 89' lang='lat' dir='ltr'><strong>studium</strong></span> <span class='ocrx_word' id='word_1_578' title='bbox 2609 2583 2752 2622; x_wconf 80' lang='lat' dir='ltr'><strong>sana:</strong></span> <span class='ocrx_word' id='word_1_579' title='bbox 2797 2567 3074 2631; x_wconf 64' lang='lat' dir='ltr'><strong>doctrinae,</strong></span> <span class='ocrx_word' id='word_1_580' title='bbox 3099 2581 3202 2621; x_wconf 91' lang='lat' dir='ltr'><strong>non</strong></span> <span class='ocrx_word' id='word_1_581' title='bbox 3227 2581 3353 2621; x_wconf 88' lang='lat' dir='ltr'><strong>con-</strong></span> 
     </span>
    </p>
   </div>
   <div class='ocr_carea' id='block_1_85' title="bbox 1768 2658 3355 2734">
    <p class='ocr_par' dir='ltr' id='par_1_85' title="bbox 1768 2658 3355 2734">
     <span class='ocr_line' id='line_1_85' title="bbox 1768 2658 3355 2734; baseline -0.007 -12"><span class='ocrx_word' id='word_1_582' title='bbox 1768 2667 2019 2722; x_wconf 81' lang='lat' dir='ltr'><strong>stantiam</strong></span> <span class='ocrx_word' id='word_1_583' title='bbox 2058 2666 2109 2719; x_wconf 92' lang='lat' dir='ltr'><strong>in</strong></span> <span class='ocrx_word' id='word_1_584' title='bbox 2129 2663 2379 2734; x_wconf 90' lang='lat' dir='ltr'><strong>periculis</strong></span> <span class='ocrx_word' id='word_1_585' title='bbox 2398 2678 2493 2732; x_wconf 91' lang='lat' dir='ltr'><strong>pro</strong></span> <span class='ocrx_word' id='word_1_586' title='bbox 2520 2663 2620 2716; x_wconf 90' lang='lat' dir='ltr'><strong>lide</strong></span> <span class='ocrx_word' id='word_1_587' title='bbox 2643 2661 2903 2715; x_wconf 84' lang='lat' dir='ltr'><strong>obeundis</strong></span> <span class='ocrx_word' id='word_1_588' title='bbox 2932 2658 3176 2713; x_wconf 90' lang='lat' dir='ltr'><strong>attribuit</strong></span> <span class='ocrx_word' id='word_1_589' title='bbox 3200 2678 3212 2712; x_wconf 91' lang='lat'>:</span> <span class='ocrx_word' id='word_1_590' title='bbox 3233 2672 3355 2727; x_wconf 77' lang='lat' dir='ltr'><strong>qua:</strong></span> 
     </span>
    </p>
   </div>
   <div class='ocr_carea' id='block_1_86' title="bbox 1770 2748 3355 2826">
    <p class='ocr_par' dir='ltr' id='par_1_86' title="bbox 1770 2748 3355 2826">
     <span class='ocr_line' id='line_1_86' title="bbox 1770 2748 3355 2826; baseline -0.008 -15"><span class='ocrx_word' id='word_1_591' title='bbox 1770 2767 1948 2811; x_wconf 89' lang='lat' dir='ltr'><strong>tamen</strong></span> <span class='ocrx_word' id='word_1_592' title='bbox 1979 2756 2246 2826; x_wconf 79' lang='lat' dir='ltr'><strong>praecipue</strong></span> <span class='ocrx_word' id='word_1_593' title='bbox 2282 2753 2489 2807; x_wconf 85' lang='lat' dir='ltr'><strong>laudari</strong></span> <span class='ocrx_word' id='word_1_594' title='bbox 2521 2753 2603 2806; x_wconf 91' lang='lat' dir='ltr'><strong>his</strong></span> <span class='ocrx_word' id='word_1_595' title='bbox 2637 2750 2968 2820; x_wconf 90' lang='lat' dir='ltr'><strong>temporibus</strong></span> <span class='ocrx_word' id='word_1_596' title='bbox 3017 2749 3069 2802; x_wconf 93' lang='lat' dir='ltr'><strong>in</strong></span> <span class='ocrx_word' id='word_1_597' title='bbox 3102 2748 3355 2816; x_wconf 88' lang='lat' dir='ltr'><strong>episcopo</strong></span> 
     </span>
    </p>
   </div>
   <div class='ocr_carea' id='block_1_87' title="bbox 1770 2837 3351 2908">
    <p class='ocr_par' dir='ltr' id='par_1_87' title="bbox 1770 2837 3351 2908">
     <span class='ocr_line' id='line_1_87' title="bbox 1770 2837 3351 2908; baseline -0.008 -7"><span class='ocrx_word' id='word_1_598' title='bbox 1770 2857 1933 2901; x_wconf 65' lang='lat' dir='ltr'><strong>tantae</strong></span> <span class='ocrx_word' id='word_1_599' title='bbox 1957 2846 2103 2901; x_wconf 88' lang='lat' dir='ltr'><strong>sedis</strong></span> <span class='ocrx_word' id='word_1_600' title='bbox 2133 2845 2463 2898; x_wconf 86' lang='lat' dir='ltr'><strong>debuissent.</strong></span> <span class='ocrx_word' id='word_1_601' title='bbox 2483 2841 2811 2908; x_wconf 79' lang='lat' dir='ltr'><strong>Quinetiam,</strong></span> <span class='ocrx_word' id='word_1_602' title='bbox 2827 2849 2886 2892; x_wconf 89' lang='lat' dir='ltr'><strong>ut</strong></span> <span class='ocrx_word' id='word_1_603' title='bbox 2902 2851 2959 2892; x_wconf 91' lang='lat' dir='ltr'><strong>se</strong></span> <span class='ocrx_word' id='word_1_604' title='bbox 2980 2837 3047 2890; x_wconf 91' lang='lat' dir='ltr'><strong>ab</strong></span> <span class='ocrx_word' id='word_1_605' title='bbox 3063 2837 3178 2908; x_wconf 83' lang='lat' dir='ltr'><strong>ejus</strong></span> <span class='ocrx_word' id='word_1_606' title='bbox 3200 2851 3351 2890; x_wconf 92' lang='lat' dir='ltr'><strong>com-</strong></span> 
     </span>
    </p>
   </div>
   <div class='ocr_carea' id='block_1_88' title="bbox 1768 2927 3353 3000">
    <p class='ocr_par' dir='ltr' id='par_1_88' title="bbox 1768 2927 3353 3000">
     <span class='ocr_line' id='line_1_88' title="bbox 1768 2927 3353 3000; baseline -0.009 -7"><span class='ocrx_word' id='word_1_607' title='bbox 1768 2940 2023 2993; x_wconf 90' lang='lat' dir='ltr'><strong>munione</strong></span> <span class='ocrx_word' id='word_1_608' title='bbox 2048 2944 2372 3000; x_wconf 87' lang='lat' dir='ltr'><strong>removeret,</strong></span> <span class='ocrx_word' id='word_1_609' title='bbox 2398 2935 2535 2987; x_wconf 84' lang='lat' dir='ltr'><strong>forte</strong></span> <span class='ocrx_word' id='word_1_610' title='bbox 2569 2948 2671 2985; x_wconf 88' lang='lat' dir='ltr'><strong>non</strong></span> <span class='ocrx_word' id='word_1_611' title='bbox 2703 2930 2873 2985; x_wconf 90' lang='lat' dir='ltr'><strong>solum</strong></span> <span class='ocrx_word' id='word_1_612' title='bbox 2904 2927 3353 2983; x_wconf 86' lang='lat' dir='ltr'><strong>novissimoillius</strong></span> 
     </span>
    </p>
   </div>
   <div class='ocr_carea' id='block_1_89' title="bbox 1770 3020 3354 3096">
    <p class='ocr_par' dir='ltr' id='par_1_89' title="bbox 1770 3020 3354 3096">
     <span class='ocr_line' id='line_1_89' title="bbox 1770 3020 3354 3096; baseline -0.008 -10"><span class='ocrx_word' id='word_1_613' title='bbox 1770 3034 1938 3096; x_wconf 87' lang='lat' dir='ltr'><strong>facto,</strong></span> <span class='ocrx_word' id='word_1_614' title='bbox 1966 3032 2060 3086; x_wconf 91' lang='lat' dir='ltr'><strong>sed</strong></span> <span class='ocrx_word' id='word_1_615' title='bbox 2090 3032 2255 3085; x_wconf 91' lang='lat' dir='ltr'><strong>etiam</strong></span> <span class='ocrx_word' id='word_1_616' title='bbox 2293 3025 2661 3096; x_wconf 89' lang='lat' dir='ltr'><strong>superioribus</strong></span> <span class='ocrx_word' id='word_1_617' title='bbox 2686 3025 2849 3094; x_wconf 89' lang='lat' dir='ltr'><strong>gestis</strong></span> <span class='ocrx_word' id='word_1_618' title='bbox 2886 3026 3045 3076; x_wconf 87' lang='lat' dir='ltr'><strong>rebus</strong></span> <span class='ocrx_word' id='word_1_619' title='bbox 3090 3020 3354 3075; x_wconf 81' lang='lat' dir='ltr'><strong>adductus</strong></span> 
     </span>
    </p>
   </div>
   <div class='ocr_carea' id='block_1_90' title="bbox 1770 3111 3353 3186">
    <p class='ocr_par' dir='ltr' id='par_1_90' title="bbox 1770 3111 3353 3186">
     <span class='ocr_line' id='line_1_90' title="bbox 1770 3111 3353 3186; baseline -0.011 -6"><span class='ocrx_word' id='word_1_620' title='bbox 1770 3126 1891 3180; x_wconf 88' lang='lat' dir='ltr'><strong>fuit.</strong></span> <span class='ocrx_word' id='word_1_621' title='bbox 1920 3123 2034 3177; x_wconf 88' lang='lat' dir='ltr'><strong>Non</strong></span> <span class='ocrx_word' id='word_1_622' title='bbox 2075 3124 2220 3177; x_wconf 87' lang='lat' dir='ltr'><strong>enim</strong></span> <span class='ocrx_word' id='word_1_623' title='bbox 2246 3120 2423 3183; x_wconf 86' lang='lat' dir='ltr'><strong>video,</strong></span> <span class='ocrx_word' id='word_1_624' title='bbox 2458 3133 2552 3172; x_wconf 87' lang='lat' dir='ltr'><strong>cur</strong></span> <span class='ocrx_word' id='word_1_625' title='bbox 2574 3114 2820 3186; x_wconf 82' lang='lat' dir='ltr'><strong>Gregorii</strong></span> <span class='ocrx_word' id='word_1_626' title='bbox 2850 3111 3105 3166; x_wconf 82' lang='lat' dir='ltr'><strong>Nazianzi</strong></span> <span class='ocrx_word' id='word_1_627' title='bbox 3140 3111 3353 3180; x_wconf 80' lang='lat' dir='ltr'><strong>episco-</strong></span> 
     </span>
    </p>
   </div>
   <div class='ocr_carea' id='block_1_91' title="bbox 1769 3206 3355 3288">
    <p class='ocr_par' dir='ltr' id='par_1_91' title="bbox 1769 3206 3355 3288">
     <span class='ocr_line' id='line_1_91' title="bbox 1769 3206 3355 3288; baseline -0.009 -17"><span class='ocrx_word' id='word_1_628' title='bbox 1769 3220 1841 3288; x_wconf 91' lang='lat' dir='ltr'><strong>pi,</strong></span> <span class='ocrx_word' id='word_1_629' title='bbox 1874 3218 1969 3287; x_wconf 88' lang='lat' dir='ltr'><strong>qui</strong></span> <span class='ocrx_word' id='word_1_630' title='bbox 2004 3215 2248 3269; x_wconf 71' lang='lat' dir='ltr'><strong>formula:</strong></span> <span class='ocrx_word' id='word_1_631' title='bbox 2273 3229 2376 3267; x_wconf 93' lang='lat' dir='ltr'><strong>non</strong></span> <span class='ocrx_word' id='word_1_632' title='bbox 2411 3211 2721 3266; x_wconf 80' lang='lat' dir='ltr'><strong>orthodoxae</strong></span> <span class='ocrx_word' id='word_1_633' title='bbox 2745 3206 3086 3275; x_wconf 86' lang='lat' dir='ltr'><strong>subscripsit,</strong></span> <span class='ocrx_word' id='word_1_634' title='bbox 3110 3219 3355 3259; x_wconf 84' lang='lat' dir='ltr'><strong>conmm-</strong></span> 
     </span>
    </p>
   </div>
   <div class='ocr_carea' id='block_1_92' title="bbox 1766 3295 3355 3375">
    <p class='ocr_par' dir='ltr' id='par_1_92' title="bbox 1766 3295 3355 3375">
     <span class='ocr_line' id='line_1_92' title="bbox 1766 3295 3355 3375; baseline -0.009 -13"><span class='ocrx_word' id='word_1_635' title='bbox 1766 3309 1915 3363; x_wconf 90' lang='lat' dir='ltr'><strong>nioni</strong></span> <span class='ocrx_word' id='word_1_636' title='bbox 1950 3321 2165 3375; x_wconf 91' lang='lat' dir='ltr'><strong>semper</strong></span> <span class='ocrx_word' id='word_1_637' title='bbox 2212 3304 2400 3358; x_wconf 85' lang='lat' dir='ltr'><strong>alIixus</strong></span> <span class='ocrx_word' id='word_1_638' title='bbox 2436 3302 2618 3365; x_wconf 87' lang='lat' dir='ltr'><strong>fuerit,</strong></span> <span class='ocrx_word' id='word_1_639' title='bbox 2670 3299 2861 3353; x_wconf 89' lang='lat' dir='ltr'><strong>Dianio</strong></span> <span class='ocrx_word' id='word_1_640' title='bbox 2892 3310 3109 3363; x_wconf 92' lang='lat' dir='ltr'><strong>autem,</strong></span> <span class='ocrx_word' id='word_1_641' title='bbox 3142 3295 3228 3350; x_wconf 88' lang='lat' dir='ltr'><strong>cui</strong></span> <span class='ocrx_word' id='word_1_642' title='bbox 3276 3304 3355 3349; x_wconf 86' lang='lat' dir='ltr'><strong>tot</strong></span> 
     </span>
    </p>
   </div>
   <div class='ocr_carea' id='block_1_93' title="bbox 1768 3386 3352 3457">
    <p class='ocr_par' dir='ltr' id='par_1_93' title="bbox 1768 3386 3352 3457">
     <span class='ocr_line' id='line_1_93' title="bbox 1768 3386 3352 3457; baseline -0.009 -3"><span class='ocrx_word' id='word_1_643' title='bbox 1768 3400 2078 3454; x_wconf 83' lang='lat' dir='ltr'><strong>nominibus</strong></span> <span class='ocrx_word' id='word_1_644' title='bbox 2110 3396 2406 3451; x_wconf 91' lang='lat' dir='ltr'><strong>obstrictus</strong></span> <span class='ocrx_word' id='word_1_645' title='bbox 2447 3403 2585 3457; x_wconf 84' lang='lat' dir='ltr'><strong>erat,</strong></span> <span class='ocrx_word' id='word_1_646' title='bbox 2617 3407 2724 3447; x_wconf 90' lang='lat' dir='ltr'><strong>non</strong></span> <span class='ocrx_word' id='word_1_647' title='bbox 2764 3390 3010 3446; x_wconf 83' lang='lat' dir='ltr'><strong>eamdem</strong></span> <span class='ocrx_word' id='word_1_648' title='bbox 3044 3386 3352 3443; x_wconf 78' lang='lat' dir='ltr'><strong>exhibuerit</strong></span> 
     </span>
    </p>
   </div>
   <div class='ocr_carea' id='block_1_94' title="bbox 1767 3482 3352 3553">
    <p class='ocr_par' dir='ltr' id='par_1_94' title="bbox 1767 3482 3352 3553">
     <span class='ocr_line' id='line_1_94' title="bbox 1767 3482 3352 3553; baseline -0.008 -9"><span class='ocrx_word' id='word_1_649' title='bbox 1767 3491 1932 3544; x_wconf 84' lang='lat' dir='ltr'><strong>animi</strong></span> <span class='ocrx_word' id='word_1_650' title='bbox 1984 3488 2442 3549; x_wconf 86' lang='lat' dir='ltr'><strong>moderationem;</strong></span> <span class='ocrx_word' id='word_1_651' title='bbox 2490 3483 2593 3539; x_wconf 88' lang='lat' dir='ltr'><strong>nisi</strong></span> <span class='ocrx_word' id='word_1_652' title='bbox 2647 3483 2771 3553; x_wconf 85' lang='lat' dir='ltr'><strong>quia</strong></span> <span class='ocrx_word' id='word_1_653' title='bbox 2829 3482 3170 3551; x_wconf 84' lang='lat' dir='ltr'><strong>perspicuum</strong></span> <span class='ocrx_word' id='word_1_654' title='bbox 3233 3487 3352 3533; x_wconf 89' lang='lat' dir='ltr'><strong>erat</strong></span> 
     </span>
    </p>
   </div>
   <div class='ocr_carea' id='block_1_95' title="bbox 1768 3569 3355 3651">
    <p class='ocr_par' dir='ltr' id='par_1_95' title="bbox 1768 3569 3355 3651">
     <span class='ocr_line' id='line_1_95' title="bbox 1768 3569 3355 3651; baseline -0.006 -15"><span class='ocrx_word' id='word_1_655' title='bbox 1768 3580 2013 3651; x_wconf 79' lang='lat' dir='ltr'><strong>Gregorii</strong></span> <span class='ocrx_word' id='word_1_656' title='bbox 2050 3589 2281 3633; x_wconf 90' lang='lat' dir='ltr'><strong>mentem</strong></span> <span class='ocrx_word' id='word_1_657' title='bbox 2315 3578 2535 3632; x_wconf 67' lang='lat' dir='ltr'><strong>illaesam</strong></span> <span class='ocrx_word' id='word_1_658' title='bbox 2580 3591 2642 3629; x_wconf 91' lang='lat' dir='ltr'><strong>ac</strong></span> <span class='ocrx_word' id='word_1_659' title='bbox 2685 3580 3007 3639; x_wconf 88' lang='lat' dir='ltr'><strong>atramento,</strong></span> <span class='ocrx_word' id='word_1_660' title='bbox 3033 3585 3091 3626; x_wconf 92' lang='lat' dir='ltr'><strong>ut</strong></span> <span class='ocrx_word' id='word_1_661' title='bbox 3127 3572 3203 3625; x_wconf 90' lang='lat' dir='ltr'><strong>ait</strong></span> <span class='ocrx_word' id='word_1_662' title='bbox 3238 3569 3355 3638; x_wconf 81' lang='lat' dir='ltr'><strong>ejus</strong></span> 
     </span>
    </p>
   </div>
   <div class='ocr_carea' id='block_1_96' title="bbox 1767 3665 3351 3742">
    <p class='ocr_par' dir='ltr' id='par_1_96' title="bbox 1767 3665 3351 3742">
     <span class='ocr_line' id='line_1_96' title="bbox 1767 3665 3351 3742; baseline -0.008 -14"><span class='ocrx_word' id='word_1_663' title='bbox 1767 3675 1909 3728; x_wconf 82' lang='lat' dir='ltr'><strong>illius</strong></span> <span class='ocrx_word' id='word_1_664' title='bbox 1927 3672 2021 3742; x_wconf 80' lang='grc' dir='ltr'><strong>(ε),</strong></span> <span class='ocrx_word' id='word_1_665' title='bbox 2052 3671 2270 3725; x_wconf 89' lang='lat' dir='ltr'><strong>minime</strong></span> <span class='ocrx_word' id='word_1_666' title='bbox 2308 3669 2559 3722; x_wconf 85' lang='lat' dir='ltr'><strong>infectam</strong></span> <span class='ocrx_word' id='word_1_667' title='bbox 2591 3665 2779 3731; x_wconf 90' lang='lat' dir='ltr'><strong>fuisse,</strong></span> <span class='ocrx_word' id='word_1_668' title='bbox 2816 3665 3035 3719; x_wconf 89' lang='lat' dir='ltr'><strong>Dianius</strong></span> <span class='ocrx_word' id='word_1_669' title='bbox 3080 3676 3207 3716; x_wconf 91' lang='lat' dir='ltr'><strong>vero</strong></span> <span class='ocrx_word' id='word_1_670' title='bbox 3246 3677 3351 3716; x_wconf 91' lang='lat' dir='ltr'><strong>non</strong></span> 
     </span>
    </p>
   </div>
   <div class='ocr_carea' id='block_1_97' title="bbox 1768 3752 3351 3828">
    <p class='ocr_par' dir='ltr' id='par_1_97' title="bbox 1768 3752 3351 3828">
     <span class='ocr_line' id='line_1_97' title="bbox 1768 3752 3351 3828; baseline -0.009 -10"><span class='ocrx_word' id='word_1_671' title='bbox 1768 3766 1843 3819; x_wconf 90' lang='lat' dir='ltr'><strong>ita</strong></span> <span class='ocrx_word' id='word_1_672' title='bbox 1884 3777 2003 3817; x_wconf 89' lang='lat' dir='ltr'><strong>sese</strong></span> <span class='ocrx_word' id='word_1_673' title='bbox 2047 3762 2309 3817; x_wconf 90' lang='lat' dir='ltr'><strong>hactenus</strong></span> <span class='ocrx_word' id='word_1_674' title='bbox 2354 3764 2660 3828; x_wconf 89' lang='lat' dir='ltr'><strong>paraverat,</strong></span> <span class='ocrx_word' id='word_1_675' title='bbox 2698 3764 2769 3823; x_wconf 89' lang='lat' dir='ltr'><strong>ut_</strong></span> <span class='ocrx_word' id='word_1_676' title='bbox 2790 3767 2913 3808; x_wconf 91' lang='lat' dir='ltr'><strong>eum</strong></span> <span class='ocrx_word' id='word_1_677' title='bbox 2966 3752 3203 3821; x_wconf 90' lang='lat' dir='ltr'><strong>suspicio</strong></span> <span class='ocrx_word' id='word_1_678' title='bbox 3244 3766 3351 3805; x_wconf 90' lang='lat' dir='ltr'><strong>non</strong></span> 
     </span>
    </p>
   </div>
   <div class='ocr_carea' id='block_1_98' title="bbox 1766 3851 2073 3919">
    <p class='ocr_par' dir='ltr' id='par_1_98' title="bbox 1766 3851 2073 3919">
     <span class='ocr_line' id='line_1_98' title="bbox 1766 3851 2073 3919; baseline -0.01 -14"><span class='ocrx_word' id='word_1_679' title='bbox 1766 3851 2073 3919; x_wconf 88' lang='lat' dir='ltr'><strong>attingeret.</strong></span> 
     </span>
    </p>
   </div>
   <div class='ocr_carea' id='block_1_99' title="bbox 1840 3930 3351 4001">
    <p class='ocr_par' dir='ltr' id='par_1_99' title="bbox 1840 3930 3351 4001">
     <span class='ocr_line' id='line_1_99' title="bbox 1840 3930 3351 4001; baseline -0.009 -4"><span class='ocrx_word' id='word_1_680' title='bbox 1840 3942 1944 3997; x_wconf 91' lang='lat' dir='ltr'><strong>Sed</strong></span> <span class='ocrx_word' id='word_1_681' title='bbox 1971 3944 2018 3996; x_wconf 91' lang='lat' dir='ltr'><strong>si</strong></span> <span class='ocrx_word' id='word_1_682' title='bbox 2047 3941 2266 3996; x_wconf 87' lang='lat' dir='ltr'><strong>Dianius</strong></span> <span class='ocrx_word' id='word_1_683' title='bbox 2299 3938 2620 3993; x_wconf 84' lang='lat' dir='ltr'><strong>Arianorum</strong></span> <span class='ocrx_word' id='word_1_684' title='bbox 2651 3934 2973 3990; x_wconf 79' lang='lat' dir='ltr'><strong>fermentum</strong></span> <span class='ocrx_word' id='word_1_685' title='bbox 3002 3948 3106 3987; x_wconf 92' lang='lat' dir='ltr'><strong>non</strong></span> <span class='ocrx_word' id='word_1_686' title='bbox 3133 3930 3351 4001; x_wconf 77' lang='lat' dir='ltr'><strong>effugit,</strong></span> 
     </span>
    </p>
   </div>
   <div class='ocr_carea' id='block_1_100' title="bbox 1768 4023 3354 4091">
    <p class='ocr_par' dir='ltr' id='par_1_100' title="bbox 1768 4023 3354 4091">
     <span class='ocr_line' id='line_1_100' title="bbox 1768 4023 3354 4091; baseline -0.008 -3"><span class='ocrx_word' id='word_1_687' title='bbox 1768 4047 1874 4088; x_wconf 88' lang='lat' dir='ltr'><strong>non</strong></span> <span class='ocrx_word' id='word_1_688' title='bbox 1925 4042 2104 4087; x_wconf 91' lang='lat' dir='ltr'><strong>tamen</strong></span> <span class='ocrx_word' id='word_1_689' title='bbox 2143 4044 2331 4085; x_wconf 90' lang='lat' dir='ltr'><strong>eorum</strong></span> <span class='ocrx_word' id='word_1_690' title='bbox 2379 4041 2619 4082; x_wconf 89' lang='lat' dir='ltr'><strong>errorem</strong></span> <span class='ocrx_word' id='word_1_691' title='bbox 2666 4025 2847 4079; x_wconf 91' lang='lat' dir='ltr'><strong>animo</strong></span> <span class='ocrx_word' id='word_1_692' title='bbox 2902 4023 3205 4091; x_wconf 86' lang='lat' dir='ltr'><strong>suscepisse</strong></span> <span class='ocrx_word' id='word_1_693' title='bbox 3237 4036 3354 4076; x_wconf 84' lang='lat' dir='ltr'><strong>cre-</strong></span> 
     </span>
    </p>
   </div>
   <div class='ocr_carea' id='block_1_101' title="bbox 1769 4111 3349 4184">
    <p class='ocr_par' dir='ltr' id='par_1_101' title="bbox 1769 4111 3349 4184">
     <span class='ocr_line' id='line_1_101' title="bbox 1769 4111 3349 4184; baseline -0.009 -5"><span class='ocrx_word' id='word_1_694' title='bbox 1769 4124 1976 4179; x_wconf 85' lang='lat' dir='ltr'><strong>dendus</strong></span> <span class='ocrx_word' id='word_1_695' title='bbox 2012 4132 2116 4184; x_wconf 90' lang='lat' dir='ltr'><strong>est,</strong></span> <span class='ocrx_word' id='word_1_696' title='bbox 2144 4130 2198 4175; x_wconf 89' lang='lat' dir='ltr'><strong>et</strong></span> <span class='ocrx_word' id='word_1_697' title='bbox 2242 4136 2271 4173; x_wconf 93' lang='lat' dir='ltr'><strong>a</strong></span> <span class='ocrx_word' id='word_1_698' title='bbox 2307 4118 2505 4173; x_wconf 88' lang='lat' dir='ltr'><strong>Basilio</strong></span> <span class='ocrx_word' id='word_1_699' title='bbox 2552 4117 2758 4173; x_wconf 88' lang='lat' dir='ltr'><strong>laudari</strong></span> <span class='ocrx_word' id='word_1_700' title='bbox 2788 4131 2893 4170; x_wconf 91' lang='lat' dir='ltr'><strong>non</strong></span> <span class='ocrx_word' id='word_1_701' title='bbox 2923 4115 3189 4169; x_wconf 89' lang='lat' dir='ltr'><strong>debuisse.</strong></span> <span class='ocrx_word' id='word_1_702' title='bbox 3204 4111 3349 4166; x_wconf 84' lang='lat' dir='ltr'><strong>Con-</strong></span> 
     </span>
    </p>
   </div>
   <div class='ocr_carea' id='block_1_102' title="bbox 1771 4205 3351 4280">
    <p class='ocr_par' dir='ltr' id='par_1_102' title="bbox 1771 4205 3351 4280">
     <span class='ocr_line' id='line_1_102' title="bbox 1771 4205 3351 4280; baseline -0.008 -8"><span class='ocrx_word' id='word_1_703' title='bbox 1771 4227 1877 4272; x_wconf 88' lang='lat' dir='ltr'><strong>stat</strong></span> <span class='ocrx_word' id='word_1_704' title='bbox 1904 4216 2045 4270; x_wconf 91' lang='lat' dir='ltr'><strong>enim</strong></span> <span class='ocrx_word' id='word_1_705' title='bbox 2076 4215 2330 4279; x_wconf 87' lang='lat' dir='ltr'><strong>Arianos,</strong></span> <span class='ocrx_word' id='word_1_706' title='bbox 2366 4212 2600 4280; x_wconf 91' lang='lat' dir='ltr'><strong>quandiu</strong></span> <span class='ocrx_word' id='word_1_707' title='bbox 2643 4210 2696 4264; x_wconf 90' lang='lat' dir='ltr'><strong>in</strong></span> <span class='ocrx_word' id='word_1_708' title='bbox 2731 4208 2846 4264; x_wconf 92' lang='lat' dir='ltr'><strong>solo</strong></span> <span class='ocrx_word' id='word_1_709' title='bbox 2895 4205 3351 4262; x_wconf 85' lang='lat' dir='ltr'><strong>Consubstantiali</strong></span> 
     </span>
    </p>
   </div>
   <div class='ocr_carea' id='block_1_103' title="bbox 1770 4298 3353 4378">
    <p class='ocr_par' dir='ltr' id='par_1_103' title="bbox 1770 4298 3353 4378">
     <span class='ocr_line' id='line_1_103' title="bbox 1770 4298 3353 4378; baseline -0.008 -15"><span class='ocrx_word' id='word_1_710' title='bbox 1770 4307 2127 4378; x_wconf 83' lang='lat' dir='ltr'><strong>oppugnando</strong></span> <span class='ocrx_word' id='word_1_711' title='bbox 2162 4308 2369 4359; x_wconf 71' lang='lat' dir='ltr'><strong>haerere</strong></span> <span class='ocrx_word' id='word_1_712' title='bbox 2414 4304 2761 4365; x_wconf 90' lang='lat' dir='ltr'><strong>videbantur,</strong></span> <span class='ocrx_word' id='word_1_713' title='bbox 2802 4316 2865 4355; x_wconf 90' lang='lat' dir='ltr'><strong>ac</strong></span> <span class='ocrx_word' id='word_1_714' title='bbox 2922 4298 3146 4355; x_wconf 68' lang='lat' dir='ltr'><strong>literesis</strong></span> <span class='ocrx_word' id='word_1_715' title='bbox 3192 4312 3353 4352; x_wconf 88' lang='lat' dir='ltr'><strong>vene-</strong></span> 
     </span>
    </p>
   </div>
   <div class='ocr_carea' id='block_1_104' title="bbox 1772 4388 3354 4466">
    <p class='ocr_par' dir='ltr' id='par_1_104' title="bbox 1772 4388 3354 4466">
     <span class='ocr_line' id='line_1_104' title="bbox 1772 4388 3354 4466; baseline -0.008 -15"><span class='ocrx_word' id='word_1_716' title='bbox 1772 4414 1897 4451; x_wconf 91' lang='lat' dir='ltr'><strong>num</strong></span> <span class='ocrx_word' id='word_1_717' title='bbox 1950 4396 2285 4466; x_wconf 87' lang='lat' dir='ltr'><strong>premebant,</strong></span> <span class='ocrx_word' id='word_1_718' title='bbox 2323 4394 2561 4463; x_wconf 92' lang='lat' dir='ltr'><strong>pluribus</strong></span> <span class='ocrx_word' id='word_1_719' title='bbox 2607 4390 2921 4446; x_wconf 88' lang='lat' dir='ltr'><strong>orthodoxis</strong></span> <span class='ocrx_word' id='word_1_720' title='bbox 2953 4388 3219 4458; x_wconf 89' lang='lat' dir='ltr'><strong>episcopis</strong></span> <span class='ocrx_word' id='word_1_721' title='bbox 3270 4388 3354 4440; x_wconf 57' lang='lat' dir='ltr'><strong>fu-</strong></span> 
     </span>
    </p>
   </div>
   <div class='ocr_carea' id='block_1_105' title="bbox 2642 4480 3348 4551">
    <p class='ocr_par' dir='ltr' id='par_1_105' title="bbox 2642 4480 3348 4551">
     <span class='ocr_line' id='line_1_105' title="bbox 2642 4480 3348 4551; baseline -0.01 -12"><span class='ocrx_word' id='word_1_722' title='bbox 2642 4500 2667 4539; x_wconf 93' lang='lat' dir='ltr'><strong>s</strong></span> <span class='ocrx_word' id='word_1_723' title='bbox 2691 4482 2901 4551; x_wconf 89' lang='lat' dir='ltr'><strong>decepti</strong></span> <span class='ocrx_word' id='word_1_724' title='bbox 2927 4481 3127 4544; x_wconf 89' lang='lat' dir='ltr'><strong>studio,</strong></span> <span class='ocrx_word' id='word_1_725' title='bbox 3155 4480 3348 4547; x_wconf 88' lang='lat' dir='ltr'><strong>partim</strong></span> 
     </span>
    </p>
   </div>
   <div class='ocr_carea' id='block_1_106' title="bbox 1781 4570 3353 4650">
    <p class='ocr_par' dir='ltr' id='par_1_106' title="bbox 1781 4570 3353 4650">
     <span class='ocr_line' id='line_1_106' title="bbox 1781 4570 3353 4650; baseline -0.007 -15"><span class='ocrx_word' id='word_1_726' title='bbox 1781 4595 1875 4650; x_wconf 89' lang='lat' dir='ltr'><strong>spe</strong></span> <span class='ocrx_word' id='word_1_727' title='bbox 1908 4589 2001 4633; x_wconf 89' lang='lat' dir='ltr'><strong>aut</strong></span> <span class='ocrx_word' id='word_1_728' title='bbox 2024 4588 2170 4633; x_wconf 91' lang='lat' dir='ltr'><strong>metu</strong></span> <span class='ocrx_word' id='word_1_729' title='bbox 2196 4578 2467 4645; x_wconf 91' lang='lat' dir='ltr'><strong>conducti,</strong></span> <span class='ocrx_word' id='word_1_730' title='bbox 2492 4591 2679 4631; x_wconf 91' lang='lat' dir='ltr'><strong>eorum</strong></span> <span class='ocrx_word' id='word_1_731' title='bbox 2712 4575 3007 4629; x_wconf 87' lang='lat' dir='ltr'><strong>intererant</strong></span> <span class='ocrx_word' id='word_1_732' title='bbox 3031 4570 3272 4627; x_wconf 89' lang='lat' dir='ltr'><strong>conciliis</strong></span> <span class='ocrx_word' id='word_1_733' title='bbox 3299 4580 3353 4625; x_wconf 90' lang='lat' dir='ltr'><strong>et</strong></span> 
     </span>
    </p>
   </div>
   <div class='ocr_carea' id='block_1_107' title="bbox 1779 4661 3353 4735">
    <p class='ocr_par' dir='ltr' id='par_1_107' title="bbox 1779 4661 3353 4735">
     <span class='ocr_line' id='line_1_107' title="bbox 1779 4661 3353 4735; baseline -0.006 -11"><span class='ocrx_word' id='word_1_734' title='bbox 1779 4669 2022 4726; x_wconf 85' lang='lat' dir='ltr'><strong>formulis</strong></span> <span class='ocrx_word' id='word_1_735' title='bbox 2050 4667 2476 4724; x_wconf 89' lang='lat' dir='ltr'><strong>subscribebanl.</strong></span> <span class='ocrx_word' id='word_1_736' title='bbox 2505 4666 2575 4719; x_wconf 89' lang='lat' dir='ltr'><strong>At</strong></span> <span class='ocrx_word' id='word_1_737' title='bbox 2598 4672 2877 4735; x_wconf 88' lang='lat' dir='ltr'><strong>postquam</strong></span> <span class='ocrx_word' id='word_1_738' title='bbox 2900 4661 3085 4718; x_wconf 83' lang='lat' dir='ltr'><strong>Ariani</strong></span> <span class='ocrx_word' id='word_1_739' title='bbox 3108 4676 3174 4716; x_wconf 87' lang='lat' dir='ltr'><strong>ex</strong></span> <span class='ocrx_word' id='word_1_740' title='bbox 3202 4661 3353 4716; x_wconf 90' lang='lat' dir='ltr'><strong>dissi-</strong></span> 
     </span>
    </p>
   </div>
   <div class='ocr_carea' id='block_1_108' title="bbox 1780 4755 3351 4828">
    <p class='ocr_par' dir='ltr' id='par_1_108' title="bbox 1780 4755 3351 4828">
     <span class='ocr_line' id='line_1_108' title="bbox 1780 4755 3351 4828; baseline -0.008 -10"><span class='ocrx_word' id='word_1_741' title='bbox 1780 4764 2089 4818; x_wconf 90' lang='lat' dir='ltr'><strong>mulationis</strong></span> <span class='ocrx_word' id='word_1_742' title='bbox 2139 4762 2361 4816; x_wconf 87' lang='lat' dir='ltr'><strong>latebris</strong></span> <span class='ocrx_word' id='word_1_743' title='bbox 2393 4760 2445 4813; x_wconf 92' lang='lat' dir='ltr'><strong>in</strong></span> <span class='ocrx_word' id='word_1_744' title='bbox 2480 4768 2721 4828; x_wconf 91' lang='lat' dir='ltr'><strong>apertam</strong></span> <span class='ocrx_word' id='word_1_745' title='bbox 2760 4758 3089 4825; x_wconf 87' lang='lat' dir='ltr'><strong>impietatem</strong></span> <span class='ocrx_word' id='word_1_746' title='bbox 3140 4755 3351 4825; x_wconf 82' lang='lat' dir='ltr'><strong>prodie-</strong></span> 
     </span>
    </p>
   </div>
   <div class='ocr_carea' id='block_1_109' title="bbox 1779 4846 3353 4920">
    <p class='ocr_par' dir='ltr' id='par_1_109' title="bbox 1779 4846 3353 4920">
     <span class='ocr_line' id='line_1_109' title="bbox 1779 4846 3353 4920; baseline -0.006 -10"><span class='ocrx_word' id='word_1_747' title='bbox 1779 4864 1922 4919; x_wconf 89' lang='lat' dir='ltr'><strong>runt,</strong></span> <span class='ocrx_word' id='word_1_748' title='bbox 1960 4864 2069 4907; x_wconf 93' lang='lat' dir='ltr'><strong>tum</strong></span> <span class='ocrx_word' id='word_1_749' title='bbox 2104 4868 2230 4908; x_wconf 90' lang='lat' dir='ltr'><strong>vero</strong></span> <span class='ocrx_word' id='word_1_750' title='bbox 2264 4850 2476 4920; x_wconf 90' lang='lat' dir='ltr'><strong>plurimi</strong></span> <span class='ocrx_word' id='word_1_751' title='bbox 2515 4850 2582 4904; x_wconf 90' lang='lat' dir='ltr'><strong>ab</strong></span> <span class='ocrx_word' id='word_1_752' title='bbox 2613 4864 2798 4904; x_wconf 91' lang='lat' dir='ltr'><strong>eorum</strong></span> <span class='ocrx_word' id='word_1_753' title='bbox 2833 4846 3213 4903; x_wconf 86' lang='lat' dir='ltr'><strong>communione</strong></span> <span class='ocrx_word' id='word_1_754' title='bbox 3241 4846 3353 4901; x_wconf 88' lang='lat' dir='ltr'><strong>dis-</strong></span> 
     </span>
    </p>
   </div>
   <div class='ocr_carea' id='block_1_110' title="bbox 1779 4938 3352 5011">
    <p class='ocr_par' dir='ltr' id='par_1_110' title="bbox 1779 4938 3352 5011">
     <span class='ocr_line' id='line_1_110' title="bbox 1779 4938 3352 5011; baseline -0.009 -10"><span class='ocrx_word' id='word_1_755' title='bbox 1779 4960 2013 5010; x_wconf 90' lang='lat' dir='ltr'><strong>cessere,</strong></span> <span class='ocrx_word' id='word_1_756' title='bbox 2044 4957 2339 5011; x_wconf 89' lang='lat' dir='ltr'><strong>eorumque</strong></span> <span class='ocrx_word' id='word_1_757' title='bbox 2376 4940 2639 5010; x_wconf 89' lang='lat' dir='ltr'><strong>impietati</strong></span> <span class='ocrx_word' id='word_1_758' title='bbox 2693 4938 2888 4993; x_wconf 90' lang='lat' dir='ltr'><strong>bellum</strong></span> <span class='ocrx_word' id='word_1_759' title='bbox 2921 4938 3181 5001; x_wconf 86' lang='lat' dir='ltr'><strong>indixere,</strong></span> <span class='ocrx_word' id='word_1_760' title='bbox 3216 4949 3352 5004; x_wconf 59' lang='lat' dir='ltr'><strong>qua.</strong></span> 
     </span>
    </p>
   </div>
   <div class='ocr_carea' id='block_1_111' title="bbox 1775 5026 3350 5095">
    <p class='ocr_par' dir='ltr' id='par_1_111' title="bbox 1775 5026 3350 5095">
     <span class='ocr_line' id='line_1_111' title="bbox 1775 5026 3350 5095; baseline -0.013 -4"><span class='ocrx_word' id='word_1_761' title='bbox 1775 5037 1853 5091; x_wconf 91' lang='lat' dir='ltr'><strong>les</strong></span> <span class='ocrx_word' id='word_1_762' title='bbox 1888 5036 1941 5088; x_wconf 91' lang='lat' dir='ltr'><strong>in</strong></span> <span class='ocrx_word' id='word_1_763' title='bbox 1988 5032 2220 5088; x_wconf 90' lang='lat' dir='ltr'><strong>concilio</strong></span> <span class='ocrx_word' id='word_1_764' title='bbox 2273 5027 2603 5085; x_wconf 87' lang='lat' dir='ltr'><strong>Seleuciensi</strong></span> <span class='ocrx_word' id='word_1_765' title='bbox 2646 5026 2882 5095; x_wconf 90' lang='lat' dir='ltr'><strong>quinque</strong></span> <span class='ocrx_word' id='word_1_766' title='bbox 2926 5036 3085 5091; x_wconf 88' lang='lat' dir='ltr'><strong>supra</strong></span> <span class='ocrx_word' id='word_1_767' title='bbox 3136 5031 3350 5075; x_wconf 90' lang='lat' dir='ltr'><strong>centum</strong></span> 
     </span>
    </p>
   </div>
   <div class='ocr_carea' id='block_1_112' title="bbox 1778 5112 3353 5187">
    <p class='ocr_par' dir='ltr' id='par_1_112' title="bbox 1778 5112 3353 5187">
     <span class='ocr_line' id='line_1_112' title="bbox 1778 5112 3353 5187; baseline -0.015 -6"><span class='ocrx_word' id='word_1_768' title='bbox 1778 5125 2045 5181; x_wconf 89' lang='lat' dir='ltr'><strong>numerati</strong></span> <span class='ocrx_word' id='word_1_769' title='bbox 2081 5133 2224 5178; x_wconf 90' lang='lat' dir='ltr'><strong>sunt.</strong></span> <span class='ocrx_word' id='word_1_770' title='bbox 2254 5122 2478 5176; x_wconf 75' lang='lat' dir='ltr'><strong>Videtur</strong></span> <span class='ocrx_word' id='word_1_771' title='bbox 2521 5134 2584 5173; x_wconf 84' lang='lat' dir='ltr'><strong>ex</strong></span> <span class='ocrx_word' id='word_1_772' title='bbox 2643 5116 2905 5187; x_wconf 89' lang='lat' dir='ltr'><strong>ejusmodi</strong></span> <span class='ocrx_word' id='word_1_773' title='bbox 2952 5112 3225 5169; x_wconf 90' lang='lat' dir='ltr'><strong>hominum</strong></span> <span class='ocrx_word' id='word_1_774' title='bbox 3254 5124 3353 5162; x_wconf 88' lang='lat' dir='ltr'><strong>nu-</strong></span> 
     </span>
    </p>
   </div>
   <div class='ocr_carea' id='block_1_113' title="bbox 1773 5198 3351 5271">
    <p class='ocr_par' dir='ltr' id='par_1_113' title="bbox 1773 5198 3351 5271">
     <span class='ocr_line' id='line_1_113' title="bbox 1773 5198 3351 5271; baseline -0.015 0"><span class='ocrx_word' id='word_1_775' title='bbox 1773 5231 1923 5271; x_wconf 88' lang='lat' dir='ltr'><strong>mero</strong></span> <span class='ocrx_word' id='word_1_776' title='bbox 1961 5213 2129 5269; x_wconf 87' lang='lat' dir='ltr'><strong>fuisse</strong></span> <span class='ocrx_word' id='word_1_777' title='bbox 2191 5210 2436 5265; x_wconf 90' lang='lat' dir='ltr'><strong>Dianius.</strong></span> <span class='ocrx_word' id='word_1_778' title='bbox 2487 5208 2647 5262; x_wconf 84' lang='lat' dir='ltr'><strong>Lenis</strong></span> <span class='ocrx_word' id='word_1_779' title='bbox 2697 5206 2840 5260; x_wconf 90' lang='lat' dir='ltr'><strong>illius</strong></span> <span class='ocrx_word' id='word_1_780' title='bbox 2893 5202 3129 5265; x_wconf 86' lang='lat' dir='ltr'><strong>indoles,</strong></span> <span class='ocrx_word' id='word_1_781' title='bbox 3177 5198 3351 5267; x_wconf 82' lang='lat' dir='ltr'><strong>qualis</strong></span> 
     </span>
    </p>
   </div>
   <div class='ocr_carea' id='block_1_114' title="bbox 1773 5284 3351 5375">
    <p class='ocr_par' dir='ltr' id='par_1_114' title="bbox 1773 5284 3351 5375">
     <span class='ocr_line' id='line_1_114' title="bbox 1773 5284 3351 5375; baseline -0.015 -13"><span class='ocrx_word' id='word_1_782' title='bbox 1773 5325 1802 5362; x_wconf 88' lang='lat' dir='ltr'><strong>a</strong></span> <span class='ocrx_word' id='word_1_783' title='bbox 1839 5308 2034 5361; x_wconf 91' lang='lat' dir='ltr'><strong>Basilio</strong></span> <span class='ocrx_word' id='word_1_784' title='bbox 2068 5305 2393 5375; x_wconf 88' lang='lat' dir='ltr'><strong>depingitur,</strong></span> <span class='ocrx_word' id='word_1_785' title='bbox 2424 5312 2483 5354; x_wconf 92' lang='lat' dir='ltr'><strong>ut</strong></span> <span class='ocrx_word' id='word_1_786' title='bbox 2519 5284 2738 5355; x_wconf 82' lang='lat' dir='ltr'><strong>omnino</strong></span> <span class='ocrx_word' id='word_1_787' title='bbox 2762 5298 2950 5352; x_wconf 86' lang='lat' dir='ltr'><strong>idonea</strong></span> <span class='ocrx_word' id='word_1_788' title='bbox 2976 5309 3079 5347; x_wconf 92' lang='lat' dir='ltr'><strong>non</strong></span> <span class='ocrx_word' id='word_1_789' title='bbox 3102 5301 3351 5356; x_wconf 66' lang='lat' dir='ltr'><strong>eratquai</strong></span> 
     </span>
    </p>
   </div>
   <div class='ocr_carea' id='block_1_115' title="bbox 1774 5379 3349 5460">
    <p class='ocr_par' dir='ltr' id='par_1_115' title="bbox 1774 5379 3349 5460">
     <span class='ocr_line' id='line_1_115' title="bbox 1774 5379 3349 5460; baseline -0.016 -5"><span class='ocrx_word' id='word_1_790' title='bbox 1774 5399 1989 5455; x_wconf 85' lang='lat' dir='ltr'><strong>Arianis</strong></span> <span class='ocrx_word' id='word_1_791' title='bbox 2021 5397 2234 5450; x_wconf 87' lang='lat' dir='ltr'><strong>fortiter</strong></span> <span class='ocrx_word' id='word_1_792' title='bbox 2260 5399 2564 5455; x_wconf 85' lang='lat' dir='ltr'><strong>resisteret,</strong></span> <span class='ocrx_word' id='word_1_793' title='bbox 2596 5392 2669 5445; x_wconf 91' lang='lat' dir='ltr'><strong>ita</strong></span> <span class='ocrx_word' id='word_1_794' title='bbox 2690 5404 2732 5443; x_wconf 71' lang='lat' dir='ltr'><strong>‘a</strong></span> <span class='ocrx_word' id='word_1_795' title='bbox 2778 5384 3137 5460; x_wconf 83' lang='lat' dir='ltr'><strong>perturbanda</strong></span> <span class='ocrx_word' id='word_1_796' title='bbox 3164 5379 3349 5434; x_wconf 72' lang='lat' dir='ltr'><strong>Eccle—</strong></span> 
     </span>
    </p>
   </div>
   <div class='ocr_carea' id='block_1_116' title="bbox 1776 5470 3351 5557">
    <p class='ocr_par' dir='ltr' id='par_1_116' title="bbox 1776 5470 3351 5557">
     <span class='ocr_line' id='line_1_116' title="bbox 1776 5470 3351 5557; baseline -0.015 -11"><span class='ocrx_word' id='word_1_797' title='bbox 1776 5493 1867 5547; x_wconf 84' lang='lat' dir='ltr'><strong>sia:</strong></span> <span class='ocrx_word' id='word_1_798' title='bbox 1900 5505 2011 5545; x_wconf 77' lang='lat' dir='ltr'><strong>sua:</strong></span> <span class='ocrx_word' id='word_1_799' title='bbox 2043 5503 2177 5557; x_wconf 88' lang='lat' dir='ltr'><strong>pace</strong></span> <span class='ocrx_word' id='word_1_800' title='bbox 2207 5496 2301 5539; x_wconf 90' lang='lat' dir='ltr'><strong>aut</strong></span> <span class='ocrx_word' id='word_1_801' title='bbox 2346 5484 2587 5539; x_wconf 87' lang='lat' dir='ltr'><strong>doctrina</strong></span> <span class='ocrx_word' id='word_1_802' title='bbox 2618 5479 2952 5536; x_wconf 85' lang='lat' dir='ltr'><strong>immutanda</strong></span> <span class='ocrx_word' id='word_1_803' title='bbox 2999 5485 3115 5531; x_wconf 87' lang='lat' dir='ltr'><strong>erat</strong></span> <span class='ocrx_word' id='word_1_804' title='bbox 3140 5470 3351 5527; x_wconf 81' lang='lat' dir='ltr'><strong>alienis-</strong></span> 
     </span>
    </p>
   </div>
   <div class='ocr_carea' id='block_1_117' title="bbox 1859 5618 2450 5693">
    <p class='ocr_par' dir='ltr' id='par_1_117' title="bbox 1859 5618 2450 5693">
     <span class='ocr_line' id='line_1_117' title="bbox 1859 5618 2450 5693; baseline -0.012 -17"><span class='ocrx_word' id='word_1_805' title='bbox 1859 5627 1938 5693; x_wconf 69' lang='grc' dir='ltr'><strong>(ιι)</strong></span> <span class='ocrx_word' id='word_1_806' title='bbox 1979 5620 2149 5693; x_wconf 77' lang='lat' dir='ltr'><strong>llila_r_.</strong></span> <span class='ocrx_word' id='word_1_807' title='bbox 2179 5619 2367 5689; x_wconf 75' lang='lat' dir='ltr'><strong>fragm.</strong></span> <span class='ocrx_word' id='word_1_808' title='bbox 2397 5618 2450 5670; x_wconf 77' lang='lat'><strong>2.</strong></span> 
     </span>
    </p>
   </div>
   <div class='ocr_carea' id='block_1_118' title="bbox 1859 5689 2166 5765">
    <p class='ocr_par' dir='ltr' id='par_1_118' title="bbox 1859 5689 2166 5765">
     <span class='ocr_line' id='line_1_118' title="bbox 1859 5689 2166 5765; baseline -0.01 -19"><span class='ocrx_word' id='word_1_809' title='bbox 1859 5689 1928 5765; x_wconf 65' lang='lat' dir='ltr'><strong>(ej</strong></span> <span class='ocrx_word' id='word_1_810' title='bbox 1963 5691 2055 5745; x_wconf 85' lang='lat' dir='ltr'><strong>0r.</strong></span> <span class='ocrx_word' id='word_1_811' title='bbox 2080 5689 2166 5744; x_wconf 73' lang='grc'><strong>19.</strong></span> 
     </span>
    </p>
   </div>
  </div>
