3820 6210
446 316 613 356 νιιιιν

1782 310 2317 367 ΡΒΟΕΕΕΟΜΕΝΑ.

442 435 604 475 arma.
636 419 900 475 Nicamam
950 422 1113 477 fidem
1148 424 1221 477 ab
1250 439 1315 480 eo
1361 426 1582 483 minime
1618 437 1931 486 attentatam
1963 434 2013 486 in
2044 439 2091 494 Α
2120 444 2267 498 cunt,
2289 449 2351 488 ac
2373 436 2638 504 episcopis
2660 435 2959 499 oll‘crunt,'a
2989 436 3184 506 quibus
3206 436 3402 506 partim
3430 437 3713 504 precibus,

448 511 683 564 Ecclesia
725 512 1037 569 Caesariensi
1086 516 1249 571 fuisse
1296 528 1557 573 testantur
1603 537 1722 589 qua:
1780 525 2013 580 moriens

443 598 643 654 Basilio
672 600 887 669 juravit.
933 604 1046 658 lluc
1090 609 1298 661 accedit
1348 610 1515 676 ipsius
1558 611 1739 666 Basilii
1770 616 2012 668 testimo-

444 694 591 746 nium
622 698 718 761 (a),
750 698 837 762 qni
867 697 1023 751 fidem
1052 698 1317 752 Niczenain
1342 702 1391 753 in
1420 702 1672 771 Ecclesia}
1692 705 2013 760 Caesariensi

442 800 656 854 semper
684 787 914 854 viguisse
950 801 1203 845 testatur:
1228 809 1324 846 nec
1358 794 1632 861 probabile
1663 807 1745 849 est
1765 797 2010 851 Dianium

446 892 635 929 novam
660 896 844 932 ausum
882 898 1002 936 esse
1031 883 1313 937 formulam
1357 901 1671 955 pr0p0nere.
1707 889 1837 942 Erat
1867 893 2010 945 enim

441 969 593 1036 plebs
629 968 995 1035 Caesariensis,
1021 985 1077 1026 ut
1099 978 1172 1028 ait
1204 975 1492 1044 Gregorius
1514 978 1884 1036 Nazianzenus
1913 982 2008 1052 (b),

438 1060 507 1111 ob
540 1059 660 1113 fidei
704 1061 936 1116 calorem
995 1066 1061 1119 ad
1113 1067 1427 1120 seditionem
1490 1072 1740 1137 proclivis
1776 1090 1789 1136 ;
1825 1090 1921 1128 nec
1964 1076 2009 1128 si

436 1152 563 1212 quid
594 1154 713 1205 novi
749 1156 1017 1209 docuisset
1048 1157 1286 1221 Dianins,
1330 1160 1470 1211 illius
1498 1164 1750 1215 memoria
1784 1175 1929 1217 lauto
1956 1166 2007 1219 in

438 1245 610 1309 pretio
636 1245 843 1312 fuisset,
885 1257 940 1300 ut
971 1248 1151 1301 odium
1182 1249 1375 1304 Basilio
1398 1250 1719 1307 conﬂatnros
1753 1272 1809 1308 se
1834 1257 2009 1309 inimi-

436 1337 486 1389 ci
526 1349 825 1404 sperarent,
879 1341 923 1393 si
964 1341 1209 1397 Dianium
1256 1345 1325 1399 ab
1383 1360 1446 1399 eo
1500 1348 2007 1403 anathematizatuin

437 1428 701 1487 dicerent.

512 1523 693 1592 Neque
732 1524 895 1578 etiam
922 1526 1049 1579 illud
1080 1526 1300 1581 dubium
1324 1538 1410 1582 est
1442 1531 1568 1597 quin
1602 1546 1658 1584 se
1690 1532 1756 1586 ab
1789 1532 2008 1589 Arianis

436 1616 785 1686 ilisjunxerit,
825 1619 913 1670 ubi
955 1632 1143 1671 eorum
1196 1628 1379 1687 aperte
1430 1622 1608 1689 erupit
1658 1621 1927 1691 impietas,
1955 1635 2009 1678 et

435 1721 558 1759 cum
589 1707 896 1761 fortissimis
939 1708 1058 1761 lidei
1101 1706 1475 1764 defensoribus
1522 1709 1897 1777 coniunxerit;
1930 1714 2005 1766 si-

2117 530 2308 594 pzirtim
2349 528 2395 578 vi
2428 537 2481 580 et
2504 528 2858 582 immoderato
2882 537 2937 582 et
2975 529 3321 582 tumultuario
3349 530 3558 597 impetu
3590 544 3713 580 con-

2115 618 2361 678 tendunt,
2394 628 2450 670 ut
2496 618 2785 671 Eusebium
2828 621 3100 685 baptizent
3130 631 3184 674 et
3221 622 3537 689 episcopum
3592 634 3715 688 pro-

2114 709 2365 762 clament.
2400 710 2583 763 Coacti
2621 711 2693 762 illi
2732 710 3016 762 Eusebium
3061 711 3360 779 baptizanl,
3385 712 3708 779 cpis‘COpum

2116 802 2446 863 renuntiant,
2489 801 2542 852 in
2595 804 2788 855 thr0no
2826 802 3114 866 collocant,
3160 802 3253 855 sed
3301 818 3466 853 manu
3526 803 3713 868 potius

2112 904 2271 955 quam
2320 889 2485 941 animi
2536 890 2835 952 sententia,
2873 900 2929 943 ut
2982 901 3166 957 postea
3208 891 3549 940 declaratum
3601 899 3709 939 est.

2114 976 2307 1031 Statim
2352 979 2493 1031 enim
2526 988 2687 1047 atque
2717 980 3122 1047 abimportuna
3164 978 3511 1032 multitudine
3546 978 3713 1030 liberi

2112 1073 2166 1118 et
2198 1065 2296 1119 soli
2337 1066 2503 1133 fuere,
2554 1067 2836 1120 consilium
2882 1068 3020 1120 inter
3053 1081 3113 1121 se
3156 1066 3428 1129 inierunt,
3474 1076 3537 1118 ut
3573 1064 3713 1117 nihil

2112 1171 2297 1212 eorum
2338 1175 2456 1227 quae
2502 1170 2651 1228 gesta
2688 1160 2923 1223 fuerant,
2955 1170 3129 1212 ratqu
3179 1175 3242 1212 ac
3281 1159 3501 1211 firmum
3533 1157 3710 1211 duce-

2114 1261 2261 1314 rent;
2301 1251 2406 1301 vim
2437 1250 2483 1303 ei
2528 1251 2864 1319 objicientes,
2890 1253 2981 1318 qui
3014 1266 3119 1303 non
3180 1252 3359 1303 minus
3399 1265 3568 1316 quam
3600 1249 3711 1317 ipsi

2110 1341 2215 1392 vim
2249 1356 2436 1406 passus
2470 1342 2661 1393 fuerat.
2709 1340 2968 1396 Dissensit
3010 1342 3135 1394 huic
3178 1341 3406 1394 consilio
3436 1339 3712 1393 Nazianzi

2110 1430 2414 1497 cpiscopus,
2438 1445 2501 1485 ac
2543 1431 2936 1485 ordinationem
2970 1430 3186 1485 Eusebii
3221 1446 3325 1484 non
3369 1432 3555 1484 minus
3594 1430 3713 1483 lor-

2112 1520 2235 1572 titer
2262 1520 2515 1585 defendit,
2556 1536 2716 1589 quam
2766 1524 2810 1577 si
2847 1524 3015 1576 libere
3065 1523 3206 1575 facta
3242 1530 3409 1577 esset.
3460 1520 3710 1574 Demon-

2108 1610 2300 1663 stravit
2325 1610 2545 1681 collegis
2590 1613 2698 1666 vim
2754 1613 2855 1666 sibi
2900 1626 3019 1665 cum
3075 1612 3306 1665 Eusebio
3347 1624 3707 1664 communem

2112 1704 2317 1759 fuisse:
2357 1698 2534 1772 itaque
2567 1713 2659 1756 aut
2698 1705 3058 1757 accusandum
3097 1718 3218 1756 eum
3262 1718 3369 1755 non
3421 1718 3569 1769 esse,
3607 1713 3710 1756 aut

435 1798 649 1866 quidem
682 1796 740 1853 S.
788 1798 984 1853 Meletii
1034 1800 1462 1854 communicator
1511 1805 1737 1867 exstitit,
1780 1815 1832 1857 et
1868 1820 2007 1873 prae--
2042 1778 2081 1831 Β
2112 1797 2391 1863 episcopos
2439 1797 2551 1864 Pari
2584 1795 2810 1848 crimine
2862 1794 3215 1861 ίιιψιίυίιηάοε
3250 1794 3334 1847 "91
3362 1796 3529 1849 ﬁliam
3566 1811 3707 1865 gra-

432 1888 563 1940 clari
589 1888 923 1950 certaminis,
953 1890 1093 1956 quod
1119 1904 1343 1959 magnus
1376 1889 1462 1943 ille
1490 1890 1689 1946 athleta
1724 1894 2002 1961 sustinuit,

430 1979 743 2046 admirator,
767 1988 826 2033 ut
846 1979 1023 2048 colligi
1048 1988 1221 2047 potest
1251 1996 1317 2033 ex
1353 1982 1435 2035 his
1462 1980 1642 2036 Basilii
1677 1985 1855 2043 verbis
1886 1984 1953 2056 (c)
1986 2004 2003 2042 ς

431 2069 544 2124 Nos
574 2080 767 2135 autem,
793 2072 986 2138 inquit,
1027 2087 1148 2139 quia
1192 2072 1281 2139 qui
1333 2073 1478 2140 prior
1531 2076 1802 2129 veritatem
1849 2078 2006 2132 libere

427 2161 682 2229 defendit,
714 2172 760 2214 et
788 2161 977 2213 bonum
1021 2162 1153 2215 illud
1183 2173 1443 2217 certamen
1494 2166 1802 2221 Constantio
1843 2171 2003 2237 impe-

429 2263 576 2307 rante
606 2254 841 2320 certavit,
861 2253 1101 2306 Meletius
1128 2264 1200 2306 est
1222 2257 1677 2310 reverendissimus
1699 2260 1965 2326 episcopus
1981 2276 2005 2325 ;

426 2356 476 2397 et
514 2350 637 2414 quia
676 2361 792 2399 eum
839 2346 1019 2398 habuit
1048 2344 1281 2400 Ecclesia
1322 2366 1436 2401 mea
1488 2351 2001 2417 communicatorem,

428 2451 738 2505 magnopere
785 2453 902 2489 eum
950 2438 1167 2505 diligens
1209 2439 1269 2491 ob
1316 2445 1501 2506 [artem
1554 2441 1705 2494 illam
1756 2458 1816 2494 ac
1871 2444 2003 2495 invi-

427 2536 565 2577 ctam
600 2527 1009 2588 dimicationem,
1038 2526 1234 2578 idcirco
1268 2528 1515 2581 habemus
1545 2528 1695 2581 illum
1729 2531 1998 2595 hactenus,

429 2618 538 2671 Deo
578 2619 851 2687 largiente,
877 2619 1389 2684 communicatorem,
1412 2630 1458 2673 et
1496 2630 1651 2687 certe,
1684 2622 1729 2674 si
1757 2620 1896 2674 Deus
1922 2637 2002 2675 vo-

427 2711 605 2775 luerit,
637 2711 964 2765 habebimus.

501 2804 727 2857 Videtur
767 2818 897 2871 ergo
928 2801 1147 2856 Dianius
1177 2816 1243 2856 ex
1273 2802 1518 2856 conciliis
1550 2802 1870 2856 Arianorum
1912 2817 2000 2856 re-

424 2910 613 2949 versus
648 2896 714 2947 ad
747 2893 1039 2947 Ecclesiam
1069 2908 1243 2960 suam,
1270 2893 1353 2947 vel
1386 2893 1687 2947 occultalsse
1722 2909 1839 2962 qua:
1868 2894 2000 2947 foris

423 2998 630 3055 egerat,
663 2985 747 3038 vel
778 3000 986 3037 morum
1017 2985 1252 3048 lenitate,
1288 3000 1350 3039 ac
1375 2985 1611 3053 ejusdem
1636 3000 1851 3054 semper
1875 2986 1996 3039 fidei

2112 1885 2264 1939 viori.
2312 1883 2493 1953 Longe
2549 1885 2693 1938 enim
2744 1885 2914 1938 satius
2962 1884 3129 1938 fuisse
3187 1896 3497 1940 extremum
3560 1889 3709 1956 peri-

2107 1978 2283 2031 eulum
2340 1979 2510 2041 adire,
2544 1978 2870 2032 ordinationi
2929 1977 3262 2043 resistendo,
3306 1994 3471 2048 quam
3525 1980 3708 2033 Semel

2106 2084 2380 2141 peraCtam
2431 2072 2712 2141 antiquare
2759 2072 2923 2137 velle,
2956 2072 3258 2141 prmsertim
3303 2087 3369 2125 eo
3426 2082 3706 2139 tempore.

2103 2177 2212 2231 quo
2237 2173 2445 2217 veteres
2475 2163 2770 2218 inimicitia:
2801 2165 3127 2234 deponenda:
3153 2172 3346 2229 erant;
3390 2180 3498 2217 non
3541 2180 3707 2217 nova:

2104 2253 2481 2321 suscipiendae.

2176 2339 2601 2410 Exspectabatur
2628 2344 2770 2397 enim
2808 2336 3072 2407 Julianus,
3120 2346 3212 2414 qui
3252 2354 3378 2399 tunc
3428 2345 3482 2397 in
3526 2343 3703 2397 Chri-

2104 2433 2307 2487 stianos
2352 2433 2611 2488 fremebat
2638 2452 2652 2490 :
2684 2436 3033 2490 minitabatur
3058 2439 3105 2492 ei
3144 2439 3233 2505 qui
3259 2439 3548 2491 ordinatus
3576 2437 3703 2489 fue-

2102 2533 2206 2587 rat,
2256 2538 2319 2577 ac
2363 2525 2414 2577 in
2460 2540 2729 2579 summum
2772 2529 3067 2594 periculum
3118 2529 3411 2582 devenerat
3466 2530 3700 2582 civitas.

2102 2602 2235 2665 Nam
2265 2615 2582 2680 iracundiae,
2634 2631 2792 2683 quam
2834 2616 3080 2672 Julianus
3123 2619 3175 2671 in
3206 2618 3578 2672 Caesarienses
3622 2622 3700 2673 ob

2101 2704 2377 2759 incensum
2401 2706 2651 2761 Fortuna:
2687 2707 2938 2775 templum
2970 2718 3316 2778 conceperat,
3343 2725 3511 2763 novas
3541 2711 3702 2764 faces

2102 2801 2342 2854 admovit
2371 2799 2530 2851 unius
2557 2813 2622 2852 ex
2652 2799 3053 2867 magistratibus
3082 2802 3375 2867 ordinatio,
3425 2818 3535 2870 qua
3574 2819 3698 2856 rem

2102 2892 2370 2960 publicam
2399 2890 2515 2943 laedi
2559 2889 2907 2957 querebatur.
2944 2884 3057 2958 Ipse
3101 2892 3264 2951 etiam
3306 2901 3509 2960 praeses
3539 2896 3701 2962 quer.-

2102 2984 2253 3036 rebat
2291 2981 2559 3051 quomodo
2602 2990 2656 3033 et
2704 2981 2933 3049 gratiam
2990 2987 3125 3049 apud
3170 2974 3451 3036 Julianum
3500 2986 3700 3050 iniret,

425 3077 807 3140 praedicatione
834 3074 1086 3128 invidiam
1132 3084 1187 3130 et
1218 3075 1637 3144 indignationem
1671 3077 1991 3131 declinasse.
2023 3112 2066 3170 Β
2098 3082 2151 3123 et
2183 3072 2472 3125 Eusebium
2520 3069 2904 3134 ulcisceretur,
2942 3072 3027 3125 cui
3078 3072 3286 3126 amicus
3329 3075 3535 3143 alioqui
3581 3091 3701 3129 non

423 3169 603 3235 Quare
626 3184 729 3222 non
768 3167 950 3222 debuit
985 3166 1213 3220 Basilius
1240 3169 1489 3235 episcopo
1519 3184 1615 3221 suo
1643 3168 1989 3236 exprobrare,

424 3272 545 3327 qua:
572 3272 629 3311 se
652 3272 820 3327 puero
853 3254 1175 3310 diﬁcillimis
1209 3258 1535 3324 temporibus
1566 3268 1716 3322 gesta
1760 3257 1990 3323 fuerant,

423 3364 522 3403 nec
545 3350 592 3403 ei
618 3350 823 3403 debitas
841 3348 1023 3401 laudes
1049 3349 1311 3413 denegare
1330 3388 1342 3409 ,
1370 3363 1499 3415 quas
1525 3348 1573 3400 ei
1603 3360 1793 3414 magna
1822 3348 1992 3401 virtu-

428 3450 539 3492 tum
580 3446 895 3491 ornamenta
942 3437 1179 3489 omnium
1213 3435 1413 3502 judicio
1438 3435 1796 3490 conciliabant
1830 3452 1991 3501 ;cum

421 3531 716 3598 prmsei'tiin
736 3530 961 3583 Basilius
978 3545 1098 3583 cum
1124 3529 1362 3597 pluribus
1386 3530 1632 3599 aliis,qui
1654 3546 1757 3587 non
1780 3546 1994 3600 semper

420 3624 489 3674 ab
520 3622 665 3674 omni
713 3622 1031 3674 Arianorum
1082 3618 1344 3673 fermento
1382 3621 1499 3689 puri
1538 3633 1593 3675 et
1640 3621 1826 3675 intacti
1878 3623 1996 3677 fue-

420 3722 562 3779 rant,
591 3722 649 3765 ut
700 3710 897 3767 Basilio
940 3712 1230 3778 Ancyrano
1268 3721 1321 3764 et
1350 3692 1629 3769 Eustatbio
1670 3715 1991 3779 Sebasteno,

419 3804 799 3857 communione
846 3812 901 3856 et
947 3802 1180 3856 amicitia
1231 3802 1547 3871 coniunctus
1598 3803 1783 3861 fuerit.
1829 3807 1994 3863 Forte

420 3894 609 3948 iisdem
650 3895 713 3948 de
755 3895 930 3948 causis
966 3893 1292 3948 Athanasius
1320 3910 1587 3964 nunquam
1618 3894 1863 3950 Dianium
1903 3898 1994 3950 in-

421 3996 504 4040 ter
553 3986 884 4041 Eusebianos
934 4002 999 4041 ac
1064 3988 1281 4044 hmresis
1331 3987 1636 4041 defensores
1691 3997 1988 4042 numerat:

416 4086 721 4147 quanquam
762 4091 881 4129 cum
908 4092 971 4131 eo
1016 4078 1235 4131 minime
1277 4078 1702 4131 communicabat
1746 4079 1989 4132 Athana-

415 4170 551 4224 sius.
600 4169 936 4222 Enumerans
975 4169 1120 4221 enim
1159 4170 1460 4236 provincias
1498 4170 1815 4236 quibuscum
1842 4162 2029 4225 cont-'

415 4260 749 4324 municabat,
782 4259 847 4312 de
884 4259 1217 4327 Cappadocia
1250 4274 1468 4326 prorsus
1495 4261 1615 4312 silet
1643 4259 1743 4331 (α).

482 4351 571 4404 ιν.
608 4350 815 4404 Μοι·ιιιο
861 4351 1047 4404 Dianio
1092 4349 1432 4412 Caesariensi,
1475 4366 1597 4404 cum
1643 4351 1986 4405 advenissent

414 4444 656 4497 nonnulli
698 4443 989 4510 provincia:
1018 4444 1255 4512 episcopi
1289 4452 1343 4494 ut
1366 4457 1733 4496 successorem
1765 4442 1985 4494 ordina-

416 4543 552 4601 rent,
590 4534 743 4588 scissi
802 4544 928 4586 sunt
956 4533 1314 4587 Catsarienses
1363 4533 1415 4584 in
1471 4531 1739 4585 contraria
1786 4532 1983 4595 studia,

413 4628 530 4680 aliis
544 4626 706 4678 alium
730 4624 1038 4692 episcopum
1064 4625 1405 4692 poscentibus
1426 4620 1516 4690 (e).
1537 4621 1835 4675 Vehemens
1868 4631 1986 4674 erat

412 4720 605 4773 seditio
638 4732 737 4770 nec
761 4716 916 4769 facile
949 4716 1125 4769 sedari
1152 4725 1379 4784 poterat.
1406 4714 1674 4779 Pmpensa
1704 4713 1845 4765 enim
1867 4722 1987 4765 erat

412 4808 604 4861 civitas
641 4808 706 4859 ad
730 4805 1041 4869 seditiones,
1076 4806 1127 4859 in
1171 4804 1522 4858 electionibus
1566 4804 1885 4870 praesertim,
1918 4803 1985 4856 ob

414 4897 535 4949 fidei
562 4896 824 4950 fervorem
850 4912 864 4947 :
894 4910 960 4949 ac
983 4896 1290 4963 praecellens
1332 4896 1599 4949 cathedra:
1635 4895 1869 4962 dignitas
1899 4909 1988 4948 ca-

412 4990 579 5041 lorem
602 4986 797 5041 animis
824 4987 1075 5040 addebat.
1097 4984 1332 5039 Tandem
1358 4986 1589 5038 universi
1618 5000 1825 5037 summo
1857 4999 1983 5037 con-

411 5093 575 5132 sensu
634 5094 795 5131 unum
830 5093 895 5131 es
934 5078 1357 5146 magistratibus,
1416 5077 1700 5129 Eusebium
1750 5077 1983 5139 nomine,

412 5169 584 5220 virum
618 5166 720 5220 [ide
754 5177 809 5220 et
836 5168 1073 5221 moribus
1100 5176 1465 5235 priestantem,
1502 5167 1726 5220 invitum
1765 5178 1819 5219 et
1847 5165 1986 5218 relu-

411 5268 647 5313 ctantem
675 5259 993 5326 corripiunt,
1024 5274 1085 5311 ac
1111 5260 1264 5325 opeih
1318 5257 1616 5311 ferentibus
1658 5255 1983 5309 militaribus

411 5351 602 5417 copiis,
629 5366 746 5420 qum
790 5363 916 5405 tunc
947 5351 999 5405 in
1029 5351 1159 5406 urbe
1188 5358 1361 5417 erant,
1394 5350 1442 5403 in
1484 5349 1779 5405 sacrarium
1811 5347 1977 5401 addu-

480 5574 557 5642 (α)
596 5573 692 5639 Ep.
729 5575 849 5638 tto,
880 5542 928 5630 ςιί
955 5577 1005 5631 2.

501 5644 551 5703 θ)
587 5648 676 5695 0r.
714 5646 796 5697 l9.

501 5645 551 5703 θ)
587 5648 676 5695 0r.
714 5646 796 5697 l9.

476 5645 552 5784 ξε)
588 5713 682 5782 Ep.
718 5714 843 5769 258.

2101 3174 2237 3225 erat,
2273 3164 2366 3217 sed
2409 3166 2478 3216 ob
2526 3163 2736 3216 diversa
2771 3163 2821 3215 in
2858 3158 2933 3215 rei
2955 3164 3183 3230 publicae
3209 3165 3702 3221 administratione

2104 3251 2276 3304 studia
2327 3252 2698 3304 succensebat.
2748 3245 3077 3304 Accersebat
3127 3269 3255 3322 ergo
3318 3271 3415 3322 per
3473 3255 3701 3310 litteras

2102 3344 2406 3411 episcOpos,
2450 3352 2509 3396 ut
2552 3338 2840 3397 Eusebium
2873 3347 3214 3408 accnsare‘nt,
3257 3347 3461 3401 additis
3519 3352 3701 3404 etiam

2103 3435 2264 3487 minis
2295 3445 2546 3503 tanquam
2577 3433 2726 3499 jussu
2770 3437 3129 3503 imperatoris.
3176 3437 3273 3491 Hic
3305 3453 3525 3508 quoque
3572 3444 3704 3495 oni:-

2101 3524 2199 3577 tuil
2252 3525 2485 3594 episcopi
2540 3526 2860 3579 Nazianzeni
2922 3544 3132 3581 summa
3177 3530 3341 3581 animi
3399 3530 3701 3587 fortitudo.

2103 3614 2194 3669 Sic
2222 3617 2363 3669 enim
2404 3617 2676 3684 respondit
2729 3617 2941 3685 praesidi
2993 3617 3059 3687 (Γ)
3109 3637 3119 3670 :
3168 3618 3305 3681 Nos,
3339 3621 3539 3689 inquit,
3574 3626 3706 3690 (po-

2101 3708 2386 3760 tentissime
2434 3706 2644 3776 prases)
2685 3724 2857 3760 rerum
2923 3711 3190 3773 omnium,
3246 3730 3363 3781 qua’
3404 3727 3702 3782 geruntur,

2098 3814 2360 3852 censorem
2398 3815 2558 3852 unum
2600 3817 2660 3851 ac
2716 3816 2886 3867 regem
2936 3800 3224 3870 habemus,
3282 3806 3371 3871 qui
3412 3822 3555 3857 nunc
3600 3822 3707 3875 op—

2096 3902 2377 3961 pugnatur.
2409 3891 2466 3944 Is
2493 3906 2538 3945 et
2559 3901 2863 3960 praesentem
2889 3891 3190 3946 electionem
3213 3897 3490 3963 expendet,
3525 3910 3703 3965 quant

2099 4000 2191 4036 nos
2214 3984 2307 4036 rite
2328 4000 2388 4036 ac
2417 3982 2844 4051 legitime,atque,
2862 3992 2915 4034 ut
2940 3986 3036 4050 ipsi
3060 3998 3268 4052 gratum
3291 3996 3365 4038 est
3394 4028 3407 4051 ,
3437 3987 3703 4054 fecimus.

2105 4066 2207 4128 Vos
2230 4086 2404 4127 autem
2424 4076 2529 4126 alia
2554 4075 2759 4143 quidem
2793 4074 2970 4143 aliqua
3002 4078 3057 4127 in
3090 4093 3144 4129 re
3184 4072 3364 4141 nobis,
3393 4081 3439 4131 si
3474 4082 3703 4134 animus

2096 4166 2171 4218 ita
2196 4167 2391 4231 tulerit,
2430 4167 2531 4217 vim
2575 4160 2761 4232 aﬂ‘erre
2805 4165 3059 4232 perfacile
3108 4171 3349 4232 potestis,
3396 4170 3453 4219 id
3507 4184 3702 4225 autem

2095 4274 2241 4311 nemo
2278 4273 2506 4326 unquam
2528 4258 2671 4308 nobis
2704 4258 2927 4322 adimet,
2953 4261 3156 4327 qninea
3176 4302 3189 4325 ,
3218 4278 3337 4329 qna'
3360 4263 3507 4329 {acta
3538 4279 3698 4330 sunt,

2094 4355 2148 4396 ut
2174 4357 2308 4397 recte
2351 4361 2413 4396 ac
2440 4345 2587 4411 juste
2624 4346 2763 4408 facta
2806 4346 3172 4412 defendamus.
3216 4349 3339 4401 Νἰδί
3386 4352 3527 4419 forte
3550 4355 3701 4408 hanc

2018 4463 2061 4517 D
2091 4452 2291 4505 quoque
2312 4435 2472 4504 legem
2509 4438 2773 4498 statuatis,
2807 4432 2992 4503 quibus
3043 4457 3106 4493 ne
3144 4443 3196 4494 in
3229 4455 3438 4495 nostras
3470 4448 3699 4514 quidem

2092 4544 2170 4579 res
2199 4528 2492 4593 prospicere
2512 4528 2595 4591 [as
2630 4536 2725 4577 est.
2761 4528 3052 4594 Epistulam
3084 4534 3386 4589 admiratus
3419 4548 3506 4589 est
3546 4555 3700 4607 pne-

2091 4634 2195 4680 ses,
2227 4619 2325 4671 etsi
2366 4618 2539 4685 primo
2578 4619 2801 4672 moleste
2849 4621 2970 4674 lnlit
3016 4640 3030 4675 :
3066 4637 3227 4693 atque
3276 4630 3376 4680 hac
3430 4629 3697 4698 Gregorii

2091 4709 2388 4761 constantia
2452 4700 2649 4761 Juliani
2720 4710 2953 4778 impetus
3027 4730 3419 4784 compressus,
3491 4724 3699 4780 civitas

2093 4809 2236 4851 metu
2266 4799 2510 4859 liberata,
2544 4802 2779 4868 episcopi
2810 4802 3075 4857 dedecore
3101 4816 3154 4859 et
3186 4809 3512 4872 ignominia.

2162 4886 2291 4942 Cum
2342 4890 2456 4943 huic
2503 4891 2770 4944 ordinatio
2803 4906 3020 4961 peracta
3070 4899 3141 4950 sit
3192 4900 3432 4957 instante
3482 4903 3695 4962 Juliaui

2089 4980 2341 5044 adventu,
2369 4992 2426 5034 ut
2459 4991 2685 5036 testatur
2728 4983 3041 5052 Gregorius,
3074 4990 3289 5044 videtur
3322 4996 3391 5047 ad
3435 5014 3695 5054 mensem

2087 5062 2302 5122 Jnnium
2334 5069 2645 5125 autJnlium
2691 5074 3025 5133 collocanda.
3075 5080 3365 5141 Profectus
3400 5099 3491 5143 est
3534 5094 3693 5147 enim

2087 5161 2549 5231 ConstantinOpoli
2594 5163 2838 5220 Julianus
2891 5184 3077 5222 mense
3114 5172 3587 5246 Maio,excunte,
3636 5197 3697 5239 et

2088 5268 2211 5306 cum
2250 5252 2299 5305 in
2336 5255 2637 5323 regionibus
2669 5258 2967 5325 interjectis
3013 5263 3327 5332 aliquandiu
3364 5286 3691 5329 commora-

2089 5338 2382 5411 tusgfnerit
2439 5344 2658 5415 (ubique
2710 5348 2852 5403 enim
2907 5351 3202 5422 impietatis
3276 5377 3391 5416 suae
3444 5370 3695 5435 vestigia

2160 5568 2235 5634 (d)
2282 5568 2415 5621 Hist.
2451 5569 2633 5621 Arian.

2182 5640 2228 5703 ε)
2273 5637 2398 5694 ltVaz.
2429 5654 2509 5694 ον.
2545 5639 2631 5692 19.

2182 5640 2228 5703 ε)
2273 5639 2388 5692 Νίιῑ.

2158 5639 2226 5775 Et)
2258 5706 2388 5761 Ibid.
