3820 6210
1461 306 1629 369 ’ῩΙΤΛ
1669 313 1728 372 S.
1764 315 2033 373 BASILH.

3231 334 3374 378 XXXV

174 433 406 505 reliquit),
436 431 517 486 vix
545 431 714 502 potuit
741 439 866 486 ante
883 428 1086 488 Julium
1115 442 1208 488 aut
1229 433 1528 505 Augustum
1575 437 1694 492 Caz-
1723 443 1772 499 Α
1799 438 1909 493 Sed
1955 436 2152 492 Juliani
2183 435 2382 492 dictum
2429 436 2583 494 deest
2633 438 2689 492 in
2743 438 3020 510 plerisque
3075 439 3376 508 codicibus,

177 543 352 583 saream
374 524 635 579 advenire.

236 616 287 670 ν.
324 615 446 668 Dum
491 624 667 668 autem
701 613 821 667 urbi
863 615 1206 685 propinquat,
1244 615 1290 671 si
1326 616 1468 672 illius
1499 621 1566 674 ad
1592 620 1696 676 Ba-

167 708 323 760 silium
361 703 585 774 epistolas
613 703 856 757 habenda
901 704 1064 770 fides,
1089 704 1334 774 praecipit
1367 705 1601 773 Basilio,
1639 717 1698 764 ut

167 799 255 852 sibi
288 797 561 851 Catsaream
603 794 912 848 advenienti
961 803 1017 848 et
1068 795 1244 850 adhuc
1286 797 1558 867 publicum
1594 801 1696 855 iter

173 886 363 950 tenenti,
387 893 573 954 praesto
598 884 708 938 sint
740 884 886 938 mille
913 885 1029 938 auri
1073 885 1223 938 libra:
1263 902 1280 940 :
1320 902 1478 942 secus
1519 889 1694 943 mina-

173 989 244 1031 tur
265 993 315 1032 se
343 977 625 1031 Caesaream
675 990 991 1030 eversurum
1025 1015 1040 1040 ,
1071 991 1133 1030 ac
1172 987 1378 1033 statuas
1417 987 1471 1033 et
1501 981 1696 1049 templa

169 1077 453 1122 erecturum.
477 1064 580 1118 Sed
609 1065 711 1118 hoc
747 1065 862 1132 ipso
887 1079 954 1117 ex
985 1064 1104 1119 loco
1139 1068 1544 1136 spuriamﬂesse
1583 1070 1697 1138 epi-

169 1160 328 1213 stolam
367 1158 700 1227 perspicitur.
747 1154 865 1210 Non
906 1157 1050 1210 enim
1096 1166 1222 1213 tunc
1274 1159 1535 1216 Caesareae
1579 1170 1697 1217 erat

168 1251 382 1314 Basilius,
435 1250 525 1304 sed
590 1249 796 1304 latebat
845 1251 901 1303 in
942 1250 1099 1304 Ponti
1143 1252 1454 1317 solitudine,
1497 1253 1696 1326 vixque

168 1351 348 1411 peracta
374 1351 482 1394 erat
514 1339 685 1410 ipsius
720 1340 935 1395 Eusebii
963 1342 1269 1407 ordinatio,
1297 1358 1418 1398 cum
1451 1342 1697 1400 Julianus

165 1434 303 1486 venit.
327 1433 456 1485 Idem
489 1441 726 1486 erratum
768 1433 1116 1486 commissum
1151 1443 1233 1487 est
1277 1432 1473 1496 in;Vila
1504 1434 1565 1490 S.
1589 1435 1696 1489 Ba-

161 1526 273 1588 silii,
303 1540 409 1592 quae
433 1524 702 1592 supposita
728 1531 812 1578 est
836 1524 1233 1592 Amphilochio.
1266 1523 1341 1578 lbi
1371 1526 1513 1579 enim
1540 1527 1695 1582 Basi-

167 1617 250 1671 lius
279 1615 472 1671 Juliano
499 1615 718 1669 obviam
746 1615 1081 1684 processisse
1109 1615 1326 1682 dicitur,
1353 1627 1407 1670 et
1435 1616 1695 1674 Libanius

164 1709 328 1762 Juliani
366 1717 591 1776 quastor
632 1707 848 1776 genibus
900 1707 1188 1776 pontiﬁcis,
1232 1714 1437 1777 'nempe
1485 1708 1690 1779 Basilii,

1799 529 1983 584 Basilii
2015 543 2144 584 vero
2189 530 2244 584 in
2293 529 2545 585 omnibus
2595 540 2791 600 praeter
2829 531 3196 590 Harlzeauum.
3227 533 3377 588 Prae-

1799 631 1947 676 terea
1976 637 2099 676 cum
2132 631 2242 676 tota
2281 622 2506 690 epistola
2553 623 2666 676 haec
2703 632 2810 676 tam
2852 639 3046 692 parum
3081 625 3375 692 cobzerent,

1799 724 1858 766 ut
1897 722 2078 767 assuta
2103 727 2224 767 esse
2257 713 2451 768 merito
2478 714 2790 782 pronuntiet
2814 714 3073 784 Dupinus.

1869 795 1958 850 Vl.
2002 797 2104 851 Vix
2153 797 2318 850 ullam
2373 798 2646 852 civitatem
2698 799 2852 868 pejus
2901 802 3090 853 oderat
3129 799 3378 856 Julianus

1797 901 1958 955 quam
2001 887 2337 950 Ctesaream,
2379 902 2446 943 eo
2480 893 2623 958 quod
2659 891 2853 946 studiis
2899 893 3221 948 Christiana:
3250 894 3380 949 relic

1797 976 1971 1047 gionis
2015 977 2265 1042 ferveret,
2314 993 2379 1032 ac
2427 980 2783 1044 paucissimos
2823 982 3050 1037 haberet
3101 985 3373 1040 ethnicos.

1797 1069 2064 1122 Praeterea
2108 1084 2176 1123 ex
2221 1069 2393 1124 tribus
2431 1070 2678 1138 templis,
2715 1088 2835 1141 quae
2867 1073 2917 1127 in
2950 1075 3065 1129 hac-
3088 1077 3223 1130 urbe
3261 1075 3379 1132 fue-

1796 1161 1937 1218 rant,
1963 1152 2074 1219 jam
2115 1153 2220 1206 duo
2252 1162 2406 1207 antea
2457 1170 2484 1207 a
2533 1154 2858 1210 Christianis
2900 1172 3088 1212 eversa
3135 1159 3375 1225 fuerant,

1795 1257 1986 1311 nempe
2030 1241 2178 1298 Jovis
2226 1253 2279 1298 et
2317 1244 2598 1313 Apollinis.
2643 1243 2918 1314 Tertium,
2955 1250 3098 1317 quod
3127 1251 3378 1306 Fortuna:

1795 1334 2076 1388 dicebatur
2097 1375 2112 1399 ,
2142 1336 2239 1389 sub
2269 1337 2380 1405 ipso
2401 1334 2612 1392 Juliano
2643 1354 2889 1394 eversum
2911 1381 2925 1406 ,
2957 1341 3112 1398 furiis
3140 1359 3262 1398 eum
3291 1345 3374 1400 in-

1809 1427 2008 1482 cendit.
2042 1427 2322 1491 Quomodo
2352 1441 2542 1496 poenas
2570 1445 2597 1482 a
2628 1428 3054 1487 Caesariensibus
3083 1437 3376 1504 repetierit,

1796 1514 1896 1583 legi
1941 1524 2121 1585 potest
2165 1520 2304 1586 apud
2357 1518 2636 1574 Socratem
2679 1521 2770 1575 lib.
2812 1537 2865 1587 v,
2911 1539 2964 1578 c.
3009 1523 3376 1581 4.1racundia

1795 1609 2060 1678 praecipue
2089 1613 2288 1664 exarsit
2319 1612 2370 1665 in
2401 1611 2458 1666 S.
2501 1613 2863 1683 Eupsychium
2888 1655 2904 1680 ,
2933 1616 3025 1684 qui
3059 1617 3217 1685 hujus
3247 1620 3377 1675 facti

1795 1699 1900 1754 dux
1928 1708 1984 1753 et
2014 1709 2203 1754 auctor
2241 1701 2411 1757 fuisse
2444 1703 2660 1759 dicitur.
2701 1705 2834 1759 Huic
2861 1707 3175 1774 adjuugitur
3211 1725 3241 1763 a
3267 1708 3376 1764 Ba-

165 1800 417 1850 udrolulus.
444 1795 551 1851 Nec
573 1797 882 1852 accuratior
901 1796 1261 1868 Nicephorus,
1289 1800 1380 1866 qui
1405 1797 1687 1866 Basiliam,
1720 1790 1764 1845 Β
1792 1791 1913 1847 silio
1937 1791 2012 1862 (ὁ)
2042 1801 2264 1848 sanctus
2302 1795 2497 1849 Damas
2522 1805 2578 1849 et
2603 1796 2730 1862 alii,
2753 1796 2845 1865 qui
2874 1798 3078 1867 egregii
3112 1799 3374 1856 facinoris

161 1891 339 1944 Juliano
365 1904 454 1959 per
477 1888 868 1958 Cappadociam
904 1899 1237 1954 transeunte,
1266 1889 1529 1945 Ecclesias
1555 1891 1695 1962 Cap-

163 1981 365 2051 padociae
399 1979 596 2034 rexisse
639 1979 800 2042 dicit,
837 1979 944 2032 τῶν
986 1982 1044 2033 ὲν
1089 1981 1456 2054 Καππαδοκίᾳ
1495 1983 1695 2055 ἐκκλη-

160 2073 268 2126 σιιῖιν
293 2072 523 2142 τηνικάδε
567 2069 666 2140 τὴν
713 2071 1012 2144 ἐπιτροπὴν
1042 2071 1277 2142 ἔχοντος.
1319 2074 1544 2130 Frustra
1592 2073 1695 2129 Pa-

159 2166 256 2232 gius
279 2165 382 2218 hmc
416 2173 632 2218 revocat
667 2163 733 2216 ad
780 2164 1157 2218 auctoritatem
1181 2204 1197 2229 ,
1233 2179 1400 2234 quam
1447 2167 1548 2220 sub
1586 2165 1696 2220 Eu-

159 2257 283 2309 sebio
306 2255 568 2326 presbyter
591 2255 826 2309 Basilius
855 2255 1126 2321 habebat,
1157 2271 1282 2310 nam
1312 2271 1382 2310 ne
1414 2258 1698 2328 presbyter

159 2349 340 2416 quidem
381 2359 504 2402 tunc
533 2357 674 2403 erat.
712 2347 770 2402 In
818 2346 1077 2402 Chronico
1119 2347 1282 2402 etiam
1333 2347 1694 2402 Alexandrino

159 2441 354 2495 Basilius
397 2440 654 2496 Caesarem
693 2441 794 2495 sub
839 2438 1053 2494 Juliano
1085 2439 1377 2510 episcopus
1418 2439 1691 2494 statuitur.

158 2531 327 2584 Fucum
349 2547 472 2602 ergo
510 2532 642 2587 fecit
669 2531 908 2601 epistola:
944 2531 1259 2586 fabricatori
1297 2531 1413 2587 hac
1446 2531 1512 2588 de
1538 2529 1693 2587 Basi-

152 2623 200 2675 lii
224 2623 506 2692 episcopatu
531 2623 739 2692 opinio.

213 2715 258 2766 In
289 2716 504 2783 quodam
538 2715 747 2770 scholio
792 2713 1146 2770 vetustissimi
1189 2713 1393 2769 codicis
1429 2713 1690 2783 Medicaei,

156 2814 350 2872 utraque
395 2805 619 2874 epistola
648 2847 664 2871 ,
698 2803 899 2858 Juliani
947 2816 1001 2860 et
1029 2804 1251 2871 Basilii,
1284 2805 1417 2859 nihil
1466 2819 1694 2874 prorsus

158 2893 321 2949 habere
339 2895 547 2960 dicitur,
573 2897 721 2965 quod
734 2894 1008 2950 Julianum
1035 2898 1400 2953 autBasilium
1427 2899 1689 2955 redoleat.

155 2983 241 3039 Eas
263 2997 422 3041 tamen
449 3003 551 3042 non
577 2989 806 3043 omnino
831 2988 1007 3055 reiicit
1040 2989 1442 3058 Tillcmontius,
1477 2999 1532 3046 et
1558 3006 1692 3060 quo-

154 3079 301 3134 minus
333 3081 546 3134 omnino
579 3080 811 3148 rejiciat,
841 3081 1116 3136 detinetur
1153 3082 1496 3151 potissimum
1531 3084 1687 3138 testi-

154 3169 306 3223 monio
344 3170 649 3235 Sozomeni,
682 3172 768 3226 cui
823 3182 980 3227 notas
1024 3173 1144 3228 illas
1189 3173 1357 3229 fuisse
1399 3183 1570 3244 putat.
1619 3177 1690 3230 At

150 3262 359 3326 profecto
410 3263 651 3333 epistola:
693 3264 798 3318 illas
845 3281 950 3319 non
989 3267 1276 3321 exstabant
1321 3275 1560 3336 tempore
1586 3266 1690 3322 So-

152 3355 346 3408 zomeni.
381 3354 429 3408 Is
461 3357 606 3410 enim
642 3354 840 3409 Juliani
874 3357 1158 3426 epistolam
1196 3368 1587 3413 commemorat
1613 3359 1688 3428 (α)

151 3444 203 3494 ad
226 3446 484 3514 episcopos
519 3447 613 3515 qui
650 3455 776 3500 tunc
801 3449 1046 3502 maxime
1086 3447 1325 3518 insignes
1356 3457 1550 3514 erant,
1576 3450 1689 3511 τοῖς

149 3534 246 3585 τότε
261 3534 542 3608 διαπρέπον
553 3555 636 3590 σιν
658 3538 979 3602 ἐπισκόποις
998 3537 1332 3592 ἐπέστειλεν.
1355 3538 1486 3605 Quae
1508 3549 1687 3594 autem

148 3624 284 3679 hodie
306 3638 490 3692 exstat,
521 3629 624 3684 soli
654 3630 912 3695 inscripta
949 3629 1167 3694 Basilio,
1201 3645 1302 3685 nec
1331 3630 1494 3684 alium
1525 3645 1687 3698 quam

153 3715 371 3773 Basilium
403 3721 710 3790 compellat.
737 3721 939 3776 Deinde
963 3737 1094 3776 vero
1130 3721 1374 3776 Julianus
1406 3737 1494 3778 res
1529 3723 1688 3778 Chri-

151 3809 406 3865 stianorum
437 3809 993 3882 in-epistola,—quanr
1023 3821 1290 3867 memorat
1329 3809 1684 3880 Sozomenus,

151 3897 406 3968 irridebat,
449 3913 503 3956 et
549 3902 872 3971 Apollinarii
911 3903 1170 3958 adversus
1207 3903 1453 3959 ethnicos
1491 3903 1686 3958 librum

151 3993 436 4061 exagitabat.
467 3993 684 4048 Nullum
728 3993 889 4062 hujus
925 3996 1001 4048 rei
1040 3995 1324 4064 vestigium
1362 3994 1417 4047 in
1458 3993 1689 4062 epistola

147 4095 283 4148 quam
322 4100 460 4139 nunc
500 4087 789 4140 habemus.
827 4085 948 4153 ipsa
985 4085 1150 4139 etiam
1195 4086 1570 4154 episcoporum
1602 4099 1689 4140 re-

150 4176 352 4243 sponsio,
379 4193 536 4247 quam
572 4177 772 4232 Basilio
796 4176 1132 4232 Sozomenus
1156 4193 1185 4230 a
1219 4178 1492 4232 nonnullis
1526 4177 1686 4232 tribui

149 4275 358 4335 testatur,
390 4271 603 4325 videtur
636 4284 772 4340 opus
811 4269 1029 4339 aliquod
1068 4269 1279 4339 insigne
1317 4269 1384 4324 ad
1431 4268 1688 4325 eruditio-

148 4371 248 4410 nem
291 4358 463 4415 fuisse.
509 4360 607 4415 Ait
661 4360 806 4416 enim
859 4361 1001 4415 idem
1049 4359 1318 4430 scriptor,
1379 4361 1688 4429 quicunque

1801 1885 2048 1940 videntur
2068 1885 2270 1939 conscii
2305 1886 2496 1943 fuisse.
2550 1885 2752 1940 Horum
2789 1887 2904 1942 dies
2938 1887 3109 1944 festus
3145 1903 3374 1959 quotan-

1797 1975 1881 2030 nis
1897 1974 2158 2030 Caesareae
2183 1976 2271 2032 die
2298 1977 2524 2044 septima
2551 1976 2887 2047 Septembris
2906 1994 3114 2034 summa
3146 1981 3376 2037 celebri-

1797 2075 1910 2120 tate
1937 2066 2294 2134 recolehatur,
2330 2077 2388 2122 ut
2419 2069 2652 2138 perspici
2686 2079 2864 2139 potest
2893 2085 2959 2124 ex
2989 2071 3228 2139 pluribus
3267 2072 3375 2127 Ba-

1795 2161 1904 2216 silii
1939 2162 2182 2232 epistolis
2222 2164 2294 2234 (ε)
2319 2203 2333 2228 ,
2357 2165 2409 2218 in
2446 2165 2642 2231 quibus
2674 2166 2956 2236 episcopos
2984 2166 3178 2233 Ponti,
3205 2168 3374 2226 Euse-

1795 2254 1941 2308 bium
1972 2255 2427 2321 Samosatensem,
2451 2257 2883 2327 Amphilochium
2903 2298 2918 2323 ,
2950 2260 3017 2313 ad
3039 2261 3184 2315 hunc
3207 2263 3373 2328 diem,

1794 2355 1854 2399 ut
1885 2335 2043 2417 longe
2081 2346 2495 2402 celeberrimum
2518 2387 2533 2413 ,
2566 2349 2778 2403 invitat.
2821 2348 2928 2405 Sed
2965 2351 3012 2406 si
3061 2365 3254 2420 passus
3290 2362 3375 2408 est

1795 2434 1854 2490 S.
1933 2437 2270 2508 Eupsychius
2335 2453 2522 2493 mense
2600 2437 2938 2507 Septembri,
3015 2454 3080 2495 ac
3147 2441 3374 2510 proinde

1793 2545 1936 2586 anno
1968 2531 2072 2586 562
2098 2531 2232 2603 (non
2265 2531 2409 2586 enim
2446 2531 2585 2587 alius
2625 2547 2799 2588 annus
2834 2542 3148 2603 regnantem
3189 2535 3373 2590 habui;

1789 2620 2062 2677 Julianum
2093 2637 2277 2678 mense
2309 2621 2660 2694 Septembri),
2697 2625 2783 2679 vel
2817 2623 2894 2696 (ά)
2925 2623 3028 2678 alia
3060 2625 3204 2680 illius
3229 2641 3373 2680 mar-

1794 2715 1918 2785 tyrii
1935 2715 2258 2784 assignanda
2280 2729 2466 2780 causa,
2485 2715 2752 2785 siquidem
2770 2716 2881 2786 jam
2899 2731 3148 2772 eversum
3167 2725 3284 2772 erat
3301 2718 3370 2788 (e)

1794 2806 2082 2875 templum,
2109 2819 2233 2860 cum
2275 2803 2522 2860 Julianus
2558 2806 2856 2861 Caesaream
2903 2807 3084 2874 venit;
3121 2808 3205 2862 vel
3246 2823 3370 2864 eum

1790 2894 2036 2950 Julianus
2067 2895 2121 2949 in
2156 2909 2374 2950 carcere
2402 2910 2585 2963 usque.
2611 2895 2678 2950 ad
2705 2908 2947 2950 mensem
2991 2895 3370 2966 Septembrem

1791 2986 2020 3042 detineri
2055 2985 2259 3051 voluit,
2291 2995 2349 3040 ut
2380 3001 2570 3055 poenas
2603 2987 2718 3056 ejus
2764 2987 2978 3056 longius
3023 2992 3363 3057 produceret.

1791 3075 1956 3130 Error
1985 3083 2067 3130 est
2100 3076 2154 3129 in
2192 3074 2410 3130 Menaeis
2434 3075 2768 3131 Graecorum.
2801 3075 2936 3130 Nam
2981 3078 3068 3131 die
3106 3078 3138 3133 9
3164 3079 3367 3148 Aprilis

1791 3166 2051 3220 habemus
2091 3166 2286 3221 festum
2331 3168 2388 3221 S.
2439 3167 2730 3237 Eupsychii
2767 3168 2866 3222 sub
2903 3165 3119 3222 Juliano
3172 3171 3361 3238 passi:

1791 3257 1876 3312 die
1901 3267 2078 3311 autem
2123 3256 2155 3308 7
2202 3255 2534 3324 Septembris
2574 3256 2634 3311 S.
2673 3256 2964 3327 Eupsychii
3011 3256 3274 3313 Cmsarea:
3309 3259 3365 3312 iu

1789 3348 2123 3417 Cappadocia
2156 3348 2430 3418 martyris,
2472 3362 2631 3416 quem
2669 3349 2768 3401 sub
2799 3349 3040 3403 Adriano
3077 3348 3366 3403 collocant.

1788 3440 1974 3494 Fidem
2000 3441 2162 3494 etiam
2188 3455 2371 3495 coram
2413 3438 2628 3494 Juliano
2659 3439 2932 3495 liberrime
2975 3441 3258 3496 confessus
3287 3451 3371 3496 est

1789 3547 1855 3587 ac
1881 3533 2027 3585 varia
2053 3531 2571 3602 pertulitsupplicia,
2597 3541 2730 3586 teste
2749 3531 2989 3588 Palladio
3032 3533 3123 3603 (ι’),
3151 3533 3371 3604 presby-

1792 3634 1875 3678 ter
1895 3623 2253 3691 Philoromus,
2270 3623 2466 3678 Basilio
2485 3623 2864 3688 charissimus,
2885 3626 2974 3694 qui
2997 3626 3367 3682 describendis

1790 3714 1942 3769 libris
1971 3725 2026 3770 et
2049 3716 2246 3770 victum
2285 3715 2385 3769 sibi
2413 3726 2468 3768 et
2496 3715 2821 3783 pauperibus
2847 3716 3087 3772 subsidia
3113 3717 3361 3786 parabat,

1788 3822 2240 3877 necquemquatn
2279 3807 2382 3863 sibi
2409 3808 2704 3863 'munerari
2749 3809 3075 3877 patiebatur.
3111 3807 3168 3862 Si
3209 3807 3366 3862 nulla!

1787 3911 2002 3957 exstant
2051 3900 2251 3956 Juliani
2298 3902 2366 3955 ad
2405 3898 2662 3955 Basilium
2719 3900 2946 3967 litterae;
2993 3901 3121 3955 illud
3171 3901 3363 3954 saltem

1787 4002 2020 4058 constat,
2055 3993 2326 4046 infensum
2357 3994 2406 4048 ei
2435 3991 2601 4047 fuisse
2624 3992 2894 4048 Julianum
2923 3992 3018 4063 (g).
3052 3992 3184 4046 Nam
3212 3992 3364 4046 Basi-

1787 4083 1918 4138 lium
1944 4093 1998 4138 et
2029 4081 2349 4152 Gregorium
2391 4083 2602 4137 consilii
2639 4092 2694 4138 et
2726 4083 2943 4152 incmpti
2990 4083 3074 4136 sui
3107 4082 3365 4136 adversa-

1730 4174 1734 4178 ’
1787 4177 1899 4230 rios
1934 4185 1988 4230 et
2015 4177 2198 4230 hostes
2230 4176 2412 4230 dicere
2432 4174 2661 4240 solebat,
2686 4189 2785 4229 nec
2806 4174 2995 4229 leviter
3014 4173 3094 4228 eis
3118 4173 3363 4227 minaba-

1789 4275 1877 4321 tur
1907 4282 1922 4318 :
1951 4265 2044 4320 sed
2070 4265 2228 4318 minae
2257 4264 2420 4320 decus
2450 4263 2719 4318 addebant
2752 4272 2806 4317 et
2831 4263 2896 4316 ad
2927 4262 3179 4332 pietatem
3206 4275 3368 4314 acue-

1786 4360 1938 4411 bant.
1980 4355 2115 4410 Cum
2153 4364 2333 4409 autem
2377 4369 2471 4409 eos
2499 4363 2555 4408 et
2592 4354 2833 4408 moribus
2871 4361 2926 4406 et
2961 4351 3268 4421 eloquentia
3311 4359 3366 4404 et

146 4451 300 4514 aperis
339 4461 520 4507 auctor
558 4453 664 4519 sit,
695 4466 819 4507 eum
852 4453 922 4507 ob
950 4452 1117 4506 animi
1157 4451 1586 4522 magnitudinem
1628 4461 1684 4505 et
1711 4469 1761 4527 D
1786 4457 1972 4502 mutua
1994 4447 2134 4501 inter
2173 4459 2232 4500 se
2257 4446 2546 4500 concordia
2575 4445 2748 4500 claros
2783 4441 2895 4512 jam
2941 4442 3066 4496 inde
3091 4456 3122 4496 a
3153 4439 3362 4496 Crzecia

145 4540 459 4598 eruditionem
491 4545 851 4598 admiratione
891 4544 1112 4612 dignum
1141 4558 1283 4598 esse.
1311 4545 1382 4596 At
1412 4543 1683 4598 neminem

146 4641 250 4695 Puto
276 4632 326 4685 in
363 4634 584 4702 epistola
608 4674 625 4699 ,
655 4649 775 4704 qua:
809 4636 908 4688 sub
947 4633 1130 4689 Basilii
1159 4634 1378 4688 nomine
1422 4634 1488 4688 ad
1514 4631 1686 4688 Julia-

147 4736 249 4774 num
268 4725 456 4793 scripta
490 4736 762 4792 servatur,
790 4725 1151 4780 eruditionem
1197 4726 1536 4778 miraturum.
1577 4723 1681 4778 Le-

147 4819 311 4874 guntur
335 4815 543 4882 quidem
581 4818 636 4869 in
672 4815 875 4870 nostris
915 4815 1163 4884 epistolis
1196 4829 1316 4884 quae
1346 4812 1683 4870 Sozomenus

147 4915 200 4952 ex
230 4898 406 4959 Juliani
445 4915 498 4961 et
535 4905 917 4976 episcoporum
948 4905 1140 4960 litteris
1167 4906 1407 4974 excerpit
1435 4922 1450 4959 :
1489 4920 1682 4974 nempe

147 4989 250 5044 illud
271 4992 453 5049 Juliani
492 5014 506 5050 :
541 4997 611 5048 Ἀ
647 4995 703 5048 δὲ
733 4996 1006 5064 ἀνέγνων,
1041 4995 1212 5064 ἔγνων
1251 4994 1346 5048 καὶ
1376 4994 1675 5062 κατέγνων.

149 5085 256 5145 Quae
294 5096 456 5141 autem
493 5087 616 5158 legi,
661 5088 896 5141 intellexi
929 5097 977 5142 et
1019 5087 1405 5142 condemnavi:
1438 5095 1549 5140 tum
1581 5085 1686 5139 Ba-

150 5174 232 5226 silii
259 5180 519 5246 responsio
545 5199 559 5235 :
594 5180 631 5234 ἃ
673 5181 858 5251 μέντοι
878 5180 1120 5248 ἀνέγνως
1149 5180 1248 5233 οὐκ
1275 5179 1446 5248 ἔγνως
1463 5193 1477 5208 ο
1503 5179 1551 5230 el
1579 5177 1687 5248 γὰρ

151 5265 306 5334 imus,
332 5274 424 5325 οὐκ
443 5274 507 5328 ἂν
536 5275 834 5343 κατέγνως.
865 5274 996 5340 Qua:
1026 5284 1202 5328 autem
1229 5273 1424 5343 legisti,
1465 5288 1565 5325 non
1603 5272 1687 5323 in-

151 5357 384 5426 tellexisti;
409 5383 529 5419 nam
546 5368 592 5420 si
615 5366 978 5432 intellexisses,
1007 5383 1108 5419 non
1123 5381 1248 5419 sane
1265 5368 1684 5418 condemnasses.

208 5517 268 5581 in)
300 5516 408 5573 Lib.
434 5537 484 5581 v,
513 5538 562 5575 c.
599 5521 686 5578 l8.

206 5589 267 5649 (θ)
301 5590 387 5655 Ep.
420 5592 542 5646 252.

210 5663 269 5721 t'c)
305 5659 462 5725 Epist.
495 5664 614 5726 100,
640 5664 764 5727 176,
791 5661 917 5716 252.

205 5729 270 5792 (Α)
305 5728 618 5800 ΤιΙΙειιιυιιίη
646 5745 757 5789 not.
801 5734 861 5789 19
882 5736 934 5788 in
965 5729 1131 5789 Basil.

1785 4552 1906 4592 esse
1929 4538 2124 4600 sciret,
2172 4535 2425 4606 Cyclopis
2462 4537 2726 4592 honorem
2766 4535 2871 4590 illis
2911 4532 3221 4598 deferebat,
3265 4547 3362 4602 po-

1781 4640 2119 4698 stremosque
2169 4628 2485 4683 reservabat
2545 4646 2560 4684 :
2621 4626 2707 4681 vel
2756 4627 3091 4681 dazmonibus
3151 4639 3247 4680 eos
3306 4634 3365 4676 ut

1783 4735 2033 4791 magnum
2062 4719 2318 4788 quiddam
2347 4733 2542 4772 munus
2590 4717 2868 4772 immolare
2913 4715 3135 4780 volens,
3179 4713 3267 4770 vel
3304 4731 3366 4771 se

1783 4812 2137 4890 abrepturum
2164 4810 2216 4864 in
2248 4808 2562 4864 barathrum
2590 4823 2745 4863 suum
2772 4806 3202 4875 stultesperaus.

1855 4899 2192 4970 Vll.Scripti
2238 4899 2488 4954 videntur
2524 4899 2624 4954 sub
2672 4896 2886 4952 Juliano
2933 4897 3056 4951 libri
3105 4896 3362 4950 adversus

1785 4993 2145 5059 Eunomium,
2190 5007 2254 5046 ac
2293 5007 2402 5046 non
2431 4991 2600 5044 multo
2641 4999 2763 5060 post
2797 4988 2993 5043 Juliani
3034 4996 3263 5042 mortem
3305 4988 3358 5040 in

1785 5083 1958 5139 lucem
1981 5083 2129 5139 editi.
2159 5082 2275 5136 Non
2304 5083 2447 5136 enim
2474 5081 2634 5136 citius
2662 5081 2762 5134 hoc
2782 5094 2918 5149 opus
2941 5079 3161 5148 aggredi
3187 5079 3360 5146 potuit

1785 5175 2032 5231 Basilius.
2058 5174 2346 5244 Depositus
2373 5181 2456 5228 est
2479 5171 2775 5226 Eunomius
2814 5185 2954 5225 anno
2986 5170 3201 5224 circiter
3231 5168 3354 5222 561.

1784 5269 1978 5324 Coram
2013 5267 2317 5335 iudicibus,
2355 5267 2445 5335 qui
2479 5280 2602 5319 eum
2645 5263 3002 5328 damnavere,
3036 5277 3104 5316 ne
3136 5262 3358 5316 verbum

1786 5359 2000 5429 quidem
2032 5358 2278 5428 proloqui
2313 5357 2515 5422 voluit,
2546 5369 2610 5410 eo
2635 5354 2778 5424 quod
2804 5352 2998 5410 nefarii
3031 5353 3275 5409 homines
3307 5358 3359 5405 ct

1853 5514 1922 5585 (e)
1962 5513 2093 5567 Νη.
2122 5529 2206 5585 or.
2242 5513 2324 5566 19.

1964 5585 2104 5637 llist.
2141 5582 2301 5655 Laus.
2334 5602 2380 5637 (·.
2414 5582 2532 5638 H3.

1852 5654 1930 5726 (g)
1971 5655 2100 5708 Naz.
2141 5670 2224 5709 or.
2255 5654 2310 5707 4.
