3820 6210
433 326 468 382 ἰ
480 331 508 370 ι
517 334 542 371 Χ
555 328 601 372 VI

1784 312 2325 384 raOLEcoitsNA.

437 430 698 499 improbi,
726 430 789 485 ut
820 432 934 501 ipse
964 434 1140 486 aiebat
1167 434 1242 502 (τι)
1264 477 1278 500 ,
1314 434 1369 488 in
1397 426 1633 502 iudicum
1663 454 1858 493 munus
1897 455 2015 494 sese
2045 448 2090 500 Α
2122 457 2276 495 neam
2326 434 2535 496 dicendi
2581 444 2682 496 vim
2732 456 3103 513 accepturum.
3154 434 3267 500 Sed
3321 451 3505 502 nescio
3558 454 3715 508 unde

431 525 811 579 obtrusissent.
855 525 959 579 Sed
995 536 1182 593 postea
1220 526 1415 580 librum
1472 544 1626 582 suum
1684 533 2009 599 composuit,

431 634 591 683 quem
624 618 899 686 inscripsit
922 620 1254 689 Apologiam.
1290 620 1405 674 Non
1442 633 1620 677 tamen
1657 624 1793 677 hanc
1829 625 2016 679 elucu-

427 708 732 764 brationem
765 712 945 763 statim
985 712 1284 765 exsudavit.
1321 712 1454 766 Nam
1493 718 1828 781 perabsurde
1866 719 2016 771 illum

428 799 612 855 facere
652 802 729 854 ait
761 800 1038 872 Nyssenus
1074 803 1150 870 (ὁ)
1193 806 1335 871 quod
1363 806 1463 859 sibi
1519 806 1793 859 videretur
1824 810 2016 875 Apolo-

424 895 567 961 ‘giam
616 894 665 945 in
704 903 945 960 tempore
998 896 1299 949 instituisse
1323 937 1337 961 ,
1384 898 1634 965 quamvis
1671 898 1824 967 longe
1857 903 2017 954 alier-

429 992 608 1037 ‘rasset
653 998 679 1034 a
716 994 981 1050 tempore,
1011 986 1150 1051 quod
1200 997 1327 1038 tunc
1370 987 1605 1039 maﬁme
1651 1000 2014 1056 oppOrtunum

428 1076 553 1138 fuit,
584 1091 703 1129 cum
734 1074 947 1141 jndices
978 1079 1249 1130 Sedereut.
1297 1077 1519 1131 Ἑαυτὸν
1567 1064 1666 1149 μὲν
1705 1081 1846 1135 κατὰ
1889 1100 2013 1136 και-

428 1169 521 1239 ρὸν
543 1169 973 1239 ἀπολελογῆσθαι
1004 1170 1180 1239 λέγει,
1224 1171 1477 1224 τυσοῦτον
1505 1173 1598 1225 τοῦ
1638 1176 1827 1245 καιροῦ
1879 1194 2013 1229 κατ-

426 1262 549 1314 όπιν
584 1261 895 1332 γενόμενον.
928 1263 1000 1315 Ex
1042 1264 1124 1315 his
1164 1272 1311 1329 patet
1347 1265 1548 1331 aliquid
1574 1268 1727 1330 spatii
1752 1267 2010 1331 judicium

427 1352 567 1405 inter
595 1362 649 1405 et
680 1351 984 1420 Apologium
1013 1348 1322 1415 efﬂuxisse;
1353 1371 1452 1409 nec
1483 1358 1706 1425 proinde
1742 1358 2003 1416 Basiliam

425 1454 552 1498 ante
584 1457 782 1497 annum
824 1444 930 1499 362
958 1454 1049 1498 aut
1084 1446 1210 1509 565,
1259 1448 1459 1517 stylum
1498 1450 1565 1502 ad
1597 1464 1715 1503 eam
1760 1452 2011 1508 refellen-

426 1535 550 1589 dam
586 1536 889 1590 exacuisse.

497 1672 681 1742 Neque
716 1674 879 1728 etiam
922 1676 1099 1729 serius
1147 1676 1250 1730 hoc
1291 1687 1429 1746 Opus
1487 1679 1746 1735 collocari
1802 1693 2000 1750 p0test.

2123 534 2363 588 hauserit
2400 533 2622 588 Photius
2671 536 2809 589 hanc
2860 552 3073 605 quoque
3117 539 3346 606 primam
3385 543 3715 612 Apologiam

2119 626 2441 680 Ennominm
2498 627 2549 680 in
2585 629 2819 682 tenebris
2870 646 3068 684 arcano
3118 632 3339 693 fovisse,
3378 634 3448 686 ita
3484 645 3542 688 ut
3582 650 3714 689 eam

2119 719 2202 769 vix
2239 718 2475 772 nancisci
2510 722 2761 786 potuerit.
2790 719 2932 773 Nihil
2966 722 3226 787 ejusmodi
3260 728 3399 790 apud
3436 724 3708 781 Basiliuin

2120 807 2313 877 legitur
2354 824 2368 860 :
2406 808 2498 861 sed
2544 824 2669 862 suas
2705 812 2921 878 quidem
2964 811 3285 864 Eunomium
3332 815 3714 884 blaspitetltias

2117 903 2217 955 sub
2264 902 2512 970 specioso
2548 904 2818 969 Apologia:
2895 892 3111 957 nemine
3173 907 3473 961 occultasse
3526 911 3709 976 dicit;

2115 993 2288 1060 ipsam
2315 1004 2493 1047 autem
2530 994 2839 1060 Apologiam
2866 996 3084 1049 minime
3108 999 3232 1051 dicit
3261 1002 3586 1057 occultasse.
3724 1068 3730 1078 .

2188 1086 2398 1153 Scripta
2433 1096 2516 1140 est
2550 1088 2808 1141 adversus
2837 1087 3156 1141 Eunomium
3200 1094 3424 1159 epistola
3459 1095 3548 1159 16,
3578 1113 3711 1164 qua:

2118 1188 2295 1231 tamen
2336 1178 2549 1232 videtur
2576 1181 2836 1248 longioris
2868 1181 3295 1240 elucubrationis
3324 1186 3704 1256 fragmentum

2111 1273 2292 1339 potius
2314 1284 2455 1333 esse,
2486 1285 2645 1339 quam
2676 1272 2922 1341 epistola.

2185 1401 2397 1472 Scripta
2442 1404 2542 1458 sub
2586 1401 2802 1458 Juliano
2844 1406 3075 1475 epistola
3121 1422 3356 1476 sequens
3394 1410 3459 1463 ad
3497 1410 3705 1481 Orige-

2110 1506 2268 1555 nem,
2305 1493 2459 1562 cujus
2497 1494 2635 1547 lilios
2672 1494 2900 1548 Basilius
2936 1496 3168 1550 libenter
3195 1499 3245 1550 in
3270 1516 3369 1551 sua
3398 1501 3704 1556 solitudine

2110 1584 2340 1637 viderat.
2377 1585 2508 1638 Erat
2538 1585 2804 1655 Origenes
2848 1588 2938 1641 ille
2969 1590 3047 1640 vir
3076 1591 3341 1656 eruditus,
3381 1602 3433 1645 et
3468 1593 3700 1661 religio-

2111 1693 2232 1730 nem
2274 1679 2374 1731 sub
2406 1679 2571 1748 impio
2601 1681 2927 1749 imperatore
2970 1684 3187 1751 scriptis
3220 1685 3565 1751 defenderat,
3598 1698 3703 1741 aut

422 1766 678 1820 Aitenim
737 1764 964 1820 Basilius
1014 1768 1083 1837 (c)
1132 1784 1190 1821 se
1239 1769 1290 1823 in
1337 1770 1440 1825 hoc
1483 1774 1756 1827 scribendi
1808 1792 2006 1845 genere
2038 1786 2079 1844 Β
2112 1770 2301 1823 saltem
2333 1770 2607 1825 liberrime
2636 1772 2916 1827 confessus
2942 1774 3137 1827 fuerat.
3169 1776 3277 1829 Deo
3306 1777 3450 1830 enim
3480 1782 3700 1847 gratias

420 1858 642 1910 omnino
674 1858 1088 1911 inexercitatqu
1126 1873 1273 1923 esse,
1315 1876 1481 1930 seque
1517 1863 1817 1928 silentium,
1846 1869 2001 1936 cujus

420 1948 491 2000 ab
514 1947 667 2001 initio
699 1946 975 2001 studiosus
1005 1946 1144 2012 fuit,
1186 1962 1533 2005 servaturum
1564 1952 1767 2021 fuisse,
1794 1958 1838 2010 si
1874 1960 2004 2013 nihil

419 2049 609 2093 contra
644 2039 927 2093 veritatem
970 2038 1250 2108 Evangelii
1302 2052 1562 2098 tentatum
1599 2044 1811 2102 fuisset.
1855 2048 2002 2104 Prte-

418 2144 569 2188 terea
602 2134 706 2188 hoc
751 2149 888 2203 opus
920 2135 1067 2189 misit
1108 2134 1338 2190 Leontio
1388 2140 1645 2206 sophistae
1677 2157 1820 2196 anno
1870 2143 1997 2210 364,

420 2235 478 2277 ut
521 2224 706 2279 videre
752 2235 837 2279 est
888 2227 941 2279 in
977 2226 1207 2295 epistola
1238 2225 1331 2281 20.
1368 2226 1475 2282 Sed
1511 2231 1792 2287 dubitandi
1824 2234 2001 2289 locum

362 2352 363 2357 η
418 2330 524 2371 non
562 2316 779 2388 reliquit
818 2315 1119 2387 Nyssenus.
1156 2318 1206 2373 is
1248 2322 1392 2375 enim
1429 2333 1659 2378 testatur
1703 2325 1780 2395 (ά)
1823 2326 2003 2381 Ευηο-

416 2410 587 2464 mium
630 2411 683 2463 in
707 2409 1033 2466 elaborauda
1066 2412 1328 2467 adversus
1360 2414 1617 2469 Basiliam
1651 2420 2003 2487 responsione

417 2517 520 2564 non
539 2502 813 2555 minimam
830 2503 949 2557 vita:
982 2520 1092 2558 sum
1126 2516 1326 2574 partem
1366 2507 1751 2577 insumpsisse;
1790 2526 1885 2565 nec
1905 2512 2005 2565 mi-

415 2606 535 2647 rum
554 2608 694 2658 esse,
713 2595 757 2647 si
781 2603 919 2648 tanta
930 2610 979 2648 m
997 2608 1298 2651 amatorum
1318 2614 1536 2652 suorum
1558 2604 1999 2670 approbationem

414 2688 802 2751 commoverit;
835 2704 955 2750 cum
986 2689 1087 2743 hoc
1123 2705 1257 2757 opus
1296 2708 1388 2759 per
1425 2703 1499 2745 tot
1533 2710 1792 2747 annorum
1829 2695 1999 2766 olym-

412 2778 595 2846 piadas
619 2779 1048 2835 concinnaverit.
1079 2780 1261 2847 Quare
1303 2797 1424 2837 eum
1472 2787 1585 2838 hzec
1617 2788 1854 2841 secunda
1888 2788 1997 2842 Eu-

413 2870 580 2923 nomii
613 2869 872 2939 Apologia
897 2872 1075 2925 statim
1093 2882 1211 2941 post
1241 2885 1468 2927 mortem
1491 2876 1671 2929 Basilii
1704 2878 1989 2946 prodierit,

409 2960 506 3029 qui
576 2962 749 3031 prima
800 2964 885 3015 die
924 2964 1049 3017 anni
1094 2956 1199 3019 379
1253 2967 1426 3034 obiit;
1474 2968 1660 3022 saltem
1708 2970 1992 3024 duodecim

410 3067 676 3106 annorum
705 3054 939 3122 spatium
965 3054 1107 3109 inter
1127 3070 1263 3125 opus
1286 3056 1473 3111 Basilii
1501 3068 1555 3111 et
1583 3061 1993 3128 responsionem

412 3142 661 3196 Eunomii
700 3144 1079 3209 statuendum,
1119 3160 1185 3199 ne
1219 3155 1299 3201 tot
1348 3147 1685 3217 olympiades
1710 3191 1723 3213 ,
1770 3168 1903 3220 quas
1938 3153 1990 3207 in
2021 3138 2063 3194 (ἶ

412 3236 516 3289 hac
575 3234 983 3290 elucubratione
1046 3237 1397 3307 insumpsisse
1440 3240 1735 3296 Eunomius
1774 3244 1991 3311 dicitur,

411 3325 707 3379 absurdam
746 3328 1220 3395 exaggerationem
1275 3330 1477 3386 habere
1527 3333 1834 3389 videantur.
1903 3337 1996 3390 Vi-

409 3419 610 3467 dentur
640 3430 770 3484 ergo
808 3415 927 3470 libri
960 3419 1010 3470 in
1049 3418 1371 3474 Eunomium
1406 3425 1671 3493 prodiisse
1696 3442 1835 3481 anno
1862 3419 1988 3493 565,

408 3513 503 3557 aut
530 3504 654 3557 564.

482 3641 679 3695 [\arrat
710 3642 935 3698 Phutius
969 3644 1058 3715 (ε)
1087 3645 1430 3711 Eunomium,
1464 3651 1563 3703 etsi
1596 3653 1788 3707 multas
1819 3655 1988 3727 olym-

408 3734 596 3802 piades
631 3735 682 3788 in
709 3736 809 3788 hoc
852 3752 1016 3805 Opere
1046 3740 1363 3809 insumpsit,
1398 3744 1526 3796 illud
1566 3754 1743 3801 tamen
1773 3747 1991 3803 vivente

407 3822 608 3878 Basilio
635 3825 952 3892 absolvisse,
1002 3829 1094 3880 sed
1125 3829 1310 3881 sedulo
1357 3832 1572 3885 cavisse
1628 3848 1694 3886 ne
1738 3834 1791 3886 in
1842 3834 1988 3889 illius

408 3930 601 3967 manus
629 3916 956 3983 perveniret,
986 3932 1047 3972 ac
1077 3919 1195 3972 ﬁdis
1221 3929 1428 3974 tantum
1460 3924 1650 3978 amicis
1697 3924 1987 3993 legendum

405 4006 767 4060 commisisse.
800 4008 959 4061 Addit
984 4010 1199 4063 easdem
1230 4014 1507 4066 cautiones
1540 4023 1749 4068 mortuo
1790 4014 1989 4070 Basilio

405 4098 678 4152 adhibitas
713 4098 902 4164 fuisse,
939 4102 1187 4170 quamvis
1220 4103 1353 4157 nihil
1380 4105 1491 4173 jam
1524 4107 1871 4159 metuendmn
1903 4109 1987 4162 vi-

404 4190 658 4247 deretur:
683 4194 777 4246 sed
803 4204 977 4247 tamen
998 4204 1346 4249 consecutum
1373 4213 1477 4249 non
1503 4212 1622 4251 esse
1640 4199 1985 4264 Eunomium,

406 4293 464 4336 ut
490 4300 625 4354 opus
650 4300 755 4337 non
785 4285 1047 4340 incideret
1076 4287 1127 4339 in
1163 4302 1354 4342 manus
1389 4287 1696 4350 Theodori,
1735 4289 1985 4360 Gregorii

403 4373 630 4445 Nysseni
667 4386 719 4430 et
749 4376 1060 4444 Sophrouii,
1085 4378 1176 4447 qui
1196 4378 1323 4431 illud
1362 4382 1579 4449 egregie
1607 4380 1980 4452 proﬂigarunt.

407 4469 481 4520 lix
516 4468 599 4521 his
630 4477 775 4537 patet
806 4485 965 4538 quam
1009 4485 1112 4521 non
1163 4471 1426 4539 pudenter
1466 4473 1759 4525 mentiatur
1800 4473 1979 4526 Philo-
2013 4487 2058 4543 ι)

356 4546 361 4559 ’
401 4560 678 4628 storgins,
706 4573 825 4611 cmn
863 4558 1116 4612 Basilium
1163 4560 1238 4613 ait
1266 4559 1332 4631 (Ι)
1390 4560 1527 4616 lecto
1574 4562 1732 4631 huius
1761 4578 1983 4630 respon-

399 4652 569 4706 sionis
593 4653 767 4719 primo
795 4651 951 4717 libro,
976 4652 1279 4720 perculsqu
1305 4652 1491 4708 dolore
1509 4670 1539 4709 e
1563 4656 1670 4707 vita
1695 4656 1977 4724 migrasse.

402 4743 649 4795 Secunda
677 4740 765 4793 illa
799 4740 1046 4793 Eunomii
1080 4742 1335 4811 Apologia
1373 4745 1423 4797 in
1460 4755 1569 4797 tres
1606 4746 1771 4799 libros
1806 4748 1985 4800 distri-

402 4832 528 4885 buta
568 4842 716 4895 erat,
754 4833 797 4886 si
841 4832 1034 4886 Photio
1080 4834 1370 4889 credimus.
1421 4836 1672 4906 Quinque
1734 4851 1983 4893 mnnerat

401 4921 812 4991 Philostorgins.
869 4923 1049 4977 Prima
1089 4939 1215 4979 vero
1257 4926 1417 4980 unico
1449 4928 1630 4981 libello
1659 4933 1980 4983 contineba-

402 5024 507 5066 tur.
546 5012 772 5067 \'idetur
812 5013 1045 5069 Basilius
1092 5018 1191 5070 hoc
1234 5032 1369 5086 opus
1413 5019 1803 5073 monachorum
1855 5038 1981 5074 suo-

400 5120 518 5158 rum
592 5117 786 5173 rogatu
857 5107 1210 5161 refellendum
1277 5111 1600 5178 suscepisse.
1674 5112 1765 5167 Ait
1829 5115 1973 5168 enim

396 5196 472 5263 (p.
501 5194 625 5259 207,
661 5196 786 5268 208)
821 5199 906 5263 iis,
943 5200 1137 5269 quibus
1163 5201 1620 5257 elucubrationem
1646 5219 1799 5259 suam
1841 5222 1977 5259 nun—

396 5299 575 5355 cnpal,
607 5303 664 5341 se
693 5305 881 5344 eormn
907 5307 1090 5346 amore
1118 5295 1307 5348 adduci
1336 5336 1350 5362 ,
1378 5308 1435 5349 ut
1473 5297 1711 5365 ipsorum
1747 5301 1979 5352 manda-

394 5378 465 5429 tis
498 5394 697 5431 morcm
724 5389 906 5447 gerat;
938 5396 1104 5452 seque
1133 5399 1318 5439 eorum
1348 5388 1613 5456 'precibus
1644 5401 1829 5460 sperat
1855 5392 1970 5446 ido-

464 5652 541 5717 (a)
585 5650 743 5721 Nyss.
782 5670 795 5709 ι
833 5653 1056 5712 Εωιοηι.

463 5725 537 5789 (ὁ)
580 5724 704 5773 Ibttl.
801 5764 809 5788 ι

461 5795 533 5862 (ι’)
575 5807 592 5846 ι
627 5790 851 5848 Eunom.
879 5813 933 5851 u.
964 5798 1014 5853 1.

2105 1865 2217 1931 agit
2256 1862 2506 1930 Basilius,
2557 1866 2700 1934 quod
2754 1867 3036 1921 veritatem
3077 1883 3144 1921 ex
3182 1884 3369 1923 eorum
3406 1873 3495 1939 qui
3537 1888 3700 1926 sum-

2107 1970 2247 2007 mam
2288 1965 2607 2024 potestatem
2644 1957 2846 2012 habent
2885 1961 3189 2026 proditione
3224 1962 3341 2015 laedi
3389 1979 3491 2017 non
3536 1966 3693 2019 sive-

2103 2047 2206 2108 rit,
2234 2048 2325 2101 sed
2356 2060 2449 2116 per
2479 2046 2765 2117 Origenem
2812 2051 3183 2107 defensionem
3222 2058 3463 2110 veritatis
3500 2059 3694 2125 imple-

2103 2140 2263 2191 verit.
2296 2138 2410 2193 Non
2459 2141 2671 2196 dubitat
2705 2145 2833 2211 quin
2870 2145 2940 2197 illi
2978 2147 3087 2199 cito
3120 2160 3461 2213 exarescant,
3490 2150 3698 2220 Orige-

2104 2243 2201 2283 nes
2242 2244 2371 2284 vero
2416 2230 2838 2288 eﬂlorescentcm
2877 2251 2941 2289 ac
2988 2253 3202 2306 semper
3246 2255 3439 2293 novam
3475 2259 3699 2297 merceé

2103 2319 2223 2373 dem
2278 2336 2307 2372 a
2338 2322 2565 2376 Domino
2595 2339 2957 2394 consequatur
2989 2330 3058 2381 ob
3098 2344 3160 2381 ea
3205 2346 3322 2398 quae
3370 2348 3466 2399 pro
3514 2334 3698 2401 ipsius

2104 2414 2323 2466 nomine
2362 2413 2570 2468 locutus
2616 2427 2720 2471 est.
2772 2416 3061 2471 Existimat
3101 2414 3477 2478 Tillemontius
3524 2427 3579 2478 id
3617 2427 3697 2480 de

2101 2502 2342 2556 Ecclesia
2375 2507 2624 2559 meritum
2678 2523 2796 2562 esse
2825 2509 3109 2577 Origenent
3136 2554 3149 2577 ,
3180 2524 3239 2566 ut
3274 2530 3395 2567 cum
3435 2514 3695 2571 Julianus

2100 2593 2438 2650 Christianos
2480 2612 2511 2650 a
2555 2598 2866 2654 liberalibus
2915 2602 3217 2671 discmlinis
3269 2618 3510 2671 arceret,
3570 2612 3695 2676 ipse

2101 2688 2355 2743 nonnulla
2412 2689 2470 2744 in
2501 2705 2689 2747 eorum
2716 2708 2920 2765 “usum,
2960 2695 3144 2751 itidem
3186 2711 3245 2752 ut
3290 2701 3690 2769 Apollinarius,

2096 2777 2312 2833 elabora
2322 2790 2420 2836 ret.

2170 2919 2397 2975 Redolet
2432 2922 2570 2975 idem
2606 2931 2814 2993 tempus
2846 2926 3071 2995 epistola
3108 2927 3171 2981 18
3206 2930 3272 2982 ad
3304 2929 3601 2986 Macarium
3627 2942 3689 2987 et

2097 3009 2393 3076 Joannem,
2440 3028 2575 3084 quos
2602 3030 2723 3068 cum
2760 3018 2923 3070 multa
2966 3019 3306 3075 deterrerent
3346 3026 3411 3077 ab
3439 3028 3685 3080 ascetica

2099 3103 2204 3155 vita
2234 3102 2602 3171 amplectenda
2624 3146 2639 3171 ,
2669 3107 2916 3160 hortatur
2940 3107 3172 3164 Basilius
3207 3121 3264 3165 ut
3302 3128 3399 3166 nec
3423 3130 3519 3169 eos
3547 3132 3690 3170 con-'-

2096 3194 2273 3247 turbet
2299 3198 2531 3249 mendax
2556 3200 2879 3252 contumelia
2900 3238 2915 3263 ,
2968 3216 3068 3255 nec
3113 3202 3272 3257 minae
3309 3214 3549 3260 terreant
3581 3223 3686 3261 eo-

2093 3300 2233 3346 rum,
2272 3285 2364 3352 qui
2420 3300 2684 3340 summam
2732 3300 3059 3357 potestatem
3095 3292 3327 3360 habent,
3385 3311 3485 3351 nec
3534 3298 3687 3353 risus

2091 3376 2376 3429 contristet
2421 3389 2514 3432 aut
2564 3382 2891 3434 contumelia
2957 3382 3339 3450 familiarium,
3384 3403 3481 3443 nec
3544 3406 3682 3443 con-

2092 3470 2366 3524 demnatio
2408 3472 2474 3526 ab
2522 3472 2828 3527 hominibus
2870 3492 3052 3529 curam
3098 3488 3152 3530 et
3184 3482 3419 3533 studium
3464 3499 3577 3550 przn
3616 3500 3682 3539 se

2091 3561 2416 3627 ferentibus,
2467 3580 2495 3614 a
2547 3564 2743 3632 quibus
2812 3563 3107 3619 fortissima
3158 3569 3228 3622 ad
3293 3571 3679 3641 decipiendum

2090 3671 2215 3708 esca
2249 3658 2620 3724 praetenditur,
2654 3659 2903 3712 simulata
2933 3660 3257 3717 adhortatio.

2168 3792 2295 3847 Vlll.
2320 3794 2542 3848 Videtur
2564 3796 2664 3851 sub
2685 3795 2897 3852 Juliano
2918 3808 3138 3854 sanctus
3151 3799 3381 3857 Basilius
3399 3806 3681 3874 accepisse

2088 3885 2298 3940 litteras
2323 3902 2350 3938 a
2380 3887 2435 3941 S.
2464 3888 2796 3954 Athanasio;
2830 3904 2966 3959 quas
2995 3893 3047 3944 in
3086 3896 3338 3950 manibus
3371 3898 3570 3953 habere
3617 3916 3681 3955 Se

2094 3986 2152 4030 et
2197 3979 2612 4044 exposcentibus
2635 3982 2918 4035 ostendere
2946 3994 3173 4037 testatur
3202 3987 3252 4038 in
3280 3988 3503 4055 epistola
3535 3990 3676 4059 204,

2090 4084 2146 4121 n.
2178 4068 2230 4121 6.
2260 4071 2312 4121 In
2344 4071 2427 4123 his
2453 4072 2643 4126 litteris
2679 4085 2897 4127 sanctus
2920 4078 3249 4131 Athanasius
3268 4096 3296 4132 a
3322 4079 3519 4135 Basilio
3548 4099 3681 4137 cons

2088 4163 2262 4214 sultus
2277 4162 2421 4217 clare
2439 4166 2840 4231 pronuntiabat,
2860 4165 3050 4236 Siquis
3068 4186 3132 4223 er
3150 4174 3462 4225 Arianorum
3482 4175 3679 4229 Ιιιετρεὶ

2088 4255 2363 4323 transferri
2414 4257 2655 4324 voluerit,
2704 4261 2861 4328 ﬁdem
2912 4263 3184 4318 Nicwnam
3219 4269 3506 4336 conﬁtens,
3548 4291 3678 4327 eum

2090 4346 2473 4399 admittendum
2507 4365 2616 4400 esse
2640 4387 2654 4410 ,
2676 4365 2767 4402 nec
2803 4353 2857 4404 in
2894 4370 2951 4405 eo
2981 4356 3269 4421 recipiendo
3296 4361 3675 4420 lia'sitandum.

2091 4435 2259 4505 llujns
2283 4438 2486 4491 decreti
2520 4442 2696 4494 socios
2732 4442 2935 4499 citabat
2961 4446 3293 4505 Athanasius
3330 4462 3385 4505 et
3415 4452 3673 4513 Macedo-

2088 4528 2187 4581 niae
2220 4537 2273 4581 et
2300 4528 2518 4583 Achaia:
2546 4531 2830 4601 episcopos
2855 4548 3063 4590 omnes.

2154 4662 2264 4718 Cur
2295 4666 2392 4720 has
2418 4665 2629 4723 litteras
2668 4670 2733 4724 ad
2788 4674 2890 4726 hoc
2942 4682 3155 4742 tempus
3195 4677 3451 4741 referam.
3488 4683 3676 4751 potius

2085 4770 2245 4822 quam
2277 4756 2342 4808 ad
2372 4772 2571 4810 annum
2607 4761 2730 4826 37!,
2766 4778 2873 4816 non
2920 4764 3128 4817 infirma
3173 4780 3465 4836 suppetunt
3503 4774 3677 4827 ratio-

2086 4862 2209 4897 num
2232 4858 2521 4902 momenta.
2541 4850 2592 4901 l°
2607 4849 2741 4905 Cum
2769 4868 3011 4908 sanctum
3030 4859 3382 4913 Athanasium
3399 4864 3676 4919 consuluit

2083 4933 2310 4991 Basilius
2336 4954 2477 4993 anno
2504 4941 2629 5003 571,
2659 4942 2772 5011 jam
2805 4948 3005 5000 moveri
3043 4960 3288 5016 coeperat
3329 4954 3562 5019 quaestio
3606 4957 3675 5010 de

2082 5025 2287 5095 Spiritu
2322 5041 2542 5096 sancto,
2575 5050 2695 5101 quae
2723 5032 2979 5090 Basilium
3026 5039 3223 5108 aliquid
3269 5042 3391 5096 lidei
3436 5041 3674 5101 Nicaeum

2080 5117 2277 5170 addere
2305 5120 2497 5187 coegit.
2522 5123 2589 5175 At
2615 5124 2805 5178 littera:
2835 5128 2899 5179 de
2926 5128 3121 5194 quibus
3145 5147 3289 5185 nunc
3323 5135 3559 5201 agimus,
3588 5138 3674 5188 ni»

2079 5208 2153 5261 hil
2202 5224 2425 5276 prorsus
2476 5214 2778 5269 addendum
2811 5222 3234 5286 przescribebant
3269 5243 3280 5276 :
3315 5226 3461 5293 quod
3498 5244 3671 5298 argu-

2080 5310 2260 5354 mento
2291 5312 2375 5355 est
2408 5304 2539 5356 nihil
2569 5320 2631 5359 ea
2661 5308 2727 5360 de
2758 5324 2815 5362 re
2843 5311 3175 5367 sciscitatum
3222 5330 3343 5370 esse
3371 5317 3668 5385 Basilium,

2077 5393 2169 5445 sed
2210 5401 2415 5446 tantum
2462 5395 2525 5449 de
2556 5397 2621 5450 iis
2661 5400 2751 5467 qui
2792 5401 2858 5455 ab
2901 5404 3222 5460 Arianorum
3278 5410 3469 5464 haeresi
3530 5410 3673 5466 redi-

2147 5666 2220 5728 (d)
2263 5667 2391 5722 Ihid.
2423 5668 2508 5721 8‘3.

2146 5736 2214 5806 (ε)
2255 5736 2361 5788 Cod
2372 5776 2384 5788 .
2420 5740 2539 5793 158.

2142 5809 2207 5889 (Ι)
2247 5806 2362 5890 ιώ..
2391 5824 2506 5889 illi,
2543 5828 2594 5863 ιι.
2632 5808 2715 5863 12,
