3820 6210
1461 290 1623 345 νιτΑ
1653 290 1714 345 S.
1752 291 2014 348 BASILH.

3160 319 3344 361 XXXVII

161 407 286 461 bant.
315 403 371 456 2ο
406 402 611 456 Citabat
655 403 986 458 Athanasius
1034 405 1199 475 hujus
1247 407 1451 463 decreti
1499 411 1677 464 socios
1705 408 2008 474 AJuliauo.
2059 410 2195 465 Erat
2250 411 2394 465 enim
2445 411 2577 468 illud
2630 422 2880 484 tempus,
2937 416 3038 472 etsi
3093 421 3346 476 omnibus

161 494 444 551 Macedoiiite
491 503 543 548 et
588 495 808 548 Achaia:
843 497 1130 565 episcopos
1163 513 1374 563 omnes,
1409 502 1499 568 qui
1535 499 1676 555 idem

159 584 320 654 procul
349 584 498 637 dubio
543 584 593 636 in
629 584 879 638 conciliis
926 585 1043 640 suis
1073 595 1400 642 statuerant.
1442 591 1510 643 At
1539 591 1678 644 nihil

157 691 344 746 prorsus
399 674 601 728 dicebat
658 676 722 727 de
775 675 1002 729 aliarum
1060 681 1324 746 gentium,
1377 696 1569 751 nempe
1621 685 1674 737 itt

153 766 298 820 Gallia
323 775 371 819 et
392 764 637 834 Hispania
672 775 726 835 et
743 767 966 835 ubique,
999 770 1287 840 episcopis,
1310 774 1506 841 quibus
1533 777 1675 830 idem

155 857 386 926 placuisse
420 866 641 910 testatur
675 858 727 910 itt
764 860 987 927 epistola
1019 863 1088 915 ad
1116 862 1502 918 Ruﬂinianum.
1539 866 1675 921 Num

154 949 292 1016 igitur
337 948 388 1001 S.
423 949 772 1002 Athanasium
811 950 1052 1006 dicemus
1103 963 1180 1006 tot
1227 956 1552 1024 synodorum
1584 961 1676 1012 de-

150 1051 275 1094 creta
327 1040 706 1106 imprudentem
765 1043 1040 1109 omisisse,
1104 1054 1198 1099 ant
1250 1047 1531 1113 Basiliam,
1582 1049 1676 1118 qui

152 1133 269 1185 illius
291 1133 555 1200 epistolam
599 1134 650 1186 in
687 1137 939 1190 manibus
973 1138 1301 1203 habebat,et
1333 1144 1673 1210 exposcenti-

152 1223 235 1276 bus
275 1222 463 1276 solebat
511 1229 820 1291 ostendere,
861 1229 987 1296 quid
1039 1231 1092 1283 in
1135 1245 1196 1284 ea
1227 1233 1491 1302 scriptum
1527 1243 1673 1289 esset

151 1314 437 1367 nescivisse?
469 1314 525 1369 l-J
573 1317 823 1384 profecto
865 1318 1166 1376 verisimile
1214 1337 1320 1377 non
1375 1325 1449 1379 lit.
1496 1319 1675 1391 Qua're

151 1405 280 1472 longe
317 1405 477 1460 satius
515 1417 600 1462 est
642 1410 928 1477 epistolam
981 1411 1041 1466 S.
1089 1415 1374 1470 Athanasii
1419 1421 1674 1488 scriptam

147 1495 330 1564 quidem
374 1507 490 1565 post
529 1500 770 1566 synodos
817 1499 872 1552 in
907 1499 1147 1572 {Egypto
1181 1513 1236 1560 et
1281 1505 1592 1562 Macedonia
1621 1517 1678 1562 ct

149 1589 318 1641 Achaia
351 1588 642 1645 celebratas
687 1592 1027 1661 existimare,
1070 1597 1166 1650 sed
1198 1608 1490 1666 antequam
1537 1615 1672 1655 con-

149 1680 249 1732 cilia
275 1681 446 1734 eadem
474 1681 540 1735 de
569 1697 627 1736 re
658 1683 711 1736 in
745 1683 1003 1754 Hispania
1032 1695 1090 1741 et
1114 1687 1287 1742 Gallia
1313 1702 1367 1745 et
1396 1691 1518 1747 aliis
1541 1692 1672 1748 locis

1781 499 2101 555 Christianis
2151 503 2456 567 molestum,
2515 505 2833 560 orthodoxis
2864 515 3043 562 tamen
3093 510 3160 565 ad
3221 512 3347 566 ﬁdei

1780 590 2095 656 catholicm,
2163 608 2322 662 quam
2382 595 2652 650 hazreticis
2712 595 3081 654 defensionem
3143 604 3348 657 erroris

1778 680 2135 735 commodius.
2171 681 2276 735 Sed
2312 691 2488 736 tamen
2521 699 2642 737 cum
2673 700 2768 738 sua
2799 697 2990 755 sponte
3032 705 3136 744 non
3181 707 3346 760 repu-

1778 777 1928 835 gnat,
1976 777 2035 822 nt
2084 768 2372 839 Gregorius
2425 772 2814 839 pacilicationis
2843 789 3006 834 causa
3043 778 3208 832 etiam
3238 782 3342 834 sub

1775 853 1987 909 Iuliano
2019 851 2260 912 formulae
2289 860 2446 914 alicui
2473 876 2576 915 non
2607 875 2749 916 sanae
2779 863 3197 935 subscripserit;
3233 878 3349 924 tum

1779 961 1907 1000 vero
1938 963 2062 1001 eum
2123 959 2249 1003 tunc
2282 951 2672 1019 subscripsisse
2712 953 2826 1008 haec
2863 958 3096 1012 maxime
3127 959 3348 1014 demon-

1777 1044 1915 1090 strat
1944 1037 2104 1104 ratio,
2145 1040 2288 1108 quod
2329 1045 2578 1098 monachi
2611 1043 2937 1098 Nazianzeni
2969 1048 3152 1102 statim
3183 1059 3348 1120 atque

1777 1127 2102 1196 subscripsit
2145 1131 2211 1183 ab
2258 1130 2372 1197 ejus
2419 1136 2798 1189 communione
2826 1137 3212 1206 discesserunt,
3245 1154 3350 1196 nee

1783 1225 1962 1271 tamen
1996 1228 2118 1272 ante
2159 1220 2284 1274 illud
2317 1224 2458 1292 quod
2496 1226 2601 1278 dixi
2639 1237 2851 1296 tempus
2882 1228 3269 1286 discesserunt.
3361 1245 3368 1258 ‘

1847 1305 2092 1361 Nondum
2133 1311 2379 1378 prol'ecto
2422 1314 2672 1368 monachi
2711 1313 3076 1370 discesserant
3113 1333 3144 1372 a
3191 1334 3343 1381 cam-

1778 1397 2030 1451 munione
2090 1399 2328 1469 episcopi
2393 1401 2746 1471 Nazianzeni,
2805 1423 2929 1462 cum
2982 1408 3275 1481 Gregorius
3312 1427 3345 1470 e

1775 1487 1948 1542 Ponto
1982 1491 2195 1544 rediens
2229 1507 2370 1546 anno
2404 1494 2509 1548 562
2541 1510 2807 1552 summam
2834 1489 3087 1556 Ecclesiae
3114 1501 3348 1559 Nazian-

1776 1593 1922 1634 zenae
1975 1583 2320 1636 concordiam
2375 1584 2620 1640 laudaret
2683 1589 2736 1642 in
2801 1593 3035 1646 secunda
3099 1594 3346 1649 oratione

1777 1670 1854 1740 (p.
1880 1670 1992 1728 48).
2025 1671 2237 1729 Recens
2266 1684 2384 1730 erat
2413 1679 2671 1734 tumultus
2698 1696 2818 1734 cum
2847 1684 3112 1741 scriberet
3140 1670 3346 1742 oratio-

148 1768 458 1835 haberemm’
499 1782 592 1826 an,
637 1751 1060 1831 sauem'habim
1095 1780 1482 1838 nuntiarentur
1505 1783 1676 1838 Alba,
1703 1751 1748 1806 Β
1775 1776 1899 1816 nem
1933 1763 2173 1832 tertiam,
2205 1779 2326 1834 quae
2361 1769 2535 1836 prima
2567 1780 2651 1825 est
2681 1771 2735 1824 itt
2765 1772 3058 1830 lulianum.
3095 1777 3170 1832 lbi
3200 1779 3348 1835 enim

147 1860 291 1914 nasio.
314 1861 367 1914 5°
386 1861 668 1920 Rationem
702 1867 879 1942 reddit
910 1867 1166 1937 Basilius,
1203 1886 1303 1927 cur
1329 1873 1674 1932 Eustathium

145 1952 199 2005 ad
235 1967 372 2005 suam
402 1957 838 2012 communionem
878 1961 1211 2017 admisisset.
1233 1963 1533 2038 Nonenim
1565 1969 1675 2024 dif-

145 2041 260 2096 ﬁcile
277 2042 708 2102 estEustatbium
737 2048 821 2103 his
835 2051 1017 2107 verbis
1044 2052 1316 2124 depictum
1338 2071 1672 2127 agnoscere:

145 2132 330 2202 Siquos
351 2136 656 2207 aliquando,
687 2140 867 2210 inquit
889 2142 1146 2212 Basilius,
1174 2148 1240 2201 ab
1265 2149 1394 2204 Ario
1420 2153 1674 2220 magistro

143 2225 364 2294 profectos
398 2228 456 2282 in
492 2236 912 2289 communionem
947 2222 1290 2306 admisimus,“
1315 2245 1554 2298 morbum
1589 2247 1674 2300 in-

143 2316 248 2369 timo
285 2321 429 2374 corde
481 2323 802 2380 occultantes
830 2335 878 2380 et
916 2329 1005 2397 pia
1055 2333 1212 2387 verba
1260 2333 1544 2404 loquentes,
1580 2346 1675 2391 aut

143 2418 255 2462 certe
286 2410 346 2464 iis
369 2427 483 2481 qua:
510 2430 542 2466 a
573 2416 721 2470 nobis
748 2417 1054 2475 dicebantur
1082 2439 1188 2477 non
1221 2431 1677 2496 repugnantes,ita

142 2501 428 2567 suscepimus
457 2519 476 2557 :
511 2519 634 2559 cum
685 2523 791 2562 non
840 2525 992 2565 omne
1044 2513 1110 2568 de
1163 2514 1356 2570 talibus
1402 2518 1674 2586 judicium

144 2589 264 2644 nobis
290 2592 406 2654 ipsis
427 2598 864 2667 permitteremus,
901 2604 992 2656 sed
1021 2609 1356 2672 sententiam,
1387 2625 1505 2678 qua:
1529 2612 1677 2678 prius

143 2679 233 2769 lata
266 2683 323 2736 de
349 2684 452 2739 illis
493 2687 670 2756 fuerat
717 2705 752 2743 a
787 2693 1026 2760 patribus
1071 2698 1287 2764 nostris,
1321 2715 1674 2769 sequeremur.

143 2766 237 2838 Ego
268 2774 393 2827 enim
431 2793 550 2832 cum
591 2782 903 2849 accepissem
939 2783 1145 2840 litteras
1179 2766 1466 2843 beatissimi
1508 2793 1676 2859 patris

143 2859 520 2922 Athanasii......
583 2883 731 2923 ratus
766 2888 967 2927 necesse
999 2891 1111 2930 esse
1143 2885 1351 2932 tantum
1380 2881 1554 2934 virum
1585 2898 1672 2935 se-

141 2950 214 3014 qui
239 2951 293 3002 ob
318 2968 488 3007 eorum
536 2959 628 3026 qui
673 2959 836 3029 legem
868 2963 1116 3030 tulerant,
1159 2971 1552 3035 auctoritatem,
1593 2975 1674 3028 si-

142 3041 316 3148 mulque
340 3047 548 3114 cupiens
578 3051 966 3118 paciﬁcationis
990 3059 1279 3114 mercedem
1305 3065 1571 3132 consequi,
1604 3065 1672 3133 ﬁ-
1699 3091 1742 3148 α

140 3129 236 3182 dem
268 3132 401 3188 illam
438 3138 749 3206 confitentes
776 3146 1098 3202 ascribebam
1128 3166 1347 3206 numero
1379 3158 1672 3210 communi-

139 3233 363 3279 caturum.
404 3227 759 3286 Adduxerunt
805 3249 936 3307 ergo
973 3239 1234 3297 Basilium
1266 3245 1551 3302 Athanasii
1586 3248 1675 3304 lit-

141 3319 264 3378 tere,
301 3325 356 3370 ut
401 3334 522 3375 cum
572 3324 858 3383 Eustathio
902 3333 1364 3402 communicaret;
1413 3345 1468 3393 et
1516 3348 1672 3396 ante-

138 3415 273 3468 quam
303 3406 397 3463 bas
443 3415 720 3483 acciperet
764 3419 994 3486 litteras,
1041 3422 1282 3480 incertus
1333 3437 1455 3482 erat
1489 3437 1672 3485 utrum

139 3493 369 3552 Eustathii
406 3507 848 3564 communionem
899 3523 1071 3566 necne
1103 3514 1439 3571 admitteret.
1489 3517 1544 3573 Id
1576 3534 1674 3574 au-

142 3595 226 3638 tem
253 3590 457 3649 minime
484 3599 741 3668 congruit
790 3615 934 3655 anno
961 3601 1088 3658 571.
1123 3604 1278 3660 Tunc
1310 3607 1454 3662 enim
1494 3610 1674 3666 nullas

141 3676 359 3749 habebat,
402 3696 495 3742 aut
535 3691 729 3746 saltem
779 3694 952 3750 nullas
1002 3696 1104 3751 sibi
1147 3698 1350 3756 habere
1382 3702 1674 3758 videbatur

140 3767 401 3859 ambigendi
430 3791 625 3832 causas
655 3797 668 3833 :
700 3789 754 3835 et
786 3796 906 3838 cum
940 3783 1100 3855 longe
1145 3796 1271 3843 ante
1314 3804 1514 3845 annum
1543 3793 1671 3859 571,

140 3855 269 3914 ﬁrma
299 3878 411 3918 cum
434 3866 722 3926 Eustathio
765 3877 1144 3932 communione
1171 3887 1226 3932 et
1271 3881 1506 3937 amicitia
1538 3899 1672 3939 con-

135 3946 317 4014 junctus
346 3970 520 4027 esset;
561 3980 907 4034 nequaquam
956 3982 1081 4023 eum
1131 3969 1328 4026 litterae
1377 3973 1483 4027 hoc
1530 3991 1674 4032 anno

141 4053 336 4132 accepta:
355 4050 418 4102 ad
443 4052 581 4108 hanc
606 4058 1040 4112 communionem
1066 4060 1334 4118 adducere
1358 4073 1670 4132 potuerunt.

140 4123 225 4181 Sed
256 4146 364 4188 cum
408 4137 742 4209 Eustathius,
771 4160 916 4201 anno
942 4123 1518 4220 560,‘subscripsisset
1561 4154 1673 4211 ior-

139 4219 269 4276 tnuhe
299 4225 931 4304 Constantinopolitanae,
987 4255 1050 4294 ac
1086 4239 1186 4294 sub
1219 4219 1432 4298 Iuliano
1473 4247 1674 4300 rediret

137 4325 188 4362 rs
219 4312 462 4374 Dardania
493 4323 572 4391 (in
603 4325 742 4380 hanc
771 4329 913 4382 enim
944 4331 1226 4401 regionem
1257 4333 1529 4403 relegatus
1558 4336 1674 4391 lue-

1773 1853 1854 1908 sic
1885 1853 2119 1924 loquitur
2145 1855 2225 1927 (p.
2267 1858 2354 1930 33)
2387 1880 2400 1912 :
2430 1860 2555 1914 Εἴθε
2599 1880 2689 1934 μοι
2736 1865 2828 1918 τοῦ
2873 1867 3032 1938 χοροῦ
3077 1870 3242 1942 μέρος
3277 1867 3346 1944 ἦν

1774 1945 1990 2000 κάκεῖνο
2031 1947 2091 2001 τὸ
2123 1948 2392 2021 σύστημα,
2419 1952 2447 2005 ὃ
2474 1955 2570 2008 σὺν
2595 1957 2723 2026 ἡμῖν
2755 1958 2894 2021 τέως
2918 1958 2995 2029 τῷ
3027 1961 3145 2033 Θεῷ
3174 1979 3347 2034 προσ·-

1779 2037 1904 2109 ᾀδον
1965 2041 2025 2092 οὑ
2074 2041 2327 2114 κίϐδηλον
2373 2045 2547 2118 ᾠδὴν,
2597 2049 2718 2102 οὐδὲ
2769 2051 3043 2122 ἀδόκιμον,
3077 2055 3213 2110 ἀλλὰ
3252 2059 3348 2110 καὶ

1773 2129 1872 2198 τῆς
1899 2129 2080 2197 δεξιᾶς
2111 2150 2242 2187 ποτε
2269 2136 2510 2201 στάσεως
2547 2139 2882 2212 ἀξιούμενον,
2917 2147 3154 2201 πιστεύω
3184 2148 3242 2202 δὲ
3263 2150 3347 2204 ὅτι

1775 2221 1869 2272 καὶ
1900 2225 2016 2291 μετ’
2061 2223 2238 2293 ὀλίγον
2281 2226 2736 2301 ἀξιωθησόμενον,
2772 2235 2872 2288 οὑκ
2899 2232 2995 2288 οἷδ’
3023 2238 3104 2290 ὅτι
3152 2238 3344 2305 παθὸν,

1773 2312 2032 2384 ἐξαίφνης
2107 2316 2508 2389 μεθαρμόζεταί
2544 2339 2603 2376 τε
2653 2325 2748 2377 καὶ
2798 2327 3216 2396 μετατάττεται·
3252 2331 3348 2385 καὶ

1773 2404 1893 2458 οὐδὲ
1923 2407 2026 2458 ὑπὸ
2057 2408 2159 2478 τῆς
2206 2410 2568 2483 εὐφροσύνης,
2608 2415 2636 2468 ὃ
2681 2417 2775 2468 καὶ
2817 2416 3080 2488 θαυμάζω
3122 2421 3346 2491 μᾶλλον,

1774 2497 1856 2560 εἰς
1876 2500 2072 2552 ταύτὸν
2101 2499 2341 2574 ἔρχεται.
2392 2504 2561 2576 Atque
2589 2508 2797 2563 utinam
2827 2509 2914 2563 ille
2943 2527 3146 2581 quoque
3183 2523 3346 2568 cactus

1776 2590 1844 2644 ad
1885 2589 2101 2645 chorum
2139 2607 2376 2649 nostrum
2411 2614 2464 2652 se
2513 2599 2846 2669 adjungeret,
2891 2604 3003 2672 qui,
3049 2619 3165 2657 cum
3199 2605 3345 2674 prius

1775 2682 2066 2736 cantionem
2097 2685 2506 2757 haudquaquam
2540 2689 2895 2745 adulterinum
2944 2703 3100 2763 atque
3142 2695 3346 2765 ignobi-

1777 2770 1877 2824 lem
1905 2774 2174 2828 nobiscum
2206 2774 2316 2830 Deo
2344 2780 2623 2845 accineret,
2653 2797 2714 2834 ac
2742 2783 2928 2837 dextro
2957 2786 3222 2854 quondam
3255 2805 3346 2842 or-

1776 2858 1901 2913 dine
1937 2862 2127 2930 dignus
2191 2863 2490 2931 haberetur,
2552 2881 2706 2938 atque
2760 2873 2939 2938 etiam,
3002 2885 3060 2927 ut
3107 2876 3344 2945 conﬁdo,

1777 2949 1915 3003 brevi
1941 2951 2233 3023 habebitur,
2267 2957 2413 3012 haud
2442 2959 2552 3012 scio
2578 2977 2681 3029 qua
2707 2978 2761 3015 re
2792 2972 3103 3029 commotus,
3139 2976 3345 3035 repente

1778 3050 1994 3094 cantum
2026 3044 2080 3096 in
2110 3045 2373 3102 diversum
2399 3060 2584 3114 mutat,
2622 3051 2829 3123 alioque
2853 3053 3024 3120 gradu
3062 3063 3219 3124 atque
3251 3073 3343 3111 or-

1773 3131 1895 3185 dine
1918 3148 2028 3188 sese
2048 3135 2304 3202 collocat;
2339 3155 2402 3192 ac
2427 3157 2490 3194 ne
2521 3143 2582 3194 ob
2616 3158 2939 3197 communem
2963 3145 3174 3213 quidem
3204 3147 3343 3202 (teti-

1773 3222 1901 3276 tiam
1944 3223 2107 3294 (quod
2148 3229 2308 3283 etiam
2364 3233 2530 3301 magis
2584 3233 2769 3306 miror)
2818 3235 3012 3289 adduci
3065 3247 3232 3305 potest
3283 3250 3341 3294 ut

1773 3316 2040 3371 nobiscum
2074 3321 2447 3391 conjungatur.
2477 3325 2572 3380 His
2601 3335 2752 3382 certe
2793 3327 3036 3394 vocibus,
3071 3345 3189 3384 cum
3214 3332 3342 3386 hac-

1773 3413 1924 3460 tenus
1965 3407 2072 3463 Dco
2105 3414 2401 3468 cantionem
2443 3417 2702 3471 accineret
2735 3419 3031 3485 nobiscum,
3057 3421 3228 3476 subito
3266 3422 3340 3476 ad

1773 3496 1934 3550 aliam
1957 3504 2373 3557 communionem
2397 3508 2712 3576 prorumpit,
2749 3492 2940 3564 recens
2979 3523 3101 3566 esse
3133 3511 3340 3566 indicat

1774 3588 2163 3644 monachorum
2207 3590 2434 3650 factum.
2476 3593 2574 3650 His
2610 3597 2748 3652 adde
2776 3612 2924 3668 spem
2956 3599 3170 3655 illorum
3198 3603 3343 3659 redi-

1774 3686 1880 3744 tus,
1925 3694 2190 3736 summam
2241 3682 2537 3754 lenitatem,
2577 3702 2683 3756 qua
2727 3703 2820 3743 eos
2851 3701 2910 3743 ut
2958 3693 3199 3748 membra
3239 3709 3340 3749 sua

1773 3768 2183 3838 complectitur;
2210 3781 2267 3826 et
2288 3775 2432 3842 quod
2459 3776 2534 3829 ait
2563 3775 2616 3830 in
2648 3788 2788 3834 orat.
2815 3778 2902 3844 12,
2937 3796 2991 3848 p.
3032 3781 3157 3848 196,
3181 3793 3338 3840 etor.

1774 3863 1862 3928 l9,
1904 3878 1956 3932 p.
1992 3863 2120 3926 297,
2161 3867 2456 3921 monachos
2491 3867 2730 3921 omnium
2777 3880 3079 3936 postremos
3135 3873 3340 3929 disces-

1774 3954 1930 4009 sisse.
1961 3955 2038 4009 Ex
2067 3956 2152 4011 bis
2185 3967 2362 4012 autem
2394 3959 2551 4011 simul
2582 3961 2844 4028 probatur
2875 3977 2979 4015 non
3011 3963 3179 4018 multo
3209 3975 3336 4020 ante

1774 4045 2160 4115 subscripsisse
2187 4046 2526 4116 Gregorium.
2547 4049 2701 4116 Nam,
2731 4052 2776 4106 si
2804 4053 3214 4122 subscripsisset
3238 4057 3338 4110 sub

1773 4133 2091 4190 Constantio
2135 4151 2280 4191 anno
2326 4138 2430 4191 560
2477 4139 2558 4194 vel
2596 4141 2722 4205 561,
2771 4144 3040 4211 quomodo
3087 4146 3339 4200 monachi

1773 4226 2197 4297 indignationem
2255 4245 2409 4284 suam
2458 4245 2630 4299 usque
2674 4233 2740 4284 ad
2793 4248 2992 4287 annum
3041 4233 3146 4289 565
3175 4235 3339 4290 corde

1743 4320 2133 4389 'pressissent?
2174 4329 2265 4374 aut
2303 4321 2350 4374 si
2391 4321 2575 4374 tandiu
2622 4333 2954 4390 presserunt,
3005 4339 3104 4379 cur
3131 4325 3338 4379 disces-

140 4403 223 4474 rat)
244 4446 257 4469 ,
288 4424 470 4480 magna
504 4417 824 4473 deliberatio
857 4421 1046 4476 incidi,
1081 4423 1303 4491 Basilio,
1342 4427 1670 4496 quibusnam
1699 4429 1744 4484 D
1772 4409 1978 4463 sionem
2008 4411 2192 4465 subito
2219 4421 2273 4464 et
2311 4411 2573 4480 prmcipiti
2604 4413 2832 4468 consilio
2858 4415 3108 4470 attribuit
3133 4415 3340 4486 Grego-

137 4498 496 4562 conditionibus
535 4522 660 4562 cum
708 4527 774 4565 eo
803 4515 1248 4572 communicaret.
1295 4516 1429 4572 Nam
1457 4534 1578 4574 cum
1611 4536 1669 4577 se

137 4583 331 4646 Basilius
355 4597 539 4653 eadem
590 4601 658 4656 de
701 4618 862 4658 causa
910 4606 978 4659 ab
1031 4607 1268 4676 episcopi
1319 4608 1670 4667 Caesariensis

135 4686 478 4740 communione
539 4693 894 4756 removisset,
950 4704 1154 4748 temere
1208 4711 1330 4750 cum
1385 4697 1669 4755 Eustathio

136 4777 500 4834 communicare
531 4797 640 4839 non
671 4783 876 4838 debuit.
922 4785 1102 4850 Quare
1135 4786 1294 4855 digna
1331 4801 1418 4842 res
1456 4800 1574 4843 erat
1604 4790 1670 4845 de

137 4874 222 4927 qua
263 4867 324 4919 ad
361 4869 724 4928 Athanasium
775 4876 1007 4930 referret
1046 4894 1057 4928 :
1095 4892 1196 4930 nec
1255 4877 1399 4930 aliud
1461 4888 1670 4948 tempus

138 4957 277 5022 magis
314 4959 561 5017 idoneum
615 4966 698 5020 his
749 4967 893 5022 inter
924 4968 1286 5023 Athanasium
1324 4980 1378 5024 et
1410 4971 1666 5026 Basiliam

138 5042 300 5124 litteris
327 5056 590 5124 assignari
635 5068 834 5124 potest.

193 5136 268 5191 IX.
299 5141 401 5198 lter
432 5147 487 5200 in
521 5147 754 5202 Pontum
788 5148 1002 5204 videtur
1033 5152 1343 5222 suscepisse
1375 5151 1670 5218 Gregorius

138 5229 218 5282 sub
247 5231 394 5289 linem
424 5239 639 5309 imperii
665 5242 899 5309 Juliani;
939 5259 1130 5311 nempe
1161 5259 1282 5298 cum
1315 5245 1482 5312 ipsius
1515 5255 1668 5313 pater

138 5333 207 5383 θον
233 5333 282 5376 ut
303 5329 428 5383 satis
451 5347 546 5401 per
567 5349 626 5387 se
649 5346 817 5402 patet,
846 5337 1070 5390 absente
1101 5335 1425 5404 subscripsit
1453 5337 1664 5390 cuidam

139 5407 365 5482 formulae,
393 5436 512 5490 quae
559 5439 783 5494 magnas
824 5429 877 5482 in
907 5426 1138 5481 ecclesia
1166 5423 1510 5480 Nazianzena
1553 5435 1669 5480 tur-

140 5496 219 5555 bas
241 5513 538 5579 commovit,
563 5530 629 5569 ac
653 5517 932 5570 monachis
956 5516 1138 5570 locum
1167 5515 1316 5570 dedit
1337 5517 1406 5570 ab
1427 5515 1666 5585 episcopi

138 5591 205 5644 sui
241 5605 603 5660 communione
648 5608 981 5662 discedendi.
1033 5605 1229 5662 Mirum
1279 5620 1413 5660 sane
1463 5621 1528 5661 ac
1575 5606 1665 5660 vix

141 5680 364 5745 credibile
413 5691 679 5762 ejusmodi
735 5697 1156 5766 subscriptionis
1211 5697 1516 5768 exemplum
1566 5697 1667 5753 sub

412 5785 680 5849 ΡΑτιιοι.
727 5790 846 5852 Gn.
895 5790 1135 5854 XXIX.

1772 4500 1921 4554 rius?
1965 4500 2195 4555 Eosdem
2224 4513 2381 4557 vocat
2409 4504 2722 4560 calidiorem
2759 4505 3014 4560 Ecclesia:
3041 4515 3248 4576 partem
3281 4507 3338 4561 in

1770 4589 2015 4644 oratione
2053 4589 2141 4656 19,
2178 4606 2300 4661 pag.
2343 4591 2469 4648 297.
2501 4592 2811 4648 Generatim
2857 4596 2922 4649 de
2947 4597 3194 4652 omnibus
3222 4613 3339 4654 mo-

1771 4683 1958 4737 nachis
1987 4682 2061 4736 ait
2090 4684 2143 4736 in
2171 4694 2311 4741 orat.
2338 4685 2430 4749 9.1,
2460 4701 2513 4755 p.
2543 4686 2666 4752 588,
2695 4703 2790 4741 eos
2815 4689 2868 4740 in
2895 4689 3016 4742 aliis
3047 4691 3212 4745 rebus
3237 4705 3336 4760 pa-

1771 4785 1919 4830 catos
1946 4786 2000 4830 et
2029 4777 2335 4830 moderatos
2374 4791 2514 4852 esse,
2555 4779 2654 4831 hac
2695 4780 2746 4831 in
2783 4794 2840 4832 re
2874 4779 3020 4834 lenes
3051 4791 3106 4834 et
3145 4781 3338 4840 faciles

1772 4881 1875 4918 non
1904 4882 2043 4929 esse,
2081 4883 2202 4920 cum
2242 4882 2335 4935 per
2377 4867 2651 4921 silentium
2684 4880 2737 4923 et
2761 4870 2999 4938 quietem
3041 4870 3137 4926 Dei
3171 4887 3334 4928 causa

1770 4958 2040 5026 proditur,
2071 4960 2167 5013 sed
2207 4960 2435 5014 bellaces
2468 4970 2521 5015 et
2553 4962 2606 5013 iu
2633 4963 2968 5030 conﬂigendo
2993 4977 3148 5017 acres
3170 4973 3224 5017 et
3251 4963 3334 5019 fe-

1771 5065 1945 5104 roces.
1997 5051 2129 5104 Ctttn
2177 5051 2260 5105 his
2303 5066 2408 5105 non
2440 5053 2672 5120 quadrat
2713 5051 3077 5106 dissimulatio
3103 5053 3334 5122 plurium

1770 5158 2069 5207 annorum,
2118 5158 2281 5211 quam
2330 5145 2610 5198 monachis
2677 5143 3037 5198 Nazianzenis
3090 5145 3338 5199 attribuit

1771 5233 2164 5298 Tillemontius,
2193 5249 2316 5288 cum
2343 5233 2665 5304 Gregorium
2693 5234 3124 5291 subConstantio
3149 5236 3337 5291 existi-

1769 5334 1882 5378 mat
1909 5325 2316 5394 subscripsisse.

1841 5417 2109 5472 Prazterea
2141 5434 2360 5474 causam
2407 5420 2781 5475 subscribendi
2823 5436 2928 5477 non
2965 5419 3162 5490 repetit
3198 5418 3350 5476 Gree-

1767 5512 1948 5578 gorius
1980 5525 2047 5564 ex
2077 5510 2244 5580 jussis
2269 5511 2389 5566 aula
2413 5512 2673 5582 profectis
2703 5522 2794 5566 aut
2819 5529 2889 5569 es
2915 5527 3095 5567 rerum
3124 5520 3337 5581 pertur-

1766 5601 2004 5667 batione,
2049 5617 2170 5672 qua:
2216 5611 2348 5658 tunc
2395 5619 2606 5658 summa
2652 5602 2774 5668 fuit,
2827 5605 2921 5662 sed
2967 5619 3034 5659 ex
3063 5601 3334 5658 desiderio

1766 5693 1915 5763 pacis
1977 5702 2034 5750 et
2103 5695 2500 5752 communionis
2549 5709 2672 5752 cum
2735 5692 3005 5782 nonnullis
3063 5691 3326 5751 ineundie.

2968 5801 3010 5844 ,Β
