3820 6210
431 307 640 353 ιιινιῐι

1765 283 2291 342 PllOLEGOMENA.

432 410 586 467 Patet
615 410 668 464 id
710 423 775 464 ex
822 409 904 463 his
939 409 1115 463 verbis
1162 414 1302 462 orat.
1343 407 1410 462 19
1437 405 1513 477 (ρ.
1535 405 1873 478 297);Παρὰ
1901 406 1993 460 τοῦ

2174 406 2342 472 Quam
2399 419 2502 458 non
2553 403 2709 457 modo
2757 405 2888 457 citra
2933 401 3307 469 ambitionem,
3361 402 3454 456 sed
3497 402 3662 458 etiam

429 503 759 576 θερμοτέρου
779 503 975 573 μέρους
991 501 1086 572 τῆς
1102 500 1424 571 Ἐκκλησίας
1437 517 1564 553 κατε
1573 501 1867 572 στασιάσθη
1878 518 1996 570 μεν,

429 595 714 668 γράμματι
745 593 1042 655 κλαπέντες
1067 592 1159 646 καὶ
1187 594 1392 664 ῥήμασι
1423 595 1687 662 τεχνικοῖς
1724 595 1804 655 εἰς
1832 610 1997 663 πονη-

431 689 531 761 ρὰν
561 685 861 739 κοινωνίαν.
906 688 950 738 Α
989 685 1292 752 ferventiore
1335 682 1588 738 Ecclesia:
1620 693 1769 753 parte
1792 684 1852 737 ob
1885 701 2000 738 eam

432 795 647 832 causam
675 777 858 831 seditio
889 777 944 829 in
981 793 1074 829 nos
1103 776 1331 830 excitata
1361 786 1458 838 est,
1487 777 1625 844 quod
1652 777 1851 844 scripto
1876 790 2000 844 quo-

430 867 552 921 dam
596 875 644 920 et
687 865 988 934 artiﬁciosis
1035 865 1200 918 verbis
1245 865 1643 934 circumscripti,
1695 865 1751 918 in
1785 881 2000 932 pravam

431 958 730 1010 sacietatem
775 956 1023 1025 pertracti
1060 956 1359 1025 fuissemus.
1398 956 1539 1008 Hinc
1585 954 1746 1007 etiam
1794 953 2003 1022 Grego-

431 1050 545 1103 rius
579 1048 656 1102 ait
681 1049 734 1102 in
755 1048 1000 1104 oratione
1022 1048 1089 1101 12
1109 1046 1184 1118 (p.
1217 1047 1340 1115 196)
1388 1047 1684 1101 Ecclesium
1707 1045 2003 1099 Nazianze—

436 1156 559 1195 nam
589 1152 714 1196 ante
741 1141 870 1196 illud
900 1141 1202 1206 dissidium,
1225 1155 1408 1194 arcam
1441 1137 1553 1193 Noe
1578 1138 1758 1192 vocari
1785 1137 2001 1192 solitam

430 1247 573 1296 esse,
601 1241 659 1285 ut
707 1247 826 1302 qua:
871 1231 1105 1285 universi
1138 1231 1286 1285 orbis
1317 1230 1575 1283 diluvium
1609 1228 1721 1283 sola
1778 1227 2006 1298 effugis.

433 1334 540 1381 set.
599 1325 728 1389 Sed,
779 1325 823 1378 si
876 1325 1159 1394 episcopus
1205 1321 1498 1392 Gregorius
1547 1320 1646 1374 sub
1691 1318 2004 1373 Constantio

434 1416 756 1470 Arianorum
787 1415 994 1468 artibus
1033 1413 1410 1474 succubuerat,
1439 1427 1544 1465 non
1577 1410 1732 1465 video
1770 1424 1870 1464 cur
1893 1408 1998 1462 Ec-

434 1508 656 1561 clesiam
689 1505 1084 1559 Nazianzenam
1113 1503 1250 1556 mala
1286 1502 1593 1558 communia
1629 1501 1851 1556 minime
1878 1501 2003 1554 atti-

435 1601 576 1669 gisse
609 1599 878 1652 dicantur.

505 1689 573 1742 Χ.
600 1689 795 1744 Juliani
839 1703 984 1743 mors
1027 1686 1283 1741 divinitus
1325 1684 1526 1739 Basilio
1567 1685 1805 1740 revelata
1835 1685 2002 1738 fuisse

2105 510 2209 550 non
2255 495 2483 548 libenter
2525 493 2804 548 ordinatus
2854 490 3035 555 fuerit,
3071 506 3138 544 ex
3173 488 3395 558 epistola
3428 489 3486 543 11
3523 488 3666 542 Gre-

2103 586 2236 655 gorii
2264 585 2631 654 perspicimus.
2670 588 2742 638 Tu
2771 598 2971 652 quoque
2999 593 3181 650 captus
3207 598 3281 645 es,
3310 582 3480 649 inquit
3506 579 3662 633 Basio

2103 679 2196 739 lio,
2243 676 2676 743 quemadmodum
2721 681 2771 728 et
2830 689 2922 725 nos
2978 673 3356 738 circumscripti
3407 673 3669 739 :quando

2102 766 2311 836 quidem
2347 765 2414 817 ad
2454 764 2824 833 presbyterium
2869 763 3117 830 pertracti
3161 778 3365 817 sumus.
3395 761 3562 831 Atque
3614 763 3671 813 id

2102 859 2309 926 quidem
2339 873 2368 908 a
2393 855 2540 908 nobis
2573 872 2675 907 non
2702 856 3054 921 expetebatur.
3089 852 3228 906 Nam
3258 867 3468 916 uterque
3491 852 3669 915 alteri,

2103 954 2147 1003 si
2177 951 2270 1002 alii
2298 949 2545 1016 cuipiam,
2581 946 2860 1015 locupletes
2882 962 2991 999 esse
3018 954 3168 998 testes
3197 960 3493 1011 possumus,
3512 960 3674 1014 quam

2105 1045 2250 1094 nobis
2286 1041 2432 1094 cordi
2474 1050 2605 1093 esset
2648 1039 2898 1107 pedestris
2936 1037 3264 1106 philosophia
3300 1037 3544 1100 humique
3579 1039 3675 1086 de-

2104 1149 2301 1201 pressa.
2337 1132 2413 1184 Ex
2444 1131 2631 1200 primis
2651 1129 2888 1198 ejusdem
2920 1128 3157 1197 epistolae
3187 1127 3385 1189 verbis,
3418 1124 3674 1196 Ερὶειοιίε

2106 1233 2208 1275 tute
2235 1223 2538 1288 procemium
2579 1220 2758 1272 laudo.
2807 1217 2944 1283 Quid
2972 1225 3146 1270 autem
3177 1227 3384 1269 tuorum
3421 1232 3522 1268 non
3556 1215 3675 1268 lau-

2105 1312 2562 1380 dandum?|iquet
2584 1310 2837 1365 Basiliam
2861 1310 3090 1378 priorem
3120 1308 3421 1378 scripsisse,
3449 1322 3512 1362 ac
3538 1307 3678 1361 Gre-

2105 1406 2256 1474 gorio
2299 1418 2434 1457 onus
2482 1401 2584 1456 sibi
2640 1402 2949 1470 impositum
3001 1400 3353 1468 signiﬁcasse,
3384 1398 3464 1452 vel
3495 1399 3679 1467 potius

2107 1495 2452 1566 ingemuisse.
2496 1494 2648 1547 Illum
2690 1495 2832 1548 enim
2882 1494 3195 1546 consolatur
3239 1490 3564 1560 Gregorius;
3619 1500 3676 1543 et

2107 1589 2359 1658 quoniam
2408 1588 2460 1642 id
2520 1587 2719 1641 factum
2774 1595 2875 1650 est,
2923 1585 3062 1653 quod
3111 1584 3344 1637 fortasse
3396 1599 3500 1637 non
3553 1582 3674 1635 ﬁeri

2107 1681 2464 1748 praestitisset,
2514 1678 2794 1734 ferendum
2847 1692 2967 1731 esse
3014 1678 3224 1738 statuit,
3268 1675 3556 1743 praesertim
3611 1671 3676 1726 ob

436 1781 665 1847 dicitur;
698 1780 791 1834 sed
820 1794 941 1833 cum
973 1787 1120 1832 tanta
1153 1777 1687 1832 circumstantiarum
1717 1775 1999 1840 varietate,
2035 1756 2078 1811 Β
2109 1783 2306 1840 tempus
2337 1774 2548 1838 multas,
2601 1772 2793 1838 inquit,
2822 1773 2875 1823 in
2906 1787 2996 1822 nos
3045 1771 3280 1822 excitans
3307 1768 3678 1821 ha’reticorum

434 1881 497 1925 ut
541 1871 742 1924 referre
771 1873 886 1923 'non
942 1868 1130 1930 libeat,
1166 1882 1286 1936 quae
1335 1882 1397 1922 ea
1449 1868 1516 1922 de
1560 1882 1620 1921 re
1663 1867 1908 1936 leguntur
1947 1866 2000 1920 in

436 1962 692 2015 Chronico
727 1959 1096 2023 Alexandrino,
1135 1957 1277 2025 apud
1321 1965 1565 2010 sanctum
1599 1957 2000 2010 Damascenum

435 2053 490 2107 in
525 2053 658 2105 libro
693 2050 766 2104 De
800 2050 1136 2118 imaginibus,
1168 2049 1258 2117 qui
1293 2045 1491 2100 Vitam'
1509 2047 1693 2101 Basilii
1723 2048 1790 2101 ab
1819 2045 2000 2101 Ilella-

437 2143 527 2197 dio
556 2143 819 2212 scriptam
864 2142 1013 2208 citat,
1050 2151 1105 2196 et
1145 2141 1196 2195 in
1246 2139 1440 2194 Basilii
1482 2138 1594 2193 Vita
1628 2139 2004 2210 Amphilochio

436 2235 732 2303 supposita.

509 2327 587 2380 Ex
626 2327 710 2380 his
748 2325 926 2380 verbis
971 2325 1219 2380 secunda:
1267 2321 1530 2378 orationis
1553 2321 1797 2392 Gregorii
1829 2320 1884 2372 in
1907 2319 2006 2374 Ju-

439 2422 662 2488 l-ian_um,
709 2418 838 2473 "rec
881 2418 974 2471 tibi
1025 2417 1257 2471 Basilius
1295 2427 1340 2470 et
1375 2415 1696 2485 Gregorius,
1745 2414 2008 2482 colligunt

439 2509 636 2563 eruditi
673 2510 774 2562 viri
821 2507 1140 2578 Gregorium
1170 2521 1201 2560 a
1245 2506 1446 2561 Basilio
1480 2505 1721 2574 adjutum
1754 2502 1921 2558 iuiSse
1951 2504 2004 2556 in

439 2609 526 2660 bis
560 2605 898 2660 orationibus
948 2601 1352 2671 componendis.
1400 2599 1701 2654 Probabilis
1735 2612 1865 2653 sane
1892 2598 2007 2652 [nec

434 2699 754 2767 conjectura
787 2715 801 2763 ;
836 2705 888 2750 et
921 2710 1040 2749 cum
1076 2693 1372 2761 Gregorius
1405 2706 1526 2747 sese
1553 2701 1789 2761 paternae
1817 2691 2005 2744 domus

439 2790 789 2847 sollicitudini
840 2788 1107 2843 interdum
1162 2787 1370 2856 eripere
1415 2784 1637 2850 soleret,
1692 2784 1903 2838 videtur
1953 2783 2006 2836 in

437 2884 669 2938 Pontum
702 2881 912 2934 venisse
937 2889 1058 2948 post
1081 2887 1307 2932 mortem
1334 2875 1558 2942 Iuliani,
1589 2884 1642 2929 et
1664 2874 1846 2929 Basilii
1878 2887 2006 2928 con-

440 2980 560 3033 silio
585 2979 650 3032 ad
684 2979 825 3032 hanc
852 2974 1309 3030 elucubrationem
1340 2988 1470 3028 usus
1499 2971 1685 3026 fuisse.

1039 3085 1264 3143 CAPUT
1318 3085 1412 3143 1Χ.

439 3184 482 3242 1.
516 3185 789 3254 Presbyter
807 3191 1019 3254 creatur
1041 3180 1295 3254 Basilius.
1322 3179 1384 3232 11.
1412 3177 1863 3254 Ordinatusanno

508 3257 594 3310 Ill.
638 3244 713 3306 ni:
740 3254 908 3320 prima
928 3249 1072 3303 illius
1103 3251 1340 3320 oratione
1376 3257 1422 3300 et
1452 3247 1618 3320 tribus
1645 3245 1895 3320 epistolis.
1919 3244 2005 3296 IV.

513 3325 672 3379 Pacis
703 3313 863 3375 causa
909 3321 1099 3372 secedit
1138 3320 1193 3371 in
1243 3317 1494 3370 Pontum.
1543 3315 1603 3369 V.
1640 3314 1790 3368 Redit
1830 3313 2010 3366 Cresa-

513 3411 678 3454 ream,
727 3399 783 3444 ut
828 3396 961 3442 hanc
999 3390 1270 3442 ecclesiam
1325 3386 1539 3440 Valente
1585 3383 2012 3454 adveniente_r_le-

512 3451 714 3533 fendat.
756 3459 845 3514 Vl.
875 3457 1413 3533 _Secesiio‘.p011erida
1451 3463 1669 3533 aequate
1713 3468 1849 3506 anno
1880 3451 2008 3514 564,

512 3523 603 3587 aut
641 3534 846 3585 ineunte
875 3529 998 3582 565.
1038 3523 1260 3580 Rediius
1293 3542 1429 3578 anno
1459 3523 1584 3578 565.

519 3627 561 3679 1.
596 3623 846 3692 Deplorat
873 3619 1167 3688 Gregorius
1209 3615 1307 3687 (a),
1332 3625 1390 3670 ut
1414 3629 1664 3686 magnum
1695 3614 1870 3669 aetatis
1901 3629 2013 3669 Siue

442 3719 656 3782 vitium,
691 3717 830 3784 quod
877 3727 1017 3781 saepe
1060 3711 1112 3765 in
1145 3709 1498 3764 electionibus
1543 3706 1686 3760 nulla
1719 3707 2014 3761 haberetur

443 3808 703 3864 doctrinae
726 3815 779 3861 et
817 3802 1124 3858 sanctitatis
1151 3800 1311 3864 ratio,
1343 3813 1404 3852 ac
1431 3798 1680 3852 homines
1707 3804 1901 3850 neutro
1930 3797 2012 3849 in-

442 3900 632 3955 structi
662 3895 910 3967 prmsidio
935 3894 1000 3946 ad
1028 3890 1390 3946 sacerdotium
1418 3887 1596 3941 subito
1628 3885 2006 3946 eveherentur,

441 4003 497 4048 et
525 3991 697 4061 primo
729 3987 848 4041 loco
893 3981 1190 4042 constituti,
1233 3979 1486 4033 meliores
1529 3991 1587 4030 se
1619 3990 1682 4029 ac
1712 3974 2011 4028 sanctiores

441 4083 801 4151 despicerent,
838 4076 991 4148 quasi
1018 4089 1138 4129 cum
1171 4071 1434 4139 dignitate
1465 4067 1782 4137 sapientiam
1811 4074 1864 4119 et
1885 4080 2011 4120 eru-

441 4175 700 4228 ditionem
752 4170 1112 4239 accepissent.
1147 4163 1263 4218 Non
1306 4162 1384 4217 sic
1432 4160 1684 4223 Basilius,
1725 4157 1818 4213 sed
1867 4170 2010 4225 prae-

441 4268 646 4336 scripto
685 4262 981 4319 canonibus
1015 4258 1203 4314 ordine
1244 4254 1308 4308 ad
1341 4251 1701 4308 sacerdotium
1729 4249 2008 4318 pervenit;

441 4370 496 4413 et
535 4373 656 4410 cum
702 4368 886 4409 sacros
929 4351 1095 4404 libros
1139 4343 1336 4416 popqu
1367 4344 1602 4412 legisset,
1652 4340 1703 4393 in
1735 4339 2012 4408 presbyte-

442 4465 624 4504 rorum
678 4462 742 4500 ac
787 4444 981 4499 deinde
1034 4443 1088 4495 in
1140 4439 1519 4507 episcoporum
1559 4431 1814 4486 cathedra
1850 4430 2007 4495 sedit,
2041 4453 2086 4508 ι)

442 4557 548 4596 non
593 4540 851 4592 honorem
897 4546 1164 4602 quzerens,
1217 4529 1310 4583 sed
1351 4527 1417 4581 ab
1472 4526 1676 4579 honore
1720 4522 2006 4590 qazesitus;

443 4647 545 4687 nec
591 4633 656 4683 ab
701 4625 1030 4685 hominibus,
1075 4622 1168 4677 sed
1211 4634 1239 4672 a
1281 4621 1390 4674 Deo
1437 4615 1662 4686 gratiam
1716 4612 2010 4681 accipiens.

443 4723 698 4777 Basiliam
733 4714 1120 4782 Philostorgius
1153 4709 1226 4781 (ὁ)
1255 4709 1366 4778 jam
1407 4720 1545 4760 anno
1577 4703 1682 4758 5'39
1725 4703 2010 4756 diaconum

443 4816 612 4868 fuisse
633 4820 823 4881 putat:
855 4807 1106 4861 Socrates
1124 4801 1214 4873 (c),
1244 4801 1334 4870 qui
1368 4814 1488 4854 cum
1518 4796 1717 4852 Basilio
1745 4794 1803 4848 S.
1835 4793 2012 4862 Chry-

441 4907 666 4963 sostomi
720 4902 895 4956 amico
938 4906 1181 4952 nostrum
1209 4893 1513 4958 confundit,
1566 4890 1632 4944 ad
1691 4889 1830 4943 hanc
1885 4899 2008 4940 eum

442 5000 759 5068 dignitatem
789 5009 819 5047 a
853 4991 912 5046 S.
941 4988 1154 5044 Meletio
1182 4995 1428 5042 evectum
1464 4991 1671 5038 narrat.
1710 4980 1816 5034 Sed
1845 4977 2008 5032 Tille-

439 5091 676 5147 montius
721 5101 790 5142 ne
819 5087 1106 5140 diaconum
1137 5079 1358 5151 quidem
1395 5078 1561 5132 fuisse
1592 5073 1851 5128 Basiliam
1880 5085 2009 5139 pro-

435 5182 532 5238 bat
572 5196 640 5234 ex
684 5175 990 5233 testimonio
1019 5170 1379 5237 Nazianzeni,
1411 5171 1499 5239 qui
1533 5169 1585 5222 in
1617 5176 1726 5219 tam
1756 5169 2006 5218 accurata

439 5274 708 5337 ordinum,
735 5283 868 5339 quos
894 5267 1135 5322 exercuit
1159 5263 1411 5326 Basilius,
1444 5256 1876 5318 enumeratione,
1901 5266 2005 5306 non

440 5363 711 5418 omisisset
742 5361 1107 5426 diaconatum,
1146 5357 1192 5414 si
1228 5357 1279 5411 in
1311 5355 1415 5411 hoc
1441 5365 1657 5424 quoque
1692 5346 1861 5419 gradu
1902 5344 2004 5398 mi-

439 5455 744 5510 nistrasset.

511 5651 587 5722 (ει)
629 5652 776 5705 nm.
806 5651 896 5706 .20.

512 5720 584 5795 (ἅ)
627 5723 742 5778 Lib.
776 5738 849 5790 tv,
882 5737 930 5776 c.
962 5720 1049 5775 12.

2109 1863 2343 1932 linguas;
2379 1863 2608 1934 μάλιστα
2653 1861 2740 1914 διὰ
2779 1861 2867 1913 τὸν
2916 1859 3105 1930 καιρὸν
3135 1857 3332 1920 πολλὰς
3365 1859 3494 1927 ἡμῖν
3525 1859 3681 1924 αἱρε-

2109 1955 2276 2008 τικῶν
2310 1954 2668 2022 ἐπεισάγοντα
2699 1951 2968 2019 γλώσσας.

2179 2047 2242 2102 ll.
2289 2046 2433 2099 Satis
2479 2048 2617 2099 inter
2670 2044 2911 2096 eruditos
2956 2042 3206 2095 convenit
3247 2039 3501 2094 Basiliam
3528 2053 3676 2094 annc

2110 2140 2214 2194 ’562
2268 2140 2638 2209 presbyterum
2706 2138 2870 2191 fuisse
2926 2136 3256 2188 ordinatum.
3309 2133 3576 2187 Baronius
3627 2141 3683 2188 et

2112 2231 2457 2285 Hermantias
2489 2244 2552 2280 ex
2598 2228 2822 2296 epistola
2854 2227 3012 2279 modo
3042 2225 3253 2278 laudata
3291 2223 3544 2292 colligant
3581 2237 3680 2276 or-

2113 2324 2350 2377 dinatuni
2396 2321 2542 2374 illum
2587 2320 2751 2373 luisse
2795 2318 2980 2371 eodem
3018 2315 3132 2370 fere
3164 2326 3403 2384 tempore
3445 2329 3508 2368 ac
3537 2312 3682 2368 Gre-

2113 2412 2355 2480 gorium;
2399 2408 2621 2476 coniicit
2664 2405 3041 2460 Tillemontius
3085 2403 3363 2466 Basiliam,
3391 2418 3510 2457 cum
3557 2401 3682 2456 Cm-

2112 2515 2321 2554 saream
2347 2501 2584 2552 venisset
2605 2506 2900 2566 :egrotante
2926 2496 3133 2559 Dianio,
3164 2496 3234 2550 ibi
3262 2509 3426 2562 usque
3459 2494 3523 2545 ad
3560 2495 3678 2548 ele-

2113 2591 2342 2644 ctionem
2372 2589 2582 2642 Eusebii
2622 2596 2884 2640 moratam
2915 2601 3055 2649 esse,
3088 2587 3230 2639 etab
3254 2585 3504 2647 Eusebio,
3539 2584 3685 2638 forte

2115 2683 2330 2735 hortatu
2379 2679 2621 2746 Gregorii
2669 2677 2862 2746 patris,
2913 2685 3187 2730 retentum
3243 2685 3298 2728 et
3345 2675 3679 2730 ordinatum.

2186 2770 2548 2825 Timiditatem
2585 2769 2757 2838 injicit
2795 2767 3071 2821 hominum
3113 2766 3546 2820 doctissimorum
3586 2781 3685 2817 auo

2115 2864 2359 2925 ctoritas,
2410 2861 2698 2930 quominus
2751 2859 2818 2914 ab
2867 2859 2946 2914 eis
2981 2859 3291 2913 dissentiam
3327 2873 3341 2910 :
3371 2857 3463 2910 sed
3499 2866 3684 2910 tamen

2115 2971 2278 3025 cogor
2307 2953 2609 3008 dissentire.
2642 2955 2815 3021 Atque
2846 2950 2976 3006 illud
3008 2951 3223 3018 quidem
3261 2958 3408 3004 certo
3437 2957 3685 3002 statuere

2115 3052 2383 3115 videntur,
2435 3049 2607 3104 serius
2657 3047 2909 3102 Basiliam
2971 3046 3276 3100 ordinatum
3310 3043 3474 3097 inisse
3516 3059 3681 3111 quam

2037 3113 2082 3176 ο
2113 3142 2449 3210 Gregorium.
2493 3140 2606 3194 Non
2654 3141 2831 3194 minus
2877 3138 3219 3208 perspicuum
3253 3145 3306 3190 et
3338 3135 3684 3203 exploratum

2113 3242 2195 3288 est
2237 3249 2357 3287 eum
2400 3248 2503 3284 non
2550 3247 2578 3283 a
2624 3230 2829 3293 Dianio,
2882 3239 2937 3282 ut
2985 3230 3201 3298 quidam
3238 3227 3540 3290 voluerunt,
3589 3226 3682 3280 sed

2112 3325 2180 3380 ab
2212 3323 2442 3378 Eusebio
2471 3323 2775 3376 ordinatum
2812 3321 2994 3374 fuisse.
3043 3320 3176 3373 Nam
3227 3320 3447 3373 Dianius
3492 3320 3684 3388 paucis

2111 3417 2387 3472 mensibus
2416 3426 2535 3484 post
2573 3415 2816 3484 Gregorii
2850 3415 3240 3468 ordinationem
3282 3421 3524 3466 mortuus
3571 3423 3681 3475 eSt,

2112 3525 2213 3565 nec
2247 3525 2367 3563 eam
2407 3524 2471 3562 eo
2513 3507 2740 3561 Basilius
2775 3509 2841 3560 ab
2890 3522 3030 3561 anno
3064 3507 3189 3572 560,
3226 3505 3326 3559 nisi
3358 3505 3410 3558 in
3439 3515 3686 3559 extremo

2112 3603 2301 3657 morbo
2343 3599 2780 3656 communicavit.
2833 3599 2937 3653 Sed
2982 3598 3122 3667 quod
3171 3595 3567 3652 ordinationem
3618 3596 3686 3650 ad

2112 3705 2316 3744 annum
2352 3689 2455 3742 ’562
2496 3687 2755 3751 referunt,
2798 3688 2848 3740 id
2883 3687 3072 3742 vellem
3116 3687 3350 3740 vincibili
3381 3686 3561 3754 aliqua
3597 3701 3684 3738 ra-

2115 3781 2258 3833 tione
2287 3781 2614 3833 ﬁrmassent.
2646 3777 2776 3830 Nam
2819 3777 3073 3831 Basiliam
3121 3777 3378 3832 Caesarea:
3414 3793 3590 3845 usque
3621 3779 3685 3830 ad

2113 3871 2428 3926 electionem
2478 3870 2694 3925 Eusebii
2749 3879 3012 3923 moratam
3053 3885 3190 3933 esse,
3241 3870 3548 3938 conjectura
3606 3880 3686 3924 est

2113 3959 2254 4014 nulla
2283 3975 2501 4028 prorsus
2528 3960 2658 4012 fulta
2689 3961 2918 4021 ratione,
2951 3958 3034 4011 vel
3069 3960 3244 4027 pntius
3273 3959 3453 4011 Basilii
3489 3959 3684 4012 solitu-

2115 4054 2254 4108 dinis
2279 4053 2470 4117 amori,
2495 4062 2550 4106 et
2581 4066 2722 4104 cura:
2751 4049 3064 4102 monasterii
3101 4050 3314 4118 regendi
3351 4065 3684 4119 repugnans,

2115 4159 2235 4198 cum
2269 4145 2563 4213 praesertim
2594 4143 2822 4195 fateatur
2848 4139 3223 4195 Tillemontius
3256 4150 3464 4210 tempus
3493 4143 3544 4194 in
3583 4143 3685 4196 hac

2115 4236 2375 4291 electione
2413 4235 2838 4289 dissensionibus
2874 4241 3174 4287 extractum
3207 4231 3394 4286 fuisse.

2187 4327 2312 4392 Sed,
2355 4329 2494 4396 quod
2537 4341 2621 4379 me
2671 4327 2904 4378 maxime
2953 4325 3192 4378 deterret
3223 4326 3290 4377 ab
3327 4324 3424 4377 hac
3474 4325 3687 4392 ample-

2116 4421 2303 4475 ctenda
2357 4419 2628 4488 opiniOne,
2671 4416 2914 4483 pluribus
2947 4417 3213 4468 rationum
3257 4416 3545 4469 momentis
3587 4418 3683 4469 ad-

2118 4516 2306 4574 ducor,
2361 4522 2418 4565 ut
2454 4511 2708 4564 Basiliam
2765 4522 2904 4562 anno
2942 4508 3047 4561 564
3079 4513 3177 4561 sub
3213 4507 3439 4562 Valente
3465 4509 3683 4561 credam

2118 4604 2424 4659 ordinatum
2469 4599 2655 4654 fuisse.
2699 4598 2753 4650 1ο
2799 4597 2916 4666 Ipsa
2951 4598 3200 4667 Gregorii
3235 4597 3400 4651 verba
3427 4596 3684 4649 Basiliam

2119 4696 2409 4759 monentis,
2446 4702 2504 4747 ut
2534 4693 2633 4747 sibi
2667 4701 2854 4748 caveat
2883 4692 3170 4759 prtesertim
3197 4690 3260 4742 ob
3295 4701 3514 4756 tempus,
3542 4689 3685 4742 mut-

2117 4799 2198 4843 tas
2232 4791 2285 4844 in
2312 4786 2734 4858 nos,inquit(d),
2762 4784 3122 4838 hazreticornm
3168 4783 3400 4836 excitans
3437 4780 3683 4851 linguas:

2115 4881 2249 4944 haec,
2285 4879 2524 4948 inquam,
2564 4879 2729 4932 verba
2759 4875 2998 4929 Valentis
3039 4873 3264 4942 imperio
3292 4871 3521 4926 miriﬁce
3555 4887 3686 4926 con-

2113 4981 2331 5045 grauat,
2365 4969 2561 5026 Jaliani
2600 4983 2727 5023 vero
2761 4981 3120 5036 nequaquam.
3163 4964 3297 5018 Nam
3329 4964 3431 5019 sub
3464 4963 3680 5020 Juliano

2113 5064 2256 5118 nulla
2297 5063 2364 5117 ab
2405 5060 2674 5116 haereticis
2708 5058 2944 5127 pericula
2979 5059 3209 5111 maxima
3239 5057 3306 5110 ab
3351 5056 3683 5124 imperatore

2112 5165 2354 5224 apostata
2409 5154 2749 5207 exstiterunt.
2807 5151 2918 5206 Sub
2959 5149 3184 5204 Valente
3228 5160 3406 5202 autem
3460 5147 3682 5200 haeresis

2113 5248 2292 5303 statim
2331 5247 2585 5299 verticem
2620 5243 2862 5308 sustulit,
2901 5251 2955 5297 et
2986 5242 3149 5311 ignis,
3187 5240 3280 5310 qui
3307 5238 3565 5294 sreviente
3589 5237 3681 5292 Ju—

2113 5341 2240 5394 liani
2277 5339 2652 5408 persecutione
2697 5337 3002 5404 suppositus
3047 5334 3216 5389 cineri
3251 5332 3556 5390 videbatur,
3591 5330 3683 5381 de-

2114 5446 2220 5486 nuo
2243 5429 2465 5484 exarsit.
2499 5427 2631 5481 Nata
2666 5427 2906 5496 profecto
2946 5442 3034 5482 res
3065 5435 3147 5481 est
3174 5434 3225 5482 et
3263 5425 3331 5480 ab
3361 5424 3476 5494 ipso
3508 5419 3676 5477 Tille-

2189 5630 2258 5700 (c)
2298 5629 2413 5683 Lib.
2447 5645 2517 5691 tv,
2552 5645 2601 5684 c.
2637 5629 2724 5684 26.

2187 5705 2263 5772 (α)
2303 5700 2431 5754 Naz.
2468 5717 2553 5770 ep.
2589 5701 2672 5752 ll.
