3820 6210
1505 294 1662 350 VITA
1707 293 1766 350 S.
1807 291 2066 349 BASiLll.

3245 303 3412 346 XXXII

195 407 376 463 mentio
421 414 620 471 notata,
675 405 960 464 hareticos
1014 410 1159 478 ipsos
1210 413 1310 468 sub
1336 411 1553 470 Iuliano
1581 431 1609 470 a
1639 416 1730 470 do—
1769 420 1814 476 Α
1841 415 2055 469 videtur
2098 426 2160 467 ea
2205 412 2496 475 exatitisse,
2529 424 2688 480 quam
2741 408 2929 464 habuit
2984 406 3036 462 in
3081 422 3170 462 sex
3207 410 3411 478 primos

195 498 404 553 mesticis
425 498 852 554 dissensionibus
891 502 1293 568 quodammodo
1336 508 1401 562 ad
1429 511 1733 564 communis

191 603 346 643 causae
373 587 732 643 defensionem
770 600 1023 646 avocatus
1071 592 1258 650 fuisse.
1294 596 1414 651 Non
1452 609 1568 652 erat
1604 615 1734 670 ergo

189 679 278 734 hoc
321 689 520 749 tempus
557 680 622 734 ad
655 696 840 735 eorum
869 683 1184 740 excitandas
1218 686 1429 759 linguas
1459 691 1731 744 idoneum.

188 772 239 825 2°
263 769 500 835 Basilius,
540 772 592 826 in
624 774 779 841 epist.
799 773 993 844 210(p.
1009 775 1164 847 515),
1183 778 1256 832 ait
1280 795 1338 834 se
1358 782 1409 834 in
1427 781 1582 836 Ponti
1612 783 1737 837 soli-

189 861 353 916 tudine
392 864 566 928 plures
626 880 793 918 annos
841 867 1115 922 continuos
1157 885 1548 928 commoratum
1591 891 1733 933 esse.

185 953 247 1005 At
277 953 324 1005 in
351 967 410 1006 ea
442 969 602 1021 quam
653 955 954 1012 refellimus
993 961 1249 1028 opinione
1307 965 1489 1032 plures
1517 970 1735 1036 quidem

188 1043 399 1098 traduxit
430 1059 598 1099 annos
622 1047 676 1099 in
705 1047 898 1113 Ponto,
934 1053 1026 1104 sed
1054 1052 1384 1122 interruptos
1414 1071 1478 1112 ac
1514 1059 1737 1117 minime

185 1137 464 1191 continuos.
495 1138 625 1193 Illuc
658 1141 803 1193 enim
838 1156 896 1196 se
936 1144 1161 1198 contulit
1197 1159 1338 1201 anno
1365 1147 1492 1218 358,
1515 1154 1740 1223 presby-

186 1239 258 1283 ter
281 1243 410 1282 anno
459 1228 567 1282 562
611 1241 829 1286 creatus
876 1234 1034 1288 rediit
1073 1236 1126 1289 in
1177 1236 1408 1294 Pontum
1441 1256 1584 1297 anno
1609 1244 1735 1310 565,

184 1324 365 1394 ibique,
394 1334 452 1378 ut
478 1325 755 1380 existimat
781 1327 1181 1397 Tillemontius,
1230 1348 1403 1406 usque
1434 1336 1500 1390 ad
1531 1352 1733 1392 annum

183 1414 275 1470 366
318 1417 529 1472 resedit.

243 1508 300 1561 3°
328 1508 462 1563 Duas
501 1511 766 1565 habemus
796 1511 986 1566 Basilii
1021 1515 1088 1568 ad
1124 1512 1408 1572 Leontium
1451 1521 1734 1589 epistolas,

184 1611 302 1665 quae,
328 1607 383 1650 ut
418 1599 577 1654 modo
622 1601 945 1668 videbimus,
991 1604 1132 1660 notis
1165 1609 1292 1661 anni
1336 1607 1443 1662 ’564
1483 1615 1738 1667 exeuntis

183 1689 382 1758 signata:
410 1700 552 1744 sunt.
583 1691 795 1746 Eaedem
822 1694 974 1750 initio
997 1697 1286 1751 sacerdotii
1312 1701 1526 1769 scripta:
1550 1704 1738 1758 viden-

1840 525 2026 564 versus
2061 507 2501 562 Proverbiorum.
2539 505 2595 560 ln
2647 503 2946 574 primordio
2974 503 3117 556 enim
3174 501 3413 557 declarat

1838 615 1896 654 se
1924 599 2147 654 obedire
2171 598 2389 667 benigno
2431 597 2595 664 patri,
2633 595 2720 665 qui
2753 609 2895 646 more
2927 594 3212 661 peritorum
3252 607 3412 645 uena-

1837 703 2009 746 torum
2046 694 2104 744 in
2145 690 2273 743 locis
2320 690 2582 759 difﬁcilem
2629 688 2831 740 aditum
2879 685 3210 747 habentibus,
3263 682 3416 746 quasi

1837 783 2000 836 catuli
2037 781 2267 851 alicujus
2293 797 2502 833 cursum
2530 778 2754 845 experiri
2771 777 2963 836 volens,
2998 773 3412 827 Proverbiorum

1839 877 2168 946 principium
2213 881 2575 944 proposuerat
2614 869 3013 939 exponendum.
3058 866 3202 920 Inter
3230 864 3415 918 Basilii

1839 970 2095 1025 homilias
2150 969 2266 1023 haec
2313 966 2422 1022 sola
2459 964 2718 1027 occurrit,
2749 977 2870 1030 qua:
2923 974 3108 1013 coram
3156 964 3414 1026 episcopo

1837 1061 2028 1114 habita
2062 1057 2346 1123 videatur;
2391 1055 2500 1110 sola
2545 1054 2688 1108 enim
2743 1059 3061 1122 praesentem
3103 1047 3414 1117 episc-Opum

1839 1149 2135 1206 honoriﬁce
2165 1148 2386 1202 salutat.

1909 1239 2180 1296 Caeterum
2218 1255 2322 1293 non
2356 1239 2409 1292 in
2449 1237 2564 1292 solo
2593 1235 2742 1291 verbi
2779 1231 3078 1287 ministerio
3118 1228 3415 1284 Eusebium

1831 1333 2058 1402 juvabat
2079 1331 2311 1386 Basilius
2337 1373 2352 1398 ,
2403 1330 2496 1385 sed
2528 1332 2710 1398 plures
2745 1324 3002 1380 Ecclesiae
3029 1320 3416 1376 administran-

1839 1429 1922 1484 dae
1951 1439 2135 1498 partes
2167 1427 2214 1482 ei
2262 1426 2568 1480 commissa:
2621 1423 2888 1477 videntur.
2927 1417 3060 1472 Nam
3114 1417 3315 1472 crebras
3339 1415 3417 1469 illi

1838 1520 2219 1591 occupationes
2267 1533 2457 1588 parum
2511 1515 2608 1569 otii
2643 1513 3044 1581 relinquebant,
3084 1518 3142 1563 ut
3187 1509 3301 1578 ipse
3337 1516 3418 1562 te-

1840 1622 2018 1670 statur
2038 1613 2090 1666 in
2117 1611 2276 1681 epist.
2311 1609 2402 1664 20.
2445 1607 2614 1676 Hujus
2647 1615 2823 1660 autem
2856 1611 2912 1659 et
2935 1603 3204 1658 vicesimae
3229 1601 3418 1670 primae

1846 1704 2145 1760 scribendae
2170 1717 2230 1757 ea
2261 1701 2362 1756 fuit
2414 1700 2630 1755 occasio
2661 1717 2673 1751 :
2709 1698 2840 1752 Cum
2873 1694 3132 1750 Leontius
3175 1692 3414 1761 sophista

183 1788 273 1831 tur.
300 1780 382 1833 Ait
405 1782 547 1836 enim
584 1800 596 1836 :
630 1781 798 1837 Nobis
821 1785 959 1838 enim
987 1786 1185 1842 crebra:
1207 1789 1314 1843 illm
1341 1795 1736 1860 occupationes,
1769 1769 1813 1824 Β
1844 1795 2108 1849 Basilium
2138 1803 2450 1849 accusasset
2475 1791 2616 1862 quod
2651 1803 2776 1843 raro
2809 1788 2877 1842 ad
2908 1802 2967 1842 se
2991 1787 3278 1851 scriberet,
3311 1785 3420 1840 cri-

179 1869 344 1937 quibus
375 1888 510 1924 nunc
537 1874 872 1942 distinemur,
904 1878 1296 1932 excusationem
1317 1881 1455 1949 forte
1483 1884 1734 1952 a/ferant,

179 1962 219 2013 si
237 1962 413 2016 litteris
452 1964 703 2020 desimus.
733 1967 792 2020 4ο
817 1967 1009 2024 Libros
1042 1970 1092 2024 in
1142 1971 1462 2030 Eunomium
1504 1979 1739 2048 scriptos

179 2067 285 2106 esse
307 2056 638 2110 ostendimus
677 2072 820 2113 anno
852 2059 977 2114 563.
1027 2060 1214 2131 Longe
1252 2075 1434 2120 autem
1479 2069 1740 2138 probabi-

177 2140 271 2198 lius
311 2152 434 2200 tunc
475 2145 734 2202 Basiliam
779 2151 955 2208 adhuc
1001 2153 1056 2207 in
1108 2155 1398 2212 solitudine
1447 2163 1737 2228 resedisse,

179 2245 320 2299 quam
348 2235 579 2291 insolitis
627 2242 916 2297 sacerdotii
963 2244 1409 2314 occupationibus
1439 2249 1738 2308 diliicillimi

180 2327 343 2391 operis
377 2326 613 2382 laborem
641 2329 938 2388 addidisse.

239 2413 344 2470 Non
371 2419 583 2474 videtur
627 2433 750 2476 ante
786 2439 1024 2478 mensem
1073 2424 1446 2497 Septembrem
1476 2431 1592 2486 haec
1618 2449 1740 2502 per-

179 2518 285 2562 acta
336 2511 627 2567 ordinatio.
671 2513 855 2583 Neque
875 2517 1016 2570 enim
1046 2529 1174 2574 ante
1206 2521 1310 2576 hoc
1338 2529 1548 2591 tempus
1572 2527 1739 2578 verti-

179 2614 280 2654 cem
321 2604 540 2658 sustulit
581 2606 825 2664 haeresis.
856 2606 1104 2674 Quandiu
1146 2612 1196 2664 in
1233 2612 1458 2670 Oriente
1502 2616 1605 2670 fuit
1639 2616 1740 2669 Va-

181 2679 506 2759 lentinianus',
541 2697 680 2750 nihil
725 2702 1073 2755 metuendum
1106 2701 1207 2757 fuit
1253 2704 1321 2759 ab
1361 2707 1737 2763 haereticorum

178 2786 418 2850 p0tentia.
445 2787 646 2844 Valens
671 2789 754 2844 die
775 2790 844 2845 28
872 2790 1044 2847 Martii
1067 2793 1340 2865 Augustus
1365 2800 1735 2868 renuntiatus,

179 2876 341 2943 elapso
381 2879 623 2962 circiter.
660 2898 846 2937 mense
876 2883 1103 2940 fratrem
1144 2887 1404 2944 Sirmium
1437 2907 1607 2962 usque
1642 2910 1735 2950 co-

179 2967 377 3023 mitatus
401 2983 484 3026 eSt
512 2957 626 3042 (ir);
661 2983 715 3027 et
746 2990 870 3029 cum
913 2975 966 3030 in
1003 2981 1278 3037 nonnullis
1307 2982 1619 3041 civitatibus
1651 2988 1738 3040 in-

178 3059 394 3126 tcrjectis
428 3067 566 3118 satis
605 3066 694 3118 diu
722 3069 918 3122 morati
955 3070 1178 3137 fuerint,
1207 3073 1298 3127 vix
1341 3077 1515 3143 potuit
1541 3076 1738 3135 Valens

177 3160 288 3204 ante
313 3167 554 3210 mensem
581 3155 956 3226 Septembrem
981 3160 1499 3234 ConstantinOpolim
1534 3170 1736 3225 redire.

175 3240 422 3300 Redeunti
451 3259 816 3304 occurrerunt
850 3250 1123 3310 Heraclea:
1151 3256 1308 3327 legati
1337 3259 1691 3330 Lampsaceni
1719 3280 1736 3330 ;

173 3334 278 3402 sed,
307 3351 424 3391 cum
462 3339 580 3408 jam
621 3341 769 3395 illum
819 3343 874 3395 in
919 3358 1046 3398 suas
1108 3357 1286 3415 partes
1334 3352 1585 3406 traxisset
1631 3353 1740 3407 Eu-

173 3427 367 3493 doxius,
405 3433 670 3500 praecepit
706 3432 902 3502 legatis
944 3445 1003 3487 ut
1049 3436 1294 3493 Eudoxio
1324 3455 1446 3496 sese
1481 3442 1741 3514 adjunge-

174 3529 318 3574 rent:
348 3532 646 3577 renuentes
669 3524 930 3579 iracunde
954 3528 1159 3583 dimisit
1195 3544 1260 3584 ac
1292 3531 1588 3588 Ecclesiam
1618 3551 1741 3604 per-

173 3614 311 3681 sequi
355 3616 542 3683 cuzpit.
584 3615 709 3670 Haec
739 3618 912 3686 prima
951 3619 1051 3673 fuit
1078 3621 1458 3678 haereticorum
1503 3627 1604 3681 sub
1635 3629 1738 3683 Va-

173 3702 302 3758 lente
335 3705 544 3760 nefaria
574 3709 802 3776 molitio,
842 3709 996 3779 cujus
1031 3713 1174 3768 fama
1213 3715 1326 3782 jam
1360 3717 1412 3770 in
1455 3718 1737 3788 Cappado-

175 3794 296 3848 ciam
322 3788 528 3866 perlata
558 3798 753 3865 fuerat,
782 3817 904 3855 cum
938 3802 1192 3858 Basiliam
1220 3822 1407 3862 recens
1430 3811 1737 3866 ordinatum

175 3888 363 3942 monuit
387 3888 708 3960 Gregorius,
736 3903 997 3962 quantum
1031 3897 1098 3950 ab
1127 3897 1398 3954 haereticis
1431 3901 1731 3970 periculum

175 3981 480 4037 immineret.
526 3983 713 4039 Basilii
757 3988 1156 4046 ordinationem
1212 3993 1424 4064 longius
1457 4011 1485 4049 a
1547 4013 1735 4053 mense

177 4066 462 4138 Septembri
505 4089 791 4132 removere
834 4095 940 4132 nun
984 4081 1186 4145 sinunt,
1219 4099 1337 4152 quae
1382 4087 1449 4140 ab
1481 4101 1546 4142 eo
1589 4089 1739 4143 deiu-

174 4174 304 4229 ceps,
351 4180 527 4235 usque
577 4167 645 4220 ad
696 4168 940 4226 Valentis
987 4175 1276 4229 adventum
1330 4187 1481 4246 gesta
1550 4195 1740 4234 narra-

172 4251 353 4309 bimus.

234 4347 312 4402 Ill.
339 4350 580 4408 Evectus
627 4355 693 4408 ad
724 4357 1081 4412 sacerdotium
1113 4358 1344 4416 Basilius
1387 4362 1587 4430 locum,
1631 4379 1736 4419 non

1842 1904 1964 1944 men
1994 1889 2049 1942 in
2076 1887 2361 1944 Leontium
2392 1894 2666 1953 retorquet
2690 1884 2935 1946 Basilius,
2967 1893 3196 1948 eumque
3215 1893 3279 1934 eo
3310 1892 3422 1931 ma-

1844 1979 1926 2052 gis
1951 1979 2279 2048 culpandum
2318 1979 2676 2039 demonstrat,
2721 1975 2864 2045 quod
2908 1981 2962 2027 et
3001 1971 3259 2041 plurimas
3281 1969 3420 2024 scri-

1843 2072 2002 2127 bendi
2033 2072 2346 2126 occasiones
2385 2071 2603 2133 habeat,
2630 2077 2704 2135 et,
2727 2077 2784 2121 ut
2807 2066 3070 2136 sophista,
3094 2062 3421 2132 loquacissi-

1844 2180 1963 2220 mus
1997 2165 2068 2220 sit
2104 2183 2116 2218 :
2156 2179 2253 2219 cur
2303 2172 2481 2218 autem
2523 2162 2635 2230 ipse
2659 2159 2834 2214 rarius
2859 2155 3158 2224 scripserit,
3194 2158 3420 2207 excusat

1844 2257 2066 2312 crebras
2105 2254 2489 2325 occupationes
2524 2252 2721 2321 quibus
2761 2249 3073 2310 distinetur,
3115 2251 3170 2299 et
3199 2250 3421 2298 contra-

1844 2358 1985 2403 ctam
2032 2363 2098 2403 ex
2152 2345 2394 2416 vulgaris
2445 2343 2713 2400 sermonis
2745 2357 2842 2396 usu
2885 2339 3175 2409 aeruginem
3229 2347 3419 2406 quam-

1842 2442 1992 2506 dam,
2031 2456 2152 2511 quze
2190 2439 2460 2508 sophistas
2515 2437 2716 2505 alloqui
2775 2435 3075 2506 prohibeat.
3122 2427 3419 2499 Respondit

1844 2533 2101 2588 Leontius
2127 2542 2182 2586 et
2201 2531 2474 2586 lulianum
2503 2528 2788 2598 quemdam
2814 2525 3098 2588 incusavit,
3129 2521 3270 2591 quod
3290 2533 3417 2574 suas

1843 2623 2045 2679 Basilio
2081 2623 2288 2677 litteras
2316 2637 2426 2676 non
2465 2619 2807 2674 reddidisset.
2843 2615 2979 2669 Tum
3022 2611 3252 2668 Basilius
3294 2624 3420 2679 per-

1844 2726 2000 2770 acute
2025 2715 2292 2770 Julianum
2323 2719 2598 2781 comparat
2631 2725 2750 2766 cum
2781 2709 2842 2762 iis
2873 2723 2901 2760 a
2937 2705 3132 2775 quibus
3167 2713 3294 2756 tunc
3325 2715 3417 2752 an-

1845 2807 1994 2873 tiqua
2034 2805 2214 2858 debita
2257 2801 2675 2869 reposcebantur
2718 2817 2730 2851 :
2773 2795 3047 2882 etquaerit
3077 2808 3143 2848 ex
3188 2791 3415 2882 Leontio

1844 2913 1972 2952 num
2002 2897 2048 2950 ei
2082 2894 2290 2966 placeat
2323 2890 2733 2948 celeberrimum
2772 2887 2897 2942 illud
2928 2885 3234 2953 tetraplum,
3268 2881 3414 2951 quod

1845 2997 1972 3043 tunc
2016 2987 2188 3057 pluris
2224 2986 2495 3040 faciebant
2544 2980 2785 3053 pecuniae
2817 2978 3044 3048 publica:
3076 2975 3412 3034 collectores,

1845 3096 2007 3151 quam
2031 3079 2368 3150 Pythagorrei
2411 3075 2719 3144 Tetractyn.
2759 3071 2852 3125 llis
2889 3067 3161 3138 leporibus
3193 3063 3417 3118 notabat

1843 3172 2073 3227 Basilius
2095 3169 2469 3225 crudelitatem
2511 3165 2770 3227 Petronii,
2801 3161 2976 3216 soceri
3003 3157 3263 3219 Valentis,
3297 3156 3412 3224 qui,

1843 3273 1903 3320 ut
1956 3264 2030 3317 ait
2061 3263 2380 3316 Ammianus
2406 3261 2503 3331 (c),
2544 3259 2612 3312 ad
2645 3255 2919 3310 nudandos
2961 3253 3068 3306 sine
3098 3248 3415 3302 discretione

1843 3363 2054 3408 cunctos
2080 3353 2376 3405 immaniter
2393 3351 2648 3418 ﬂagrans,
2681 3355 2916 3400 nocentes
2937 3343 3132 3412 pariter
3161 3350 3205 3394 et
3235 3339 3414 3392 inson-

1843 3457 1917 3501 tes
1954 3455 2069 3515 post
2101 3446 2355 3513 exquisita
2397 3451 2655 3497 tormenta
2676 3435 2955 3510 quadrupli
2985 3433 3197 3531 nexibus
3219 3431 3414 3531 vinciet

1843 3537 1953 3603 bat,
1983 3537 2156 3589 debita
2181 3536 2298 3604 jam
2321 3533 2440 3586 inde
2463 3551 2494 3586 a
2525 3530 2838 3599 temporibus
2868 3525 3114 3595 principis
3138 3521 3412 3577 Aureliani

1841 3637 2196 3696 perscrutans,
2218 3636 2267 3678 et
2297 3624 2555 3692 impendio
2583 3637 2823 3684 moerens,
2841 3619 2885 3672 si
2905 3630 3214 3688 quemquam
3236 3610 3412 3665 absol-

1841 3718 1992 3772 visset
2024 3716 2335 3770 indemnem.
2373 3714 2498 3767 Ha‘c
2518 3722 2696 3766 autem
2721 3709 2956 3765 Petronii
2984 3705 3293 3767 crudelitas,
3325 3715 3412 3754 eo-

1843 3811 1965 3864 dem
1995 3817 2130 3863 tesle
2160 3807 2468 3868 Ammiano,
2495 3819 2618 3858 cum
2641 3801 2879 3855 omnium
2905 3799 3113 3852 animos
3146 3796 3198 3848 in
3225 3791 3417 3847 Valen-

1843 3910 1950 3955 tem
1999 3899 2383 3960 exulcerasset,
2435 3909 2584 3964 spem
2636 3893 2822 3962 injecit
2871 3887 3134 3955 Procopio
3167 3883 3412 3954 potiundi

1843 3994 2075 4062 imperii,
2113 3991 2255 4060 quod
2289 3990 2504 4043 tandem
2550 3984 2834 4053 occupavit
2866 3996 3007 4035 anno
3037 3978 3159 4032 365.
3190 3975 3410 4030 Utram-

1842 4100 1947 4154 que
1974 4098 2104 4152 ergo
2130 4082 2411 4152 epistolam
2451 4093 2557 4132 non
2602 4074 2873 4129 immerito
2904 4070 3184 4168 referimus
3213 4067 3279 4121 ad
3313 4082 3412 4168 an-

1841 4190 1969 4229 num
2001 4173 2103 4228 564
2127 4181 2435 4236 exetmtem,
2463 4178 2552 4222 aut
2580 4166 2684 4221 ’565
2718 4167 3009 4219 ineuntem.
3051 4159 3236 4214 Serius
3262 4159 3410 4212 enim

1840 4266 2088 4322 collocari
2137 4281 2242 4318 non
2290 4264 2508 4324 debent,
2543 4260 2667 4328 quia
2701 4257 2928 4311 Basilius
2956 4254 3100 4307 circa
3144 4251 3245 4304 hoc
3275 4258 3409 4302 tem-

1839 4373 1940 4429 pus
1971 4358 2212 4413 Cmsarea
2241 4356 2508 4411 discessit.

174 4439 464 4498 institutum
518 4447 772 4502 mutavit.
834 4448 1296 4515 Quemadmodum
1343 4455 1488 4509 enim
1541 4471 1606 4510 ex
1648 4472 1737 4512 so-
1767 4453 1812 4507 D
1914 4450 2050 4504 Cum
2098 4448 2362 4503 scriberet
2403 4445 2599 4500 Basilio
2641 4441 2932 4511 Gregorius
2978 4451 3128 4492 more
3168 4449 3265 4490 suo
3292 4447 3410 4501 epi-

172 4531 384 4591 litudine
424 4537 622 4591 urbem
672 4537 930 4596 eﬂ'ecerat
975 4543 1156 4598 studio
1187 4542 1413 4611 juvandi
1459 4548 1732 4616 proximi,

173 4624 238 4678 ita
275 4627 326 4680 in
355 4631 491 4685 urbe
537 4641 792 4701 tanquam
834 4633 886 4687 in
935 4634 1222 4690 solitudine
1257 4639 1467 4693 versari
1503 4640 1730 4709 sciebat,

174 4724 298 4771 teste
323 4719 574 4791 Nysseno
597 4724 692 4793 (ὁ),
718 4739 817 4778 nec
844 4725 1123 4781 hominum
1153 4728 1460 4798 frequentia
1509 4746 1607 4788 nec
1638 4747 1736 4787 ne-

174 4812 423 4877 gotiorum
459 4815 807 4870 multitudine
833 4831 862 4869 a
890 4817 980 4886 pio
1016 4827 1072 4874 et
1098 4829 1258 4875 cauto
1287 4821 1501 4876 vivendi
1538 4838 1735 4892 genere

176 4914 432 4960 avocatus.
462 4907 718 4977 Magnum
755 4924 885 4965 sane
916 4912 1224 4980 praesidium
1249 4915 1456 4970 exstitit
1482 4916 1736 4972 Ecclesiae

175 4993 483 5052 Caesariensi
517 5000 570 5052 in
601 4999 867 5068 ejusmodi
903 5004 1234 5073 presbytero,
1277 5006 1367 5074 qui
1397 5017 1594 5075 praeter
1622 5008 1735 5063 elo-

178 5089 465 5155 quentiam,
514 5105 621 5159 qua
658 5093 930 5159 sophistas
966 5108 1155 5149 omnes
1199 5096 1341 5150 illius
1365 5099 1544 5152 aetatis
1571 5101 1732 5168 longe

178 5180 472 5247 superabat,
515 5197 610 5250 per
659 5191 785 5236 octo
825 5196 996 5238 annos
1045 5198 1167 5239 sese
1199 5195 1520 5242 exercuerat
1559 5189 1615 5243 in
1647 5204 1737 5243 sa-

177 5271 275 5324 cris
303 5272 602 5341 Scriptnris
653 5273 916 5344 legendis,
969 5277 1022 5330 in
1058 5279 1363 5333 meditanda
1416 5293 1482 5334 ac
1532 5295 1735 5350 propu-

178 5363 372 5428 gnanda
412 5365 672 5421 Ecclesiae
700 5369 968 5432 doctrina,
1001 5383 1064 5423 ac
1090 5370 1140 5422 in
1166 5370 1417 5425 omnibus
1447 5371 1738 5426 monastici

180 5449 399 5508 instituti
433 5456 1103 5529 virtutibus‘excolendis.
1146 5459 1325 5516 Prima
1369 5461 1520 5528 illius
1558 5463 1733 5519 oratio

242 5631 312 5702 (ιι)
335 5641 455 5689 Am.
480 5636 519 5690 l.
544 5653 688 5696 xxvr.
721 5652 769 5691 c.
802 5638 856 5691 4.

244 5704 310 5771 (b)
339 5705 416 5761 De
443 5707 639 5772 Basil.,
663 5718 790 5763 tom.
810 5706 891 5775 Ill,
915 5725 965 5776 p.
995 5709 1140 5834 188.ι

1847 4542 2037 4597 stolam
2066 4539 2245 4594 verbis
2271 4538 2512 4600 brevem,
2541 4533 2821 4590 sententiis
2861 4529 3154 4601 copiosam,
3189 4523 3414 4579 tabella-

1847 4635 1980 4697 rius,
2031 4633 2251 4687 absente
2295 4628 2516 4692 Basilio,
2557 4626 2836 4696 epistolam
2886 4619 3160 4678 commisit
3212 4617 3404 4716 uniex

1846 4723 2027 4779 Basilii
2053 4722 2242 4776 amicis
2271 4737 2284 4772 :
2315 4734 2383 4774 ex
2407 4734 2514 4789 quo
2541 4717 2768 4786 conjicio
2792 4729 2912 4768 eum
2937 4712 3194 4767 Caesarea:
3228 4712 3409 4777 potius

1847 4832 2004 4886 quam
2037 4815 2091 4868 in
2126 4814 2296 4869 Ponto
2345 4810 2676 4868 domicilium
2714 4807 2992 4862 habuisse.
3025 4802 3159 4857 Nam
3203 4799 3258 4853 in
3293 4811 3410 4850 mo-

1843 4909 2084 4964 nasterio
2133 4909 2330 4964 tradita
2365 4906 2554 4960 fuisset
2591 4902 2812 4971 epistola
2850 4901 2923 4964 ci,
2965 4899 3030 4952 ad
3075 4909 3234 4966 quem
3282 4907 3411 4947 cura

1844 4999 2109 5068 ejusmodi
2141 5014 2322 5054 rerum
2352 4996 2663 5069 pertinebat
2697 5011 2710 5048 :
2747 5007 2846 5048 nec
2883 4987 3160 5060 quaerendi
3186 4986 3238 5039 in
3269 4985 3412 5038 hunc

1845 5107 2000 5147 usum
2027 5091 2255 5146 fuissent
2279 5088 2460 5143 Basilii
2490 5086 2808 5140 familiares.
2843 5083 3152 5150 Respondet
3178 5077 3412 5132 Basilius

1846 5199 1940 5255 per
1964 5184 2205 5248 Petrum,
2231 5197 2391 5252 quem
2425 5182 2590 5250 ipsius
2618 5178 2838 5233 fratrem
2865 5176 3034 5232 fuisse
3059 5173 3226 5228 nolim
3260 5184 3412 5224 asse-

1846 5291 2054 5344 verare,
2090 5277 2289 5347 quippe
2319 5291 2441 5331 cum
2473 5291 2597 5331 eum
2640 5274 2708 5355 de
2743 5287 2891 5327 more
2918 5269 3148 5326 Basilius
3181 5265 3407 5320 fratrem

1845 5381 2002 5423 suum
2045 5383 2150 5421 non
2183 5366 2436 5436 appellet.

1845 5525 1850 5530 _
1917 5459 2008 5517 ιν.
2037 5461 2113 5515 Eo
2155 5461 2375 5515 charior
2409 5459 2640 5518 Eusebio
2679 5463 2956 5539 debuisset
2999 5469 3124 5536 esse
3149 5451 3404 5517 Basilius:

1913 5644 1983 5717 (c)
2004 5646 2121 5703 Lib.
2153 5663 2296 5714 xxvr,
2325 5663 2372 5703 c.
2410 5650 2462 5704 6.
