3820 6210
372 344 442 385 XI.
1719 323 2255 383 PROLEGOMENA.

373 462 480 518 quo
505 448 677 518 magis
709 461 828 502 eum
851 445 920 514 ;in
972 444 1191 500 ferendo
1222 444 1565 515 episcopatus
1595 459 1760 500 onere
1785 443 1942 514 juva-
1971 452 2016 508 Α
2045 459 2229 508 causa,
2267 441 2597 510 abduxisset,
2636 441 2775 498 idem
2803 442 2944 498 illius
2974 442 3203 497 reditum
3245 441 3309 496 ad
3367 440 3632 499 Ecclesiae

376 542 488 596 bat.
537 539 642 593 Sed
699 539 947 608 quamvis
994 536 1287 607 Gregorius
1335 537 1691 592 dissensionis
1727 553 1949 592 causam

375 629 624 683 consulto
648 638 842 691 taceat,
869 629 1082 682 videtur
1111 627 1295 681 Basilii
1339 628 1478 681 fama
1511 638 1564 683 et
1595 644 1841 684 summus
1871 630 1949 682 in-

375 720 516 786 genii
551 728 607 772 et
635 719 892 772 doctrina:
932 717 1187 786 splendor
1219 718 1405 772 oculos
1460 717 1676 774 Eusebii
1725 719 1946 774 laesisse.

376 807 509 860 Erat
537 808 682 862 enim
715 807 982 861 Eusebius
1007 816 1200 860 caetera
1228 809 1444 876 quidem
1475 808 1631 862 fortis
1667 819 1722 863 et
1753 811 1950 878 pietate

379 897 728 964 conspicuus,
762 905 820 949 ut
859 895 1160 964 persecutio
1187 896 1514 961 declaravit;
1543 901 1636 953 sed
1661 910 1839 952 tamen
1867 917 1951 954 re-

379 1003 508 1043 cens
542 989 593 1041 in
623 987 878 1042 cathedra
907 987 1200 1042 collocatus
1232 987 1333 1058 (a),
1365 991 1602 1044 nondum
1631 1006 1820 1046 omnes
1851 1008 1951 1046 sre-

380 1080 484 1133 euli
523 1079 752 1134 aﬂ'cctus
789 1081 1135 1148 deposuerat,
1165 1096 1228 1135 ac
1271 1083 1488 1135 humani
1529 1082 1728 1152 aliquid
1758 1100 1949 1154 passus

379 1182 482 1238 est,
521 1182 575 1226 et
619 1172 874 1225 Basilium
911 1173 979 1226 ab
1022 1171 1278 1226 Ecclesiae
1323 1174 1792 1231 administratione
1838 1192 1948 1232 non

378 1264 494 1318 sine
531 1263 832 1332 ignominia
890 1264 1143 1317 removit.
1193 1263 1394 1317 Ducem
1431 1281 1585 1319 suum
1633 1267 1711 1322 sic
1751 1267 1948 1337 injuria

377 1353 625 1408 allectum
666 1363 721 1407 et
763 1350 1020 1420 reiectum
1071 1355 1322 1408 monachi
1386 1355 1750 1413 Gmsarienses
1804 1358 1949 1413 ferre

376 1460 488 1500 non
524 1453 818 1514 potuerunt
847 1443 954 1515 (b);
1007 1444 1098 1500 sed
1133 1446 1311 1498 statim
1355 1447 1545 1501 audaci
1594 1448 1836 1505 facinore
1881 1451 1949 1506 ab

375 1536 614 1607 episcopi
648 1538 1026 1591 communione
1057 1539 1308 1592 recedere
1353 1546 1617 1605 statuunt,
1659 1556 1949 1612 secumque

378 1639 587 1699 partem
615 1628 788 1697 plebis
813 1638 869 1683 et
897 1629 1282 1684 honoratormn
1313 1646 1420 1685 non
1455 1633 1705 1701 exiguam
1735 1635 1948 1690 abstra-

376 1721 530 1776 hunt.
567 1721 708 1787 Erat
746 1721 1006 1792 perfacile
1056 1722 1290 1777 schisma
1333 1722 1590 1790 conflare,
1653 1726 1825 1782 tribus
1881 1726 1948 1782 de

377 1813 559 1875 causis
587 1830 600 1865 :
652 1827 813 1868 nemo
847 1813 1211 1868 venerabilior
1239 1829 1305 1869 eo
1337 1815 1421 1868 cui
1455 1814 1595 1872 facta
1628 1816 1850 1887 injuria,
1883 1832 1946 1874 ac

375 1905 602 1960 idoneus
635 1912 754 1960 erat
774 1904 891 1975 qui,
927 1904 971 1960 si
996 1903 1273 1974 voluisset,
1300 1907 1468 1962 robur
1489 1917 1542 1962 et
1572 1907 1825 1964 ﬁduciam
1857 1911 1946 1966 ad.

374 1995 528 2051 deret
559 1994 784 2051 factioni
810 2014 824 2064 ;
881 1994 1151 2051 Eusebius
1177 1997 1383 2051 civitati
1413 2008 1698 2068 suspectus
1726 2009 1946 2072 propter

374 2087 810 2160 ordinationem;
853 2087 1082 2142 aderant
1121 2101 1186 2141 ex
1222 2085 1516 2144 Occidente
1556 2091 1820 2161 episcopi,
1855 2093 1943 2162 qui

374 2193 563 2233 omnes
592 2178 923 2234 orthodoxos
956 2179 1008 2233 in
1045 2194 1176 2235 suas
1205 2189 1389 2249 partes
1439 2183 1848 2250 pertrahebant.
1878 2187 1946 2238 At

374 2270 610 2325 Basilius
640 2287 746 2326 non
787 2271 832 2326 is
861 2281 1000 2338 erat,
1038 2272 1129 2342 qui
1170 2281 1263 2326 aut
1312 2273 1380 2326 iis
1414 2287 1549 2342 quos
1583 2274 1944 2347 adversarios,

377 2373 471 2416 aut
516 2363 584 2416 iis
615 2378 752 2432 quos
791 2363 1019 2416 nimium
1057 2363 1141 2418 sui
1184 2363 1455 2418 studiosos
1496 2363 1756 2432 habebat,
1794 2366 1946 2421 oblu-

374 2455 510 2507 ctari
539 2454 723 2518 vellet,
752 2462 844 2508 aut
872 2452 1169 2509 Ecclesiam
1205 2470 1302 2509 sua
1333 2469 1496 2510 causa
1539 2455 1820 2510 dilacerari
1855 2473 1946 2526 pa-

375 2553 607 2610 teretur,
648 2561 770 2598 cum
814 2545 1115 2614 p'rzesertim
1160 2545 1375 2601 aliunde
1405 2558 1764 2616 oppugnatam
1805 2557 1857 2601 et
1890 2549 1942 2603 in

373 2635 672 2706 periculum
703 2635 1004 2705 coniectam
1042 2637 1251 2692 videret
1283 2638 1352 2691 ob
1404 2637 1813 2704 haereticorum,
1855 2639 1943 2708 qui

376 2736 504 2782 tunc
535 2727 808 2797 vigebant,
844 2727 1196 2782 dominatum.
1231 2727 1411 2795 Quare
1443 2728 1756 2784 consiliario
1790 2738 1945 2785 utens
1973 2720 1977 2724 ’

375 2825 432 2871 et
457 2817 733 2873 hortatore
765 2817 1030 2894 Gregorio
1075 2820 1212 2891 fugit
1240 2837 1363 2876 cum
1393 2821 1485 2875 illo
1511 2822 1564 2875 in
1612 2821 1859 2887 Pontum,
1891 2833 1947 2878 et

377 2913 727 2977 monasteria,
767 2928 884 2984 quae
929 2913 1044 2969 illic
1090 2926 1270 2980 erant,
1317 2916 1602 2986 gubernat.
1649 2915 1946 2986 Episcopos

377 3004 497 3060 illos
543 3005 906 3062 occidentales
935 3009 1247 3063 existimant
1285 3010 1482 3064 eruditi
1519 3009 1621 3064 viri
1653 3010 1942 3065 Eusebium

376 3110 497 3151 esse
541 3097 944 3153 Vercellensem
993 3115 1114 3154 cum
1161 3101 1281 3154 aliis
1325 3101 1621 3165 nonnullis,
1672 3101 1762 3172 qui
1791 3101 1946 3156 nobis

375 3188 575 3259 cogniti
613 3204 718 3244 non
763 3200 910 3245 sunt.
953 3190 1160 3245 Revera
1212 3202 1437 3247 narrant
1471 3194 1725 3248 Socrates
1777 3193 1848 3264 (ε)
1895 3203 1950 3250 et

375 3279 601 3336 Ruﬁnus
651 3283 728 3351 (ιι)
787 3282 879 3352 δέ,
904 3282 1218 3349 Eusebium,
1282 3285 1567 3339 Antiochia
1623 3286 1945 3355 digressum,

377 3372 613 3427 Orientis
645 3373 918 3428 Ecclesias
957 3389 1296 3444 peragrasse.
1331 3376 1458 3430 lnde
1483 3376 1755 3430 concludit
1787 3376 1948 3433 Tille-

375 3461 613 3515 montius
636 3461 921 3516 dissidium
953 3461 1082 3516 illud
1114 3463 1181 3515 ad
1203 3478 1402 3516 annutn
1438 3461 1544 3517 565
1586 3463 1944 3519 referendum.

379 3551 513 3616 Sed,
559 3552 605 3606 si
656 3560 785 3607 tunc
819 3552 990 3608 adfuit
1022 3553 1078 3608 S.
1116 3552 1379 3609 Eusebius
1418 3553 1806 3622 Vercellensis,
1857 3573 1949 3613 ne-

376 3657 527 3702 cesse
566 3653 650 3696 est
681 3644 955 3712 longiores
985 3645 1034 3699 ei
1071 3633 1121 3699 in
1151 3645 1374 3702 Oriente
1405 3662 1587 3702 moras
1629 3649 1944 3716 attribuere,

375 3748 499 3789 cum
530 3734 718 3791 Basilii
767 3738 1042 3792 ordinatio
1089 3740 1155 3794 ad
1205 3752 1405 3794 annum
1439 3739 1542 3795 565
1594 3741 1784 3796 referri
1838 3758 1944 3796 non

374 3829 566 3896 possit.

447 3921 512 3975 γ.
547 3921 604 3976 Si
657 3921 898 3978 secessio
948 3923 1138 3982 Basilii
1192 3925 1348 3997 digna
1407 3927 1507 3982 fuit
1564 3928 1944 3991 admiratione,

375 4011 544 4066 multo
572 4011 784 4083 dignior
813 4015 1019 4070 reditus
1045 4016 1272 4071 exstitit.
1311 4016 1444 4071 Nam
1495 4033 1618 4073 cum
1668 4016 1738 4088 (e)
1775 4019 1946 4088 impe-

375 4112 526 4157 rator
551 4103 768 4168 Valens,
799 4105 918 4158 auri
965 4105 1393 4170 amantissimus,
1432 4117 1490 4161 ut
1517 4109 1596 4163 ait
1625 4107 1942 4178 Gregorius,

375 4203 428 4247 et
452 4195 654 4249 Christi
679 4197 1102 4263 inimicissimus,
1148 4195 1410 4252 Caesareae
1454 4199 1765 4255 immineret
1801 4213 1944 4252 anno

371 4285 500 4348 365,
527 4299 718 4352 agmen
746 4287 966 4356 impium
995 4302 1180 4357 agens,
1216 4288 1501 4358 episcopos
1527 4289 1778 4354 Ariauos,
1815 4305 1940 4343 cru-

373 4375 521 4430 deles
555 4374 918 4430 Ecclesiarum
966 4376 1291 4441 tetrarchas,
1323 4375 1671 4433 Caesariensis
1703 4377 1940 4433 Ecclesia

2057 535 2423 589 defensionem
2472 536 2588 604 pari
2624 536 2904 604 prudentia
2941 534 3198 590 confecit.
3227 533 3460 590 Vocatus
3497 551 3632 604 per-

2053 629 2349 684 honorifice
2374 629 2440 682 ab
2472 627 2706 682 Eusebio
2742 627 3061 682 Ctesaricnsi
3099 628 3164 680 ad
3196 626 3426 695 aliquem
3455 627 3628 695 spiri-

2052 719 2214 774 talem
2247 728 2594 785 conventum,
2636 718 2687 771 id
2716 729 2798 771 est
2841 718 2907 771 ad
2959 716 3189 784 aliquem
3225 717 3368 769 diem
3403 715 3630 780 festum,

2052 820 2265 881 gratum
2309 811 2570 876 animum,
2617 820 2804 880 utpar
2836 819 2974 873 erat,
3013 808 3342 878 significavit
3367 806 3436 876 (f)
3470 823 3484 868 ;
3527 807 3629 860 sed

2053 920 2157 958 non
2189 905 2373 958 omisit
2405 904 2746 958 occasionem
2774 902 2943 955 libere
2971 899 3357 969 conquerendi,
3378 898 3516 967 quod
3546 898 3628 950 in-

2049 993 2246 1062 juriam
2276 992 2474 1047 Basilio
2513 993 2731 1046 fecisset
2775 991 3038 1045 Eusebius
3079 998 3134 1043 et
3169 990 3346 1043 adhuc
3392 989 3624 1041 faceret.

2055 1085 2189 1137 Dum
2221 1084 2363 1137 enim
2403 1083 2503 1138 sibi
2531 1085 2791 1137 honorem
2831 1083 3011 1144 habet,
3049 1088 3356 1147 contempto
3381 1077 3585 1131 Basilio
3608 1117 3624 1140 ,

2052 1171 2193 1226 idem
2232 1188 2352 1228 eum
2383 1172 2585 1238 facere,
2621 1188 2683 1226 ac
2712 1172 2755 1226 si
2794 1173 2917 1241 quis
2950 1171 3107 1224 unius
3134 1170 3234 1222 viri
3267 1177 3428 1236 caput
3451 1167 3628 1221 altera

2052 1280 2213 1319 manu
2251 1264 2573 1330 demulceat,
2631 1263 2800 1317 altera
2849 1263 3049 1316 malam
3101 1261 3292 1324 feriat;
3339 1269 3429 1312 aut
3457 1259 3627 1312 etiam

2050 1355 2322 1411 convulsis
2357 1355 2547 1411 domus
2596 1354 2960 1410 fundamentis
3003 1355 3239 1422 parietes
3285 1354 3490 1422 pingat,
3528 1362 3623 1406 at-

2050 1465 2153 1520 que
2196 1459 2447 1504 externas
2486 1459 2665 1519 partes
2709 1458 2956 1503 exornet.
3003 1448 3297 1502 Pollieetur
3346 1461 3622 1502 summam

2049 1541 2163 1597 fore
2198 1543 2250 1597 in
2292 1558 2416 1597 eum
2447 1541 2632 1596 Basilii
2676 1539 3095 1602 observantiam,
3133 1540 3176 1592 si
3207 1554 3393 1608 aequus
3428 1539 3480 1592 in
3510 1537 3620 1592 Ba-

2049 1633 2226 1688 silium
2275 1648 2406 1688 esse
2454 1634 2618 1700 velit;
2663 1649 2721 1688 se
2775 1647 2990 1703 quoque
3039 1632 3221 1686 statim
3281 1640 3626 1696 secuturum,

2049 1727 2495 1794 quemadmodum
2529 1727 2730 1782 umbra:
2768 1741 2994 1796 corpora
3033 1735 3352 1794 sequuntur.

2123 1817 2382 1886 Quamvis
2421 1819 2840 1873 admonitionem
2881 1819 3099 1872 eximiis
3130 1816 3376 1872 laudibus
3406 1826 3624 1885 tempe-

2030 1890 2156 1975 ret,
2181 1924 2414 1980 eumque
2440 1911 2779 1966 sacerdotem
2815 1909 3046 1980 appellet
3073 1909 3336 1972 omnium,
3361 1923 3495 1976 quos
3526 1923 3631 1962 no-

2051 2002 2281 2068 verit,et
2312 2002 2418 2056 vita
2451 2011 2506 2056 et
2529 2015 2780 2058 sermone
2811 2001 3340 2070 praestantissimum,
3368 1998 3508 2052 illius
3542 2009 3628 2052 ta-

2051 2107 2176 2147 men
2220 2093 2522 2149 libertatem
2559 2093 2663 2148 sibi
2710 2093 3028 2164 injuriosam
3072 2091 3245 2146 videri
3292 2090 3629 2160 significavit

2051 2184 2330 2240 Eusebius.
2369 2183 2505 2238 Tum
2545 2185 2841 2256 Gregorius
2874 2183 2948 2254 (g)
2988 2183 3309 2238 declaratse
3341 2197 3446 2238 non
3485 2197 3624 2237 con-

2053 2277 2351 2344 tumeliose,
2381 2278 2473 2332 sed
2511 2279 2913 2333 accommodate
2948 2279 3013 2332 ad
3043 2278 3186 2347 leges
3221 2275 3443 2346 spiritus
3488 2276 3630 2331 srri-

2051 2369 2221 2437 psisse
2257 2387 2270 2422 :
2302 2383 2512 2438 aequum
2541 2369 2683 2422 enim
2713 2382 2856 2434 esse,
2890 2377 2947 2422 ut
2976 2369 3074 2422 sibi
3109 2367 3394 2433 Eusebius,
3419 2383 3622 2437 quam-

2051 2459 2132 2513 vis
2157 2459 2323 2530 gradu
2367 2459 2612 2528 superior
2634 2459 2722 2524 sit,
2752 2457 2953 2526 justam
2992 2457 3297 2512 libertatem
3331 2458 3617 2512 concedat.

2050 2550 2339 2616 Czeterum,
2371 2553 2414 2606 si
2447 2567 2504 2606 se
2538 2552 2711 2606 instar
2744 2551 2929 2606 famuli
2965 2567 3085 2607 esse
3121 2551 3268 2617 velit,
3315 2551 3514 2621 quique
3555 2564 3626 2604 ne

2051 2643 2265 2697 obtueri
2295 2642 2512 2713 quidem
2543 2643 2759 2709 debeat,
2789 2658 3073 2712 passurum
3099 2658 3156 2696 se
3185 2643 3321 2696 hanc
3345 2640 3626 2710 injuriam,

2051 2733 2144 2788 sed
2172 2732 2224 2786 id
2252 2734 2450 2802 pietate
2475 2732 2692 2788 Eusebii
2719 2749 2938 2804 prorsus
2962 2734 3236 2803 indignum
3267 2747 3406 2786 esse.
3445 2731 3627 2800 Signi-

2053 2823 2177 2878 flcat
2201 2825 2252 2878 in
2278 2824 2379 2878 alia
2405 2825 2627 2894 epistola
2661 2825 2737 2895 (h)
2771 2825 2972 2877 nullam
3012 2839 3070 2876 se
3113 2823 3461 2878 olfensionem
3503 2823 3626 2875 ani-

2053 2931 2141 2970 mo
2169 2918 2510 2986 suscepisse;
2567 2918 2684 2982 sed,
2738 2917 2950 2971 etiamsi
3007 2916 3356 2986 suscepisset,
3389 2915 3627 2970 libenter

2051 3010 2154 3063 hoc
2187 3017 2427 3078 tempore
2470 3010 2860 3078 depositurum,
2900 3023 3021 3062 cum
3051 3009 3229 3060 videat
3267 3005 3409 3060 feras
3436 3007 3490 3060 in
3515 3005 3627 3062 Ec~

2051 3101 2269 3155 clesiam
2312 3102 2598 3165 irruentes,
2646 3113 2700 3156 ct
2736 3116 2997 3168 generose
3051 3103 3393 3157 resistentem
3445 3100 3622 3155 Euse-

2050 3193 2218 3248 bium.
2261 3190 2444 3262 Itaque
2477 3203 2768 3246 venturum
2801 3208 2858 3246 se
2885 3194 3173 3261 promittit,
3211 3194 3254 3248 si
3283 3193 3352 3246 ita
3377 3193 3627 3246 videatur

2049 3284 2304 3352 Eusebio,
2350 3296 2409 3339 ut
2446 3300 2565 3338 cum
2597 3283 2737 3339 illius
2771 3283 3022 3353 precibus
3063 3299 3191 3338 suas
3229 3283 3542 3352 coniungat,
3569 3294 3627 3338 et

2049 3376 2208 3431 simul
2233 3385 2456 3446 pugnet,
2493 3390 2745 3445 eumque,
2788 3385 2847 3430 ut
2895 3377 3405 3445 prmstantissimum
3445 3375 3624 3429 athle-

2050 3476 2158 3521 tam
2185 3468 2333 3536 pueri
2359 3468 2687 3532 hortatores,
2715 3466 3100 3522 succlamando
3127 3468 3333 3521 incitet.

2117 3557 2234 3612 Non
2267 3559 2472 3628 ingrata
2513 3557 2614 3612 fuit
2642 3559 2872 3612 Eusebio
2906 3574 3070 3627 opera
3100 3559 3344 3628 Gregorii
3377 3558 3462 3630 (ἱ),
3504 3569 3622 3614 sta-

2050 3649 2255 3718 timque
2283 3650 2348 3702 ad
2373 3665 2494 3703 eum
2524 3664 2582 3702 se
2620 3649 2846 3703 contulit
2876 3648 3186 3720 Gregorius,
3220 3665 3453 3720 emnque
3486 3662 3629 3705 tem-

2047 3758 2200 3812 pore,
2228 3752 2285 3796 ttt
2317 3742 2518 3797 ferrum
2555 3743 2698 3812 igne,
2742 3743 3006 3797 mollitum
3050 3759 3170 3798 esse
3220 3744 3626 3810 animadvertit,

2047 3846 2101 3890 et
2154 3837 2220 3890 ad
2275 3836 2598 3890 reddendam
2648 3834 2849 3890 Basilio
2896 3836 3327 3891 benevolentiam
3396 3839 3624 3892 omnino

2046 3925 2399 3995 propendere.
2454 3925 2759 3990 Quinetiam
2799 3925 3124 3993 significavit
3156 3943 3214 3981 se
3245 3929 3309 3982 ad
3360 3927 3624 3982 Basilium

2045 4017 2290 4086 placandi
2339 4026 2391 4070 et
2459 4017 2750 4070 advocandi
2809 4033 2970 4073 causa
3036 4021 3394 4089 scripturum,
3453 4021 3625 4090 idque

2045 4107 2224 4176 multi,
2259 4109 2352 4177 qui
2379 4107 2596 4162 Eusebii
2642 4109 2882 4164 consiliis
2913 4109 3092 4165 intimi
3127 4121 3304 4177 crant,
3329 4111 3631 4164 confirma-

2045 4209 2192 4254 runt.
2247 4199 2440 4254 Statim
2484 4216 2610 4269 ergo
2651 4200 2945 4272 Gregorius
2990 4203 3252 4258 Basilium
3310 4204 3479 4257 totius
3540 4203 3629 4258 rei.

2044 4291 2328 4346 certiorem
2363 4292 2511 4358 facit,
2537 4307 2768 4361 eumque
2800 4293 3069 4358 hortatur,
3108 4305 3165 4350 ut
3195 4296 3507 4366 episcopum
3532 4312 3634 4350 oc-

2044 4391 2203 4452 cupet
2252 4394 2344 4438 aut
2392 4384 2731 4440 advenieudo
2784 4395 2875 4439 aut
2945 4388 3256 4454 scribendo,
3311 4388 3396 4442 vel
3447 4388 3631 4456 potius

373 4466 427 4520 in
466 4467 761 4520 maximum
790 4467 1084 4536 periculum
1119 4477 1361 4522 Venerat.
1416 4467 1550 4522 Nam
1590 4469 1937 4524 slrenuisilla
1971 4485 2016 4539 1)
2045 4475 2325 4530 scribendo
2370 4491 2432 4529 ac
2481 4477 2674 4531 deinde
2720 4480 3006 4533 veniendo.
3057 4480 3172 4533 Non
3227 4481 3375 4534 enim
3426 4479 3628 4534 honori

371 4556 591 4624 quidem
616 4555 748 4608 viris
777 4553 1102 4620 abundabat,
1134 4556 1226 4609 sed
1255 4565 1658 4626 propugnatore
1689 4556 1942 4611 destituta

370 4651 490 4698 erat
534 4657 598 4696 ac
641 4641 929 4699 defensore
966 4645 1235 4698 sermonis
1287 4655 1341 4698 et
1391 4646 1614 4712 spiritus
1676 4645 1941 4714 praesidiis

369 4735 639 4789 instructo
670 4752 684 4788 :
727 4749 828 4788 nec
855 4735 1066 4800 Ariani,
1113 4736 1200 4804 qui
1241 4735 1351 4802 jam
1388 4736 1522 4790 alias
1556 4734 1829 4790 Ecclesias
1855 4735 1934 4788 vi-

369 4839 575 4897 cerant,
611 4830 746 4886 alias
770 4831 1175 4902 oppugnabant,
1214 4831 1349 4886 alias
1373 4831 1613 4886 vieturos
1657 4845 1717 4885 se
1749 4844 1936 4900 spera-

368 4921 522 4988 bant,
547 4922 652 4977 ulla
687 4937 745 4978 re
777 4922 879 4976 alia
930 4923 1102 4992 magis
1125 4923 1479 4992 erigebantur
1506 4923 1571 4976 ad
1612 4937 1760 4990 spem
1784 4938 1937 4976 ever-

369 5013 545 5067 tendze
571 5012 849 5080 Caesarea},
891 5026 1050 5084 quam
1091 5012 1277 5066 Basilii
1317 5027 1534 5066 secessu
1563 5021 1617 5067 et
1647 5013 1801 5066 ducis
1829 5013 1934 5065 im-

367 5105 583 5173 peritia.

440 5195 546 5253 Sed
579 5212 763 5254 eorum
823 5199 984 5271 fregit
1022 5197 1244 5254 consilia
1297 5196 1591 5268 Gregorius
1636 5197 1934 5250 Nazianze-

367 5303 488 5354 nus,
523 5289 614 5358 qui
645 5305 767 5346 cum
791 5289 1045 5345 Basilium
1064 5289 1336 5357 Caesarea,
1367 5291 1514 5360 pacis
1552 5289 1933 5345 ecclesiasticae

437 5475 514 5548 (π)
546 5475 702 5544 Naz.,
737 5493 788 5547 p.
823 5477 945 5533 540.

435 5549 508 5618 (ο)
540 5549 668 5603 una.
699 5565 751 5616 ρ.
777 5550 902 5604 556.

439 5617 510 5683 (ε)
537 5617 658 5672 ‘Lib.
689 5635 769 5682 Ill,
801 5635 851 5672 (τ.
880 5620 930 5671 9.

440 5689 517 5752 (di
541 5687 657 5740 Lib.
685 5703 723 5748 ι,
751 5703 798 5739 c.
836 5688 921 5739 50.

443 5757 512 5827 (e)
537 5756 664 5810 Naz.
691 5771 772 5810 or.
805 5756 895 5809 20.
924 5760 940 5783 ·’

2044 4568 2281 4623 futurum
2315 4567 2530 4632 Basilio,
2562 4570 2604 4622 si
2639 4571 2783 4638 prior
2823 4572 3108 4640 episcopus
3147 4573 3379 4626 cessisse
3414 4574 3631 4626 videre-

2045 4669 2149 4712 tur.
2188 4657 2454 4711 Prmterea
2491 4669 2698 4728 tempus
2742 4663 3035 4730 postulare,
3075 4674 3129 4716 ut
3169 4680 3305 4732 quos
3356 4665 3626 4719 hactenus

2042 4749 2266 4804 sudores
2300 4765 2360 4803 ac
2395 4750 2604 4804 labores
2640 4755 2917 4817 sustinuit,
2957 4772 3296 4824 nequaquam
3331 4757 3454 4812 illos
3485 4769 3628 4811 tem-

2042 4843 2187 4912 poris
2231 4853 2432 4910 puncto
2477 4843 2734 4910 effundat,
2790 4847 2881 4899 sed
2925 4849 3100 4915 potius
3142 4849 3345 4903 auxilio
3372 4862 3630 4905 accurrat

2043 4931 2297 4984 Ecclesia:
2344 4930 2720 4986 hrcreticorum
2781 4949 3046 4989 concursu
3105 4948 3330 5004 vexatm,
3392 4956 3628 5010 quorum

2045 5019 2136 5070 alii
2182 5019 2292 5085 jam
2341 5020 2565 5073 aderant
2600 5033 2652 5075 et
2686 5024 2871 5078 turbas
2897 5025 3132 5094 ciebant,
3181 5029 3267 5082 alii
3308 5045 3428 5083 mox
3467 5045 3629 5087 erant

2041 5107 2278 5162 all'uturi.
2317 5108 2592 5165 l’romittit
2635 5127 2692 5166 se
2731 5117 2983 5168 comitem
3022 5118 3235 5172 itineris
3278 5121 3512 5176 libenter
3548 5124 3630 5177 fu—

2042 5210 2242 5267 turum,
2272 5201 2313 5254 si
2345 5202 2441 5255 hoc
2466 5219 2643 5271 operte
2668 5206 2899 5272 pretium
2925 5209 3197 5264 existimet
3223 5210 3475 5266 Basilius.

2115 5291 2230 5346 Non
2263 5294 2449 5348 nmltis
2477 5310 2610 5364 Opus
2649 5296 2834 5351 habuit
2855 5300 3195 5356 sermonibus
3227 5317 3490 5370 generosa
3518 5301 3628 5357 Ba-

2115 5474 2185 5544 (Γ)
2215 5474 2345 5530 Naz.
2381 5493 2465 5544 ep.
2495 5475 2586 5532 20.

2112 5547 2186 5614 (g)
2221 5547 2314 5615 Ep.
2349 5547 2469 5599 169.

2112 5617 2188 5682 (hi
2223 5617 2316 5683 Ep.
2345 5617 2466 5669 no.

2112 5685 2187 5756 (ἱ)
2221 5686 2315 5753 Ep.
2344 5686 2429 5740 19.
