3820 6210
1513 383 1674 440 VITA
1717 385 1775 442 S.
1818 387 2083 445 BASILII.
3313 417 3401 459 xu

192 486 476 547 siiiianima
509 489 607 560 to),
640 491 733 546 sed
763 493 949 547 statim
982 509 1044 550 ac
1071 495 1388 565 Gregorium
1418 500 1552 556 vidit
1575 502 1735 575 legati
1764 507 1814 568 Α
1843 507 1973 561 titur
2019 522 2197 562 rerum
2237 523 2264 560 a
2292 507 2491 563 Basilio
2545 511 2858 580 presbytero
2891 522 3162 584 gestarum
3209 520 3400 589 series,

193 596 370 636 munus
407 573 717 648 obeun'tem,
757 599 881 638 cum
934 601 999 641 eo
1030 590 1266 644 accurrit
1301 589 1627 660 Caesaream,
1669 613 1733 652 ac

192 672 334 728 nullis
355 689 568 742 prorsus
591 675 880 731 simultatis
921 678 1165 748 reliquiis
1190 681 1241 735 in
1283 685 1462 741 animo
1492 688 1730 743 residen-

190 765 318 818 tibus
345 774 507 818 totum
538 780 596 820 se
635 767 701 820 ad
729 768 1095 824 defensionem
1129 771 1380 829 Ecclesia:
1409 779 1599 832 matris
1627 779 1731 833 im-

187 857 365 924 pendit.
406 856 597 911 Omnia
630 860 816 928 quippe
850 862 1007 914 simul
1046 875 1282 932 prwstat,
1331 867 1504 936 inquit
1529 869 1732 939 Grego-

184 949 302 1010 rius,
342 949 642 1002 inimicitias
681 953 916 1020 deponit,
960 957 1240 1021 consultat,
1287 960 1451 1012 aciem
1493 961 1729 1030 instruit,

185 1037 419 1089 scandala
446 1049 492 1091 et
527 1040 866 1108 oﬁ‘endicuia,
895 1061 1012 1113 qum
1050 1046 1104 1098 in
1130 1048 1298 1100 medio
1330 1060 1499 1114 erant,
1523 1052 1731 1107 submo-

185 1137 271 1192 eet,
295 1139 577 1197 cunctaque
593 1147 675 1194 ea,
704 1148 925 1202 quorum
958 1136 1153 1202 ﬁducia
1180 1138 1258 1190 illi
1287 1156 1377 1193 nos
1405 1141 1537 1194 bello
1564 1143 1730 1198 laces-

182 1219 346 1270 sendos
382 1230 712 1284 putaverant.
759 1225 907 1279 Alios
939 1231 1183 1293 assumit,
1220 1230 1351 1284 alios
1369 1235 1571 1298 retinet,
1598 1238 1730 1292 alios

179 1309 446 1375 propulsat.
502 1312 635 1365 Aliis
685 1330 867 1368 murus
923 1317 1107 1383 ﬁrmus
1149 1330 1196 1374 et
1236 1321 1430 1376 vallum
1475 1326 1727 1394 efﬁcitur,-

181 1397 288 1451 aliis
319 1403 510 1455 securis
540 1415 739 1469 petram
767 1407 1029 1474 scindens,
1058 1421 1149 1464 aut
1187 1413 1321 1483 ignis
1361 1415 1414 1466 in
1455 1417 1641 1482 spinis,
1674 1429 1728 1470 ut

180 1490 335 1544 dicina
363 1490 640 1560 Scriptura
679 1496 933 1566 loquitur,
980 1504 1332 1558 sarmentitios
1389 1505 1623 1561 homines
1680 1520 1727 1562 et

183 1579 231 1629 in
260 1579 586 1636 'diuinitatem
629 1587 1050 1654 contumeliosos,
1091 1592 1246 1658 facile
1285 1594 1580 1651 absumens.
1622 1596 1727 1653 De-

179 1670 667 1745 claratGregorius,
704 1678 750 1733 si
785 1681 914 1750 quid
938 1680 1212 1742 Barnabas
1248 1685 1409 1744 Paulo
1432 1687 1729 1746 decertanti

178 1765 370 1819 navavit
422 1769 525 1834 (sic
572 1771 714 1824 enim
763 1781 818 1826 et
852 1789 910 1828 se
958 1784 1012 1829 et
1039 1775 1293 1833 Basilium
1349 1780 1643 1852 designat),
1673 1785 1725 1839 id

1834 613 1992 667 quam
2028 599 2165 653 infra
2215 609 2476 656 texemus.
2522 600 2643 672 Ipse
2680 603 2973 676 Gregorius
3016 608 3149 664 nihil
3187 610 3242 665 in
3289 615 3403 685 pri-

1833 691 2060 746 mordiis
2102 693 2391 748 sacerdOtii
2427 705 2616 750 narrat
2657 706 2855 766 praeter
2898 699 3229 757 simultatem
3275 720 3401 760 cum

1833 781 2087 839 Eusebio.
2112 784 2328 839 Initium
2363 801 2678 854 magnarum
2713 805 2892 843 rerum
2933 805 2962 843 a
3000 791 3174 848 reditu
3212 795 3398 858 sumit,

1831 876 1973 944 quod
1995 885 2311 943 argumento
2339 888 2422 931 est
2454 892 2552 932 nec
2589 880 2676 933 diu
2718 880 2956 936 abfuisse
2990 881 3266 950 Basilium,
3302 903 3401 943 nec

1832 965 2002 1020 multo
2049 976 2168 1036 post
2221 970 2615 1025 ordinationem
2674 974 2987 1029 secessisse.
3040 976 3096 1028 2ο
3148 977 3401 1033 Certissi-

1831 1072 1977 1114 mum
2035 1069 2409 1126 argumentum
2462 1063 2765 1131 suppeditat
2819 1065 3056 1121 Valentis
3100 1068 3152 1122 in
3209 1070 3397 1124 urbem

1831 1146 2130 1200 Caesaream
2162 1150 2421 1205 adventus
2452 1167 2594 1206 anno
2614 1154 2736 1208 565.
2770 1155 2898 1209 Erat
2936 1159 2987 1210 in
3027 1159 3127 1213 hac
3172 1162 3306 1216 urbe
3346 1177 3398 1214 tv

1830 1234 1968 1290 Non.
1993 1236 2098 1292 Jul.
2130 1241 2316 1294 eodem
2345 1257 2506 1306 anno,
2538 1253 2596 1298 ut
2621 1247 2948 1316 perspicitur
2968 1263 3034 1303 ex
3067 1250 3182 1319 lege
3210 1253 3398 1320 quinta

1831 1326 1896 1380 de
1935 1330 2340 1397 susceptoribus
2371 1335 2494 1387 data
2522 1334 2797 1402 Caesareae,
2849 1337 2980 1393 Cod.
3020 1339 3225 1398 Theod.
3265 1351 3394 1396 tom.

1829 1415 1920 1482 IV,
1960 1433 2012 1486 p.
2041 1417 2166 1474 559.
2194 1420 2250 1473 In
2272 1423 2458 1476 eadem
2483 1426 2612 1479 urbe
2641 1429 2884 1482 nuntium
2907 1433 3116 1500 accepit
3145 1431 3400 1488 defectio-

1828 1510 1914 1564 nis
1943 1509 2212 1582 Procopii.
2251 1513 2518 1569 Valentem
2554 1534 2584 1568 a
2613 1516 2853 1573 Cwsarea
2899 1521 3284 1591 Cappadocum,
3317 1525 3400 1580 iu-

1828 1601 1947 1670 quit
1979 1602 2298 1658 Ammianus
2325 1605 2418 1675 (c),
2452 1617 2503 1659 ut
2534 1611 2797 1674 vaporatis
2824 1612 3034 1666 testibus
3061 1604 3258 1669 Cilicia
3278 1617 3396 1686 jam

1828 1692 1999 1750 lenitis
2037 1696 2106 1750 ad
2145 1697 2434 1753 Antiochia:
2482 1711 2804 1767 percurreret
2845 1706 3008 1770 sedes,
3068 1706 3397 1776 Sophronias

1827 1789 2007 1841 avertit
2036 1786 2324 1855 Galatiam,
2367 1791 2685 1848 defectionis
2717 1794 2957 1864 Procopii
2985 1800 3230 1855 nuntium
3269 1800 3398 1856 affe-

175 1852 322 1911 Paulo
357 1860 702 1917 tribuendum
733 1879 874 1930 esse,
902 1867 991 1935 qui
1021 1883 1144 1922 eum
1180 1874 1490 1929 certaminis
1520 1877 1722 1931 socium
1756 1845 1800 1904 Β
1829 1896 1973 1934 rens.
2013 1881 2145 1946 Quis
2169 1897 2297 1952 ergo
2331 1884 2540 1938 dubitet
2567 1887 2632 1939 ad
2666 1887 2808 1942 hunc
2843 1905 3043 1943 annum
3083 1891 3284 1946 referre
3309 1909 3396 1948 re-

174 1949 415 2003 adhibuit.
477 1949 711 2009 Rediere
757 1969 887 2026 ergo
919 1971 976 2012 re
1032 1959 1234 2015 infecta
1291 1962 1556 2031 haeretici,
1601 1976 1725 2022 tunc

172 2040 384 2111 primum
414 2045 625 2113 pudore
650 2046 838 2102 suffusi
867 2060 920 2103 et
948 2050 1093 2114 victi,
1126 2067 1227 2107 nec
1250 2053 1392 2109 aliud
1433 2057 1724 2127 quidquam

171 2146 226 2186 ex
256 2135 409 2189 tantis
439 2138 727 2193 conatibus
757 2152 1138 2210 perceperunt,
1169 2145 1272 2202 nisi
1295 2156 1353 2201 ut
1379 2149 1635 2205 invictum
1673 2153 1725 2206 in

151 2212 486 2284 'defendenda
536 2231 828 2289 Trinitatis
888 2235 994 2292 ﬁde
1041 2238 1422 2310 Cappadocum
1485 2243 1724 2300 animum

169 2320 543 2388 perspicerent.

230 2409 310 2467 VI.
341 2412 722 2473 Secessionem
746 2433 810 2473 ac
835 2420 1066 2476 reditum
1092 2423 1273 2480 Basilii
1303 2427 1460 2482 aliter
1487 2443 1551 2485 ac
1574 2427 1727 2485 Tille-

171 2505 386 2560 montius
419 2518 474 2563 et
499 2508 594 2562 alii
628 2510 806 2566 critici
840 2512 1233 2571 distribuimus.
1267 2517 1400 2574 Nam
1432 2523 1726 2579 secessisse

165 2595 296 2651 illum
333 2613 473 2654 anno
510 2600 642 2668 565,
662 2603 890 2660 rediisse
931 2620 1074 2662 anno
1110 2608 1214 2663 566
1246 2611 1523 2666 existimat
1560 2613 1724 2670 Tille-

166 2689 399 2744 montius.
435 2689 694 2747 Reditum
724 2695 796 2749 ad
837 2711 1036 2752 annum
1069 2699 1175 2754 567
1203 2717 1324 2755 cum
1366 2702 1602 2765 Baronio
1637 2722 1724 2761 re-

162 2775 336 2847 jiciuut
385 2783 799 2841 continuatores
853 2787 1129 2856 Bollandi,
1186 2789 1386 2862 Pagius
1423 2795 1489 2850 ad
1523 2810 1720 2852 annum

163 2865 272 2921 570.
299 2867 551 2927 Pluribus
599 2875 872 2930 rationum
910 2879 1197 2935 momentis
1227 2881 1490 2949 adducor,
1513 2895 1572 2940 ut
1599 2900 1723 2942 eum

163 2973 290 3016 anno
321 2963 422 3018 564
452 2977 716 3031 exeunte,
748 2977 842 3022 aut
886 2969 1104 3026 ineunte
1142 2971 1268 3040 563,
1304 2975 1607 3033 existimem
1633 2994 1721 3035 se-

163 3054 391 3120 cessisse,
435 3071 588 3112 anno
615 3067 794 3114 autem
823 3060 926 3116 565
965 3064 1212 3120 rediisse.
1259 3066 1332 3121 De
1359 3082 1579 3124 secessu
1608 3069 1720 3142 jam

1827 1970 1994 2026 ditum
2023 1972 2232 2038 Basilii,
2256 1975 2346 2042 qui
2377 1977 2683 2032 necessario
2707 1977 3024 2047 coniunctus
3048 1991 3131 2037 est
3156 1997 3276 2038 cum
3300 1984 3396 2038 ad-

1825 2070 1988 2114 ventu
2019 2059 2294 2117 Valentis?

1885 2153 2105 2207 Fatetur
2126 2155 2496 2212 Tillemontius
2527 2154 2805 2212 Valentem
2844 2161 3056 2216 venisse
3082 2159 3384 2217 Caesaream

1824 2259 1967 2300 anno
1992 2245 2134 2313 565';
2165 2261 2338 2316 neque
2373 2249 2592 2302 enimid
2627 2251 2813 2320 negari
2843 2253 3034 2320 possit.
3071 2252 3177 2309 Sed
3210 2256 3396 2310 venire

1824 2336 2020 2391 iterum
2053 2338 2294 2407 potuisse
2347 2341 2627 2396 contendit
2661 2355 2802 2396 anno
2843 2343 2968 2398 566.
3021 2344 3202 2400 Potuit
3263 2362 3396 2402 sane

1823 2428 2030 2491 venire,
2068 2430 2162 2484 sed
2199 2444 2322 2485 eum
2355 2433 2570 2487 venisse
2610 2434 2760 2490 uullo
2806 2449 3030 2504 prorsus
3075 2448 3394 2506 argumento

1824 2520 2087 2588 suspicari
2137 2537 2448 2592 possumus.
2499 2524 2608 2578 Imo
2635 2542 2743 2582 non
2784 2528 3016 2594 venisse,
3051 2530 3240 2586 saltem
3271 2546 3394 2586 cum

1825 2612 2198 2683 triumphante
2245 2615 2335 2670 illo
2385 2616 2760 2686 episcoporum
2803 2619 3182 2676 haereticorum
3225 2622 3396 2677 comi-

1824 2712 1960 2771 tatu,
2023 2714 2362 2775 perspectum
2410 2716 2476 2770 let
2527 2707 2866 2776 exploratum
2924 2711 3204 2767 habemus.
3256 2710 3393 2766 Nam

1822 2799 1969 2854 victo
1995 2813 2162 2868 prope
2188 2798 2464 2854 Nacoliam
2498 2799 2551 2854 in
2585 2799 2818 2870 Phrygia
2853 2810 2906 2856 et
2930 2802 3111 2858 occiso
3132 2801 3395 2873 Procopio

1821 2889 1908 2944 die
1935 2889 2003 2942 27
2028 2889 2175 2953 Maii,
2207 2904 2348 2948 anno
2381 2888 2508 2955 566,
2544 2902 2730 2959 postea
2765 2892 3014 2960 negotiis,
3052 2909 3173 2964 qua:
3222 2895 3394 2950 victo-

1822 2979 1959 3034 riam
2000 2979 2055 3034 in
2077 2979 2220 3036 bello
2245 2979 2393 3035 civili
2422 2981 2677 3050 subsequi
2711 2981 2910 3048 solent,
2934 2995 3231 3053 occupatus
3262 2986 3390 3052 fuit,

1821 3087 1886 3128 ac
1922 3088 2028 3129 non
2081 3087 2273 3142 parum
2329 3073 2588 3142 temporis
2631 3073 2685 3128 in
2735 3074 2970 3131 consciis
3014 3077 3394 3146 perquirendis

161 3159 335 3214 magna
373 3165 438 3204 ex
463 3160 624 3220 parte
653 3151 894 3221 perfecta
925 3169 1012 3210 res
1042 3170 1109 3211 ex
1139 3156 1224 3214 his
1251 3172 1370 3228 quae
1394 3159 1628 3218 diximus
1656 3165 1722 3220 de
1749 3187 1792 3245 ο
1826 3163 2134 3234 insumpsit.
2171 3163 2464 3235 Postquam
2518 3173 2701 3220 autem
2769 3165 2857 3221 bis
2913 3166 3061 3222 curis
3110 3169 3395 3237 expeditus

159 3239 290 3294 illius
315 3245 684 3301 ordinatione.
715 3247 851 3302 Nam
875 3248 920 3303 si
955 3249 1242 3322 presbyter
1265 3262 1482 3310 creatus
1514 3263 1596 3310 est
1618 3271 1718 3310 an-

160 3345 221 3383 no
239 3332 359 3397 564,
414 3338 462 3390 si
493 3351 642 3392 anno
670 3339 860 3393 eodem
898 3352 1152 3409 exeunte,
1199 3352 1294 3400 aut
1341 3347 1587 3415 sequenti
1635 3349 1715 3402 in-

157 3434 302 3480 eunte
347 3426 526 3483 adhuc
568 3429 828 3485 Caesareae
853 3434 1155 3491 sacerdotio
1190 3437 1628 3510 perfungebatur,
1657 3451 1718 3498 ut

155 3513 372 3572 vidimus
405 3535 470 3574 ex
504 3522 755 3583 epistolis
781 3524 854 3577 20
893 3537 948 3581 et
977 3527 1074 3593 2i,
1101 3543 1209 3584 non
1253 3519 1428 3600 potuit
1458 3543 1584 3588 ante
1613 3533 1718 3590 hoc

158 3612 352 3675 tempus
389 3609 745 3668 imminentes
786 3615 972 3671 turbas
1009 3619 1257 3688 prudenti
1304 3636 1522 3680 secessu
1553 3624 1718 3680 decli-

157 3709 295 3751 nare.
320 3699 501 3769 Atque
557 3703 606 3757 id
638 3705 854 3774 quidem
888 3708 1118 3765 mirifice
1150 3713 1382 3780 quadrat
1427 3731 1550 3771 cum
1602 3719 1718 3789 ipso

159 3785 322 3843 Basilii
349 3795 689 3861 testimonio,
736 3798 825 3866 qui
852 3803 1143 3857 secundam
1184 3803 1328 3858 illam
1353 3785 1715 3866 secession-em

156 3893 217 3932 ne
255 3893 501 3939 numerat
541 3887 757 3955 quidem
787 3888 887 3961 (b),
932 3893 1026 3946 sed
1047 3907 1105 3948 se
1132 3893 1306 3962 plures
1345 3913 1510 3954 annos
1547 3903 1715 3956 conti-

158 3986 274 4025 nuos
305 3973 357 4028 in
399 3974 560 4029 Ponti
603 3977 898 4037 solitudine
938 3983 1247 4040 traduxisse
1279 3995 1527 4043 testatur.
1568 3993 1716 4048 Adeo

159 4058 318 4118 brevis
353 4064 458 4119 fuit
501 4069 740 4124 secunda
775 4070 861 4125 illa
904 4075 1159 4130 secessio.
1195 4076 1303 4131 Sed
1349 4078 1481 4132 nihil
1510 4081 1716 4150 signifi-

158 4153 348 4210 cantius
402 4155 655 4228 Gregorii
706 4162 1017 4219 testimonio
1066 4167 1159 4236 qui
1207 4169 1487 4237 conceptis
1537 4171 1716 4227 verbis

155 4250 367 4300 testatur
412 4263 670 4316 magnam
725 4251 1104 4308 haereticorum
1162 4265 1485 4324 potestatem
1526 4259 1710 4322 fuisse,

152 4349 262 4389 cum
285 4337 512 4404 Basilius
538 4341 828 4398 discessit:
862 4346 1004 4412 quod
1030 4347 1246 4416 quidem
1279 4349 1344 4404 de
1378 4349 1574 4405 Juliani
1609 4351 1713 4404 im-

153 4429 289 4493 perio
317 4430 420 4485 dici
450 4447 556 4486 non
592 4443 795 4502 potest,
841 4436 1009 4491 multo
1037 4439 1216 4493 minus
1258 4440 1322 4493 de
1351 4439 1584 4496 Joviani.
1624 4441 1716 4498 Sic

1825 3255 2094 3310 convertit
2147 3270 2206 3312 se
2260 3256 2328 3310 ad
2383 3257 2706 3314 evertendas
2753 3257 3062 3325 Ecclesias,
3091 3268 3213 3315 tum‘
3263 3277 3394 3317 vero

1823 3343 2006 3399 multa:
2033 3344 2283 3400 civitates
2320 3348 2674 3417 peragranda:
2698 3347 2934 3416 fuerunt,
2960 3351 3116 3406 multi
3151 3351 3394 3423 episcopi

1821 3433 2040 3490 Arianis
2091 3434 2436 3505 subiiciendi,
2487 3449 2776 3508 antequam
2828 3439 3134 3496 Cazsaream
3158 3443 3390 3499 veniret.

1823 3525 1915 3582 Sic
1940 3527 2084 3581 enim
2111 3527 2166 3581 in
2191 3529 2332 3584 hanc
2363 3531 2552 3585 urbem
2581 3530 2816 3596 advenit,
2840 3539 2900 3586 ut
2917 3529 3235 3600 jamdudum
3271 3535 3394 3590 nul-

1822 3619 1934 3674 lum
1960 3619 2105 3675 aliud
2148 3620 2351 3676 bellum
2393 3623 2649 3678 habuisse
2701 3624 2987 3692 videatur,
3035 3635 3231 3696 praeter
3263 3627 3395 3683 illud

1823 3712 1967 3783 quod
2029 3711 2288 3769 Ecclesiis
2343 3713 2632 3769 inferebat.
2681 3715 2848 3786 Atque
2909 3717 3006 3771 hoc
3051 3719 3261 3787 quidem
3305 3719 3396 3773 ille

1823 3805 2036 3869 animo,
2089 3803 2266 3873 inquit
2310 3801 2607 3875 Gregorius
2660 3806 2775 3876 (ά),
2819 3817 2865 3861 et
2907 3824 3025 3862 cum
3052 3809 3152 3862 hac
3204 3810 3392 3879 impie-

1824 3903 1930 3950 tate
1976 3895 2253 3950 adversum
2290 3911 2386 3950 nos
2442 3898 2821 3963 expeditionem
2850 3899 3090 3968 suscipit.
3129 3897 3390 3968 Impetum

1823 4003 2026 4058 quoque
2054 4005 2160 4042 una
2181 4004 2301 4042 cum
2343 4004 2403 4042 eo
2434 3989 2567 4056 facit
2594 3990 2855 4042 exercitus
2886 3991 3000 4058 ipso
3051 3991 3261 4058 dignus,
3293 3991 3392 4045 im-

1821 4077 1970 4147 probi
2007 4078 2346 4133 ecclesiarum
2381 4078 2772 4148 gubernatores,
2816 4080 2942 4133 saevi
2993 4079 3136 4158 illius
3187 4080 3393 4149 imperii

1822 4170 2123 4225 tetrarchia.
2179 4168 2284 4234 Qui
2313 4187 2432 4223 cum
2471 4186 2533 4224 ea:
2558 4171 2790 4224 ecclesiis
2815 4171 2953 4226 alias
2988 4171 3104 4239 jam
3136 4180 3392 4238 tenerent,

1822 4262 1957 4316 alias
2022 4271 2408 4332 oppugnarent,
2444 4261 2580 4316 alias
2633 4261 2694 4314 ob
2745 4262 3075 4332 imperatoris
3131 4279 3277 4332 opem
3327 4281 3392 4320 ac

1821 4369 2059 4417 manum,
2087 4369 2205 4422 quae
2233 4354 2432 4422 partim
2461 4352 2826 4420 adhibebatur,
2864 4353 3054 4422 partim
3111 4353 3393 4409 denuntia-

1823 4443 1996 4511 batur,
2026 4445 2081 4498 in
2109 4453 2416 4512 potestatem
2445 4455 2690 4499 venturas
2725 4453 3016 4514 sperarent,
3039 4444 3139 4498 huc
3167 4463 3389 4517 quoque,

153 4527 315 4570 autem
359 4519 605 4589 loquitur
637 4521 931 4594 Gregorius
956 4527 1031 4597 (p.
1062 4528 1188 4598 557)
1228 4546 1241 4582 :
1275 4529 1408 4582 Οὐδὲ
1441 4531 1576 4601 πρὸς
1615 4533 1715 4585 αὐ·
1748 4543 1792 4598 D
1823 4545 1877 4589 ut
1912 4546 2144 4591 nostram
2177 4537 2231 4589 in
2261 4537 2514 4590 ditionem
2565 4553 2716 4591 suam
2753 4538 3062 4607 redigerent,
3118 4551 3387 4593 venerunt.

148 4607 234 4659 θεοῦ
265 4610 326 4661 τὸ
357 4613 633 4682 μάχεσθαι
663 4615 947 4688 ἣδιασπᾷν
975 4618 1036 4671 τὸ
1067 4618 1224 4690 σῶμα
1257 4621 1358 4690 τῆς
1374 4622 1718 4694 Ἑκκλησίας,

151 4699 234 4750 καὶ
255 4699 425 4765 ἄλλως
457 4704 893 4776 πολεμουμένης,
923 4709 1018 4762 καὶ
1042 4709 1323 4780 σφαλερῶς
1349 4712 1717 4785 διακειμένης,

152 4789 247 4843 ὑπὸ
279 4793 378 4863 τῆς
410 4796 538 4849 τότε
566 4796 677 4850 τῶν
718 4799 1007 4868 αἱρετικῶν
1036 4799 1374 4866 δυναστείας.
1421 4802 1533 4858 Nec
1574 4805 1718 4859 illius

149 4893 250 4936 erat
289 4887 570 4953 dimicare,
613 4899 702 4944 aut
752 4889 1002 4946 Ecclesiae
1052 4909 1242 4962 corpus
1295 4895 1571 4962 lacerare,
1599 4913 1716 4966 qua:

151 4975 295 5029 etiam
318 4979 523 5049 alioqui
551 4979 616 5034 ab
654 4982 936 5046 luereticis,
967 4984 1055 5053 qui
1082 4994 1190 5038 tum
1233 4987 1520 5054 potentiam
1559 4995 1716 5055 atque

152 5065 410 5136 imperium
461 5073 784 5142 obtinebant,
841 5077 1264 5148 oppugnabatur,
1316 5095 1378 5132 ac
1428 5079 1715 5147 periculose

152 5159 322 5224 nfecta
357 5171 497 5217 erat.

216 5249 317 5304 γη.
348 5253 506 5319 Quod
548 5265 761 5325 spectat
803 5259 871 5314 ad
917 5259 1174 5325 reditum,
1212 5260 1485 5316 immerito
1528 5260 1582 5316 in
1617 5275 1714 5315 an-

153 5355 265 5395 num
292 5345 395 5399 566
432 5356 531 5401 aut
565 5350 670 5402 567
711 5350 976 5407 differtur.
1008 5353 1174 5407 Multo
1207 5354 1495 5411 absurdius
1525 5353 1715 5424 rejice-

154 5444 286 5488 retur
304 5440 374 5492 ad
401 5455 607 5496 annum
640 5444 764 5508 570;
793 5450 1100 5502 necessario
1129 5446 1477 5503 collocandus
1515 5448 1580 5502 ad
1613 5462 1712 5500 an-

155 5536 267 5580 num
291 5529 419 5586 565.
480 5532 621 5588 Nam
659 5539 711 5592 t°
751 5547 858 5594 tam
891 5539 1102 5610 longam
1131 5541 1428 5598 absentiam
1468 5555 1574 5596 non
1610 5554 1708 5609 pa-

219 5731 474 5799 (a)Na1.,
505 5753 585 5794 or.
616 5741 706 5796 20.

217 5800 284 5871 (δ)
307 5804 401 5875 Ep.
437 5809 560 5864 2w.

1818 4627 1988 4683 Nemo
2027 4637 2281 4692 estsane,
2317 4629 2406 4696 qui
2432 4628 2517 4682 his
2571 4627 2807 4696 legendis
2832 4643 2936 4682 non
2973 4627 3388 4690 animadvertat.

1819 4719 2097 4775 Valentem
2123 4719 2440 4787 jamdudum
2470 4719 2536 4772 ab
2585 4719 2709 4774 aliis
2735 4719 2881 4774 curis
2910 4718 3139 4773 liberum
3166 4727 3221 4774 et
3248 4721 3392 4775 solu-

1818 4819 1956 4876 tum,
1981 4813 2095 4868 otio
2135 4827 2234 4866 suo
2269 4817 2336 4866 ad
2367 4812 2797 4880 persequendam
2831 4809 3129 4865 Ecclesiam
3159 4811 3388 4866 abusum

1814 4905 1984 4960 fuisse
2015 4923 2028 4972 ;
2068 4919 2130 4960 ac
2167 4905 2394 4974 proinde
2445 4919 2550 4958 non
2583 4904 2719 4958 satis
2747 4903 3082 4972 superfuisse
3129 4902 3388 4977 temporis

1823 5005 1884 5050 ut
1910 4995 2210 5050 Caesaream
2237 4994 2444 5048 veniret
2476 5009 2619 5047 anno
2644 4993 2770 5048 566.
3191 5033 3197 5047 .

1895 5084 1990 5139 llis
2017 5084 2154 5138 adde
2175 5084 2454 5138 Valentem
2487 5083 2749 5151 Procopio
2776 5083 2826 5137 in
2849 5083 3084 5154 Phrygia
3114 5090 3389 5151 superato,

1821 5174 2272 5244 internarumque
2317 5174 2714 5230 dissensionum
2741 5175 2965 5228 materia
2993 5174 3300 5244 conSOpita,
3331 5181 3390 5224 ut

1820 5267 1897 5318 ait
1925 5263 2265 5330 Ammianus,
2291 5265 2522 5319 otiosum
2552 5278 2658 5318 non
2687 5264 2876 5320 fuisse.
2913 5264 3058 5318 Misit
3086 5267 3231 5319 enim
3292 5263 3386 5317 Vi-

1817 5365 2021 5413 ctorem
2055 5356 2652 5427 magistrumequitum
2705 5359 2772 5413 ad
2826 5357 3033 5413 Gothos
3064 5399 3080 5424 ,
3106 5367 3165 5412 ut
3203 5371 3270 5410 ex
3309 5358 3387 5410 eis

1816 5447 2216 5512 sciscitaretur,
2247 5449 2598 5516 quamobrem
2625 5447 2892 5518 Procopio
2914 5446 3171 5500 auxilium
3203 5444 3406 5536 dedis-1

1815 5546 1958 5596 sent.
2014 5537 2254 5593 Reverso
2287 5536 2500 5594 Victore
2534 5537 2721 5595 Valens
2744 5540 2893 5610 parvi
2921 5539 3114 5593 ducens
3160 5551 3384 5592 excusas-

1900 5746 1970 5817 (c)
2000 5746 2118 5817 Lib.
2140 5761 2289 5814 xxvr,
2319 5761 2366 5802 c.
2396 5745 2449 5816 7‘.

1892 5815 1970 5886 (ά)
2009 5815 2100 5873 0r.
2123 5817 2212 5873 20.
2236 5900 2241 5907 ι
