3820 6210
318 415 425 456 ﬂ."

1675 389 2205 452 PROLEGOMENA.

319 527 510 578 tionem
545 523 902 585 vanissimam,
940 520 1120 589 inquit
1163 519 1480 574 Ammianus
1508 561 1524 586 ,
1577 517 1674 573 lib.
1709 530 1882 577 nm,
1916 518 1961 572 Α
1991 512 2064 564 tia
2094 519 2148 563 et
2177 504 2480 575 eloquentia
2506 510 2561 558 et
2584 499 2812 556 consilio
2841 504 2897 552 et
2925 493 3124 546 virtute
3158 487 3426 557 superari,
3452 498 3554 539 nee

320 632 370 668 (⁵.
400 615 454 676 5,
489 614 544 666 in
584 630 669 667 eos
699 614 848 680 signa
888 611 1160 665 commovit
1182 651 1198 676 ,
1233 621 1403 664 motus
1427 611 1752 665 adventantis
1769 610 1886 675 jam

318 705 590 774 prtescios,
619 712 665 755 et
692 700 997 767 pubescente
1021 717 1139 754 uere
1175 703 1394 770 (μίανδὶιο
1425 701 1480 754 in
1508 716 1667 753 unum
1692 701 1889 752 exerci-

324 808 399 856 tu,
451 811 608 861 prope
668 792 932 862 Daphnem
972 793 1176 846 nomine
1203 793 1578 846 munimentum
1599 802 1672 845 est
1715 799 1890 843 castra

322 894 564 937 metatus.
615 882 791 948 Quare
845 879 1084 936 Valentis
1124 881 1212 935 ille
1269 878 1569 934 Caesaream
1608 880 1888 938 adventus,

325 975 415 1041 qui
442 984 651 1028 tantum
681 975 870 1028 habuit
898 985 1240 1043 apparatum,
1273 975 1338 1028 ad
1371 987 1568 1027 annum
1617 969 1722 1024 ’565
1756 967 1892 1022 refe-

327 1065 546 1119 rendus.
585 1065 736 1120 Tunc
779 1066 921 1120 enim
953 1067 1006 1118 in
1036 1064 1246 1135 Syriam
1274 1065 1497 1118 tendens
1549 1061 1746 1115 lentius
1775 1075 1893 1128 pro-

332 1157 702 1255 grediebatur,
730 1168 786 1211 ut
817 1156 1018 1212 Ciliciae
1071 1157 1277 1211 calores
1311 1156 1555 1220 evitaret,
1602 1162 1735 1208 teste
1763 1151 1892 1204 Am-

325 1260 532 1301 mtano.

398 1337 456 1390 5ο
506 1335 731 1391 Etiamsi
775 1338 996 1391 daretur
1049 1333 1402 1390 Tillemontio
1440 1330 1723 1384 Valentem
1751 1342 1894 1380 anno

325 1427 431 1482 366
484 1429 676 1482 iterum
719 1429 931 1483 venisse
953 1427 1273 1492 Caesaream,
1307 1440 1413 1478 non
1452 1421 1657 1476 idcirco
1676 1433 1894 1475 causam

326 1516 618 1572 obtineret.
651 1516 806 1571 Modo
833 1518 974 1570 enim
1003 1525 1242 1579 constet,
1283 1524 1341 1568 ut
1375 1512 1620 1581 profecto
1654 1517 1891 1570 constat,

330 1607 609 1662 Valentem
659 1608 712 1660 in
771 1607 1132 1685 hanclurbem
1165 1618 1304 1658 anno
1343 1602 1446 1657 565
1482 1600 1719 1662 venisse,
1760 1596 1898 1651 refe-

332 1699 533 1752 rendus
585 1700 690 1752 crit
743 1700 809 1751 ad
859 1699 1105 1752 eumdem
1158 1710 1356 1751 annum
1424 1693 1628 1748 reditus
1680 1689 1895 1753 Basilii,

333 1805 495 1858 quem
531 1791 818 1846 imminens
845 1807 874 1844 a
905 1799 1250 1860 persecutore
1290 1785 1590 1856 periculum
1624 1784 1676 1837 in
1706 1782 1886 1838 solitu-

335 1882 462 1934 dine
503 1883 743 1936 residere
772 1897 875 1936 non
905 1883 1145 1937 sivisset.
1187 1879 1304 1934 Non
1341 1879 1485 1933 enim
1520 1876 1656 1930 lenis
1684 1874 1898 1942 quidem

334 1972 492 2025 initio
532 1982 588 2025 et
616 1973 929 2028 moderatus
957 1972 1056 2025 fuit
1085 1970 1307 2033 Valens,
1337 1979 1396 2022 ut
1427 1967 1704 2022 existimat
1734 1963 1902 2016 Tille-

335 2062 598 2128 montius,
624 2065 717 2118 sed
745 2065 930 2118 eadem
965 2078 1190 2132 prorsus
1222 2061 1366 2116 illius
1392 2058 1600 2129 imperii
1632 2071 1696 2110 ac
1721 2070 1903 2126 perse—

336 2157 570 2211 cutionis
614 2157 906 2225 primordia
949 2157 1186 2211 luerunt.
1220 2154 1378 2209 Certa
1414 2162 1466 2206 et
1490 2149 1766 2219 explorata
1817 2161 1904 2201 res

337 2258 517 2304 estex
555 2251 880 2305 testimoniis
932 2249 1180 2319 Gregorii
1221 2245 1547 2302 Nazianzeni
1573 2242 1671 2314 (a).
1732 2241 1906 2295 Perti-

339 2341 645 2395 tnescendae
665 2351 820 2395 erant
855 2341 1233 2395 haereticorum
1267 2339 1490 2407 linguae,
1528 2349 1650 2390 cum
1679 2331 1928 2386 Basilius.

339 2432 626 2500 presbyter
670 2433 950 2486 ordinatus
979 2441 1079 2486 est.
1111 2429 1246 2484 Cum
1277 2429 1428 2499 pacis
1471 2439 1633 2482 causa
1659 2422 1820 2476 rediit
1853 2423 1904 2474 in

338 2522 684 2578 solitudinem
717 2523 814 2594 (ὁ),
842 2525 1244 2593 oppugnabatur
1284 2519 1522 2574 Ecclesia
1545 2527 1594 2571 et
1625 2514 1910 2583 periculose

343 2611 535 2680 affecta
566 2621 677 2666 erat
713 2614 776 2667 ob
821 2615 1188 2668 hereticorum
1216 2612 1565 2665 dominatum.
1600 2605 1828 2660 Basilius
1857 2613 1911 2658 et

346 2700 439 2755 alii
472 2704 735 2773 episcopi,
768 2704 860 2773 qui
911 2706 963 2758 in
990 2704 1335 2758 Occidentem
1366 2715 1508 2754 anno
1537 2698 1642 2752 576
1680 2697 1912 2764 scripse-

343 2804 491 2857 runt,
517 2795 628 2862 jam
658 2797 916 2850 tredecim
943 2811 1110 2850 annos
1126 2787 1910 2863 persecutionisnumerabant,

341 2896 401 2937 ut
424 2894 572 2952 patet
617 2901 682 2940 ex
709 2887 795 2941 bis
825 2887 1006 2941 verbis
1043 2885 1276 2965 epistolas
1296 2883 1423 2949 242,
1459 2897 1514 2935 η.
1557 2880 1612 2942 2,
1653 2879 1914 2948 Τρισκαι-

341 2973 567 3029 δέκατον
600 2977 709 3047 γὰρ
741 2975 858 3041 ἔτος
896 2977 1064 3041 ἐστὶν,
1095 2977 1188 3044 ἀφ’
1220 2968 1281 3027 οὑ
1303 2977 1330 3027 6
1355 2969 1628 3044 αἱρετικὺς
1664 2969 1794 3038 ἡμῖν
1817 2966 1914 3019 πό-

343 3066 508 3136 λεμος
531 3066 826 3137 ἐπανέστη.
864 3067 1107 3120 Decimus
1133 3066 1268 3118 enim
1304 3063 1492 3116 tertius
1537 3075 1706 3113 annus
1728 3066 1826 3123 est,
1851 3071 1915 3108 ex

343 3176 447 3227 quo
476 3161 779 3213 latereticum
811 3159 956 3212 nobis
977 3158 1165 3210 bellum
1193 3165 1432 3210 exortum
1471 3162 1566 3207 est.

420 3251 784 3316 Tillemontio,
815 3250 906 3319 qui
953 3248 1382 3318 persecutionem
1413 3243 1594 3298 differt
1627 3256 1798 3310 usque
1849 3239 1914 3292 ad

350 3357 552 3396 annum
592 3343 717 3410 566,
773 3342 951 3396 fucum
989 3341 1118 3395 fecit
1167 3340 1460 3393 auctoritas
1497 3333 1839 3390 Theodoreti.
1870 3331 1917 3384 ls

349 3435 493 3487 enim
526 3445 711 3488 narrat
753 3433 1033 3486 Valentem
1079 3433 1230 3485 initio
1258 3429 1523 3485 catholice
1574 3427 1914 3485 sentientem,

349 3523 540 3577 uxoris
594 3523 892 3576 Dominicae
945 3532 1000 3576 et
1032 3521 1260 3576 Eudoxii
1303 3520 1512 3574 artibus
1565 3529 1674 3571 tum
1703 3515 1916 3570 demum

353 3615 627 3683 corrumpi
672 3614 924 3681 cmpisse,
966 3627 1088 3666 cum
1162 3626 1221 3666 se
1264 3608 1517 3678 baptismi
1559 3606 1807 3676 praesidio
1852 3605 1916 3656 ad

353 3704 556 3760 bellum
617 3705 901 3760 Gulhicum
951 3704 1163 3757 munire
1202 3701 1389 3756 voluit.
1451 3697 1601 3752 Tunc
1661 3696 1802 3751 enim
1853 3695 1920 3748 ab

364 3799 628 3865 Eudoxio,
661 3813 690 3850 a
720 3811 825 3866 quo
857 3796 1190 3859 initiabatur,
1215 3793 1532 3848 obstrictum
1571 3787 1920 3859 jurejurando

355 3892 548 3955 fuisse,
571 3904 844 3958 nunquam
880 3901 939 3942 se
979 3886 1046 3940 ab
1087 3886 1286 3939 Ariana
1322 3882 1514 3937 haeresi
1559 3891 1920 3938 recessurum,

359 3992 415 4036 et
444 3983 728 4036 contrariae
775 3981 898 4035 ﬁdei
951 3977 1194 4032 cultores
1239 3974 1488 4029 omnibus
1512 3971 1643 4025 locis
1666 3966 1922 4036 expulsu-

356 4092 502 4129 rum.
529 4075 711 4144 Longe
736 4075 911 4142 potior
935 4074 1036 4126 hac
1054 4071 1107 4124 in
1135 4084 1195 4122 re
1221 4066 1514 4137 Gregorius
1537 4062 1880 4117 Theodoreto
1907 4076 1922 4122 ;

356 4188 456 4226 nec
483 4171 666 4226 dubito
688 4170 814 4238 quin
842 4164 1236 4226 Tillemontius,
1263 4162 1310 4216 si
1335 4160 1401 4215 ad
1425 4157 1584 4228 primi
1615 4153 1922 4211 testimonia

354 4264 594 4319 animum
636 4261 979 4323 advertisset,
1004 4271 1192 4327 parum
1229 4252 1512 4308 tribuisset
1556 4246 1920 4306 Theodoreto,

357 4359 513 4426 cujus
545 4371 609 4410 ex
643 4354 953 4408 narratione
985 4365 1052 4405 ne
1077 4348 1210 4403 illud
1247 4347 1464 4416 quidem
1493 4340 1722 4395 ellicitur
1743 4377 1758 4401 ,
1781 4336 1923 4407 quod

357 4446 638 4502 contendit
692 4444 1090 4508 Tillemontius,
1130 4437 1564 4510 persecutionem
1623 4431 1688 4486 ad
1721 4445 1923 4483 annum

356 4542 462 4595 566
499 4539 838 4594 referendam
871 4551 1012 4598 esse,
1039 4533 1130 4586 sed
1155 4533 1336 4600 potius
1361 4528 1430 4582 ad
1456 4538 1660 4579 annum
1693 4520 1814 4577 567.

967 4624 1190 4681 CAPUT
1231 4622 1298 4676 Χ.

356 4718 398 4773 1.
433 4720 621 4774 Basilii
642 4717 940 4772 arctissima
965 4713 1265 4782 conjunctio
1299 4726 1416 4763 cum
1446 4705 1927 4782 Eusebiaepiscopo

428 4790 762 4844 Caesariensi.
805 4786 864 4839 ll.
920 4777 1138 4837 Videtur
1194 4782 1248 4834 in
1280 4779 1600 4833 monasterio
1644 4777 1854 4837 vixisse,
1881 4784 1930 4826 et

425 4875 584 4913 unam
641 4858 903 4922 pra’cipue
971 4852 1266 4922 Ecclesiam
1315 4850 1594 4922 regendam
1651 4845 1926 4922 accepisse.

424 4929 514 4983 ΠΙ.
541 4914 732 4981 Basilii
766 4914 1055 4979 auctoritas
1081 4922 1174 4976 sub
1208 4914 1434 4972 Eusebio
1469 4919 1524 4970 in
1567 4914 1930 4970 ecclesiasticis

427 5001 644 5067 negotiis
671 5001 738 5050 ad
764 4996 1080 5067 Cwsaream,
1100 5002 1154 5045 ut
1179 4989 1524 5067 metropolim,
1552 4983 1922 5067 spectantibus.

426 5055 516 5122 1V".
557 5069 810 5132 Quantam
843 5055 1139 5118 exstiterint
1181 5059 1535 5114 ecclesiastica
1567 5057 1661 5110 illa
1697 5055 1921 5132 negotia.

427 5141 493 5194 ν.
532 5126 662 5202 Qua:
695 5137 882 5190 Basilii
938 5143 1110 5201 partes
1139 5134 1192 5183 in
1329 5144 1467 5202 quia
1504 5138 1618 5196 post
1646 5126 1924 5202 _synodum

429 5197 841 5273 Latiipsacenam
871 5197 1012 5273 gesta
1047 5211 1199 5273 sunt.
1227 5199 1311 5255 Vl.
1342 5197 1603 5251 Probatur
1637 5197 1772 5248 hanc
1797 5209 1924 5263 syn-

425 5271 586 5333 odum
609 5293 747 5330 anno
776 5271 1133 5330 565hubitam
1173 5271 1350 5341 fuisse.

428 5373 470 5424 l.
514 5369 808 5437 Reportata
869 5382 936 5420 ex
978 5364 1171 5420 haeresi
1235 5363 1468 5417 victoria
1523 5357 1778 5412 Basiliu-m
1808 5368 1931 5408 cum

359 5465 592 5518 Eusebio
618 5473 724 5516 tam
753 5470 898 5515 arcte
923 5458 1223 5528 conjunxit,
1260 5466 1316 5509 ut
1361 5469 1459 5508 nec
1490 5452 1742 5520 episcopo
1767 5446 1932 5501 mole-

361 5568 506 5617 sutm
529 5565 673 5610 esset
702 5555 770 5608 ab
793 5567 878 5617 eo,
904 5565 1063 5620 quem
1098 5550 1359 5620 dignitate
1404 5543 1712 5616 superabat,
1754 5539 1932 5596 scien-

436 5761 508 5831 (αἱ
541 5761 667 5814 Naz.
704 5778 788 5829 ep.
833 5764 916 5816 ll.

439 5827 514 5910 (ἐν)
545 5832 710 5898 Idem,
739 5827 823 5888 lor.
863 5833 955 5888 <20,

1994 601 2221 657 Basilius
2245 599 2365 653 ideo
2391 597 2699 664 episcopum
2721 591 2898 644 minus
2917 586 3118 642 coleret
3137 591 3190 636 et
3216 581 3552 640 observaret,

1991 690 2131 757 quod
2156 702 2220 742 eo
2251 694 2329 742 tot
2371 695 2516 738 esset
2561 681 2804 750 partibus
2830 677 3076 747 superior
3099 683 3150 726 et
3183 665 3552 740 prrstantior.

1991 778 2470 836 l’raaclarissimum
2500 773 2644 826 illum
2674 779 2992 825 concentum
3025 768 3103 820 sic
3128 760 3387 816 describit
3415 756 3555 812 Gre-

1991 872 2175 942 gorius
2229 868 2598 922 Nazianzenus
2632 863 2701 935 (c)
2735 880 2747 914 ε
2807 861 2897 931 Τῷ
2944 858 3000 912 δέ
3035 875 3087 910 τι
3115 855 3364 924 δεύτερον
3396 850 3557 921 ἔργον

1992 967 2087 1018 καὶ
2142 962 2461 1032 σπούδασμα
2514 961 2718 1030 γίνεται
2763 952 3082 1026 θεραπεύειν
3127 951 3218 1002 τὸν
3273 949 3558 1019 πρόεδρον,

1995 1057 2141 1110 λύειν
2163 1059 2259 1124 τὴν
2298 1053 2550 1122 ὑποψίαν,
2584 1050 2791 1103 πείθειν
2822 1046 3026 1106 πάντας
3054 1041 3388 1112 ἀνθρώπους,
3416 1038 3492 1100 ὡς
3524 1036 3561 1090 ἃ

1998 1150 2097 1219 μὲν
2142 1147 2426 1215 λελύπητο,
2462 1144 2624 1214 πεῖρά
2650 1158 2734 1203 τις
2779 1134 2846 1210 ἦν
2896 1133 2990 1188 τοῦ
3029 1131 3261 1202 πονηροῦ
3293 1131 3384 1183 καὶ
3412 1125 3559 1196 πάλη

1992 1244 2113 1302 ταῖς
2139 1243 2218 1301 εἰς
2241 1239 2300 1291 τὸ
2329 1236 2487 1290 καλὸν
2539 1233 2807 1305 ὁμονοίαις
2858 1226 3253 1299 βασκαίνοντος·
3287 1219 3446 1282 αὑτὸς
3503 1218 3564 1271 δὲ

1997 1333 2112 1404 ᾔδει
2173 1332 2368 1401 νόμους
2419 1325 2724 1388 εὐπειθείας
2778 1322 2874 1376 καὶ⁹
2912 1315 3284 1387 πνευματικῆς
3331 1310 3560 1374 τάξεως.

1995 1424 2095 1477 Διὰ
2136 1423 2290 1476 τοῦτο
2331 1420 2533 1492 παρῆν,
2587 1415 2856 1484 ὲσόφιζεν,
2909 1412 3204 1481 ὑπήκουεν,
3268 1402 3560 1456 ἐνουθέτει.

1997 1517 2181 1570 Πάντα
2247 1511 2314 1586 ἦν
2365 1514 2533 1583 αὑτῷ,
2569 1511 2868 1583 σύμϐουλος
2915 1506 3156 1575 ἀγαθὸς,
3206 1499 3567 1572 παραστάτης

1997 1607 2187 1673 δεξιὸς,
2219 1606 2324 1659 τῶν
2354 1604 2509 1656 θείων
2545 1601 2848 1671 ἐξηγητὴς,
2902 1598 3008 1650 τῶν
3072 1593 3364 1665 πρακτέων
3423 1589 3566 1643 καθ-

1998 1697 2312 1769 ﬁrmi};qu
2325 1713 2428 1766 ρως
2454 1693 2740 1764 βακτηρία,
2761 1690 2993 1750 πίστεως
3010 1685 3254 1758 ἔρεισμαξ
3283 1682 3388 1734 τῶν
3415 1680 3567 1734 ἔνδον

2002 1793 2029 1843 6
2061 1790 2398 1852 πιστότατος,
2426 1786 2532 1839 τῶν
2573 1785 2727 1845 ἐκτὸς
2751 1783 2777 1834 6
2811 1781 3256 1851 πρακτικώτατος
3274 1793 3287 1806 ·
3317 1775 3397 1825 ἐνὶ
3417 1771 3567 1839 λόγῳ

1999 1884 2249 1945 τοσοῦτος
2278 1884 2356 1943 εἰς
2381 1880 2610 1941 εὔνοιαν,
2646 1880 2766 1939 ὅσος
2806 1879 2885 1937 εἰς
2911 1873 3114 1944 ἔχθραν
3141 1870 3200 1922 τὸ
3224 1869 3348 1938 πρὶν
3387 1863 3570 1934 ἐνομί-

2002 1975 2142 2039 ζετο.
2199 1971 2476 2025 Ἐντεῦθεν
2528 1966 2675 2036 αὑτῷ
2729 1966 2923 2034 περιῆν
2969 1963 3064 2016 καὶ
3107 1961 3166 2013 τὸ
3221 1959 3417 2027 κράτος
3464 1954 3572 2022 τῆς

2015 2065 2358 2134 Ἐκκλησίας,
2385 2064 2431 2115 εί
2482 2061 2571 2113 καϊ
2618 2059 2715 2128 τῆς
2777 2057 3039 2126 καθέδρας
3067 2047 3179 2121 εἶχε
3225 2049 3291 2102 τὰ
3317 2046 3569 2115 δεύτερα.

2004 2157 2113 2227 Τὴν
2156 2155 2262 2224 γὰρ
2291 2153 2500 2205 εὔνοιαν
2529 2151 2794 2220 εἰσφέρων
2827 2188 2841 2211 ,
2875 2146 2974 2216 τὴν
3009 2141 3253 2209 ἐξουσίαν
3303 2135 3574 2203 ἀντελαμ-

2005 2245 2130 2297 6ανε
2152 2260 2164 2272 ·
2201 2244 2292 2295 καὶ
2314 2237 2380 2311 ἦν
2404 2239 2686 2310 θαυμαστή
2716 2255 2797 2299 τις
2821 2238 2854 2306 ἡ
2895 2231 3179 2304 συμφωνία
3212 2228 3304 2281 καὶ
3327 2229 3358 2296 ἡ
3393 2223 3582 2293 πλοκὴ

2004 2335 2097 2388 τοῦ
2128 2333 2405 2396 δύνασθαι,
2437 2333 2464 2384 6
2495 2331 2589 2401 μὲν
2612 2330 2701 2382 τὸν
2723 2329 2849 2381 λαὸν
2878 2322 3033 2396 ἦγεν,
3069 2325 3098 2376 6
3129 2322 3185 2373 δὲ
3229 2320 3320 2372 τὸν
3349 2318 3569 2384 ἄγοντα.

2007 2429 2113 2479 Καὶ
2163 2421 2272 2478 οἷον
2299 2423 2648 2492 λεοντοκόμος
2675 2437 2758 2481 τις
2785 2414 2872 2490 ἦν,
2918 2418 3083 2486 τέχνῃ
3126 2408 3459 2464 τιθασσεύων
3481 2406 3576 2458 τὸν

2007 2514 2410 2571 δυναστεύοντα.
2443 2512 2551 2565 Καὶ
2589 2511 2697 2580 γὰρ
2743 2507 2931 2569 ἐδεῖτο,
2956 2503 3150 2557 νεωστὶ
3182 2501 3277 2571 μὲν
3325 2497 3417 2550 ἐπὶ
3471 2494 3580 2565 τὴν

2009 2609 2276 2679 καθέδραν
2303 2604 2500 2666 τεθεὶς,
2527 2603 2604 2655 ἔτι
2623 2602 2679 2654 δὲ
2706 2603 2802 2670 τῆς
2836 2597 3104 2667 κοσμικῆς
3126 2593 3255 2662 ὕλης
3285 2609 3337 2642 τι
3374 2587 3575 2648 πνέων,

2009 2703 2158 2756 οὔπω
2179 2702 2236 2754 δὲ
2277 2695 2703 2768 κατηρτισμένος
2741 2693 2796 2744 ἐν
2823 2694 2929 2753 τοῖς
2976 2688 3066 2741 τοῦ
3095 2686 3416 2753 πνεύματος,
3446 2678 3582 2730 πολ-

2010 2795 2103 2849 λοῦ
2127 2795 2181 2846 δὲ
2205 2791 2297 2844 τοῦ
2325 2789 2589 2848 κλύδωνος
2614 2783 2951 2854 περιζέοντος
2979 2778 3196 2832 καὶτῶν
3218 2771 3582 2842 ἐπικειμένων

2013 2886 2109 2955 τῆς
2149 2879 2471 2950 Ἐκκλησίας
2524 2874 2755 2946 ἐχθρῶν,
2795 2870 2888 2923 τοῦ
2939 2865 3422 2939 χειραγωγοῦντος,
3484 2860 3590 2913 καὶ

2015 2952 2403 3047 ὑπερείδοντος.
2433 2967 2529 3020 Διὰ
2554 2965 2710 3018 τοῦτο
2753 2963 2846 3016 καὶ
2896 2961 2994 3031 τὴν
3026 2956 3337 3028 συμμαχίαν
3366 2952 3580 3023 ἠγάπα,

2015 3070 2108 3122 καὶ
2135 3062 2459 3136 κρατοῦντος
2492 3058 2722 3119 ἐκείνου,
2755 3057 2974 3126 κρατεῖν
3013 3052 3171 3113 αὑτὸς
3211 3044 3579 3116 ὑπελάμϐανε.

1943 3187 1984 3242 C
2019 3159 2327 3215 Proximum
2359 3164 2531 3206 autem
2570 3148 2770 3202 Basilio
2804 3146 3069 3216 negotium
3097 3159 3158 3195 ac
3209 3139 3436 3193 studium
3487 3136 3585 3186 hoc

2022 3252 2147 3320 fuit,
2179 3245 2468 3300 antistitem
2507 3243 2674 3295 colere
2710 3250 2862 3306 atque
2894 3235 3185 3296 observare,
3235 3229 3587 3295 suspicionem

2022 3342 2386 3408 exstinguere,
2450 3332 2760 3387 mortalibus
2808 3326 3045 3381 omnibus
3105 3319 3415 3392 persuadere
3475 3331 3590 3370 mo-

2023 3435 2224 3488 lestiam
2261 3446 2398 3494 eam,
2439 3442 2598 3495 quam
2628 3428 2924 3489 acceperat,
2948 3409 3592 3478 tentationemquamdam

2025 3538 2072 3580 et
2100 3525 2295 3577 luctam
2339 3521 2486 3589 pravi
2541 3519 2685 3571 illius
2718 3515 2922 3582 fuisse,
2977 3510 3206 3562 honest
3228 3521 3288 3556 ac
3331 3498 3594 3554 laudabili

2027 3615 2317 3671 concordite
2344 3611 2624 3665 invidentis
2651 3623 2666 3660 :
2695 3616 2937 3658 cwterum
2973 3616 3072 3652 non
3106 3600 3349 3668 ignarum
3378 3608 3430 3646 se
3456 3605 3592 3652 esse,

2027 3709 2150 3779 quid
2191 3705 2493 3760 obedientia:
2519 3700 2818 3765 ordinisque
2848 3691 3058 3748 ritualis
3081 3690 3216 3757 leges
3245 3683 3594 3756 postularent.

2027 3771 2102 3853 lic
2127 3796 2341 3866 proinde
2363 3792 2562 3852 adesse,
2587 3791 2788 3850 docere,
2829 3785 2966 3837 dicto
2992 3781 3285 3833 audientem
3315 3791 3366 3826 se
3391 3771 3594 3840 prwbe-

2030 3906 2104 3952 re,
2137 3901 2364 3947 monere,
2411 3882 2610 3953 quidvis
2653 3879 2873 3945 denique
2912 3875 2992 3926 illi
3036 3887 3164 3934 esse,
3210 3867 3432 3920 monitor
3471 3879 3598 3928 pro-

2030 3979 2145 4042 bus,
2184 3975 2470 4045 opitulator
2535 3967 2858 4028 commodus,
2905 3963 3199 4015 divinorum
3260 3951 3601 4008 oraculorum

2029 4080 2325 4134 enarrator,
2372 4079 2546 4116 rerum
2597 4061 2920 4130 agendarum
2956 4059 3408 4123 pt'azmonstratar,
3447 4059 3603 4096 sene-

2031 4162 2186 4213 ctutis
2233 4156 2545 4218 subsidium,
2586 4153 2709 4220 ﬁdei
2745 4145 3144 4207 adminiculum,
3189 4139 3598 4194 domesticorum

2031 4250 2390 4319 fidelissimus,
2419 4257 2747 4300 externorum
2768 4242 2836 4293 ad
2866 4255 2946 4292 res
2976 4234 3224 4304 regendas
3253 4229 3555 4299 aptissimus
3576 4243 3597 4281 :

2032 4352 2086 4395 ut
2110 4357 2214 4392 uno
2251 4343 2400 4392 verba
2423 4337 2619 4396 dicam,
2651 4343 2826 4386 tantus
2855 4331 2921 4383 ad
2977 4324 3403 4383 benevolentiam,
3431 4335 3606 4388 quan-

2034 4444 2116 4486 tus
2138 4431 2281 4500 prius
2309 4432 2376 4482 ad
2407 4427 2734 4482 inimicitiam
2765 4440 2872 4477 esse
2895 4421 3199 4490 putabatur.
3241 4416 3324 4468 Ea:
3361 4429 3463 4483 quo
3484 4413 3599 4480 _hoc

1959 4541 2002 4596 ι)
2033 4521 2462 4591 consequebatur,
2509 4527 2566 4571 ut
2621 4516 2827 4570 etiamsi
2870 4512 3120 4566 euthedra
3175 4507 3396 4576 inferior
3444 4511 3602 4564 esset,

2035 4589 2287 4668 Ecclesia:
2313 4620 2482 4662 tamen
2515 4607 2788 4676 imperium
2819 4603 3092 4655 obtineret.
3128 4594 3336 4648 Etenim
3370 4607 3464 4662 pro
3517 4589 3609 4642 be-

2035 4702 2345 4764 nevolentia,
2377 4716 2538 4770 quant
2563 4698 2835 4767 afferebat,
2861 4692 3228 4747 auctoritatem
3271 4685 3553 4752 recipiebat
3584 4699 3603 4735 :

2033 4816 2096 4853 ac
2136 4798 2302 4850 mirus
2328 4796 2536 4863 quidem
2573 4801 2684 4844 erat
2709 4799 2985 4843 concentus
3022 4799 3286 4855 nexusque
3307 4778 3607 4850 potestatis.

2031 4890 2132 4945 Ille
2161 4889 2356 4958 plebem
2389 4885 2634 4946 ducebat,
2659 4883 2741 4936 hic
2767 4884 3035 4934 ductorem
3073 4896 3090 4932 :
3135 4895 3195 4930 ac
3227 4873 3360 4929 velut
3391 4871 3612 4942 quidam

2033 4980 2237 5033 leonum
2280 4985 2496 5030 curator
2522 4981 2654 5036 erat,
2703 4971 2956 5037 eum,qui
3009 4967 3360 5035 principatum
3382 4959 3611 5020 tenebat,

2033 5081 2144 5126 arte
2176 5066 2492 5120 demulceus.
2521 5065 2742 5133 Quippe,
2770 5071 2823 5113 ut
2857 5076 3018 5125 nuper
3048 5058 3102 5110 in
3155 5053 3407 5109 cathedra
3451 5048 3615 5102 collo-

2034 5172 2202 5224 catus,
2245 5177 2306 5212 ac
2360 5160 2639 5210 mundana'
2665 5155 2899 5208 materiw
2947 5150 3149 5220 aliquid
3178 5148 3348 5201 adhuc
3375 5143 3612 5211 spirans,

2037 5255 2369 5323 nondumque
2402 5253 2455 5303 in
2484 5251 2564 5302 his
2588 5265 2705 5318 qute
2742 5247 2962 5316 spiritus
2997 5242 3179 5310 ertmtj,
3209 5241 3524 5299 instructus,
3555 5247 3617 5284 ac

2041 5358 2291 5426 prtgterea
2357 5345 2553 5414 ingenti
2623 5349 2922 5407 tempestate
2994 5335 3222 5403 undique
3293 5335 3558 5384 cestuante
3599 5368 3617 5388 ,

2045 5418 2196 5511 atque
2224 5436 2613 5491 imminentibus
2643 5433 2893 5485 Ecclesite
2931 5429 3190 5489 hostibus,
3233 5438 3362 5491 opus
3395 5418 3622 5472 habebat

2043 5535 2272 5597 homine,
2301 5547 2331 5584 a
2359 5545 2461 5599 quo
2487 5527 2624 5582 velut
2652 5536 2891 5596 porrecta
2936 5540 3094 5577 manu
3127 5521 3404 5573 duceretur
3436 5523 3484 5569 et
3517 5509 3624 5577 [illi

2116 5739 2185 5809 (ci
2220 5738 2312 5795 Or.
2342 5737 2430 5792 20.
