3820 6210
1504 397 1662 453 νιτΑ
1702 397 1758 452 S.
1801 396 2069 456 BASlLll.

3241 422 3375 466 ιιηι

171 523 362 576 (iretur.
394 520 466 572 Ac
491 525 766 586 propterea
810 517 975 587 ipsius
1041 534 1186 587 opem
1241 529 1394 588 atque
1444 521 1703 574 auxilium
1733 527 1779 582 Α
1809 516 1976 573 fuisse
2002 531 2318 588 cognoscas.
2351 515 2488 573 Hinc
2536 517 2746 588 plebem
2797 521 2896 577 sibi
2929 525 3271 581 commissam
3299 529 3378 584 sic

173 610 561 680 amplectebatur,
608 625 770 679 eoque
818 610 1124 665 dominante
1163 612 1391 682 seipsum
1435 613 1706 667 dominari

165 704 428 772 judicabat.

226 793 282 847 ll.
311 794 398 847 llis
421 794 601 849 verbis
621 793 711 847 διὰ
736 793 894 847 τοῦτο
919 795 1126 866 παρῆν,
1155 795 1350 850 idcirco
1371 797 1576 863 aderat,
1619 797 1704 849 in-

167 887 314 940 dicari
342 885 548 940 videtur
598 885 836 940 oﬁiciosa
886 887 1129 955 quaedam
1181 888 1444 942 sedulitas
1493 887 1702 952 Basilii,

164 977 358 1030 domum
391 977 626 1046 episcopi
657 980 738 1032 sui
766 979 981 1033 assidue
1009 980 1343 1045 ventitantis,
1378 995 1483 1034 non
1527 989 1707 1034 tamen

171 1068 215 1120 in
237 1068 328 1122 hac
356 1068 511 1124 domo
537 1069 698 1124 simul
740 1084 862 1124 cum
893 1070 1145 1138 episcopo
1193 1070 1458 1140 degentis.
1493 1069 1708 1126 Revera

165 1157 376 1214 Basilius
418 1161 636 1215 videtur
677 1162 730 1214 in
784 1161 1112 1216 monasterio
1152 1161 1433 1232 presbyter
1480 1163 1704 1217 vixisse.

168 1247 217 1304 Id
245 1250 557 1319 perspicitur
576 1265 642 1304 ex
685 1251 906 1320 Bcguﬁs
949 1251 1267 1306 monasticis
1295 1252 1371 1321 (p.
1399 1252 1548 1323 243'),
1572 1267 1709 1322 qua-

166 1351 462 1395 rumauctor
484 1357 608 1396 cum
648 1343 953 1397 sacerdotio
996 1343 1357 1397 monasticum
1404 1344 1708 1397 institutum

163 1429 513 1501 coniungebat.
537 1430 614 1502 (a)
638 1432 771 1485 Cum
801 1433 1016 1500 quidam
1040 1433 1092 1486 in
1116 1447 1181 1488 eo
1208 1432 1348 1498 loco,
1373 1432 1464 1487 ubi
1487 1433 1712 1503 degebat

163 1521 766 1586 Basilius,monasticain
796 1524 961 1577 vitam
1009 1525 1261 1592 amplecti
1288 1525 1474 1593 vellet,
1522 1527 1711 1580 maluit

164 1628 268 1670 eum
310 1613 542 1670 Basilius
589 1607 806 1670 mittere
867 1617 921 1670 in
965 1617 1355 1672 monasterium
1389 1658 1402 1685 ,
1461 1619 1606 1688 quod
1657 1620 1710 1673 in

162 1707 314 1765 Ponto
338 1709 668 1764 instituerat.
695 1710 863 1766 Forte
898 1712 950 1766 in
983 1727 1048 1766 eo
1086 1712 1206 1767 loco
1231 1711 1321 1766 ubi
1353 1713 1582 1782 degebat
1611 1713 1713 1766 Ba-

162 1801 316 1864 silius,
346 1817 446 1857 non
495 1803 712 1872 vigebat
747 1803 1071 1859 cmnobitica
1116 1804 1423 1873 disciplina,
1469 1805 1560 1859 sed
1600 1805 1710 1859 bini

1808 611 2098 680 alloquitur
2129 612 2180 665 in
2232 611 2450 666 homilia
2506 613 2570 667 de
2597 614 2740 670 fame
2775 625 2828 668 et
2850 616 3114 684 siccitate,
3147 621 3373 685 num.-l,

1807 717 1930 772 pag.
1981 702 2050 755 6‘2
2089 721 2104 756 :
2140 701 2270 756 Filii
2314 705 2444 770 mei,
2487 720 2616 772 quos
2665 722 2757 774 per
2801 707 3139 778 Evangelium
3201 716 3377 780 genui.

1807 791 1945 846 Hinc
1993 793 2155 845 etiam
2189 793 2276 846 illa
2321 793 2559 848 clausula
2617 795 2803 850 homil.
2839 797 2874 850 2
2917 800 2971 852 in
2996 799 3232 856 Hexaem
3265 820 3282 856 :
3311 803 3381 858 Ut

1808 884 2057 962 eluceaLis
2081 884 2136 937 in
2178 886 2451 954 splendore
2476 896 2778 941 sanctorum
2803 890 2960 943 veluti
2993 893 3094 958 sol,
3123 896 3192 947 ad
3213 912 3382 950 nteam

1808 973 1970 1041 ipsius
2005 973 2404 1029 exsultationem
2436 978 2491 1029 in
2525 978 2610 1032 die
2636 978 2853 1046 Christi,
2877 984 2972 1034 cui
3000 985 3168 1052 gloria
3195 995 3243 1038 et
3281 988 3383 1040 im.-

1809 1065 2011 1130 perium
2037 1067 2093 1118 in
2115 1066 2309 1121 swcula
2331 1069 2670 1124 saeculorum.
2721 1071 2908 1128 Arnen.
2941 1075 3203 1131 Videntur
3233 1079 3381 1132 enim

1811 1154 1998 1209 Basilii
2027 1158 2283 1223 homiliae,
2315 1162 2605 1229 perpaucis
2632 1166 2873 1233 exceptis
2895 1207 2910 1232 ,
2951 1177 3076 1222 ante
3100 1169 3383 1238 episcopa-

1813 1255 1924 1299 tum
1953 1247 2332 1315 pronuntiatte.
2372 1248 2477 1305 Sed
2503 1251 2677 1307 dehis
2704 1254 2844 1310 alius
2879 1256 2983 1310 erit
3031 1258 3244 1312 dicendi
3304 1258 3383 1314 lo-

1812 1353 1929 1390 ους.

1881 1428 1969 1483 Ill.
1996 1429 2295 1486 Commissa
2325 1433 2523 1490 Basilio
2545 1438 2841 1494 auctoritas
2881 1455 2985 1493 non
3029 1440 3186 1496 unius
3211 1441 3383 1496 eccle-

1814 1521 1909 1578 sia:
1943 1536 2042 1577 nec
2081 1523 2240 1578 unius
2270 1525 2510 1580 civitatis
2569 1529 2764 1584 ﬁnibus
2822 1531 3241 1597 continebatur;
3287 1533 3383 1588 sed

1814 1631 1934 1670 cum
1962 1614 2314 1671 Caesariensis
2350 1618 2588 1673 Ecclesia
2620 1622 2966 1676 exarchicum
2991 1621 3079 1692 jus
3107 1623 3159 1676 in
3205 1623 3386 1692 plures

1812 1708 2120 1777 provincias
2157 1709 2400 1775 haberet,
2428 1722 2486 1764 ut
2513 1710 2652 1765 infra
2684 1713 3006 1780 videbimus,
3038 1715 3260 1770 minime
3287 1717 3388 1770 du-

1813 1798 1961 1853 biutn
1997 1801 2227 1869 estquin
2263 1800 2640 1870 Basilius,qui
2686 1806 2782 1858 etsi
2836 1807 3089 1860 cathedra
3136 1807 3385 1876 inferior,

161 1901 240 1946 aut
255 1893 384 1947 terni
409 1894 663 1948 vivebant
687 1905 902 1949 ascette.
925 1897 1100 1962 Atque
1127 1896 1268 1950 hanc
1291 1895 1520 1964 conjicio
1547 1895 1714 1950 exsti-
1743 1900 1786 1954 Β
1815 1889 2064 1944 Εεειεδῑίε
2084 1892 2358 1960 imperium
2398 1893 2683 1958 obtinebat,
2732 1896 2993 1964 plurimas
3023 1908 3202 1966 partes
3224 1901 3389 1955 susti-

159 1983 278 2038 tisse
310 1999 550 2049 causam,
587 2002 688 2040 cur
743 1987 888 2041 hunc
919 1987 1191 2042 hominem
1225 1987 1410 2042 mallet
1446 1988 1499 2042 in
1531 1989 1717 2042 Ponti-

161 2092 266 2129 cum
292 2078 677 2134 monasterium
709 2079 944 2133 mittere.
969 2079 1162 2133 Postea
1183 2080 1391 2149 insigne
1412 2081 1715 2136 carnobium

161 2163 403 2222 Caesarea:
427 2168 702 2222 exstruxit
740 2167 976 2223 Basilius
1005 2184 1149 2223 anno
1177 2169 1304 2222 372.
1351 2167 1454 2223 Sed
1487 2170 1577 2222 vix
1619 2171 1718 2224 du-

163 2257 314 2325 bium,
343 2258 472 2327 quin
501 2268 629 2312 ante
659 2259 1027 2328 episcOpatum
1055 2259 1435 2315 emnobiticam
1464 2261 1630 2314 vitam
1662 2261 1714 2315 in

158 2345 282 2400 hanc
327 2348 518 2402 urbem
576 2348 957 2403 introduxerit.
999 2347 1132 2401 Nam
1163 2348 1216 2402 in
1261 2348 1486 2418 epistola
1527 2349 1588 2403 8i
1643 2350 1719 2404 iu-

158 2440 308 2510 signis
329 2431 394 2495 ex
424 2441 579 2494 urbis
623 2439 964 2512 presbyterio
1008 2443 1264 2497 sacerdos
1297 2443 1350 2495 in
1403 2443 1634 2497 ascetica
1662 2454 1717 2498 et

159 2529 439 2584 continenti
466 2530 579 2583 vita
616 2533 880 2585 hactenus
912 2531 1132 2597 vixisse,
1173 2539 1227 2586 et
1257 2545 1321 2585 ex
1374 2531 1559 2587 labore
1603 2549 1718 2586 ma—

156 2635 305 2674 nuum
339 2622 441 2678 sibi
493 2637 619 2676 cum
655 2622 920 2678 fratribus
959 2623 1121 2678 simul
1155 2623 1478 2694 degentibus
1513 2627 1716 2681 victum

158 2713 338 2766 dicitur
390 2730 740 2785 comparare.
785 2714 1014 2770 Videtur
1048 2715 1173 2770 huic
1223 2717 1555 2772 monasterio
1578 2735 1716 2785 pra:-

157 2801 308 2860 fuisse
343 2805 600 2861 Basilius.
632 2805 770 2862 Hinc
820 2806 962 2861 illius
1011 2809 1246 2862 studium
1278 2810 1715 2879 excipiendorum

160 2898 413 2960 hospitum
441 2900 636 2954 laudat
665 2899 998 2968 Gregorius;
1033 2916 1140 2970 quo
1185 2901 1400 2970 quidem
1439 2899 1614 2958 oﬁicio
1667 2904 1717 2956 in

158 2989 366 3058 privatis
399 2993 613 3047 aedibus
670 3005 726 3048 et
761 3009 970 3049 summa
1004 3007 1186 3047 rerum
1224 2993 1463 3047 omnium
1515 2993 1717 3064 in0pia,

158 3081 216 3133 ad
246 3097 400 3150 quam
434 3099 496 3139 se
531 3083 710 3138 libens
760 3084 1077 3155 redegerat,
1114 3083 1206 3137 vix
1237 3081 1481 3152 perfungi
1514 3085 1722 3153 patuis-

155 3180 246 3225 set.
1393 3235 1400 3240 .

215 3264 291 3319 Ex
313 3264 748 3323 Caesariensibus
776 3267 1020 3324 ecclesiis
1056 3272 1230 3324 'unam
1272 3272 1543 3342 praecipue
1571 3270 1722 3326 Basi-

155 3357 218 3408 lio
253 3359 316 3410 ad
353 3359 657 3429 regendum
690 3361 1038 3415 commissam
1066 3362 1236 3416 fuisse
1268 3363 1626 3432 perspicimus
1657 3377 1724 3415 ex

159 3446 363 3502 homilia
394 3450 450 3503 in
512 3451 781 3520 psalmum
831 3468 956 3506 cxtv
1017 3453 1091 3522 (p.
1129 3442 1273 3522 199).
1306 3453 1471 3519 Nam,
1507 3467 1626 3508 cum
1669 3453 1723 3506 in

155 3541 369 3606 quodam
432 3555 740 3613 martyrum
803 3545 1003 3614 templo
1029 3547 1257 3615 populus
1295 3563 1324 3601 a
1355 3547 1529 3603 media
1567 3556 1726 3602 nocte

155 3646 311 3700 usque
335 3635 399 3687 ad
448 3636 736 3689 meridiem
775 3635 1032 3690 Basilium
1081 3647 1405 3708 exspectans
1437 3640 1726 3708 perduras-

157 3733 248 3790 set,
293 3726 384 3779 ubi
422 3729 648 3781 advenit
673 3729 1048 3792 Basilins,hac
1081 3746 1209 3784 usus
1238 3739 1320 3784 est
1355 3730 1724 3795 excusatione,

156 3829 243 3870 cur
266 3833 383 3872 sero
407 3820 668 3884 venisset,
699 3821 839 3889 quod
873 3821 1038 3876 aliam
1072 3822 1356 3877 ecclesiam
1403 3823 1609 3877 honore
1633 3838 1727 3892 pa-

162 3923 262 3961 rem
286 3910 710 3978 administrans,
757 3913 858 3967 diei
907 3923 1119 3982 tempus
1153 3914 1205 3967 in
1248 3913 1461 3982 liturgia
1493 3913 1564 3968 ibi
1591 3913 1727 3968 cele-

159 3999 346 4056 branda
397 4004 808 4073 insumpsisset.
868 4005 1016 4060 Illius
1087 4007 1251 4059 verba
1320 4006 1726 4074 perspicuitatis

161 4106 302 4146 causa
331 4093 592 4148 referam.
631 4095 784 4160 Quod
821 4097 866 4149 si
897 4107 942 4149 et
972 4097 1101 4150 mihi
1130 4097 1248 4166 ipsi,
1271 4097 1465 4162 inquit,
1505 4097 1728 4150 redden-

159 4187 220 4240 da
247 4190 379 4242 ratio
421 4207 524 4243 cur
573 4201 810 4244 moratus
854 4194 977 4255 sint,
1006 4202 1055 4245 et
1093 4193 1278 4260 perdiu
1305 4210 1336 4244 a
1368 4191 1510 4245 vobis
1544 4192 1728 4260 abfue-

159 4279 266 4342 tim,
287 4281 340 4332 id
365 4298 546 4335 cansw
577 4283 976 4352 a/ferum,quod
1009 4300 1126 4335 cum
1173 4283 1335 4335 aliam
1360 4283 1483 4336 huic
1532 4283 1728 4336 honore

156 4387 322 4436 parem
352 4375 633 4427 ecclesiam
651 4373 748 4426 Dei
778 4375 1138 4428 administrent
1163 4414 1178 4438 ,
1207 4391 1308 4427 non
1336 4389 1492 4442 parvo
1523 4391 1554 4426 a
1585 4374 1726 4427 vobis

157 4465 471 4533 disjunctam
498 4467 801 4530 intervallo,
830 4467 928 4521 hoc
953 4468 1058 4520 diei
1096 4478 1295 4535 tempus
1335 4453 1724 4534 insumpserim.

1817 1981 1997 2035 nuerit
2045 1997 2230 2063 earum
2283 1998 2624 2053 rerum,quae
2681 1996 2808 2040 tunc
2849 1988 3040 2043 initiis
3079 1989 3391 2059 regionibus

1819 2071 1886 2124 ad
1915 2071 2036 2126 ﬁdei
2087 2074 2450 2129 defensionem
2485 2085 2539 2130 et
2573 2075 2923 2132 ecclesiarum
2960 2081 3390 2148 paciﬁcationem

1817 2173 1982 2232 gesta:
2037 2164 2276 2220 fuerunt.
2310 2166 2366 2220 ld
2416 2176 2595 2222 autem
2646 2169 2950 2239 colligimus
2979 2187 3084 2226 non
3123 2177 3294 2228 solum
3320 2189 3392 2229 ex

1819 2253 2066 2324 Gregorii
2095 2256 2431 2324 testimonio,
2461 2260 2552 2328 qui
2590 2269 2797 2314 tantam
2848 2261 3045 2317 Basilio
3095 2267 3392 2321 auctorita-

1818 2355 1924 2402 tem
1958 2350 2025 2401 ab
2048 2346 2280 2404 Eusebio
2311 2364 2622 2404 concessam
2660 2352 2827 2406 fuisse
2872 2362 3078 2420 narrat,
3107 2355 3200 2409 sed
3226 2355 3390 2409 etiam

1816 2453 1883 2492 ex
1920 2439 2162 2506 pluribus
2193 2439 2374 2496 Basilii
2429 2443 2696 2512 epistolis,
2746 2461 2881 2513 quas
2921 2448 3200 2518 presbyter
3247 2449 3392 2504 scri-

1816 2530 1944 2598 psit.
1980 2531 2246 2586 Discimus
2279 2547 2344 2586 ex
2367 2535 2526 2601 epist.
2551 2535 2640 2598 28,
2679 2552 2732 2588 n.
2765 2537 2818 2600 3,
2844 2537 3146 2594 Musonium
3182 2541 3394 2610 episco-

1818 2636 1942 2688 pum
1975 2621 2465 2679 Neocazsariensem
2491 2641 2614 2681 cum
2644 2626 2842 2683 Basilio
2867 2630 2932 2682 ad
2973 2645 3157 2699 pacem
3200 2631 3390 2687 Eccle-

1819 2714 2022 2767 siarum
2076 2729 2404 2771 concurrere
2457 2729 2678 2788 propter
2747 2723 3009 2790 quasdam
3073 2725 3394 2794 anticipata;

1819 2806 2100 2874 opiniones
2128 2807 2360 2863 noluisse
2386 2849 2400 2874 ,
2430 2811 2524 2864 sed
2574 2821 2751 2866 tamen
2791 2812 3045 2870 Basilium
3080 2816 3220 2871 idem
3250 2833 3394 2872 sem-

1819 2912 1915 2965 per
1947 2913 2067 2951 cum
2102 2899 2219 2967 ipso
2265 2902 2555 2968 sentiendi,
2594 2903 2843 2974 illiusque
2896 2905 2964 2959 ad
3004 2909 3392 2978 oppugnandos

1821 2989 2102 3045 [hereticos
2131 2994 2427 3048 advocandi
2479 2995 2684 3051 nullum
2749 3007 2961 3070 tempus
3009 3001 3400 3062 intermisisse.

1821 3079 2044 3136 Videtur
2095 3083 2429 3140 Athanasius
2476 3088 2797 3156 Ancyranus
2845 3107 2966 3145 cum
3011 3090 3210 3148 Basilio
3260 3109 3394 3148 con-

1818 3170 2060 3240 iunctior
2089 3173 2258 3230 fuisse
2287 3175 2339 3230 in
2381 3176 2484 3232 hoc
2519 3178 2746 3234 consilio
2791 3182 3246 3250 paciﬁcandarum
3291 3182 3395 3236 Ec.

1825 3264 2134 3322 clesiarum.
2174 3267 2306 3322 Nam
2339 3285 2461 3324 cum
2506 3271 2553 3326 is
2597 3272 2784 3327 eodem
2841 3282 3080 3343 tempore
3107 3289 3172 3330 ac
3214 3273 3396 3328 Muso-

1822 3355 1945 3409 nius
1979 3365 2208 3411 mortem
2247 3358 2489 3424 obiisset,
2519 3361 2599 3414 sic
2627 3361 2956 3417 desiderium
2997 3379 3151 3418 suum
3176 3363 3397 3435 {signiﬁ-

1823 3455 1911 3502 cat
1947 3445 2176 3503 Basilius
2201 3449 2274 3519 (ὁ)
2298 3468 2312 3503 :
2341 3451 2562 3506 Cuiaam
2590 3453 2830 3523 deinceps
2856 3454 3189 3509 ecclesiarum
3211 3471 3396 3508 curans

1823 3538 2109 3605 deferemus
2132 3541 2157 3594 .9
2183 3540 2348 3603 Quem
2372 3543 2718 3611 adjungemus
2753 3545 3107 3598 molestiarum
3143 3546 3339 3600 socium
3369 3545 3396 3598 2

1827 3628 1991 3693 Quem
2016 3630 2218 3684 lwtitia:
2236 3633 2588 3701 participem?
2613 3635 2866 3704 Deplorat
2899 3637 2952 3690 in
2977 3637 3201 3706 epistola
3231 3637 3300 3691 30
3324 3641 3392 3691 ad

1825 3717 2116 3773 Eusebium
2147 3720 2584 3776 Samosatensem
2628 3725 2835 3779 tristem
2868 3725 3233 3782 Ecclesiarum
3282 3737 3396 3781 sta-

1827 3822 1960 3867 tum.
1989 3811 2161 3880 Luget
2212 3813 2265 3866 itt
2300 3827 2385 3882 ep.
2411 3813 2480 3867 54
2501 3817 2566 3868 ad
2605 3816 2873 3881 eumdem,
2900 3818 3172 3887 delapsam
3205 3820 3257 3872 in
3291 3819 3397 3873 hie-

1826 3901 2120 3958 reticorum
2157 3917 2346 3958 manus
2389 3902 2710 3959 Tarsensem
2775 3906 3100 3972 Ecclesiaml,
3134 3910 3256 3964 dum
3286 3911 3401 3976 epi-

1827 3995 1975 4064 sc0pi
2013 4003 2294 4050 morantur
2317 4011 2380 4050 ac
2435 3995 2757 4062 deliberant,
2799 4013 2964 4069 seque
2992 4009 3178 4057 mutuo
3231 4003 3401 4072 respi-

1827 4088 1996 4142 ciunt.

1899 4176 1988 4231 IV.
2017 4177 2274 4244 Qumnam
2319 4189 2497 4233 autem
2534 4179 2622 4233 illa
2663 4182 2972 4236 exstiterint
3017 4183 3389 4238 ecclesiastica

1828 4272 2075 4341 negotia,
2108 4272 2161 4324 in
2197 4272 2394 4338 quibus
2433 4273 2688 4342 gerendis
2730 4274 2892 4329 studii
2921 4289 2985 4329 ac
3015 4275 3402 4330 sollicitudinis

1828 4362 2012 4419 Basilii
2042 4363 2180 4418 bona
2209 4378 2333 4432 pars
2359 4366 2616 4430 accessit,
2644 4366 2831 4433 paucis
2861 4367 3256 4436 exponendum.
3281 4365 3401 4421 Jam

1832 4457 2074 4512 diximus
2104 4457 2370 4527 plurimos
2396 4458 2446 4510 in
2481 4457 2708 4513 Oriente
2735 4458 3070 4514 orthodoxos
3095 4459 3402 4528 episcopos,

158 4553 411 4619 Quoniam
460 4561 628 4628 595m,-
661 4560 802 4612 άεάίι
850 4558 997 4613 nobis
1053 4559 1312 4612 οοητξηιιε
1358 4571 1405 4612 ει
1455 4559 1725 4628 ιεηιγθίαιη
1760 4598 1814 4652 D
1836 4548 1926 4602 ubi
1959 4548 2212 4602 viderunt
2243 4550 2476 4602 Arianos
2503 4549 2554 4602 in
2589 4559 2829 4616 apertam
2864 4551 3192 4617 impietatem
3217 4567 3403 4605 erum-

157 4649 255 4703 illis
283 4653 600 4720 adimplere,
629 4670 719 4706 nec
763 4664 946 4706 vestrm
973 4652 1150 4706 deesse
1187 4652 1434 4705 charitati
1453 4667 1474 4715 ;
1525 4652 1726 4720 gratias

157 4753 344 4792 mecum
371 4744 519 4811 agite
557 4742 798 4812 largitori
835 4742 1197 4810 bene/ico,qui
1235 4742 1368 4794 hanc
1396 4757 1553 4809 quam
1591 4739 1730 4793 vide-

159 4830 219 4882 tis
237 4835 470 4898 corporis
507 4834 674 4886 nostri
727 4833 1046 4888 debilitatem
1072 4832 1323 4888 invisibili
1354 4849 1451 4886 sua
1492 4832 1729 4901 potentia

159 4919 385 4976 deduxit.
417 4923 722 4992 Episc0pus
755 4924 806 4977 in
834 4924 1012 4993 aliqua
1067 4923 1318 4978 dioecesis
1349 4937 1458 4978 sua:
1497 4921 1728 4977 ecclesia

160 5014 471 5070 concionem
529 5015 755 5079 habens,
805 5032 1144 5085 nequaquam
1206 5014 1449 5084 profecto
1511 5013 1728 5086 dixerit,

162 5104 310 5159 aliam
355 5122 387 5159 a
429 5121 492 5161 se
547 5106 752 5160 honore
784 5122 966 5175 parem
1023 5105 1389 5160 administrari
1421 5103 1728 5159 ecclesiam.

165 5196 278 5253 llaec
313 5199 414 5254 soli
442 5207 752 5268 congruunt
801 5201 1138 5269 presbytero.
1177 5197 1311 5252 Cum
1363 5211 1490 5265 ergo
1544 5195 1734 5249 afﬁxus

165 5298 297 5343 esset
324 5290 420 5343 uni
476 5290 720 5344 ecclesia:
753 5289 1193 5343 administrandas
1221 5287 1468 5349 Basilius,
1513 5287 1735 5340 minime

165 5382 372 5446 mirum,
391 5381 511 5434 siin
540 5379 654 5448 ejus
677 5380 942 5446 homiliis,
971 5389 1165 5448 prmter
1186 5395 1328 5443 eam,
1354 5394 1472 5447 qua:
1493 5372 1732 5433 omnium

167 5470 325 5534 prima
389 5472 445 5527 in
520 5472 843 5542 principium
900 5471 1317 5528 Pruverbiorum
1389 5470 1732 5540 pronuntiata

168 5571 261 5626 est,
295 5565 434 5618 nihil
468 5581 695 5635 prorsus
755 5565 1016 5631 occurrit,
1045 5578 1112 5645 ex
1159 5577 1264 5645 quo
1286 5560 1596 5632 episcopum
1639 5561 1732 5615 ad-

237 5704 307 5772 (ι)
329 5702 426 5772 Ep.
461 5704 547 5759 23.

246 5839 270 5871 δ

1837 4654 1986 4706 pere,
2021 4640 2087 4693 ab
2118 4654 2302 4692 eorum
2355 4641 2760 4705 cmnmunionc,
2810 4655 2970 4709 quam
3019 4641 3280 4696 hactenus
3334 4643 3404 4697 ob

1837 4731 2063 4786 liceresis
2085 4733 2302 4802 perﬁda:
2337 4732 2826 4786 dissimulationem
2861 4748 2965 4787 non
3000 4733 3269 4802 fugerant,
3304 4747 3401 4804 pe-

1836 4825 2337 4880 nituS'recessisse.
2376 4825 2438 4880 Hi
2473 4825 2613 4894 apud
2651 4824 2710 4878 S.
2743 4825 3104 4894 Epiphaniam
3144 4837 3409 4880 vocantur

1839 4916 2186 4982 Semiariani,
2219 4920 2360 4988 apud
2396 4920 2674 4971 Socratem
2705 4926 2760 4971 et
2818 4915 3178 4971 Sozomenum
3225 4917 3408 4972 Mace-

1837 5010 2083 5072 doniani,
2122 5009 2322 5079 iniquis
2370 5024 2592 5077 prorsus
2641 5007 2968 5062 nominibus.
3015 5007 3216 5063 Bellum
3252 5008 3406 5066 Aria-

1838 5103 1925 5158 nis
1953 5103 2280 5156 acerrimum
2318 5102 2630 5155 indixerunt
2663 5116 2804 5154 anno
2839 5100 2964 5165 558,
3007 5116 3070 5154 ac
3093 5109 3204 5154 tum
3236 5100 3409 5169 gratia

1837 5203 1892 5248 et
1931 5194 2254 5249 auctoritate
2311 5193 2452 5263 apud
2505 5193 2881 5249 Constantium
2939 5193 3259 5248 ﬂoruerunt.
3302 5192 3408 5247 Sed

1840 5285 2028 5339 Ariani
2059 5300 2200 5338 anno
2234 5284 2338 5339 560
2374 5294 2612 5340 retracto
2654 5289 2721 5348 ad
2762 5287 3184 5356 seimperatoris
3229 5286 3411 5338 animo

1847 5389 2036 5444 paruas
2063 5379 2131 5430 ab
2157 5377 2238 5430 eis
2275 5377 2609 5446 repetierant
2637 5377 2874 5435 defensa:
2898 5377 3162 5443 veritatis,
3196 5391 3259 5429 ac
3288 5376 3411 5444 plu-

1843 5466 2012 5522 rimos
2055 5467 2371 5534 deposuere.
2424 5466 2654 5523 Rediere
2684 5469 2929 5538 plerique
2960 5469 3059 5522 sub
3092 5464 3414 5528 Juliano,,et

1842 5573 2098 5627 magnum
2144 5558 2269 5614 ﬁdei
2313 5559 2548 5615 studium
2583 5560 2944 5616 declararunt.
2971 5559 3106 5614 Cum
3148 5555 3415 5630 ejusmodi

1917 5697 1988 5767 (θ)
2021 5695 2118 5766 Ep.
2142 5697 2231 5754 29.
