3820 6210
356 397 480 439 XLIV

1730 357 2256 418 PROLEGOMENA.

358 498 628 573 episcopis
667 494 943 564 conjuncti
975 498 1131 548 erant
1160 483 1604 560 praestantissimi
1638 483 1742 538 viri
1769 483 1935 537 Mele-
1962 488 2007 543 Α
2040 481 2188 534 noris
2217 476 2499 545 episcopos
2520 473 2777 529 habuisse
2818 468 3022 525 homini
3065 481 3169 524 non
3200 465 3302 520 alia
3335 477 3498 533 quam
3535 461 3615 517 le-

359 598 486 657 tius,
538 588 801 644 Eusebius
852 582 1272 645 Samosatensis,
1322 578 1558 634 Basilius
1607 585 1663 631 et
1712 574 1927 645 plurimi

361 684 451 736 alii
478 680 725 737 doctrina
753 687 807 732 et
834 675 1127 732 sanctitate
1154 669 1522 727 celeberrimi.

432 771 692 839 Quamvis
730 777 910 823 autem
964 780 1164 834 magno
1198 761 1454 817 Ecclesia:
1487 756 1768 813 commodo
1808 770 1932 811 eve-

364 867 526 928 nerit,
557 873 611 917 ut
646 860 713 915 ab
740 858 960 915 Arionis
1008 855 1298 927 qtbodoxi
1347 852 1680 913 secederent,
1714 864 1816 903 non
1854 848 1934 901 id-

364 955 512 1009 circo
543 962 720 1007 tamen
768 966 873 1021 pax
928 950 1205 1011 restituta,
1253 946 1346 1002 sed
1401 941 1831 999 dissensionibus
1881 948 1937 993 et

362 1049 599 1119 partium
628 1045 824 1100 studiis
854 1044 1054 1099 referta
1084 1041 1270 1095 omnia
1320 1038 1565 1101 fuerunt,
1599 1036 1670 1089 ita
1707 1044 1763 1086 ut
1798 1034 1934 1086 alius

365 1138 502 1192 alios
547 1134 1037 1191 communieatores
1071 1129 1320 1192 haberet,
1359 1137 1453 1180 aut
1500 1141 1528 1178 a
1573 1138 1666 1178 sua
1695 1137 1935 1176 commu—

366 1230 528 1285 nione
555 1222 1338 1283 removeret.Communicabat
1366 1218 1593 1271 Basilius
1616 1230 1739 1269 cum
1766 1214 1933 1266 Alba-

369 1322 555 1385 nasio;
598 1320 692 1373 sed
728 1330 1069 1386 nequaquam
1096 1311 1424 1367 Athanasius
1469 1324 1590 1363 cum
1637 1306 1845 1360 Meletio
1882 1313 1937 1358 et

366 1411 606 1466 Eusebio
637 1405 1029 1470 Samosatensi,
1065 1403 1270 1457 inlimis
1324 1398 1508 1452 Basilii
1565 1396 1774 1450 amicis.
1817 1393 1938 1446 Fla-

373 1502 567 1574 grabat
598 1498 914 1555 Eustathius
945 1495 1264 1567 justissimis
1294 1490 1582 1546 Arianismi
1618 1485 1940 1554 suspicioni-

351 1598 509 1661 .bus;
546 1592 811 1654 Basilius,
838 1592 926 1659 qui
966 1589 1107 1643 illius
1144 1588 1378 1640 animum
1406 1599 1470 1638 ex
1510 1598 1607 1636 suo
1640 1580 1935 1649 spectabat,

374 1684 544 1738 multa
591 1683 737 1737 illius
768 1696 933 1739 causa
971 1680 1109 1734 bella
1144 1676 1417 1731 sustinuit.
1461 1674 1610 1727 Multi
1653 1673 1742 1726 alii
1781 1672 1938 1725 fidem

371 1775 733 1830 defendebant
760 1788 862 1827 non
900 1772 1189 1833 insincero,
1228 1778 1286 1822 ut
1320 1766 1660 1828 Eustathius,
1696 1766 1877 1818 animo
1922 1780 1934 1813 :

2035 572 2204 626 ctoris
2239 569 2499 640 dignitate
2534 575 2745 623 ornato.
2792 563 2924 617 Nam
2971 577 3115 631 smpe
3158 560 3292 613 alias
3344 556 3608 619 Basilius,

2036 674 2095 716 ut
2111 660 2575 727 Constantinopoli
2596 657 2871 720 annali-39,
2895 654 3076 708 utilem
3098 650 3365 721 episcopis
3382 662 3608 716 cperam

2035 761 2356 814 navaverat,
2388 765 2451 803 ac
2475 748 2782 817 nuperrime
2810 760 3023 799 causam
3048 741 3302 796 Ecclesia:
3340 739 3611 792 adversus

2036 844 2356 897 Eunomlum
2390 836 2854 910 prmstantissimis
2879 835 3095 903 scriptis
3123 830 3457 885 defenderat.

2105 933 2401 989 Concilium
2438 932 2869 1000 Lampsacenum
2902 927 3190 982 subsecuta
3236 932 3319 977 est
3347 935 3611 991 persecu-

2037 1026 2132 1089 tio,
2161 1027 2212 1078 in
2244 1039 2348 1094 qua
2384 997 2598 1093 quidem
2633 1022 2743 1090 jam
2794 1019 3028 1072 vidimus
3058 1015 3189 1085 quid
3240 1015 3306 1068 de
3360 997 3611 1067 Ecclesia

2041 1115 2273 1170 Basilius
2298 1116 2558 1169 meruerit
2587 1129 2726 1167 anno
2749 1112 2878 1175 365,
2910 1126 3030 1165 cum
3063 1107 3326 1173 Valentis,
3352 1105 3446 1175 qui
3484 1104 3611 1173 plu-

2049 1208 2199 1262 ribus
2228 1207 2341 1276 jam
2380 1206 2603 1260 vastatis
2661 1203 2905 1259 ecclesiis
2962 1199 3351 1255 Caesariensem
3394 1211 3502 1273 ‘spe
3557 1203 3617 1247 et

2040 1298 2295 1351 aviditate
2322 1297 2630 1359 devorabat,
2660 1295 2839 1347 irritos
2864 1292 3197 1358 infectosque
3225 1270 3448 1343 conatus
3485 1286 3623 1338 red-

2039 1390 2190 1443 didit.
2218 1387 2421 1441 Praeter
2457 1388 2594 1441 hanc
2638 1386 2939 1446 victoriam,
2976 1398 3094 1449 quze
3140 1379 3343 1433 fractos
3396 1377 3617 1430 animos

2038 1480 2379 1535 exsuscitare
2407 1478 2610 1542 debuit,
2647 1485 2890 1531 exortum
2922 1474 3078 1528 civile
3112 1472 3309 1527 bellum
3341 1468 3619 1537 episc0pis

2041 1575 2249 1644 capiam
2300 1570 2447 1625 dedit
2476 1570 2542 1623 de
2570 1570 2731 1623 rebus
2762 1565 3148 1621 ecclesiasticis
3184 1565 3327 1618 inter
3364 1577 3427 1615 se
3468 1560 3616 1613 deli-

2042 1667 2290 1721 berandi.
2323 1664 2438 1719 Non
2475 1662 2616 1716 enim
2650 1663 2907 1729 perducta
2939 1660 3007 1713 ad
3039 1658 3245 1712 exitum
3274 1655 3490 1708 fuerant
3520 1653 3617 1705 de-

2045 1770 2193 1814 creta
2228 1759 2608 1826 Lampsaccna:
2634 1752 2857 1824 synodi;
2890 1752 3077 1804 eadem
3128 1763 3345 1817 semper
3376 1754 3498 1799 erat
3529 1759 3622 1797 re-

370 1867 466 1922 sed
500 1876 677 1920 tamen
710 1865 955 1933 pluribus
992 1862 1227 1931 sbspecti
1262 1869 1439 1915 erant.
1472 1860 1609 1913 Hinc
1666 1857 1775 1911 illa:
1824 1856 1940 1925 opi-
1972 1830 2013 1884 Β
2045 1867 2158 1903 rmn
2184 1846 2559 1919 perturbatio;
2592 1844 2828 1913 episcopi
2873 1842 2963 1911 qui
3008 1842 3077 1893 ab
3107 1838 3328 1892 Ariauis
3369 1850 3621 1890 recesse-

370 1955 565 2010 niones
610 1955 935 2023 anticipata},
974 1951 1172 2020 quibus
1220 1965 1279 2004 se
1316 1948 1596 2003 Musonius
1658 1946 1938 1999 Neoetesa-

369 2048 569 2103 riensis
598 2046 827 2101 detineri
864 2044 1157 2109 fatebatur,
1217 2042 1510 2111 quominus
1568 2039 1821 2094 Basiliam
1884 2038 1936 2089 in

371 2139 725 2212 paciﬁcandis
750 2138 1009 2193 Ecclesiis
1030 2136 1263 2203 juvaret.
1290 2133 1574 2200 Permagni
1613 2146 1743 2200 ergo
1775 2130 1942 2183 inter-

369 2240 488 2287 erat
528 2238 583 2285 et
629 2229 693 2283 ad
726 2228 883 2283 ﬁdem
912 2237 966 2281 et
992 2228 1056 2280 ad
1083 2225 1341 2278 unitatem
1376 2222 1647 2285 Ecclesiae,
1671 2230 1727 2272 ut
1757 2219 1942 2272 ortho-

370 2318 499 2374 doxi
526 2332 717 2372 omnes
747 2317 969 2372 remotis
1016 2314 1411 2383 suspicionibus
1444 2328 1507 2366 ac
1558 2326 1661 2365 una
1716 2323 1941 2377 prorsus

372 2408 612 2465 stabilita
670 2407 1051 2462 communione
1085 2405 1229 2459 vires
1274 2419 1401 2458 suas
1456 2401 1509 2455 in
1566 2400 1941 2469 oppugnandis

372 2498 647 2553 hzercticis
696 2496 1108 2565 coniungerent.
1159 2493 1217 2547 ln
1265 2495 1367 2548 hoc
1402 2491 1735 2562 perficiendo
1783 2503 1944 2558 opere

370 2589 602 2645 Basilius
628 2602 730 2643 nec
761 2587 1067 2657 presbyter,
1092 2600 1191 2640 nec
1230 2586 1517 2653 episc0pus
1544 2584 1823 2635 elaborare
1853 2582 1945 2634 de-

370 2683 529 2737 stitit.
585 2679 690 2736 Sed
748 2693 871 2737 eum
926 2677 992 2732 ad
1030 2685 1242 2746 optatos
1294 2677 1471 2729 exitus
1526 2674 1780 2726 eximium
1845 2672 1945 2725 hoc

370 2771 658 2829 consilium
711 2768 1010 2839 perducere
1060 2782 1208 2839 mors
1241 2764 1539 2834 prohibuit.
1568 2766 1639 2817 At
1670 2761 1819 2830 operi
1854 2776 1946 2814 co-

370 2864 618 2920 ronidem
662 2861 921 2930 imposuit
948 2859 1187 2929 synodus
1225 2855 1563 2912 secumenica
1597 2852 1852 2917 secunda,
1892 2852 1944 2904 in

372 2971 479 3026 qua
532 2953 713 3011 Basilii
763 2953 926 3007 amici
980 2950 1270 3021 plurimum
1316 2955 1631 3016 potuerunt.
1681 2944 1758 2999 lbi
1799 2943 1944 2997 enim

365 3045 666 3105 constituta
709 3053 838 3097 sunt
854 3042 1097 3110 quaedam
1120 3037 1283 3093 veluti
1309 3047 1493 3091 centra
1523 3034 1945 3095 communionis,

378 3148 443 3187 ac
472 3131 855 3200 spectatissimi
887 3128 1091 3199 quique
1122 3128 1174 3182 in
1216 3126 1445 3193 singulis
1473 3124 1764 3191 provinciis
1791 3122 1945 3175 electi

376 3236 506 3281 sunt
556 3224 820 3294 episcOpi,
853 3222 1176 3291 quibuscum
1231 3220 1541 3288 quicunque
1580 3214 1947 3269 communica-

373 3325 521 3381 rent,
563 3329 657 3370 eos
686 3328 786 3384 pro
819 3312 1105 3368 catholicis
1140 3309 1326 3364 haberi
1360 3307 1594 3377 synodus
1618 3306 1819 3370 voluit;
1859 3320 1948 3359 se-

375 3422 495 3473 cus,
531 3406 579 3461 si
618 3405 832 3460 illorum
877 3411 1130 3458 carerent
1167 3399 1572 3455 communione.
1613 3397 1815 3467 Synodi
1854 3397 1949 3451 de-

376 3506 587 3553 cretum
613 3496 936 3555 auctoritate
968 3507 1061 3548 sua
1104 3490 1449 3547 confirmavit
1477 3488 1837 3551 Theodosius,
1891 3496 1950 3541 ut

375 3596 527 3658 patet
544 3602 610 3641 ex
642 3584 992 3640 celeberrima
1017 3582 1157 3636 illius
1179 3581 1315 3650 lege,
1336 3580 1429 3634 lib.
1454 3596 1539 3633 xvi
1566 3578 1699 3633 Cod.
1717 3578 1946 3643 Theod.,

379 3675 467 3729 tit.
502 3674 558 3728 1.
592 3672 819 3743 Magnus
847 3686 979 3726 sane
1008 3671 1161 3725 dolor
1195 3670 1405 3724 exstitit
1435 3669 1661 3735 Basilio,
1692 3669 1835 3737 quod
1868 3668 1949 3721 la-

375 3765 571 3821 borum
610 3778 836 3819 suorum
876 3762 1112 3816 fructum
1144 3777 1250 3816 non
1280 3762 1473 3816 viderit
1506 3780 1517 3814 :
1561 3761 1653 3815 sed
1687 3761 1829 3814 illius
1853 3776 1950 3814 uo-

380 3856 515 3912 mini
549 3856 822 3925 rebusque
864 3855 1031 3923 gestis
1062 3870 1316 3922 magnum
1350 3852 1479 3906 mihi
1518 3854 1732 3906 videtur
1782 3853 1949 3905 decus

379 3947 654 4001 addidisse
686 3944 924 4015 synodus
980 3941 1598 4009 Constantiuopolitana,
1655 3940 1779 3993 dum
1834 3938 1952 4007 ejus

377 4038 609 4105 vestigia
642 4036 865 4107 premit,
897 4044 951 4089 et
978 4034 1285 4092 inclinatam
1310 4034 1379 4085 ab
1410 4046 1473 4085 eo
1503 4031 1660 4084 telam
1693 4030 1948 4099 pertexit.

451 4126 518 4182 V.
555 4126 773 4181 Initium
828 4138 1151 4195 magnarum
1204 4136 1390 4175 rerum
1449 4120 1657 4175 exstitit
1710 4119 1952 4189 synodus

376 4218 773 4290 Lampsacena,
798 4216 953 4283 cujus
1000 4214 1364 4269 convocandae
1402 4212 1676 4266 licentiam
1714 4210 1792 4282 (a)
1824 4226 1954 4266 con-

380 4304 545 4363 cessit
575 4305 1009 4367 Valentinianus,
1042 4308 1169 4357 dum
1206 4302 1381 4356 adhuc
1416 4302 1467 4354 in
1508 4301 1801 4356 Occidente
1836 4316 1953 4355 mo-

379 4401 624 4455 rabatur.
658 4399 716 4452 lu
747 4399 848 4452 hoc
875 4396 1109 4451 concilio
1134 4410 1231 4464 per
1255 4395 1388 4448 duos
1422 4406 1638 4447 menses
1684 4393 1951 4447 delibera-

2041 1949 2185 2004 rant,
2216 1938 2411 1993 bellum
2445 1933 2771 2002 inexpiabile
2827 1931 3099 1984 habebant
3140 1943 3261 1982 cum
3308 1926 3621 1985 Anommis,

2042 2049 2140 2085 nec
2173 2041 2351 2083 tamen
2388 2027 2695 2083 Occidentis
2719 2034 2772 2079 et
2802 2022 3020 2093 lEgypti
3051 2018 3489 2075 communionem
3520 2016 3624 2069 ba-

2042 2125 2264 2185 bebant,
2302 2129 2395 2174 aut
2427 2118 2617 2173 saltem
2656 2132 2761 2170 non
2790 2129 2887 2183 per
2920 2129 2977 2167 se
3007 2113 3129 2178 ipsi,
3163 2113 3255 2165 sed
3287 2125 3381 2179 per
3409 2107 3626 2162 medios

2042 2216 2297 2285 quosdam
2326 2212 2808 2265 communicatores
2850 2206 3154 2260 habebant:
3190 2212 3454 2274 praeterea
3480 2200 3626 2254 mul-

2044 2319 2218 2361 torum
2252 2304 2435 2373 lapsus
2466 2303 2517 2355 iu
2561 2300 2941 2369 persecutione
2996 2310 3195 2350 novum
3233 2294 3431 2349 vulnus
3479 2292 3631 2345 iece—

2044 2407 2148 2453 rat.
2199 2398 2382 2463 ltaque
2432 2394 2580 2447 varia
2610 2392 2835 2445 concilia
2871 2391 3140 2459 Smyruaz,
3165 2396 3220 2440 et
3260 2386 3312 2439 in
3347 2384 3631 2452 Pamphy-

2052 2489 2147 2553 lia,
2178 2487 2381 2541 Isauria
2431 2498 2494 2538 ac
2544 2482 2706 2553 Lycia
2757 2481 3022 2535 celebrata
3077 2488 3202 2533 sunt
3252 2476 3346 2546 (ε),
3387 2490 3627 2544 quorum

2045 2578 2263 2631 nomine
2289 2586 2397 2630 tres
2430 2573 2590 2643 legati
2620 2572 2673 2625 in
2708 2569 3054 2625 Occidentem
3083 2584 3205 2620 cum
3230 2565 3430 2619 litteris
3445 2562 3631 2625 missi,

2047 2668 2363 2724 Eustathius
2388 2666 2739 2727 Sebastenus,
2774 2661 3027 2715 Silvanus
3060 2657 3345 2711 Tarsensis
3372 2664 3428 2709 et
3453 2653 3633 2708 Theo-

2046 2764 2227 2833 philus
2258 2758 2716 2815 Castabalitauus.
2753 2752 2849 2806 His
2880 2752 3063 2805 datum
3122 2749 3177 2801 in
3236 2744 3535 2809 mandatis,
3568 2754 3635 2795 ut

2047 2855 2170 2909 fidei
2203 2852 2433 2907 Niczcure
2458 2847 2890 2908 subscriberent,
2918 2852 2971 2896 et
2989 2842 3197 2895 litteras
3227 2835 3638 2893 communionis

2048 2961 2076 2999 a
2112 2944 2328 3000 Liberio
2370 2943 2752 3007 impetrarent.
2797 2935 3003 2988 Praeter
3045 2930 3355 2986 communia
3406 2927 3632 2997 negotia

2049 3037 2306 3090 curandae
2338 3040 2496 3087 erant
2552 3028 2840 3083 Eustathio
2883 3040 2970 3079 res
3028 3022 3281 3091 propria}.
3336 3018 3633 3086 Depositus

2049 3127 2193 3181 enim
2220 3139 2359 3178 anno
2393 3122 2497 3176 560
2538 3121 2603 3174 ab
2646 3117 2948 3179 Anommis,
2982 3129 3045 3169 ac
3080 3121 3264 3182 postea
3300 3110 3353 3164 in
3381 3107 3636 3163 Valentis

2049 3215 2428 3287 persecutione
2455 3212 2661 3281 lapsus,
2688 3209 2897 3278 magnis
2941 3205 3215 3275 praesidiis
3249 3202 3468 3271 egebat,
3511 3210 3571 3254 ut
3602 3214 3636 3253 a

2051 3306 2350 3363 Catholicis
2384 3304 2739 3373 reciperetur,
2770 3315 2870 3353 nec
2912 3298 3320 3366 opprimeretur
3348 3293 3418 3346 ab
3447 3292 3635 3346 haere-

2053 3401 2198 3453 ticis.
2229 3397 2345 3450 Non
2379 3395 2522 3450 enim
2548 3394 2613 3447 ad
2642 3393 2785 3445 aliud
2807 3401 3017 3457 tempus
3050 3387 3242 3441 referri
3271 3385 3435 3439 debet
3485 3382 3637 3452 quod

2056 3493 2131 3545 ait
2160 3489 2388 3543 Basilius
2422 3484 2524 3557 (d),
2557 3482 2919 3544 Eustathium,
2955 3494 3078 3533 cum
3110 3489 3254 3533 tomo
3285 3476 3353 3529 ab
3396 3474 3639 3529 Eudoxii

2052 3580 2289 3634 factione
2318 3575 2620 3646 composito
2650 3572 3042 3636 consensisset,
3076 3569 3132 3623 in
3183 3567 3448 3622 concione
3482 3564 3641 3618 frau-

2052 3674 2172 3728 dem
2209 3670 2309 3725 sibi
2344 3669 2541 3722 factam
2574 3666 2910 3734 deplorasse.

2123 3762 2337 3831 Aliquid
2365 3760 2599 3814 Basilius
2625 3757 2860 3812 consilio
2888 3769 2988 3807 suo
3027 3753 3092 3805 ad
3124 3752 3269 3811 hanc
3303 3747 3640 3819 legationem

2025 3828 2264 3909 'videtur
2295 3851 2611 3907 contulisse.
2651 3848 2822 3902 Erant
2860 3846 3003 3899 enim
3045 3853 3158 3897 tres
3190 3842 3349 3910 legati
3393 3854 3460 3893 ex
3499 3839 3638 3891 iuti-

2055 3949 2157 4001 uiis
2176 3946 2320 3999 illius
2351 3943 2541 3996 amicis
2571 3955 2586 3993 :
2618 3939 2758 4009 quod
2782 3936 2998 4006 quidem
3024 3935 3090 3989 de
3119 3931 3399 3987 Eustathio
3419 3939 3638 3985 certum

2053 4052 2146 4093 sua
2180 4046 2372 4105 sponte
2393 4042 2446 4088 et
2479 4031 2821 4101 exploratum
2847 4036 2963 4087 est;
3015 4026 3080 4079 de
3109 4023 3410 4093 Theophilo
3448 4031 3640 4075 autem

2056 4127 2265 4184 consuli
2312 4131 2490 4195 potest
2517 4120 2744 4190 epistola
2773 4119 2881 4171 245
2910 4118 2976 4171 ad
3007 4130 3133 4170 eum
3178 4115 3402 4181 scripta.
3451 4115 3645 4181 Atque

2055 4218 2199 4273 haud
2230 4216 2344 4270 scio
2376 4229 2443 4266 an
2481 4213 2762 4267 Silvanum
2801 4210 3043 4264 omnium
3073 4207 3367 4275 plurimum
3414 4203 3637 4267 fecerit,

2054 4325 2209 4380 quem
2243 4316 2297 4362 et
2326 4315 2599 4359 mortuum
2635 4304 2856 4357 beatum
2893 4300 3152 4367 appellat,
3205 4308 3260 4352 et
3313 4298 3502 4350 vivum
3556 4296 3643 4350 sic

2054 4400 2242 4463 coluit,
2276 4407 2333 4452 ut
2368 4397 2510 4451 illius
2537 4394 2743 4448 visendi
2781 4393 3053 4447 desiderio
3096 4389 3447 4445 solitudinem
3475 4403 3639 4442 suam

380 4502 493 4545 tum
546 4499 649 4555 est,
674 4504 737 4542 ac
767 4487 1047 4541 decretum
1096 4495 1154 4539 ut
1203 4485 1357 4537 irrita
1394 4493 1596 4547 essent,
1634 4499 1753 4552 qua:
1811 4483 1944 4537 Con-

2058 4474 2345 4559 aliquando
2376 4486 2655 4555 reliquerit
2701 4484 2797 4555 (ι’),
2825 4485 3079 4537 comitem
3111 4498 3168 4535 se
3217 4480 3509 4533 Eustathio
3544 4480 3641 4532 ad-

378 4579 729 4649 stantinopoli
799 4578 1028 4633 Eudoxii
1088 4585 1142 4631 et
1202 4576 1387 4630 Acacii
1458 4575 1949 4629 machinationibus

381 4684 536 4745 gesta
583 4672 819 4737 fuerant,
862 4680 1026 4740 atque
1064 4677 1125 4721 ut
1177 4667 1776 4735 Constantinopolitana
1827 4667 1949 4720 fidei

380 4762 617 4818 formula
650 4760 994 4827 rcjiceretur,
1041 4758 1214 4812 Filius
1252 4755 1399 4811 Patri
1431 4756 1621 4810 similis
1655 4756 1949 4809 secundum

381 4852 741 4911 substantiam
778 4850 1185 4921 praedicaretur,
1212 4861 1383 4912 eaque
1412 4848 1463 4899 in
1487 4847 1739 4900 omnibus
1768 4845 1953 4899 Eccle-

382 4946 482 5003 siis
537 4944 670 4998 fides
724 4943 953 5011 vigeret,
993 4955 1114 5009 qua:
1167 4938 1427 4992 Seleucia:
1477 4938 1693 5005 quidem
1749 4936 1948 4991 contir-

383 5045 554 5101 mata,
582 5034 891 5089 Antiochia:
917 5048 1048 5087 vero
1084 5032 1134 5084 in
1161 5030 1503 5085 dedicatione
1532 5029 1753 5097 majoris
1782 5028 1954 5081 eccle-

385 5131 480 5185 sia:
508 5127 757 5196 exposita
813 5126 1010 5180 fuerat.
1060 5124 1176 5178 Non
1225 5122 1397 5176 adfuit
1458 5121 1741 5190 Larnpsaci
1796 5119 1952 5173 Basi-

384 5219 611 5291 lius(b),.
638 5219 730 5272 sed
761 5232 883 5271 eum
925 5217 1241 5271 Eustathius
1281 5230 1401 5269 cum
1426 5212 1668 5280 pluribus
1697 5212 1816 5264 aliis
1846 5210 1959 5278 epi—

390 5312 572 5381 scopis
606 5310 965 5379 Lampsacum
1007 5308 1385 5377 proficisceus,
1417 5306 1469 5359 in
1511 5304 1684 5358 locum
1726 5303 1956 5357 Eusiuoe

388 5403 597 5458 dictum
623 5403 932 5464 advocavit,
956 5400 1137 5469 ibique
1168 5399 1401 5453 Basilius
1442 5410 1561 5450 cum
1596 5395 1865 5464 episcopis
1888 5395 1953 5449 de

396 5493 502 5549 fide
525 5493 689 5548 multa
722 5492 1000 5547 disseruit.
1027 5490 1243 5544 Minime
1286 5490 1481 5543 mirum
1508 5499 1590 5543 est
1621 5494 1826 5541 tantum
1852 5485 1949 5541 bo-

466 5677 543 5745 (α)
576 5676 814 5738 Sozom.,
844 5676 937 5731 lib.
970 5690 1046 5740 vr,
1082 5689 1130 5729 c.
1162 5674 1211 5727 7.

466 5748 547 5814 (ὁ)
564 5748 660 5817 Ep.
685 5748 809 5800 9°25.

467 5812 539 5887 (a)
572 5812 806 5883 Setiae,
829 5816 920 5873 lib.
950 5830 1023 5884 ιν,
1060 5829 1109 5870 c.
1148 5812 1233 5866 12.

2051 4579 2302 4646 jungens.
2353 4575 2554 4628 Deinde
2599 4588 2731 4626 vero
2782 4572 3072 4640 plurimum
3122 4573 3385 4623 intererat
3418 4567 3636 4632 Basilii,

2058 4676 2113 4720 ut
2163 4666 2343 4732 lapsus
2387 4664 2653 4719 Eustathii
2708 4671 3081 4730 repararetur;
3141 4661 3339 4728 vixque
3392 4658 3624 4712 dubium

2059 4758 2191 4827 quin
2222 4756 2485 4811 suadente
2521 4764 2613 4807 aut
2636 4753 2825 4807 saltem
2856 4753 3121 4817 probante
3151 4750 3352 4805 Basilio
3381 4749 3474 4821 (ι’),
3496 4749 3638 4801 hanc

2061 4848 2376 4902 Eusmthius
2402 4846 2569 4900 errati
2621 4844 2882 4913 purgandi
2915 4844 3057 4895 viam
3091 4842 3384 4906 invenerit,
3423 4849 3483 4893 ut
3532 4839 3641 4892 Ro-

2059 4953 2201 4991 mam
2234 4935 2527 5004 profectus,
2580 4934 2703 4987 inde
2750 4932 2909 4986 fidem
2953 4942 3167 5001 patrum
3208 4932 3514 4999 acciperet,
3564 4933 3641 4983 ita

2056 5036 2115 5081 ut
2138 5027 2276 5097 quod
2309 5026 2563 5081 Ecclesiis
2587 5025 2901 5080 detrimenti
2950 5024 3209 5083 intuth
3240 5023 3387 5076 malo
3439 5037 3641 5090 appro—

2056 5119 2251 5181 bando,
2289 5118 2341 5170 id
2379 5117 2601 5171 meliore
2647 5115 3042 5168 introduccndo
3091 5114 3438 5167 emendaret.
3478 5113 3641 5166 Deni-

2058 5225 2161 5279 que
2192 5208 2425 5263 Basilius
2457 5223 2601 5261 anno
2635 5205 2733 5259 371
2772 5206 2849 5259 sic
2877 5205 2987 5273 agit
3015 5220 3138 5258 cum
3173 5214 3364 5259 sancto
3389 5206 3640 5259 Athana-

2058 5304 2138 5357 sio
2164 5302 2230 5355 de
2255 5301 2449 5368 legatis
2493 5300 2717 5353 Romam
2768 5297 3073 5359 mittendis,
3106 5306 3165 5349 ut
3194 5313 3302 5351 non
3355 5306 3493 5352 tunc
3528 5299 3639 5367 pri-

2063 5408 2207 5447 mum
2247 5392 2387 5445 hanc
2437 5390 2824 5459 cogitationem
2878 5390 3186 5457 suscepisse
3228 5389 3507 5455 videatur,
3542 5389 3638 5441 sed

2061 5483 2372 5550 jamdudum
2431 5482 2574 5536 illius
2632 5481 2922 5536 utilitatem
2986 5480 3352 5551 perspexisse.
3423 5480 3643 5534 Dudum

2131 5666 2207 5801 $1!)
2233 5665 2331 5731 E‘p.
2356 5663 2479 5722 ΞΜ,
2514 5681 2565 5716 n.
2596 5664 2650 5718 5.

2154 5741 2205 5801 ε)
2229 5737 2319 5801 l'lp.
2356 5735 2480 5797 2'25,
2519 5751 2570 5785 ιι.
2599 5735 2650 5785 5.

2154 5741 2205 5801 e)
2229 5737 2319 5801 [ἐρ.
2356 5735 2480 5797 2'25,
2519 5751 2570 5785 ιι.
2599 5735 2650 5785 5.

2129 5805 2193 5875 υ)
2220 5804 2316 5873 Ep.
2353 5804 2478 5872 ΞΜ,
2510 5820 2563 5857 n..
