3820 6210
1559 359 1720 414 ἮΤΑ
1761 359 1818 412 S.
1855 357 2120 414 BASlLll.

3319 367 3420 406 XLV

173 488 292 544 uoci
315 497 364 542 et
385 486 518 554 ipse,
537 481 704 551 inquit
725 481 936 552 (a),pro
955 479 1202 534 mediocri
1219 495 1334 532 mea
1359 494 1528 532 rerum
1545 476 1754 540 notitia,
1783 481 1830 538 Α
1937 475 2090 540 Quod
2119 474 2196 528 ait
2227 471 2460 526 Basilius
2493 469 2570 541 (ά)
2599 466 2938 522 Eustathium
2981 463 3146 518 Roma
3177 462 3422 516 attulisse

171 599 340 636 unum
369 597 482 634 esse
505 577 752 632 Eectesiis
779 577 974 630 nostris
1003 575 1194 628 auxilii
1216 577 1374 639 uiam,
1405 575 1450 628 si
1488 573 1754 626 nobiscum

169 677 480 740 conspirent
506 669 870 724 Occidentales
903 667 1150 736 episcopi.

244 763 520 820 Videntur
552 773 662 814 tres
705 761 864 828 legati
905 761 1002 814 sub
1033 769 1274 812 extrema
1325 755 1572 808 autumni
1615 763 1754 806 lein-

173 869 312 922 pora
345 867 492 906 anno
543 853 650 907 565
693 851 922 920 profecti
965 864 1108 904 esse.
1158 845 1292 900 Nam
1339 861 1461 899 cum
1509 844 1755 898 Liberius

173 947 382 1000 abierit
411 961 557 999 anno
586 944 712 1006 566,
737 956 970 1010 cumque
1003 941 1166 1010 legati
1211 955 1316 992 non
1363 937 1535 992 solum
1569 936 1635 989 ab
1665 949 1752 998 eo,

175 1040 274 1092 sed
301 1039 474 1090 etiam
501 1038 569 1090 ab
607 1035 876 1103 episc0pis
903 1033 1093 1095 ltalim,
1123 1031 1340 1092 Africae,
1367 1029 1552 1082 Gallia:
1583 1036 1638 1081 et
1670 1027 1754 1078 Si-

177 1131 326 1184 cilia:
377 1129 591 1182 litteras
620 1125 904 1180 attulerint
929 1125 1086 1177 initio
1127 1122 1270 1176 veris
1313 1119 1440 1173 anni
1482 1119 1609 1182 567,
1647 1131 1754 1170 non

181 1221 324 1274 satis
353 1218 677 1272 habuissent
720 1215 882 1284 spatii
909 1216 976 1268 ad
1009 1223 1088 1267 tot
1136 1227 1200 1264 ac
1230 1221 1408 1264 tantas
1449 1223 1540 1276 res
1585 1207 1755 1260 couti-

177 1311 434 1376 ciendas,
469 1309 514 1362 si
545 1307 722 1362 serius
747 1304 974 1375 profecti
1006 1303 1256 1357 fuissent.
1295 1299 1578 1354 Probabile
1609 1298 1754 1351 enim

177 1411 262 1456 est
293 1401 418 1454 illos
471 1401 574 1453 has
621 1398 896 1468 regiones,
929 1406 986 1449 ut
1018 1395 1296 1449 existimat
1356 1390 1752 1452 Tillemontins,

181 1505 280 1546 aut
325 1489 490 1546 simul
521 1503 870 1558 peragrasse,
898 1496 992 1540 ant
1025 1485 1216 1539 saltem
1245 1483 1482 1538 laborem
1521 1481 1662 1534 inter
1699 1491 1758 1533 se

181 1585 414 1655 partitos
440 1597 578 1637 esse.

261 1676 384 1730 Dixi
443 1676 649 1743 legatos
681 1671 912 1726 rediisse
937 1683 1104 1723 verno
1159 1677 1400 1736 tempore
1447 1665 1574 1716 anni
1631 1662 1755 1725 567,

181 1768 310 1835 quia
349 1766 640 1820 redeuntes
697 1761 896 1816 Liberii
949 1761 1160 1813 litteras
1215 1758 1449 1812 concilio
1483 1756 1752 1827 Tyanensi

1857 570 2088 632 litteras,
2125 583 2244 638 qua:
2277 581 2400 620 eum
2439 565 2489 618 iu
2523 562 2892 632 episc0patum
2937 557 3309 616 restitttehant,
3371 553 3422 606 id

1857 663 1922 714 de
1947 660 2137 712 litteris
2161 657 2358 712 Liberii
2387 657 2588 708 dictum
2624 653 2852 715 videtur,
2879 651 2930 703 in
2958 649 3150 718 quibus
3179 644 3424 700 Liberius

1857 751 2137 806 Eustathio
2173 759 2228 804 et
2249 748 2462 802 duobus
2501 747 2620 799 aliis
2647 745 2833 814 legatis
2867 744 3123 796 honorem
3151 739 3329 798 habet,
3367 745 3421 788 ut

1855 843 2074 909 collegis
2101 841 2214 894 suis
2239 854 2302 894 ac
2340 837 2592 906 legitimis
2623 834 2928 903 episcopis;
2961 847 3060 886 nec
3095 845 3316 886 necesse
3339 837 3424 882 est

1855 950 1975 986 cum
2009 932 2240 988 Baronio
2289 931 2426 983 alias
2465 928 2678 982 litteras
2719 923 3075 980 comminisci.
3139 923 3229 976 Sic
3276 922 3420 974 enim

1857 1024 2090 1078 Basilius
2128 1022 2327 1076 litteris
2377 1021 2594 1074 Damasi
2645 1019 3016 1087 episcopatum
3071 1014 3423 1066 AttliOt‘ltCn:t3

1857 1116 2112 1170 Ecclesiae
2147 1114 2376 1168 Paulino
2407 1111 2632 1164 attribui
2669 1109 2800 1162 dicit
2829 1107 2924 1178 (ε),
2963 1107 3086 1175 quia
3127 1106 3194 1158 ad
3245 1102 3424 1156 Pauli-

1859 1223 1984 1260 num
2013 1207 2302 1266 Damasus,
2335 1213 2394 1256 ut
2423 1203 2488 1256 ad
2529 1201 2830 1271 legitimum
2869 1198 3180 1266 episcopum
3213 1194 3410 1246 scribe-

1857 1301 1968 1353 bat.
2015 1298 2167 1352 Unde
2192 1298 2354 1350 etiam
2383 1295 2583 1350 eazdem
2627 1293 2820 1345 littera:
2858 1300 3118 1344 vocantur
3149 1285 3424 1352 cujusdam

1855 1391 2182 1459 principatus
2211 1399 2406 1442 tessera
2436 1385 2539 1456 (γ’).
2583 1385 2886 1450 Quinetiam
2915 1396 3034 1435 cum
3061 1389 3248 1432 sancto
3267 1377 3426 1429 Atlta-
3497 1425 3502 1430 .

1859 1483 2012 1536 nasio
2045 1498 2210 1552 agens
2239 1482 2306 1534 de
2333 1476 2681 1532 restituendis
2709 1477 2768 1530 S.
2803 1473 3021 1526 Meletio
3058 1471 3265 1530 ovibus,
3291 1483 3425 1536 quas

1856 1570 2114 1624 Paulinus
2153 1571 2511 1629 abstrascrat,
2545 1567 2686 1620 idem
2733 1565 2808 1618 ait
2859 1563 2932 1632 (g)
2969 1561 3230 1630 placuisse
3263 1557 3424 1612 Occi-

1857 1662 2184 1724 dentalibus,
2217 1669 2274 1713 ut
2325 1661 2514 1712 littera:
2543 1674 2635 1725 per
2673 1657 2878 1710 beatum
2925 1652 3196 1707 Silvanum
3247 1649 3424 1702 allata:

1861 1765 2140 1808 testantur.
2171 1753 2368 1807 Meletii
2393 1762 2570 1806 autem
2603 1749 2850 1804 Liberius
2890 1762 2992 1799 non
3029 1744 3187 1798 aliter
3213 1741 3425 1795 videtur

187 1814 310 1835 τ-τ-
350 1814 576 1820 τ--ν--γ-
621 1814 634 1816 -
699 1814 720 1816 ν
811 1814 820 1816 -
1529 1814 1547 1827 .

181 1859 524 1920 obtulerunt,
555 1855 644 1910 cui
673 1854 818 1907 aliud
851 1862 1064 1920 tempus
1091 1850 1353 1918 assignari
1405 1864 1508 1902 non
1555 1858 1752 1916 potest.
1791 1814 1832 1872 Β
1861 1849 2230 1918 episcopatum
2280 1843 2656 1904 continuasse,
2713 1855 2870 1908 quam
2913 1839 3059 1906 illum
3101 1835 3242 1887 inter
3291 1833 3426 1886 alios

181 1949 240 2002 In
277 1951 382 2003 hac
411 1951 556 2002 enim
589 1948 796 2018 synodo
839 1954 1098 2000 statutum
1127 1942 1224 2013 (b),
1259 1951 1320 1995 ut
1357 1941 1598 2010 episcopi
1634 1949 1756 1992 ante

181 2039 382 2092 exitum
433 2040 590 2102 ueris,
623 2037 676 2090 id
727 2043 810 2090 est
857 2045 982 2086 ante
1013 2031 1223 2086 aestatis
1271 2029 1480 2082 calores
1523 2027 1756 2082 Tarsum

185 2129 392 2182 Cilicia!
423 2128 806 2182 convenirent.
845 2124 959 2178 lloe
1010 2131 1190 2174 autem
1245 2134 1388 2173 anno
1425 2117 1529 2172 567
1583 2117 1759 2172 conti-

187 2221 334 2288 gisse
369 2228 546 2286 patet,
592 2217 720 2285 quia
783 2213 1063 2283 probabile
1105 2226 1212 2264 non
1247 2220 1332 2264 est
1377 2209 1582 2277 legatos
1636 2215 1758 2274 post

187 2311 398 2362 obitum
443 2307 678 2370 Liberii,
718 2307 812 2374 qui
857 2319 1042 2359 mense
1091 2301 1394 2372 Septembri
1449 2313 1592 2352 anno
1645 2295 1758 2350 566

189 2413 442 2455 mortuus
475 2413 584 2464 est,
617 2410 724 2452 tam
775 2399 866 2452 diu
915 2407 1152 2451 moratos
1190 2408 1334 2458 esse,
1373 2401 1430 2446 ut
1471 2407 1578 2445 non
1611 2389 1757 2444 redi-

193 2501 316 2545 rent
347 2491 448 2544 nisi
487 2505 629 2543 anno
654 2487 780 2542 568.

259 2582 486 2636 Pra-t‘uit
515 2581 642 2635 huic
687 2578 916 2634 concilio
953 2574 1222 2632 Eusebius
1259 2571 1630 2635 Caesariensis,
1660 2584 1760 2624 nec

187 2676 412 2729 dubium
449 2685 536 2728 est
569 2673 698 2741 quin
717 2685 842 2725 eum
873 2679 1092 2725 secutus
1115 2668 1186 2722 sit
1229 2665 1480 2730 Basilius,
1511 2677 1604 2718 aut
1649 2663 1760 2718 sal-

191 2777 324 2830 teut,
355 2776 416 2818 ut
447 2765 504 2818 in
531 2764 658 2817 aliis
683 2765 868 2826 rebus,
901 2760 971 2814 ita
1009 2761 1063 2812 in
1101 2761 1204 2812 hoc
1233 2757 1477 2826 cogemlo
1529 2754 1762 2809 c0ncilio

191 2859 308 2913 suis
347 2873 474 2912 eum
519 2855 772 2911 consiliis
832 2853 1056 2923 juverit.
1127 2850 1346 2921 Synodo
1405 2846 1766 2902 interfuerunt

191 2949 530 3003 Athanasius
589 2945 858 3016 Ancyrae,
927 2941 1182 3012 Pelagius
1237 2940 1557 3001 Laodiceai,
1616 2935 1764 2991 Zeno

189 3039 346 3110 Tyri,
383 3037 588 3092 Paulus
613 3038 844 3103 Emesa,
893 3035 1108 3090 Otreius
1151 3031 1428 3095 Melitinaa,
1469 3025 1764 3097 Gregorius

1857 1939 2138 2008 episcopos
2167 1936 2470 1992 salutando.
2513 1933 2619 1986 Sed
2675 1932 2719 1985 si
2769 1932 2882 1984 lucc
2903 1927 3206 1982 admittitur
3235 1924 3424 1990 conje-

1858 2042 2008 2084 ctura
2027 2045 2123 2099 pro
2141 2029 2439 2090 Enstathio,
2469 2027 2556 2094 qui
2589 2023 3016 2090 interepiscopos
3045 2019 3250 2086 primus
3279 2031 3308 2068 a
3335 2014 3426 2067 Li—

1859 2122 2009 2177 berio
2031 2105 2364 2184 nominatur,
2401 2117 2682 2188 legendum
2713 2117 2817 2169 erit
2863 2113 3095 2173 Meletio,
3125 2125 3223 2164 nec
3247 2107 3426 2178 Cyril-

1861 2213 1970 2278 lus,
2019 2213 2111 2282 qui
2161 2211 2398 2266 secundo
2447 2209 2565 2263 loco
2595 2207 2883 2268 salutatur,
2915 2204 3052 2257 alius
3097 2203 3204 2256 erit
3255 2215 3420 2268 quam

1865 2302 2406 2373 Ilierosolymitanns,
2431 2301 2520 2370 qui
2552 2315 2672 2354 cum
2697 2299 2756 2350 S.
2785 2295 3005 2350 Meletio
3041 2291 3426 2360 coniunctissi-

1861 2411 1980 2450 mus
2025 2394 2146 2450 fuit.
2175 2392 2306 2447 lllud
2362 2403 2542 2444 tamen
2604 2390 2845 2443 occurrit
2892 2384 3244 2446 incommodi,
3283 2383 3428 2452 quod

1860 2485 2118 2555 episcopi,
2159 2499 2297 2553 quos
2341 2481 2634 2550 alloquitur
2673 2479 2950 2542 Liberius,
2986 2475 3430 2543 subscripserant

1860 2575 2104 2632 formulae
2171 2572 2808 2640 Conslantinopolitaqte.
2889 2567 3182 2636 Perjuriis,
3255 2563 3430 2634 inquit

1861 2672 1940 2742 (ιι.
1969 2668 2044 2738 3),
2073 2668 2127 2720 in
2145 2666 2380 2735 fraudem
2407 2664 2628 2726 inducti,
2653 2659 3056 2728 subscripsistis.
3091 2657 3245 2712 Unde
3268 2656 3428 2708 etiam

1863 2760 2091 2814 reditum
2127 2757 2231 2810 illis
2259 2756 2325 2810 ad
2343 2756 2612 2810 saniorem
2647 2763 2888 2807 mentem
2909 2749 3232 2820 gratulatur.
3259 2747 3430 2802 Porro

1862 2863 1961 2904 nec
1985 2847 2296 2902 S.Meletius
2319 2847 2526 2900 videtur
2552 2858 2782 2912 unquam
2800 2841 2938 2895 hanc
2963 2840 3170 2906 culpam
3197 2851 3435 2892 comme-

1862 2941 2040 2996 ruisse
2071 2954 2170 2994 nec
2215 2939 2275 2994 S.
2325 2937 2584 3006 Cyrillus.
2635 2937 2741 2990 Sed
2775 2935 2890 2988 huic
2941 2931 3226 2986 ditlicullas
3277 2929 3432 2983 facile

1863 3033 2114 3087 solvitur.
2165 3031 2286 3086 Non
2340 3029 2484 3084 enim
2527 3027 2826 3097 putandum
2865 3037 2951 3078 est
2979 3025 3118 3076 inter
3149 3023 3430 3092 episcOpos

190 3130 450 3188 Νηίθιιῑί
484 3139 539 3184 ει
561 3129 652 3182 alii
673 3127 1004 3196 complures,
1036 3125 1128 3188 (ιυί
1167 3123 1266 3177 50b
1291 3120 1516 3206 ιιωτίίιηο
1535 3117 1758 3174 εοιίευιισ
1790 3149 1832 3206 c
1865 3124 1932 3180 59
1973 3140 2110 3194 quos
2139 3129 2384 3178 recenset
2435 3101 2708 3181 Liberius,
2743 3116 2948 3170 nullum
2999 3113 3166 3168 fuisse
3213 3111 3281 3166 ab
3329 3113 3433 3164 hoe

191 3221 454 3276 stantiale
479 3220 822 3275 retinendum
869 3217 922 3271 in
949 3215 1182 3272 concilio
1207 3205 1546 3268 Antiochcno
1571 3207 1762 3264 decre-

189 3325 408 3370 verant.
443 3313 576 3368 Cum
607 3313 760 3367 lectae
793 3309 1024 3364 fuissent
1063 3305 1264 3362 Liberii
1291 3314 1344 3358 et
1377 3301 1604 3356 aliorum
1651 3297 1766 3366 epi—

189 3422 488 3477 scoporutn
529 3406 750 3469 litterm,
791 3417 1004 3458 summo
1029 3413 1222 3455 omnes
1273 3393 1474 3464 gaudio
1520 3389 1764 3446 exsulta-

187 3509 338 3563 runt,
370 3514 440 3552 ac
475 3497 673 3550 Iretitiaa
727 3509 840 3550 suae
885 3491 1158 3548 Ecclesias
1203 3487 1447 3544 Orientis
1499 3483 1764 3538 certiores

189 3590 398 3654 fecere,
429 3587 636 3640 indicto
687 3585 742 3638 in
795 3582 982 3637 urbem
1014 3580 1338 3634 Tarsensem
1386 3585 1514 3630 ante
1559 3573 1766 3626 exitum

189 3678 338 3732 veris
365 3676 626 3741 concilio,
652 3683 710 3726 ut
733 3687 836 3742 pax
865 3671 1106 3726 ominum
1135 3680 1402 3722 consensu
1431 3664 1766 3718 ﬁrmaretur.

193 3770 304 3825 Sed
335 3769 480 3823 hanc
501 3767 764 3838 synodum
792 3763 978 3818 haberi
1005 3759 1172 3814 vetuit
1195 3756 1418 3822 Valens,
1443 3771 1507 3812 ac
1536 3765 1766 3828 printer-

191 3877 256 3914 ea
309 3875 436 3913 cum
489 3857 710 3927 jamjam
749 3852 1118 3923 congreganda
1153 3859 1318 3916 esset,
1361 3849 1578 3918 triginta
1631 3862 1770 3916 qna-

197 3957 326 4002 tuor
353 3944 504 3999 Asiae
531 3943 774 4012 episcopi
806 3943 857 3994 in
881 3939 1040 3992 Caria
1065 3938 1385 4007 congregati
1422 3937 1773 3992 consubstan-

197 4038 324 4092 tiale
377 4037 710 4105 rejecerunt,
765 4047 828 4088 ac
867 4031 1178 4096 formulam,
1231 4045 1352 4100 quae
1388 4029 1690 4084 Antiochia:
1719 4035 1772 4082 et

199 4129 468 4184 Seleuciae
493 4128 836 4198 promulgata
879 4127 1078 4190 fuerat,
1115 4134 1288 4178 ratam
1317 4139 1440 4178 esse
1466 4123 1770 4176 voluerunt.

197 4221 308 4278 llos
330 4223 622 4292 episcOpos
654 4220 722 4274 ab
761 4218 1138 4288 amplectende
1167 4215 1616 4272 consubstantiali
1666 4230 1772 4268 non

199 4313 494 4384 scrupulus
517 4313 738 4382 quidam
771 4311 1059 4375 deterruit,
1081 4309 1174 4364 sed
1203 4307 1485 4363 sententia:
1515 4307 1773 4377 pravitas,

196 4421 322 4474 qua:
353 4415 506 4460 tanta
549 4403 647 4457 fuit
680 4403 732 4456 in
763 4402 850 4456 his
893 4401 1220 4470 regionibus,
1257 4409 1315 4452 ut
1363 4399 1590 4460 miretur
1623 4397 1776 4450 Basi-

1869 3232 2022 3272 utero
2059 3218 2352 3285 integrum.
2387 3211 2638 3278 Plerique
2689 3209 2790 3262 hoc
2822 3207 3206 3261 commiserant
3237 3221 3251 3258 :
3289 3202 3432 3270 quod

1866 3309 2003 3362 satis
2033 3306 2132 3360 fuit
2164 3315 2219 3360 ut
2251 3320 2347 3360 eos
2391 3302 2640 3357 Liberius
2670 3301 2750 3354 sic
2779 3299 3164 3367 alloqneretur.
3217 3292 3432 3360 Alioqui

1869 3413 1936 3452 ne
1963 3413 2104 3452 unus
2135 3395 2354 3464 quidem
2381 3393 2432 3446 in
2471 3401 2586 3446 toto
2609 3390 2830 3446 Oriente
2860 3389 3036 3456 excipi
3079 3395 3284 3455 posset,
3310 3397 3432 3436 cum

1866 3489 2068 3544 Liberii
2098 3486 2324 3558 epistola
2375 3487 2646 3542 universis
2671 3483 2908 3540 Orientis
2951 3477 3222 3550 episcOpis
3251 3477 3438 3531 ortho-

1869 3579 2030 3634 doxis
2069 3578 2328 3643 inscripta
2359 3576 2452 3632 sit.

1947 3665 2172 3718 Litteris
2196 3663 2400 3718 Liberii
2431 3663 2682 3732 adjuncta
2730 3669 2850 3714 erat
2887 3661 3018 3714 tides
3065 3656 3151 3712 cui
3199 3652 3437 3710 subscri-

1869 3757 1975 3827 psit
2021 3755 2352 3810 Eustathius.
2386 3754 2442 3808 ld
2481 3757 2592 3823 ipse
2630 3753 2876 3808 Liberius
2913 3751 2992 3819 (ιι.
3021 3749 3072 3820 l)
3117 3755 3171 3801 et
3196 3744 3438 3814 pluribus

1871 3847 2002 3902 locis
2053 3844 2282 3898 Basilius
2309 3844 2386 3916 (It)
2421 3851 2708 3898 testantur.
2750 3841 2904 3906 Quod
2950 3847 3126 3890 autem
3175 3831 3432 3893 Basilius,

1873 3951 1968 3990 seu
2007 3935 2189 4005 potius
2214 3933 2524 3990 Orientales
2555 3934 2635 3988 sic
2664 3933 2730 3986 de
2764 3928 3049 3984 Eustathio
3085 3925 3375 3993 loquuntur
3417 3939 3434 3976 :

1876 4029 2134 4094 Quianam
2181 4036 2358 4082 autem
2388 4026 2436 4081 ei
2483 4023 2756 4094 proposita
2804 4020 3002 4090 fuerint
3053 4035 3086 4070 a
3141 4013 3450 4068 beatissima

1873 4124 2111 4190 episcopo
2145 4121 2379 4184 Liberio,
2427 4130 2474 4172 et
2499 4118 2810 4187 quibusnam
2841 4127 3084 4167 assensus
3113 4109 3178 4162 sit
3223 4107 3440 4176 ignora-

1874 4231 2010 4278 mus,
2047 4215 2148 4267 nisi
2172 4213 2310 4282 quod
2326 4211 2598 4278 epistolam
2621 4207 2794 4262 attulit
2819 4222 2934 4276 qua:
2961 4220 3076 4256 eum
3110 4197 3452 4258 restituebat,

1875 4323 2036 4376 eaque
2059 4317 2264 4360 ostensa
2293 4303 2512 4358 concilio
2537 4301 2792 4372 Tyanensi
2821 4301 2874 4352 in
2900 4312 3052 4350 suum
3093 4294 3262 4346 locum
3291 4288 3440 4343 resti-

1877 4411 2020 4453 tutus
2047 4407 2156 4462 est;
2187 4397 2312 4450 inde
2341 4395 2516 4464 colligi
2553 4409 2654 4447 non
2695 4391 2852 4445 debet
2884 4387 3138 4440 Basilium
3162 4383 3442 4451 ignorasse

199 4495 304 4549 lius
337 4493 412 4564 (ε)
433 4507 576 4546 anno
612 4491 718 4546 575
745 4500 1001 4554 exeunte,
1035 4494 1078 4542 si
1105 4489 1196 4558 qui
1243 4489 1452 4540 omnino
1485 4489 1541 4540 in
1579 4487 1776 4539 Asiana
1809 4483 1852 4536 Ι)
1883 4491 1932 4544 id
1960 4491 2100 4558 quod
2127 4489 2368 4558 pluribus
2403 4487 2534 4540 locis
2567 4485 2636 4554 (i)
2669 4483 2966 4550 exprobrat
2989 4474 3289 4535 Euslalltio,
3315 4483 3444 4524 eum-

199 4598 374 4640 trnctu
399 4595 550 4640 extra
579 4585 746 4638 labem
775 4583 1142 4636 Itwreticorum
1171 4582 1298 4636 sint.
1327 4580 1570 4646 Quantus
1594 4578 1778 4632 Basilii

205 4680 365 4734 dolor
414 4676 690 4732 exstiterit
719 4675 944 4744 optimis
973 4673 1213 4728 consiliis
1235 4673 1384 4728 exitu
1438 4672 1774 4736 carentibus,

1878 4580 2061 4634 Boium
2087 4579 2208 4635 fidei
2239 4578 2468 4632 Nicaeum
2493 4575 2882 4642 subscripsisse
2918 4590 2930 4625 :
2961 4585 3084 4624 nam
3110 4569 3212 4620 hoc
3239 4564 3354 4632 ipso
3388 4562 3446 4612 in

1879 4672 1998 4726 loco
2036 4671 2256 4724 aitenm
2297 4667 2608 4738 depopulari
2641 4667 2798 4719 ﬁdem
2845 4665 2916 4718 ob
2961 4675 3120 4730 quam
3156 4662 3452 4720 Susceptus

1879 4773 1980 4816 est.
2013 4761 2119 4816 Sed
2153 4776 2274 4814 cum
2309 4761 2472 4814 multa
2506 4759 2607 4812 alia
2651 4759 2793 4812 inter
2821 4754 3094 4810 Liberium
3143 4756 3196 4800 et
3240 4746 3458 4811 legatos.

1882 4853 2318 4908 intercessissent
2347 4855 2461 4918 (eos
2489 4851 2632 4903 enim
2687 4864 2790 4902 non
2830 4845 2988 4900 facile
3033 4840 3250 4910 admisit
3281 4835 3445 4888 Libe-

1881 4947 2017 5008 rius,
2041 4951 2174 4996 teste
2197 4942 2421 4996 Socrate
2449 4940 2516 5012 [j]
2538 4940 2578 5010 ),
2599 4955 2704 4993 non
2730 4937 2878 5006 parvi
2911 4936 3169 4988 intererat
3195 4924 3460 4980 Ecclesiis.

1882 5034 2175 5103 signiﬁcari
2205 5033 2521 5102 quibusnam
2580 5026 2962 5082 conditionibus
2997 5029 3269 5087 susceptus
3313 5023 3474 5070 esset.

1883 5125 2218 5178 Eustathius.
2289 5123 2519 5191 Conjicit
2595 5120 2842 5174 eruditus
2908 5115 3083 5170 editor
3139 5112 3452 5166 litterarum-

1881 5217 2204 5272 Pontilicum
2254 5216 2638 5278 Romanorum,
2677 5210 2951 5275 Basilium,
2985 5223 3106 5264 cum
3155 5199 3458 5274 epistolam.

201 4771 376 4826 facilis
411 4768 728 4836 conjectura
760 4777 864 4821 est.
894 4767 1030 4833 Quid
1065 4766 1321 4833 deinceps
1373 4779 1542 4834 usque
1574 4765 1640 4816 ad
1667 4765 1780 4832 epi-

201 4870 488 4932 scopatum
523 4861 592 4914 ad
615 4859 1046 4930 paciﬁcationem
1071 4855 1440 4910 Ecclesiarum
1473 4855 1777 4919 paraverit,

203 4954 360 5024 plane
385 4953 686 5008 nescimus.
713 4953 784 5002 At
811 4965 932 5004 eum
957 4950 1022 5004 de
1053 4949 1166 5004 suis
1213 4945 1492 5001 laboribus
1516 4944 1653 4998 nihil
1689 4957 1778 4998 rc-

207 5049 424 5102 iuisisse
461 5044 826 5114 perspicimus
856 5057 920 5096 es
954 5042 1038 5096 his
1065 5055 1187 5110 quae
1213 5053 1374 5108 supra
1407 5038 1475 5092 ab
1507 5037 1596 5090 illo
1639 5036 1781 5088 dicta

208 5139 516 5200 retulimus,
545 5151 666 5191 cum
695 5133 980 5189 Athanasii
1006 5131 1280 5203 Ancyrani
1323 5136 1498 5186 morte
1527 5143 1780 5198 magnum

207 5229 520 5296 prasidiqu
554 5227 848 5288 amisisset.

277 5497 358 5562 (α)
395 5495 497 5562 Ep.
523 5495 612 5550 66.

1955 5489 2022 5556 (fl
2050 5488 2147 5562 ξξιιο
2175 5486 2279 5562 ῗξϐ

303 5557 356 5634 θ)
395 5557 640 5623 solum"
673 5564 768 5620 lib.
802 5580 878 5632 γι,
906 5581 952 5622 ε.
991 5565 1076 5622 12.
1952 5563 2022 5634 (g,
2053 5557 2144 5634 [ἣν.

303 5622 374 5701 εῑ-
403 5636 502 5703 Ep.
532 5622 658 5688 eis.
866 5622 878 5632 '
1952 5622 2028 5703 (ιι)
2055 5622 2306 5703 magis,
2341 5640 2394 5676 ιι.
2419 5624 2474 5688 5,
2520 5622 2644 5692 9.65,
2672 5639 2724 5677 n.
2755 5623 2810 5678 5.

309 5710 365 5773 d)
403 5705 500 5771 Ep.
533 5703 662 5764 263.
697 5721 751 5758 n.
778 5705 833 5760 5.

291 5696 365 5773 Ἀ)
403 5696 500 5771 Ep.
533 5703 662 5764 263.
697 5721 751 5758 n.
778 5705 833 5760 5.

287 5707 358 5846 te)
402 5773 496 5845 Ep.
520 5773 649 5836 214,
677 5793 728 5827 ιι.
767 5777 822 5828 2.

1955 5696 2016 5760 (ἰ)
2047 5696 2188 5749 ‘lbid.

1955 5767 2019 5837 (λ)
2055 5765 2168 5820 Lib.

1955 5767 2019 5837 (j)
2055 5765 2168 5820 Lib.
2202 5779 2278 5834 tv,
2309 5779 2358 5819 c.
2395 5762 2476 5816 l2.
