3820 6210
310 359 437 401 XLVI

1687 345 2218 403 PROLEGOMENA.

311 459 420 517 565
454 461 740 529 scriberet,
777 473 925 532 gesta
959 463 1150 533 synodi
1185 464 1484 533 Tyanensis
1545 477 1613 516 ex
1671 463 1883 517 incerto
1913 468 1960 521 Α
1987 459 2144 529 legati
2182 460 2541 524 mitterentur,
2569 459 2814 530 pluribus
2847 461 2983 516 locis
3025 460 3208 516 habita
3253 470 3383 515 sunt
3425 477 3566 516 con-

314 562 522 605 tantum
548 569 766 608 rumore
787 556 1001 624 cognita
1035 554 1311 618 habuisse,
1337 569 1458 624 quae
1488 565 1674 622 postea
1718 569 1882 608 accu-

313 644 488 697 ratius
551 646 825 714 eognovit,
870 646 1152 714 epistolam
1197 645 1306 700 2H
1355 645 1617 699 scribens.
1670 644 1884 698 Inutilis

311 750 536 803 prorsus
571 736 684 790 haec
712 737 1046 806 conjectura,
1078 753 1202 792 cum
1233 737 1457 806 epistola
1479 736 1584 790 265
1618 737 1884 804 posterior

311 827 405 886 sit,
448 837 507 879 ut
540 827 784 880 omittam
817 828 1269 882 verisimillimum
1304 843 1444 891 esse,
1467 827 1720 880 Basilium
1759 841 1881 880 cum

312 917 571 986 episcopo
597 933 694 972 suo
729 919 795 972 ad
825 920 1088 990 synodum
1121 919 1458 989 Tyanensem
1490 920 1726 973 venisse.

314 1031 340 1052 ι
390 1007 480 1062 Vl.
523 1008 929 1078 Magnamsane
963 1010 1160 1066 Basilio
1193 1011 1404 1065 laudem
1439 1011 1675 1064 detrahit
1703 1009 1884 1078 opinio

313 1097 678 1168 Tillemontii,
723 1104 812 1169 qui
847 1103 972 1156 dum
1025 1103 1144 1157 eum
1194 1103 1246 1156 in
1295 1103 1602 1157 solitudinis
1651 1102 1884 1154 latebras

314 1191 461 1245 abdit
487 1196 555 1246 ab
587 1208 728 1247 anno
763 1192 867 1246 565
909 1207 1077 1260 usque
1105 1193 1170 1247 ad
1204 1191 1329 1257 566,
1360 1192 1560 1245 nullam
1591 1193 1637 1244 ei
1671 1200 1880 1258 partem

314 1281 398 1334 his
428 1283 479 1334 in
515 1283 673 1335 rebus
708 1282 978 1349 relinquit.
1033 1283 1138 1336 Sed
1183 1283 1306 1352 quia
1358 1283 1702 1336 doctissimus
1749 1283 1884 1335 scri-

236 1387 270 1412 ι
311 1381 458 1438 ptor,
499 1388 598 1426 cur
641 1372 820 1426 Basilii
852 1374 1082 1427 reditum
1129 1373 1338 1442 longius
1373 1373 1603 1435 dilferat,
1645 1373 1747 1426 hoc
1789 1388 1884 1440 po-

315 1462 583 1516 tissimum
632 1464 822 1517 nititur
871 1473 1204 1534 argumento,
1251 1466 1394 1532 quod
1443 1465 1678 1534 synodus
1724 1464 1884 1517 Lant-

313 1567 546 1620 psacena
592 1569 734 1607 anno
769 1553 875 1607 565
905 1555 1086 1606 habita
1121 1554 1280 1606 fuerit
1314 1555 1414 1622 (α),
1448 1556 1751 1622 persecutio
1783 1569 1882 1606 au-

315 1653 422 1694 tem
453 1643 519 1697 ad
562 1659 760 1698 annum
793 1653 1104 1713 sequentem
1138 1647 1436 1714 pertineat,
1467 1646 1882 1698 examinandum

314 1733 474 1787 nobis
534 1746 617 1788 est
672 1750 908 1802 quonam
957 1751 1098 1790 anno
1143 1735 1258 1791 haec
1299 1737 1536 1804 synodus
1575 1736 1880 1790 collocanda

315 1817 406 1871 sit.

384 1909 802 1979 Lampsacenam
826 1915 1086 1984 synodum
1111 1915 1184 1985 (b)
1203 1915 1267 1968 ab
1284 1931 1425 1968 anno
1445 1915 1548 1967 564
1573 1915 1744 1970 divelli
1774 1931 1878 1968 non

319 2001 506 2054 sinunt
531 2002 976 2058 circumstantia;
1007 2004 1248 2058 Licentia
1279 2005 1504 2072 cogendi
1533 2005 1746 2058 concilii
1775 2021 1883 2059 non

315 2079 345 2144 εἰ
385 2091 604 2147 Valente
646 2095 870 2163 petitur,
916 2097 1009 2149 sed
1054 2113 1083 2149 a
1115 2083 1512 2161 Valentiniano,
1551 2096 1643 2164 qui
1698 2097 1882 2150 relicta

314 2183 806 2256 Constantinopoli,
835 2187 1060 2242 Romam
1090 2191 1442 2251 contendens,
1473 2190 1577 2242 iter
1604 2203 1698 2256 per
1720 2189 1885 2243 Thra-

315 2278 454 2331 ciam
501 2278 750 2333 faciebat.
797 2279 1094 2349 Responsio
1145 2282 1485 2349 imperatoris
1530 2281 1751 2334 minime
1793 2297 1884 2334 re-

315 2368 458 2422 dolet
489 2368 758 2438 ingenium
793 2370 1054 2424 Valentis.
1084 2370 1174 2425 Sic
1203 2373 1344 2424 enim
1389 2372 1667 2440 respondit
1695 2389 1707 2424 :
1750 2371 1885 2423 Mihi

314 2460 524 2526 quidem
557 2461 613 2512 in
646 2460 899 2514 laicorum
931 2463 1113 2515 ordine
1138 2464 1422 2516 constituto
1453 2463 1533 2532 fas
1556 2479 1657 2515 non
1686 2471 1760 2516 est
1788 2462 1886 2514 ltu-

308 2548 545 2616 jusmodi
579 2553 786 2620 negotia
823 2555 1082 2612 curiosius
1125 2557 1394 2618 scrutari;
1431 2557 1724 2608 sacerdotes
1769 2571 1884 2607 vero

313 2642 500 2710 quibus
534 2643 588 2694 id
617 2659 756 2694 cura:
783 2653 881 2709 est,
913 2645 1130 2698 seorsim
1161 2645 1450 2713 ubicunque
1482 2648 1738 2700 voluerint
1769 2663 1887 2698 cou-

315 2729 542 2782 oeniant.
591 2729 770 2799 Legati
817 2747 846 2784 a
882 2732 1112 2786 concilio
1148 2734 1298 2787 missi
1356 2734 1633 2788 Valentem
1685 2737 1886 2789 adeunt

316 2815 611 2884 Heracleae,
660 2836 690 2874 e
743 2820 971 2875 Thracia
1021 2832 1130 2876 tum
1193 2834 1580 2879 revertentem.
1637 2825 1881 2879 Fratrem

316 2909 461 2961 enim
493 2907 749 2964 Sirmium
805 2927 974 2980 usque
1017 2914 1304 2967 comitatus
1341 2913 1537 2969 fuerat.
1585 2915 1711 2968 Haec
1753 2931 1878 2984 pro-

316 2996 457 3050 fecto
499 3013 623 3051 cum
664 3014 805 3054 anno
851 3001 954 3054 564
997 3004 1218 3058 omnino
1264 3006 1554 3059 cohaerent.
1607 3006 1732 3060 Plus
1783 3007 1882 3060 tri-

317 3085 587 3142 buendum
619 3089 702 3144 bis
742 3090 1170 3146 circumstantiis
1210 3109 1332 3163 qua:
1375 3105 1666 3148 narrantur
1710 3111 1738 3148 a
1783 3097 1883 3150 So-

1984 551 2105 605 cilia
2145 551 2236 622 (c),
2267 560 2325 605 ut
2361 553 2600 622 Smyrna:
2631 553 2682 606 in
2727 553 2874 618 Asia,
2915 563 3074 623 atque
3113 555 3276 607 etiam
3313 555 3367 606 in
3415 554 3564 608 Pisi-

1985 644 2094 708 dia,
2132 643 2354 708 lsauria,
2389 643 2699 712 Pamphylia
2733 659 2787 699 et
2826 645 3009 716 Lycia.
3050 646 3141 699 His
3180 656 3360 698 autem
3390 646 3564 699 rebus

1985 737 2421 802 percommodum
2473 745 2681 804 tempus
2714 736 2832 802 fuit,
2867 738 3064 791 bellum
3101 736 3372 804 Proc0pii,
3409 738 3559 805 quod

1984 827 2051 877 ab
2086 834 2272 879 :eSLate
2306 825 2431 879 anni
2473 826 2577 880 565
2609 843 2778 897 usque
2805 829 2868 880 ad
2902 842 3142 882 mensem
3177 825 3379 880 Maium
3429 827 3566 880 anni

1984 913 2110 980 566,
2139 915 2413 969 Valentem
2451 915 2698 971 detinuit.
2751 919 2818 971 At
2861 918 2951 988 qui
2996 918 3260 987 synodum
3293 916 3569 986 Lampsa-

1984 1021 2169 1059 cenam
2213 1007 2277 1059 ad
2318 1007 2940 1074 annum5651'eierunt,
2989 1009 3139 1062 varia
3187 1008 3277 1062 illa
3323 1007 3566 1062 concilia

1985 1105 2038 1150 et
2065 1098 2381 1166 legationem
2431 1115 2570 1152 anno
2600 1102 2844 1166 sequenti
2887 1098 2991 1153 566
3033 1099 3300 1154 collocare
3349 1113 3565 1167 coimu-

1987 1197 2112 1240 tur:
2151 1203 2255 1256 quo
2293 1198 2529 1256 ten'tpore
2558 1189 2833 1245 Valentem
2880 1191 3017 1244 bello
3047 1189 3193 1243 civili
3229 1187 3554 1242 defunctum

1983 1277 2152 1332 latere
2187 1278 2546 1333 dillicillimum
2595 1293 2730 1335 erat.
2761 1281 3066 1348 Quinetiam
3111 1279 3182 1334 ita
3218 1295 3339 1334 sese
3374 1281 3424 1334 in
3467 1295 3564 1333 ar-

1984 1381 2128 1424 ctum
2153 1369 2464 1436 conjiciunt,
2489 1381 2545 1424 ut
2569 1373 2754 1438 pedem
2780 1371 2980 1426 referre
3002 1385 3106 1424 non
3137 1372 3364 1439 possint.
3419 1370 3565 1423 Nam

1984 1478 2103 1516 eum
2142 1462 2429 1530 Procopius
2474 1464 2642 1516 victus
2675 1479 2777 1516 non
2828 1463 2989 1516 fuerit
3035 1463 3137 1516 nisi
3187 1476 3372 1516 mense
3416 1459 3567 1514 Maio

1984 1553 2109 1605 anni
2143 1551 2247 1606 566
2286 1567 2512 1619 etttnque
2572 1551 2816 1606 Liberius
2852 1567 2985 1621 papa
3021 1567 3207 1606 mense
3238 1549 3564 1619 Septembri

1984 1643 2222 1710 ejusdem
2250 1643 2374 1696 anui
2412 1643 2631 1707 obierit,
2668 1643 2936 1710 quomodo
2968 1645 3108 1696 intra
3145 1641 3274 1695 illttd
3323 1650 3564 1708 tempus,

1983 1736 2124 1802 quod
2156 1750 2183 1786 a
2219 1748 2400 1787 ruense
2433 1734 2570 1788 Maio
2600 1736 2664 1788 ad
2698 1736 3072 1802 Septembrem
3117 1731 3344 1795 ellluxit,
3379 1740 3461 1785 tot
3499 1747 3571 1785 ac

1914 1825 1957 1881 Β
1989 1833 2150 1876 tanta:
2183 1839 2270 1876 res
2300 1825 2547 1878 concludi
2580 1825 2804 1893 possint,
2837 1824 3198 1892 negotiorum,
3228 1837 3350 1890 qua:
3377 1835 3574 1889 super-

1984 1929 2104 1968 esse
2130 1914 2301 1967 solent
2330 1923 2448 1982 post
2474 1915 2670 1967 bellum
2701 1913 2880 1977 civile,
2909 1910 3332 1971 administratio,
3364 1909 3572 1963 deinde

1983 2009 2285 2075 persecutio
2313 2007 2362 2059 in
2407 2007 2572 2060 variis
2605 2005 2919 2074 provinciis,
2948 2018 3080 2072 quas
3115 2001 3419 2072 peragravit
3451 2001 3568 2054 Va-

1983 2097 2121 2160 lens,
2161 2097 2534 2165 episcoporum
2571 2096 2732 2148 varia:
2763 2096 2901 2148 inter
2941 2109 3000 2149 se
3040 2091 3464 2148 deliberationes
3498 2105 3570 2144 ac

1983 2190 2131 2242 varia
2169 2190 2418 2252 concilia,
2450 2189 2744 2257 legatorum
2780 2189 3009 2258 denique
3039 2188 3302 2250 delectus,
3328 2200 3560 2239 eorum-

1985 2293 2088 2346 que
2129 2278 2180 2330 in
2227 2278 2414 2330 urbem
2449 2277 2673 2330 Romam
2707 2279 2988 2342 adventus,
3042 2278 3132 2330 ubi
3175 2291 3298 2330 cum
3341 2275 3572 2328 Liberio

1985 2368 2050 2420 de
2079 2367 2237 2420 rebus
2266 2367 2499 2420 Orientis
2527 2377 2777 2436 egerunt,
2824 2368 3012 2437 eique;
3038 2367 3304 2421 dederunt
3349 2364 3580 2419 litteras

1985 2466 2038 2512 et
2070 2459 2136 2513 ab
2165 2472 2230 2512 eo
2257 2467 2602 2528 acceperunt.

2594 2550 2821 2604 CAPUT
2862 2551 2952 2606 XI.

1983 2621 2332 2709 1:.Quomodo
2374 2644 2659 2712 presbyteri
2719 2661 2930 2697 munere
2989 2646 3042 2698 in
3096 2645 3213 2710 ipsa
3269 2642 3397 2696 urbe
3448 2659 3579 2712 per-

2054 2717 2263 2836 {unctus
2309 2715 2560 2767 Basilius.
2594 2713 2650 2766 ll.
2687 2713 2765 2766 De
2798 2715 2941 2766 illius
2981 2715 3212 2776 epistolis
3256 2714 3327 2766 εἰ
3372 2723 3419 2765 et
3471 2715 3574 2766 ‘25.

2083 2785 2139 2836 ll.
2169 2784 2412 2836 Charitas
2443 2782 2628 2835 Basilii
2658 2784 2794 2836 fame
2825 2795 3115 2836 grassante.
3151 2781 3236 2835 IV.
3263 2783 3381 2835 Duo
3408 2800 3474 2835 ea
3509 2788 3574 2834 de

2083 2785 2139 2836 ll.
2169 2784 2412 2836 Charitas
2443 2782 2628 2835 Basilii
2657 2784 2794 2849 fame
2825 2795 3115 2850 grassante.
3151 2781 3236 2835 IV.
3263 2783 3381 2835 Duo
3408 2800 3474 2835 ea
3509 2788 3580 2834 de

2056 2870 2110 2907 re
2137 2855 2427 2906 testimonia
2459 2852 2694 2917 Gregorii
2720 2851 2944 2920 Nysseui
2971 2854 3322 2912 explicantur.
3358 2850 3426 2906 V.
3454 2852 3576 2904 Fu-

2053 2939 2159 2975 mes
2190 2933 2294 2975 toto
2322 2940 2457 2975 anno
2483 2921 2582 2975 568
2611 2923 2933 2987 perduravit.

2055 3012 2094 3066 l.
2139 3012 2243 3067 Sed
2285 3027 2423 3065 nunc
2463 3012 2786 3064 redeundum
2838 3012 2991 3066 nobis
3025 3020 3109 3066 est
3143 3013 3577 3076 thsaream,.et

1985 3106 2110 3175 quid
2146 3103 2216 3158 ibi
2254 3102 2534 3171 presbyter
2565 3103 2793 3171 gesserit
2823 3102 3076 3165 Basilius,
3111 3112 3371 3157 narrante
3416 3103 3571 3158 Gre-

315 3188 567 3241 zomeno,
588 3191 746 3245 quam
768 3179 907 3233 notis
935 3181 1331 3245 consularibus,
1357 3197 1489 3249 quas
1506 3182 1756 3237 Socrates
1777 3200 1881 3238 non
1911 3167 1952 3222 (ἶ
1988 3167 2161 3265 έοι-ίο,
2194 3195 2541 3248 audiendum.
2576 3193 2665 3248 Sic
2702 3195 2863 3262 igitur
2893 3189 3069 3264 pergit
3099 3183 3411 3261 Theologus
3443 3193 3530 3266 (ri)
3554 3213 3580 3249 εν

313 3278 383 3318 ex
423 3265 574 3319 Actis
604 3268 815 3320 concilii
844 3268 1198 3337 Lampsaceni
1248 3270 1410 3334 eruit,
1457 3272 1572 3334 sed,
1631 3281 1688 3324 ut
1741 3287 1884 3341 saepe

315 3356 471 3419 alias,
519 3371 586 3410 ex
629 3360 859 3426 propriis
915 3360 1256 3426 conjecturis.
1314 3361 1426 3416 Hoc
1473 3364 1586 3431 ipso
1632 3365 1776 3417 enim
1831 3367 1882 3419 iu

316 3446 435 3501 loco
484 3448 683 3502 bellum
736 3452 995 3506 adversus
1042 3453 1364 3522 Procopium
1417 3471 1558 3511 anno
1608 3461 1883 3527 sequenti,

317 3539 579 3595 Gratiano
624 3551 677 3594 et
726 3542 1052 3613 Dagalaipho
1100 3549 1450 3611 consulibus,
1497 3549 1548 3602 id
1596 3559 1677 3604 est
1742 3568 1884 3606 anno

319 3629 447 3695 566,
483 3633 594 3700 geri
628 3636 854 3702 cmpisse
895 3648 1097 3691 narrat.
1126 3639 1181 3692 in
1207 3655 1314 3708 quo
1342 3641 1558 3709 quidem
1605 3645 1882 3698 nobiscum

316 3721 467 3788 facit,
501 3739 564 3778 ac
604 3724 932 3781 Tillemontii
979 3732 1304 3785 sententiam
1347 3735 1560 3798 evertit,
1608 3736 1734 3796 dum
1775 3738 1886 3789 hei.-

316 3815 425 3868 lum
458 3817 614 3871 civile
648 3834 789 3872 anno
830 3831 948 3889 post
985 3823 1246 3892 synodum
1275 3823 1696 3892 Lampsacenam
1726 3841 1885 3880 exor-

316 3914 430 3960 tuin
473 3921 593 3962 esse
640 3919 842 3963 narrat.
892 3913 1021 3964 Dum
1079 3927 1257 3968 autem
1308 3915 1447 3969 idem
1501 3916 1697 3969 bellum
1746 3918 1885 3971 Gra-

315 3997 465 4054 tiano
505 4010 559 4053 et
607 4000 931 4069 Dagalaipho
981 4007 1311 4072 consulibus,
1355 4009 1407 4060 id
1457 4019 1541 4062 est
1592 4025 1734 4063 auito
1783 4011 1886 4064 566

316 4091 434 4155 geri
481 4093 710 4160 cmpisse
767 4096 930 4157 dicit,
978 4105 1085 4149 tota
1131 4107 1278 4151 errat
1332 4100 1452 4162 via,
1504 4117 1600 4154 nec
1651 4103 1758 4170 jam
1802 4104 1885 4166 ei,

316 4179 443 4233 dum
519 4184 782 4252 synodum
859 4183 1278 4254 Lampsacenam
1348 4191 1558 4245 duobus
1632 4194 1887 4262 Augustis

316 4271 552 4339 primum
612 4276 925 4330 consulibus
979 4279 1214 4332 habitam
1269 4280 1470 4346 refert,
1525 4293 1668 4336 tanta
1727 4287 1886 4338 attri—

316 4362 529 4417 buenda
579 4375 662 4418 est
728 4367 1054 4433 auctoritas,
1105 4379 1367 4438 quantam
1423 4373 1669 4427 attribuit
1720 4373 1888 4428 Tille-

316 4457 570 4509 montius.

387 4545 546 4598 Aliud
598 4546 752 4601 nobis
782 4557 1160 4616 argumentum
1203 4553 1511 4620 suppeditat
1560 4558 1883 4624 persecutio,

317 4652 438 4707 quae
478 4654 598 4692 cum
631 4656 772 4695 anno
802 4640 906 4695 565
945 4653 1192 4710 grassata
1220 4643 1311 4710 sit,
1356 4654 1414 4698 ut
1461 4662 1620 4715 supra
1665 4650 1888 4703 demon-

317 4741 568 4797 stratum,
601 4741 655 4786 et
682 4735 967 4788 concilium
998 4735 1424 4803 Lampsacenum
1471 4741 1758 4795 subsecuta
1792 4743 1884 4808 sit,
1911 4744 1915 4748 ’

316 4830 378 4876 nt
419 4837 606 4878 Omnes
638 4823 899 4889 fatentur,
931 4829 1236 4882 certissimo
1273 4841 1588 4898 argumento
1630 4843 1713 4886 est
1746 4833 1886 4886 hanc

315 4905 577 4984 synodum
605 4932 746 4970 anno
776 4918 880 4972 564
915 4920 1152 4973 habitam
1187 4921 1371 4974 fuisse.
1405 4981 1418 4993 ι

387 5005 504 5074 Ipsa
532 5008 763 5077 denique
789 5010 957 5064 series
979 5019 1034 5064 et.
1052 5013 1304 5088 junctura
1329 5026 1514 5065 earum
1542 5029 1738 5080 rerum,
1765 5030 1884 5084 quae

309 5115 340 5154 a
383 5099 585 5169 synodo
628 5099 994 5169 Lampsacena
1028 5118 1198 5171 usque
1233 5104 1298 5158 ad
1333 5107 1667 5177 Tyanenscm
1718 5108 1887 5158 inter-

315 5199 622 5256 Cesserunt,
665 5193 891 5246 miriﬁce
933 5196 1164 5261 quadrat
1203 5199 1254 5251 in
1300 5213 1361 5251 ea
1409 5214 1566 5266 quam
1612 5198 1888 5263 sequimur

317 5283 618 5347 sententia;
648 5289 704 5334 at
734 5284 786 5336 in
814 5285 1067 5354 opinione
1093 5287 1413 5341 Tillemontii
1441 5289 1652 5357 penitus
1679 5289 1888 5341 discon-

317 5358 483 5424 venit.
519 5372 838 5440 Legatorum
880 5377 932 5429 in
981 5376 1331 5432 Occidentem
1367 5380 1744 5432 mittendorum
1795 5393 1887 5430 ne-

317 5465 629 5518 Cessitatem
657 5467 834 5520 attulit
861 5469 1256 5535 persecutionis
1292 5469 1561 5522 violentia:
1597 5477 1882 5537 antequam

393 5666 466 5730 (ul
513 5665 667 5720 Tom.
699 5666 780 5725 VI.
819 5675 926 5718 not.
958 5666 1048 5730 8|,
1075 5671 1164 5734 82,
1195 5672 1246 5724 in
1275 5671 1521 5724 Arianos.

396 5735 469 5806 (b)
511 5740 725 5793 Suzom.
751 5737 841 5790 lib.
873 5751 941 5803 vt,
975 5753 1021 5794 c.
1057 5741 1105 5794 7.

1987 3290 2096 3358 Τῆς
2137 3287 2227 3339 καὶ
2272 3286 2397 3356 περὶ
2444 3286 2541 3356 τὴν
2589 3285 2910 3354 Ἐκκλησίαν
2957 3285 3053 3337 τοῦ
3099 3285 3293 3355 ἀνδρὸς
3331 3286 3583 3356 κηδεμο-

1986 3381 2103 3442 νίας
2141 3378 2234 3431 καὶ
2276 3375 2636 3447 προστασίας,
2679 3376 2850 3429 πολλὰ
2887 3376 2987 3446 μὲν
3033 3378 3128 3430 καὶ
3175 3377 3312 3429 ἄλλα
3361 3380 3584 3449 γνωρί-

1989 3488 2189 3542 σματα,
2226 3469 2504 3540 παρρησία
2533 3469 2666 3538 πρὸς
2697 3469 2960 3539 ἄρχοντας
2989 3470 3117 3533 τούς
3151 3488 3210 3522 τε
3247 3470 3446 3533 ἄλλους
3478 3473 3584 3525 καὶ

1987 3567 2110 3628 τοὺς
2155 3563 2557 3624 δυνατωτάτους
2610 3563 2708 3630 τῆς
2759 3562 2997 3624 πόλεως·
3044 3563 3317 3630 διαφορῶν
3385 3563 3584 3626 λύσεις

1985 3659 2084 3710 οὐκ
2131 3654 2555 3723 ἀπιστούμεναι,
2592 3653 2704 3706 ἀλλ’
2741 3654 2844 3705 ὑπὸ
2882 3655 2980 3723 τῆς
3012 3654 3222 3707 ἐκείνου
3255 3656 3442 3724 φωνῆς
3466 3674 3587 3726 "cp-

1987 3746 2270 3816 πούμεναι,
2319 3745 2469 3813 νόμῳ
2521 3743 2597 3813 τῷ
2642 3743 2826 3812 τρόπῳ
2867 3743 3174 3814 χρώμεναι,
3234 3748 3585 3815 προστασίαι

1986 3837 2091 3889 τῶν
2144 3836 2428 3904 δεομένων,
2480 3837 2532 3887 αἱ
2579 3835 2673 3904 μὲν
2724 3835 2938 3897 πλείους
3001 3839 3410 3904 πνευματικαὶ,
3469 3839 3584 3891 οὐκ

1986 3929 2159 3996 ὀλίγαι
2202 3929 2255 3980 δὲ
2288 3930 2379 3980 καὶ
2422 3926 2761 3995 σωματιγαί·
2816 3928 2907 3979 καὶ
2950 3927 3058 3997 γὰρ
3110 3929 3203 3980 καὶ
3237 3928 3399 3982 τοῦτο
3436 3931 3582 3982 πολ,

1986 4019 2138 4081 tam;
2164 4021 2242 4081 εἰς
2269 4019 2442 4088 ψυχὴν
2471 4017 2624 4087 φέρει
2657 4017 2723 4069 δι’
2747 4019 2958 4080 εὐνοίας
2991 4019 3351 4090 ὁουῗδούμενον
3373 4038 3386 4051 ’
3421 4038 3586 4073 πτω-

1987 4112 2300 4181 χοτροφὶαι,
2338 4109 2661 4177 ξενοδοχίαι,
2711 4109 3140 4179 παρθενοκομίαι
3166 4151 3180 4171 ,
3254 4111 3584 4180 νομοθεσίαι

1991 4196 2266 4266 μοναστῶν
2289 4195 2549 4265 ἕγγραῳοί
2570 4213 2627 4248 τε
2656 4196 2747 4248 καὶ
2769 4197 3004 4267 ἄγραφοι
3022 4215 3035 4227 ο
3064 4200 3236 4268 εὐχῶν
3257 4201 3543 4266 διατάξεις
3564 4244 3580 4263 ,

1987 4288 2272 4356 εὑκοσμὶαι
2309 4286 2399 4339 τοῦ
2451 4287 2709 4356 βήματος,
2757 4287 2825 4339 τὰ
2883 4289 3019 4341 ἄλλα
3058 4287 3141 4353 οἷς
3183 4291 3248 4342 ἂν
3297 4294 3324 4343 ὀ
3352 4293 3584 4363 ἀληθῶς

1988 4380 2268 4448 ἄνθρωπος
2296 4378 2388 4429 τοῦ
2418 4377 2550 4429 Θεοῦ
2581 4381 2673 4431 καὶ
2710 4381 2848 4450 μετὰ
2876 4382 3010 4434 Θεοῦ
3045 4385 3409 4453 τεταγμένος,
3441 4386 3586 4440 λαὸν

1990 4469 2334 4538 ὠφελήσειεν.
2366 4467 2488 4520 Ιαηι
2521 4486 2633 4520 vero
2680 4470 2843 4536 ipsius
2896 4488 3020 4540 erga
3079 4470 3381 4526 Ecclesium
3433 4492 3586 4529 curre

1993 4573 2054 4610 ac
2114 4557 2346 4623 pra'sidt'i
2406 4573 2700 4625 quanquam
2752 4557 2918 4610 multa
2949 4562 3180 4628 iquoque
3217 4562 3329 4614 alia
3372 4565 3588 4618 indicia

1991 4658 2140 4713 sunt,
2189 4648 2399 4699 libertas
2435 4647 2505 4698 ad
2555 4649 2834 4713 prwsides,
2877 4665 2994 4702 cum
3027 4651 3186 4715 alios,
3230 4663 3341 4704 tum
3387 4665 3588 4721 poten-

1990 4741 2216 4792 tissimos
2257 4753 2484 4806 quosque
2543 4738 2788 4803 civitatis,
2837 4743 3321 4794 controversiarum
3374 4746 3584 4799 direm-

1991 4829 2194 4897 ptione:
2243 4842 2563 4895 nequaquam
2599 4839 2872 4894 suspectae,
2901 4830 2993 4882 sed
3036 4830 3100 4883 ab
3150 4833 3266 4895 eius
3301 4849 3426 4886 voce
3471 4835 3596 4903 for-

1989 4932 2146 4974 mata:
2176 4936 2236 4972 ac
2281 4921 2597 4981 constitutte,
2627 4921 2880 4989 modoque
2917 4931 3168 4989 tanquam
3204 4923 3316 4992 lege
3347 4935 3590 4989 utentes,

1989 5011 2245 5079 egentium
2281 5010 2591 5075 patrocinia,
2639 5009 2791 5076 plura
2845 5011 3055 5078 quidem
3091 5015 3440 5079 spiritualia,
3494 5020 3591 5069 sed

1993 5114 2164 5155 tamen
2212 5117 2460 5168 corporea
2501 5115 2604 5151 non
2632 5117 2800 5166 pauca
2836 5103 2980 5170 (nam
3007 5103 3060 5154 id
3098 5121 3304 5174 quoque
3333 5123 3591 5175 swpenu-

1994 5209 2131 5245 mero
2163 5193 2230 5244 ad
2257 5191 2482 5242 animum
2511 5190 2696 5253 tendit,
2733 5206 2824 5256 per
2859 5191 3269 5244 benevolentiam
3303 5195 3590 5265 subigens,

1993 5300 2054 5335 ac
2095 5282 2228 5335 velut
2283 5282 2336 5332 in
2385 5280 2682 5332 servitutem
2728 5280 2984 5349 trahens),
3017 5299 3314 5349 pauperum
3348 5285 3591 5341 alendo-

1995 5389 2130 5435 rum,
2158 5374 2412 5437 Itospitum
2448 5371 2890 5436 excipiendorum,
2919 5373 3179 5442 virginum
3210 5378 3594 5432 curandas-um

1994 5466 2255 5522 studium.
2310 5463 2718 5514 monasticarum
2762 5461 2934 5530 legum
2974 5465 3340 5520 institutiones
3383 5473 3596 5537 partim

2067 5663 2136 5728 (τ)
2180 5661 2383 5732 Sacra}.
2415 5661 2506 5732 lib.
2541 5678 2617 5732 tn,
2651 5662 2812 5717 c.12.

2063 5731 2140 5804 (tl)
2181 5731 2270 5787 0r.
2297 5727 2384 5798 26,
2413 5731 2534 5785 540.
