3820 6210
1573 327 1734 384 VITA
1775 327 1832 383 S.
1869 323 2133 380 BASlLll.

3294 345 3437 384 XLVII

179 449 398 518 scripta,
433 448 628 518 partim
672 463 795 501 uoce
838 447 1070 513 tradita',
1121 466 1338 518 precum.
1370 451 1764 519 descriptiones,
1796 457 1840 512 Α
1868 447 1967 517 ptis
2017 446 2269 500 ntandata
2315 454 2464 508 sunt,
2510 442 2712 514 colligit
2767 443 3142 499 Tillcmontius
3200 449 3434 500 nondum

175 541 414 593 sacrarii
463 541 886 604 concinnitates,
936 557 998 595 ea
1041 542 1259 610 denique
1316 547 1532 611 omnia,
1561 545 1764 612 'quibus

173 632 447 698 quispiam
493 649 612 686 cere
651 631 744 686 Dei
791 632 946 687 homo
1011 651 1071 687 ac
1121 635 1231 690 Deo
1279 638 1580 706 adjunctus,
1629 635 1765 704 plebi

171 725 430 788 prodesse
454 733 631 791 queat.

246 811 370 866 Duo
419 813 732 868 indicantur
761 813 863 868 hoc
904 815 1024 870 loco
1065 816 1250 870 Basilii
1303 817 1530 890 insignia
1575 835 1761 890 Opera,

171 898 400 969 Regula:
431 905 742 956 monasticae
779 919 844 958 ac
888 903 1152 976 Liturgia.
1205 908 1414 980 Reqqu
1446 915 1762 980 prolixiores

169 999 302 1044 atate
359 992 764 1046 ordinationem
825 996 1040 1064 scriptae
1075 999 1340 1052 ’videntur
1386 1019 1400 1054 :
1440 1003 1576 1056 nihil
1615 1006 1760 1060 enim

171 1081 390 1135 habent
433 1097 500 1136 ex
548 1097 658 1151 quo
691 1082 948 1138 Basiliam
999 1095 1126 1140 tunc
1164 1089 1536 1159 presbyterum
1587 1091 1758 1148 fuisse

165 1170 419 1240 iudices;
473 1174 563 1237 ait;
596 1175 690 1244 (ρ.
742 1175 881 1244 5'27)
945 1183 1150 1230 tantum
1207 1179 1308 1233 sibi
1361 1196 1582 1236 necesse
1639 1199 1762 1240 esse

163 1261 594 1330 iustiﬁcationes
622 1267 714 1320 Dei
746 1267 1072 1322 annuntiare
1100 1287 1114 1322 :
1141 1271 1282 1334 quod
1310 1273 1530 1340 quidem
1560 1285 1758 1332 ascette

167 1351 472 1422 discipulos
501 1355 804 1436 instituenti
841 1358 1118 1411 convenit.
1149 1358 1264 1413 Non
1291 1377 1420 1430 ergo
1450 1364 1595 1417 aliud
1624 1380 1762 1436 Opus

167 1442 376 1498 indicat
409 1442 701 1514 Gregorius
725 1445 823 1516 (a),
852 1461 970 1498 cum
1006 1448 1234 1515 scriptas
1259 1463 1288 1502 a
1318 1465 1378 1504 se
1404 1459 1461 1504 et
1487 1467 1516 1504 a
1547 1451 1744 1508 Basilio

165 1535 461 1590 monastici
493 1536 724 1590 instituti
767 1537 910 1606 leges
939 1552 1350 1596 commemorat.
1381 1543 1452 1598 At
1484 1543 1538 1598 in
1573 1561 1756 1611 prom-

167 1625 278 1678 mio
361 1624 694 1694 Regularum
761 1627 1056 1682 breviorem
1143 1631 1428 1686 manifeste
1493 1635 1760 1690 indicatur

163 1717 562 1780 sacerdotium,
587 1735 710 1773 cum
736 1721 812 1773 ait
836 1739 848 1773 :
875 1720 1102 1776 Necesse
1124 1733 1200 1776 est
1227 1740 1318 1778 nos
1342 1727 1548 1794 quidem
1573 1729 1756 1798 quibus

1869 545 1994 591 tunc
2041 551 2167 590 suas
2202 535 2374 604 ipsum
2422 535 2677 588 Basilium
2728 535 2941 604 regulas
2987 535 3292 605 scripsisse.
3334 537 3438 590 Do-

1866 628 2092 681 ctissimi
2126 628 2224 680 viri
2273 626 2637 694 conjecturam
2683 641 2788 679 non
2824 627 3023 682 invitus
3057 642 3270 694 sequar.
3327 627 3434 681 Sed

1867 719 1995 772 mihi
2042 720 2258 788 probari
2294 734 2398 771 non
2433 727 2626 785 potest,
2658 717 2800 784 quod
2831 717 2972 772 idem
3006 719 3303 783 existimat,
3337 720 3440 772 Ba-

1863 811 2073 874 silium,
2121 825 2239 864 cum
2291 809 2622 862 monasterio
2657 811 2884 863 Pontico
2933 811 3146 864 abesset
3193 811 3258 864 ad
3299 821 3437 864 tem-

1865 917 1984 970 pus,
2017 903 2131 956 htec
2161 902 2472 968 scripsisse;
2507 915 2736 969 cumque
2762 917 2920 969 quem
2968 902 3021 955 in
3065 901 3168 956 ltac
3209 903 3435 971 epistola

1862 992 2227 1054 commendat,
2263 992 2480 1057 petiisse
2511 995 2577 1044 ab
2613 1009 2697 1058 eo,
2726 1002 2782 1044 ut
2812 993 2928 1046 sine
2969 1009 3115 1047 mora
3165 995 3432 1047 monasti-

1861 1099 1982 1138 cum
2019 1084 2257 1138 habitum
2292 1083 2392 1136 sibi
2433 1085 2754 1137 concederet
2783 1083 2836 1136 in
2869 1099 2932 1138 eo
2963 1085 3102 1148 loco,
3161 1085 3250 1138 ubi
3303 1095 3430 1140 tunc

1861 1174 2306 1245 peregrinabatur
2334 1175 2587 1232 Basilius.
2627 1175 2978 1230 Monasticum
3009 1178 3152 1230 enim
3181 1177 3428 1232 babittm

1862 1265 2129 1330 designari
2173 1265 2544 1320 Tillemonlius
2576 1275 2728 1334 putat
2761 1267 2843 1320 his
2886 1267 3108 1320 verbis:
3141 1267 3250 1336 Ego
3290 1270 3429 1321 enim

1858 1356 2010 1408 illum
2047 1357 2130 1409 hic
2165 1357 2362 1409 amoris
2401 1373 2524 1426 erga
2559 1357 2724 1410 Deum
2761 1375 3010 1411 coronam
3042 1360 3274 1423 accipere
3321 1371 3432 1413 stu.

1861 1446 2064 1500 dentem
2099 1447 2304 1500 distuli.

1933 1536 2130 1591 Verum
2174 1541 2374 1594 amoris
2411 1554 2534 1609 erga
2571 1538 2734 1593 Deum
2771 1553 3002 1603 corona,
3047 1555 3150 1593 non
3195 1550 3277 1594 est
3313 1555 3428 1594 mo-

1862 1631 2100 1684 nastieus
2143 1631 2377 1693 habitus,
2409 1632 2500 1684 sed
2541 1645 2748 1684 merces
2778 1647 2805 1682 a
2858 1630 2966 1685 Deo
3013 1639 3202 1684 sancte
3243 1632 3428 1684 viven-

1865 1721 2006 1774 tibus
2037 1722 2322 1788 promissa.
2350 1721 2516 1775 Nemo
2549 1721 2872 1774 induebatur
2919 1723 3212 1776 mouastica
3259 1731 3428 1784 veste,

163 1809 428 1861 creditum
461 1822 538 1862 est
567 1827 756 1864 munus
790 1813 1030 1878 docendi,
1061 1824 1278 1882 paratos
1305 1834 1414 1870 esse
1444 1820 1585 1872 omni
1629 1828 1730 1872 tem

1863 1823 1953 1866 aut
2010 1814 2063 1867 in
2121 1813 2408 1867 interiores
2468 1812 2778 1866 monasterii
2849 1813 2990 1866 mdes
3042 1814 3431 1868 admittebatur

155 1916 286 1966 pore
315 1911 372 1953 et
395 1903 674 1970 promptos
699 1905 769 1955 ad
804 1905 1135 1959 instruendus
1164 1909 1610 1978 perﬁciendasque
1642 1911 1758 1962 ani-

159 2005 300 2050 mas,
331 1999 380 2041 et
413 1989 570 2043 modo
591 1991 800 2060 publice
824 2008 998 2046 coram
1031 2004 1140 2046 tota
1171 1993 1412 2050 Ecclesia
1449 1999 1752 2062 contestari,

159 2079 320 2132 modo
350 2081 604 2139 privatim
657 2085 953 2151 permittere
983 2086 1264 2155 unicuique
1305 2103 1508 2150 eorum,
1551 2089 1640 2157 qui
1685 2089 1756 2141 ad

159 2189 252 2227 nos
310 2177 672 2240 accesserint,
719 2186 776 2228 ut
823 2193 919 2230 suo
965 2177 1228 2231 arbitratu
1287 2193 1381 2233 nos
1432 2182 1756 2250 interrogare

153 2268 390 2332 possint,
419 2277 528 2322 etc.
563 2267 638 2322 De
669 2267 914 2337 Liturgia
944 2269 1072 2322 alibi
1103 2284 1347 2339 agemus.

223 2357 293 2414 ll.
361 2359 606 2414 Nondum
628 2360 860 2430 Regulus
884 2361 1173 2430 scripserat
1198 2361 1444 2429 Basilius,
1493 2363 1586 2418 sed
1619 2363 1753 2418 scri-

155 2450 328 2504 bendi
405 2449 522 2516 jam
601 2450 886 2504 consilium
952 2460 1203 2520 ceperat,
1278 2467 1402 2506 cum
1466 2453 1749 2520 epistolam

157 2540 484 2596 vicesimam
517 2542 812 2595 secundum
851 2543 1124 2608 exaravit,
1176 2557 1296 2612 qua:
1347 2551 1429 2598 est
1469 2543 1546 2596 De
1575 2544 1748 2613 perfe-

155 2632 333 2685 ctione
373 2632 496 2686 vim
527 2634 851 2686 monasticte.
880 2631 938 2687 ln
971 2633 1085 2702 ipso
1132 2634 1279 2688 enim
1319 2635 1544 2690 exordio
1579 2645 1747 2690 testa-

157 2735 270 2789 tur,
291 2739 422 2777 cum
451 2724 618 2778 multa
647 2725 778 2788 sint,
809 2741 926 2793 quae
951 2741 982 2779 a
1013 2725 1299 2795 Scriptura
1327 2725 1742 2796 praecipiuntur,

153 2829 216 2868 se
247 2817 320 2868 de
351 2815 438 2869 his
465 2815 708 2878 interim,
733 2816 800 2868 de
829 2815 1028 2884 quibus
1055 2825 1327 2870 commota
1373 2818 1598 2886 quatstio
1631 2817 1746 2872 fue-

157 2913 266 2968 rat,
293 2903 517 2958 brevem
550 2903 975 2958 admonitionem
1008 2905 1406 2974 subjecturum,
1435 2923 1537 2960 non
1579 2922 1745 2976 appo-

153 2997 274 3052 sitis
311 2997 613 3068 Scripturte
665 2999 1013 3063 testimoniis,
1065 3000 1162 3054 sed
1207 3001 1400 3056 lectori
1455 3003 1520 3054 ad
1570 3015 1742 3071 agno-

151 3087 418 3141 scendum
469 3087 694 3141 relictis.
735 3087 907 3142 Nemo
944 3097 1025 3143 est
1067 3104 1200 3143 sane
1232 3089 1349 3158 qui,
1392 3091 1434 3144 si
1473 3089 1741 3160 ejusmodi

1856 1913 1980 1956 ante
2013 1901 2419 1972 professionem,
2458 1911 2512 1955 ut
2547 1911 2692 1968 patet
2737 1917 2800 1955 ex
2843 1904 3113 1972 Interrog.
3142 1919 3174 1956 x
3225 1904 3432 1973 longio-

1856 2009 1974 2048 rum
2031 1993 2156 2064 Reg.
2195 1995 2315 2063 Ipsa
2357 1995 2516 2048 etiam
2553 1995 2816 2062 professio
2847 1997 2898 2048 in
2933 2009 2997 2050 eo
3045 1996 3148 2050 sita
3194 2007 3332 2062 erat,
3371 2006 3432 2050 ut

1855 2086 2089 2139 novitius
2121 2086 2360 2153 probatis
2410 2085 2646 2155 legitimo
2706 2095 2948 2154 tempore
2991 2087 3425 2156 periclitatisquc

1859 2178 2136 2240 moribus,
2183 2177 2410 2231 fratrum
2457 2193 2684 2231 numero
2722 2177 3101 2234 ascriberetur.
3151 2179 3430 2245 Quomodo

1851 2282 1980 2338 ergo
2001 2284 2032 2321 a
2065 2269 2257 2323 Basilio
2291 2279 2598 2324 transeunte
2621 2269 2672 2323 id
2699 2270 2918 2338 petitum
2949 2269 3157 2332 fuisset,
3199 2273 3340 2338 quod
3369 2271 3423 2324 in

1851 2355 1968 2425 ipso
1991 2357 2318 2412 monasterio
2343 2367 2542 2411 tantam
2568 2358 2872 2412 cautionem
2907 2367 2962 2412 et
2989 2359 3427 2413 deliberationem

1850 2447 2188 2516 postulabat?
2206 2447 2254 2503 ls
2269 2463 2417 2517 ergo,
2437 2463 2590 2516 quem
2610 2448 2950 2503 commendat
2965 2447 3432 2513 Basilius,volebat

1849 2553 1970 2594 sese
2027 2539 2081 2593 in
2133 2539 2832 2594 monasterio'Caesariensi
2898 2555 2993 2609 per
3048 2551 3212 2594 letam
3263 2543 3425 2596 vitam

1849 2632 1960 2687 Deo
2003 2647 2350 2696 consecrare,
2401 2631 2585 2701 ibique
2627 2635 2828 2688 amoris
2877 2649 3002 2704 erga
3053 2637 3217 2690 Deum
3266 2651 3428 2690 coro-

1848 2739 1970 2776 nam
2018 2724 2280 2790 accipere.
2329 2720 2510 2789 Neque
2557 2721 2684 2775 illud
2732 2725 2894 2778 etiam
2930 2723 3143 2779 diﬂicile
3195 2726 3412 2794 perspi-

1848 2815 2011 2878 citur,
2064 2813 2355 2876 Basilium,
2396 2812 2496 2866 etsi
2530 2827 2716 2866 curam
2767 2815 3121 2880 monasterii,
3167 2817 3310 2884 quod
3361 2817 3414 2870 in

1844 2904 2016 2958 Ponto
2048 2905 2381 2966 fundaverat,
2415 2917 2518 2956 non
2549 2904 2768 2956 omnino
2803 2905 3131 2973 abiecisset;
3169 2917 3295 2961 tunc
3344 2917 3425 2960 ta-

1845 3007 1967 3046 men
1999 3008 2102 3046 non
2141 2992 2378 3046 abfuisse
2403 2992 2468 3044 ad
2499 3001 2729 3059 tempus,
2755 2993 2848 3046 sed
2881 3009 3104 3061 prorsus
3130 2996 3412 3049 astrictum

1845 3083 2010 3138 fuisse
2049 3083 2381 3154 presbyterio
2425 3083 2683 3138 Ecclesiae
2727 3083 3104 3142 Caesariensis.
3137 3088 3421 3144 Statuerat

149 3179 442 3234 exordium
481 3177 625 3247 legat
671 3179 952 3242 attentius,
983 3195 1089 3232 non
1130 3179 1286 3234 facile
1323 3159 1614 3250 perspiciat
1646 3181 1740 3234 Ba—
1771 3159 1814 3216 (αἶ
1846 3177 1986 3230 enim
2019 3175 2072 3228 in
2113 3175 2239 3228 illud
2277 3175 2662 3228 monasterium
2709 3175 3016 3244 proﬁcisci,
3061 3195 3164 3232 non
3207 3189 3262 3232 ut
3301 3181 3418 3250 ipse

149 3269 352 3334 silium,
399 3283 524 3322 cum
569 3283 824 3337 magnum
863 3269 1077 3337 aliquod
1119 3269 1186 3323 de
1232 3270 1499 3324 institutis
1547 3287 1740 3325 mona-

147 3361 304 3414 sticis
347 3375 490 3429 opus
532 3361 908 3423 meditaretur,
961 3360 1014 3412 in
1067 3375 1176 3428 quo
1208 3363 1525 3430 apponenda
1581 3371 1739 3416 erant

150 3447 453 3518 Scriptura:
487 3447 830 3514 testimonia,
875 3447 990 3502 lucc
1025 3449 1244 3502 interim
1302 3451 1539 3506 breviter
1600 3467 1740 3520 prae-

151 3549 304 3607 cepta
357 3541 675 3594 tradidisse.
713 3541 866 3597 Unde
897 3543 1036 3595 hanc
1081 3542 1365 3612 epistolam
1412 3559 1518 3597 non
1569 3546 1739 3600 multo

149 3641 270 3700 post
297 3631 488 3685 Basilii
519 3633 750 3686 reditum
785 3630 1149 3686 collocandum
1181 3632 1454 3686 existimo.

217 3723 378 3778 Circa
439 3723 582 3778 idem
644 3733 854 3792 tempus
899 3732 952 3778 et
1016 3735 1142 3777 ante
1201 3724 1436 3792 scriptas
1497 3725 1736 3795 regulas,

149 3815 230 3870 vel
258 3825 438 3882 certe,
489 3831 614 3870 cum
646 3815 908 3870 Caesareae
945 3817 1247 3886 presbyteri
1295 3831 1516 3870 munere
1549 3817 1739 3884 funge-

149 3915 296 3962 retur
326 3907 594 3970 Basilius,
638 3905 948 3962 collocanda
992 3908 1218 3976 epistola
1253 3909 1509 3964 vicesima
1551 3911 1733 3975 tertia,

151 4015 266 4066 quae
303 4000 491 4053 minus
518 4009 776 4052 accurate
799 3998 1143 4063 inscribitur,
1174 3997 1619 4052 Commendatitia
1663 4002 1732 4054 ad

148 4092 492 4152 nionachum,
540 4105 662 4143 cum
697 4090 877 4158 potius
927 4091 1024 4144 toti
1077 4092 1408 4146 mooastcrio
1458 4093 1735 4147 debuisset

148 4183 390 4240 inscribi.
437 4183 684 4236 Accessit
713 4183 929 4251 quidam
971 4183 1038 4237 ad
1073 4183 1334 4237 Basilium
1378 4185 1556 4238 saeculi
1585 4185 1737 4240 vani-

151 4285 308 4328 tatem
344 4286 732 4338 contemnens,
755 4289 819 4328 ae
847 4275 988 4328 viam
1031 4275 1098 4328 ad
1141 4273 1355 4328 Domini
1393 4276 1732 4330 mansionem

147 4367 502 4420 deducentem
557 4365 762 4434 ingredi
817 4366 1062 4431 cupiens.
1109 4366 1286 4434 Atque
1329 4366 1376 4422 is
1420 4366 1636 4436 quidem
1678 4367 1732 4420 in

1843 3267 2098 3321 novitium
2135 3267 2279 3320 illum
2315 3277 2544 3336 regeret,
2585 3268 2678 3321 sed
2711 3277 2768 3321 ut
2818 3270 2867 3323 ei
2901 3271 3186 3324 ’ductorem
3216 3281 3270 3325 et
3311 3288 3424 3326 ma-

1842 3358 2072 3427 gistrum
2117 3359 2334 3426 pietatis
2381 3359 2698 3427 praeﬁceret.
2741 3360 3048 3426 Quinetiam
3082 3377 3203 3416 cum
3237 3378 3295 3418 se
3326 3379 3424 3418 oc-

1840 3451 2214 3517 cupationibus
2243 3452 2354 3505 suis
2386 3451 2597 3518 eripere
2629 3467 2737 3504 nou
2773 3453 3052 3520 potuisset,
3097 3471 3272 3524 neque
3302 3457 3411 3510 eri-

1839 3554 1966 3607 pere
1997 3555 2154 3608 posse
2191 3549 2433 3607 speraret
2464 3555 2558 3608 per
2605 3549 2774 3592 totout
2808 3541 2938 3594 illud
2977 3552 3209 3612 tempus,
3263 3546 3406 3612 quod

1841 3631 1894 3683 in
1929 3632 2206 3699 probando
2240 3631 2444 3685 novitio
2491 3632 2866 3684 insumendum
2911 3644 3051 3699 erat,
3087 3637 3326 3704 praecipit
3363 3645 3422 3689 ut

1839 3739 1896 3778 se
1926 3737 2029 3776 non
2053 3733 2366 3792 exspectato
2394 3724 2652 3777 orobctur
2677 3733 2730 3776 et
2763 3724 2990 3780 fratrum
3039 3729 3213 3781 ordini
3249 3729 3420 3782 ascri-

1837 3815 2016 3869 batur.
2276 3810 2284 3818 ’

1909 3903 1998 3958 lll.
2039 3901 2185 3960 Inter
2216 3905 2411 3960 eximia
2459 3905 2638 3960 Basilii
2688 3907 2988 3978 presbyteri
3038 3908 3294 3975 praeclare
3339 3909 3420 3962 fa-

1838 4005 1947 4059 cla,
1991 3997 2220 4066 palmam
2257 3999 2347 4050 dat
2387 3997 2682 4068 Gregm'ius
2727 3999 3102 4053 Nazianzenus
3144 3999 3417 4064 charitati,
3471 4053 3476 4058 ,

1836 4105 1997 4156 quam
2048 4090 2098 4142 in
2133 4088 2278 4143 fante
2313 4089 2387 4162 (ὑ)
2426 4092 2666 4145 omnium
2719 4103 2840 4160 post
2889 4093 3164 4146 hominum
3212 4107 3416 4146 memo-

1837 4181 1974 4233 riam
2040 4181 2378 4234 atrOt-issima
2434 4181 2760 4252 designavit.
2809 4183 3146 4238 Calamitatis
3196 4198 3414 4236 causam

1835 4269 2032 4325 frustra
2069 4273 2260 4342 repetit
2307 4271 2571 4328 Baronius
2605 4273 2676 4342 (ε)
2725 4289 2789 4328 ex
2841 4275 3104 4342 grandine
3153 4276 3416 4328 inusitatu:

1835 4361 2234 4431 magnitudinis,
2260 4379 2418 4432 quam
2455 4365 2624 4419 instar
2659 4365 2892 4434 lapidum
2922 4364 3174 4421 Socrates
3200 4367 3283 4437 (tl)
3317 4381 3410 4419 ce-

147 4456 260 4526 ipso
289 4456 438 4520 loco,
469 4455 562 4509 ubi
597 4466 722 4510 tunc
749 4465 868 4510 erat
899 4456 1146 4524 Basilius,
1179 4458 1532 4512 monasticam
1567 4459 1730 4511 vitam
1759 4497 1810 4557 υ
1835 4454 2031 4509 cidisse
2079 4465 2265 4510 narrat
2331 4455 2790 4526 Constantinopoli
2859 4473 3001 4512 anno
3069 4459 3174 4513 5G7
3195 4500 3210 4525 ,
3256 4467 3414 4512 sexto

147 4549 398 4618 amplecti
446 4547 700 4612 volebat;
749 4549 844 4602 sed
892 4561 1014 4602 eum
1050 4547 1281 4603 Basilius
1334 4548 1638 4612 differebat,
1673 4549 1726 4603 in

141 4638 430 4696 Ponticum
483 4641 875 4694 monasterium
939 4639 1207 4695 deducere
1277 4641 1515 4706 malens,
1569 4641 1728 4710 eique

145 4731 250 4786 illic
301 4732 630 4800 magistrum
679 4730 912 4798 aliquem
947 4729 1190 4798 pietatis,
1237 4745 1395 4798 quem
1453 4731 1566 4800 ipse
1614 4732 1724 4786 elc—

145 4827 326 4893 gisset,
371 4822 673 4892 praeﬁcere.
703 4828 770 4876 At
800 4822 1029 4876 Basilius
1063 4823 1294 4892 negotiis
1323 4827 1576 4877 detentus
1603 4839 1724 4878 cum

147 4915 194 4968 in
239 4915 476 4970 Pontum
528 4915 797 4984 proficisci
848 4929 952 4967 non
1002 4923 1202 4983 posset,
1255 4913 1404 4968 misit
1451 4915 1724 4969 hominem

146 5023 260 5062 cum
298 5009 530 5072 litteris,
559 5022 624 5060 ac
656 5006 937 5059 monachis
969 5005 1248 5074 pratcepit,
1278 5015 1332 5058 ut
1365 5021 1486 5059 eum
1521 5005 1622 5059 rite
1667 5011 1721 5058 et

147 5097 376 5166 legitime
431 5097 760 5164 probarent,
795 5104 852 5149 et
895 5097 1038 5164 quod
1085 5096 1201 5166 ipse
1249 5111 1370 5150 cum
1414 5095 1494 5150 eis
1545 5094 1722 5149 facere

147 5191 408 5251 voluerat,
435 5188 490 5242 id
522 5189 641 5242 sine
669 5203 728 5241 se
759 5187 1104 5256 perlicerent.

213 5280 286 5334 Ex
341 5279 430 5334 his
476 5279 720 5348 epistolae
767 5279 968 5342 verbis,
999 5276 1281 5332 Elementis
1319 5277 1589 5333 imbuatur
1637 5295 1720 5332 se-

150 5375 364 5426 cundant
403 5388 468 5425 ea
507 5387 626 5440 qucc
667 5389 700 5424 α
741 5369 991 5425 Patribus
1031 5371 1228 5424 sanctis
1271 5377 1472 5425 statuta
1497 5379 1549 5427 et
1591 5371 1724 5426 scri-

214 5599 288 5662 (a)
331 5598 462 5651 Ναί.
492 5613 578 5666 cp.
609 5597 662 5652 9.

214 5669 280 5736 (lt)
321 5669 414 5721 Or.
442 5667 532 5721 20.

215 5733 280 5810 (e)
321 5741 402 5794 Ad
433 5754 522 5793 an.
551 5735 678 5792 367.

1833 4545 2016 4600 Nonas
2059 4543 2208 4600 Julii.
2259 4547 2400 4601 ldem
2440 4549 2622 4603 multis
2673 4549 2808 4604 locis
2862 4550 3124 4605 accidisse
3181 4559 3412 4604 testatur

1835 4637 2167 4694 Sozomenus
2197 4638 2268 4710 (e)
2299 4656 2311 4691 :
2341 4639 2434 4694 sed
2466 4639 2661 4694 fantem
2693 4641 2816 4695 inde
2850 4651 3194 4695 consecutam
3225 4651 3413 4696 neuter

1833 4729 2109 4782 indicavit.
2138 4729 2318 4799 Longe
2351 4731 2766 4798 probabiliorem
2794 4747 3012 4787 causam
3045 4734 3198 4786 nobis
3227 4734 3402 4802 aperit

1833 4819 2082 4884 Basilius,
2111 4821 2202 4888 qui
2233 4821 2285 4873 in
2320 4820 2546 4875 llomilia
2578 4825 2629 4876 in
2664 4823 2860 4877 famem
2893 4833 2948 4876 et
2982 4823 3281 4877 siccitatem
3321 4825 3401 4878 sic

1834 4911 2067 4981 loquitur
2093 4931 2144 4964 tt.
2167 4912 2222 4974 ‘2‘,
2242 4929 2294 4982 p.
2321 4913 2388 4966 65
2417 4933 2429 4966 :
2467 4913 2648 4968 Hiems
2665 4915 2876 4967 solitum
2893 4915 3159 4967 humorem
3177 4915 3406 4968 siccitati

1832 5005 2112 5056 admistum
2152 5021 2253 5057 non
2295 5004 2496 5071 habuit,
2521 5007 2611 5059 sed
2629 5007 2892 5058 humorem
2915 5021 3114 5059 omnem
3132 5005 3300 5074 glacie
3315 5023 3404 5058 as-

1827 5097 2012 5148 trinxit
2060 5098 2460 5165 exsiccavitque,
2493 5109 2539 5152 et
2567 5099 2780 5152 omnino
2812 5099 3008 5151 uirium
3058 5099 3406 5166 imbriumque

1825 5202 2006 5254 expers
2045 5193 2349 5254 permansit.
2389 5188 2488 5242 Ver
2514 5206 2700 5243 rursus
2748 5188 2970 5242 alteram
3021 5191 3228 5259 quidem
3277 5205 3403 5258 pro-

1827 5280 2105 5347 prietatem
2155 5297 2371 5334 suarum
2417 5293 2618 5350 partem
2669 5283 2927 5346 ostendit,
2979 5283 3204 5336 calorem
3257 5283 3400 5342 dico,

1828 5371 2062 5423 [iunioris
2111 5383 2284 5424 autent
2331 5376 2588 5444 particeps
2643 5390 2744 5428 non
2793 5373 2907 5432 fuit.
2953 5371 3143 5428 xEstus
3194 5387 3311 5427 vero
3350 5379 3402 5425 et

1900 5593 1977 5662 (tt)
2015 5591 2130 5646 Lib.
2157 5607 2228 5654 tv,
2264 5606 2312 5645 c.
2341 5591 2425 5662 ll.

1899 5659 1969 5736 (e)
2008 5663 2125 5718 Lib.
2157 5677 2231 5728 vt,
2262 5677 2310 5718 c.
2339 5659 2424 5716 10.
