3820 6210
452 325 624 366 ΧῘΑΙΙΙ

1801 325 2334 387 PROLEGOMENA.

447 433 620 502 frigus
647 433 858 488 insolito
884 436 1038 490 modo
1068 439 1314 494 terminos
1347 443 1633 497 creationis
1672 452 2023 518 transgressa,
2055 453 2101 509 Α
2129 449 2338 505 abluere
2369 454 2580 509 minime
2613 473 2767 526 grave
2799 460 3050 526 ducebat,
3083 459 3431 515 ministerium
3461 457 3674 534 imitans,

447 535 499 578 et
530 528 855 582 incommode
887 531 956 581 ad
990 532 1270 599 perniciem
1306 545 1540 591 nostram
1577 542 1957 608 conspirantia,
1989 561 2023 598 a

448 620 589 673 victu
619 633 666 675 et
693 640 724 673 a
752 622 858 676 vita
885 625 1133 679 mortales
1167 625 1408 697 abigunt.
1444 629 1618 701 Supra
1655 634 1733 689 sic
1764 636 2024 691 describit

448 712 623 781 ipsam
674 714 973 769 siccitatem
1025 727 1077 771 et
1138 717 1333 774 famem
1388 737 1449 775 ex
1504 739 1569 778 ea
1622 738 2019 783 consecutam:

445 804 680 872 Caelum,
721 806 927 876 inquit,
971 808 1223 875 videmus,
1265 812 1492 881 fratres,
1525 817 1750 882 durant,
1788 818 2020 882 nudum,

443 897 557 951 sine
586 898 833 963 nubibus,
879 902 1078 953 tristem
1113 902 1248 955 hanc
1283 905 1613 959 serenitatem
1646 923 1850 973 creant,
1897 925 2023 961 sua-

443 1002 542 1056 que
573 989 801 1055 puritate
832 990 1059 1060 affligens
1088 1008 1179 1045 nos
1205 1004 1224 1042 :
1255 1009 1411 1059 quant
1444 1003 1615 1049 tamen
1659 1007 1815 1050 antea
1872 997 2023 1050 valde

444 1078 803 1143 rupiebamus,
854 1098 971 1134 cunt
1022 1082 1113 1134 ditt
1162 1082 1382 1138 nubibus
1426 1085 1707 1139 obductum
1757 1086 2023 1140 induceret

445 1170 595 1223 nobis
628 1172 898 1235 tenebras,
936 1184 982 1225 et
1030 1174 1137 1228 sole
1184 1176 1430 1244 privaret.
1476 1176 1637 1231 Terra
1680 1188 1853 1231 autem
1906 1196 2023 1246 rer-

439 1279 600 1335 quam
631 1265 807 1330 arida,
837 1265 1127 1332 injucunda
1158 1275 1233 1318 est
1267 1276 1503 1336 aspectu,
1544 1279 1713 1338 segete
1743 1270 1937 1322 sterilis
1968 1279 2017 1323 et

441 1355 749 1423 infecunda,
784 1354 949 1409 scissa
987 1356 1214 1409 hiatibus
1240 1369 1287 1411 et
1323 1358 1583 1425 disrupta,
1612 1367 1659 1411 et
1686 1360 1740 1411 in
1780 1360 1898 1412 imis
1939 1361 2023 1413 sui

442 1447 684 1516 partibus
727 1444 984 1515 fulgentes
1027 1448 1154 1500 solis
1204 1448 1384 1501 radios
1417 1449 1698 1515 excipiens.
1731 1448 1927 1505 Fontes
1971 1462 2022 1505 et

441 1539 641 1605 capiosi
666 1548 714 1593 et
742 1554 990 1607 perennes
1026 1539 1325 1607 defecerunt
1366 1557 1480 1607 nos,
1514 1541 1800 1610 ingentium
1830 1544 2011 1612 ﬂumi-

445 1646 575 1683 num
594 1630 873 1698 absuntpta
897 1642 1016 1683 sunt
1046 1631 1268 1700 fluenta,
1299 1633 1448 1699 pueri
1480 1634 1685 1686 minimi
1712 1650 1772 1687 ea
1803 1634 2019 1702 pedibus

440 1730 730 1790 permeant,
765 1732 919 1792 atque
959 1733 1162 1777 onusta:
1204 1723 1445 1778 mulieres
1494 1726 1788 1794 trajiciunt.
1837 1725 2018 1795 Defuit

2126 541 2382 612 simulque
2425 561 2738 614 puerorum,
2773 551 2879 604 sive
2928 567 3298 605 conservorum
3337 569 3577 620 suorum,
3617 559 3674 611 ad

2125 649 2238 687 eam
2279 651 2386 688 rem
2419 653 2574 702 opera
2605 650 2772 702 utens.
2807 658 3096 710 pauperum
3143 659 3366 713 corpora
3404 656 3453 699 et
3491 648 3670 703 animos

2125 724 2372 792 curabat,
2422 729 2669 783 honorem
2722 747 2900 800 nempe
2942 748 3061 788 cum
3104 735 3400 788 necessario
3450 737 3672 793 alimento

2124 825 2451 882 connectens,
2480 828 2634 889 atque
2679 822 2913 890 ipsorum
2954 827 3310 878 calamitatem
3346 828 3580 897 utrinque
3611 828 3673 884 le-

2125 905 2295 959 niens.
2362 905 2459 960 llis
2515 910 2745 965 addebat
2796 912 2969 980 majus
3031 913 3394 983 beneficium,
3450 926 3505 972 et
3549 919 3672 987 ipsos

2123 994 2286 1048 etiam
2342 997 2552 1054 animos
2612 1002 2849 1060 etnlestis
2899 1005 3160 1061 doctrinae
3215 1005 3419 1076 pabulo
3484 1008 3671 1062 nutrie-

2123 1081 2186 1136 ba
2196 1093 2236 1139 t.

2194 1178 2281 1237 IV.
2324 1181 2448 1237 [late
2487 1183 2877 1239 confirmantur
2919 1201 2944 1240 a
2985 1186 3251 1257 Gregorio
3284 1188 3547 1260 Nysseno,
3594 1191 3672 1260 qui

2124 1270 2176 1324 in
2208 1271 2347 1327 libro
2376 1290 2393 1327 ι
2435 1275 2487 1327 in
2522 1276 2841 1329 Eunomium
2876 1276 2952 1349 (b)
2991 1287 3222 1333 testatur
3246 1279 3504 1335 Basilium
3530 1282 3672 1351 patri-

2124 1361 2361 1415 monium
2389 1372 2443 1415 et
2473 1372 2597 1418 ante
2624 1367 2990 1421 sacerdotium
3021 1367 3325 1424 liberaliter
3354 1371 3408 1425 in
3438 1386 3677 1441 pauperes

2121 1451 2370 1509 eﬂ‘udisse
2408 1473 2423 1511 :
2472 1464 2526 1509 et
2577 1457 2853 1527 pra-cipue
2893 1459 2947 1513 in
2997 1475 3228 1516 annonae
3274 1463 3525 1529 caritate,
3570 1478 3673 1519 cum

2122 1556 2385 1615 praeesset
2419 1548 2692 1612 Ecclesiae,
2727 1551 2904 1606 adhuc
2938 1552 2991 1606 in
3029 1555 3479 1625 presbyterorum
3508 1556 3674 1611 ordine

2122 1637 2434 1692 ministrans
2466 1652 2482 1692 :
2523 1654 2624 1694 nec
2654 1649 2840 1708 postea
2873 1657 3083 1709 eorum,
3115 1660 3239 1713 quae
3270 1645 3481 1715 reliqua
3516 1656 3671 1713 erant,

2122 1739 2343 1793 parcum
2391 1728 2559 1783 fuisse
2587 1744 2600 1781 :
2634 1730 2745 1802 Τὴν
2797 1731 3058 1804 πατρῷαν
3092 1735 3287 1788 οὐσίαν
3319 1736 3417 1788 καὶ
3457 1736 3557 1805 πρὸ
3588 1737 3672 1806 τῆς

439 1812 598 1864 ε.·ἰαηι
635 1812 899 1882 plerisque
930 1827 1167 1867 nostrum
1214 1823 1387 1883 potus,
1423 1833 1485 1869 ac
1516 1817 1568 1869 in
1596 1819 1814 1886 penuria
1842 1836 2008 1873 rerum

2124 1816 2444 1889 ἱερωσύνης,
2472 1820 2705 1889 ἀφειδῶς
2737 1824 3026 1889 ἀναλώσας
3062 1829 3176 1889 τοῖς
3208 1827 3433 1898 πένησι,
3463 1829 3552 1881 καὶ
3583 1829 3671 1899 μά-

440 1904 510 1957 ad
560 1905 719 1959 vitam
767 1907 1182 1960 necessariarum
1236 1924 1530 1964 versantur.
1582 1908 1843 1963 Israelin
1899 1910 2015 1964 n'ot'i

440 2012 628 2051 novum
668 1997 902 2069 Moysem
951 2010 997 2053 et
1054 2002 1251 2070 virgam
1316 2000 1644 2053 mirabilium
1705 2002 2012 2071 effectricem

437 2092 772 2161 conquirunt,
815 2102 867 2145 ut
910 2100 1072 2161 petrte
1107 2107 1290 2145 rursus
1320 2107 1582 2159 percussa:
1616 2093 1919 2146 necessitati
1954 2110 2015 2147 ac

435 2185 671 2252 penuria:
738 2183 963 2237 sitientis
1017 2182 1197 2251 papnli
1242 2184 1569 2247 medeantur,
1623 2194 1669 2236 et
1731 2184 2012 2238 insolentes

435 2275 679 2341 quaedam
721 2274 904 2339 nubes,
949 2274 1083 2327 roris
1126 2275 1183 2327 in
1228 2290 1447 2339 morem,
1483 2274 1744 2328 insuetum
1793 2275 2014 2330 alimen-

436 2374 549 2417 tum
583 2380 774 2418 manna
816 2364 1114 2419 hominibus
1154 2365 1450 2418 demittant.
1491 2364 1779 2419 Vereamur
1810 2383 1870 2421 ne
1911 2366 2015 2434 fia-

435 2471 553 2509 mus
579 2456 795 2524 posteris
829 2472 1016 2510 novunt
1042 2456 1199 2526 famis
1227 2466 1273 2510 et
1318 2456 1530 2511 muleta:
1556 2458 1868 2528 exemplum.
1896 2458 2011 2513 Vidi

434 2561 591 2615 agros
630 2554 680 2600 et
716 2547 960 2616 lacrgmis
994 2547 1171 2601 multis
1203 2546 1529 2602 sterilitatem
1578 2564 1761 2602 eorum
1797 2550 2007 2617 deflevi,

436 2651 651 2706 sumque
676 2635 1014 2703 lamentatus,
1040 2639 1180 2708 quod
1211 2638 1387 2692 nullus
1416 2639 1472 2691 in
1504 2654 1596 2692 nos
1623 2638 1788 2691 imber
1812 2640 2011 2707 effusus

435 2735 532 2781 est.
560 2726 774 2781 Semina
797 2729 1039 2798 quwdam
1068 2730 1298 2799 germine
1331 2730 1553 2784 necdum
1582 2731 1772 2783 emisso
1800 2745 2005 2796 aruere,

435 2815 565 2869 talia
597 2818 959 2885 permanentia
999 2819 1134 2873 inter
1165 2819 1365 2891 glebas,
1405 2820 1587 2891 qualia
1628 2828 1868 2874 aratrum
1915 2821 2007 2875 ob-

432 2916 678 2961 texerat:
708 2908 817 2962 alia
863 2909 1141 2976 paululum
1169 2912 1557 2980 prominentia,
1598 2923 1713 2980 post
1747 2915 2009 2984 germina—

433 2997 627 3050 tionem
655 2998 1025 3053 miserabiliter
1050 3012 1179 3055 testu
1206 3007 1257 3055 et
1281 3001 1470 3054 ardore
1499 3001 1733 3070 arefacta
1765 3014 1908 3070 sunt,
1932 3006 2007 3058 sic

431 3097 489 3140 ut
527 3090 690 3157 possit
728 3105 863 3142 nunc
901 3088 1093 3161 aliquis
1136 3090 1500 3145 convenienter
1542 3092 1679 3146 hanc
1732 3086 2013 3163 Evangelii
2038 3126 2079 3183 Ο

428 3194 607 3232 vocem
638 3179 911 3244 invertere,
936 3195 998 3233 ac
1025 3180 1196 3235 dicere
1230 3194 1250 3232 :
1283 3197 1302 3231 ι
1338 3178 1580 3248 ()perarii
1607 3181 1813 3251 quidem
1835 3182 2007 3252 multi,

431 3268 524 3322 sed
572 3271 753 3324 messis
785 3287 847 3325 ne
879 3286 1048 3339 pauca
1085 3271 1318 3342 quidem.
1355 3291 1373 3318 ι
1418 3270 1679 3342 Agricolte
1730 3284 1902 3328 autem
1953 3277 2010 3329 in

429 3361 573 3431 agris
622 3362 949 3429 desidentes,
992 3370 1041 3416 et
1075 3363 1318 3416 manibus
1370 3379 1541 3433 genua
1590 3364 1847 3433 complexi
1896 3366 2008 3435 (qui

429 3467 558 3506 sane
601 3451 886 3523 lugentium
914 3454 1125 3509 habitus
1158 3453 1277 3523 est),
1317 3453 1497 3507 inanes
1537 3470 1659 3508 suos
1688 3454 1888 3510 labores
1918 3458 2010 3511 de-

429 3540 665 3611 plorant,
700 3543 1032 3612 respicientes
1079 3544 1147 3597 ad
1182 3543 1410 3613 infantes
1454 3560 1665 3609 pueros,
1696 3560 1759 3597 ac
1811 3545 2010 3602 lamen-

429 3643 624 3701 tantes,
650 3643 699 3688 et
738 3634 905 3688 oculis
954 3635 1009 3689 in
1055 3651 1245 3690 uxores
1289 3635 1507 3689 intentis
1551 3637 1762 3704 ﬂentes,
1802 3640 2007 3694 contin-

430 3736 604 3799 gentes
636 3725 803 3779 siecas
834 3725 1046 3795 frugum
1076 3726 1264 3782 herbas
1294 3735 1340 3780 et
1371 3734 1774 3794 contrectantes,
1801 3728 2007 3785 edentes

429 3835 646 3891 magnos
675 3820 908 3890 ejulatus
953 3822 1167 3891 perinde
1213 3833 1367 3893 atque
1407 3829 1581 3889 patres
1620 3823 1750 3890 filiis
1789 3824 1898 3877 suis
1953 3828 2008 3879 in

431 3913 603 3968 artatis
638 3914 770 3981 flore
808 3913 1004 3967 orbati.

498 4003 700 4060 Malum
728 4005 1139 4075 ingravescebat
1167 4007 1285 4078 ipso
1312 4010 1668 4081 Cappadociae
1699 4016 1830 4083 situ,
1870 4033 1992 4088 quae

428 4112 552 4152 cum
600 4106 810 4152 remota
847 4098 918 4152 sit
964 4112 993 4150 a
1043 4100 1209 4166 mari,
1265 4116 1363 4156 nec
1411 4118 1474 4157 ea
1529 4105 1728 4174 quibus
1770 4110 2008 4165 abundat

427 4197 738 4259 esportare,
778 4204 877 4243 nec
904 4204 1025 4258 quae
1065 4191 1258 4244 desunt
1301 4192 1459 4247 facile
1506 4195 1765 4254 invehere
1795 4211 2002 4269 potest;

425 4280 520 4336 sed
554 4279 687 4335 nihil
721 4280 772 4333 itt
807 4280 889 4333 his
924 4279 1079 4334 malis
1109 4282 1401 4349 crudelius,
1431 4301 1592 4354 quant
1622 4290 1846 4344 divitum
1876 4307 2003 4347 ava-

425 4372 587 4437 ritia,
629 4372 720 4441 qui
770 4371 932 4425 veluti
986 4388 1192 4441 ungues
1226 4375 1446 4442 quidam
1486 4377 1537 4431 in
1583 4383 1773 4448 patriae
1821 4385 2003 4439 ulcere

2118 1906 2275 1962 λιστα
2307 1911 2363 1962 ὲν
2406 1911 2481 1981 τῷ
2510 1914 2608 1984 τῆς
2645 1915 2908 1978 σιτοδείας
2941 1915 3120 1988 καιρῷ
3150 1918 3276 1971 καθ’
3310 1918 3372 1971 ὃν
3411 1920 3671 1973 ἐπεστάτει

2116 2001 2217 2070 τῆς
2261 2002 2601 2075 Ἐκκλησίας,
2634 2006 2710 2058 ἔτι
2744 2008 2801 2060 ὲν
2828 2006 2904 2078 τῷ
2939 2007 3125 2079 κλήρῳ
3152 2010 3263 2065 τῶν
3310 2011 3672 2083 πρεσϐυτέρων

2118 2088 2411 2157 ἱερατεύων
2441 2091 2535 2143 καὶ
2567 2094 2704 2162 μετὰ
2731 2093 2923 2161 ταῦτα,
2953 2097 3089 2165 μηδὲ
3118 2098 3227 2151 τῶν
3260 2099 3675 2170 ὑπολειφθέντων

2116 2180 2461 2250 φεισάμενος.
2492 2180 2637 2237 Idem
2664 2184 2715 2237 in
2751 2195 2888 2239 orat.
2930 2188 2983 2239 in
3010 2187 3179 2242 Basil.
3212 2189 3282 2261 (c)
3314 2191 3397 2245 sic
3427 2192 3672 2262 loquitur:

2115 2269 2288 2339 Λιμοῦ
2332 2272 2441 2344 γάρ
2492 2290 2619 2326 ποτε
2664 2275 2902 2345 χαλεποῦ
2949 2281 3393 2345 καταπονοῦντος
3442 2273 3602 2355 αὐτήν
3624 2302 3673 2336 τε

2114 2360 2212 2431 τὴν
2273 2362 2425 2415 πόλιν
2488 2365 2545 2416 ἐν
2681 2366 3037 2438 διαιτώμενος
3092 2371 3384 2442 ἐτύγχανε,
3442 2375 3532 2426 καὶ
3582 2377 3672 2427 πᾶ-

2116 2469 2214 2507 σαν
2258 2455 2356 2524 τὴν
2402 2457 2765 2512 ὑποτελοῦσαν
2805 2463 2872 2531 τῇ
2920 2461 3072 2516 πόλει
3116 2463 3326 2534 χώραν,
3364 2465 3466 2530 τὰς
3502 2466 3677 2520 ἑαυτοῦ

2115 2542 2336 2613 κτήσεις
2373 2545 2727 2617 ἀποδόμενος,
2776 2550 2871 2602 uel.
2914 2553 2995 2614 εἰς
3040 2553 3252 2624 τροφὰς
3290 2555 3580 2626 διαμείψας
3617 2556 3672 2608 τὰ

2112 2635 2390 2705 χρήματα,
2435 2638 2523 2689 ὅτε
2567 2639 2790 2692 σπάνιον
2827 2635 2895 2710 ἦν
2933 2644 3188 2709 καὶτοὺς
3231 2647 3444 2719 σφόδρα
3486 2664 3668 2719 παρεσ-

2112 2728 2478 2798 κευασμένους
2502 2730 2779 2801 τράπεζαν
2804 2734 3016 2799 ἑαυτοῖς
3037 2739 3522 2811 παραστήσασθαι,
3543 2740 3672 2810 διήρ-

2111 2834 2270 2871 κεσεν
2302 2820 2507 2884 ἐκεῖνος
2536 2824 2594 2875 ἐν
2626 2824 2788 2877 παντὶ
2826 2824 2905 2895 τῷ
2938 2828 3118 2900 χρόνῳ
3145 2829 3242 2882 τοῦ
3281 2829 3447 2901 λιμοῦ
3481 2832 3672 2903 τρέφων

2110 2909 2236 2972 τούς
2278 2928 2336 2963 τε
2389 2914 2727 2985 πανταχόθεν
2781 2919 3135 2989 συρρέοντας,
3181 2923 3279 2976 καὶ
3324 2924 3427 2995 τὴν
3477 2925 3671 2979 νεολέαν

2112 3003 2311 3067 παντὸς
2336 3004 2430 3058 τοῦ
2456 3007 2519 3079 δή
2529 3025 2628 3078 μου
2658 3010 2757 3080 τῆς
2788 3012 3016 3079 πόλεως,
3046 3014 3123 3078 ὡς
3152 3018 3248 3070 καὶ
3272 3021 3394 3083 τοῖς
3417 3019 3523 3073 τῶν
3561 3020 3671 3072 ’Iov-

2110 3092 2271 3149 δαίων
2302 3098 2488 3152 παισὶν
2522 3100 2587 3152 ἐκ
2620 3101 2712 3154 τοῦ
2746 3103 2862 3156 ἴσου
2897 3107 3214 3177 προτιθέναι
3253 3110 3358 3180 τῆς
3385 3111 3667 3183 φιλανθρω-

2112 3186 2242 3248 πίας
2271 3187 2472 3259 ταύτης
2516 3190 2614 3262 τὴν
2650 3196 2969 3263 μετουσίαν.
3017 3197 3152 3253 Cum
3185 3201 3362 3269 fames
3404 3203 3670 3274 aliquando

2107 3280 2282 3348 gravis
2314 3281 2558 3352 affligeret
2595 3302 2713 3339 cum
2735 3289 2905 3357 ipsam
2931 3290 3195 3347 civitatem
3229 3295 3286 3347 in
3318 3311 3428 3365 qua
3458 3296 3671 3365 degebat,

2109 3384 2218 3426 tum
2250 3373 2510 3442 subjectos
2540 3377 2743 3431 civitati
2786 3395 2944 3449 agros
2979 3397 3176 3446 omnes,
3211 3386 3463 3453 proprias
3487 3402 3670 3454 posses-

2107 3463 2277 3517 siones
2313 3466 2560 3532 vendens,
2605 3478 2655 3521 et
2697 3468 2966 3526 alimentis
3007 3475 3296 3541 pecuniam
3330 3485 3668 3537 commutans.

2110 3564 2218 3607 tum
2249 3571 2370 3609 cum
2398 3571 2578 3611 rarum
2606 3567 2758 3625 esset,
2787 3568 2848 3614 ut
2889 3561 3077 3629 quibus
3105 3580 3191 3617 res
3221 3565 3356 3619 bene
3381 3565 3529 3620 lauta
3554 3575 3668 3629 erat,

2107 3657 2340 3696 mensam
2380 3644 2479 3697 sibi
2519 3658 2857 3716 opponerent,
2903 3666 3011 3703 non
3056 3653 3211 3706 desiit
3248 3653 3346 3708 ille
3393 3665 3500 3708 toto
3533 3655 3669 3721 [amis

2108 3737 2336 3798 tempore
2353 3731 2493 3786 alere
2513 3745 2561 3787 et
2581 3749 2667 3789 eos
2690 3738 2779 3806 qui
2806 3738 3037 3807 undique
3057 3743 3430 3811 conﬂuebant,
3457 3755 3506 3799 et
3527 3743 3665 3798 totius

2104 3823 2280 3893 populi
2302 3822 2531 3879 civitatis
2561 3826 2905 3897 iuventutem,
2928 3837 3008 3886 ita
3046 3843 3105 3887 ut
3133 3846 3180 3887 et
3208 3834 3526 3890 Judreorutu
3546 3835 3668 3905 ﬁlios

2107 3926 2257 3974 requa
2285 3924 2434 3981 parte
2457 3914 2614 3985 hujus
2644 3918 2991 3976 humanitatis
3016 3922 3334 3994 impertiret.

2176 4004 2235 4059 In
2267 4015 2496 4077 utroque
2529 4009 2759 4080 Nysseni
2787 4012 3202 4083 interpretando
3230 4020 3542 4075 testimonio
3577 4033 3668 4073 non

2105 4097 2521 4154 accuratissime
2574 4113 2822 4158 versatur
2869 4105 3272 4165 Tillemontius.
3328 4111 3494 4165 Putat
3539 4111 3665 4166 enim

2105 4182 2383 4253 Basilium,
2420 4203 2541 4243 cum
2587 4190 2746 4248 initio
2776 4209 3025 4252 secessus
3055 4199 3315 4254 nonnulla
3352 4202 3457 4257 sibi
3489 4216 3553 4256 ex
3577 4215 3661 4270 pa-

2107 4278 2275 4331 ternis
2303 4279 2516 4347 prrediis
2542 4296 2891 4352 reservasset,
2915 4302 2979 4342 ea
3007 4290 3059 4342 in
3088 4304 3364 4359 pauperes
3390 4292 3665 4347 liberaliter

2104 4365 2358 4422 eﬂ'udisse
2402 4368 2456 4422 in
2506 4386 2712 4427 summa
2760 4390 3003 4443 annonae,
3041 4379 3298 4433 caritate.
3360 4383 3432 4436 At
3483 4382 3532 4436 id
3573 4396 3662 4435 non

425 4477 548 4519 esse
593 4466 785 4523 solent,
834 4476 898 4515 ac
953 4472 1254 4531 temporum
1304 4466 1645 4526 difﬁcultates
1681 4473 1991 4538 observare,
2032 4463 2075 4517 Ῐ)
2102 4459 2231 4512 die“
2274 4458 2570 4530 Nyssenuss
2618 4463 2877 4519 Βίιδὶιῑυηι
2930 4478 3245 4525 τοδοΐνειῑειε
3276 4472 3385 4528 sibi
3426 4475 3493 4527 ab
3531 4472 3665 4525 ίηίιῖο

426 4561 488 4603 ut
516 4564 583 4602 ex
613 4548 840 4618 publicis
867 4550 1123 4604 aerumnis
1165 4565 1294 4620 opes
1337 4569 1465 4608 suas
1503 4570 1751 4625 augeant.
1780 4561 1850 4615 At
1894 4563 1996 4617 Ba»

426 4639 601 4703 silius,
649 4654 771 4693 cum
826 4640 1072 4694 oratione
1122 4656 1220 4695 sua
1270 4654 1323 4697 et
1378 4647 1753 4706 cohortatione
1810 4669 1993 4709 eorum

424 4729 726 4799 aperuisset
774 4728 1006 4794 horrea,
1061 4731 1140 4786 sic
1189 4736 1537 4804 pauperibus.
1606 4750 1742 4797 teste
1792 4744 1993 4814 Grego-

424 4825 505 4878 rio
531 4822 626 4894 (α),
654 4823 905 4877 subvenit
932 4839 947 4876 :
974 4821 1105 4876 Cum
1130 4841 1237 4891 eos,
1268 4843 1396 4896 quos
1421 4829 1585 4897 fames
1611 4833 1995 4905 vulneraverat,

421 4915 475 4970 in
523 4929 684 4967 unum
730 4916 999 4983 coegisset,
1033 4917 1309 4971 nonnullos
1362 4921 1516 4972 etiam
1567 4926 1812 4987 spiritum
1859 4945 1995 4997 argre

420 5002 699 5067 trahentes,
729 5003 885 5066 viros,
926 5004 1174 5072 feminas,
1205 5023 1413 5074 pueros,
1446 5026 1612 5079 senes,
1648 5016 1991 5072 miserabilem

418 5109 627 5148 omnem
655 5101 878 5157 aetatem,
909 5094 1084 5148 omnia
1114 5095 1348 5150 ciborum
1374 5114 1583 5167 genera,
1611 5103 1799 5173 quibus
1828 5108 1991 5175 fames

417 5183 606 5250 depelli
668 5182 831 5245 solet,
884 5199 1204 5252 corrogans,
1258 5198 1412 5257 atque
1463 5190 1597 5244 ollas
1636 5193 1988 5263 leguminum,

416 5273 646 5343 salsique
679 5276 926 5328 nostratis
956 5275 1157 5329 obsonii
1194 5289 1242 5332 et
1284 5279 1354 5332 ad
1398 5280 1670 5338 levandam
1703 5303 1990 5356 pauperum

418 5365 613 5431 famem
673 5365 1052 5419 accommodati
1102 5368 1282 5437 plenas
1331 5387 1657 5441 proponens,
1701 5394 1763 5430 ac
1806 5379 1991 5435 deinde

418 5451 648 5521 Christi,
694 5455 784 5525 qui
834 5454 993 5508 linteo
1039 5457 1353 5524 praecinctus
1403 5464 1778 5535 discipulorum
1837 5473 1989 5539 pedes

493 5661 570 5718 la‘
611 5662 739 5717 Nae.
768 5680 850 5721 or.
880 5667 969 5722 20.

491 5730 567 5804 (b)
605 5733 758 5789 Tom.
787 5735 847 5804 ll,
875 5755 925 5809 [ι.
960 5740 1086 5795 507.

2103 4562 2350 4604 secessus
2393 4553 2760 4618 possessiones
2791 4558 3118 4613 vendidisse.
3157 4560 3337 4632 Supra
3373 4561 3661 4618 observavi-

2104 4656 2223 4695 mus
2258 4641 2391 4695 nihil
2432 4657 2551 4697 eum
2599 4645 2699 4699 sibi
2746 4648 3008 4716 reliquum
3063 4666 3292 4719 prorsus
3323 4654 3533 4721 fecisse,
3580 4653 3661 4708 sed

2104 4732 2292 4786 matris
2320 4743 2510 4799 morte,
2535 4750 2653 4804 quae
2680 4737 2729 4789 in
2757 4739 2871 4805 ipsa
2897 4754 3127 4796 annona:
3171 4745 3409 4800 caritate
3434 4745 3657 4815 contigit,

2101 4824 2358 4877 nonnulla
2388 4825 2453 4878 ad
2482 4842 2604 4880 eum
2638 4829 2773 4881 bona
2817 4832 3065 4898 rediisse,
3097 4849 3217 4903 qua:
3260 4845 3394 4890 tunc
3430 4851 3656 4908 percom-

2100 4914 2258 4968 mode
2292 4914 2345 4967 iu
2377 4930 2506 4970 usus
2535 4930 2828 4986 pauperum
2854 4935 3161 4979 cesserunt.
3189 4925 3328 4981 Cum
3366 4940 3543 4983 autem
3571 4942 3655 4981 usu

2096 5005 2327 5071 eveniat,
2357 5017 2415 5059 ut
2440 5022 2630 5076 magna
2656 5011 2943 5067 baereditas
2981 5031 3088 5070 nou
3120 5018 3310 5073 statim
3343 5028 3458 5075 tota
3493 5019 3653 5089 perci-

2094 5098 2292 5162 piatur,
2328 5098 2451 5152 inde
2485 5098 2686 5155 factum
2716 5113 2820 5171 est,
2846 5114 2904 5160 ut
2934 5117 3058 5175 post
3105 5108 3278 5178 ipsam
3310 5111 3510 5165 famem
3538 5126 3655 5164 nan—

2096 5191 2239 5244 nulla
2266 5190 2463 5245 Basilio
2488 5197 2936 5272 superessent,_in
2969 5199 3170 5268 quibus
3198 5201 3510 5272 erogandis,
3538 5209 3655 5256 teste

2094 5283 2363 5352 Nysscno,
2404 5285 2723 5340 charitatem
2765 5270 2917 5343 suam
2957 5292 3289 5349 declararet.

2163 5375 2321 5430 Aliud
2346 5385 2428 5429 est
2452 5376 2502 5429 in
2528 5394 2634 5446 quo
2660 5378 3002 5439 Tillemontio
3025 5388 3280 5442 assentiri
3306 5406 3413 5446 non
3431 5405 3648 5462 possum.

2094 5468 2236 5522 Duas
2295 5466 2462 5519 fames
2513 5466 2816 5537 distinguit,
2865 5476 3116 5542 quamvis
3167 5493 3275 5533 una
3329 5495 3551 5550 prorsus
3593 5478 3653 5533 ab

2169 5680 2237 5751 (c)
2278 5679 2428 5737 Tom.
2461 5679 2545 5747 ΠΙ,
2571 5695 2623 5751 p.
2655 5678 2775 5734 49!.
