3820 6210
1477 317 1634 373 VlTA
1678 317 1734 372 S.
1778 316 2041 373 BASlLll.

3258 334 3384 378 XLIX

138 444 367 501 utroque
391 432 654 503 Gregorio
681 432 1040 488 describatur.
1076 431 1269 487 Incidit
1297 432 1345 486 ei
1380 434 1494 487 haec
1517 433 1701 501 opinio
1735 438 1777 491 Α
1809 432 1979 499 prima
2007 430 2107 501 (ά),
2140 446 2258 501 quze
2292 432 2539 487 veniente
2569 432 2747 486 hieme
2776 432 2976 503 scripta
3001 441 3102 496 est,
3134 435 3200 489 de
3240 435 3385 489 fame

134 540 197 577 ex
229 522 315 578 his
347 524 526 577 verbis
564 522 822 594 Nysseni,
855 522 983 578 Cum
1017 523 1182 593 fames
1212 520 1499 592 aliquando
1528 522 1704 591 gravis

130 613 373 684 ejiigeret
405 629 524 665 cum
557 613 728 682 ipsam
772 613 1035 666 civitatem
1074 612 1131 665 in
1173 628 1278 681 qua
1324 610 1562 680 degebat,
1594 619 1704 662 tum

127 704 390 774 subjectos
415 706 622 758 civitati
647 720 806 775 agros
830 720 1028 768 omnes,
1055 711 1161 758 etc.
1188 702 1318 757 Inde
1343 701 1549 783 colligit
1570 700 1707 773 Nys-

128 810 341 860 senum,
396 812 562 866 quem
612 796 875 852 Caesareae
918 796 1153 851 locutum
1196 804 1369 866 putat,
1420 811 1526 850 non
1566 797 1706 850 hanc

128 887 406 941 civitatem
439 888 527 943 his
548 889 755 954 verbis,
784 889 877 944 sed
903 888 1063 942 aliam
1093 902 1320 958 prorsus
1348 888 1699 960 designasse;

125 992 187 1031 ac
232 981 467 1048 proinde
509 981 782 1050 duplicem
834 979 1267 1051 distinguendam
1302 996 1420 1036 esse
1479 981 1700 1048 famem,

125 1084 356 1138 quarum
393 1070 569 1126 altera
617 1071 879 1126 Caesareae
915 1087 981 1126 ex
1022 1071 1392 1139 Nazianzeno,
1422 1073 1611 1139 {altera
1648 1074 1702 1128 in

123 1162 225 1216 alia
265 1164 510 1230 civitate,
541 1163 680 1219 forte
723 1164 957 1219 lborensi
992 1165 1045 1219 in
1080 1165 1273 1233 Ponto,
1304 1166 1564 1237 praeclare
1616 1165 1701 1222 fa-

124 1252 226 1307 ctis
262 1251 453 1308 Basilii
481 1255 766 1309 materiam
798 1255 964 1310 dedit.

191 1344 298 1401 Sed
326 1349 485 1418 longe
508 1349 676 1404 satius
701 1359 785 1403 est
812 1349 1133 1404 concludere
1159 1363 1225 1404 ex
1251 1350 1336 1406 his
1364 1351 1539 1406 verbis
1566 1348 1696 1422 Nys-

122 1438 256 1502 seni,
291 1438 558 1491 civitatem
586 1440 640 1492 in
663 1455 767 1509 qua
794 1438 1033 1509 degebat,
1061 1439 1203 1492 hanc
1233 1440 1537 1494 orationem
1580 1438 1697 1493 Cas-

121 1542 287 1582 sareze
324 1527 570 1581 habitam
602 1543 706 1582 non
742 1527 930 1593 fuisse,
970 1542 1132 1597 quam
1185 1543 1299 1582 rem
1349 1527 1696 1583 manifestam

118 1627 175 1672 et
192 1618 533 1687 exploratam
554 1619 607 1674 in
626 1619 846 1675 dubium
867 1633 1144 1674 revocare.
1169 1617 1284 1673 Una
1309 1619 1452 1673 enim
1477 1619 1698 1673 omnino

120 1708 285 1765 fames
334 1710 406 1764 ab
450 1721 682 1780 utroque
727 1711 996 1782 Gregorio
1047 1721 1399 1766 memoratur.
1454 1712 1696 1776 Uterque

1813 526 1893 578 sic
1937 524 2175 595 loquitur
2222 524 2471 589 Basilius,
2515 534 2571 578 ttt
2617 524 2683 578 de
2721 525 3030 579 calamitate
3066 526 3382 595 jamdudum

1814 613 2045 681 incmpta
2090 629 2153 668 ac
2193 613 2419 669 fortasse
2464 613 2610 669 brevi
2659 614 2894 667 desitura
2931 634 2944 669 :
3005 617 3057 668 in
3104 614 3274 669 altera
3306 614 3385 687 (e)

1813 705 1913 756 sub
1945 705 2103 757 tinent
2135 705 2327 759 hiemis
2352 704 2550 773 scripta
2586 704 2798 758 nuntiat
2825 720 2886 761 se
2909 706 3377 776 occupationibus,

1812 810 1950 865 quas
1981 795 2270 849 exhibebat
2297 795 2484 861 fames,
2512 795 2687 850 adhuc
2714 797 2941 851 detineri
2968 815 2981 850 :
3010 798 3061 850 in
3095 798 3253 852 tertia
3280 798 3377 869 (Ι),

1812 901 1930 957 qua:
1957 886 2191 956 depulsis
2216 887 2469 941 omnibus
2497 886 2689 941 hiemis
2730 886 3086 942 incommodis
3114 889 3238 942 data
3273 897 3380 953 est,

1812 979 2049 1033 nondum
2097 976 2548 1034 famcm'dcsiisse
2572 978 2831 1032 declarat.
2872 978 3104 1034 Necesse
3136 992 3220 1034 eSt
3249 993 3385 1048 ergo

1810 1084 1976 1122 unum
2019 1069 2211 1122 saltem
2252 1084 2452 1122 annum
2500 1069 2552 1122 in
2594 1068 2681 1122 his
2713 1069 2969 1122 terumnis
3003 1077 3379 1138 consumptum

1808 1176 1950 1216 esse.
1985 1161 2102 1214 Dixi
2133 1176 2297 1214 unum
2324 1159 2549 1225 saltem;
2585 1176 2708 1213 nam
2739 1175 2859 1213 cum
2890 1160 3086 1213 hiemis
3110 1159 3381 1214 acerbitas

1808 1260 1862 1306 et
1889 1253 2032 1307 veris
2066 1253 2285 1306 siccitas
2311 1252 2415 1305 hoc
2457 1250 2656 1305 malum
2689 1251 3004 1316 attulerint,
3034 1266 3138 1305 non
3177 1251 3380 1319 impro-

1810 1345 1989 1399 babile
2017 1354 2121 1411 est,
2153 1344 2336 1398 statim
2364 1351 2527 1413 atque
2566 1356 2690 1412 spes
2719 1342 2917 1397 futurae
2952 1343 3143 1398 messis
3175 1341 3373 1410 ablata,

1808 1437 2006 1490 famem
2038 1447 2282 1491 exortam
2312 1451 2454 1491 esse.

1877 1527 2077 1583 Narrat
2104 1528 2242 1581 hanc
2283 1528 2481 1580 famem
2516 1524 2811 1595 Gregorius
2850 1522 3224 1579 Nazianzenus
3255 1531 3377 1593 post

1805 1617 1987 1672 Basilii
2018 1633 2139 1672 cum
2167 1617 2401 1671 Eusebio
2426 1616 2920 1671 reconciliationem
2947 1623 3001 1669 et
3024 1623 3149 1669 ante
3175 1615 3380 1684 episco-

1805 1719 2011 1781 patum.
2058 1709 2162 1765 Sed
2199 1726 2308 1781 quo
2356 1710 2696 1780 potissimum
2742 1723 2884 1762 anno
2922 1708 3203 1772 acciderit,
3233 1708 3379 1761 haud

115 1800 283 1865 illam,
312 1810 377 1854 ut
403 1801 566 1872 longe
592 1803 988 1858 atrocissimam
1025 1803 1305 1877 describit.
1350 1802 1550 1857 Nititur
1586 1803 1696 1857 Til-
1728 1795 1770 1848 Β
1807 1801 1880 1855 ita
1913 1799 2073 1854 facile
2116 1808 2199 1855 est
2236 1799 2552 1869 dijudicare.
2605 1797 2762 1852 Nullo
2806 1790 3126 1867 argumento
3173 1799 3369 1852 nititur

116 1891 408 1947 iemontius
453 1893 543 1948 his
574 1893 759 1948 verbis
804 1893 960 1964 (pag.
1002 1892 1145 1965 495)
1181 1911 1194 1948 :
1233 1891 1419 1948 Servat
1447 1894 1697 1963 populum

117 1981 326 2054 Moyses
356 2001 390 2037 α
417 1993 648 2054 tyranno
676 1984 975 2039 liberatum.
1007 1982 1175 2038 Paria
1195 1986 1259 2039 de
1280 1994 1458 2039 nostro
1486 1984 1700 2055 legisla-

114 2084 222 2127 tore
264 2083 506 2128 testatur
556 2075 642 2128 hic
700 2074 946 2144 populus,
995 2091 1149 2145 quem
1198 2092 1290 2144 per
1342 2078 1699 2130 sacerdotium

112 2164 259 2217 duxit
292 2167 367 2219 ad
405 2165 511 2219 Dei
554 2166 976 2234 promissionem.
1011 2164 1117 2219 Sed
1145 2180 1467 2234 quocunque
1496 2165 1549 2219 in
1580 2165 1700 2222 loco

115 2254 277 2309 fuerit
316 2256 629 2325 Nyssenus,
676 2257 875 2327 potuit,
917 2256 1112 2326 populo
1152 2257 1526 2322 monstrando,
1579 2256 1699 2326 ple-

112 2348 234 2401 bem
266 2361 298 2400 a
328 2345 541 2401 Basilio
567 2349 926 2416 gubernatam
977 2345 1283 2415 designare.
1334 2344 1699 2412 Quemadmo-

111 2435 237 2489 dum
294 2435 506 2489 ibidem
557 2436 683 2511 dum
736 2434 814 2488 ait
858 2433 1113 2487 Basilium
1162 2432 1395 2486 urbanos
1440 2431 1698 2486 tumultus

107 2537 156 2580 et
182 2526 501 2581 materiales
528 2525 622 2581 hos
666 2525 922 2579 tumultus
954 2526 1179 2593 fugisse,
1221 2539 1447 2581 necesse
1479 2541 1585 2580 non
1615 2537 1699 2582 est

110 2628 170 2672 ut
192 2618 471 2673 Caesareae
493 2617 679 2672 fuerit.
711 2616 883 2672 Porro
914 2617 967 2671 in
992 2618 1095 2672 hac
1117 2618 1365 2672 oratione
1396 2617 1528 2672 nihil
1550 2618 1695 2673 aliud

111 2711 376 2773 occurrit,
402 2726 471 2765 es
502 2725 610 2779 quo
629 2710 776 2764 illam
804 2707 1066 2764 Caesareae
1100 2708 1343 2763 habitam
1371 2709 1689 2779 suspiceris,

111 2801 364 2869 quamvis
404 2801 583 2853 multa
630 2798 894 2868 ejusmodi
928 2813 1217 2855 occurrere
1261 2799 1599 2863 debuissent,
1647 2804 1694 2855 si

111 2891 487 2947 timarienses
513 2891 782 2946 allocutus
823 2891 1018 2947 fuisset
1053 2890 1348 2961 Nyssenus.
1389 2892 1693 2959 Quinetiam

111 2998 232 3037 cum
260 2985 342 3039 ait
372 3000 435 3039 se
467 2985 699 3054 patriam
722 2983 907 3038 Basilii
938 2997 1365 3038 commemorare
1397 2982 1559 3047 nolle,
1587 2997 1694 3036 non

111 3074 326 3129 videtur
355 3076 413 3129 in
445 3077 551 3131 hac
575 3075 691 3146 ipsa
723 3075 898 3147 patria
922 3074 1090 3145 loqui.
1114 3066 1249 3129 Vide
1275 3073 1416 3129 infra
1448 3089 1570 3144 cap.
1600 3073 1691 3139 23,

108 3182 163 3220 n.
200 3166 254 3222 6.

176 3256 473 3313 Summam
515 3257 999 3313 animadvertimus
1044 3257 1499 3314 necessitudinem
1552 3257 1694 3312 inter

106 3352 413 3406 orationem
444 3350 635 3406 Basilii
672 3352 738 3406 de
770 3349 911 3405 fame
941 3360 995 3406 et
1032 3351 1280 3406 siccitate
1306 3360 1360 3406 et
1385 3366 1449 3405 ea
1476 3366 1596 3421 quae
1624 3352 1692 3407 ab

107 3452 336 3512 utroque
379 3442 651 3513 Gregorio
680 3452 992 3498 narrantur.
1020 3441 1127 3498 Sed
1156 3451 1334 3498 tamen
1368 3443 1423 3496 in
1457 3443 1560 3497 hac
1588 3442 1690 3497 ho-

109 3535 254 3587 milia
305 3534 533 3589 videtur
575 3533 676 3588 sibi
719 3532 1094 3589 Tillemontius
1137 3542 1292 3588 netas
1345 3533 1693 3603 episcopatus

106 3622 446 3695 perspicere,
474 3625 601 3695 quia
624 3624 859 3680 Basilius
875 3625 954 3680 sic
976 3625 1250 3680 auditores
1276 3625 1561 3695 compellat
1577 3624 1689 3698 (a):

108 3715 233 3769 Filii
283 3718 415 3782 mei,
465 3732 598 3787 quos
644 3732 737 3784 per
759 3715 1103 3786 Evangelium
1150 3716 1328 3786 genui,
1379 3732 1509 3786 quos
1554 3715 1691 3771 velut

108 3805 287 3873 fasciis
324 3822 427 3876 per
479 3821 737 3859 manuum
788 3804 1194 3859 benedictionem
1231 3804 1446 3860 involvi.
1487 3803 1555 3857 Et
1603 3804 1690 3858 in-

110 3896 185 3950 fra
215 3896 295 3971 (b)
324 3915 339 3951 :
376 3897 553 3950 Pauci
582 3912 783 3950 mecum
812 3907 1118 3965 precantur.
1151 3894 1256 3951 Sed
1295 3896 1422 3965 quid
1469 3896 1693 3966 impedit

109 3991 401 4051 quominus
441 3990 559 4043 haec
600 3988 883 4059 presbyter
915 3987 1111 4042 dixerit
1140 3986 1394 4052 Basilius,
1428 3987 1520 4055 qui
1554 3988 1694 4041 inter

108 4083 482 4138 Cesarienses
510 4082 774 4137 ecclesias
806 4096 968 4135 unam
993 4081 1262 4150 prtecipue
1285 4080 1690 4149 gubernandam

107 4174 444 4244 acceperat?
490 4172 571 4227 Ita
623 4173 875 4240 congruit
926 4172 1042 4227 lucc
1095 4171 1317 4227 homilia
1368 4186 1488 4226 cum
1531 4169 1692 4226 famis

108 4277 353 4337 tempore
384 4280 418 4319 a
448 4264 731 4335 Gregoriis
759 4274 1012 4329 narratae,
1045 4273 1104 4318 ut
1144 4256 1523 4318 Tillemontius
1573 4260 1694 4315 nul-

106 4357 213 4411 lum
244 4359 295 4412 ei
350 4367 576 4426 tempus
603 4356 849 4412 invenire
886 4355 1080 4426 possit,
1124 4369 1192 4409 ne
1232 4368 1434 4409 annum
1460 4352 1692 4421 .quidem

105 4448 231 4512 574,
260 4463 377 4519 quo
400 4448 566 4501 aliam
594 4446 792 4501 famem
819 4448 1110 4517 contigisse
1143 4446 1455 4514 existimat;
1491 4444 1691 4499 frustra
1724 4471 1769 4526 ι)

103 4536 247 4588 enim
279 4534 598 4590 referretur
626 4536 692 4589 ad
720 4534 847 4588 illud
872 4535 1133 4590 siccitatis
1168 4545 1399 4602 tempus,
1445 4548 1553 4602 quo
1588 4534 1691 4587 Ba-

102 4627 278 4690 silius,
310 4636 461 4681 teste
498 4625 738 4696 Nysseno
768 4626 864 4696 (c),
890 4627 1117 4681 imbrem
1148 4627 1402 4695 precibus
1432 4626 1690 4696 impetra-

102 4720 197 4773 vit.
225 4720 391 4774 Tunc
442 4720 587 4773 enim
625 4720 769 4773 nulla
795 4734 893 4790 spe
917 4719 1133 4789 frugum
1169 4729 1481 4791 apparente,
1504 4734 1694 4789 preces

103 4810 287 4865 Basilii
315 4810 702 4876 obtinuerunt,
733 4820 795 4865 ut
824 4812 1023 4865 malum
1059 4812 1198 4867 ultra
1231 4812 1406 4866 minas
1435 4826 1542 4865 non
1569 4825 1694 4881 pro-

105 4906 454 4969 grederetur.
495 4906 568 4956 At
610 4902 661 4955 in
688 4903 908 4957 homilia
941 4904 1005 4958 de
1040 4903 1181 4957 fame
1207 4914 1263 4957 et
1297 4903 1546 4957 siccitate
1592 4917 1686 4956 ca-

106 4994 321 5053 lamitas
350 4992 549 5047 eadem
577 4992 925 5057 describitur,
956 5007 1019 5048 ac
1052 4993 1195 5053 apud
1222 5003 1512 5052 utrumque
1548 4989 1687 5047 Gre-

107 5083 319 5152 gorium
330 5123 345 5137 .

172 5176 240 5230 V.
284 5176 436 5230 Toto
479 5189 622 5229 anno
672 5174 1041 5231 calamitatem
1082 5172 1439 5243 perdurasse,
1488 5173 1541 5227 id
1588 5182 1691 5239 est,

107 5265 173 5318 ab
218 5276 422 5322 testate
463 5280 634 5335 usque
676 5268 743 5321 ad
775 5268 901 5321 anni
945 5264 1223 5337 sequentis
1253 5273 1521 5330 aestatem,
1567 5279 1694 5333 per-

109 5359 370 5426 spicimus
434 5370 501 5410 ex
558 5359 730 5414 tribus
768 5357 955 5416 Basilii
971 5376 987 5430 ε
1017 5354 1283 5428 epistolis,
1337 5346 1566 5424 quarum
1629 5354 1686 5409 in

176 5536 257 5605 (et)
297 5537 364 5590 N.
400 5537 454 5600 l,
491 5552 546 5603 ιι.
576 5536 666 5591 62.

176 5610 255 5674 (ιι)
295 5607 359 5672 u.
396 5608 451 5670 5,
493 5622 547 5673 p.
580 5608 668 5659 et.

180 5680 253 5741 (ί)
293 5675 391 5732 Or.
418 5680 475 5729 in
503 5676 674 5732 Basil.

180 5752 260 5816 (tt)
301 5748 399 5815 Ep.
430 5746 523 5800 27.

1720 3124 1764 3182 C

1800 1890 2081 1958 Barouius,
2120 1905 2217 1945 cur
2238 1904 2357 1944 eam
2392 1891 2459 1943 ad
2488 1903 2688 1943 annum
2723 1888 2825 1943 567
2856 1888 3081 1954 referat,
3111 1888 3215 1943 nisi
3246 1888 3371 1943 inu-

1800 1983 1959 2035 sitata
2005 1980 2094 2034 illa
2136 1990 2191 2035 et
2232 1979 2503 2049 lapidibus
2529 1981 2693 2034 simili
2736 1979 3020 2050 grandine,
3069 1993 3190 2048 quae
3229 1978 3373 2034 Con-

1800 2057 2149 2139 stantinopoli
2199 2079 2255 2125 et
2292 2069 2412 2124 aliis
2466 2068 2521 2122 in
2566 2068 2699 2124 locis
2749 2069 2937 2124 eodem
2987 2082 3132 2123 anno
3173 2068 3374 2123 cecidit

1801 2176 1984 2216 mense
2010 2160 2150 2216 Julio
2186 2161 2426 2216 ineunte.
2477 2162 2547 2218 At
2592 2161 2785 2226 fames,
2823 2173 2943 2228 quae
2969 2159 3372 2227 Cappadociam

1800 2251 2005 2319 amisit,
2051 2266 2118 2306 ex
2148 2252 2350 2321 frigore
2391 2260 2445 2307 et
2471 2251 2724 2307 siccitate
2758 2249 3048 2318 repetenda
3077 2256 3184 2315 est,
3217 2258 3276 2329 ut
3303 2262 3373 2303 ex

1800 2340 2121 2395 testimoniis
2185 2357 2347 2410 supra
2405 2342 2583 2396 allatis
2645 2340 2881 2410 perspici
2953 2350 3151 2409 potest.
3202 2338 3373 2394 Multo

1798 2432 1974 2502 aptius
2007 2432 2291 2486 calamitas
2318 2432 2555 2487 refertur
2591 2433 2657 2486 ad
2683 2447 2883 2486 annum
2913 2431 3036 2486 568.
3076 2431 3191 2485 Non
3222 2430 3369 2485 enim

1798 2521 2051 2576 convenit
2093 2537 2268 2576 anuus
2316 2520 2441 2583 566,
2489 2521 2615 2591 quia
2644 2521 2975 2575 Athanasius
3013 2519 3368 2589 Ancyranus,

1797 2613 1886 2681 qui
1916 2613 2127 2683 vigente
2154 2612 2354 2667 dudum
2388 2612 2530 2667 fame
2558 2623 2802 2666 mortuus
2828 2620 2934 2675 est,
2964 2610 3198 2665 concilio
3224 2607 3369 2679 Tya-

1796 2704 1950 2757 nensi
1985 2703 2229 2757 interfuit
2268 2719 2411 2757 anno
2441 2703 2567 2758 567.
2602 2702 2907 2769 Quinetiam
2928 2703 3030 2756 hoc
3053 2700 3371 2764 concilium,

1796 2797 1883 2850 cui
1915 2796 2131 2866 pra-fuit
2167 2797 2435 2852 Eusebius
2466 2796 2842 2861 Caesariensis,
2881 2795 3023 2849 inter
3064 2795 3221 2849 famis
3249 2809 3368 2849 mo-

1794 2886 1981 2965 lestias
2010 2901 2152 2942 anno
2194 2887 2294 2941 567
2337 2887 2422 2940 vix
2472 2887 2588 2956 cogi
2619 2885 2901 2954 potuisset.
2933 2883 3202 2938 Prmterea
3240 2882 3368 2938 Em-

1796 2978 1954 3033 melia
2003 2986 2283 3049 grassante
2324 2977 2467 3031 fame
2512 2991 2576 3031 ac
2621 2976 2780 3045 paulo
2823 2984 2950 3029 ante
2996 2974 3370 3044 episcOpatum

1794 3067 2001 3135 Basilii,
2034 3077 2170 3122 teste
2200 3066 2443 3137 Nysseno
2472 3064 2569 3135 (ῃ),
2605 3074 2816 3119 mortua
2854 3073 2956 3119 est.
2986 3061 3164 3131 Quare
3193 3062 3362 3116 fames

1801 3159 1868 3213 ab
1897 3158 2242 3213 ordinatione
2269 3157 2328 3212 ὃ.
2361 3155 2544 3209 Basilii
2591 3170 2697 3208 non
2748 3158 2975 3209 multum
3015 3153 3366 3209 removenda.

1798 3246 1985 3317 Neque
2008 3246 2170 3301 etiam
2216 3247 2390 3302 serius
2420 3260 2562 3299 anno
2593 3244 2696 3299 568
2730 3243 2899 3300 fames
2948 3244 3193 3316 contigit.
3234 3244 3369 3298 Nam

1798 3338 2027 3393 Basilius
2053 3337 2384 3407 gravissimis
2410 3335 2557 3391 curis
2587 3337 2801 3389 tandem
2840 3336 3121 3404 expeditus
3166 3334 3224 3392 S.
3258 3335 3375 3391 Eu-

1799 3429 2004 3485 sebium
2034 3429 2467 3483 Samosatensem
2493 3427 2692 3480 invisit.
2719 3425 2789 3479 At
2810 3426 2861 3480 id
2884 3427 2931 3479 ei
2957 3427 3227 3496 integrum
3258 3442 3365 3482 non

1798 3524 2012 3586 fuisset,
2051 3523 2094 3576 si
2140 3521 2312 3576 fames
2348 3535 2488 3574 anno
2516 3518 2620 3573 569
2650 3527 2838 3572 exorta
2870 3528 3034 3572 esset.
3068 3517 3184 3572 Non
3218 3519 3363 3571 enim

1799 3614 2067 3675 desiisset,
2098 3611 2196 3665 nisi
2229 3612 2328 3666 sub
2359 3618 2600 3664 testatem
2625 3609 2750 3662 anni
2778 3608 2884 3664 570
2921 3607 3081 3677 paulo
3104 3616 3228 3661 ante
3264 3621 3359 3661 or-

1798 3706 2127 3760 dinationem
2158 3703 2362 3758 Basilii.
2392 3702 2507 3770 Quo
2532 3712 2774 3770 tempore
2796 3715 2919 3754 eum
2957 3700 3239 3756 Samosata
3271 3713 3374 3769 pc-

1800 3798 1949 3853 tiisse
1974 3811 2132 3852 nemo
2155 3810 2376 3866 prorsus
2411 3793 2801 3864 suspicabitur.

2393 3908 2622 3965 CAPUT
2656 3905 2770 3963 XII.

1797 4013 1838 4070 1.
1880 4013 2116 4070 Basilius
2156 4012 2391 4068 Cwsario
2419 4013 2727 4082 gratulatur
2773 4009 3163 4082 inteericatai
3186 4010 3373 4082 ruinas

1867 4094 2098 4139 servato.
2135 4083 2360 4137 Eusebio
2394 4078 2573 4136 scribit
2608 4082 2881 4149 epistolam
2905 4079 2994 4133 27.
3019 4080 3082 4133 ll.
3116 4078 3368 4149 Episcopi

1871 4156 1955 4208 sui
1978 4166 2142 4207 morte
2173 4154 2389 4223 aﬂlictos
2430 4147 2886 4223 Neocmsarienses
2919 4150 3243 4223 consolatur.
3279 4147 3372 4223 l|_l.

1876 4223 2006 4277 Item
2032 4218 2441 4293 Ancyranosob
2466 4222 2758 4293 Athanasii
2798 4231 3038 4293 mortem.
3068 4218 3272 4293 Ibidem
3302 4219 3366 4293 de

1868 4296 2104 4362 epistolis
2129 4286 2201 4346 ΞΑ
2232 4301 2279 4345 et
2306 4291 2396 4345 25.
2426 4291 2518 4362 IVA'.
2544 4291 2813 4362 Probatur
2839 4289 3115 4362 utriusque
3141 4286 3371 4362 episcopi

1866 4357 1912 4417 et
1947 4364 2216 4417 Emmelitv
2247 4364 2430 4414 matris
2468 4360 2654 4413 Basilii
2689 4371 2902 4412 mortem
2935 4359 3003 4409 ad
3032 4374 3229 4410 annum
3263 4357 3370 4410 ’568

1869 4445 2166 4495 exeuntem,
2199 4441 2293 4483 aut
2332 4432 2436 4485 569
2467 4433 2729 4483 ineuntem
2764 4431 3042 4493 pertinere.
3074 4428 3136 4480 V.
3171 4423 3364 4494 Grego-

1871 4504 1950 4557 rio
1979 4502 2210 4555 molestis
2237 4503 2458 4569 negotiis
2487 4500 2757 4567 implicata
2784 4495 3367 4569 opem_7[ert_Basilius.

1870 4574 1957 4628 Vl.
1998 4571 2271 4625 Samosata
2299 4565 2424 4635 petit
2460 4565 2692 4623 Basilius
2724 4584 2862 4620 anno
2897 4566 3020 4619 569.
3071 4565 3197 4635 Post
3226 4567 3372 4619 redi-

1871 4657 1980 4696 tum
2011 4641 2191 4694 scribit
2234 4634 2457 4693 Eusebio
2497 4640 2558 4691 de
2610 4651 2774 4690 morte
2824 4634 3026 4689 Silvani
3072 4634 3367 4688 Tarsensis.

1885 4714 1913 4764 Σ
1932 4710 1990 4763 II.
2033 4711 2165 4763 Ante
2193 4712 2542 4776 episcoltatum
2574 4706 2808 4772 epistola?
2833 4706 2999 4776 55-37
3026 4705 3369 4758 collocandae.

1874 4781 2005 4835 Vill.
2042 4781 2114 4832 De
2136 4775 2253 4832 aliis
2281 4780 2464 4846 prima:
2494 4778 2679 4830 classis
2711 4775 2968 4844 epistolis.

1868 4895 1907 4949 ι.
1941 4893 2076 4949 Cum
2123 4890 2356 4945 Nicaeam
2392 4889 2472 4959 (It)
2521 4897 2678 4942 terrae
2713 4898 2891 4942 motus
2921 4887 3081 4955 longe
3113 4894 3232 4955 post
3272 4885 3373 4939 ho-

1799 4987 2001 5040 minum
2031 4985 2344 5038 memoriam
2371 4981 2637 5035 maximus
2664 4981 2949 5035 evertisset
2975 4979 3061 5032 die
3086 4978 3368 5032 undecima

1798 5077 2046 5131 Octobris
2088 5090 2230 5129 anno
2271 5073 2374 5129 568
2398 5114 2412 5138 ,
2451 5072 2739 5135 Caesarius,
2772 5070 3016 5141 Gregorii
3055 5070 3242 5136 frater,
3276 5069 3368 5139 qui

1799 5169 1855 5223 in
1885 5167 2136 5237 Bithynia
2169 5165 2489 5235 praepositus
2532 5173 2648 5216 erat
2685 5163 3080 5224 thesaurorum,
3125 5160 3269 5215 solus
3301 5176 3368 5214 ex

1800 5258 2106 5328 insignibus
2148 5257 2304 5320 viris,
2356 5267 2450 5309 aut
2486 5265 2633 5310 certe
2676 5270 2797 5310 cum
2841 5253 3129 5307 admodum
3180 5252 3371 5320 paucis

1799 5349 2085 5406 incolumis
2119 5347 2311 5411 evasit,
2351 5347 2513 5415 idque
2551 5347 2711 5402 modo
2751 5344 2983 5415 quodam
3029 5341 3370 5410 incredibili,

1872 5528 1957 5598 (ε)
1983 5528 2085 5598 Ep.
2112 5528 2204 5583 50.

1866 5599 1950 5679 (ί.)
1987 5601 2083 5679 ἓν·

1990 5662 2091 5738 Yit.
2120 5662 2289 5721 Macr.
2322 5681 2373 5738 p.
2406 5662 2524 5729 187.

1869 5737 1945 5813 (It)
1986 5737 2114 5792 Naz.
2145 5746 2285 5821 orat.
2323 5737 2404 5790 10.
