3820 6210
432 283 468 329 ι.
1430 229 1442 241 ’
1765 264 2001 320 vacuo

2109 263 2301 320 HENA.

434 393 618 456 utpote
663 384 796 456 ipsis
832 381 1002 436 rttinis
1035 388 1327 450 protectus.
1388 377 1639 444 Basilius,
1680 379 1772 447 qtti
1824 381 2005 434 Caesa-
2037 385 2079 441 Α
2111 389 2255 432 motu
2290 391 2476 433 eversa
2525 378 2671 447 est),
2705 379 2799 432 sed
2830 387 3005 432 tamen
3037 387 3219 434 monet
3261 388 3318 434 ut
3349 380 3522 436 dolori
3555 399 3673 440 mo-

431 480 572 532 rium
605 478 841 544 amabat,
870 487 1098 542 eumque
1121 487 1278 540 mquo
1312 473 1494 524 animo
1530 470 1752 524 consilia
1786 486 1882 523 sua
1915 485 2006 522 ac-

431 570 612 637 cipere
666 567 892 631 sciebat,
944 581 1046 618 non
1100 563 1449 632 prietermisit
1502 563 1555 615 in
1609 571 1715 616 tam
1769 561 2005 615 mirabili

433 667 626 711 eventu
656 658 990 710 occasionem
1015 652 1322 723 gratulandi
1353 662 1407 705 et
1431 650 1773 714 adhortandi,
1803 660 1860 702 ιιι
1885 664 2006 718 quae

436 751 609 816 ipsum
643 745 828 814 procul
862 745 1022 798 dubio
1055 744 1336 798 subierant
1371 742 1732 811 cogitationes
1771 739 2000 809 periculi

428 846 688 908 tempore,
737 853 828 892 eas
875 850 1089 902 semper
1136 834 1414 889 retineret.
1460 833 1677 900 Scripta
1724 846 1853 898 ergo
1889 831 2004 886 hzec

429 929 657 999 epistola
686 927 778 985 26.
807 941 950 980 anno
974 925 1098 988 568,
1131 924 1291 993 paulo
1320 933 1440 992 post
1467 939 1714 999 eversam
1743 923 1999 978 Nicaeam.

499 1019 807 1090 IEgrotavit
844 1017 1072 1070 Basilius
1105 1018 1206 1070 hoc
1229 1031 1371 1070 anno
1401 997 1516 1068 non.
1537 1015 1703 1070 semel
1726 1014 1835 1085 (0a).;
1861 1015 2004 1084 quod

429 1114 656 1166 minime
691 1113 914 1174 mirum,
953 1112 1251 1164 accedente
1287 1112 1354 1164 ad
1390 1110 1531 1162 illius
1561 1109 1813 1162 comitem
1855 1107 2005 1160 inlir-

428 1208 675 1258 mitatem
709 1203 1075 1258 sollicitudine
1107 1212 1162 1256 et
1194 1217 1350 1265 cura,
1386 1216 1549 1270 quam
1585 1201 1635 1253 in
1673 1199 2004 1267 pauperibus

428 1296 776 1350 sublevandis
809 1295 1174 1363 impendebat.
1211 1291 1486 1346 Statuerat
1523 1291 1756 1345 invisere
1797 1290 1856 1344 S.
1893 1289 2004 1342 Eu-

427 1386 638 1439 sebium
681 1384 1160 1446 Samosatcnsem;
1193 1381 1285 1435 sed
1331 1380 1415 1446 his
1450 1379 1658 1432 duabus
1704 1377 1868 1432 rebus
1911 1379 2005 1431 de-

431 1484 613 1529 tentus
649 1482 754 1538 est,
798 1473 1022 1537 morbis,
1065 1483 1119 1526 et
1151 1468 1622 1539 occupationibus,
1658 1483 1797 1538 quas
1828 1469 1877 1524 ei
1919 1467 2003 1521 ia-

432 1581 547 1620 mes
576 1563 856 1619 all‘ercbat.
889 1565 1181 1633 Postquam
1211 1563 1376 1631 coepit
1414 1575 1694 1630 emergere
1723 1574 1787 1613 ex
1817 1560 2004 1614 morbo

431 1666 485 1710 et
520 1658 662 1710 vires
701 1654 1050 1722 recolligere,
1098 1652 1408 1724 supervenit
1456 1650 1598 1704 aliud
1650 1651 2002 1719 impedimen-

2112 470 2237 522 dum
2278 471 2572 539 imponant,
2626 483 2689 522 ac
2730 485 2894 523 canes
2942 470 3023 524 vel
3071 471 3249 539 potius
3283 487 3476 541 graves
3520 475 3675 545 lupos

2109 561 2350 628 abigant,
2380 561 2544 629 digno
2574 569 2792 629 pastore
2823 561 3088 630 eligendo,
3122 563 3213 632 qui
3249 578 3278 616 a
3312 580 3511 634 magno
3541 565 3676 621 Gre-

2108 652 2283 719 gorio,
2311 659 2366 704 et
2396 649 2518 704 aliis
2552 651 2698 704 illius
2735 665 2906 717 usque
2951 651 3014 704 ad
3049 652 3348 707 Musonium
3385 668 3669 709 successo-

2108 743 2258 798 ribus
2291 758 2398 797 non
2432 744 2738 813 degeneret.
2783 740 3096 796 Obtestatur
3130 759 3224 798 eos
3256 753 3316 797 ut
3353 744 3675 798 electionem

2105 835 2348 905 episcopi
2377 850 2532 890 suum
2566 835 2794 904 quisque
2822 834 3096 902 pr0prium
3122 848 3240 889 esse
3272 838 3551 905 negotium
3582 837 3676 890 du-

2104 935 2212 982 cat.
2237 927 2528 981 Denuntiat
2546 941 2625 993 se,
2651 935 2809 995 prout
2834 937 3105 996 pastorem
3127 926 3346 996 eligent,
3368 926 3451 981 vel
3474 928 3677 982 arctius

2105 1020 2454 1090 conjunctum
2495 1035 2618 1074 cum
2667 1019 2772 1074 illis
2812 1019 2898 1072 vel
2947 1019 3159 1087 penitus
3203 1019 3533 1082 disiunctum
3588 1021 3676 1072 iri.

2109 1109 2336 1167 Videtur
2368 1111 2606 1166 Basilius
2641 1111 2909 1177 timuisse,
2945 1109 2998 1164 id
3030 1110 3171 1178 quod
3209 1111 3410 1173 evenit,
3457 1126 3529 1165 ne
3560 1112 3681 1179 quis

2104 1214 2160 1260 et
2187 1203 2290 1259 sibi
2322 1213 2377 1259 et
2406 1203 2623 1257 veritati
2665 1217 2767 1256 non
2803 1203 3012 1255 amicus
3040 1203 3094 1254 in
3131 1203 3270 1255 hanc
3311 1203 3496 1256 sedem
3549 1216 3679 1256 eve-

2105 1296 2348 1352 heretur.
2398 1295 2703 1352 Musonium
2739 1309 2844 1349 non
2879 1293 3111 1364 appellat
3138 1292 3371 1347 Basilius
3400 1304 3680 1347 mortuum

2105 1390 2456 1458 episcopum;
2505 1387 2601 1442 sed
2647 1388 2750 1440 hoc
2801 1385 2851 1439 ei
2904 1399 3097 1439 nomen
3148 1385 3317 1439 fuisse
3365 1385 3571 1438 scimus
3613 1399 3685 1438 ex

2105 1484 2262 1551 epist.
2297 1480 2425 1544 2l0,
2454 1496 2508 1534 n.
2537 1479 2626 1544 59,
2674 1480 2727 1532 ἱιι
2753 1493 2856 1547 qua
2889 1477 3121 1532 Basilius
3153 1477 3505 1546 gravissimos
3527 1490 3682 1531 erro-

2105 1587 2194 1627 res
2233 1573 2530 1640 exprobrat
2561 1571 2814 1641 episc0po
2847 1567 3294 1634 Neocaesariensi,
3333 1567 3429 1622 sed
3482 1581 3680 1622 sanam

2107 1665 2409 1718 doctrinam
2443 1664 2495 1716 in
2529 1665 2631 1718 hac
2663 1663 2904 1719 Ecclesia
2940 1673 3111 1730 usque
3140 1660 3207 1714 ad
3234 1659 3453 1716 beatum
3499 1658 3683 1714 Muso-

431 1761 543 1803 tum
569 1789 583 1812 ,
619 1749 830 1812 hiems,
868 1747 1028 1802 solito
1062 1746 1148 1799 illa
1185 1745 1415 1815 quidem.
1442 1743 1657 1806 mitior,
1701 1744 1796 1797 sed
1827 1753 2002 1798 tamen
2035 1737 2076 1791 Β
2106 1753 2255 1805 nium
2289 1754 2487 1805 fatetur
2516 1752 2768 1822 viguisse,

430 1839 628 1892 Basilio
656 1839 728 1891 ita
771 1838 1082 1899 vehemens,
1115 1845 1172 1889 ιιι
1208 1850 1311 1887 non
1347 1833 1507 1887 modo
1562 1833 1665 1886 iter
1692 1833 2001 1902 suscipere,

427 1931 521 1984 sed
555 1945 624 1983 nc
654 1945 720 1983 ex
755 1929 1003 1984 cubiculo
1030 1928 1248 1998 quidem
1291 1927 1605 1995 prospicere
1646 1933 1851 1992 posset.
1891 1927 2000 1980 Sed

430 2036 607 2076 tamen
643 2032 792 2074 tanto
828 2022 969 2074 ictus
1002 2029 1121 2073 erat
1154 2019 1368 2072 Eusebii
1398 2017 1687 2083 desiderio,
1726 2027 1782 2070 ιιι
1816 2017 1865 2071 ei
1895 2034 2002 2071 non

427 2113 638 2168 dubitet
671 2113 934 2180 polliceri,
970 2112 1011 2166 si
1045 2121 1098 2164 et
1133 2120 1423 2177 tempestas
1452 2108 1600 2162 sinat
1640 2118 1695 2161 et
1727 2109 1850 2162 vita:
1887 2109 2003 2163 dies

426 2204 723 2271 supersint,
757 2214 812 2256 et
848 2205 948 2257 iter
980 2218 1082 2256 non
1121 2203 1374 2256 obstruat
1419 2200 1609 2262 fames,
1654 2214 1712 2252 se
1759 2199 1866 2252 cito
1899 2197 2003 2250 Sa-

430 2304 634 2350 mosata
665 2303 972 2358 venturum,
999 2305 1056 2346 ιιι
1079 2293 1286 2363 magnis
1312 2291 1531 2348 Eusebii
1568 2289 1851 2362 sapientiae
1881 2291 2000 2345 the-

428 2387 606 2441 sauris
635 2387 894 2440 exsatiari
928 2388 1118 2454 possit.

499 2479 562 2534 ll.
602 2479 746 2532 Intra
767 2479 894 2532 illud
922 2479 1177 2546 spatium,
1201 2478 1344 2546 quod
1372 2478 1438 2530 ab
1461 2478 1561 2530 hac
1583 2475 1813 2546 epistola
1837 2489 2005 2543 usque

430 2569 495 2622 ad
533 2569 864 2623 tricesimam
896 2566 1048 2621 initio
1078 2566 1222 2618 veris
1253 2565 1426 2618 eidem
1463 2565 1697 2618 Eusebio
1737 2564 1998 2632 scriptam

428 2659 656 2723 eﬂluxit,
701 2659 887 2712 obiere
935 2657 1043 2710 duo
1074 2655 1313 2725 episc0pi
1366 2671 1484 2709 cum
1530 2654 1728 2708 Basilio
1767 2654 2004 2706 amicitia

427 2751 722 2820 conjuncti,
756 2749 1037 2802 Musonius
1079 2745 1532 2800 Neocmsariensis
1571 2755 1627 2800 et
1667 2746 2004 2798 Athanasius

427 2844 771 2912 Ancyranus,
809 2855 871 2893 ac
901 2841 1016 2907 ipsa
1050 2841 1214 2892 etiam
1250 2837 1436 2891 Basilii
1471 2847 1646 2892 mater
1682 2837 1965 2891 Emmelia.

501 2933 575 3004 (ὁ)
610 2933 739 2986 Erat
771 2932 1046 2985 Musonius
1076 2933 1160 2986 vir
1202 2933 1348 2984 ontni
1395 2934 1663 2986 virtutum
1713 2933 1872 2987 laude
1911 2948 2005 2988 Ctt-

429 3025 712 3078 mulatus:
756 3024 963 3092 primus
1003 3023 1048 3075 ci
1094 3022 1243 3077 locus
1289 3024 1342 3076 in
1385 3023 1747 3077 conventibus
1792 3024 2004 3092 episco-

431 3127 622 3184 porutn
663 3129 767 3167 non
800 3115 976 3168 aetatis
1003 3113 1148 3180 jure,
1187 3113 1280 3167 sed
1319 3115 1536 3168 virtutis
1569 3115 1765 3168 merito
1805 3113 1998 3167 deferri

428 3206 657 3260 solebat.
691 3203 993 3256 Novitatem
1028 3205 1078 3255 in
1112 3203 1301 3271 primis
1345 3205 1557 3266 oderat,
1603 3217 1666 3256 ac
1700 3203 2000 3257 Ecclesiam

431 3313 582 3352 suam
616 3296 683 3348 ad
713 3295 949 3362 antiqua:
982 3293 1236 3347 Ecclesia:
1268 3294 1551 3363 imaginem
1592 3293 1834 3360 regebat,
1871 3294 2002 3346 nihil

431 3389 499 3441 d’e
533 3402 630 3440 suo
659 3386 961 3453 proferens.
1010 3385 1160 3439 Unde
1189 3386 1410 3448 factum,
1443 3395 1501 3438 ut
1532 3384 2003 3439 Neocaesarienses

432 3481 573 3534 inter
613 3479 964 3549 gravissimas
1015 3479 1228 3532 illorum
1264 3490 1564 3548 temporum
1603 3478 1867 3548 procellas
1901 3481 2002 3534 soli

431 3572 514 3626 vel
561 3583 709 3626 certe
753 3586 875 3625 cum
917 3572 1203 3624 admodum
1254 3573 1443 3640 paucis
1489 3571 1858 3641 quiescerent,
1907 3584 2005 3623 nec

434 3670 558 3724 ullis
613 3670 991 3723 haereticorum
1046 3670 1221 3723 ventis
1288 3669 1666 3737 perﬂarentur.
1725 3668 2004 3724 Musonius

431 3777 553 3816 cum
583 3761 786 3814 Basilio
815 3763 881 3814 ad
920 3760 1350 3829 paciﬁcationem
1380 3761 1745 3814 Ecclesiarum
1775 3775 2006 3814 eoacnr-

432 3868 554 3908 rere
593 3853 860 3918 noluerat,
896 3863 1114 3921 propter
1144 3852 1468 3922 anticipatas
1493 3851 1774 3919 quasdam,
1809 3861 1867 3904 ut
1892 3853 2006 3920 ipse

427 3947 723 4002 fatebatur,
761 3944 1070 4014 cpiuiones.
1109 3942 1272 3998 Forte
1313 3943 1363 3996 ei
1398 3941 1714 3996 Eustathius
1748 3941 2004 3995 Sebaste-

433 4054 532 4092 nus
578 4047 633 4092 et
675 4037 765 4090 alii
808 4035 1074 4104 ejusmodi
1128 4035 1375 4088 homines
1427 4032 1809 4102 displicebant,
1866 4045 2004 4100 quos

431 4127 664 4181 Basilius
693 4141 876 4181 secum
909 4127 1230 4190 conjunctos
1262 4124 1516 4188 habebat,
1559 4133 1760 4177 etcum
1793 4121 2004 4176 caeteris

429 4219 705 4287 episcOpis
735 4218 1064 4286 conjungere
1099 4215 1416 4268 conabatur.
1450 4214 1554 4266 Sed
1585 4223 1762 4267 tamen
1795 4226 2004 4266 summa

431 4319 553 4364 erat
597 4311 738 4363 inter
788 4317 1078 4375 utrumque
1129 4304 1342 4362 deiide
1390 4303 1697 4369 consensio,
1745 4302 2000 4369 illiusque

2175 1841 2265 1895 Ill.
2289 1844 2445 1896 Circa
2467 1843 2605 1896 idem
2633 1852 2842 1909 tempus
2860 1851 3104 1896 mortuus
3121 1849 3204 1895 est
3222 1840 3555 1896 Athanasius
3569 1840 3684 1894 An-

2106 1950 2246 2005 cyrze
2269 1936 2577 2004 episcopus,
2607 1935 2698 2004 qui
2723 1937 2790 1988 ab
2817 1935 3012 1990 Acacio
3063 1938 3136 2006 (ε)
3171 1936 3223 1987 in
3268 1932 3404 1987 hanc
3448 1934 3635 1987 sedem
3665 1976 3680 1998 ,

2105 2027 2261 2094 pulso
2285 2025 2504 2089 Basilio,
2531 2035 2761 2080 evectus
2791 2035 2874 2080 est
2924 2041 3069 2080 anno
3093 2026 3218 2080 560.
3246 2024 3450 2093 Duplex
3501 2025 3684 2080 inerat

2106 2118 2232 2171 huic
2278 2117 2606 2172 ordinationi
2642 2117 2873 2181 macula,
2926 2126 2982 2171 et
3030 2119 3172 2186 quod
3222 2127 3443 2171 auctore
3474 2115 3684 2184 insigni

2105 2209 2308 2261 Ariano
2340 2208 2483 2262 facta
2541 2218 2719 2273 esset,
2767 2217 2822 2263 et
2858 2211 3000 2278 quod
3067 2208 3300 2264 Basilius
3356 2210 3686 2276 Ancyranus

2108 2317 2206 2369 per
2227 2304 2334 2355 vim
2366 2311 2421 2356 et
2449 2302 2854 2372 impressionem
2884 2303 2951 2356 ab
2982 2301 3255 2356 haereticis
3293 2301 3571 2368 depositus
3595 2315 3686 2352 es-

2106 2403 2209 2448 set.
2242 2394 2421 2459 Quare
2462 2409 2569 2448 nou
2616 2395 2811 2447 mirum
2847 2403 2930 2446 est
2975 2407 3204 2461 magnas
3232 2392 3286 2445 in
3337 2391 3686 2446 ordinatione

2105 2485 2387 2538 Athanasii
2425 2485 2728 2539 discordias
2753 2483 3051 2538 exstitisse.
3083 2483 3189 2538 Sed
3237 2492 3414 2537 tamen
3451 2497 3686 2550 magnus

2107 2574 2208 2628 fuit
2237 2577 2480 2630 veritatis
2519 2576 2772 2630 defensor
2805 2575 3154 2630 Athanasius.
3197 2574 3452 2628 Testatur
3483 2572 3687 2642 Grego-

2108 2668 2219 2720 rius
2235 2667 2506 2737 Nyssenus
2531 2668 2606 2740 (d)
2633 2667 2761 2722 nihil
2782 2668 2827 2722 ei
2851 2668 3079 2721 veritate
3102 2665 3370 2734 antiquius
3392 2665 3578 2720 fuisse.
3599 2665 3686 2718 ln-

2110 2759 2292 2813 terfuit
2321 2759 2388 2832 (ε)
2417 2761 2624 2830 synodo
2645 2759 2988 2814 Antiochenae
3009 2773 3150 2812 anno
3174 2758 3280 2812 565
3306 2757 3393 2810 ubi
3421 2756 3556 2810 ﬁdes
3587 2755 3689 2813 Ni-

2107 2868 2252 2907 caena
2297 2863 2570 2921 suscepta,
2612 2862 2668 2908 et
2715 2854 2983 2924 Tyaneusi
3027 2867 3168 2905 anno
3203 2851 3328 2915 567,
3353 2851 3440 2904 ubi
3470 2849 3685 2918 pariter

2107 2941 2569 2997 consubstantiale
2619 2941 2896 2996 decretum
2948 2951 3052 2996 est.
3113 2939 3321 2994 Laudat
3345 2938 3574 2993 Basilius
3608 2940 3680 3009 (Γ)

2105 3051 2299 3102 magna
2331 3033 2473 3086 illius
2527 3043 2575 3086 et
2627 3034 2846 3087 celebria
2889 3050 2986 3100 pro
3028 3041 3170 3087 recta
3223 3032 3326 3100 ﬁde
3363 3031 3682 3085 certamina.

2110 3124 2237 3176 Eum
2255 3124 2620 3189 existimabat,
2640 3124 2800 3177 veluti
2822 3125 3218 3177 ﬁrmamentum
3240 3133 3398 3178 recta:
3427 3122 3554 3178 ﬁdei
3575 3122 3683 3193 (9),

2104 3229 2246 3268 vera:
2284 3229 2346 3266 ac
2373 3213 2572 3267 veteris
2609 3213 2915 3269 dilectionis
2948 3229 3129 3270 semen
3151 3254 3166 3278 ,
3199 3214 3251 3268 iu
3285 3215 3539 3270 solatium
3571 3215 3684 3270 Ec-

2104 3303 2285 3356 clesiis
2306 3304 2532 3357 servari.
2568 3301 2641 3357 Os
2670 3303 2786 3369 ejus
2819 3303 2903 3373 (h)
2933 3303 3078 3372 justa
3106 3304 3316 3358 dicendi
3345 3303 3603 3360 libertate
3629 3315 3689 3360 et

2105 3394 2296 3463 gratia:
2344 3393 2526 3447 verbis
2574 3393 2643 3447 ad
2693 3393 2919 3448 fratrum
2947 3395 3358 3449 aediﬁcationem
3408 3395 3685 3452 scatebat.

2106 3486 2400 3539 Ecclesiam
2439 3500 2588 3538 suam
2625 3487 2704 3540 sic
2729 3487 2889 3550 rexit,
2941 3495 3002 3539 ut
3049 3501 3238 3540 omnes
3266 3487 3319 3541 in
3350 3501 3515 3540 unam
3547 3500 3690 3540 cou-

2105 3582 2410 3632 sensionem
2438 3588 2490 3632 et
2513 3587 2821 3633 accuratam
2853 3579 3288 3634 communionem
3334 3578 3560 3634 vinculo
3583 3593 3689 3648 pa-

2104 3671 2184 3725 cis
2211 3669 2582 3739 conjungeret.

2174 3760 2458 3816 Probabile
2480 3772 2563 3816 est
2591 3761 2750 3830 hujus
2770 3760 3052 3816 Athanasii
3079 3769 3287 3832 patrem
3307 3760 3476 3817 fuisse
3501 3760 3687 3816 Atha-

2106 3853 2336 3919 nasium,
2367 3852 2435 3905 ad
2479 3868 2636 3920 quem
2677 3855 2877 3922 scripta
2909 3863 2991 3908 est
3015 3852 3205 3907 Basilii
3233 3853 3454 3923 epistola
3488 3852 3582 3906 24.
3619 3851 3683 3907 In

2106 3944 2357 3996 omnibus
2386 3943 2664 3996 codicibus
2696 3952 2848 4012 pater
2867 3943 3151 3997 Athanasii
3188 3941 3423 4010 episcopi
3449 3941 3682 4006 dicitur,

2106 4047 2206 4086 nec
2242 4033 2405 4084 alium
2437 4033 2694 4087 habemus
2725 4034 2809 4087 cui
2845 4033 2896 4086 id
2935 4033 3245 4099 conveniat,
3270 4043 3468 4100 praeter
3496 4032 3689 4102 Ancy-

2105 4139 2320 4177 ranum.
2353 4123 2484 4177 Erat
2520 4125 2612 4178 ille
2641 4125 2726 4178 vir
2753 4139 2960 4193 magnae
2983 4125 3320 4186 eruditionis,
3351 4124 3595 4192 gentium
3631 4137 3691 4178 et

2106 4213 2321 4266 urbium
2347 4214 2708 4282 gubernacula
2740 4222 3008 4279 tenuerat,
3053 4224 3108 4267 et
3132 4229 3382 4283 magnam
3420 4213 3689 4283 progeni-

2106 4312 2284 4357 torum
2312 4303 2567 4357 virtutem
2605 4303 2982 4357 actnulabatur.
3020 4304 3153 4357 Cum
3194 4315 3371 4357 autem
3416 4304 3688 4357 audiisset

431 4401 691 4454 auxilium
720 4399 951 4452 Basilius
974 4396 1320 4466 implorabat,
1349 4394 1561 4462 quoties
1583 4409 1702 4447 cum
1729 4393 2001 4446 hatreticis
2035 4421 2076 4479 υ
2106 4393 2337 4448 Basilius
2372 4395 2517 4449 hunc
2540 4395 2893 4449 Athanasium
2923 4397 2976 4449 in
3019 4395 3220 4449 liberos
3249 4409 3370 4449 eum
3416 4410 3524 4449 non
3559 4409 3689 4450 esse

430 4493 744 4547 certandum
774 4500 938 4545 esset.
971 4488 1088 4543 Non
1121 4490 1368 4554 pervenit
1404 4487 1470 4541 ad
1504 4494 1804 4540 extremam
1837 4499 1998 4538 sene-

430 4593 630 4639 ctutem
665 4583 964 4645 Musonius,
1010 4581 1101 4636 sed
1147 4591 1324 4633 tamen
1371 4579 1463 4634 diu
1507 4576 1805 4630 Ecclesiam
1855 4576 1999 4629 Neo-

429 4677 804 4731 ctesariensem
830 4674 990 4728 rexit.
1017 4672 1148 4727 Cum
1181 4682 1357 4726 autem
1381 4670 1547 4724 sciret
1573 4666 1806 4722 Basilius
1833 4682 2001 4736 quan-

430 4780 542 4824 tum
573 4767 776 4821 doloris
804 4767 947 4820 illius
979 4775 1152 4820 morte
1178 4765 1474 4817 traxissent
1498 4760 1992 4824 Neoczrsarienses,

431 4863 658 4916 tibeuter
696 4872 790 4913 eos
825 4858 1122 4917 iuvisisset,
1159 4865 1270 4909 tum
1301 4864 1357 4907 ut
1387 4852 1638 4906 Musonio
1670 4851 1830 4906 simul
1869 4866 1991 4906 cum

428 4953 509 5006 eis
547 4951 691 5018 justa
735 4949 1088 5018 persolveret,
1123 4957 1237 5000 tum
1265 4955 1322 4998 ut
1353 4959 1638 4999 maerorem
1667 4943 1994 5013 partiretur:

430 5043 526 5098 sed
568 5058 689 5095 cmn
729 5057 852 5095 eum
900 5041 1066 5094 multa
1099 5040 1484 5102 detinuissent,
1524 5051 1620 5106 per
1655 5037 1863 5090 litteras
1905 5049 2000 5089 eos

428 5133 700 5188 consolari
745 5133 998 5188 instituit.
1041 5137 1119 5185 Ac
1166 5130 1266 5186 viri
1312 5129 1530 5199 quidem
1574 5127 1775 5183 obitum
1829 5126 2007 5200 majus

431 5227 683 5275 damnum
715 5222 911 5276 fatetur
952 5221 1150 5275 inferre
1183 5220 1416 5284 civitati,
1446 5233 1607 5288 quam
1637 5217 1996 5279 calamitates,

430 5330 563 5382 quas
601 5327 757 5368 antea
790 5314 966 5370 fuerat
1008 5325 1232 5384 experta
1286 5313 1454 5369 (anno
1492 5311 1661 5369 enim.
1700 5308 1806 5365 544
1840 5317 1999 5363 terra:

502 5494 580 5565 (α)
750 5492 838 5547 ³50.

501 5564 577 5632 (b)
614 5564 708 5630 Ep.
738 5565 831 5617 ‘28.

500 5637 573 5704 (ε)
609 5633 821 5704 ἓᾲυῑοιιι.
847 5635 936 5692 lib.
973 5649 1047 5701 Iv,
1081 5649 1132 5690 c.
1160 5633 1246 5690 25.

502 5702 580 5773 (α)
617 5702 712 5771 Ep.
742 5703 830 5756 29.

2106 4501 2262 4555 quem
2297 4489 2530 4551 deceret,
2570 4502 2690 4539 cum
2723 4488 3020 4554 praesertim
3045 4488 3289 4556 paternis
3309 4486 3448 4541 votis
3473 4487 3684 4556 dignis-

2107 4581 2228 4635 simi
2256 4590 2438 4634 essent
2457 4619 2474 4648 ,
2502 4581 2671 4636 libere
2712 4597 2832 4635 eum
2862 4583 3162 4638 admonuit.
3196 4581 3481 4636 Molestum
3508 4582 3563 4636 id
3591 4598 3689 4638 ac-

2107 4671 2241 4726 cidit
2266 4673 2588 4736 Athanasio,
2617 4673 2705 4740 qtti
2735 4688 2853 4726 sese
2883 4673 3020 4740 apud
3054 4673 3308 4727 Basilium
3335 4673 3688 4742 purgavit,et

2108 4761 2320 4830 iniquos
2345 4778 2588 4816 rumores
2621 4778 2650 4815 a
2689 4763 2976 4816 Timotheo
3005 4763 3395 4832 chorepiseopo
3429 4764 3498 4816 ad
3526 4763 3685 4816 Basi-

2105 4849 2234 4906 lium
2271 4852 2505 4922 perlatos
2535 4863 2862 4922 conquestus
2893 4863 2994 4908 est.
3021 4854 3327 4922 Respondet
3351 4854 3400 4908 ei
3425 4853 3687 4919 Basilius,

2106 4957 2338 5011 eumque
2364 4943 2647 5012 probatum
2688 4952 2743 4996 et
2773 4952 3057 5012 purgatunt
3095 4943 3196 4997 sibi
3231 4955 3352 4996 esse
3385 4941 3636 4997 declarat
3668 4981 3686 5006 .

2106 5035 2198 5089 sed
2245 5045 2426 5088 tamen
2479 5034 2748 5100 hortatur,
2786 5045 2843 5087 ιιι
2894 5033 3093 5086 nullam
3142 5031 3431 5088 calumniis
3483 5046 3684 5086 ansam

2102 5127 2361 5195 praebeat.
2394 5125 2616 5180 Fatetur
2639 5141 2695 5180 se
2719 5125 2919 5196 aliquid
2955 5125 3207 5190 audiisse,
3237 5133 3292 5178 at
3322 5138 3684 5194 nequaquam

2105 5232 2134 5269 a
2187 5215 2473 5270 Timotheo
2523 5215 2933 5284 chorepiscopo.
2978 5213 3149 5284 Hujus
3177 5213 3423 5284 epistolae
3467 5223 3689 5281 tempus

2103 5313 2253 5358 cceto
2275 5311 2514 5358 statuere
2543 5317 2646 5357 non
2677 5317 2890 5371 possum
2918 5319 2933 5356 :
2967 5304 3061 5358 sed
3083 5302 3397 5367 collocanda
3424 5301 3530 5356 fuit
3554 5310 3688 5358 ante

2178 5489 2247 5556 (e)
2281 5486 2498 5540 Sozom.
2527 5487 2621 5541 lib.
2663 5501 2738 5553 νι,
2769 5501 2817 5542 c.
2863 5478 2948 5542 12.

2175 5559 2252 5624 (ί)
2288 5557 2385 5622 Ep.
2413 5558 2505 5618 es,
2539 5572 2592 5609 ιι.
2620 5557 2676 5610 2.

2289 5617 2418 5680 Ibid.
2453 5617 2506 5678 It.
2536 5628 2584 5679 l.
2615 5648 2624 5657 -

2183 5696 2260 5762 (It)
2291 5695 2384 5763 Ep.
2417 5695 2527 5766 39.,
