3820 6210
1528 298 1689 353 VlTA
1731 299 1788 354 S.
1833 297 2099 354 BASlLll.
3369 307 3424 354 ιι

168 416 453 487 epistolam
486 416 577 481 29,
616 418 670 472 in
721 432 828 488 qua
857 431 1006 473 mors
1038 415 1315 471 Athanasii
1367 415 1603 486 episcopi
1665 417 1749 469 ln-
1783 423 1825 479 Α
1857 417 2048 469 liorem
2098 414 2227 468 facit
2283 413 2571 468 Eusebium
2603 413 2654 466 in
2694 413 2880 467 eadem
2920 411 3164 483 epistola.
3211 411 3422 483 Scripta

166 520 347 578 getur.
372 507 623 563 Nondum
656 509 1032 579 presbyterum
1067 507 1232 564 fuisse
1259 507 1517 562 Basiliam
1548 508 1746 575 conjici

159 608 350 670 posset
384 598 580 653 ex-his
621 599 798 653 verbis
830 617 844 653 :
873 597 986 652 Nec
1009 598 1221 652 moleste
1251 597 1412 666 feras,
1456 598 1502 650 si
1543 599 1668 668 quid
1717 615 1750 650 a

161 689 318 744 nobis
345 690 652 744 docentium
680 705 824 744 more
848 690 1076 743 dicetur.
1108 689 1215 743 Sed
1246 689 1378 744 levis
1417 689 1532 742 haec
1561 686 1739 756 conje-

161 791 345 834 Cllll'a.

231 871 441 927 Basilio
490 881 677 928 nostro
729 873 1108 928 molestissima
1157 887 1276 926 esse
1325 872 1515 926 debuit
1561 871 1746 925 Basilii

159 964 442 1035 Ancyraui
475 966 543 1020 ab
569 966 850 1020 Anomaais
876 963 1032 1032 ejecti
1082 965 1370 1034 depositio,
1396 979 1494 1018 nec
1524 963 1748 1032 proinde

158 1056 384 1124 placere
407 1057 694 1112 Athanasii
728 1059 1022 1112 ordinatio.
1064 1057 1170 1112 Sed
1219 1065 1396 1110 tamen
1442 1057 1744 1110 arctissima

158 1147 380 1199 videtur
406 1149 457 1201 ei
481 1149 858 1203 intercessisse
884 1164 1004 1202 cum
1024 1149 1127 1202 hoc
1148 1147 1450 1202 Athanasio
1481 1148 1742 1212 amicitia,

159 1250 270 1304 quo
298 1237 505 1290 amisso
537 1238 806 1292 neminem
836 1237 938 1292 sibi
959 1237 1312 1291 existimabat
1338 1238 1414 1308 (α)
1438 1253 1742 1306 superesse,

157 1327 246 1378 cui
274 1326 649 1380 Ecclesiarum
675 1341 861 1380 curam
895 1328 1154 1390 deferret,
1185 1329 1458 1382 neminem
1493 1343 1656 1397 quem
1691 1337 1747 1381 et

155 1417 534 1470 molestiarum
577 1428 630 1472 et
675 1419 876 1474 laetitia:
909 1419 1116 1472 sociam
1149 1419 1394 1472 haberet.
1433 1418 1629 1471 lncidit
1655 1432 1746 1472 eo-

158 1523 282 1561 rum
313 1509 572 1562 amicitia:
601 1508 897 1563 difﬁcultas
921 1510 1186 1578 quaadam,
1215 1524 1336 1578 qua:
1361 1510 1575 1577 longius
1612 1525 1741 1578 pro-

157 1601 447 1666 cessisset,
481 1601 524 1654 si
572 1617 676 1655 non
708 1616 918 1655 summa
961 1601 1155 1655 fuisset
1197 1604 1248 1654 in
1289 1600 1490 1657 Basilio
1521 1601 1743 1657 lenitas.

156 1691 387 1746 Plurimi
437 1694 653 1764 Ancyra
688 1694 995 1748 Caesaream
1047 1696 1328 1748 venientes
1379 1692 1455 1765 (ὑ)
1509 1710 1617 1748 ιιιιο
1646 1711 1741 1750 ore

157 1779 359 1834 Basilio
391 1786 710 1836 nuntiarunt
736 1784 1096 1838 Athanasium
1125 1785 1172 1837 ei
1199 1799 1522 1838 succensere
1552 1800 1614 1839 ac
1644 1787 1744 1839 mi-
1776 1762 1816 1814 Β

153 1889 254 1927 nas
281 1876 451 1928 etiam
477 1874 994 1942 aliquasintentarc.
1016 1874 1185 1929 Nemo
1211 1885 1327 1928 erat
1357 1891 1421 1929 ex
1445 1875 1743 1930 Cmsarien-

152 1965 308 2019 sibus
361 1966 635 2036 Ancyram
691 1967 1200 2035 proficiscentibus,
1239 1966 1394 2035 cujus
1440 1982 1601 2021 aures
1637 1969 1739 2023 hoc

149 2057 446 2109 Athanasii
478 2071 728 2111 sermone
764 2072 871 2111 non
908 2057 1450 2122 cireumsonuissent,
1473 2058 1680 2112 scilicet
1711 2074 1740 2113 ει

151 2148 358 2202 Basilio
384 2165 555 2202 noxas
579 2150 837 2215 quasdam
867 2150 1023 2202 scribi
1065 2160 1110 2202 et
1150 2152 1414 2218 componi.
1451 2150 1546 2204 llis
1594 2151 1738 2206 enim

149 2241 339 2293 verbis
367 2255 529 2294 usum
569 2253 688 2294 esse
711 2240 1032 2294 asserebant
1065 2241 1448 2306 Athanasium,
1484 2242 1575 2311 qui
1616 2243 1743 2297 toti-

151 2334 278 2386 dem
309 2333 498 2387 verbis
532 2332 673 2385 illius
695 2333 837 2386 dicta
866 2333 1197 2387 referebant.
1227 2331 1450 2396 Basilio,
1476 2335 1566 2402 qui
1593 2333 1738 2403 jam-

147 2426 360 2478 dudum
397 2426 761 2478 bumanarum
789 2439 969 2478 rerum
996 2425 1424 2480 imbecillitatem
1449 2441 1740 2494 perspexe-

146 2525 263 2578 rat,
307 2515 449 2568 nihil
486 2518 920 2585 inexspectatum
949 2526 1101 2579 erat;
1135 2515 1229 2570 sed
1258 2519 1740 2572 tamenvehemen-

147 2616 241 2661 ter
277 2608 518 2661 miratus
553 2617 658 2672 est,
690 2621 753 2661 ac
785 2607 958 2660 instar
985 2607 1212 2660 monstri
1239 2622 1361 2661 esse
1401 2610 1738 2678 daxit,qnod

148 2709 306 2752 tanta
332 2700 436 2754 sibi
468 2700 664 2768 injuria
692 2700 760 2752 ab
794 2698 1016 2752 homine
1042 2707 1094 2751 et
1122 2699 1369 2752 veritatis
1406 2708 1461 2754 et
1489 2700 1735 2756 charita-

146 2791 221 2844 tis
273 2791 694 2844 servantissimo
725 2789 898 2843 ﬁeret.
947 2786 1178 2841 Causam
1219 2789 1460 2858 reperire
1494 2805 1597 2844 non
1627 2806 1730 2860 po-

147 2893 317 2946 terat,
351 2898 456 2936 cur
492 2884 574 2937 sui
619 2883 802 2936 odium
834 2883 1066 2951 cepisset
1117 2882 1475 2935 Athanasium
1507 2901 1520 2936 :
1559 2883 1737 2951 suspi-

146 2977 384 3029 cabatur
408 2974 645 3043 aliquem
675 2989 742 3028 ex
767 2974 1044 3029 haereticis
1079 2975 1276 3042 scripta
1301 2990 1394 3028 sua
1422 2975 1523 3030 sub
1547 2976 1733 3030 Basilii

146 3067 375 3122 nomine
398 3067 736 3121 venditasse.
776 3066 964 3135 Itaque
994 3066 1266 3135 peramice
1303 3082 1427 3120 cum
1466 3082 1532 3121 eo
1565 3083 1735 3138 expo-

144 3158 336 3223 stulat,
379 3158 526 3227 quod
563 3173 670 3212 non
703 3157 1003 3226 scripserit,
1039 3167 1134 3210 aut
1165 3158 1358 3212 saltem
1401 3174 1507 3212 non
1543 3176 1602 3215 se
1631 3177 1722 3216 ac-

141 3251 462 3316 eersiverit,
490 3259 584 3302 aut
607 3265 702 3318 per
732 3249 898 3302 [idum
941 3249 1176 3318 aliquem
1222 3252 1455 3304 amicum
1490 3253 1731 3307 dolorem

143 3344 573 3413 signiﬁcaverit.
609 3343 785 3410 Rogat
822 3352 901 3406 ιιι,
946 3342 990 3396 si
1029 3357 1088 3396 se
1122 3342 1189 3396 ab
1217 3343 1319 3396 hac
1368 3344 1733 3400 sollicitudine

142 3436 386 3490 liberare
431 3435 579 3500 velit,
610 3436 810 3504 quibus
833 3435 898 3488 de
915 3435 1092 3489 causis
1112 3435 1176 3486 ad
1205 3435 1342 3489 hanc
1370 3433 1727 3491 offensionem

143 3529 418 3581 adductus
457 3528 548 3590 sit,
590 3536 775 3596 aperte
814 3526 1070 3579 declaret.

216 3619 442 3687 Scripta
464 3628 545 3671 est
575 3623 686 3671 haic
721 3616 945 3685 epistola
970 3617 1040 3671 9.5
1070 3632 1180 3670 non
1225 3617 1414 3672 multis
1437 3627 1562 3672 ante
1595 3634 1734 3672 mor-

146 3720 251 3764 tem
288 3711 582 3764 Athanasii
617 3710 794 3763 annis.
817 3709 936 3763 Jam
967 3710 1112 3762 enim
1146 3709 1380 3765 Basilius
1419 3712 1650 3766 veritate
1680 3720 1735 3765 et

144 3803 365 3871 scriptis
410 3811 469 3854 et
509 3799 668 3855 l‘actis
712 3799 1054 3854 defendenda
1107 3816 1361 3870 magnum
1393 3801 1498 3854 sibi
1534 3815 1728 3854 nomen

145 3902 478 3965 pepererat;
526 3907 591 3948 ac
627 3901 928 3961 temporum
959 3890 1223 3945 molestiis
1255 3892 1326 3944 ita
1370 3893 1610 3945 animum
1647 3908 1732 3946 as-

147 3988 478 4050 suefecerat,
508 3996 568 4038 ut
599 3985 795 4039 nullius
818 3983 933 4051 jam
957 3984 1193 4038 hominis
1221 3999 1351 4053 erga
1377 3999 1436 4038 se
1472 3985 1730 4037 immuta-

146 4083 222 4135 tio
252 4066 635 4149 inexspeCtata
661 4078 761 4146 ipsi
791 4078 1090 4132 videretur.
1128 4077 1219 4131 Sic
1267 4085 1450 4130 autem
1481 4077 1726 4129 Athana-

143 4173 211 4224 sii
241 4184 478 4225 mortem
517 4167 677 4222 deﬂet
716 4168 767 4221 in
803 4168 962 4236 epist.
998 4168 1067 4221 29
1091 4209 1106 4233 ,
1151 4169 1231 4222 sic
1275 4169 1550 4221 desiderat
1581 4183 1732 4221 sum-

143 4281 290 4317 mum
321 4264 477 4316 illum
527 4263 726 4326 virum,
763 4276 923 4328 quem
979 4261 1288 4314 columnam
1319 4269 1373 4313 et
1411 4260 1727 4312 ﬁrmamen-

143 4364 257 4409 tum
288 4354 558 4409 Ecclesia‘:
587 4361 772 4416 vocat;
809 4362 1125 4419 tantamque
1169 4351 1312 4404 illius
1347 4349 1726 4416 mortejactu-

1851 517 1934 562 est
1968 509 2083 561 hzec
2141 505 2366 574 epistola
2412 505 2646 558 nondmn
2682 507 2864 574 elapsa
2915 507 3110 569 hieme,
3148 515 3205 559 ut
3237 521 3301 560 ex
3340 508 3423 560 his

1851 601 2032 653 verbis
2074 597 2303 666 perspici
2353 605 2527 665 potesr
2561 613 2574 648 :
2626 595 2687 649 Si
2719 613 2894 650 antnes
2929 599 3110 650 ordine
3143 596 3422 650 scriberem

1851 706 2061 751 Causas,
2101 689 2287 757 quibus
2319 689 2375 740 in
2416 690 2554 742 hunc
2589 705 2750 758 usque
2792 690 2926 740 diem
2971 699 3207 740 detentus
3235 703 3422 740 sum...

1849 782 2056 836 morbos
2090 783 2299 850 quidem
2329 781 2463 834 alios
2494 781 2615 834 aliis
2657 783 3010 842 succedentes,
3036 783 3220 834 hiemis
3255 780 3422 832 mole-

1848 876 2026 937 stium,
2059 874 2381 942 negotiorum
2428 873 2830 926 continuiwtent
2862 874 3044 924 omitto
3091 873 3283 935 dicere,
3315 879 3421 924 etc.

1850 964 2028 1030 Quare
2063 981 2250 1019 errore
2293 980 2398 1018 non
2445 973 2638 1019 carent
2668 964 3050 1017 ecclesiasticae
3097 963 3326 1025 tabula),
3367 962 3418 1014 in

1850 1059 2041 1126 quibus
2065 1073 2209 1111 mors
2248 1057 2304 1110 S.
2336 1057 2610 1110 Emmelize
2625 1059 2842 1126 ponitur
2858 1057 2944 1111 die
2967 1057 3240 1110 tricesimo
3274 1054 3419 1109 Maii.

1852 1149 2145 1202 Enamerat
2179 1151 2322 1204 enim
2344 1150 2575 1202 Basilius
2592 1150 2822 1202 hiemem
2848 1149 2990 1202 inter
3013 1149 3419 1214 impedimenta,

1848 1241 2042 1309 quibus
2074 1242 2332 1295 hactenus
2359 1243 2606 1295 detentus
2639 1240 2834 1294 fuerat.
2868 1239 2944 1291 Eo
2976 1239 3308 1308 probabilius
3335 1247 3419 1292 est

1848 1335 1988 1388 hanc
2014 1334 2292 1402 epistolam
2329 1349 2433 1387 non
2458 1334 2714 1402 scriptam
2737 1347 2856 1386 esse
2877 1347 3060 1386 mense
3077 1331 3257 1396 Juuio,
3277 1330 3422 1401 quod

1847 1427 2008 1480 aliam
2041 1427 2272 1481 Basilius
2309 1437 2497 1495 postea
2525 1427 2590 1480 ad
2615 1427 2866 1480 eumdem
2895 1424 3187 1478 Eusebium
3213 1427 3421 1494 episto-

1849 1516 1954 1569 lam
2001 1518 2286 1584 scripserit
2321 1518 2427 1586 (d),
2458 1529 2748 1586 antequam
2783 1516 2953 1568 fames
2993 1516 3264 1568 desiisset.
3295 1513 3421 1568 Sola

1847 1610 1992 1663 enim
2022 1610 2165 1665 fame
2188 1611 2555 1674 detinebatur,
2592 1610 2882 1678 quominus
2925 1609 3281 1661 comitaretur
3310 1606 3419 1676 Hy-

1847 1702 2072 1768 patium,
2100 1702 2564 1770 consanguineam
2601 1715 2780 1763 suam,
2819 1701 3008 1752 morbo
3039 1700 3269 1767 quodam
3301 1699 3421 1752 lan-

1849 1794 2140 1860 guentemi,
2173 1791 2223 1844 in
2252 1807 2357 1859 quo
2388 1790 2627 1842 curando
2656 1799 2970 1843 consuetum
2988 1804 3293 1843 successum
3313 1803 3420 1843 non

1850 1882 2156 1934 habuerant
2195 1880 2292 1932 viri
2333 1878 2491 1933 donis
2533 1879 2874 1932 curationum
2929 1877 3206 1930 instructi.
3241 1877 3422 1943 Quare

1844 1972 2072 2026 Basilius
2097 1972 2161 2024 ad
2199 1971 2332 2024 alios
2372 1969 2789 2037 confugiendum
2820 1977 2987 2032 ratus,
3013 1967 3302 2020 Eusebium
3332 1983 3420 2022 r0-

1845 2071 1959 2131 gat,
1990 2071 2045 2114 ut
2077 2061 2514 2130 religiosissimos
2544 2060 2769 2112 fratrum
2802 2058 3154 2126 (monasterii
3189 2057 3419 2126 alicujus

1845 2162 2061 2206 ascetas
2088 2152 2300 2205 videtur
2329 2151 2645 2220 designare)
2679 2150 2745 2202 ad
2780 2164 2838 2203 se
2881 2159 3151 2213 accersat,
3193 2149 3283 2218 qui
3317 2151 3418 2203 sub

1845 2245 2015 2312 ipsius
2039 2246 2211 2300 oculis
2245 2245 2480 2316 llypatio
2511 2245 2864 2308 medeantur;
2898 2243 2980 2297 vel
3003 2243 3192 2297 saltem
3221 2243 3290 2298 ad
3324 2257 3418 2298 eos

1843 2335 2136 2408 Hypatium
2173 2339 2353 2392 mittat
2382 2337 2579 2390 litteris
2603 2335 2714 2389 suis
2751 2335 3040 2387 munitum.

1919 2431 2004 2484 IV'.
2031 2429 2184 2484 Nunc
2218 2429 2594 2500 exponendam
2639 2426 2795 2479 nobis
2826 2436 2930 2489 est,
2967 2425 3164 2493 quibus
3197 2424 3417 2478 adducti

1843 2529 2147 2586 rationibus
2175 2525 2240 2579 ad
2276 2538 2476 2576 annum
2509 2521 2612 2576 ’568
2645 2530 2698 2573 et
2746 2519 2848 2574 369
2890 2518 2988 2572 hos
3012 2526 3236 2571 eventus
3276 2515 3420 2571 refe~

1843 2636 2048 2684 ramus,
2086 2618 2284 2687 quibus
2303 2612 2681 2668 Tillemontius
2718 2621 2770 2665 et
2811 2610 3057 2679 plerique
3096 2609 3187 2662 alii
3212 2623 3415 2661 annum

1851 2714 1959 2767 575
1997 2713 2296 2778 assignant,
2335 2706 2534 2775 Pagius
2571 2719 2719 2767 vero,
2753 2705 2842 2771 qui
2887 2703 3116 2756 aliorum
3173 2715 3416 2754 errorem

1840 2805 1946 2858 alio
1965 2801 2215 2874 graviore
2237 2801 2510 2860 emendat,
2547 2811 2743 2849 annum
2772 2794 2897 2850 370.
2930 2794 2990 2845 1°
3014 2793 3225 2846 Nullam
3259 2807 3418 2860 pror-

1839 2913 1931 2952 sus
1958 2894 2196 2950 occurrit
2235 2895 2288 2945 in
2322 2899 2434 2945 toto
2472 2889 2787 2957 episcopatu
2835 2885 3020 2939 Basilii
3069 2895 3317 2952 tempus,
3354 2884 3410 2938 in

1839 3003 1946 3057 quo
1969 2983 2231 3056 ejusmodi
2254 2990 2480 3036 eventus
2503 2978 2756 3048 conjungi
2777 2978 3003 3046 possint,
3021 2987 3078 3030 ιιι
3103 2978 3152 3030 in
3178 2977 3261 3032 bis
3277 2991 3415 3046 quas

1761 3101 1802 3158 ρ
1837 3075 2211 3131 recensuimus
2252 3069 2497 3141 epistolis
2540 3068 2980 3137 conjunguntur:
3025 3082 3216 3134 nempe
3263 3082 3414 3122 more

1843 3165 2072 3220 Musonii
2100 3174 2152 3216 et
2181 3160 2460 3216 Athanasii
2487 3158 2761 3229 Ancyrani
2793 3173 2857 3211 ac
2887 3167 3086 3212 sancta:
3118 3156 3411 3220 Emmelize,

1843 3257 2092 3311 diuturna
2132 3251 2306 3304 futues
2339 3248 2600 3302 Basiliam
2639 3262 2705 3300 ex
2737 3248 3010 3300 continuis
3036 3246 3406 3323 occupationi-

1839 3351 1940 3405 bus
1966 3347 2233 3416 respirare
2258 3359 2361 3398 non
2391 3343 2598 3403 sinens,
2625 3339 2906 3393 consilium
2939 3339 3100 3393 eundi
3122 3340 3409 3392 Samosata

1841 3457 1940 3510 per
1988 3440 2257 3508 integrum
2295 3450 2518 3496 annum,
2558 3432 2610 3485 id
2645 3440 2748 3494 est,
2780 3447 2874 3499 per
2923 3433 3058 3484 duas
3098 3440 3318 3483 aestates
3351 3444 3416 3483 ac

1843 3541 2003 3579 unam
2039 3526 2271 3578 hiemem
2317 3521 2420 3573 hac
2470 3518 2614 3570 fame
2651 3517 3072 3585 interpellatum.
3107 3515 3189 3568 Nil
3233 3515 3414 3569 verbis

1840 3631 1975 3686 opus
2007 3623 2110 3678 est,
2143 3621 2201 3664 ut
2254 3611 2367 3664 haec
2401 3624 2544 3663 anno
2573 3607 2678 3662 570
2719 3623 2824 3661 non
2861 3608 3110 3661 evenisse
3146 3607 3365 3674 probem
3395 3642 3415 3672 ,

1841 3722 1948 3776 quo
1983 3705 2236 3760 Basiliam
2282 3716 2472 3756 recens
2505 3702 2810 3756 ordinatum
2847 3715 2953 3752 non
2983 3697 3154 3751 fames
3181 3711 3416 3765 occupa-

1839 3800 1952 3862 bat,
1988 3797 2079 3850 scd
2115 3794 2325 3864 negotia
2357 3795 2423 3846 ab
2455 3792 2728 3860 episcopis
2761 3792 2930 3858 ipsius
2953 3789 3206 3843 electioni
3243 3789 3414 3842 inter-

1840 3889 2152 3944 cedentibus
2195 3887 2431 3940 exhibita
2470 3885 2820 3946 detinebant,
2872 3896 2972 3935 nec
3007 3881 3291 3934 Samosata
3319 3893 3414 3933 co-

1839 3983 2039 4052 gilabat
2061 3980 2147 4050 (e),
2171 3979 2262 4032 sed
2289 3976 2576 4031 Eusebium
2616 3974 2898 4036 invitabat,
2932 3980 2988 4024 ut
3014 3971 3256 4037 sequenti
3285 3983 3412 4022 vere

1839 4073 2133 4128 Ecclesiam
2173 4070 2561 4124 Caesariensem
2596 4066 2880 4119 reviseret.
2917 4062 3034 4130 Ipse
3079 4060 3274 4128 Pagius
3304 4074 3410 4112 non

1839 4163 2087 4233 elegisset
2121 4162 2264 4215 hunc
2297 4174 2520 4223 annum,
2562 4157 2665 4211 nisi
2701 4155 3096 4209 ordinationem
3130 4149 3411 4217 reiecisset

1840 4257 1891 4310 in
1918 4271 2116 4308 annutn
2133 4255 2256 4308 371.
2281 4251 2492 4304 Nullum
2515 4250 2672 4302 lamis
2693 4246 2974 4314 vestigium
2999 4258 3141 4296 anno
3170 4242 3268 4296 571
3311 4239 3407 4310 (Ῑ).

1838 4349 2094 4402 Basiliam
2125 4346 2192 4401 ab
2224 4353 2485 4398 autumno
2517 4355 2684 4411 usque
2724 4340 2788 4392 ad
2817 4340 3018 4406 primos
3041 4349 3249 4390 menses
3281 4334 3409 4388 anni

143 4463 261 4500 tam
299 4446 503 4500 fecisse
550 4459 608 4498 se
645 4442 950 4512 signiﬁcat,
988 4450 1050 4496 ut
1099 4441 1254 4494 facile
1285 4450 1468 4511 pateat
1494 4455 1726 4493 nascen-
1763 4463 1804 4516 ι)
1840 4440 2139 4509 sequentis,
2170 4438 2433 4490 adventus
2467 4435 2816 4494 Arianorum,
2853 4427 3188 4497 exspectatio
3217 4425 3410 4478 Valen-

144 4548 254 4592 tem
289 4539 439 4591 inter
495 4550 591 4590 eos
641 4533 1032 4588 dissensionem
1089 4535 1200 4588 cito
1255 4533 1496 4587 sedatam
1541 4531 1726 4585 fuisse.

142 4628 410 4682 Hortatur
445 4629 790 4695 Ancyranos,
833 4634 890 4677 ut
922 4625 1213 4694 diligenter
1243 4633 1474 4678 caveant
1518 4639 1584 4678 ne
1608 4639 1730 4676 rur-

144 4734 240 4772 sus
271 4720 398 4773 lites
437 4727 492 4771 et
527 4717 808 4772 discordiae
841 4716 892 4768 in
921 4715 1044 4768 novi
1076 4715 1311 4784 episcopi
1336 4714 1606 4769 electione
1632 4729 1729 4767 na-

142 4819 389 4864 scantur.
424 4809 502 4861 De
529 4807 761 4861 Musonii
801 4815 855 4861 et
887 4807 1171 4860 Athanasii
1218 4807 1624 4861 successoribus
1651 4805 1730 4859 sic

143 4903 387 4972 loquitur
432 4899 688 4963 Basilius,
719 4907 780 4952 ut
814 4899 949 4952 nihil
983 4899 1113 4952 boni
1160 4897 1228 4952 ab
1263 4899 1342 4952 eis
1381 4907 1729 4966 exspectasse

144 4995 411 5049 videatur.
449 4992 816 5055 Neoctesarea,
843 4992 1129 5062 inquit_(c),
1157 5000 1203 5043 et
1225 4989 1430 5058 Ancyra
1460 4990 1584 5042 vim
1610 4998 1730 5042 sunt

144 5087 331 5139 habere
360 5099 692 5138 successores
729 5098 910 5136 eorum
939 5084 1029 5152 qui
1063 5083 1335 5145 obierunt,
1366 5089 1412 5133 et
1447 5082 1547 5132 huc
1571 5095 1732 5147 usque

145 5179 547 5243 conquiescunt.

216 5267 372 5322 Circa
411 5268 556 5320 idem
586 5274 798 5336 tempus
844 5280 907 5320 ac
939 5264 1216 5318 Musonius
1265 5271 1320 5317 et
1352 5261 1686 5316 Athanasius
1712 5301 1727 5325 ,

146 5360 280 5413 obiit
304 5359 365 5414 S.
395 5357 664 5412 Emmelia
699 5367 871 5413 mater
899 5357 1102 5424 Basilii,
1124 5358 1188 5412 de
1205 5354 1361 5424 cujus
1395 5363 1573 5431 morte
1609 5368 1730 5408 cer-

220 5537 297 5603 (ιι)
331 5536 433 5606 Ep.
460 5537 553 5592 9.9.

222 5608 294 5674 (ὁ)
324 5607 422 5673 Ep.
451 5607 544 5671 25,
582 5625 635 5663 n.
668 5609 721 5662 2.

220 5677 293 5744 (c)
323 5677 419 5744 Ep.
453 5677 548 5731 '50.

224 5749 298 5818 (Δ)
328 5747 427 5816 Ep.
449 5746 539 5800 51.

1845 4535 1911 4586 tis
1942 4547 2006 4587 ac
2037 4529 2232 4584 deinde
2260 4528 2370 4598 ipsa
2391 4525 2697 4595 persecutio
2728 4525 2806 4578 sic
2830 4523 3198 4582 detinuerunt,
3221 4528 3281 4572 ut
3306 4520 3409 4590 iter

1842 4624 2222 4678 Samosatense
2250 4622 2301 4673 in
2336 4627 2567 4672 mentem
2609 4615 2794 4669 venire
2821 4629 2924 4667 non
2955 4611 3218 4682 potuerit.
3250 4609 3407 4664 Anno

1838 4715 1963 4779 572,
1998 4713 2178 4768 statim
2226 4719 2344 4780 post
2377 4708 2582 4761 Pascha
2617 4708 2721 4760 iter
2755 4705 2830 4775 (g)
2882 4702 3098 4773 aliquod
3130 4701 3402 4770 suscepit,

1841 4819 2030 4857 mense
2084 4803 2226 4854 Maio
2257 4800 2401 4853 aliud
2433 4798 2509 4868 th)
2543 4799 2828 4852 meditatus
2871 4803 2978 4858 est,
3009 4793 3152 4862 quod
3191 4794 3256 4846 ad
3287 4793 3405 4846 exi-

1839 4907 1949 4951 tum
1984 4912 2085 4949 non
2123 4894 2393 4964 perduxit.
2428 4893 2532 4946 Sed
2583 4902 2769 4962 postea
2803 4888 3118 4943 Armeniam
3148 4901 3406 4956 peragra-

1837 4989 1933 5052 vit,
1970 4999 2033 5039 ac
2061 4985 2276 5038 tandem
2309 4983 2692 5036 suavissimum
2726 4978 2830 5033 mel
2860 4976 3115 5032 Ecclesiae
3145 4976 3404 5030 Samosa-

1836 5077 2002 5131 lensis
2036 5075 2360 5144 degustavit.
2393 5072 2538 5126 Nihil
2575 5085 2704 5140 ergo
2730 5085 2798 5125 ex
2827 5069 2913 5123 his
2947 5082 3067 5138 qua:
3085 5067 3401 5136 quaerimus,

1831 5167 2139 5236 suppeditat
2195 5181 2370 5220 annus
2423 5164 2550 5219 572.
2607 5162 2868 5230 Superest
2921 5174 3098 5213 annus
3149 5157 3277 5224 573,
3310 5159 3400 5226 qui

1835 5260 2070 5313 maxime
2101 5257 2308 5310 arridet
2337 5254 2700 5310 Tillemontio.
2733 5251 2868 5306 Nam
2897 5265 3039 5304 anno
3075 5247 3182 5303 574
3239 5255 3294 5302 et
3320 5263 3398 5302 se-

1832 5348 2128 5419 quentibus
2160 5346 2449 5401 exsulabat
2491 5341 2774 5401 Eusebius.
2821 5338 3145 5409 Reperimas
3179 5333 3400 5405 quidem

1908 5523 1977 5592 (θ)
2010 5522 2108 5589 Ep.
2142 5521 2231 5576 48.

1905 5595 1985 5663 (ι’)
2023 5595 2116 5661 Ep.
2153 5593 2242 5663 as,
2269 5593 2355 5648 7t.

1908 5661 1984 5804 iii
2022 5664 2120 5802 ἓξὲξ
2141 5661 2246 5786 ἐξ
