3820 6210
426 331 498 373 t.tt
1762 291 2126 350 PROLEGOM
2139 289 2222 344 EN
2236 291 2294 344 Α.

435 426 539 479 hoc
570 435 712 476 anno
749 418 1005 474 Basilium
1034 413 1297 470 inrisendi
1344 410 1560 466 Eusebii
1597 407 1877 477 promissis
1902 405 2000 458 ob-
2029 409 2074 462 Α
2104 411 2273 454 morte
2302 397 2523 449 amictos
2571 392 2768 446 litteris
2814 388 3159 444 amicissimis
3197 385 3503 441 consolatus
3527 384 3647 442 fuis-

432 517 707 571 stric-tutn.
745 513 812 566 At
840 526 938 565 cur
974 508 1239 578 promissa
1284 521 1388 557 non
1429 501 1748 572 perfecerit,
1793 498 2001 566 gravis-
2103 492 2220 545 set?
2254 491 2347 543 llis
2375 488 2510 541 adde
2551 486 2602 538 in
2631 483 2885 550 opinione
2927 480 3252 534 Tilleniontii
3283 477 3538 545 explicari
3572 479 3648 533 vix

430 608 625 661 simum
662 605 902 656 morbum
926 599 1215 653 ext-usatin
1240 597 1480 664 pluribus
1500 593 1741 662 epistolis
1763 591 1860 660 (τι),
1887 605 2005 642 nus-
2105 596 2284 650 posse.
2329 578 2598 646 quomodo
2643 575 2893 636 BuSiliUSi
2928 571 3020 640 (Ιυί
3066 585 3124 625 se
3173 569 3326 622 ίηίιίο
3353 569 3650 622 ῐῐιοηδεῑίαν

432 711 591 765 quam
623 695 839 748 famem.
868 693 923 745 ιη
942 691 1166 760 epistola
1190 689 1314 753 145,
1339 687 1807 756 apprOpinquanlc
1829 684 2003 735 hieme
2103 667 2477 737 professionis,
2510 675 2569 718 ut
2599 679 2761 732 supra
2795 663 3046 727 vidimus,
3083 660 3335 713 omnibus
3365 658 3527 711 rebus
3560 674 3651 711 nu-

433 791 658 857 scripta,
703 784 826 840 cuni
854 799 1004 853 spent
1054 797 1267 835 onmem
1305 779 1596 847 altjecissct
1623 774 1872 829 visilandi
1906 772 2004 824 Eu-
2104 764 2346 822 daverat,
2379 759 2579 827 quique
2610 758 2711 811 hoc
2742 756 3043 810 institutum
3068 753 3521 821 amplectentibus
3545 751 3655 802 nul-

432 880 590 946 sebii,
627 878 828 931 morbis
859 874 1206 936 debilitatus,
1247 872 1420 938 ipsum
1444 868 1507 920 ali
1536 883 1593 920 se
1625 866 1833 918 invitat.
1863 863 2003 915 ttor-
2108 849 2212 903 lius
2247 849 2468 903 omnino
2500 847 2796 900 retinendae
2828 845 2902 899 rei
2935 843 3206 897 licentiam
3255 843 3524 904 concedit.
3572 855 3660 894 suo

432 970 559 1022 hum
590 976 644 1021 et
672 967 903 1020 hiemem
928 972 1185 1017 causatur
1213 963 1265 1013 itt
1309 958 1534 1026 epistola
1572 956 1638 1008 ad
1684 953 1938 1022 Evagriut

2150 952 2288 991 tmen
2326 937 2654 1005 patrimonio
2684 930 3498 1002 pauperes-presbyterjnverit.
3522 933 3587 983 At
3612 931 3658 984 id

432 1077 533 1112 cur
587 1059 638 1112 iit
686 1057 1000 1109 Armeniam
1037 1052 1303 1123 proficisci
1331 1067 1433 1103 non
1464 1049 1652 1118 possit.
1687 1046 1803 1102 Uno
1836 1034 1940 1097 verl

2149 1029 2251 1082 ullo
2279 1028 2491 1097 negotio
2517 1027 2795 1080 solvimus.
2818 1023 3060 1078 Nondum
3079 1024 3314 1076 desierat
3339 1023 3530 1083 fames.
3548 1036 3657 1074 cum

434 1151 642 1205 nullum
678 1164 902 1218 prorsus
941 1149 1044 1201 hoc
1076 1161 1217 1198 anno
1258 1143 1514 1196 indicium
1558 1140 1714 1193 famis
1747 1147 1839 1191 aut
1864 1139 1942 1189 inc

2150 1122 2294 1175 ialris
2327 1129 2501 1174 morte
2535 1119 2600 1173 ad
2641 1133 2762 1172 eum
2793 1118 2933 1172 bona
2978 1116 3276 1180 redierunt,
3319 1130 3442 1184 quae
3488 1115 3658 1168 statim

433 1242 632 1309 pientis
663 1251 755 1292 aut
788 1237 1105 1293 desinentis.
1145 1235 1313 1288 Nemo
1377 1233 1572 1284 famem
1606 1244 1748 1282 anno
1770 1227 1876 1282 575
1909 1227 2003 1278 de-
2107 1223 2328 1281 urgetlle
2354 1213 2493 1265 fatue
2523 1212 2573 1264 in
2605 1225 2871 1279 pauperes
2903 1207 3114 1262 effudit.

432 1334 590 1388 siisse
635 1331 850 1386 dixerit.
909 1330 1018 1383 llae
1053 1329 1194 1381 enim
1236 1327 1420 1380 sedata
1479 1322 1775 1376 Eusebium
1816 1318 2003 1372 invisit
2173 1303 2403 1357 Necesse
2427 1303 2527 1356 Γυίί
2557 1303 2608 1356 in
2643 1303 2726 1356 “i5
2757 1301 3051 1372 Pmbandis
3085 1299 3390 1362 immorari,
3418 1299 3544 1369 (Ιηῖει
3560 1314 3660 1353 Πιδ-

433 1426 688 1488 Basilius,
725 1425 865 1493 quod
891 1423 1106 1491 quidem
1155 1433 1296 1471 anno
1328 1418 1432 1469 575
1465 1414 1723 1483 perlicere
1767 1426 1870 1465 non
1905 1425 2002 1478 ρο-
2103 1397 2234 1450 xitni
2258 1405 2381 1450 sunt
2409 1396 2662 1449 momenti
2691 1394 2755 1446 ad
2778 1394 3022 1447 ordinem
3060 1405 3238 1444 rerum
3270 1391 3457 1444 Basilii
3486 1400 3656 1460 gesta-

436 1519 556 1570 tuit.
594 1481 792 1569 Eadem
817 1481 980 1568 causa
1020 1511 1177 1563 famis
1220 1509 1428 1562 initiutn
1462 1481 1526 1559 ad
1553 1519 1751 1556 annum
1777 1502 1882 1555 373
1913 1516 2000 1555 reo
2104 1505 2244 1544 Γυῐιιο
2274 1490 2380 1542 Sed
2411 1487 2598 1558 ObjiCil-
2637 1486 3015 1540 Tillemonlills
3048 1483 3128 1554 (Ῐ)
3173 1482 3432 1537 335mm“
3463 1483 3516 1535 in
3553 1481 3660 1550 6Ρὶ-

354 1678 364 1687 .
437 1609 580 1662 ferre
604 1623 707 1660 non
735 1607 861 1660 sinit
888 1623 900 1658 :
939 1604 1202 1672 siquidem
1234 1601 1320 1654 illa
1354 1613 1496 1652 anno
1521 1597 1768 1664 sequenti
1795 1595 1862 1649 sol

2156 1583 2238 1637 ola
2267 1582 2354 1647 50,
2376 1582 2455 1634 sic
2487 1581 2552 1634 de
2581 1579 2916 1648 negotiorum
2949 1590 3170 1630 suorum
3209 1573 3591 1644 perpetuitate,
3614 1581 3662 1624 et

2195 1675 2206 1686 .
2600 1681 2610 1687 _
3039 1678 3080 1687 __
3300 1666 3636 1687 ,κηλεηᾷ

435 1701 670 1755 Basilius
701 1700 983 1754 SamOsata
1032 1697 1204 1766 petiit.
1258 1697 1328 1748 At
1378 1708 1520 1747 anno
1569 1692 1673 1744 574
1723 1691 1943 1746 exsulah

2155 1674 2408 1728 :insidiis
2439 1673 2540 1727 sibi
2569 1671 2793 1725 structis
2829 1669 2996 1738 loqui,
3030 1678 3085 1722 et
3133 1682 3257 1722 cum
3300 1666 3537 1721 Eusebio
3559 1667 3663 1734 epi-

436 1791 720 1844 Ensebius.
747 1789 1020 1842 Immerito
1047 1803 1174 1855 ergo
1200 1785 1577 1838 Tillemontius
1614 1791 1843 1835 mortem
1891 1781 2006 1834 Mu—
2036 1757 2076 1810 Β
2107 1783 2272 1836 SCOPO
2295 1777 2346 1821 Cl
2373 1765 2672 1820 AlhallaSiO
2707 1763 2998 1831 Ancyrano
3029 1761 3108 1814 Sic
3140 1774 3322 1829 agere.
3365 1768 3425 1812 ιιι
3451 1759 3661 1813 άιιὺὶυηι

435 1880 602 1942 sonii,
644 1878 925 1930 Athanasii
960 1887 1016 1929 et
1060 1850 1135 1929 δῖ
1155 1871 1430 1926 Emtnelite
1477 1884 1620 1924 anno
1651 1867 1756 1921 575
1786 1865 2004 1921 exeunti
2107 1875 2228 1915 esse
2264 1874 2366 1914 non
2399 1860 2588 1927 possit,
2617 1857 2746 1924 quin
2778 1865 2905 1908 tunc
2924 1855 3209 1922 episc0pus
3236 1851 3422 1906 fuerit.
3454 1850 3666 1906 Videtur

437 1967 652 2035 adigere
680 1975 924 2021 conatur.
2108 1953 2269 2006 etiam
2298 1950 2399 2004 sibi
2428 1949 2760 2003 certissimas
2794 1957 2948 2000 notas
2971 1945 3315 2014 episcopatus
3338 1945 3660 2013 perspicere,

504 2034 563 2112 26
594 2058 865 2112 Habemus
895 2054 1258 2111 certissimum
1289 2050 1536 2121 Gregorii
1586 2048 1819 2120 Nysseni
1851 2045 2005 2100 testi—
2107 2061 2228 2099 cum
2262 2043 2339 2097 ait
2358 2040 2584 2096 Basilius
2606 2040 2678 2110 (g)
2699 2054 2880 2094 secum
2905 2037 3202 2091 Musonium
3233 2034 3667 2090 adEcclesiarum

436 2151 700 2210 monium,
732 2148 820 2216 qui
847 2156 1130 2216 postquam
1164 2154 1394 2196 mortem
1431 2150 1485 2196 et
1517 2140 1849 2210 sepulturam
1900 2150 2010 2190 tna-
2109 2135 2540 2205 pacificationem
2580 2149 2684 2187 non
2734 2131 3079 2188 concurrisse
3110 2169 3126 2193 ,
3180 2129 3275 2183 sed
3324 2137 3505 2183 tamen
3555 2141 3667 2181 eum

439 2242 537 2297 tris
571 2240 832 2304 narravit,
856 2240 1036 2294 statim
1061 2237 1138 2291 sic
1159 2234 1334 2306 pergit
1365 2234 1439 2304 (ὑ)
1470 2249 1485 2287 :
1529 2234 1617 2286 Ἐν
1643 2231 1816 2302 τούτῳ
1845 2233 1875 2284 ὁ
1907 2247 2006 2283 πο-
2109 2242 2322 2295 semper
2351 2241 2380 2278 a
2405 2241 2462 2280 se
2495 2226 2562 2279 ad
2597 2221 2983 2294 oppugnandos
3031 2218 3315 2274 haereticos
3356 2219 3668 2273 advocatum

435 2335 532 2396 λὺς
557 2335 613 2385 ἐν
645 2333 819 2400 ἁγίοις
848 2330 1124 2391 Βασίλειος
1147 2328 1247 2396 τῆς
1275 2327 1515 2397 μεγάλης
1530 2323 1852 2394 Καισαρέων
1881 2322 1943 2374 Ἐκ

2159 2320 2276 2372 tisse
2312 2333 2325 2371 :
2361 2315 2443 2370 vel
2467 2331 2586 2370 cum
2625 2315 2755 2369 dicit
2803 2323 3023 2367 mortuo
3066 2310 3366 2366 Athanasio
3399 2327 3414 2364 :
3456 2307 3667 2364 Cuinam

439 2426 666 2496 κλησίας
696 2424 973 2493 ἀνεδείχθη
997 2423 1303 2492 προστάτης
1332 2438 1343 2450 ·
1377 2419 1434 2482 ὃς
1465 2419 1557 2470 ἐπὶ
1579 2416 1666 2469 τὸν
1697 2415 1892 2484 κλῆρον
1911 2417 1947 2464 τ³

1837 2431 1892 2467 ον
1911 2413 2008 2482 τῆς
2109 2413 2350 2481 deinreps
2392 2409 2750 2464 Ecclesiarum
2786 2423 2971 2460 curam
3008 2404 3344 2474 deferemus?

437 2521 498 2575 ὲν
637 2515 1040 2586 πρεσϐυτερείῳ
1098 2513 1416 2584 ἱερωσύνης,
1451 2511 1542 2563 τὸν
1576 2507 1801 2574 ἀδελφὸν
1838 2505 1937 2574 ἄγε

2183 2503 2288 2558 Sed
2331 2501 2624 2556 t°facilem
2664 2509 2718 2554 et
2761 2497 3062 2568 expeditam
3103 2495 3514 2565 responsionem
3557 2505 3671 2560 snp-

437 2613 558 2673 ταῖς
589 2609 875 2679 μυστικαῖς
920 2605 1111 2658 ἑαυτοῦ
1157 2603 1491 2675 ἱερουργίαις
1521 2597 1834 2672 ἀφιερώσας
1857 2613 1870 2625 ⁸
1915 2615 1945 2650 κ

2163 2597 2372 2659 :ditant,
2411 2609 2531 2648 cum
2587 2594 2699 2662 ipsa
2753 2590 3105 2646 Caesariensis
3135 2588 3400 2652 Ecclesia,
3455 2585 3671 2654 quaajus

439 2703 497 2753 ἐν
541 2699 714 2769 τούτῳ
779 2697 939 2750 πάλιν
983 2698 1166 2758 αὐτοῖς
1201 2696 1294 2748 ἐπὶ
1345 2695 1406 2746 τὸ
1460 2692 1780 2763 σεμνότερόν
1819 2707 1876 2742 τε
1915 2707 1947 2742 κ

2163 2689 2456 2743 tarchicum
2484 2686 2736 2750 habebat,
2765 2693 2876 2736 tum
2899 2681 3083 2734 Basilii
3110 2681 3162 2734 in
3185 2681 3284 2734 hac
3313 2677 3556 2733 Ecclesia
3585 2692 3671 2729 au-

438 2790 738 2861 ἁγιώτερον
781 2789 977 2861 προῄει
1015 2791 1042 2840 ὁ
1085 2786 1226 2857 βίος,
1267 2789 1332 2857 τῇ
1372 2785 1638 2857 ἱερωσύνῃ
1671 2783 1770 2853 τῆς
1801 2780 1946 2850 φιλοσ

2156 2781 2359 2846 toritas,
2394 2794 2552 2846 quem
2581 2775 2876 2844 Gregorius
2910 2773 3281 2827 Nazianzenus
3311 2771 3390 2842 (Ιι)
3427 2777 3664 2831 testatur,

440 2882 572 2951 φίας
603 2860 1024 2949 ἐπαυξηθείσης.
1065 2877 1196 2931 Tum
1230 2877 1451 2946 insignis
1484 2877 1619 2930 inter
1644 2885 1854 2929 sanctos
1899 2871 2009 2926 Ba-
2111 2873 2211 2928 etsi
2238 2871 2496 2928 cathedra
2541 2869 2876 2933 inferiorem,
2921 2867 3174 2921 Ecclesia:
3218 2863 3510 2932 imperium
3545 2860 3672 2915 obti-

443 2977 592 3028 silius
621 2990 822 3043 magna:
846 2971 1252 3028 Cwsariensium
1297 2968 1546 3023 Ecclesia:
1579 2967 1874 3021 declaratus
1901 2981 1999 3018 on-
2113 2961 2314 3013 nuisse.
2348 2959 2442 3012 His
2475 2958 2610 3012 adde
2644 2957 2882 3010 maxima
2915 2954 3140 3024 ingenii,
3173 2953 3462 3019 doctrinae,
3486 2960 3541 3004 et
3573 2949 3672 3003 vir-

442 3068 614 3130 ristes,
643 3042 732 3133 qui
781 3065 836 3117 in
882 3063 1082 3116 clerum
1127 3063 1404 3116 sacerdotii
1437 3061 1853 3130 presbyterorum
1893 3059 2005 3125 fra-
2038 3097 2082 3154 ϐ
2115 3051 2244 3104 tutis
2269 3058 2607 3114 ornamenta,
2632 3047 2829 3116 quibus
2855 3045 3090 3114 episcopi
3117 3053 3324 3097 tantum
3352 3042 3670 3102 tribuebant,

725 3152 732 3154 .
946 3153 951 3154 ,
1327 3150 1388 3154 Α-
1757 3151 1767 3154 ,
2159 3151 2168 3154 -
2409 3139 2440 3154 ..
2561 3138 2570 3154 .
2647 3149 2656 3154 .
2747 3153 2753 3154 ,
3399 3132 3645 3154 -._-_=.-

444 3166 576 3206 trem
627 3152 792 3206 ere/tit
813 3194 828 3216 ,
871 3153 979 3205 suis
1023 3168 1138 3204 eum
1182 3150 1415 3220 mysticis
1452 3151 1794 3204 sacramentis
1828 3164 2011 3200 conse-
2039 3132 2082 3154 υ
2117 3151 2175 3194 ιιι
2200 3156 2321 3194 eum
2356 3139 2531 3192 adhuc
2561 3138 2814 3192 lectorem
2847 3134 3369 3203 Constantinopolim
3397 3133 3468 3187 ad
3490 3132 3669 3186 verita-

444 3260 639 3307 crans;
675 3253 884 3314 tumque
927 3244 1032 3296 illis
1073 3245 1140 3295 ad
1176 3243 1429 3310 majorem
1475 3241 1782 3310 gravitatem
1817 3249 1864 3292 et
1891 3256 2014 3292 san-
2120 3231 2186 3284 lis
2216 3229 2581 3284 defensionem
2623 3227 3043 3291 accersiverint,
3081 3234 3135 3278 ct
3172 3241 3292 3278 cum
3319 3238 3382 3279 eo
3416 3225 3482 3278 de
3507 3222 3666 3278 maxi-

445 3339 680 3388 ctitatem
740 3336 845 3388 vita
906 3335 1286 3403 progreditur,
1345 3341 1567 3400 augente
1627 3329 2016 3398 pltt'losOpItiam
2118 3321 2222 3374 tuis
2283 3320 2444 3373 rebus
2503 3319 2855 3387 Lampsacum
2922 3315 3217 3384 profecturi
3287 3315 3668 3370 deliberarent.

445 3427 757 3480 sacerdotio.
781 3423 1015 3478 Nimium
1041 3425 1183 3478 clara
1200 3435 1252 3477 et
1270 3404 1552 3491 perspicua
1571 3421 1812 3490 Gregorii
1831 3422 2013 3486 verba,
2118 3413 2254 3476 Qu“
2279 3415 2470 3464 ιιιῑΐιιιιι
2508 3412 2549 3464 Si
2593 3413 2871 3481 presbyter
2897 3411 3091 3472 Γδοιυδ,
3117 3424 3238 3463 cum
3263 3408 3529 3477 Pllll‘imas
3559 3421 3674 3477 ρειτ-

447 3534 610 3586 quam
642 3529 697 3571 ut
719 3518 860 3571 eludi
894 3518 1134 3585 possint;
1168 3517 1337 3570 multo
1372 3517 1552 3569 minus
1583 3514 1686 3567 dici
1725 3513 1892 3581 possit
1925 3529 2016 3566 er-
2123 3517 2199 3558 les
2229 3505 2470 3571 regenda:
2502 3503 2753 3556 Erclesize
2804 3501 3152 3556 Caesariensis
3177 3501 3481 3554 sustineret
3505 3538 3522 3564 ,
3580 3512 3676 3552 non

451 3627 573 3664 rare
623 3611 674 3663 in
734 3620 838 3663 tam
890 3609 1190 3678 insignibus
1246 3609 1406 3663 rebus
1466 3607 1780 3662 domesticis
1847 3621 2011 3660 enar-
2120 3596 2370 3648 Illillilllas
2394 3594 2635 3649 etiamin
2675 3595 2762 3655 iis.
2794 3608 2912 3662 quae
2945 3591 3012 3646 ad
3058 3591 3530 3660 CXHI‘CIIicumjus
3563 3603 3675 3658 pcr-

451 3700 651 3755 randis.
2123 3687 2387 3750 tinebant,
2415 3685 2729 3739 sustinuerit
2756 3685 2779 3736 ‘3
2995 3688 2997 3691 '

521 3791 578 3844 '5‘
610 3790 679 3844 Ut
712 3790 812 3844 hos
850 3799 1074 3844 eventus
1104 3806 1245 3845 anno
1281 3789 1384 3843 568
1427 3799 1657 3844 exeunte
1679 3799 1772 3844 aut
1802 3790 2023 3843 ineunte
2190 3777 2245 3829 2°
2273 3775 2403 3829 Illud
2427 3789 2736 3829 asseverare
2765 3788 3071 3841 possumus,
3107 3772 3239 3826 nihil
3265 3772 3352 3828 his
3379 3769 3574 3825 litteris
3602 3769 3676 3821 in-

450 3880 555 3935 569
589 3881 951 3950 assignemus,
991 3894 1170 3932 rerum
1218 3879 1472 3947 deinceps
1502 3876 1899 3930 narrandarum
1932 3889 2020 3928 se-
2120 3883 2259 3930 esse,
2284 3867 2426 3937 quod
2462 3866 2819 3934 episc0palem
2848 3867 3227 3918 auctoritatem
3261 3863 3573 3918 necessario
3595 3860 3674 3913 de~

452 3974 563 4027 ries
588 3973 810 4026 omnino
844 3970 1096 4040 postulat.
1131 3968 1290 4024 Modo
1343 3971 1690 4039 probabimus
1729 3967 2014 4038 epistolam
2122 3960 2318 4027 signet.
2349 3958 2535 4012 Nonne
2561 3959 2703 4012 enim
2737 3956 3023 4025 presbyter
3055 3964 3110 4008 et
3143 3955 3421 4024 perpetuis
3466 3950 3677 4020 negotiis

451 4064 521 4118 54
545 4064 611 4117 ad
653 4063 966 4126 Eusebium,
992 4062 1076 4115 cui
1116 4077 1324 4115 summa
1375 4071 1459 4116 est
1485 4075 1606 4115 cum
1655 4059 2022 4130 superioribus
2122 4049 2348 4106 detineri
2370 4049 2567 4117 potuit,
2595 4046 2879 4100 etinsidiis
2905 4046 3244 4098 inimicorum
3266 4043 3491 4112 appeti?
3521 4043 3679 4106 Quan-

455 4155 820 4219 necessitudo,
865 4163 992 4207 ante
1037 4153 1404 4222 episcopatum
1455 4153 1712 4218 scriptam
1755 4167 1897 4207 esse,
1946 4151 2021 4205 De
2122 4157 2281 4212 quam
2319 4142 2530 4209 negotia
2558 4141 2644 4193 illa
2685 4157 2787 4193 non
2815 4139 3050 4201 aliunde,
3086 4152 3246 4204 quant
3275 4152 3342 4190 ex
3381 4135 3526 4190 fame
3557 4143 3669 4186 tunc

455 4244 761 4298 Athanasio
790 4245 1080 4312 Ancyrano
1107 4252 1161 4297 et
1197 4242 1443 4296 Musonio
1477 4243 1608 4296 nihil
1649 4242 1901 4311 deinceps
1927 4256 2018 4296 oc-
2122 4245 2403 4303 grassante
2443 4233 2776 4297 oriebantur,
2819 4233 2870 4285 id
2914 4231 3057 4298 quod
3091 4229 3270 4281 minus
3304 4223 3674 4279 animadvertit

454 4347 658 4391 curret.
689 4335 888 4389 Neuter
912 4336 1214 4389 subscrith
1248 4335 1441 4389 litteris
1471 4335 1521 4388 itt
1561 4334 1908 4389 Occidentem
1939 4332 2010 4403 (c)
2121 4325 2498 4382 Tillcmontius
2529 4342 2544 4376 :
2587 4325 2798 4378 insidia:
2830 4339 2936 4376 non
2987 4321 3160 4387 magis
3203 4319 3489 4381 Basilium.
3532 4328 3677 4384 quam

459 4425 638 4478 missis
663 4441 805 4477 antto
834 4423 958 4476 572.
989 4425 1292 4488 Quinetiam
1319 4423 1386 4476 ab
1416 4423 1637 4477 Atarbio
1687 4422 1764 4492 (d)
1804 4437 2021 4477 succes—
2055 4435 2098 4489 ι)
2128 4417 2298 4485 ipsam
2323 4415 2712 4470 Csesariensem
2737 4413 3034 4466 Ecclesiam
3061 4412 3311 4466 videntur
3336 4411 3576 4479 petiisse.
3601 4405 3680 4458 Sc-

458 4532 582 4570 sore
613 4515 841 4568 Musonii
869 4517 1218 4584 gravissimas
1258 4515 1534 4570 molestias
1573 4516 1773 4569 Basilio
1812 4516 2024 4570 exhibi-
2128 4509 2302 4562 cernit
2331 4523 2388 4562 se
2414 4508 2480 4561 ab
2507 4507 2772 4575 episc0pis
2799 4505 3052 4569 Basilius,
3082 4519 3205 4558 cum
3238 4504 3313 4555 ait
3345 4503 3397 4556 in
3434 4501 3589 4571 epist.
3623 4494 3679 4549 ad

460 4615 544 4656 tas
582 4604 885 4656 videbimus
938 4619 1046 4656 non
1078 4605 1246 4657 multo
1300 4613 1422 4673 post
1473 4604 1681 4658 Pascha
1727 4605 1854 4658 anni
1897 4604 1964 4657 57

2169 4597 2416 4651 ηιιερὺίυηι
2455 4599 2492 4664 (i
2517 4601 2557 4663 ),
2594 4597 2716 4648 dum
2737 4612 2823 4648 eos
2851 4594 3203 4656 cunctamini,
3239 4603 3347 4647 etc.
3385 4593 3443 4646 lti
3476 4586 3677 4658 epistola

458 4694 662 4748 Eodem
711 4696 836 4746 anni
870 4693 977 4746 575
1023 4705 1266 4764 tempore
1308 4696 1384 4749 sic
1420 4696 1707 4764 compellat
1741 4695 1966 4750 Neocaes:

2170 4688 2195 4740 d
2235 4687 2588 4740 Athanasium
2642 4686 2716 4755 (j)
2767 4686 2898 4739 nihil
2955 4701 3085 4738 sane
3126 4682 3521 4745 animadverto,
3558 4676 3678 4746 quod

459 4792 668 4839 t‘ienscs
701 4783 770 4855 (e)
809 4802 823 4837 :
863 4784 1286 4849 Maltotcmpore
1319 4789 1453 4839 inter
1480 4803 1569 4840 nos
1609 4787 1873 4852 siluimus,
1902 4786 2021 4854 fra-
2131 4780 2384 4833 Basilium
2423 4781 2626 4832 honore
2670 4793 2852 4845 parent
2898 4777 3199 4830 Athanasio
3255 4774 3427 4828 fuisse
3479 4772 3678 4826 indicet.

459 4887 584 4927 tres.
617 4873 880 4939 Qucritur
904 4875 1101 4927 ibidem
1135 4877 1274 4942 quod
1307 4890 1492 4928 eorum
1545 4876 1822 4929 iracundia
1855 4884 2023 4929 totam
2131 4873 2241 4926 lmo
2268 4872 2513 4940 queritur
2541 4872 2771 4939 quod,se
2810 4870 3146 4924 Athanasius
3181 4883 3287 4923 non
3326 4863 3679 4921 accersiverit.

460 4968 699 5021 hor‘ninis
728 4975 941 5020 :rtatem
976 4967 1252 5034 perduret.
1286 4965 1422 5019 Num
1461 4967 1539 5020 sic
1584 4967 1797 5021 locutus
1855 4978 2022 5031 esset,
2132 4975 2190 5018 ut
2214 4965 2413 5018 doloris
2447 4979 2640 5016 causas
2667 4963 2935 5016 indicaret
2963 4977 2977 5013 :
3009 4967 3154 5030 quod
3207 4959 3459 5029 profecto
3484 4956 3676 5026 episco-

459 5060 505 5112 si
538 5073 676 5111 anno
700 5056 804 5110 575
835 5067 1065 5111 exeunte
1095 5067 1188 5111 aut
1225 5059 1444 5112 ineunte
1487 5057 1612 5123 574,
1645 5058 1881 5111 nondum
1907 5058 2026 5112 ullae
2131 5073 2230 5126 pus
2255 5056 2602 5110 Caesariensis
2635 5070 2740 5108 non
2776 5056 3003 5110 dixisset
3053 5056 3371 5124 Ancyrano,
3406 5067 3529 5106 cunt
3564 5058 3682 5116 prm-

459 5149 921 5205 cxstitissentodii
944 5150 1391 5219 signiﬁcationes,
1416 5164 1615 5219 eosque
1641 5159 1766 5204 tunc
1787 5149 2026 5220 episcopi
2133 5149 2320 5204 sertim
2347 5147 2586 5202 Ecclesia
2619 5146 2971 5203 Caisariensis
3009 5146 3137 5215 jura
3170 5143 3467 5201 exarchica
3499 5141 3551 5196 in
3587 5135 3675 5192 Ga-

536 5407 611 5494 te)
637 5408 734 5494 tae;
761 5407 1036 5494 diem.
1066 5408 1186 5494 tit-
2021 5457 2026 5463 -
2205 5407 2517 5494 in.
2543 5410 2596 5461 ίη
2621 5408 2782 5494 eas"-

537 5476 609 5546 (b)
649 5477 756 5530 Vit.
781 5477 951 5530 Macr.
985 5495 1035 5546 p.
1074 5481 1190 5530 187.
2209 5479 2282 5543 (g)
2314 5476 2410 5542 Ep.
2435 5477 2526 5540 28,
2557 5496 2609 5534 tt.
2645 5481 2698 5534 2.

540 5545 610 5630 t0).
765 5548 873 5630 $273.;
988 5545 997 5546 ί
2208 5545 2285 5630 (id
2315 5547 2406 5630 ἓν·
2434 5546 2526 5630 29.-

541 5617 615 5682 (ιι)
648 5617 746 5683 Ep.
773 5615 896 5670 ωδ.

2207 5614 2271 5684 (i)
2317 5614 2414 5682 Ep.
2441 5617 2532 5668 20.

543 5691 613 5750 (ε)
645 5683 738 5753 Ep.
763 5686 886 5754 ⁵204,
927 5704 978 5742 n.
1011 5692 1059 5745 1.

1017 5692 1059 5745 ι.
2206 5685 2274 5756 (j)
2316 5683 2410 5754 Ep.
2436 5685 2525 5739 es.
