3820 6210
1495 332 1657 389 VlTA
1694 335 1751 389 S.
1787 333 2049 390 BASlLlI.

3292 353 3388 392 LIII

149 450 329 502 latiam
365 449 711 505 extenderet.
744 451 901 504 Ridet
948 451 1164 518 quidem
1213 450 1500 504 Athanasii
1550 452 1724 506 minas
1754 457 1798 511 Λ
1828 465 1948 505 cres
1973 450 2189 504 habenti
2227 449 2317 521 (c),
2376 460 2428 506 et
2462 450 2854 521 episcopalibus
2893 451 3035 505 curis
3077 449 3390 518 jamdudum

146 541 395 594 Basilius.
423 539 530 595 Sed
555 557 682 594 num
709 555 932 594 necesse
964 541 1062 594 fuit
1089 555 1211 594 eum
1235 541 1544 610 episcopum
1577 555 1721 607 esse,

144 641 198 682 ut
224 647 282 684 se
319 632 498 684 minas
548 632 730 686 ridere
756 632 983 694 diceret,
1029 646 1129 686 nec
1165 633 1300 685 adeo
1323 647 1548 698 puerum
1577 646 1722 695 esse,

143 723 338 775 ntbrec
391 722 658 801 terricula.
703 723 994 776 formidet?
1027 720 1212 791 Neque
1252 723 1415 776 etiam
1442 721 1724 790 episcopa-

143 813 240 864 lem
266 813 652 866 auctoritatem
675 813 777 866 sibi
804 811 1087 879 arrogabat
1115 813 1215 881 (α),
1239 828 1358 867 cum
1383 814 1597 866 nomine
1612 812 1726 880 epi-

141 905 286 968 seopi
322 904 435 966 sui,
465 904 557 974 qui
599 904 716 972 ipso
743 903 1048 957 dominante
1079 904 1344 956 dominari
1395 905 1495 956 sibi
1521 904 1726 957 videba-

140 1004 240 1058 tur,
268 994 483 1048 vicinos
517 995 805 1062 episcopos
838 995 904 1046 ad
943 993 1318 1048 defensionem
1350 996 1597 1049 veritatis
1631 997 1723 1050 ad-

139 1093 382 1148 vocaret,
417 1086 595 1154 iisque
629 1101 814 1139 curam
855 1084 1218 1138 Ecclesiarum
1249 1087 1504 1141 deferret.

203 1175 270 1228 ν.
306 1177 579 1231 Caesarius
609 1176 854 1246 Gregorii
883 1176 1205 1232 Nazianzeui
1230 1178 1420 1243 frater,
1439 1193 1589 1234 anno
1619 1161 1722 1233 ’ὅδὲ

137 1284 163 1321 e
197 1267 397 1323 Nicaxe
437 1269 611 1322 ruinis
642 1269 961 1323 mirabiliter
1004 1280 1270 1335 servatus,
1323 1271 1415 1324 Dei
1460 1271 1723 1326 beneficio

135 1359 198 1411 ad
247 1359 453 1413 animae
484 1360 714 1414 salutem
748 1362 850 1425 uti,
886 1371 938 1414 et
977 1376 1003 1413 a
1035 1363 1345 1429 reipublicae
1379 1360 1725 1418 administra~

138 1447 282 1499 tione
339 1448 599 1502 recedere
630 1457 893 1502 statuerat
924 1446 1020 1520 (ὁ).
1064 1451 1169 1504 Sed
1204 1451 1462 1520 praeclaro
1502 1453 1725 1507 consilio

138 1552 281 1590 mors
312 1538 531 1592 obstitit
569 1537 728 1607 paulo
768 1549 887 1606 post
929 1542 1334 1610 superveniens.
1373 1543 1562 1598 Mortui
1605 1560 1726 1614 pre-

138 1631 428 1682 tiosissima
458 1647 686 1701 qmeque
714 1643 767 1687 et
787 1636 927 1689 servi
953 1645 1006 1689 et
1026 1635 1114 1688 alii
1140 1636 1385 1690 homines
1416 1636 1586 1691 servis
1618 1652 1722 1692 non

138 1720 388 1774 meliores
423 1723 717 1791 diripuere,
754 1739 817 1779 ac
849 1727 1170 1794 paucissima
1211 1727 1520 1795 parentibus
1552 1743 1724 1782 reser-

136 1823 350 1878 varunt,
381 1829 503 1882 quze
531 1816 714 1867 statim
744 1817 1064 1884 pauperibus
1086 1818 1368 1872 distributa
1395 1830 1538 1874 sunt.
1586 1818 1718 1875 Cum

133 1903 274 1954 enim
329 1903 576 1956 moriens
619 1905 842 1959 dixisset
877 1906 1141 1961 Czesarius
1173 1923 1187 1959 :
1219 1906 1341 1961 Mea
1392 1911 1566 1962 omnia
1606 1911 1721 1964 volo

131 2008 236 2046 me
266 2011 567 2063 pauperum
590 2036 606 2060 ,
637 1995 805 2052 frater
828 1997 969 2053 illius
997 1998 1308 2068 Gregorius,
1339 2001 1407 2055 ad
1445 2018 1603 2072 quem
1643 2012 1722 2058 to-

132 2094 178 2136 ta
205 2085 407 2138 domus
429 2085 736 2141 sollicitudo
761 2089 984 2154 redibat,
1009 2092 1154 2159 pium
1179 2094 1488 2147 mandatmn
1510 2110 1719 2148 summa

131 2175 395 2246 religione
449 2180 699 2246 perfecit.
739 2181 844 2235 Sed
881 2182 1040 2236 simul
1083 2184 1330 2251 prodiere
1370 2187 1720 2240 commentitii

129 2266 352 2334 quidam
389 2268 713 2335 creditores,
743 2274 831 2338 qui
857 2273 1136 2338 pecuniam
1170 2288 1200 2326 a
1235 2288 1294 2328 se
1318 2273 1606 2329 Czcsarium
1631 2291 1720 2330 ac-

128 2358 340 2426 cepisse
389 2360 654 2413 dicerent.
696 2359 790 2414 His
822 2362 1001 2415 statim
1045 2362 1428 2417 uumerabatur
1464 2366 1718 2435 quidquid

126 2451 409 2517 petebant,
461 2452 699 2519 quandiu
746 2451 848 2506 fuit
898 2453 1040 2506 unde
1086 2453 1522 2520 absolverentur;
1582 2460 1722 2512 unde

128 2542 424 2594 nonnullos
455 2543 773 2610 pmnitebat,
808 2546 949 2612 quod
985 2543 1103 2612 plus
1136 2561 1242 2599 non
1282 2548 1582 2616 petiissent.
1615 2548 1721 2603 Sed

125 2651 248 2691 cum
282 2637 530 2705 quotidie
559 2639 821 2709 ejusmodi
861 2643 1226 2712 syc0phantze,
1262 2643 1376 2699 sive
1409 2644 1724 2713 improbita-

127 2737 199 2790 te,
220 2729 342 2781 sive
365 2738 674 2799 temporum
701 2732 916 2786 miseria
946 2745 1189 2802 cogente,
1209 2745 1474 2804 peterent,
1505 2749 1724 2793 necesse

125 2815 226 2870 fuit
251 2832 479 2886 negare.
509 2817 799 2888 Repulsam
829 2822 969 2890 passi
1005 2822 1127 2878 lites
1153 2824 1466 2892 intulerunt,
1491 2841 1556 2881 ac
1579 2823 1722 2882 Gre-

126 2909 343 2977 gorium
372 2909 428 2963 in
461 2911 732 2967 maximas
754 2928 1021 2969 aerumnas
1047 2915 1413 2983 coniecerunt.

191 2997 460 3063 Basilius,
491 3001 583 3069 qui
625 3015 712 3055 res
748 3001 1005 3057 adversas
1037 3003 1284 3075 Gregorii
1319 3023 1443 3062 suas
1471 3009 1719 3079 proprias

1825 541 2070 595 districto
2097 551 2148 594 et
2175 543 2241 596 ab
2268 550 2426 597 aetate
2453 541 2739 612 Sophronii
2767 552 2819 597 et
2843 543 3060 613 Aburgii
3095 545 3392 600 remotissi-

1825 647 1935 688 mo.
1975 633 2043 685 At
2067 631 2335 702 quadrant
2365 635 2563 704 Optime
2595 634 2886 706 Theologo,
2917 635 3005 704 qui
3035 637 3285 690 omnibus
3309 653 3393 691 re-

1825 721 1924 774 bus
1961 734 2079 774 sese
2108 721 2400 776 nudaverat
2432 732 2486 776 et
2528 725 2874 776 monasticam
2909 725 3071 778 vitam
3107 726 3394 794 protitehao

1827 823 1934 879 tur,
1952 823 2003 866 et
2029 812 2315 882 Sophronii
2348 829 2410 868 ac
2431 813 2884 884 Aburgiiaaqualis
2909 825 3042 870 erat.
3072 816 3128 870 2°
3158 815 3391 871 Theolo-

1825 919 1924 974 gus
1951 919 2072 957 cum
2095 905 2254 958 totius
2286 914 2523 974 paterna:
2545 905 2733 960 domus
2755 921 2958 974 curam,
2991 917 3100 961 tum
3128 910 3177 961 in
3205 909 3395 978 primis

1825 994 1985 1062 hujus
2015 993 2370 1050 molestissitni
2408 997 2604 1065 negotii
2637 998 2839 1067 pondus
2861 1000 3135 1063 sustinuit,
3182 1009 3239 1052 ut
3269 1013 3392 1068 per-

1825 1085 1957 1152 spici
1989 1091 2161 1151 potest
2183 1101 2246 1140 ex
2272 1085 2388 1152 ejus
2412 1087 2650 1141 carmine
2682 1088 2746 1142 de
2777 1091 2932 1143 rebus
2964 1090 3094 1145 suis.
3128 1085 3264 1143 Hinc
3285 1100 3394 1146 sta-

1827 1177 1921 1229 tim
1985 1185 2146 1244 atque
2205 1179 2373 1231 audiit
2445 1176 2824 1233 fratris'bona
2900 1180 3080 1248 diripi,
3159 1183 3393 1250 patroci-

1826 1267 1971 1319 nium
2030 1266 2316 1336 Sophrouii
2361 1269 2680 1338 imploravit,
2724 1270 2880 1339 eique
2919 1271 3133 1341 scripsit
3191 1273 3392 1341 episto-

1826 1358 1932 1412 lam
1960 1361 2046 1414 1'8.

1898 1451 1995 1506 Vix
2031 1461 2204 1507 autem
2234 1452 2450 1507 dubium
2497 1464 2616 1504 esse
2657 1452 2826 1518 possit
2869 1453 2997 1521 Quin
3038 1451 3119 1507 ha:
3156 1453 3394 1524 epistolae

1827 1550 1951 1594 ante
1981 1543 2344 1612 episcopatmn
2373 1541 2551 1595 Basilii
2587 1537 2801 1609 scriptae
2831 1543 2954 1597 s'int.
2985 1543 3209 1614 Scripta;
3249 1550 3391 1602 enim

1827 1643 1950 1684 sunt
1983 1648 2086 1686 non
2122 1633 2288 1687 multo
2320 1641 2439 1701 post
2467 1642 2690 1686 mortem
2716 1632 2959 1700 Caesarii,
2998 1636 3088 1704 qui
3122 1652 3262 1692 anno
3289 1633 3394 1694 568

1827 1737 2057 1778 exeunte
2117 1735 2210 1778 aut
2253 1726 2356 1779 569
2396 1725 2610 1779 ineunte
2649 1725 2814 1790 obiit;
2869 1726 3131 1796 siquidem
3163 1731 3392 1798 spatium

1828 1830 1929 1868 non
1959 1815 2143 1869 habuit
2165 1831 2224 1870 ea
2249 1815 2582 1884 perficiendi,
2619 1830 2740 1884 quae
2772 1825 3010 1886 tempore
3030 1819 3254 1886 periculi
3284 1829 3396 1876 sta-

1827 1913 2024 1960 tuerat.
2055 1903 2164 1959 Nec
2198 1919 2326 1958 sane
2350 1903 2639 1959 verisimile
2668 1914 2749 1960 est
2790 1908 3189 1964 commentitios
3217 1905 3394 1965 credi-

1827 2003 1993 2061 tores,
2024 1996 2113 2065 qui
2139 1996 2434 2050 hislitteris
2461 1997 2739 2050 materiam
2767 1995 3048 2066 dederunt,
3077 2000 3165 2054 diu
3193 2001 3394 2057 otiosos

1822 2087 2044 2151 sedisse,
2095 2102 2157 2140 ac
2199 2103 2302 2142 non
2355 2089 2536 2142 Statim
2587 2087 2923 2144 occasionem
2983 2091 3294 2162 arripuisse.
3335 2084 3391 2148 lu

1822 2178 2058 2231 carmine
2099 2177 2340 2248 Gregorii
2402 2181 2466 2233 de
2509 2179 2668 2234 rebus
2703 2180 2832 2244 suis,
2860 2181 3000 2250 quod
3044 2192 3166 2236 ante
3191 2200 3388 2238 annmn

1821 2269 1925 2322 572
1950 2269 2197 2324 collocari
2234 2271 2411 2337 debet,
2440 2271 2565 2340 quia
2605 2272 2748 2325 nulla
2779 2272 2849 2326 ibi
2890 2274 3091 2328 mentio
3122 2290 3391 2329 aerumna-

1821 2375 1938 2412 rum
1962 2354 2366 2429 Sasimensium,
2415 2378 2519 2416 non
2552 2372 2727 2418 tamen
2766 2360 2932 2418 multo
2967 2374 3115 2431 ante,
3143 2367 3264 2434 quia
3301 2383 3392 2423 ca-

1824 2467 1920 2506 nos
1942 2461 1994 2506 et
2021 2467 2180 2523 rugas
2205 2469 2624 2521 commemorat;
2653 2455 2706 2508 in
2732 2455 2853 2518 hoc,
2885 2455 3124 2525 inquam,
3153 2460 3394 2512 carmine

1825 2544 2120 2610 molestias,
2156 2561 2274 2616 quae
2314 2546 2497 2600 fratris
2538 2555 2764 2600 mortem
2806 2557 3000 2601 secutae
3039 2559 3183 2613 sunt,
3229 2551 3395 2605 inter-

1823 2635 1948 2689 dum
2003 2645 2060 2688 ut
2107 2637 2404 2706 praeteritas
2447 2635 2623 2701 deflet,
2678 2633 2945 2692 interdum
2986 2646 3046 2691 ut
3077 2650 3390 2707 praesentes.

1825 2723 1930 2781 Sed
1964 2728 2066 2781 hoc
2100 2725 2240 2780 forte
2269 2727 2608 2780 tribuendum
2645 2728 2899 2781 carminis
2938 2728 3193 2796 licentiae;
3233 2741 3394 2801 atque

1821 2817 2030 2871 etiamsi
2075 2819 2309 2871 nondum
2361 2832 2501 2872 anno
2531 2809 2630 2872 571
2681 2816 2964 2872 defunctus
3019 2819 3100 2873 his
3143 2823 3396 2878 :erumnis

1825 2907 2012 2962 fuisset
2051 2907 2376 2977 Gregorius;
2423 2923 2526 2961 non
2577 2905 2778 2962 idcirco
2837 2903 3072 2976 epistolae
3105 2909 3284 2965 Basilii
3323 2914 3393 2966 ad

1823 2999 1926 3053 hoc
1971 3007 2179 3068 tempus
2215 2997 2523 3053 differendae
2567 3007 2778 3052 essent'
2839 2999 2932 3053 sed
2981 3001 3251 3070 negotium
3301 3001 3392 3057 diu

125 3106 242 3145 esse
266 3091 885 3156 ducebat,commendat
911 3093 1050 3148 illius
1071 3111 1284 3150 causam
1306 3095 1607 3166 Sophronio
1629 3116 1722 3154 ur—
1749 3136 1789 3191 C
1824 3096 2151 3157 Ρτοῑΐδοιιιῐη
2195 3084 2363 3142 Vide”
2398 3089 2638 3142 deberet-

128 3185 204 3238 bis
218 3183 851 3254 Constantinopolitana:
867 3185 1137 3253 prtefecto.
1155 3185 1497 3243 Demonstrat
1519 3199 1570 3244 et
1593 3206 1650 3245 se
1667 3202 1721 3245 et

127 3276 458 3346 Gregorium
484 3276 538 3329 in
562 3274 822 3343 ejusmodi
846 3277 1072 3345 negotiis
1095 3278 1333 3344 hospites
1349 3293 1467 3333 esse
1498 3290 1551 3334 et
1574 3296 1721 3350 pere-

123 3367 344 3432 grinos;
374 3365 732 3434 quamobrem
754 3362 1040 3432 Sophronii
1066 3364 1360 3433 prudentiae
1378 3367 1718 3421 statuendum

125 3453 411 3523 relinquit,
471 3453 613 3522 quod
643 3453 902 3522 optimum
943 3451 1210 3528 factu'sit,
1253 3463 1311 3508 ut
1340 3456 1424 3510 his
1465 3456 1722 3513 molestiis

124 3547 452 3601 liberentur.
493 3545 758 3600 Gmterum
816 3554 970 3616 rogat
1010 3554 1069 3599 ut
1119 3561 1181 3600 ea
1235 3547 1299 3600 de
1347 3561 1404 3600 re
1450 3557 1573 3617 agat
1599 3563 1717 3602 cum

124 3642 323 3695 comite
341 3640 746 3702 thesaurorum,
767 3652 829 3693 ac
853 3636 1096 3708 Gregorii
1126 3639 1306 3692 verbis
1335 3638 1572 3693 declarat
1597 3654 1717 3692 eum

123 3743 376 3800 paratum
428 3746 554 3786 esse
599 3731 858 3799 quidquid
896 3731 962 3783 de
1001 3729 1156 3784 bonis
1192 3729 1408 3784 Ctesarii
1454 3729 1716 3798 reliquum

123 3833 225 3886 est,
303 3825 506 3878 aerario
569 3823 784 3887 cedere,
851 3822 1010 3878 modo
1067 3833 1325 3890 patronus
1387 3821 1562 3874 aerarii
1635 3834 1719 3873 re-

123 3917 392 3985 spondeat
455 3915 522 3970 iis
581 3914 1058 3984 quiadoriuntur,
1113 3921 1169 3968 et
1222 3914 1566 3984 probationes
1631 3928 1718 3966 re-

122 4009 326 4078 quirat.

192 4101 249 4155 ln
286 4101 544 4156 eamdem
592 4101 794 4172 scripta
831 4101 1154 4157 sententiam
1196 4097 1418 4169 epistola
1458 4110 1713 4166 sequens,

121 4207 286 4261 quam
355 4192 544 4246 minus
609 4192 888 4247 commode
951 4190 1323 4245 Tillemontius
1385 4197 1440 4242 et
1488 4187 1575 4240 alii
1630 4201 1716 4240 re-

118 4279 304 4333 ferunt
350 4280 420 4332 ad
457 4280 672 4349 negotia
711 4279 971 4349 Gregorio
1012 4279 1254 4344 stseno
1297 4277 1536 4332 exhibita
1575 4288 1716 4329 anno

118 4371 246 4426 575.
293 4374 426 4444 Agit
467 4374 611 4427 enim
657 4375 722 4427 de
763 4375 950 4429 iisdem
993 4390 1214 4443 prorsus
1263 4374 1418 4427 rebus
1468 4387 1531 4425 ac
1583 4386 1717 4439 pra:-

117 4469 344 4520 cedens.

188 4557 249 4610 In
282 4568 522 4625 utraque
555 4553 776 4624 epistola
822 4553 1111 4624 Gregorius
1151 4562 1370 4607 vocatur
1411 4554 1712 4622 episcopus,

115 4661 300 4716 neque
335 4645 523 4699 hacin
558 4659 614 4698 re
653 4644 963 4712 discrepant
1003 4644 1352 4712 manuscripti
1394 4645 1608 4698 codices
1648 4646 1715 4698 ab

111 4739 301 4790 editis.
347 4737 464 4790 Sed
503 4735 602 4790 has
648 4750 805 4790 voces
851 4734 1073 4803 margini
1114 4735 1382 4803 appositas
1426 4734 1610 4799 fuisse,
1655 4744 1716 4789 ut

115 4829 383 4898 Theologi
422 4837 580 4897 pater
625 4827 1017 4897 designaretur,
1048 4842 1112 4881 ac
1151 4827 1274 4881 inde
1319 4827 1370 4880 in
1405 4837 1710 4882 contextum

117 4922 445 4990 irrepsisse,
467 4919 652 4972 multis
685 4921 948 4972 rationum
981 4920 1267 4973 momentis
1296 4919 1569 4986 probatur.
1595 4918 1718 4972 Non’

110 5013 264 5064 enim
312 5013 382 5064 de
413 5008 678 5081 Gregorio
715 5012 968 5079 episc0po
1007 5011 1182 5081 agitur
1228 5011 1280 5064 in
1319 5011 1402 5064 his
1449 5010 1710 5077 epistolis,

110 5103 210 5155 sed
257 5103 324 5155 de
375 5100 497 5167 ejus
545 5101 673 5162 tilio,
696 5103 784 5169 qui
821 5101 1056 5154 nondum
1102 5101 1383 5171 episcopus
1417 5110 1551 5153 erat.
1584 5102 1710 5154 t'ls

110 5209 280 5260 quem
331 5193 677 5246 commendat
715 5193 962 5256 Basilius,
993 5209 1195 5262 pauper
1224 5203 1362 5255 erat,
1389 5182 1709 5260 ja‘mdudum

113 5287 287 5336 vitam
324 5283 572 5350 quietam
604 5298 764 5352 agere
785 5291 1067 5348 statuerat,
1102 5295 1284 5336 vetere
1315 5298 1435 5336 cum
1461 5281 1703 5349 Sophro-

111 5375 209 5428 nio
248 5383 305 5427 et
332 5373 578 5442 Aburgio
604 5372 840 5428 amicitia
862 5374 1178 5442 conjunctus
1208 5383 1344 5427 erat.
1376 5371 1500 5425 Haec
1529 5380 1706 5426 autem

113 5465 348 5519 minime
383 5472 691 5534 congruunt
730 5462 990 5534 Gregorio
1029 5467 1166 5535 patri
1209 5480 1338 5535 QpBS
1376 5480 1478 5519 non
1512 5464 1711 5520 medio-

189 5617 274 5685 (a)
311 5617 445 5670 ΝΜ.
472 5632 557 5682 ep.
587 5615 678 5671 25.

190 5688 272 5756 ψ)
311 5685 443 5740 Naz.
469 5701 554 5739 or.
584 5687 669 5738 tu.

410 5781 690 5842 Ριτκοι..
719 5781 840 5841 Gn.
870 5777 1114 5840 XXIX.

1899 3178 1987 3235 Yl.
2022 3178 2237 3234 Solutus
2275 3180 2485 3234 tandem
2519 3179 2857 3250 gravissimis
2889 3180 3033 3235 curis
3064 3175 3294 3238 Basilius
3327 3181 3394 3238 ad

1829 3271 2162 3340 complexum
2212 3271 2427 3326 Eusebii
2468 3271 2861 3326 Samosatensis
2903 3272 3228 3341 properavit.
3275 3273 3395 3329 Jam

1827 3379 1946 3420 sese
1974 3365 2074 3418 hoc
2113 3363 2378 3433 promisso
2405 3363 2767 3417 obstrinxerat
2803 3364 3075 3431 praeterito
3114 3379 3300 3432 anno;
3333 3381 3398 3420 ac

1827 3471 2006 3510 moras
2047 3456 2261 3525 quidem
2290 3456 2458 3524 fames
2499 3463 2553 3509 et
2582 3455 2756 3510 morbi
2795 3461 2849 3509 et
2873 3454 3046 3510 hiems
3077 3455 3394 3520 attulerunt,

1825 3549 1918 3601 sed
1953 3560 2288 3616 nequaquam
2331 3545 2613 3600 consilium
2651 3544 3005 3615 infregerunt,
3058 3555 3115 3599 ut
3163 3549 3396 3616 perspici

1826 3645 2000 3706 potest
2039 3651 2103 3692 ex
2137 3636 2503 3705 superioribus
2535 3635 2794 3705 epistolis.
2819 3634 2998 3700 Quare
3035 3650 3140 3691 non
3175 3637 3394 3694 dubium

1824 3739 1906 3786 est
1931 3731 2058 3800 quin
2080 3729 2220 3799 quod
2249 3739 2354 3782 tam
2387 3739 2757 3783 asseveranter
2792 3730 3132 3798 promiserat,
3177 3739 3394 3799 tamque

1823 3822 2068 3876 sitienter
2107 3823 2513 3890 concupiverat,
2549 3821 2601 3875 id
2639 3836 2779 3874 anno
2821 3821 2926 3876 569
2976 3836 3260 3878 exsecutus
3303 3826 3391 3876 sit.

1824 3911 2088 3966 Praeterea
2113 3926 2177 3966 ex
2211 3912 2366 3981 epist.
2394 3905 2483 3974 54,
2508 3925 2626 3979 qua:
2650 3921 2774 3965 ante
2801 3913 3165 3981 episcopatum
3197 3915 3393 3983 scripta

1822 4010 1924 4067 est,
1951 4001 2204 4057 Basilium
2227 4003 2279 4056 in
2315 4001 2527 4055 Eusebii
2554 4016 2896 4071 congressum
2927 4004 3144 4059 venisse
3197 4020 3395 4072 cogno-

1823 4094 2044 4150 scimus.
2062 4093 2324 4149 Precatur
2352 4093 2495 4147 enim
2525 4093 2714 4158 Deum,
2739 4102 2796 4147 ut
2823 4095 2922 4150 sibi
2941 4096 3188 4164 dignetur
3206 4097 3392 4150 iterum

1820 4185 2094 4254 perutilem
2124 4184 2333 4238 Eusebii
2367 4200 2700 4254 congressum
2731 4187 3031 4241 concedere.
3072 4185 3207 4240 Hinc
3228 4188 3390 4241 etiam

1823 4277 1875 4329 in
1908 4291 1994 4344 ep.
2032 4274 2159 4338 157,
2205 4290 2324 4344 qua:
2369 4277 2568 4343 scripta
2605 4283 2687 4330 est
2719 4287 2858 4330 anno
2883 4276 2986 4330 575
3031 4287 3278 4340 exeunte,
3315 4279 3393 4331 sic

1823 4369 2108 4424 Eusebium
2162 4367 2454 4436 alloquitur
2485 4386 2498 4420 :
2529 4367 2700 4432 Quam
2733 4368 2946 4422 moleste
2973 4369 3154 4423 tulisse
3189 4386 3270 4422 me
3296 4386 3394 4438 pu-

1750 4490 1791 4542 D
1826 4471 1926 4525 tas,
1956 4461 2094 4530 quod
2129 4469 2218 4512 tuo
2252 4475 2529 4528 congressu
2560 4459 2823 4528 prteterita
2865 4470 3045 4515 testate
3093 4463 3394 4517 caruerint?

1823 4553 1980 4622 Atqui
2007 4569 2068 4605 ne
2101 4551 2222 4605 aliis
2246 4552 2453 4622 quidem
2482 4552 2634 4606 annis
2657 4567 2961 4621 congressus
3002 4551 3124 4606 talis
3171 4554 3390 4619 exstitit,

1823 4643 1948 4696 mihi
1985 4653 2040 4695 ut
2066 4644 2358 4696 satietatem
2384 4643 2614 4710 afferret.
2664 4642 2955 4696 Eusebium
2999 4658 3126 4713 ergo
3163 4644 3394 4700 Basilius

1821 4751 1924 4790 non
1957 4735 2125 4790 semel
2156 4735 2368 4798 invisit;
2395 4735 2486 4787 sed
2513 4750 2635 4788 cum
2669 4735 2835 4790 semel
2870 4743 3074 4789 tantum
3105 4736 3157 4788 in
3185 4737 3395 4805 episco-

1819 4836 1946 4896 patu
1996 4827 2094 4881 hoc
2145 4826 2248 4880 iter
2285 4826 2604 4894 susceperit.
2663 4840 2854 4894 nempe
2903 4840 3045 4880 anno
3088 4826 3212 4891 572,
3249 4826 3394 4880 aliud

1819 4921 1994 4987 primo
2028 4918 2202 4973 itineri
2239 4927 2445 4983 tempus
2475 4916 2852 4987 assignandum
2883 4926 2972 4971 est
3017 4925 3139 4970 ante
3183 4917 3392 4987 episco-

1817 5020 2026 5080 patum.

1886 5101 2174 5168 Postquam
2221 5099 2379 5153 rediit
2427 5098 2654 5153 Basilius
2698 5098 2748 5152 in
2779 5095 3193 5166 Cappadociam,
3252 5109 3394 5150 nova

1815 5191 2094 5245 calamitas
2125 5187 2383 5243 Ecclesiis
2422 5189 2749 5257 supervenit,
2782 5201 2850 5240 ex
2893 5201 2999 5255 qua
3044 5183 3302 5253 majorem
3336 5185 3392 5238 in

1815 5281 2029 5334 modum
2057 5279 2337 5347 ingemuit.
2366 5278 2552 5332 Ariani
2583 5278 2726 5332 enim
2751 5275 3043 5331 Ecclesiam
3069 5275 3390 5329 Tarsensem

1817 5377 2223 5440 occupaverunt
2250 5368 2350 5440 (ά),
2383 5384 2489 5424 uno
2513 5382 2580 5424 ex
2612 5369 2723 5423 suis
2765 5368 2818 5422 in
2840 5368 2980 5422 hanc
3011 5365 3193 5422 sedem
3217 5365 3390 5432 impo-

1815 5464 1920 5518 sito
1946 5473 2067 5530 post
2091 5469 2318 5515 mortem
2350 5459 2575 5529 Silvani,
2597 5462 2688 5530 qui
2715 5469 2841 5515 ante
2871 5459 2974 5515 iter
3002 5456 3185 5512 Basilii
3208 5455 3394 5517 Samo.

1895 5613 1965 5681 (c)
2007 5612 2133 5666 Νη.
2173 5629 2259 5681 ep.
2301 5613 2386 5667 17.

1895 5686 1971 5755 (Δ)
2011 5684 2106 5753 Ep.
2133 5684 2216 5737 5-4.
