3820 6210
446 370 540 415 LIV

1785 356 2318 414 PROLEGOMENA.

443 488 682 541 satense,
725 475 809 528 vel
839 489 940 528 non
977 474 1144 528 multo
1191 482 1312 544 post
1342 475 1553 530 videtur
1581 475 1800 529 obiisse.
1852 478 2021 531 Suum
2053 486 2095 538 Α
2127 478 2359 532 Basilius
2389 478 2484 548 (b),
2509 492 2630 532 cum
2656 492 2714 532 se
2754 479 2990 547 parentis
3029 478 3146 532 loco
3182 480 3525 534 constitutum
3555 480 3666 535 dicit

445 581 573 639 ergo
604 566 839 622 dolorem
875 563 1098 619 Basilius
1128 562 1359 619 Eusebio
1381 563 1668 634 significat,
1708 564 1851 633 quod
1885 566 2017 618 civi-

445 668 529 717 tas
557 668 700 715 tanta
727 668 940 727 tamque
965 667 1266 727 opportune
1290 656 1413 723 sita,
1440 665 1498 710 ut
1529 656 1767 722 Isauros,
1799 654 2012 717 Cilices,

443 751 791 820 Cappadoces
819 757 873 803 et
905 746 1069 816 Syros
1095 762 1189 816 per
1211 746 1442 815 seipsam
1462 746 1830 816 coniungeret,
1857 747 2015 800 unius

444 852 536 896 aut
569 843 794 897 duorum
826 841 1105 894 hominum
1136 839 1443 894 temeritate
1466 838 1517 892 iu
1545 838 1839 908 perniciem
1872 839 2014 892 nullo

442 935 659 1005 negotio
698 933 938 1002 conjecta
969 940 1135 997 esset,
1179 932 1303 986 dum
1340 930 1576 1000 episcopi
1602 930 1851 985 catholici
1883 946 2015 985 cun-

441 1036 656 1080 ctantur
712 1038 777 1079 ac
816 1022 1137 1087 deliberant,
1175 1030 1229 1075 et
1265 1036 1383 1075 sese
1427 1021 1655 1074 invicem
1693 1019 2009 1088 reSpiciunt.

440 1115 661 1171 Fatetur
710 1124 883 1168 tamen
938 1114 1135 1167 nullam
1179 1113 1294 1181 ejus
1351 1111 1429 1165 rei
1474 1112 1684 1178 culpam
1721 1110 2008 1165 Eusebium

438 1209 729 1268 sustinere,
760 1222 861 1262 nec
886 1206 1176 1276 quidquam
1208 1206 1274 1258 ab
1304 1218 1368 1258 eo
1394 1203 1840 1273 praetermissum,
1867 1206 2008 1270 quod

438 1301 507 1356 ad
529 1300 783 1355 Ecclesia:
820 1299 1106 1354 utilitatem
1127 1296 1443 1367 pertineret.

511 1389 626 1445 Non
652 1400 829 1444 tamen
868 1388 1048 1444 evenit
1080 1386 1220 1456 quod
1259 1387 1531 1440 metuebat
1565 1384 1792 1438 Basilius
1813 1385 1911 1455 (η),
1944 1399 2009 1437 ne

440 1483 643 1551 periret
684 1481 923 1536 Ecclesia
974 1479 1277 1535 Tarsensis.
1330 1475 1558 1533 Videtur
1589 1478 1729 1531 enim
1774 1478 2007 1529 maxima

438 1586 566 1642 pars
594 1571 1030 1641 presbyterorum
1065 1582 1248 1623 curam
1292 1567 1548 1622 Ecclesiae
1591 1568 1912 1636 suscepisse,
1954 1576 2006 1619 et

439 1677 537 1731 pro
564 1660 669 1715 fide
703 1658 964 1714 catholica
995 1669 1211 1713 strenue
1234 1657 1537 1712 dimicasse.
1577 1656 1708 1711 Cum
1756 1657 1833 1710 eis
1857 1656 2007 1708 Basi-

340 1784 347 1797 ι
437 1753 543 1807 lius
571 1750 758 1807 eadem
780 1749 1013 1804 amicitia
1046 1762 1100 1803 et
1126 1747 1501 1802 communione
1538 1745 1855 1814 conjunctus
1884 1744 2004 1809 fuit,

2125 577 2343 636 propter
2365 567 2677 636 dignitatem
2711 567 2854 621 illam
2881 569 2931 622 in
2961 584 3065 637 qua
3094 584 3124 622 a
3148 570 3377 625 Domino
3402 571 3664 630 collocatus

2121 668 2256 712 erat.
2305 657 2408 712 Sed
2452 673 2548 711 cur
2584 659 2891 728 episcopum
2937 659 3085 712 illum
3136 658 3304 714 fuisse
3355 675 3455 714 non
3488 670 3664 731 putem,

2122 766 2243 804 cum
2277 760 2384 805 tres
2412 750 2530 804 illas
2552 751 2813 805 scriberet
2836 751 3113 816 epistolas,
3142 751 3348 805 detinet
3374 767 3457 805 me
3486 768 3664 807 summa

2122 842 2210 894 illa
2246 851 2552 911 paupertas,
2592 842 2643 895 in
2678 857 2782 910 qua
2820 843 3023 897 versari
3054 857 3113 897 se
3154 843 3308 908 dicit,
3356 857 3455 897 nec
3499 847 3664 912 praedia

2121 933 2226 987 ulla
2257 935 2641 1003 possidentem,
2697 950 2794 989 nec
2844 936 3137 1005 quidquam
3177 939 3451 1005 preprium
3493 938 3669 992 haben-

2122 1033 2247 1077 tem.
2280 1023 2394 1078 Etsi
2428 1025 2568 1078 enim
2616 1025 2666 1077 in
2702 1024 2818 1092 ipso
2848 1027 3013 1078 etiam
3067 1025 3382 1093 episcopatu
3416 1027 3666 1094 pauperri-

2119 1131 2237 1170 mus
2266 1114 2365 1168 fuit
2393 1115 2631 1167 omnium
2668 1113 2824 1180 hujus
2859 1115 3040 1169 mundi
3074 1114 3337 1168 bonorum
3363 1158 3377 1180 ,
3436 1126 3553 1169 tunc
3589 1126 3662 1170 ta-

2118 1220 2238 1257 men
2272 1204 2441 1272 magis
2468 1208 2648 1257 animo
2670 1212 2723 1257 et
2756 1203 3074 1257 liberalitate
3114 1205 3165 1256 in
3197 1218 3459 1273 pauperes
3486 1218 3663 1271 pauper

2118 1298 2233 1363 fuit,
2265 1315 2425 1369 quam
2473 1301 2612 1368 quod
2644 1300 2782 1353 nulla
2824 1301 3043 1369 praedia,
3088 1300 3262 1354 nullos
3294 1301 3495 1355 reditus
3525 1301 3669 1353 habe-

2118 1398 2217 1443 ret.
2248 1390 2504 1443 Videntur
2526 1390 2668 1443 enim
2692 1390 2935 1444 ecclesize
2955 1391 3304 1445 Cmsariensis
3326 1391 3461 1444 satis
3482 1390 3666 1458 amplae,

2116 1490 2173 1532 ut
2202 1479 2304 1533 illis
2361 1481 2715 1548 temporibus,
2765 1495 2894 1549 Opes
2942 1480 3109 1536 fuisse
3167 1499 3183 1537 :
3234 1482 3393 1549 cujus
3427 1482 3499 1535 rei
3530 1490 3669 1534 testes

2114 1579 2238 1625 sunt
2267 1570 2476 1623 Taurici
2502 1572 2704 1625 reditus
2726 1570 2819 1641 (c),
2839 1572 2927 1640 qui
2947 1572 3070 1625 dum
3096 1586 3159 1625 ex
3198 1572 3318 1626 loco
3348 1582 3455 1625 tam
3489 1583 3669 1627 remota

2112 1662 2413 1715 Ctesaream
2466 1659 2760 1724 ferrentur,
2814 1660 3107 1727 spectantis
3155 1661 3401 1715 Antliimi
3442 1658 3668 1729 Tyaneu-

2113 1751 2187 1805 sis
2214 1751 2395 1808 oculos
2428 1750 2709 1805 laedebant.
2757 1750 2937 1805 Basilii
2992 1760 3113 1805 erat
3170 1767 3301 1822 ager
3358 1751 3447 1806 ille
3489 1750 3583 1821 (ά),
3623 1752 3668 1804 in

435 1858 596 1912 quam
654 1857 776 1897 eum
840 1842 1059 1897 Silvano
1123 1841 1405 1903 habuerat,
1476 1848 1534 1892 ut
1593 1847 1856 1894 testantur
1915 1840 2003 1892 lit-
2040 1848 2077 1900 ll
2102 1857 2261 1912 quem
2292 1840 2551 1910 plurimos
2598 1841 2878 1909 episcopos
2924 1856 3067 1895 anno
3097 1840 3203 1895 575
3259 1842 3590 1904 convocavit,
3621 1849 3669 1891 ut

435 1943 565 1990 terte
595 1934 699 1997 115
732 1943 786 1989 et
821 1933 941 1988 lM.
971 1933 1039 1988 At
1065 1947 1185 1986 cum
1217 1932 1466 2000 episcopo
1492 1931 1693 1985 Ariano
1722 1945 1822 1984 nec
1850 1929 2005 1984 Basi-

433 2025 539 2081 lius
608 2040 709 2081 nec
772 2024 1071 2095 presbyteri
1144 2022 1439 2077 Tarsenses
1505 2021 1999 2081 comunmieabaut.

434 2123 493 2171 ut
542 2115 969 2178 observabimus,
1033 2128 1156 2167 cum
1209 2113 1275 2167 de
1334 2113 1523 2167 iisdem
1582 2111 1822 2179 epistolis
1874 2126 2005 2164 aee-

431 2226 572 2266 IDUS.

500 2302 714 2372 Scripta
751 2310 928 2357 autem
968 2302 1084 2358 bzec
1128 2302 1193 2355 ad
1239 2300 1526 2357 Eusebium
1578 2299 1806 2371 epistola
1863 2314 2003 2353 anno

429 2394 533 2450 369
560 2404 792 2450 exeunte
821 2405 913 2449 aut
943 2395 1157 2449 ineunte
1178 2393 1302 2457 570,
1332 2393 1593 2463 siquidem
1625 2400 1745 2461 post
1769 2392 1867 2445 iter
1900 2390 2001 2443 Sa-

429 2495 738 2541 mosatense
782 2485 980 2553 scripta
1034 2491 1133 2546 est,
1192 2484 1335 2552 quod
1377 2496 1517 2535 anno
1560 2482 1664 2535 569
1718 2482 1860 2533 circa
1907 2494 1999 2532 au-

428 2583 674 2628 tumnum
706 2574 1211 2643 suscepitB-asilins.
1254 2573 1631 2642 Presbyterum
1672 2572 1817 2625 illam
1847 2570 2000 2626 Basi-

424 2666 555 2719 lium
608 2665 890 2732 scripsisse
943 2675 1165 2718 monent
1218 2664 1431 2718 codices
1498 2676 1627 2717 mss.
1682 2662 1999 2731 quibuscum

424 2760 626 2828 optime
656 2757 927 2812 consentit
954 2756 1103 2823 illud,
1133 2756 1258 2808 dum
1305 2771 1393 2808 vos
1419 2754 1763 2816 cunctamini,
1802 2752 1999 2807 delibe-

424 2847 654 2916 ratisque
681 2858 728 2899 et
758 2862 847 2899 vos
881 2856 1061 2898 mutuo
1088 2846 1362 2914 respicitis.
1400 2842 1495 2898 His
1528 2843 1669 2897 enim
1707 2843 1885 2897 verbis
1916 2858 1995 2897 se-

423 2939 598 2993 cernit
647 2953 706 2993 se
755 2938 982 2992 Basilius
1026 2937 1094 2991 ab
1151 2938 1439 3006 episcopis.
1488 2935 1617 3003 Quae
1674 2935 1742 2989 de
1795 2935 1995 2989 Siliani

423 3040 596 3084 morte
640 3029 894 3092 diximus,
946 3028 1233 3083 confirmat
1276 3028 1504 3098 epistola
1548 3026 1615 3081 67
1651 3028 1716 3081 ad
1754 3027 1995 3080 Athana-

421 3122 586 3184 sium,
623 3121 819 3190 scripta
866 3134 1005 3174 anno
1039 3120 1162 3173 571.
1196 3120 1347 3174 llune
1379 3120 1521 3173 enim
1560 3119 1774 3173 beatum
1815 3116 1996 3187 appel—

423 3211 499 3264 lat
518 3178 762 3275 Basilius,
789 3210 879 3280 qui
909 3210 1049 3265 hunc
1090 3210 1300 3265 titulum
1338 3224 1442 3263 non
1471 3209 1605 3263 solet
1635 3208 1737 3263 nisi
1766 3208 1992 3262 mortuis
2021 3178 2066 3239 θ

422 3302 652 3357 deferre.

493 3410 602 3465 Vll.
626 3410 765 3465 Ante
796 3410 1163 3479 episc0patum
1204 3407 1548 3465 collocandas
1577 3409 1703 3463 duxi
1747 3418 1856 3463 tres
1903 3422 1991 3462 se-

422 3514 650 3572 quentes
686 3503 961 3571 epistolas,
997 3516 1115 3570 quze
1165 3500 1515 3570 inscriptione
1547 3511 1753 3556 carent.
1812 3500 1991 3556 Prima

422 3594 628 3665 potenti
678 3593 892 3647 cuidam
941 3595 1136 3657 amico,
1179 3591 1314 3647 forte
1338 3593 1614 3658 censitori,
1661 3592 1860 3659 scripta
1885 3602 1988 3655 est,

420 3687 638 3756 cuijam
672 3686 872 3739 multos
910 3684 1382 3739 commendaverat
1414 3682 1669 3749 Basilius,
1718 3684 1811 3738 sed
1852 3698 1993 3736 nunc

419 3776 486 3829 de
524 3774 747 3830 meliore
778 3786 901 3829 nota
932 3776 1271 3830 commendat
1298 3774 1347 3830 ei
1386 3774 1594 3829 Leontii
1625 3776 1866 3838 domum,
1899 3788 1989 3827 ro-

420 3876 622 3936 gat'que
677 3876 737 3921 ut
788 3867 1012 3922 Leontio
1078 3868 1323 3921 eamdem
1389 3866 1776 3920 humanitatem
1837 3864 1992 3917 exhi-

419 3960 594 4023 beat,
664 3974 825 4028 quam
886 3959 988 4012 sibi
1045 3958 1369 4023 exhiberet,
1412 3958 1454 4011 si
1523 3972 1628 4026 qua
1683 3956 1990 4026 possideret

420 4050 645 4119 praedia,
671 4064 769 4104 nec
796 4049 889 4104 Dei
919 4049 1182 4103 beneficio
1210 4048 1263 4102 in
1292 4063 1500 4102 summa
1527 4058 1844 4117 paupertate
1866 4062 1989 4101 ver-

418 4153 654 4197 saretur.
1154 4154 1157 4155 ⁷

485 4256 544 4311 In
585 4256 793 4311 duabus
838 4254 1183 4323 sequentibus
1204 4253 1444 4321 epistolis
1475 4264 1626 4323 rogat
1659 4251 1887 4307 Basilius
1926 4262 1987 4307 ut

417 4348 623 4413 domui,
660 4348 714 4401 in
742 4361 847 4417 qua
887 4347 1120 4400 nutritus
1149 4345 1346 4411 fuerat,
1372 4346 1620 4413 antiquus
1648 4360 1842 4399 census
1872 4360 1987 4399 ser-

418 4447 590 4502 vetur,
637 4453 737 4493 nec
772 4440 822 4491 ei
863 4452 998 4492 nova
1039 4437 1438 4504 peraequatione
1473 4437 1653 4490 oneris
1692 4437 1980 4505 quidquam

2108 1936 2259 1987 tirma
2286 1942 2427 1987 esset
2459 1932 2700 1987 omnium
2744 1930 2942 1985 deiide
2987 1931 3253 1985 Eustathii
3285 1931 3585 1984 consensio.
3614 1929 3662 1983 Si

2104 2026 2225 2095 quis
2246 2026 2551 2080 consideret
2565 2022 2955 2092 amplissimum
2974 2022 3261 2076 aedificium
3284 2022 3355 2091 (ε)
3380 2022 3516 2091 quod
3537 2021 3669 2074 Basi-

2106 2119 2205 2173 lius
2228 2134 2366 2171 anno
2387 2117 2489 2170 572
2509 2132 2792 2185 aggressus
2815 2126 2919 2179 est,
2945 2116 2989 2169 si
3017 2127 3266 2183 sumptus
3291 2130 3435 2185 quos
3456 2114 3670 2169 faciebat

2106 2210 2159 2263 in
2209 2210 2495 2265 invitandis
2541 2220 2593 2263 et
2639 2208 2971 2277 excipiendis
3025 2206 3293 2276 episcopis
3320 2208 3580 2277 (mittebat
3608 2203 3669 2276 [ί]

2103 2304 2247 2355 enim
2290 2302 2379 2370 qui
2415 2300 2525 2368 jam
2556 2300 2810 2354 invitatos
2842 2300 3037 2353 iterum
3078 2298 3441 2352 admonerent
3477 2306 3529 2350 et
3557 2311 3666 2365 per-

2103 2394 2398 2449 lionorilice
2434 2392 2810 2461 deducerent),
2856 2392 3005 2446 illum
3037 2391 3280 2461 profecto
3323 2390 3573 2443 fatebitur
3615 2403 3669 2441 eo

2102 2486 2431 2555 paupertatis
2475 2486 2753 2539 redactum
2787 2499 2890 2538 non
2923 2483 3108 2548 fuisse,
3172 2493 3231 2536 ut
3267 2483 3408 2536 nihil
3452 2482 3668 2550 posside-

2102 2582 2202 2640 ret,
2268 2573 2360 2627 sed
2400 2575 2688 2627 charorum
2755 2581 2810 2628 et
2862 2573 3291 2642 propinquorum
3337 2572 3667 2626 facultatibus

2101 2672 2515 2719 sustentaretur.
2570 2663 2746 2729 Quare
2784 2674 2893 2718 tres
2932 2663 3049 2717 illas
3090 2663 3377 2732 epistolas,
3420 2676 3535 2729 quae
3566 2670 3669 2712 tan-

2102 2765 2207 2808 tam
2239 2755 2417 2809 Basilii
2442 2762 2807 2823 paupertatem
2833 2764 3122 2819 testantur,
3148 2765 3272 2809 ante
3301 2756 3654 2821 episcopatum

2103 2864 2323 2903 necesse
2359 2848 2461 2901 fuit
2494 2849 2779 2903 collocare.
2809 2846 2926 2917 Ipse
2971 2846 3203 2901 Basilius
3245 2848 3536 2900 discrimen
3580 2846 3666 2897 ali-

2098 2941 2238 3009 quod
2268 2940 2511 3008 agnoscit
2546 2940 2686 2994 inter
2708 2954 2825 2993 eam
2856 2949 3255 3008 paupertatem,
3288 2952 3455 3009 quam
3482 2935 3667 3003 episco-

2100 3047 2201 3100 pus
2243 3033 2420 3084 animo
2454 3032 2739 3093 retinebat,
2771 3040 2823 3084 et
2851 3046 2994 3094 eam,
3030 3045 3193 3098 quam
3229 3037 3357 3081 ante
3390 3028 3514 3081 illud
3546 3035 3666 3078 tem-

2098 3137 2197 3191 pus
2229 3120 2504 3189 professus
2533 3121 2728 3174 fuerat.
2760 3121 2852 3174 Ait
2879 3121 3024 3174 enim
3067 3136 3173 3173 non
3204 3119 3423 3187 illepide
3452 3119 3504 3171 in
3526 3118 3665 3185 epist.

2099 3212 2199 3265 186
2247 3212 2312 3264 ad
2370 3212 2712 3276 Antipatrum
2754 3212 3061 3280 praesidem,
3120 3211 3211 3279 qui
3258 3211 3489 3264 crambe
3534 3218 3667 3261 aceto

2096 3302 2306 3356 condita
2335 3312 2556 3357 sanatus
2594 3303 2790 3369 fuerat,
2828 3303 2929 3356 sibi
2960 3302 3234 3356 crambem
3266 3311 3430 3355 antea
3457 3302 3661 3353 invisam

2095 3392 2280 3456 fuisse,
2311 3402 2419 3445 tum
2446 3392 2515 3446 ob
2541 3393 2909 3461 proverbium,
2942 3402 3056 3445 tum
3084 3393 3212 3461 quia
3249 3394 3509 3446 comitem
3550 3403 3667 3459 pau-

2094 3492 2354 3551 pertatem
2406 3486 2458 3536 iu
2512 3484 2828 3537 memoriam
2874 3486 3197 3550 revocabat;
3236 3500 3383 3538 nunc
3418 3497 3543 3537 vero
3579 3481 3667 3534 mi-

2098 3590 2210 3625 rum
2244 3574 2294 3628 in
2327 3577 2536 3626 modum
2575 3578 2808 3642 placere,
2848 3585 3133 3645 pestquam
3181 3575 3405 3643 praisidi
3437 3571 3668 3626 valetudi-

2094 3678 2215 3715 nem
2249 3664 2505 3717 restituit.

2175 3774 2297 3827 Vill.
2331 3775 2620 3843 Epistulam
2647 3774 2717 3829 38
2767 3775 2926 3829 initio
2957 3777 3303 3845 episcopatus
3344 3777 3407 3833 S.
3440 3775 3665 3847 Gregorii

2093 3866 2340 3937 Nysseni,
2396 3866 2448 3918 id
2481 3875 2562 3919 est
2593 3882 2734 3919 anno
2763 3866 2889 3931 572,
2940 3868 3199 3935 scriptam
3244 3870 3473 3938 conjieit
3522 3868 3668 3922 'l‘ille-

2096 3958 2348 4011 montius.
2376 3956 2501 4020 Sed,
2531 3957 2654 4025 quia
2680 3957 2909 4011 Basilius
2934 3958 2986 4010 in
3014 3960 3116 4012 hac
3148 3961 3379 4027 epistola
3403 3977 3521 4015 cum
3544 3958 3664 4013 Gre-

2090 4049 2241 4118 gorio
2279 4063 2616 4116 nequaquam
2652 4050 2885 4113 disserit,
2937 4059 2995 4103 ut
3044 4066 3145 4119 par
3178 4062 3452 4106 eratcum
3482 4053 3663 4119 collega

2091 4141 2374 4204 disserere,
2419 4140 2510 4193 sed
2541 4154 2660 4192 eum
2691 4141 2865 4209 potius
2894 4150 2952 4195 ut
2984 4150 3229 4211 tyrunem
3258 4145 3542 4211 theologia:
3570 4143 3663 4197 elc-

2092 4233 2289 4287 mentio
2328 4232 2522 4288 imbuit
2560 4233 2657 4299 (ait
2688 4233 2831 4286 enim
2868 4248 2924 4287 se
2962 4235 3106 4288 hunc
3138 4236 3185 4288 ei
3225 4235 3661 4291 commentarium

2090 4322 2407 4386 confecisse,
2443 4337 2509 4375 ne
2539 4324 2887 4391 liypostasim,
2923 4334 2980 4376 ut.
3010 4325 3160 4377 inulti
3199 4326 3310 4390 alii,
3341 4344 3465 4381 cum
3497 4342 3660 4381 essen-

2095 4415 2163 4466 tia
2191 4414 2583 4482 confunderet);
2616 4415 2835 4468 credere
2880 4415 3061 4467 malim
3098 4415 3429 4485 Gregorium
3478 4421 3611 4472 lianc
3637 4434 3660 4468 a

418 4528 664 4582 πάλων,
687 4527 861 4596 Atque
893 4527 943 4581 id
978 4536 1126 4595 rogat
1156 4503 1259 4580 ,ιόη
1290 4525 1457 4579 solum
1486 4503 1737 4580 Domlhe}
1763 4503 1983 4597 ρνέειη,
2013 4504 2057 4559 ι)
2087 4503 2252 4559 fratre
2284 4504 2749 4572 pertractationem
2782 4506 3080 4574 accepisse,
3111 4523 3235 4561 cum
3271 4510 3465 4564 relicta
3502 4510 3662 4563 rheto-

417 4621 540 4685 teri,
576 4618 889 4674 collaetauei
938 4620 1040 4683 sui,
1091 4620 1183 4671 sed
1221 4619 1383 4671 etiam
1436 4633 1530 4671 sua
1582 4619 1749 4687 ipsius
1795 4633 1977 4672 causa.

411 4710 569 4775 Nam,
606 4726 728 4765 cum
767 4711 899 4765 nihil
939 4712 1212 4779 proprium
1254 4710 1497 4776 haberet,
1547 4712 1639 4765 sed
1690 4710 1981 4764 charorum

410 4813 466 4858 et
499 4806 919 4872 propinquorum
955 4802 1117 4856 rebus
1157 4811 1571 4868 sustentaretur,
1625 4802 1879 4856 alimenta
1935 4801 1983 4854 ei

409 4909 477 4948 ex
505 4895 607 4949 hac
638 4895 799 4948 domo
828 4894 1227 4963 praebebantur,
1283 4908 1447 4962 opera
1490 4894 1638 4948 illius
1663 4894 1982 4963 presbyteri,

408 4986 495 5040 cui
542 4995 715 5039 mater
746 4986 925 5040 Basilii
971 4986 1257 5039 maximam
1288 4994 1495 5053 partem
1524 4984 1866 5038 servitiorum
1911 4985 1979 5034 ad

408 5078 656 5132 eamdem
696 5080 911 5133 domum
961 5078 1365 5148 pertinentium,
1417 5076 1650 5146 quandiu
1701 5076 1981 5145 presbyter

410 5169 500 5224 ille
550 5168 775 5234 viveret,
827 5170 1080 5224 utendam
1117 5168 1435 5232 tradiderat,
1472 5181 1535 5222 ea
1575 5165 1882 5221 conditione
1921 5173 1978 5217 ut

408 5258 608 5312 Basilio
636 5258 891 5313 alimenta
920 5261 1273 5316 ministraret.

482 5348 573 5403 Vel
619 5347 915 5417 presbyteri
964 5348 1051 5404 vel
1100 5349 1334 5419 episcopi
1378 5348 1692 5414 dignitatem
1729 5345 1977 5415 designat

482 5618 557 5683 (ᾳ)
596 5614 692 5683 Ep.
719 5617 839 5671 114.

481 5683 556 5753 (b)
596 5683 692 5753 Ep.
726 5684 816 5738 57.

482 5751 554 5823 (ι)
587 5751 717 5806 Naz.
742 5768 819 5810 or.
845 5753 935 5809 20.

2084 4595 2207 4647 ricae
2241 4594 2495 4647 cathedra
2528 4603 2697 4647 totum
2730 4609 2787 4648 se
2821 4598 2993 4651 sacris
3023 4609 3079 4651 et
3111 4599 3505 4655 ecclesiasticis
3543 4601 3660 4655 scri-

2084 4683 2329 4752 ptoribus
2354 4683 2662 4737 evolvendis
2695 4685 2860 4739 dedit.
2891 4686 3023 4741 Illud
3052 4689 3216 4743 etiam
3249 4694 3484 4760 probare
3509 4690 3660 4760 possit

2086 4775 2224 4827 hanc
2245 4774 2701 4829 elucubrationem
2736 4774 2921 4829 Basilii
2962 4779 3279 4850 episcopatu
3310 4783 3658 4850 antiquiorem

2084 4880 2227 4929 esse,
2253 4866 2392 4934 quod
2424 4867 2555 4919 nihil
2581 4868 2743 4921 habet
2768 4868 2832 4921 de
2853 4869 3210 4925 celeberrima
3238 4873 3329 4927 illa
3355 4873 3657 4943 quaestione,

2086 4973 2203 5025 qum
2233 4959 2383 5012 initio
2412 4958 2754 5028 episcopatus
2776 4959 2963 5015 Basilii
2989 4963 3055 5016 de
3076 4962 3283 5032 Spiritu
3307 4975 3499 5020 sancto
3520 4978 3658 5018 exor-

2086 5058 2138 5101 ta
2165 5057 2266 5102 85L

2158 5159 2233 5212 De
2257 5159 2497 5228 epistolis
2523 5158 2719 5214 Juliani
2747 5162 2813 5214 ad
2844 5160 3101 5216 Basilium
3120 5172 3171 5218 et
3203 5164 3485 5220 Basiliiad
3508 5160 3658 5218 Julia-

2086 5268 2210 5306 tnnn
2262 5253 2374 5321 jam
2428 5252 2587 5306 locuti
2626 5268 2832 5308 sumus.
2875 5254 3027 5321 Quod
3074 5266 3286 5325 spectat
3326 5258 3403 5312 ad
3437 5256 3657 5326 quinque

2084 5343 2217 5397 alias
2239 5341 2492 5410 epistolas
2520 5357 2639 5410 qua:
2676 5357 2994 5412 sequuntur,
3034 5356 3161 5402 sunt
3194 5348 3300 5403 illa:
3327 5348 3544 5420 quidem
3577 5341 3653 5398 di-

2154 5606 2229 5676 (α)
2266 5606 2361 5674 Ep.
2394 5606 2518 5670 2M,
2554 5623 2605 5660 η.
2630 5610 2684 5659 2.

2154 5678 2219 5745 (ε)
2256 5677 2351 5745 ljlp.
2378 5676 2441 5745 97A
2452 5715 2465 5727 .

2150 5743 2226 5814 (Ι)
2268 5743 2361 5813 Ep.
2394 5744 2519 5811 214,
2558 5762 2610 5798 η.
2643 5744 2679 5798 9.
