3820 6210
1493 368 1653 432 V'ITA
1695 377 1753 432 S.
1794 366 2058 430 BASILII.
3325 377 3394 430 tv

140 508 260 569 με
283 493 487 552 Basilio
529 509 595 550 ac
624 494 1037 566 praeclarissima
1078 495 1310 550 instituti
1343 497 1559 551 ascetici
1593 511 1729 565 prae-
1755 503 1800 556 Α
1834 492 1900 546 ad
1937 491 2241 556 Dominum,
2268 499 2365 560 pro
2399 507 2510 561 quo
2534 491 2745 546 fortiter
2773 499 2829 547 et
2864 497 3083 547 strenue
3126 491 3178 544 in
3208 505 3366 560 perse

137 599 295 656 cepta
354 586 659 642 continent.
719 585 896 656 Ipsum
935 590 1095 643 etiam
1130 599 1338 660 tempus
1365 591 1566 659 optime
1603 603 1734 643 con-

137 680 309 747 gruit,
342 681 388 733 si
424 680 756 747 conjectum
789 681 1115 738 'l'illemontii
1159 683 1505 751 recipiantur.
1537 682 1614 735 Ex
1647 681 1732 736 his

137 771 285 824 enim
314 771 499 825 verbis
534 769 779 839 epistolae
807 771 877 826 46
905 775 978 841 (p.
1013 771 1135 841 156)
1169 791 1182 826 :
1220 773 1286 824 At
1328 774 1542 841 spiritus
1577 774 1728 837 aerii,

135 863 226 929 qui
259 878 404 915 nunc
441 863 499 916 in
531 863 659 930 filiis
693 866 1037 917 contumaciae
1070 872 1336 931 operatur,
1358 865 1547 934 exigua
1599 880 1733 918 aura

138 954 296 1004 modo
319 964 588 1020 suscepta,
607 953 881 1022 abnegasti
913 956 1024 1008 Itazc
1043 955 1243 1014 omnia.
1275 955 1492 1024 conjicil
1511 956 1730 1024 impium

138 1041 342 1097 Juliani
369 1059 600 1112 regnum
633 1045 920 1114 designari.
969 1045 1101 1100 Illud
1128 1059 1304 1102 autem
1346 1047 1584 1116 epistolae
1611 1047 1683 1101 45
1715 1065 1731 1103 3

138 1131 320 1184 Nosce
355 1133 628 1200 quomodo
662 1132 777 1200 jam
806 1134 1113 1187 Judarorum
1142 1144 1191 1190 et
1233 1137 1502 1204 gentilium
1540 1136 1639 1204 ﬁlii
1663 1137 1733 1189 ad

138 1223 238 1276 Dei
262 1223 474 1276 cultum
495 1225 909 1291 compelluntur,
935 1226 1122 1280 referri
1156 1242 1312 1296 posse
1331 1228 1472 1280 idem
1505 1229 1736 1297 scriptor

137 1316 425 1368 existimat
471 1316 537 1368 ad
586 1315 868 1383 imperium
907 1316 1146 1381 Joviani;
1188 1320 1385 1387 quippe
1428 1334 1550 1372 cum
1591 1334 1735 1372 mors

135 1404 340 1464 Joliani
384 1416 441 1460 et
469 1418 656 1461 exorta
683 1407 823 1462 inter
851 1419 1077 1462 conatus
1118 1409 1524 1463 instaurationis
1547 1410 1733 1478 templi

137 1497 406 1557 miracula
436 1498 821 1552 conversiones
856 1497 1119 1566 ejusmodi
1162 1514 1503 1555 commovere
1548 1512 1735 1570 potue-

138 1591 268 1644 rint.
301 1589 633 1644 Jamdudum
670 1591 807 1658 apud
834 1588 1052 1666 Graecos
1087 1589 1328 1644 nonnulli
1363 1590 1460 1644 has
1477 1591 1737 1659 epistolas

139 1685 339 1738 Basilio
382 1683 787 1750 abjudicarunt.
840 1682 1040 1746 Prima,
1070 1698 1189 1752 qua;
1226 1693 1307 1736 est
1333 1683 1400 1736 ad
1430 1680 1732 1746 Chilonem,

137 1775 194 1828 S.
220 1774 344 1829 Nilo
386 1789 417 1826 a
462 1773 734 1828 nonnullis
776 1774 1134 1837 tribuebatur,
1189 1784 1244 1828 ut
1274 1773 1499 1844 legimus
1541 1775 1591 1828 in
1629 1791 1736 1830 uno

134 1880 198 1916 ex
225 1863 521 1918 codicibus
554 1863 737 1932 regiis.
765 1862 823 1917 Si
847 1879 951 1917 una
989 1863 1046 1918 S.
1067 1863 1186 1917 Nilo
1223 1865 1494 1930 tribuitur,
1526 1876 1734 1920 cauerat:

133 1954 300 2007 etiam
357 1955 697 2018 tribuerulm;
733 1955 1028 2009 suntenim
1081 1969 1269 2009 omnes
1312 1955 1550 2023 ejusdem
1595 1957 1735 2010 inter

133 2058 191 2096 se
222 2042 377 2111 styli.
410 2040 534 2094 Jam
569 2043 808 2097 nonnulli
859 2044 915 2098 in
949 2044 1033 2098 Itis
1073 2045 1266 2100 litteris
1307 2046 1506 2114 stvlum
1553 2047 1731 2102 Basilii

133 2134 567 2199 desiderarunt;
630 2135 726 2188 sed
788 2136 854 2188 ad
928 2136 1069 2191 hanc
1118 2135 1396 2192 dubitandi
1465 2139 1728 2194 rationem

131 2224 264 2279 iliud
295 2225 470 2278 etiam
517 2228 748 2293 accedit,
783 2229 926 2293 quod
962 2229 1156 2298 legitur
1184 2230 1236 2283 in
1267 2231 1421 2298 epist.
1457 2231 1545 2296 45,
1599 2249 1733 2285 κατ-

137 2318 378 2388 έδραμες
396 2318 497 2370 ἐπὶ
516 2319 586 2370 τὰ
621 2319 987 2390 Ἰεροσόλυμα,
1022 2320 1150 2374 ἔνθα,
1184 2339 1266 2375 σοι
1291 2322 1385 2375 καὶ
1417 2323 1576 2386 αὐτὸς
1607 2340 1734 2377 συν-

127 2409 433 2480 διατρίϐων
483 2409 818 2483 ἐμακάριζον
852 2412 959 2466 τῶν
985 2413 1291 2484 ἀθλητικῶν
1324 2415 1520 2469 πόνων.
1552 2414 1735 2470 Peliin

127 2501 507 2572 Jerosolyma,
542 2503 627 2555 ubi
655 2513 703 2555 et
736 2504 846 2570 ipse
877 2513 1044 2557 tecum
1071 2517 1443 2572 commoratus,
1479 2505 1541 2560 ob
1565 2508 1733 2561 athle—

132 2592 266 2644 tiros
293 2604 344 2645 te
372 2592 589 2645 labores
621 2593 823 2645 beatum
845 2594 1221 2662 praedicabant.
1286 2594 1381 2650 His
1406 2596 1585 2650 verbis
1613 2597 1732 2650 diu-

130 2693 296 2736 turna
325 2683 727 2754 Hierosolymis
775 2687 1129 2738 commoratio
1182 2685 1473 2752 indicatur,
1505 2701 1623 2755 qua!
1677 2687 1733 2740 in

132 2772 397 2827 Basiliam
423 2791 533 2828 non
576 2777 848 2830 convenit.
879 2775 1011 2830 Rem
1041 2777 1199 2831 facile
1219 2777 1522 2844 esplicatet
1553 2778 1736 2833 conci-

128 2864 228 2920 Iiat
247 2865 640 2933 Gombelisius,
665 2867 754 2935 Qui
783 2867 1040 2920 Basiliam
1070 2867 1457 2938 Hierosolymis
1489 2870 1734 2939 baptiza-

1837 583 2148 637 cntionibus
2201 584 2614 648 decertaverat,
2674 584 2833 640 annis
2886 585 3230 652 episcopatus
3286 582 3398 638 fere

1834 687 1958 729 octo
1994 674 2225 740 exactis,
2259 676 2530 742 profectus
2561 684 2663 730 est.
2700 675 2868 730 Nemo
2905 689 3036 730 sane
3074 683 3221 730 tanta
3271 675 3400 730 sede

1832 767 2051 833 dignior
2075 776 2193 821 erat
2231 765 2452 833 Basilio,
2491 768 2760 822 neminem
2808 767 3049 821 latebant
3073 768 3272 821 eximia
3303 769 3399 821 do-

1833 859 2022 912 etrina:
2049 867 2104 912 et
2143 859 2450 913 sanctitatis
2483 868 2800 912 ornamenta
2832 875 2846 922 ;
2877 869 3112 927 spectata
3145 861 3399 913 omnibus

1835 959 1990 1001 erant
2019 964 2230 1003 summa
2265 950 2330 1002 de
2356 949 2596 1003 Ecclesia
2633 947 2957 1002 Cmsariensi
3002 951 3218 1011 merita,
3247 948 3398 1016 cujus

1837 1041 2279 1094 administrandae
2328 1045 2438 1106 jam
2501 1040 2760 1110 plurimas
2817 1052 2994 1110 partes
3028 1043 3096 1096 ab
3147 1043 3398 1113 episcopo

1835 1130 2156 1184 commissas
2201 1131 2554 1184 sustinuerat.
2601 1130 2704 1183 Sed
2748 1139 2927 1186 tamen
2962 1133 3252 1200 quominus
3295 1134 3397 1190 hoc

1837 1220 2015 1272 lmnen
2051 1220 2267 1274 excelso
2315 1221 2433 1274 loco
2484 1220 2862 1286 collocaretur,
2908 1223 3138 1290 plurima
3176 1225 3400 1279 obstite-

1839 1322 1988 1375 runt,
2044 1327 2162 1381 quae
2214 1311 2506 1381 Gregorius
2561 1312 2817 1367 Nazianzi
2853 1315 3136 1384 episcopus
3185 1328 3398 1372 summa

1838 1403 2120 1471 prudentia
2151 1410 2206 1455 et
2239 1402 2404 1454 animi
2455 1401 2774 1456 fortitudine
2825 1405 3073 1459 removit.
3101 1405 3219 1474 Ipse
3247 1406 3402 1462 Basia

1837 1495 1942 1547 lius
1991 1509 2058 1548 ne
2095 1489 2376 1562 suspicans
2423 1493 2640 1562 quidem
2691 1495 2876 1549 oculos
2901 1495 2956 1548 in
3004 1510 3064 1550 se
3093 1498 3397 1568 conjectum

1838 1584 1927 1648 iri,
1979 1584 2211 1637 amicum
2271 1599 2425 1638 suum
2481 1583 2801 1652 Gregorium
2855 1588 3164 1652 accersivit,
3220 1591 3400 1648 verbis

1838 1675 2078 1744 quidem,
2102 1685 2158 1728 ut
2181 1675 2230 1727 ei
2271 1687 2408 1744 pene
2449 1675 2691 1729 moriens
2718 1686 3018 1730 extremum
3046 1679 3167 1733 vale
3195 1681 3399 1739 dicere;

1840 1768 2074 1837 (videtur
2104 1767 2248 1820 enim
2289 1776 2419 1821 tunc
2453 1777 2713 1821 consueto
2737 1767 2879 1823 illius
2908 1781 2961 1824 et
2986 1773 3171 1826 comiti
3211 1776 3398 1830 morbo

1838 1858 2039 1927 aliquid
2084 1857 2206 1910 novi
2247 1857 2447 1912 doloris
2491 1859 2832 1930 accessisse),
2881 1876 2938 1912 re
2979 1872 3159 1916 autem
3198 1879 3322 1918 vera
3344 1879 3402 1920 ιιι

1835 1949 2079 2019 Gregorii
2104 1949 2328 2003 consilio
2369 1960 2421 2004 et
2445 1964 2607 2018 Opera
2641 1950 2693 2002 in
2725 1951 2961 2020 episcopi
2993 1953 3257 2010 electione
3282 1966 3398 2010 ute-

1837 2052 2004 2096 retur.
2051 2040 2335 2096 Perculsus
2401 2042 2505 2095 Itoc
2550 2042 2740 2096 nuntio
2781 2041 3076 2109 Gregorius
3129 2045 3400 2116 lacrytnas

1835 2134 1994 2199 fudit,
2027 2148 2192 2203 seque
2237 2135 2303 2187 ad
2355 2133 2458 2186 iter
2488 2133 2828 2199 accingebat,
2857 2149 2978 2186 cum
3007 2137 3290 2204 episcopos
3322 2140 3387 2192 ad

1835 2231 2022 2283 urbem
2054 2227 2228 2282 sensit
2254 2238 2597 2281 concurrere.
2626 2224 2761 2278 Tum
2811 2241 2938 2280 vero
2977 2227 3159 2282 Basilii
3203 2231 3386 2284 consi-s

1836 2320 1963 2373 lium
1993 2318 2279 2380 intellexit,
2315 2331 2384 2371 ac
2419 2316 2686 2385 proficisci
2730 2315 3021 2387 abnegans,
3051 2333 3173 2373 cum
3202 2321 3398 2376 Basilio

1835 2412 2076 2482 pluribus
2108 2409 2414 2464 nominibus
2452 2407 2693 2476 jurgavit
2725 2425 2740 2462 :
2771 2408 2844 2479 (ὁ)
2872 2410 3106 2478 primum
3157 2413 3396 2480 quidem,

1835 2507 1977 2574 quod
2008 2518 2116 2557 non
2153 2502 2374 2556 vidisset
2405 2515 2464 2554 se
2501 2500 2781 2555 hominum
2816 2516 3096 2557 sermones
3126 2519 3190 2559 ac
3217 2506 3394 2560 ambi-

1839 2609 1923 2651 tus
1953 2595 2343 2665 suspicionem,
2367 2592 2544 2646 amico
2577 2591 2645 2646 ad
2679 2591 2941 2659 ejusmodi
2976 2601 3185 2664 tempus
3207 2611 3390 2651 accer-

1835 2689 1960 2753 sito,
1995 2703 2098 2741 non
2144 2688 2506 2750 evitaturum;
2542 2684 2734 2739 deinde
2770 2687 2915 2754 quod
2954 2701 3162 2742 cumse
3198 2691 3392 2758 ipsein

1835 2765 2116 2835 electi'onis
2149 2777 2436 2832 tumultum
2470 2779 2813 2847 interponere
2863 2792 2970 2832 non
3022 2781 3266 2848 auderet,
3302 2793 3400 2851 per

1833 2873 2171 2943 Gregorium,
2206 2886 2438 2940 quocum
2482 2878 2600 2925 erat
2651 2879 2758 2924 tam
2799 2881 2950 2925 arcta
2994 2874 3234 2928 amicitia
3269 2890 3400 2930 con:

131 2967 250 3012 tum
283 2967 468 3026 putat,
518 2968 582 3011 ut
626 2959 679 3011 in
722 2956 962 3012 fabulosa
1011 2956 1156 3012 illius
1183 2958 1293 3013 vita
1335 2959 1551 3030 legitur,
1613 2976 1733 3031 quae
1826 2963 2070 3030 junctus,
2099 2976 2161 3016 ea
2196 2963 2450 3015 decenter
2481 2961 2566 3031 agi
2611 2973 2770 3030 posse
2811 2962 3085 3026 crederet,
3115 2977 3234 3031 quae
3278 2965 3394 3032 ipse

127 3047 511 3114 Amphilochii
542 3047 744 3100 nomini
781 3046 1055 3115 supposita
1077 3045 1196 3101 fuit.

1835 3071 1930 3124 per
1964 3070 2022 3109 se
2060 3053 2260 3123 egisset
2294 3053 2549 3107 indecore
2575 3069 2589 3105 :
2615 3053 2849 3122 denique
2884 3053 3025 3121 quod
3058 3054 3178 3122 pios
3223 3056 3395 3108 bomia-

201 3138 423 3192 Ilarum
463 3137 703 3205 quinque
752 3137 1104 3205 epistolarmn
1147 3135 1320 3206 prima
1375 3137 1442 3191 ad
1492 3139 1727 3192 anacho-

1841 3163 1937 3204 nes
1968 3146 2088 3216 plus
2118 3160 2273 3214 posse
2305 3145 2356 3197 in
2392 3143 2653 3212 ejusmodi
2697 3144 3053 3200 electionibus
3094 3147 3403 3201 existimas.

129 3238 313 3284 retam
354 3229 658 3298 quemdam
711 3228 765 3281 in
817 3227 1128 3294 Palaestina,
1164 3227 1449 3282 Chilonem
1477 3231 1718 3299 nomie,

131 3324 346 3392 scripta
375 3331 488 3387 est,
521 3321 614 3388 qui
651 3335 711 3375 se
757 3321 828 3372 ita
865 3320 916 3373 in
949 3319 1299 3374 solitudinem
1331 3321 1636 3384 abdiderat,
1670 3332 1729 3376 ut

134 3427 208 3466 ne
242 3411 433 3465 sacris
463 3411 682 3480 quidem
715 3410 1074 3464 conventibus
1108 3411 1419 3465 interesset.
1450 3411 1564 3466 Hoc
1590 3428 1729 3482 prte-

133 3505 304 3572 cipue
358 3502 522 3556 illum
568 3502 760 3556 edocet
801 3511 993 3554 auctor
1030 3499 1297 3570 epistola},
1331 3502 1607 3570 quomodo
1645 3501 1728 3556 fa-

133 3597 369 3651 stidium
415 3592 728 3647 solitudinis
765 3593 1040 3646 vitandmn
1063 3632 1079 3655 ,
1132 3602 1221 3659 et,
1258 3593 1303 3647 si
1334 3608 1454 3662 qua:
1502 3595 1730 3648 subeant

134 3687 521 3755 cegitationes
571 3683 674 3737 sub
729 3684 908 3752 specie
957 3683 1192 3737 obeundi
1243 3697 1428 3738 sacras
1471 3699 1725 3754 synaxes,

131 3776 424 3845 quomodo
471 3772 791 3841 repellenda:
828 3773 962 3826 sint.
997 3771 1259 3842 Sequitur
1287 3773 1609 3828 brevissima
1660 3777 1729 3828 ad

126 3869 392 3939 juniores
434 3867 753 3920 admunitio.
781 3863 954 3933 Epist.
985 3865 1056 3918 44
1111 3865 1311 3934 scripta
1363 3875 1446 3919 est
1483 3867 1550 3918 ad
1600 3881 1720 3919 mo-

133 3961 385 4014 nachum
432 3957 745 4026 quemdam,
782 3958 874 4026 qui
905 3972 974 4010 ex
1003 3972 1214 4010 summo
1247 3956 1470 4026 pietatis
1513 3956 1726 4011 fervore

138 4051 197 4105 in
235 4065 446 4120 magna
498 4047 728 4102 crimina
775 4047 957 4116 lapsus
1007 4046 1206 4111 fuerat,
1263 4055 1320 4101 et
1368 4048 1722 4114 pecuniarum
1779 4069 1784 4075 -

133 4153 338 4208 raptor
367 4148 648 4194 evaserat.
683 4136 932 4204 Sequens
963 4136 1029 4189 ad
1062 4135 1225 4188 alium
1258 4135 1604 4199 monachum,
1636 4137 1729 4206 qui

128 4231 345 4300 amplis
391 4228 594 4297 Opibus
656 4227 862 4280 relictis
903 4227 1005 4280 ltoc
1068 4226 1378 4280 institutum
1448 4228 1728 4296 amplexus

131 4325 348 4385 fuerat,
384 4319 484 4374 sed
528 4327 716 4388 postea
755 4317 1086 4370 adulterium
1119 4317 1478 4370 commiserat
1501 4326 1559 4371 et
1588 4331 1725 4370 non-

130 4414 324 4466 nullos
354 4411 693 4465 horrendum
724 4409 999 4479 quidpiam
1024 4410 1216 4476 jurare
1252 4417 1525 4477 coegerat.
1563 4409 1728 4463 Simi-

1833 3249 1934 3304 set,
1970 3254 2130 3307 quam
2167 3246 2416 3306 potentes
2463 3247 2518 3290 et
2566 3236 2706 3305 apud
2745 3236 2933 3304 vulgus
2981 3237 3265 3306 gratiosos.
3304 3238 3400 3294 llis

1831 3332 1896 3384 de
1920 3330 2098 3384 causis
2122 3327 2416 3398 Gregorius
2442 3343 2562 3382 cum
2609 3327 2726 3396 ipse
2755 3328 3024 3396 proficisci
3055 3327 3244 3392 noluit,
3285 3339 3400 3384 tum

1832 3421 2033 3475 Basilio
2067 3431 2256 3474 auctor
2291 3428 2396 3484 est,
2426 3428 2483 3473 ut
2523 3419 2770 3488 prudenti
2810 3434 3027 3474 secessu
3061 3420 3321 3476 tumultus
3348 3432 3403 3476 et

1832 3529 2024 3584 pravas
2061 3515 2397 3583 suspiciones
2429 3513 2622 3581 fugiat.
2655 3513 2962 3568 Verisimile
3004 3524 3088 3568 est
3133 3515 3390 3569 Basiliam

1832 3608 1986 3662 amici
2021 3607 2247 3661 consilio
2285 3607 2554 3676 paruisse,
2581 3622 2644 3659 ac
2677 3606 2918 3660 latebras
2950 3607 3233 3675 qumsiisse
3268 3608 3393 3661 dum

1829 3699 2023 3754 electio
2057 3709 2426 3769 perageretur.
2451 3697 2554 3752 Sed
2591 3698 2863 3753 immerito
2888 3697 3154 3755 Baronius
3180 3700 3248 3771 (c)
3274 3713 3395 3768 post

1829 3793 2000 3846 Eliam
2032 3792 2346 3847 Cretensem
2379 3791 2445 3844 ad
2480 3790 2738 3844 Basilium
2789 3790 2959 3846 refert
3003 3792 3249 3862 Gregorii
3294 3793 3402 3846 Na—

1830 3883 2079 3937 zianzeni
2133 3882 2297 3936 verba
2349 3880 2428 3952 (ά)
2491 3881 2558 3934 de
2617 3889 2898 3950 pastorum
2943 3883 3399 3950 praestantissimo

1830 3977 1989 4032 ovilis
2021 3990 2208 4030 curam
2242 3975 2416 4028 adhuc
2448 3974 2810 4037 detrectante,
2847 3987 2912 4027 ac
2935 3973 3096 4043 paqu
3128 3983 3250 4043 post
3277 3990 3398 4027 sus-

1832 4077 2075 4137 cepturo.
2116 4065 2380 4134 Loquitur
2414 4065 2556 4117 enim
2603 4063 2693 4117 hic
2753 4065 2817 4119 de
2865 4063 3223 4120 Nazianzenis
3281 4080 3399 4119 mo-

1833 4158 2046 4222 nachis,
2071 4158 2210 4211 inter
2239 4171 2378 4226 quos
2403 4172 2564 4209 unum
2598 4157 2867 4226 praecipue
2898 4156 3100 4213 laudat.

1910 4249 2130 4305 Videtur
2162 4249 2395 4305 Basilius
2439 4250 2601 4317 paulo
2658 4257 2947 4318 antequam
2995 4246 3211 4304 Eusebii
3253 4245 3394 4303 oculi

1838 4342 2242 4406 clauderentur,
2302 4341 2370 4394 ad
2410 4337 2730 4409 Gregorium
2769 4339 3074 4410 scripsisse,
3119 4338 3202 4393 vel
3250 4347 3399 4393 certe

1834 4446 2122 4502 antequam
2169 4431 2362 4486 mortis
2405 4431 2624 4486 nuntius
2676 4430 3009 4485 Nazianzum
3065 4429 3392 4484 deferretur.

129 4504 198 4556 “5
249 4512 344 4558 ⁸⁸⁸
384 4500 693 4593 ³τδῗ¹¹¹ἷθ¹¹ιί
746 4499 977 4593 (ἷΡῙδίθΙδ
1029 4499 1118 4564 46'
1151 4507 1206 4552 et
1255 4499 1322 4552 ad
1357 4498 1728 4593 pfn"_“‘f"‘ia'“
1762 4509 1805 4564 Π
1834 4498 2320 4593 Nam-Gregorius,
2359 4536 2484 4576 cum
2529 4537 2588 4577 se
2637 4523 2704 4578 ad
2744 4523 2844 4576 iter
2871 4522 3181 4590 accingeret
3214 4519 3397 4575 Basilii

127 4595 405 4649 hortatur
450 4587 720 4656 virginem
765 4585 994 4654 lapsam,
1027 4600 1148 4654 quae
1191 4599 1315 4639 cum
1357 4583 1728 4654 virginitatem

127 4684 431 4744 violasset,
466 4689 592 4732 voto
618 4693 676 4730 se
705 4676 1027 4730 obstrictum
1063 4677 1317 4746 negabat,
1342 4675 1591 4744 quamvis
1617 4675 1729 4727 vir-

125 4779 428 4846 ginitatem
467 4787 651 4828 coram
681 4771 790 4825 Deo
819 4781 874 4825 et
908 4769 1114 4839 angelis
1149 4780 1204 4823 et
1243 4767 1557 4821 hominibus
1596 4781 1723 4836 pro-

128 4871 286 4926 fessa
314 4878 496 4925 esset.

730 4972 955 5030 CAPUT
997 4970 1136 5026 XIII.

126 5070 172 5126 ι.
207 5070 440 5126 Ποτιυο
483 5067 710 5120 Eusebio
745 5066 918 5118 minus
953 5074 1102 5116 caute
1127 5060 1363 5114 Basilius
1408 5074 1727 5126 successoris

201 5125 464 5196 electioni
494 5138 745 5204 providet.
775 5137 837 5187 Il.
870 5133 893 5186 Ι
902 5150 990 5203 pse
1033 5133 1264 5186 Basilius
1294 5125 1728 5204 Δτρέξίιιείινερςε-(ἷςεο

204 5195 354 5280 gorii
381 5218 432 5260 et
471 5195 679 5280 Eusebii
711 5195 1042 5280 Samosateui
1065 5217 1222 5269 opera
1255 5195 1489 5280 eligitur.
1511 5197 1602 5250 III.
1627 5195 1729 5280 ρι-

205 5267 492 5333 ἶεησάιιηι
528 5277 705 5345 plures
733 5275 959 5341 episcopi
986 5282 1031 5325 et
1057 5267 1178 5324 ante
1201 5271 1581 5345 ordinationem
1610 5267 1728 5319 dis-

205 5353 431 5403 cedunt.
461 5339 548 5400 IV'.
588 5345 704 5408 Quo
728 5339 866 5397 anno
887 5346 998 5397 haec
1023 5351 1235 5411 peracta
1258 5339 1545 5392 ordinatio.

205 5466 250 5519 I.
289 5463 563 5518 Eusebius
616 5459 972 5515 Caesariensis
1021 5457 1310 5526 episcopus
1364 5453 1604 5506 animam
1674 5451 1726 5504 in

133 5551 328 5608 Basilii
366 5549 622 5603 manibus
665 5561 810 5600 anno
848 5545 953 5600 570
980 5543 1056 5614 (α)
1101 5544 1299 5599 leniter
1339 5540 1640 5605 exhalavit,
1675 5549 1728 5593 et

209 5713 297 5780 (α)
325 5711 460 5765 Naz.
492 5726 616 5779 pag.
649 5709 756 5780 510
779 5717 833 5763 et
864 5707 990 5762 542.

215 5717 270 5780 (a
325 5713 460 5765 Naz.
492 5726 616 5779 pag.
649 5713 692 5761 3·

215 5713 297 5857 (to;
324 5781 457 5838 Nat.
487 5797 575 5850 ep.
601 5779 692 5833 2|.

1836 4615 2100 4669 invisendi
2127 4628 2308 4679 causa,
2345 4614 2515 4668 sensit
2545 4615 2830 4684 episcopos
2857 4613 2924 4667 ad
2953 4615 3140 4668 urbem
3163 4627 3398 4668 concur-

1838 4723 1978 4772 rere,
2017 4721 2182 4777 seque
2215 4707 2481 4762 intellexit
2513 4722 2543 4760 a
2587 4708 2786 4762 Basilio
2833 4722 2940 4762 non
2976 4715 3084 4761 tam
3119 4707 3185 4761 ad
3218 4707 3394 4762 morbi

1836 4800 2109 4863 solatium,
2146 4814 2307 4868 quam
2365 4798 2432 4852 ad
2475 4812 2694 4866 operam
2738 4799 2790 4852 in
2845 4797 3082 4868 episc0pi
3135 4797 3402 4852 electione

1837 4891 2154 4946 tradendam
2189 4891 2356 4945 allici.
2397 4891 2658 4961 Cognovit
2696 4905 2823 4960 ergo
2862 4904 2926 4944 cx
2977 4889 3080 4944 hoc
3120 4891 3400 4959 episeopo-

1835 4999 1955 5038 rum
1999 4996 2262 5036 CODCUI‘SII
2304 4991 2575 5035 mortuum
2625 4995 2744 5035 esse
2798 4979 3128 5033 Eusebium:
3160 4993 3264 5036 nec
3302 4981 3396 5034 du-

1834 5075 1976 5129 bium
2017 5084 2101 5128 est
2143 5074 2297 5144 quin,
2335 5073 2381 5126 si
2423 5073 2627 5126 certior
2661 5072 2726 5126 de
2753 5072 2853 5124 hac
2887 5078 3060 5124 morte
3089 5067 3265 5124 factus
3292 5084 3396 5123 an-

1835 5177 1916 5221 tea
1965 5166 2173 5232 fuisset,
2202 5165 2405 5219 statim
2437 5172 2491 5216 et
2532 5161 2715 5217 Basilii
2760 5161 3048 5216 consilium
3097 5169 3153 5216 et
3197 5173 3395 5216 conse-

1832 5259 2049 5327 quentia
2079 5273 2147 5312 ex
2179 5258 2280 5312 hoc
2307 5255 2538 5311 consilio
2568 5255 2908 5310 incommoda
2935 5254 3179 5309 vidisset.

1903 5349 2020 5404 Non
2060 5351 2286 5405 deerunt
2319 5349 2548 5403 fortasse
2590 5346 2682 5416 qui
2735 5346 2998 5401 mirentur
3030 5345 3115 5400 vel
3158 5345 3391 5398 libenter

1836 5456 1941 5498 non
1973 5441 2198 5496 credant
2227 5441 2507 5510 episcopos
2537 5436 2887 5508 Cappadocia:
2927 5436 3107 5490 statim
3138 5443 3258 5503 post
3287 5434 3398 5490 Eu-

1838 5537 1972 5592 sebii
1995 5544 2248 5599 mortem,
2277 5541 2567 5590 anteouam
2596 5530 2791 5586 litteris
2820 5529 2949 5585 cieri
2979 5529 3397 5594 advocarentur,

1903 5698 1974 5768 (ε)
2001 5696 2100 5768 Ap-
2132 5695 2257 5768 δαῖε).

1907 5765 1984 5839 (ιι)
2015 5765 2107 5822 Or.
2143 5766 2230 5819 η.
