3820 6210
427 406 512 447 m
813 352 816 356 ’
1763 384 1995 438 Pnoua

2106 382 2295 437 ilENA.

430 515 730 569 Cmsaream
769 507 1068 563 advolasse.
1090 505 1196 559 Sed
1234 514 1412 559 tamen
1447 505 1581 560 nihil
1616 505 1866 561 videntur
1890 508 1990 561 hac
2020 513 2060 567 Α
2094 507 2257 559 Deum
2297 510 2564 571 premetur,
2608 501 2761 567 eique
2814 497 3034 565 quinam
3099 491 3273 560 magis
3316 490 3494 545 idonei
3541 490 3655 552 sint,

429 610 482 662 in
510 610 573 661 're
612 612 805 674 praeter
846 614 1047 655 morem
1089 598 1442 669 Cappadociae
1492 599 1707 653 fecisse.
1745 599 1885 653 ldem
1916 599 1991 652 fe-

430 706 622 752 ceratut
655 709 797 749 anno
833 692 959 756 575,
997 704 1119 744 cum
1157 689 1327 743 falsus
1378 689 1443 743 de
1486 689 1665 743 Basilii
1698 700 1868 743 morte
1905 707 1993 742 ru-

430 802 550 841 mor
579 785 771 837 allatus
815 790 982 845 esset,
1011 790 1069 833 ut
1100 780 1463 849 perspicimus
1504 796 1570 833 ex
1607 781 1832 848 epistola
1868 781 1989 845 Ml,

434 890 488 926 η.
517 874 572 926 2.
610 872 779 926 Nemo
809 884 940 924 sane
982 869 1181 922 dixerit
1210 877 1339 923 tunc
1372 884 1467 924 eos
1504 869 1700 925 litteris
1725 869 1851 925 cleri
1884 885 1995 925 vo—

430 976 580 1021 catos
614 965 803 1019 fuisse.

495 1058 605 1113 Cur
632 1057 771 1110 idem
806 1054 1267 1109 mortuoEusebio
1295 1056 1514 1109 credam
1552 1054 1826 1117 evenisse,
1852 1069 1993 1123 prte-

431 1160 514 1205 ter
549 1149 915 1204 testimonium
940 1146 1187 1217 Gregorii
1213 1146 1562 1211 Nazianzeni,
1594 1162 1698 1215 quo
1722 1146 1831 1215 jam
1864 1160 1995 1200 usus

431 1257 571 1305 sum,
606 1240 747 1294 aliud
792 1240 1020 1293 rationis
1064 1248 1391 1292 momentum
1428 1238 1771 1307 suppeditant
1801 1236 1995 1290 littera:

430 1332 677 1404 Gregorii
728 1331 961 1400 episcopi
1006 1331 1071 1383 ad
1119 1329 1334 1384 eosdem
1388 1329 1690 1397 episcopos.
1730 1328 1793 1382 lli
1852 1329 1994 1382 enim

433 1425 754 1495 Gregorium
789 1423 1090 1477 Cresaream
1130 1422 1458 1474 advocarunt
1491 1420 1588 1491 (α),
1615 1421 1706 1474 sed
1739 1431 1841 1474 tam
1872 1434 1994 1489 per-

433 1516 724 1579 functorie,
763 1522 822 1567 ut
866 1528 967 1567 nec
1004 1512 1192 1565 adesse
1224 1511 1371 1564 illum
1424 1521 1675 1581 oportere
1717 1511 1994 1578 significa-

432 1614 572 1668 rent,
610 1620 706 1658 nec
744 1619 847 1672 qua
884 1604 948 1657 de
988 1618 1065 1668 re,
1110 1613 1202 1655 aut
1258 1617 1367 1671 quo
1409 1611 1673 1670 tempore.
1717 1601 1995 1655 Permolc-

431 1709 571 1752 stum
617 1698 667 1749 id
719 1697 819 1749 fuit
859 1696 1060 1764 optimo
1102 1695 1263 1747 seni:
1308 1703 1361 1746 at
1404 1692 1650 1761 profecto
1708 1693 1994 1747 molestum

430 1806 550 1845 esse
599 1803 706 1842 non
760 1787 1056 1851 debuisset,
1081 1785 1123 1839 si
1166 1784 1278 1853 jam
1335 1784 1720 1848 illum,itidem
1773 1792 1831 1836 ut
1864 1783 1997 1835 alios

431 1882 735 1950 episcopos,
783 1879 848 1931 de
890 1892 1039 1930 more
1089 1875 1270 1930 clerus
1316 1875 1622 1929 invitasset.
1670 1874 1820 1928 Tunc
1852 1875 1994 1927 enim
2029 1857 2071 1909 Β

432 1985 655 2025 necesse
692 1984 794 2023 non
851 1968 1061 2029 fuisset,
1093 1976 1150 2019 ut
1179 1964 1309 2019 cleri
1349 1964 1543 2017 litteris
1576 1964 1771 2017 additm
1792 1964 1997 2031 episco-

430 2074 620 2131 porum
658 2060 851 2113 littera:
877 2055 1086 2125 singula
1119 2061 1373 2108 accurate
1405 2060 1887 2122 persequerentur.

500 2153 560 2206 ll.
586 2152 718 2207 Cum
771 2147 1092 2220 praevideret
1150 2145 1492 2199 venerandus
1536 2159 1724 2208 senex,
1764 2144 1815 2197 id
1849 2141 1995 2211 quod

433 2260 533 2298 usu
563 2243 764 2307 evenit,
802 2241 949 2295 varia
990 2239 1265 2294 hominum
1294 2236 1466 2290 studia
1510 2236 1562 2289 in
1610 2234 1855 2303 eligendo
1887 2216 1998 2300 epi-

435 2350 596 2404 sc0po
624 2334 824 2396 futura,
858 2331 1099 2385 declarat
1126 2329 1201 2400 (b)
1230 2328 1499 2397 episcopis
1524 2327 1792 2380 neminem
1821 2339 1877 2377 se
1904 2324 1999 2376 ha-

434 2431 583 2492 bere,
628 2440 783 2495 quem
840 2424 1045 2477 Basilio
1096 2420 1354 2491 praeferre
1408 2420 1604 2488 possit,
1637 2420 1753 2472 viro
1793 2428 1847 2471 et
1878 2417 1997 2469 vitae

431 2520 721 2573 sanctitate
751 2526 804 2570 et
831 2514 1092 2568 doctrinae
1123 2509 1431 2581 praestantia
1473 2509 1628 2578 longe
1674 2522 1834 2577 super
1864 2506 1997 2559 alios

431 2624 621 2663 omnes
660 2606 914 2661 emlnenti
948 2623 960 2657 :
994 2621 1091 2658 nec
1143 2603 1287 2657 illius
1343 2600 1590 2670 corporis
1655 2599 1996 2653 debilitatem

432 2704 648 2757 obsmre
702 2700 927 2761 debere;
985 2711 1105 2751 cum
1190 2695 1476 2764 episc0pus
1533 2698 1830 2761 quaeratur,
1886 2704 1996 2743 non

431 2793 659 2853 athleta,
692 2805 755 2843 ac
797 2798 1057 2857 praeterea
1109 2786 1202 2839 Dei
1246 2785 1416 2837 virtus
1472 2784 1526 2836 in
1558 2780 1821 2849 ejusmodi
1858 2764 2001 2833 infir-

429 2884 622 2936 mitate
649 2880 878 2933 eluceat.
908 2877 1184 2931 Promittit
1210 2890 1267 2929 sc
1300 2874 1631 2937 adfuturum,
1667 2873 1710 2926 si
1748 2873 1848 2925 hoc
1883 2872 1997 2923 suf-

430 2973 663 3043 fragium
693 2970 977 3038 recipiant,
1011 2984 1075 3021 ac
1109 2982 1327 3035 operam
1367 2966 1446 3019 eis
1468 2966 1719 3019 daturum
1758 2962 1841 3017 vel
1888 2963 1998 3030 spi-

434 3067 543 3120 ritu
578 3064 663 3118 vel
694 3076 922 3131 corpore
957 3075 969 3111 :
1002 3061 1083 3113 sin
1136 3069 1315 3112 autem
1372 3057 1538 3111 certis
1595 3054 1997 3109 conditionibus

436 3159 519 3210 via
552 3152 883 3224 capessenda
920 3150 1031 3216 sit,
1054 3164 1117 3204 ac
1166 3148 1430 3202 factiones
1459 3157 1646 3200 contra
1684 3146 1992 3213 aequitatem

429 3244 767 3307 conflentur,
809 3242 1118 3311 gavisurum
1163 3253 1222 3293 se
1254 3238 1394 3305 quod
1438 3235 1601 3289 fuerit
1632 3242 1994 3301 contemptus.

501 3334 809 3390 Honorifice
848 3332 1110 3387 invitatus
1135 3329 1202 3382 ab
1243 3328 1477 3382 Ecclesia
1506 3326 1824 3380 Caesariensi
1872 3323 2000 3378 Gre-

432 3427 617 3498 gorius
666 3424 736 3494 (c)
771 3425 1108 3478 demonstrat
1163 3419 1626 3482 Caesariensibus,
1679 3418 1865 3486 quanti
1930 3418 2002 3471 sit

432 3521 693 3575 momenti
722 3517 912 3571 electio
933 3513 1191 3584 episcopi,
1218 3526 1339 3565 cum
1369 3510 1420 3563 in
1444 3510 1691 3563 omnibus
1725 3508 1999 3575 Ecclesiis,

433 3626 543 3669 tum
590 3612 825 3665 maxime
878 3608 930 3661 in
981 3604 1297 3661 Caesariensi
1361 3602 1585 3657 aliarum
1637 3600 1998 3655 Ecclesiarum

431 3717 627 3761 matre.
666 3704 944 3758 Summum
973 3698 1243 3769 significat
1271 3695 1519 3751 veniendi
1563 3695 1626 3747 ad
1652 3710 1745 3748 eos
1783 3694 1998 3747 deside—

431 3800 594 3861 rium,
632 3797 674 3849 si
704 3808 799 3865 per
832 3792 1077 3847 morbum
1107 3799 1161 3844 et
1193 3789 1401 3844 senium
1433 3787 1630 3851 liceat;
1668 3786 1759 3840 sed
1788 3785 2001 3838 interim

431 3892 676 3947 declarat
708 3904 770 3943 ex
799 3888 931 3942 viris
957 3886 1263 3956 principatu
1290 3883 1485 3953 dignis,
1518 3896 1653 3951 quos
1676 3881 1729 3934 in
1759 3878 2003 3933 Ecclesia

430 3982 747 4041 Ctesariensi
804 3980 984 4049 plures
1034 3992 1157 4031 esse
1214 3990 1319 4029 non
1384 3974 1675 4037 inliciatur,
1734 3971 1999 4024 nominem

430 4073 633 4129 Basilio
664 4071 904 4141 praeferri
934 4071 1168 4131 debere;
1196 4080 1427 4134 eumque
1474 4078 1656 4117 coram
1704 4061 1813 4115 Deo
1865 4070 2003 4113 teste

434 4174 709 4220 asseverat
734 4171 787 4216 et
817 4162 937 4214 vitm
966 4171 1019 4212 ct
1051 4158 1311 4212 doctrinae
1356 4157 1648 4211 sanctitate
1682 4152 1761 4206 vel
1803 4151 1999 4214 solum,

431 4257 512 4311 vel
536 4255 776 4311 omnium
810 4252 1045 4307 maxime
1076 4260 1258 4319 aptum
1298 4263 1435 4311 esse,
1471 4247 1560 4316 qui
1591 4244 1885 4300 Ecclesiam
1920 4243 2003 4295 his

432 4346 829 4403 molestissimis
856 4343 1184 4411 temporibus
1208 4339 1489 4409 gubernet.
1520 4339 1693 4405 Atque
1727 4338 1837 4390 haec
1864 4335 2003 4389 scri-

431 4442 512 4495 bit
536 4442 681 4495 clero
717 4448 774 4494 et
804 4435 1105 4498 monachis,
1133 4444 1187 4487 et
1217 4431 1491 4487 honoratis
1517 4444 1579 4484 ac
1610 4429 1772 4484 curia:
1798 4438 1851 4480 et
1883 4427 2003 4481 uni—

2088 598 2436 667 judicandum
2488 594 2774 662 relinquat.
2810 590 2923 645 Non
2972 588 3127 643 modo
3168 586 3268 641 sibi
3298 586 3511 639 videtur
3536 584 3659 638 Gre-

2094 689 2275 757 gorius
2320 688 2419 740 hac
2453 685 2565 753 lege
2602 699 2703 737 non
2756 680 3041 747 obstringi,
3080 677 3172 732 sed
3213 676 3374 730 etiam
3418 673 3659 727 Ecclesia:

2093 780 2410 835 Cazsariensi
2442 794 2504 831 ac
2533 776 2799 847 episcopis
2830 773 3021 825 minari
3071 785 3174 823 non
3212 767 3446 830 dubitat,
3474 780 3532 819 se
3563 782 3655 816 non

2094 871 2426 933 adfuturum,
2462 882 2562 921 nec
2592 867 2905 936 participem
2929 876 3115 915 eorum
3143 858 3353 913 consilii
3391 856 3621 909 futurum
3641 896 3653 913 ,

2095 963 2138 1016 si
2168 976 2261 1014 sua
2301 975 2406 1014 non
2438 958 2617 1011 vincat
2663 954 2952 1019 sententia,
2984 954 3027 1007 si
3064 966 3223 1020 quem
3257 948 3422 1001 alium
3468 946 3653 1000 Basilio

2096 1053 2404 1124 prmferaut.
2453 1051 2589 1107 lluic
2636 1059 2814 1105 autem
2868 1046 3057 1116 agendi
3112 1041 3307 1096 rationi
3360 1054 3470 1093 non
3514 1040 3659 1091 modo

2095 1145 2250 1197 venia
2294 1144 2536 1209 debetur,
2579 1142 2670 1196 sed
2716 1140 2875 1193 etiam
2927 1138 3042 1189 laus
3088 1132 3529 1200 maxima,eique
3559 1128 3659 1196 pal-

2098 1253 2240 1291 mam
2287 1236 2378 1288 dat
2424 1234 2715 1303 Gregorius
2766 1232 2905 1285 filius
2946 1230 3023 1298 (ά)
3069 1228 3212 1281 inter
3264 1234 3459 1278 caetera
3504 1220 3658 1289 patris

2098 1329 2357 1397 prteclare
2391 1327 2549 1381 facta.
2586 1325 2717 1378 Nam
2755 1339 2873 1377 cum
2918 1322 3158 1375 omnium
3189 1318 3254 1372 de
3278 1314 3467 1369 Basilii
3499 1315 3655 1366 virtu-

2099 1420 2449 1488 tibusjudicia
2480 1417 2877 1480 consentirent,
2913 1428 2975 1467 ac
3017 1412 3134 1465 luce
3164 1409 3367 1463 clarius
3404 1413 3549 1460 esset
3577 1420 3661 1457 ne-

2098 1517 2297 1568 minem
2337 1513 2499 1566 alium
2532 1511 2648 1564 sine
2691 1522 2903 1562 summo
2950 1505 3127 1574 legum
3171 1499 3659 1556 ecclesiasticarum

2097 1612 2407 1671 contemptu
2450 1600 2572 1669 eligi
2614 1611 2807 1667 posse;
2856 1593 3155 1662 Gregorius
3207 1604 3272 1644 eo
3321 1598 3431 1640 tam
3474 1584 3661 1639 acriter

2098 1693 2429 1752 defendendo
2477 1706 2576 1747 nec
2615 1690 2735 1759 jura
2778 1702 2877 1742 nec
2921 1687 3225 1741 libertatem
3288 1679 3659 1745 suffragiorum

2104 1788 2423 1850 attentabat,
2452 1787 2545 1840 sed
2581 1782 2761 1852 potius
2795 1798 2824 1835 a
2851 1778 3181 1834 factionibus
3229 1784 3283 1830 et
3329 1768 3661 1841 praeposteris

2104 1880 2295 1933 studiis
2388 1877 2454 1931 ad
2535 1874 2919 1933 ecclesiastica:
2992 1868 3243 1923 utilitatis
3291 1864 3661 1935 cogitationem

2103 1971 2339 2025 omnium
2366 1972 2572 2024 animos
2600 1967 2905 2024 revocabat.

2173 2062 2281 2115 llas
2311 2062 2475 2131 patris
2509 2060 2720 2113 litteras
2755 2058 2955 2111 indicat
2985 2051 3278 2119 Gregorius
3299 2050 3394 2117 κε),
3416 2061 3537 2100 cum
3564 2044 3659 2097 ait:

2103 2153 2329 2206 Litteras
2360 2151 2633 2211 scribebat,
2659 2149 2921 2209 monebat,
2948 2144 3194 2213 populum
3228 2139 3569 2202 conciliabat,
3591 2154 3664 2188 sa-

2104 2246 2496 2308 cerdotes,cum
2523 2242 2676 2305 alios,
2720 2250 2827 2291 tum
2861 2254 2945 2290 eos
2988 2236 3074 2305 qui
3113 2233 3303 2285 altaris
3346 2238 3495 2293 sunt,
3537 2230 3667 2280 obte-

2104 2337 2361 2399 stabatur,
2399 2332 2721 2395 decernebat,
2754 2326 3029 2382 ordinabat
3071 2326 3228 2377 etiam
3277 2320 3488 2383 absens,
3530 2317 3663 2371 cani-

2104 2428 2190 2479 tiei
2225 2442 2333 2479 sua:
2366 2426 2462 2477 hoc
2497 2423 2694 2485 dabat,
2723 2430 2778 2472 ut
2815 2420 2953 2487 apud
2992 2417 3216 2477 alienos,
3250 2424 3505 2480 tanquam
3541 2407 3666 2476 apud

2105 2535 2226 2572 suos
2265 2515 2584 2569 auctoritate
2642 2520 2892 2565 uteretur.
2939 2509 3144 2574 Quibus
3177 2520 3241 2559 ex
3278 2504 3462 2558 verbis
3502 2500 3663 2566 colligi

2106 2608 2277 2678 possit
2318 2620 2422 2658 non
2464 2604 2597 2656 duas
2640 2609 2844 2653 tantum
2893 2613 2923 2651 a
2965 2606 3153 2651 sancto
3186 2608 3338 2653 sene,
3369 2592 3466 2645 sed
3500 2590 3666 2657 plures

2107 2699 2239 2753 alias
2273 2695 2525 2749 Ecclesia:
2552 2689 2869 2746 Cresariensi
2897 2687 3129 2753 scriptas
3160 2684 3350 2738 fuisse.
3384 2681 3667 2737 Videbatur

2107 2792 2244 2845 hanc
2277 2791 2343 2841 ab
2377 2802 2440 2841 eo
2490 2783 2903 2839 sollicitudinem
2945 2793 3174 2849 poscere
3217 2775 3381 2843 hujus
3425 2771 3668 2827 Ecclesia:

2104 2890 2293 2935 status.
2326 2877 2456 2931 Erat
2483 2876 2622 2929 enim
2653 2887 2846 2942 magna
2876 2873 3183 2924 animorum
3213 2866 3505 2921 dissensio.
3533 2863 3669 2914 Basi-

2106 2975 2232 3027 lium
2263 2971 2511 3025 omnibus
2532 2966 2887 3038 prmferebant
2909 2961 3259 3017 selectissima
3306 2969 3362 3013 et
3388 2956 3667 3027 purissima

2104 3080 2226 3134 pars
2253 3062 2452 3132 p0puli,
2478 3061 2758 3113 universus
2777 3058 2954 3112 clerus
2972 3065 3026 3108 et
3056 3063 3252 3107 asceta:
3281 3067 3294 3103 :
3332 3050 3429 3103 sed
3480 3048 3669 3101 invide-

2103 3156 2232 3209 bant
2268 3164 2322 3207 et
2350 3150 2729 3223 oppugnabant
2772 3147 3137 3215 magistratus,
3170 3157 3233 3195 ac
3269 3140 3471 3193 infimae
3505 3136 3662 3207 plebis

2102 3241 2445 3313 perditissimi
2475 3239 2673 3308 quique
2702 3251 2819 3290 cum
2846 3231 3249 3303 magistratibus
3282 3228 3575 3297 conjuncu,
3602 3234 3667 3286 et,

2104 3334 2243 3402 quod
2295 3330 2528 3385 inimicis
2574 3326 2846 3396 religionis
2883 3322 3103 3392 jocandi
3154 3320 3447 3374 materiam
3494 3317 3665 3376 dabat,

2104 3425 2201 3493 ipsi
2243 3422 2405 3477 etiam
2438 3419 2691 3489 episcolii.

2175 3514 2307 3566 Erat
2352 3525 2482 3565 sane
2520 3510 2892 3571 metuendum,
2937 3519 3002 3559 ne
3031 3502 3239 3567 Ariani,
3275 3502 3368 3569 qui
3408 3513 3552 3553 anno
3577 3494 3670 3551 565

2107 3602 2358 3660 Ecclesiae
2389 3600 2705 3657 Caesariensi
2751 3597 2978 3651 insidias
3010 3600 3349 3658 struxerant,
3391 3588 3673 3644 dissensio-

2107 3697 2264 3751 nibus
2294 3696 2626 3748 laborantem
2673 3697 2998 3757 occuparent
3047 3695 3101 3741 ct
3129 3690 3468 3739 everterent.
3504 3679 3669 3745 Quare

2104 3787 2396 3856 Gregorius
2434 3800 2554 3838 cum
2594 3784 2828 3836 nondum
2872 3781 3062 3833 adesse
3084 3785 3288 3846 posset,
3335 3790 3399 3827 ac
3438 3771 3670 3837 praasidio

2105 3896 2212 3935 non
2237 3878 2498 3933 mediocri
2529 3885 2736 3943 tempus
2755 3886 2915 3939 egere
2941 3870 3269 3939 intelligeret
3294 3867 3365 3937 (0
3389 3906 3404 3929 ,
3426 3869 3668 3931 magnum

2106 3987 2172 4026 ex
2208 3971 2429 4025 Oriente
2455 3967 2632 4020 lumen
2661 3966 2909 4027 accersit,
2943 3962 3001 4019 S.
3036 3962 3330 4015 Eusebium
3362 3959 3662 4012 Samosata-

2090 4062 2257 4126 'num,
2302 4060 2484 4114 missis
2521 4073 2616 4125 per
2648 4056 2987 4110 Eustathium
3036 4056 3329 4108 diaconum
3379 4048 3593 4108 litteris,
3622 4045 3665 4096 in

2108 4152 2305 4219 quibus
2342 4150 2673 4203 demonstrat
2702 4155 2908 4214 quanto
2930 4154 3176 4197 versetur
3206 4142 3259 4195 in
3293 4140 3539 4209 periculo
3570 4134 3669 4189 Cte-

2107 4242 2363 4297 saricnsis
2392 4240 2656 4303 Ecclesia,
2689 4246 2950 4305 r0gatque
2990 4244 3048 4287 ut
3075 4235 3218 4287 illius
3246 4234 3435 4287 veniat
3460 4227 3666 4287 auxilio,

2107 4349 2169 4387 ac
2206 4332 2500 4387 exantlatis
2546 4345 2642 4398 pro
2687 4328 2930 4382 Ecclesia
2994 4326 3276 4379 laboribus
3327 4324 3477 4376 hunc
3523 4320 3667 4374 etiam

2107 4426 2342 4495 adjiciat.
2378 4423 2645 4476 Caeterum
2677 4421 2873 4473 habere
2910 4433 2967 4471 sc
2997 4432 3105 4486 pra:
3141 4417 3316 4470 oculis
3354 4416 3555 4476 virum,
3580 4409 3666 4476 ipsi

432 4546 603 4585 versae
640 4530 806 4600 plebi.
841 4528 897 4582 Si
923 4527 1023 4580 sibi
1052 4524 1440 4586 aSSenliantur,
1471 4530 1630 4590 atque
1668 4521 1781 4574 haac
1815 4519 2002 4573 vicerit
2036 4528 2077 4581 ι)
2111 4516 2342 4571 Eusebio
2380 4530 2481 4567 non
2525 4515 2764 4581 ignotum
2787 4552 2802 4577 ,
2837 4527 2987 4579 quem
3014 4511 3059 4562 si
3093 4510 3325 4562 obtinere
3385 4519 3664 4573 possumus.

432 4621 723 4683 sententia,
755 4618 1038 4688 pollicetur
1083 4631 1142 4670 se
1187 4614 1496 4669 adfuturum
1543 4613 1757 4681 spiritu,
1783 4611 2003 4680 jamque

431 4714 487 4767 in
524 4721 865 4764 antecessum
912 4721 1103 4760 manus
1159 4706 1477 4773 imponere:
1513 4704 1595 4757 sin
1649 4702 1792 4755 aliud
1839 4701 2000 4770 quid-

428 4804 572 4873 piam
614 4801 719 4855 illis
763 4799 994 4868 placeat,
1040 4813 1102 4852 ac
1144 4796 1391 4852 sodalitia
1435 4805 1491 4849 et
1533 4795 1885 4863 cognationes
1921 4792 2001 4843 vi-

432 4905 614 4965 geant,
649 4901 743 4948 aut
800 4892 1103 4959 promiscua
1174 4891 1327 4941 turba
1380 4901 1566 4953 parum
1629 4886 1730 4938 loci
1796 4884 2000 4951 legibus

429 4985 811 5043 ecclesiasticis
843 4982 1130 5050 relinquat,
1175 4979 1487 5047 participem
1545 4990 1601 5029 se
1642 4989 1826 5029 eorum
1870 4989 1999 5026 con-

432 5079 537 5135 silii
570 5091 674 5131 non
703 5074 964 5128 futurum.

501 5170 616 5223 Non
685 5166 891 5234 putavit
945 5162 1239 5231 Gregorius
1292 5158 1687 5214 observandum
1733 5170 1851 5209 esse
1896 5155 1999 5209 hoc

430 5259 567 5321 loco,
598 5257 742 5325 quod
774 5253 1006 5307 Basilius
1037 5252 1221 5305 utilius
1268 5265 1330 5303 ac
1370 5248 1541 5302 satius
1589 5262 1708 5299 esse
1751 5247 1907 5299 docet
1942 5245 1996 5297 in

431 5351 590 5419 epist.
620 5345 748 5410 290,
782 5354 840 5398 ut
879 5345 1021 5398 dicto
1059 5341 1368 5397 testimonio
1401 5339 1583 5393 studia
1612 5338 1868 5399 vitentur,
1900 5348 1999 5388 nec

430 5440 718 5510 quisquam
753 5434 1067 5500 contendat,
1112 5443 1171 5488 ut
1215 5448 1309 5488 sua
1358 5432 1538 5486 vincat
1583 5429 1871 5493 sententia,
1908 5430 2000 5484 sed

500 5591 576 5659 (α)
606 5592 733 5645 Naz.
761 5606 846 5658 ep.
879 5590 966 5646 95.

501 5660 573 5795 ἑὸ)
610 5660 739 5727 Ibid.

526 5732 573 5793 ε)
610 5730 700 5795 Ep.
734 5736 739 5781 τ

526 5732 573 5793 c)
610 5730 700 5796 Ep.
734 5730 823 5782 22.

506 5803 582 5867 (di
613 5800 705 5855 Or.
734 5801 820 5855 l9.

2052 4614 2055 4619 '
2105 4608 2311 4676 inquit,
2360 4605 2466 4658 scio
2513 4604 2861 4672 acquisituros
2900 4618 2993 4654 nos
3038 4616 3283 4668 magnam
3337 4601 3484 4667 apud
3523 4597 3668 4649 Deum

2103 4700 2384 4767 ﬁduciam,
2441 4705 2595 4765 atque
2640 4698 2695 4748 in
2756 4695 3038 4764 populum,
3093 4692 3185 4760 qui
3233 4707 3327 4744 nos
3375 4687 3667 4743 advocavit.

2102 4790 2407 4854 beneﬁcium
2440 4790 2731 4841 maximum
2774 4785 3080 4839 collaturus.
3112 4784 3377 4839 Hortatur
3422 4792 3483 4835 ut
3513 4778 3667 4847 ruptis

2101 4881 2349 4934 omnibus
2382 4879 2547 4935 moris
2583 4880 2926 4932 incommoda
2960 4878 3153 4931 hiemis
3172 4882 3507 4929 antevertat.
3534 4870 3667 4923 Hanc

2105 4971 2407 5037 epistolam,
2458 4985 2577 5039 quae
2626 4970 2765 5023 inter
2832 4968 3136 5022 Basilianas
3181 4966 3475 5035 reperitur,
3526 4976 3667 5016 nemo

2099 5062 2208 5130 jam
2245 5061 2357 5115 fere
2385 5071 2488 5128 est,
2519 5061 2611 5132 qui
2650 5041 2914 5131 Gregorio
2944 5059 3333 5114 restituendam
3369 5072 3475 5111 non
3517 5054 3670 5107 fatea-

2106 5164 2211 5206 tur.

2177 5245 2427 5298 Accurrit
2460 5255 2678 5298 sanctus
2711 5256 2915 5314 martyr
2944 5245 2996 5297 in
3044 5244 3485 5312 Cappadociam;
3522 5240 3666 5305 idqne

2107 5347 2257 5391 certo
2286 5337 2489 5389 scimus
2521 5351 2586 5389 ex
2627 5337 2857 5406 epistola
2888 5336 2957 5390 48
2987 5335 3199 5401 Basilii,
3242 5344 3297 5389 et
3327 5350 3396 5389 ex
3444 5333 3667 5388 testimo-

2110 5427 2200 5480 nio
2229 5422 2474 5496 Gregorii
2508 5425 2606 5495 (g),
2644 5427 2735 5495 qui
2769 5425 3033 5498 Spiritum
3076 5436 3325 5482 sanctum
3367 5425 3437 5480 ab
3482 5419 3665 5480 exteris

2186 5578 2254 5648 (e)
2292 5578 2426 5633 ibid.

2189 5650 2254 5719 (Γ)
2285 5648 2443 5703 Basil.
2470 5664 2555 5719 ep.
2594 5650 2679 5705 47.

2187 5718 2260 5791 (9)
2293 5720 2384 5775 0r-
2416 5720 2503 5776 30-
