  <div class='ocr_page' id='page_1' title='image "/cluster/home/n/w/nwhite01/storage/ocr_20150623/29/nnc1.0046978755/064.png"; bbox 0 0 3820 6210; ppageno 0'>
   <div class='ocr_carea' id='block_1_1' title="bbox 1519 327 2091 390">
    <p class='ocr_par' dir='ltr' id='par_1_1' title="bbox 1519 327 2091 390">
     <span class='ocr_line' id='line_1_1' title="bbox 1519 327 2091 390; baseline -0.016 0"><span class='ocrx_word' id='word_1_1' title='bbox 1519 331 1686 390; x_wconf 76' lang='lat' dir='ltr'><strong>VITA</strong></span> <span class='ocrx_word' id='word_1_2' title='bbox 1726 331 1783 386; x_wconf 89' lang='lat' dir='ltr'><strong>S.</strong></span> <span class='ocrx_word' id='word_1_3' title='bbox 1827 329 1910 384; x_wconf 88' lang='lat' dir='ltr'><strong>BA</strong></span> <span class='ocrx_word' id='word_1_4' title='bbox 1919 327 2091 384; x_wconf 81' lang='lat' dir='ltr'><strong>SILII.</strong></span> 
     </span>
    </p>
   </div>
   <div class='ocr_carea' id='block_1_2' title="bbox 3275 334 3434 375">
    <p class='ocr_par' dir='ltr' id='par_1_2' title="bbox 3275 334 3434 375">
     <span class='ocr_line' id='line_1_2' title="bbox 3275 334 3434 375; baseline 0.019 -5"><span class='ocrx_word' id='word_1_5' title='bbox 3275 365 3280 370; x_wconf 85' lang='lat'><strong>.</strong></span> <span class='ocrx_word' id='word_1_6' title='bbox 3325 334 3434 375; x_wconf 76' lang='grc' dir='ltr'><strong>ινιι</strong></span> 
     </span>
    </p>
   </div>
   <div class='ocr_carea' id='block_1_3' title="bbox 161 441 3431 532">
    <p class='ocr_par' dir='ltr' id='par_1_3' title="bbox 161 441 3431 532">
     <span class='ocr_line' id='line_1_3' title="bbox 161 441 3431 532; baseline -0.006 -16"><span class='ocrx_word' id='word_1_7' title='bbox 161 461 488 532; x_wconf 76' lang='lat' dir='ltr'><strong>regionibus</strong></span> <span class='ocrx_word' id='word_1_8' title='bbox 513 461 664 517; x_wconf 87' lang='lat' dir='ltr'><strong>viros</strong></span> <span class='ocrx_word' id='word_1_9' title='bbox 689 460 894 531; x_wconf 87' lang='lat' dir='ltr'><strong>pietate</strong></span> <span class='ocrx_word' id='word_1_10' title='bbox 925 459 1104 516; x_wconf 88' lang='lat' dir='ltr'><strong>claros</strong></span> <span class='ocrx_word' id='word_1_11' title='bbox 1135 469 1192 516; x_wconf 90' lang='lat' dir='ltr'><strong>et</strong></span> <span class='ocrx_word' id='word_1_12' title='bbox 1213 459 1332 516; x_wconf 87' lang='lat' dir='ltr'><strong>zelo</strong></span> <span class='ocrx_word' id='word_1_13' title='bbox 1353 459 1647 531; x_wconf 82' lang='lat' dir='ltr'><strong>ﬂagrantes</strong></span> <span class='ocrx_word' id='word_1_14' title='bbox 1685 456 1750 511; x_wconf 91' lang='lat' dir='ltr'><strong>ad</strong></span> <span class='ocrx_word' id='word_1_15' title='bbox 1781 457 1828 513; x_wconf 78' lang='grc' dir='ltr'><strong>Α</strong></span> <span class='ocrx_word' id='word_1_16' title='bbox 1862 452 2155 516; x_wconf 80' lang='lat' dir='ltr'><strong>conﬂasse,</strong></span> <span class='ocrx_word' id='word_1_17' title='bbox 2201 449 2296 505; x_wconf 87' lang='lat' dir='ltr'><strong>sed</strong></span> <span class='ocrx_word' id='word_1_18' title='bbox 2349 453 2462 516; x_wconf 75' lang='lat' dir='ltr'><strong>jam</strong></span> <span class='ocrx_word' id='word_1_19' title='bbox 2509 455 2668 502; x_wconf 88' lang='lat' dir='ltr'><strong>antea</strong></span> <span class='ocrx_word' id='word_1_20' title='bbox 2720 443 3010 500; x_wconf 82' lang='lat' dir='ltr'><strong>conflatum</strong></span> <span class='ocrx_word' id='word_1_21' title='bbox 3057 441 3431 498; x_wconf 78' lang='lat' dir='ltr'><strong>conﬁrmasse.</strong></span> 
     </span>
    </p>
   </div>
   <div class='ocr_carea' id='block_1_4' title="bbox 154 553 1749 628">
    <p class='ocr_par' dir='ltr' id='par_1_4' title="bbox 154 553 1749 628">
     <span class='ocr_line' id='line_1_4' title="bbox 154 553 1749 628; baseline -0.002 -17"><span class='ocrx_word' id='word_1_22' title='bbox 154 557 476 628; x_wconf 85' lang='lat' dir='ltr'><strong>ungendum</strong></span> <span class='ocrx_word' id='word_1_23' title='bbox 504 554 762 611; x_wconf 90' lang='lat' dir='ltr'><strong>Basilium</strong></span> <span class='ocrx_word' id='word_1_24' title='bbox 789 555 1061 611; x_wconf 74' lang='lat' dir='ltr'><strong>excitasse</strong></span> <span class='ocrx_word' id='word_1_25' title='bbox 1093 563 1344 610; x_wconf 77' lang='lat' dir='ltr'><strong>testatur.</strong></span> <span class='ocrx_word' id='word_1_26' title='bbox 1376 553 1496 608; x_wconf 86' lang='lat' dir='ltr'><strong>Non</strong></span> <span class='ocrx_word' id='word_1_27' title='bbox 1529 553 1749 609; x_wconf 92' lang='lat' dir='ltr'><strong>dubium</strong></span> 
     </span>
    </p>
   </div>
   <div class='ocr_carea' id='block_1_5' title="bbox 144 647 1748 718">
    <p class='ocr_par' dir='ltr' id='par_1_5' title="bbox 144 647 1748 718">
     <span class='ocr_line' id='line_1_5' title="bbox 144 647 1748 718; baseline -0.002 -14"><span class='ocrx_word' id='word_1_28' title='bbox 144 661 235 704; x_wconf 84' lang='lat' dir='ltr'><strong>est</strong></span> <span class='ocrx_word' id='word_1_29' title='bbox 260 650 396 718; x_wconf 90' lang='lat' dir='ltr'><strong>quin</strong></span> <span class='ocrx_word' id='word_1_30' title='bbox 430 649 570 702; x_wconf 88' lang='lat' dir='ltr'><strong>tanti</strong></span> <span class='ocrx_word' id='word_1_31' title='bbox 602 647 726 704; x_wconf 84' lang='lat' dir='ltr'><strong>fidei</strong></span> <span class='ocrx_word' id='word_1_32' title='bbox 759 647 1064 703; x_wconf 83' lang='lat' dir='ltr'><strong>defensoris</strong></span> <span class='ocrx_word' id='word_1_33' title='bbox 1101 648 1389 717; x_wconf 66' lang='lat' dir='ltr'><strong>praesentia</strong></span> <span class='ocrx_word' id='word_1_34' title='bbox 1421 648 1596 702; x_wconf 88' lang='lat' dir='ltr'><strong>lucem</strong></span> <span class='ocrx_word' id='word_1_35' title='bbox 1627 647 1748 702; x_wconf 81' lang='lat' dir='ltr'><strong>red-</strong></span> 
     </span>
    </p>
   </div>
   <div class='ocr_carea' id='block_1_6' title="bbox 148 740 1751 807">
    <p class='ocr_par' dir='ltr' id='par_1_6' title="bbox 148 740 1751 807">
     <span class='ocr_line' id='line_1_6' title="bbox 148 740 1751 807; baseline 0.001 -14"><span class='ocrx_word' id='word_1_36' title='bbox 148 741 352 794; x_wconf 86' lang='lat' dir='ltr'><strong>diderit</strong></span> <span class='ocrx_word' id='word_1_37' title='bbox 381 740 644 795; x_wconf 75' lang='lat' dir='ltr'><strong>Ecclesia:</strong></span> <span class='ocrx_word' id='word_1_38' title='bbox 669 740 1017 806; x_wconf 78' lang='lat' dir='ltr'><strong>Caesariensi,</strong></span> <span class='ocrx_word' id='word_1_39' title='bbox 1046 750 1102 795; x_wconf 89' lang='lat' dir='ltr'><strong>et</strong></span> <span class='ocrx_word' id='word_1_40' title='bbox 1145 740 1345 795; x_wconf 82' lang='lat' dir='ltr'><strong>multos</strong></span> <span class='ocrx_word' id='word_1_41' title='bbox 1380 755 1447 794; x_wconf 77' lang='lat' dir='ltr'><strong>ex</strong></span> <span class='ocrx_word' id='word_1_42' title='bbox 1486 741 1659 807; x_wconf 88' lang='lat' dir='ltr'><strong>curia,</strong></span> <span class='ocrx_word' id='word_1_43' title='bbox 1689 757 1751 795; x_wconf 92' lang='lat' dir='ltr'><strong>ac</strong></span> 
     </span>
    </p>
   </div>
   <div class='ocr_carea' id='block_1_7' title="bbox 146 832 1748 902">
    <p class='ocr_par' dir='ltr' id='par_1_7' title="bbox 146 832 1748 902">
     <span class='ocr_line' id='line_1_7' title="bbox 146 832 1748 902; baseline 0.001 -18"><span class='ocrx_word' id='word_1_44' title='bbox 146 832 296 886; x_wconf 68' lang='lat' dir='ltr'><strong>forte</strong></span> <span class='ocrx_word' id='word_1_45' title='bbox 332 833 501 885; x_wconf 84' lang='lat' dir='ltr'><strong>etiam</strong></span> <span class='ocrx_word' id='word_1_46' title='bbox 533 847 603 886; x_wconf 79' lang='lat' dir='ltr'><strong>ex</strong></span> <span class='ocrx_word' id='word_1_47' title='bbox 634 832 765 901; x_wconf 88' lang='lat' dir='ltr'><strong>ipsis</strong></span> <span class='ocrx_word' id='word_1_48' title='bbox 804 832 1074 902; x_wconf 85' lang='lat' dir='ltr'><strong>episcopis</strong></span> <span class='ocrx_word' id='word_1_49' title='bbox 1115 832 1182 885; x_wconf 91' lang='lat' dir='ltr'><strong>ad</strong></span> <span class='ocrx_word' id='word_1_50' title='bbox 1217 834 1490 885; x_wconf 85' lang='lat' dir='ltr'><strong>saniorem</strong></span> <span class='ocrx_word' id='word_1_51' title='bbox 1523 841 1748 886; x_wconf 87' lang='lat' dir='ltr'><strong>senten-</strong></span> 
     </span>
    </p>
   </div>
   <div class='ocr_carea' id='block_1_8' title="bbox 145 923 1749 996">
    <p class='ocr_par' dir='ltr' id='par_1_8' title="bbox 145 923 1749 996">
     <span class='ocr_line' id='line_1_8' title="bbox 145 923 1749 996; baseline 0.004 -23"><span class='ocrx_word' id='word_1_52' title='bbox 145 923 284 976; x_wconf 88' lang='lat' dir='ltr'><strong>tiam</strong></span> <span class='ocrx_word' id='word_1_53' title='bbox 327 923 641 978; x_wconf 83' lang='lat' dir='ltr'><strong>adduxerit.</strong></span> <span class='ocrx_word' id='word_1_54' title='bbox 685 923 818 978; x_wconf 73' lang='lat' dir='ltr'><strong>Nam</strong></span> <span class='ocrx_word' id='word_1_55' title='bbox 861 934 1090 979; x_wconf 87' lang='lat' dir='ltr'><strong>testatur</strong></span> <span class='ocrx_word' id='word_1_56' title='bbox 1141 925 1437 996; x_wconf 81' lang='lat' dir='ltr'><strong>Gregorius</strong></span> <span class='ocrx_word' id='word_1_57' title='bbox 1464 924 1541 996; x_wconf 91' lang='lat' dir='ltr'><strong>(a)</strong></span> <span class='ocrx_word' id='word_1_58' title='bbox 1575 925 1749 996; x_wconf 90' lang='lat' dir='ltr'><strong>Spiri-</strong></span> 
     </span>
    </p>
   </div>
   <div class='ocr_carea' id='block_1_9' title="bbox 148 1015 1744 1074">
    <p class='ocr_par' dir='ltr' id='par_1_9' title="bbox 148 1015 1744 1074">
     <span class='ocr_line' id='line_1_9' title="bbox 148 1015 1744 1074; baseline 0.004 -7"><span class='ocrx_word' id='word_1_59' title='bbox 148 1024 265 1067; x_wconf 86' lang='lat' dir='ltr'><strong>tum</strong></span> <span class='ocrx_word' id='word_1_60' title='bbox 306 1025 564 1069; x_wconf 89' lang='lat' dir='ltr'><strong>sanctum</strong></span> <span class='ocrx_word' id='word_1_61' title='bbox 608 1015 822 1070; x_wconf 89' lang='lat' dir='ltr'><strong>abunde</strong></span> <span class='ocrx_word' id='word_1_62' title='bbox 852 1016 1068 1071; x_wconf 84' lang='lat' dir='ltr'><strong>vicisse.</strong></span> <span class='ocrx_word' id='word_1_63' title='bbox 1097 1016 1204 1072; x_wconf 89' lang='lat' dir='ltr'><strong>Sed</strong></span> <span class='ocrx_word' id='word_1_64' title='bbox 1235 1026 1417 1074; x_wconf 89' lang='lat' dir='ltr'><strong>tamen</strong></span> <span class='ocrx_word' id='word_1_65' title='bbox 1452 1017 1595 1073; x_wconf 94' lang='lat' dir='ltr'><strong>illius</strong></span> <span class='ocrx_word' id='word_1_66' title='bbox 1632 1033 1744 1074; x_wconf 82' lang='lat' dir='ltr'><strong>mo-</strong></span> 
     </span>
    </p>
   </div>
   <div class='ocr_carea' id='block_1_10' title="bbox 141 1104 1749 1178">
    <p class='ocr_par' dir='ltr' id='par_1_10' title="bbox 141 1104 1749 1178">
     <span class='ocr_line' id='line_1_10' title="bbox 141 1104 1749 1178; baseline 0.008 -23"><span class='ocrx_word' id='word_1_67' title='bbox 141 1104 278 1158; x_wconf 87' lang='lat' dir='ltr'><strong>nitis</strong></span> <span class='ocrx_word' id='word_1_68' title='bbox 335 1113 393 1158; x_wconf 85' lang='lat' dir='ltr'><strong>et</strong></span> <span class='ocrx_word' id='word_1_69' title='bbox 452 1105 761 1161; x_wconf 85' lang='lat' dir='ltr'><strong>hortatibus</strong></span> <span class='ocrx_word' id='word_1_70' title='bbox 814 1105 995 1176; x_wconf 90' lang='lat' dir='ltr'><strong>plures</strong></span> <span class='ocrx_word' id='word_1_71' title='bbox 1059 1108 1295 1178; x_wconf 87' lang='lat' dir='ltr'><strong>episcopi</strong></span> <span class='ocrx_word' id='word_1_72' title='bbox 1351 1124 1457 1164; x_wconf 94' lang='lat' dir='ltr'><strong>non</strong></span> <span class='ocrx_word' id='word_1_73' title='bbox 1496 1111 1749 1168; x_wconf 90' lang='lat' dir='ltr'><strong>videntur</strong></span> 
     </span>
    </p>
   </div>
   <div class='ocr_carea' id='block_1_11' title="bbox 148 1197 1745 1274">
    <p class='ocr_par' dir='ltr' id='par_1_11' title="bbox 148 1197 1745 1274">
     <span class='ocr_line' id='line_1_11' title="bbox 148 1197 1745 1274; baseline 0.007 -25"><span class='ocrx_word' id='word_1_74' title='bbox 148 1197 417 1252; x_wconf 88' lang='lat' dir='ltr'><strong>cessisse.</strong></span> <span class='ocrx_word' id='word_1_75' title='bbox 463 1197 603 1252; x_wconf 82' lang='lat' dir='ltr'><strong>Nam</strong></span> <span class='ocrx_word' id='word_1_76' title='bbox 653 1213 776 1253; x_wconf 91' lang='lat' dir='ltr'><strong>cum</strong></span> <span class='ocrx_word' id='word_1_77' title='bbox 811 1213 997 1254; x_wconf 88' lang='lat' dir='ltr'><strong>eorum</strong></span> <span class='ocrx_word' id='word_1_78' title='bbox 1032 1216 1281 1266; x_wconf 88' lang='lat' dir='ltr'><strong>numero,</strong></span> <span class='ocrx_word' id='word_1_79' title='bbox 1311 1202 1405 1271; x_wconf 90' lang='lat' dir='ltr'><strong>qui</strong></span> <span class='ocrx_word' id='word_1_80' title='bbox 1434 1205 1745 1274; x_wconf 89' lang='lat' dir='ltr'><strong>episcopum</strong></span> 
     </span>
    </p>
   </div>
   <div class='ocr_carea' id='block_1_12' title="bbox 146 1287 1743 1354">
    <p class='ocr_par' dir='ltr' id='par_1_12' title="bbox 146 1287 1743 1354">
     <span class='ocr_line' id='line_1_12' title="bbox 146 1287 1743 1354; baseline 0.006 -16"><span class='ocrx_word' id='word_1_81' title='bbox 146 1287 549 1354; x_wconf 87' lang='lat' dir='ltr'><strong>proclamaturi</strong></span> <span class='ocrx_word' id='word_1_82' title='bbox 604 1299 783 1353; x_wconf 89' lang='lat' dir='ltr'><strong>erant,</strong></span> <span class='ocrx_word' id='word_1_83' title='bbox 846 1306 986 1344; x_wconf 91' lang='lat' dir='ltr'><strong>unus</strong></span> <span class='ocrx_word' id='word_1_84' title='bbox 1045 1292 1263 1346; x_wconf 88' lang='lat' dir='ltr'><strong>deesset</strong></span> <span class='ocrx_word' id='word_1_85' title='bbox 1319 1293 1384 1346; x_wconf 89' lang='lat' dir='ltr'><strong>ad</strong></span> <span class='ocrx_word' id='word_1_86' title='bbox 1421 1296 1743 1348; x_wconf 88' lang='lat' dir='ltr'><strong>canonicam</strong></span> 
     </span>
    </p>
   </div>
   <div class='ocr_carea' id='block_1_13' title="bbox 137 1372 1741 1450">
    <p class='ocr_par' dir='ltr' id='par_1_13' title="bbox 137 1372 1741 1450">
     <span class='ocr_line' id='line_1_13' title="bbox 137 1372 1741 1450; baseline 0.007 -22"><span class='ocrx_word' id='word_1_87' title='bbox 137 1372 472 1429; x_wconf 79' lang='lat' dir='ltr'><strong>electionem</strong></span> <span class='ocrx_word' id='word_1_88' title='bbox 496 1415 512 1440; x_wconf 95' lang='lat'><strong>,</strong></span> <span class='ocrx_word' id='word_1_89' title='bbox 546 1375 808 1432; x_wconf 77' lang='lat' dir='ltr'><strong>Nazianzi</strong></span> <span class='ocrx_word' id='word_1_90' title='bbox 847 1380 1135 1447; x_wconf 77' lang='lat' dir='ltr'><strong>episcopus</strong></span> <span class='ocrx_word' id='word_1_91' title='bbox 1171 1381 1246 1450; x_wconf 74' lang='grc' dir='ltr'><strong>(ὁ)</strong></span> <span class='ocrx_word' id='word_1_92' title='bbox 1296 1397 1402 1436; x_wconf 93' lang='lat' dir='ltr'><strong>non</strong></span> <span class='ocrx_word' id='word_1_93' title='bbox 1449 1385 1622 1438; x_wconf 91' lang='lat' dir='ltr'><strong>solum</strong></span> <span class='ocrx_word' id='word_1_94' title='bbox 1655 1402 1741 1439; x_wconf 85' lang='lat' dir='ltr'><strong>se-</strong></span> 
     </span>
    </p>
   </div>
   <div class='ocr_carea' id='block_1_14' title="bbox 137 1467 1740 1546">
    <p class='ocr_par' dir='ltr' id='par_1_14' title="bbox 137 1467 1740 1546">
     <span class='ocr_line' id='line_1_14' title="bbox 137 1467 1740 1546; baseline 0.007 -27"><span class='ocrx_word' id='word_1_95' title='bbox 137 1473 382 1530; x_wconf 87' lang='lat' dir='ltr'><strong>nectute,</strong></span> <span class='ocrx_word' id='word_1_96' title='bbox 404 1467 502 1521; x_wconf 91' lang='lat' dir='ltr'><strong>sed</strong></span> <span class='ocrx_word' id='word_1_97' title='bbox 530 1468 694 1522; x_wconf 89' lang='lat' dir='ltr'><strong>etiam</strong></span> <span class='ocrx_word' id='word_1_98' title='bbox 720 1468 910 1524; x_wconf 90' lang='lat' dir='ltr'><strong>morbo</strong></span> <span class='ocrx_word' id='word_1_99' title='bbox 933 1469 1157 1535; x_wconf 90' lang='lat' dir='ltr'><strong>fractus,</strong></span> <span class='ocrx_word' id='word_1_100' title='bbox 1183 1474 1530 1543; x_wconf 84' lang='lat' dir='ltr'><strong>animamque</strong></span> <span class='ocrx_word' id='word_1_101' title='bbox 1551 1489 1740 1546; x_wconf 81' lang='lat' dir='ltr'><strong>agens,</strong></span> 
     </span>
    </p>
   </div>
   <div class='ocr_carea' id='block_1_15' title="bbox 142 1551 1741 1627">
    <p class='ocr_par' dir='ltr' id='par_1_15' title="bbox 142 1551 1741 1627">
     <span class='ocr_line' id='line_1_15' title="bbox 142 1551 1741 1627; baseline 0.011 -23"><span class='ocrx_word' id='word_1_102' title='bbox 142 1551 264 1627; x_wconf 33' lang='lat' dir='ltr'><strong>iter.</strong></span> <span class='ocrx_word' id='word_1_103' title='bbox 285 1555 511 1622; x_wconf 83' lang='lat' dir='ltr'><strong>aggredi</strong></span> <span class='ocrx_word' id='word_1_104' title='bbox 565 1571 672 1610; x_wconf 91' lang='lat' dir='ltr'><strong>non</strong></span> <span class='ocrx_word' id='word_1_105' title='bbox 708 1557 997 1627; x_wconf 86' lang='lat' dir='ltr'><strong>dubitavit,</strong></span> <span class='ocrx_word' id='word_1_106' title='bbox 1029 1570 1090 1614; x_wconf 87' lang='lat' dir='ltr'><strong>ut</strong></span> <span class='ocrx_word' id='word_1_107' title='bbox 1136 1562 1347 1618; x_wconf 88' lang='lat' dir='ltr'><strong>calculo</strong></span> <span class='ocrx_word' id='word_1_108' title='bbox 1389 1579 1488 1618; x_wconf 88' lang='lat' dir='ltr'><strong>suo</strong></span> <span class='ocrx_word' id='word_1_109' title='bbox 1516 1565 1741 1621; x_wconf 84' lang='lat' dir='ltr'><strong>electio-</strong></span> 
     </span>
    </p>
   </div>
   <div class='ocr_carea' id='block_1_16' title="bbox 141 1647 1741 1720">
    <p class='ocr_par' dir='ltr' id='par_1_16' title="bbox 141 1647 1741 1720">
     <span class='ocr_line' id='line_1_16' title="bbox 141 1647 1741 1720; baseline 0.012 -25"><span class='ocrx_word' id='word_1_110' title='bbox 141 1659 266 1696; x_wconf 86' lang='lat' dir='ltr'><strong>nem</strong></span> <span class='ocrx_word' id='word_1_111' title='bbox 318 1649 570 1714; x_wconf 88' lang='lat' dir='ltr'><strong>juvaret.</strong></span> <span class='ocrx_word' id='word_1_112' title='bbox 607 1647 826 1720; x_wconf 78' lang='lat' dir='ltr'><strong>Colligit</strong></span> <span class='ocrx_word' id='word_1_113' title='bbox 881 1650 1260 1709; x_wconf 87' lang='lat' dir='ltr'><strong>Tiilemontius</strong></span> <span class='ocrx_word' id='word_1_114' title='bbox 1309 1669 1372 1709; x_wconf 80' lang='lat' dir='ltr'><strong>ex</strong></span> <span class='ocrx_word' id='word_1_115' title='bbox 1433 1657 1518 1712; x_wconf 82' lang='lat' dir='ltr'><strong>his</strong></span> <span class='ocrx_word' id='word_1_116' title='bbox 1559 1659 1741 1714; x_wconf 82' lang='lat' dir='ltr'><strong>verbis</strong></span> 
     </span>
    </p>
   </div>
   <div class='ocr_carea' id='block_1_17' title="bbox 135 1737 1734 1807">
    <p class='ocr_par' dir='ltr' id='par_1_17' title="bbox 135 1737 1734 1807">
     <span class='ocr_line' id='line_1_17' title="bbox 135 1737 1734 1807; baseline 0.011 -17"><span class='ocrx_word' id='word_1_117' title='bbox 135 1737 390 1807; x_wconf 79' lang='lat' dir='ltr'><strong>Gregorii</strong></span> <span class='ocrx_word' id='word_1_118' title='bbox 425 1743 740 1796; x_wconf 86' lang='lat' dir='ltr'><strong>necessaria</strong></span> <span class='ocrx_word' id='word_1_119' title='bbox 765 1741 933 1799; x_wconf 83' lang='lat' dir='ltr'><strong>fuisse</strong></span> <span class='ocrx_word' id='word_1_120' title='bbox 962 1746 1027 1799; x_wconf 89' lang='lat' dir='ltr'><strong>ad</strong></span> <span class='ocrx_word' id='word_1_121' title='bbox 1057 1748 1386 1804; x_wconf 87' lang='lat' dir='ltr'><strong>canonicam</strong></span> <span class='ocrx_word' id='word_1_122' title='bbox 1410 1750 1734 1807; x_wconf 91' lang='lat' dir='ltr'><strong>electionem</strong></span> 
     </span>
    </p>
   </div>
   <div class='ocr_carea' id='block_1_18' title="bbox 1863 536 3436 614">
    <p class='ocr_par' dir='ltr' id='par_1_18' title="bbox 1863 536 3436 614">
     <span class='ocr_line' id='line_1_18' title="bbox 1863 536 3436 614; baseline -0.006 -14"><span class='ocrx_word' id='word_1_123' title='bbox 1863 545 1980 601; x_wconf 83' lang='lat' dir='ltr'><strong>Non</strong></span> <span class='ocrx_word' id='word_1_124' title='bbox 2015 559 2145 614; x_wconf 88' lang='lat' dir='ltr'><strong>ergo</strong></span> <span class='ocrx_word' id='word_1_125' title='bbox 2188 541 2550 597; x_wconf 79' lang='lat' dir='ltr'><strong>interfuerant</strong></span> <span class='ocrx_word' id='word_1_126' title='bbox 2573 537 2922 601; x_wconf 87' lang='lat' dir='ltr'><strong>ordinationi,</strong></span> <span class='ocrx_word' id='word_1_127' title='bbox 2959 551 3058 593; x_wconf 89' lang='lat' dir='ltr'><strong>nec</strong></span> <span class='ocrx_word' id='word_1_128' title='bbox 3091 536 3290 592; x_wconf 85' lang='lat' dir='ltr'><strong>Basilio</strong></span> <span class='ocrx_word' id='word_1_129' title='bbox 3320 554 3436 592; x_wconf 81' lang='lat' dir='ltr'><strong>ma-</strong></span> 
     </span>
    </p>
   </div>
   <div class='ocr_carea' id='block_1_19' title="bbox 1858 625 3429 706">
    <p class='ocr_par' dir='ltr' id='par_1_19' title="bbox 1858 625 3429 706">
     <span class='ocr_line' id='line_1_19' title="bbox 1858 625 3429 706; baseline -0.005 -16"><span class='ocrx_word' id='word_1_130' title='bbox 1858 653 1960 692; x_wconf 92' lang='lat' dir='ltr'><strong>nus</strong></span> <span class='ocrx_word' id='word_1_131' title='bbox 1999 637 2392 706; x_wconf 89' lang='lat' dir='ltr'><strong>imposuerant,</strong></span> <span class='ocrx_word' id='word_1_132' title='bbox 2430 648 2530 686; x_wconf 91' lang='lat' dir='ltr'><strong>nec</strong></span> <span class='ocrx_word' id='word_1_133' title='bbox 2590 647 2713 686; x_wconf 93' lang='lat' dir='ltr'><strong>cum</strong></span> <span class='ocrx_word' id='word_1_134' title='bbox 2763 646 2830 685; x_wconf 92' lang='lat' dir='ltr'><strong>eo</strong></span> <span class='ocrx_word' id='word_1_135' title='bbox 2877 625 3429 684; x_wconf 86' lang='lat' dir='ltr'><strong>communicaverant.</strong></span> 
     </span>
    </p>
   </div>
   <div class='ocr_carea' id='block_1_20' title="bbox 1857 719 3433 783">
    <p class='ocr_par' dir='ltr' id='par_1_20' title="bbox 1857 719 3433 783">
     <span class='ocr_line' id='line_1_20' title="bbox 1857 719 3433 783; baseline -0.006 0"><span class='ocrx_word' id='word_1_136' title='bbox 1857 728 2078 783; x_wconf 88' lang='lat' dir='ltr'><strong>Pondus</strong></span> <span class='ocrx_word' id='word_1_137' title='bbox 2106 725 2257 780; x_wconf 89' lang='lat' dir='ltr'><strong>addit</strong></span> <span class='ocrx_word' id='word_1_138' title='bbox 2309 725 2437 777; x_wconf 86' lang='lat' dir='ltr'><strong>huic</strong></span> <span class='ocrx_word' id='word_1_139' title='bbox 2474 723 2755 777; x_wconf 69' lang='lat' dir='ltr'><strong>sententia:</strong></span> <span class='ocrx_word' id='word_1_140' title='bbox 2785 736 2975 776; x_wconf 90' lang='lat' dir='ltr'><strong>eorum</strong></span> <span class='ocrx_word' id='word_1_141' title='bbox 3008 719 3255 775; x_wconf 60' lang='lat' dir='ltr'><strong>Caesarea</strong></span> <span class='ocrx_word' id='word_1_142' title='bbox 3305 731 3433 774; x_wconf 91' lang='lat' dir='ltr'><strong>ante</strong></span> 
     </span>
    </p>
   </div>
   <div class='ocr_carea' id='block_1_21' title="bbox 1855 809 3435 875">
    <p class='ocr_par' dir='ltr' id='par_1_21' title="bbox 1855 809 3435 875">
     <span class='ocr_line' id='line_1_21' title="bbox 1855 809 3435 875; baseline -0.007 -2"><span class='ocrx_word' id='word_1_143' title='bbox 1855 819 2145 874; x_wconf 83' lang='lat' dir='ltr'><strong>Eusebium</strong></span> <span class='ocrx_word' id='word_1_144' title='bbox 2194 816 2476 871; x_wconf 90' lang='lat' dir='ltr'><strong>discessio.</strong></span> <span class='ocrx_word' id='word_1_145' title='bbox 2508 814 2620 870; x_wconf 87' lang='lat' dir='ltr'><strong>Cur</strong></span> <span class='ocrx_word' id='word_1_146' title='bbox 2673 815 2818 867; x_wconf 87' lang='lat' dir='ltr'><strong>enim</strong></span> <span class='ocrx_word' id='word_1_147' title='bbox 2869 813 3151 875; x_wconf 88' lang='lat' dir='ltr'><strong>Eusebius,</strong></span> <span class='ocrx_word' id='word_1_148' title='bbox 3181 811 3265 865; x_wconf 88' lang='lat' dir='ltr'><strong>cui</strong></span> <span class='ocrx_word' id='word_1_149' title='bbox 3323 809 3435 866; x_wconf 84' lang='lat' dir='ltr'><strong>lon-</strong></span> 
     </span>
    </p>
   </div>
   <div class='ocr_carea' id='block_1_22' title="bbox 1853 901 3430 986">
    <p class='ocr_par' dir='ltr' id='par_1_22' title="bbox 1853 901 3430 986">
     <span class='ocr_line' id='line_1_22' title="bbox 1853 901 3430 986; baseline -0.007 -19"><span class='ocrx_word' id='word_1_150' title='bbox 1853 929 1978 986; x_wconf 84' lang='lat' dir='ltr'><strong>gum</strong></span> <span class='ocrx_word' id='word_1_151' title='bbox 2015 914 2121 966; x_wconf 85' lang='lat' dir='ltr'><strong>iter</strong></span> <span class='ocrx_word' id='word_1_152' title='bbox 2149 910 2520 980; x_wconf 86' lang='lat' dir='ltr'><strong>peragendum</strong></span> <span class='ocrx_word' id='word_1_153' title='bbox 2560 916 2697 971; x_wconf 88' lang='lat' dir='ltr'><strong>erat,</strong></span> <span class='ocrx_word' id='word_1_154' title='bbox 2727 907 2906 962; x_wconf 84' lang='lat' dir='ltr'><strong>serius</strong></span> <span class='ocrx_word' id='word_1_155' title='bbox 2927 913 3107 959; x_wconf 88' lang='lat' dir='ltr'><strong>tamen</strong></span> <span class='ocrx_word' id='word_1_156' title='bbox 3150 917 3312 972; x_wconf 91' lang='lat' dir='ltr'><strong>quam</strong></span> <span class='ocrx_word' id='word_1_157' title='bbox 3341 901 3430 956; x_wconf 87' lang='lat' dir='ltr'><strong>isti</strong></span> 
     </span>
    </p>
   </div>
   <div class='ocr_carea' id='block_1_23' title="bbox 1852 996 3431 1072">
    <p class='ocr_par' dir='ltr' id='par_1_23' title="bbox 1852 996 3431 1072">
     <span class='ocr_line' id='line_1_23' title="bbox 1852 996 3431 1072; baseline -0.006 -12"><span class='ocrx_word' id='word_1_158' title='bbox 1852 1004 2124 1067; x_wconf 85' lang='lat' dir='ltr'><strong>discessit,</strong></span> <span class='ocrx_word' id='word_1_159' title='bbox 2170 1003 2271 1057; x_wconf 89' lang='lat' dir='ltr'><strong>nisi</strong></span> <span class='ocrx_word' id='word_1_160' title='bbox 2331 1003 2459 1072; x_wconf 89' lang='lat' dir='ltr'><strong>quia</strong></span> <span class='ocrx_word' id='word_1_161' title='bbox 2525 1016 2646 1055; x_wconf 88' lang='lat' dir='ltr'><strong>sese</strong></span> <span class='ocrx_word' id='word_1_162' title='bbox 2700 1009 3085 1070; x_wconf 89' lang='lat' dir='ltr'><strong>proruperunt,</strong></span> <span class='ocrx_word' id='word_1_163' title='bbox 3134 996 3316 1052; x_wconf 85' lang='lat' dir='ltr'><strong>statim</strong></span> <span class='ocrx_word' id='word_1_164' title='bbox 3365 1010 3431 1050; x_wconf 93' lang='lat' dir='ltr'><strong>ac</strong></span> 
     </span>
    </p>
   </div>
   <div class='ocr_carea' id='block_1_24' title="bbox 1849 1093 3428 1161">
    <p class='ocr_par' dir='ltr' id='par_1_24' title="bbox 1849 1093 3428 1161">
     <span class='ocr_line' id='line_1_24' title="bbox 1849 1093 3428 1161; baseline -0.004 -13"><span class='ocrx_word' id='word_1_165' title='bbox 1849 1099 2023 1152; x_wconf 79' lang='lat' dir='ltr'><strong>victos</strong></span> <span class='ocrx_word' id='word_1_166' title='bbox 2046 1113 2103 1150; x_wconf 91' lang='lat' dir='ltr'><strong>se</strong></span> <span class='ocrx_word' id='word_1_167' title='bbox 2129 1110 2250 1150; x_wconf 88' lang='lat' dir='ltr'><strong>esse</strong></span> <span class='ocrx_word' id='word_1_168' title='bbox 2278 1094 2568 1149; x_wconf 78' lang='lat' dir='ltr'><strong>viderunt?</strong></span> <span class='ocrx_word' id='word_1_169' title='bbox 2603 1093 2732 1146; x_wconf 89' lang='lat' dir='ltr'><strong>Illud</strong></span> <span class='ocrx_word' id='word_1_170' title='bbox 2761 1093 2924 1147; x_wconf 90' lang='lat' dir='ltr'><strong>etiam</strong></span> <span class='ocrx_word' id='word_1_171' title='bbox 2951 1101 3272 1161; x_wconf 79' lang='lat' dir='ltr'><strong>argumento</strong></span> <span class='ocrx_word' id='word_1_172' title='bbox 3319 1099 3428 1153; x_wconf 90' lang='lat' dir='ltr'><strong>est,</strong></span> 
     </span>
    </p>
   </div>
   <div class='ocr_carea' id='block_1_25' title="bbox 1852 1181 3430 1255">
    <p class='ocr_par' dir='ltr' id='par_1_25' title="bbox 1852 1181 3430 1255">
     <span class='ocr_line' id='line_1_25' title="bbox 1852 1181 3430 1255; baseline -0.003 -14"><span class='ocrx_word' id='word_1_173' title='bbox 1852 1189 2058 1255; x_wconf 84' lang='lat' dir='ltr'><strong>insigne</strong></span> <span class='ocrx_word' id='word_1_174' title='bbox 2099 1184 2301 1254; x_wconf 90' lang='lat' dir='ltr'><strong>aliquid</strong></span> <span class='ocrx_word' id='word_1_175' title='bbox 2351 1184 2448 1238; x_wconf 92' lang='lat' dir='ltr'><strong>hos</strong></span> <span class='ocrx_word' id='word_1_176' title='bbox 2499 1184 2784 1252; x_wconf 89' lang='lat' dir='ltr'><strong>episcopos</strong></span> <span class='ocrx_word' id='word_1_177' title='bbox 2833 1181 3048 1244; x_wconf 87' lang='lat' dir='ltr'><strong>fecisse,</strong></span> <span class='ocrx_word' id='word_1_178' title='bbox 3076 1183 3218 1250; x_wconf 90' lang='lat' dir='ltr'><strong>quod</strong></span> <span class='ocrx_word' id='word_1_179' title='bbox 3271 1181 3430 1250; x_wconf 87' lang='lat' dir='ltr'><strong>hujus</strong></span> 
     </span>
    </p>
   </div>
   <div class='ocr_carea' id='block_1_26' title="bbox 1850 1274 3427 1346">
    <p class='ocr_par' dir='ltr' id='par_1_26' title="bbox 1850 1274 3427 1346">
     <span class='ocr_line' id='line_1_26' title="bbox 1850 1274 3427 1346; baseline -0.001 -13"><span class='ocrx_word' id='word_1_180' title='bbox 1850 1281 2208 1336; x_wconf 78' lang='lat' dir='ltr'><strong>dissensionis</strong></span> <span class='ocrx_word' id='word_1_181' title='bbox 2250 1290 2375 1334; x_wconf 86' lang='lat' dir='ltr'><strong>totae</strong></span> <span class='ocrx_word' id='word_1_182' title='bbox 2409 1279 2662 1333; x_wconf 63' lang='lat' dir='ltr'><strong>civitata</strong></span> <span class='ocrx_word' id='word_1_183' title='bbox 2692 1289 2746 1330; x_wconf 91' lang='lat' dir='ltr'><strong>et</strong></span> <span class='ocrx_word' id='word_1_184' title='bbox 2777 1276 2962 1346; x_wconf 93' lang='lat' dir='ltr'><strong>populi</strong></span> <span class='ocrx_word' id='word_1_185' title='bbox 2990 1277 3280 1346; x_wconf 88' lang='lat' dir='ltr'><strong>participes</strong></span> <span class='ocrx_word' id='word_1_186' title='bbox 3309 1274 3427 1331; x_wconf 90' lang='lat' dir='ltr'><strong>fue-</strong></span> 
     </span>
    </p>
   </div>
   <div class='ocr_carea' id='block_1_27' title="bbox 1851 1368 3426 1440">
    <p class='ocr_par' dir='ltr' id='par_1_27' title="bbox 1851 1368 3426 1440">
     <span class='ocr_line' id='line_1_27' title="bbox 1851 1368 3426 1440; baseline -0.001 -16"><span class='ocrx_word' id='word_1_187' title='bbox 1851 1383 1995 1435; x_wconf 85' lang='lat' dir='ltr'><strong>runt,</strong></span> <span class='ocrx_word' id='word_1_188' title='bbox 2026 1371 2249 1440; x_wconf 84' lang='lat' dir='ltr'><strong>ejusque</strong></span> <span class='ocrx_word' id='word_1_189' title='bbox 2282 1370 2423 1423; x_wconf 89' lang='lat' dir='ltr'><strong>fama</strong></span> <span class='ocrx_word' id='word_1_190' title='bbox 2461 1369 2526 1423; x_wconf 87' lang='lat' dir='ltr'><strong>ad</strong></span> <span class='ocrx_word' id='word_1_191' title='bbox 2562 1379 2798 1424; x_wconf 88' lang='lat' dir='ltr'><strong>remotas</strong></span> <span class='ocrx_word' id='word_1_192' title='bbox 2823 1369 3132 1438; x_wconf 84' lang='lat' dir='ltr'><strong>provincias</strong></span> <span class='ocrx_word' id='word_1_193' title='bbox 3161 1368 3426 1436; x_wconf 88' lang='lat' dir='ltr'><strong>pervenit,</strong></span> 
     </span>
    </p>
   </div>
   <div class='ocr_carea' id='block_1_28' title="bbox 1846 1458 3429 1533">
    <p class='ocr_par' dir='ltr' id='par_1_28' title="bbox 1846 1458 3429 1533">
     <span class='ocr_line' id='line_1_28' title="bbox 1846 1458 3429 1533; baseline -0.001 -18"><span class='ocrx_word' id='word_1_194' title='bbox 1846 1477 1903 1516; x_wconf 88' lang='lat' dir='ltr'><strong>nt</strong></span> <span class='ocrx_word' id='word_1_195' title='bbox 1936 1475 2118 1533; x_wconf 88' lang='lat' dir='ltr'><strong>postea</strong></span> <span class='ocrx_word' id='word_1_196' title='bbox 2158 1463 2485 1517; x_wconf 87' lang='lat' dir='ltr'><strong>videbimus.</strong></span> <span class='ocrx_word' id='word_1_197' title='bbox 2521 1459 2635 1514; x_wconf 80' lang='lat' dir='ltr'><strong>Non</strong></span> <span class='ocrx_word' id='word_1_198' title='bbox 2667 1476 2800 1530; x_wconf 82' lang='lat' dir='ltr'><strong>Opus</strong></span> <span class='ocrx_word' id='word_1_199' title='bbox 2829 1469 2914 1515; x_wconf 90' lang='lat' dir='ltr'><strong>est</strong></span> <span class='ocrx_word' id='word_1_200' title='bbox 2966 1460 3150 1514; x_wconf 83' lang='lat' dir='ltr'><strong>verbis</strong></span> <span class='ocrx_word' id='word_1_201' title='bbox 3179 1458 3429 1515; x_wconf 83' lang='lat' dir='ltr'><strong>refellere</strong></span> 
     </span>
    </p>
   </div>
   <div class='ocr_carea' id='block_1_29' title="bbox 1846 1549 3428 1624">
    <p class='ocr_par' dir='ltr' id='par_1_29' title="bbox 1846 1549 3428 1624">
     <span class='ocr_line' id='line_1_29' title="bbox 1846 1549 3428 1624; baseline -0.002 -16"><span class='ocrx_word' id='word_1_202' title='bbox 1846 1555 2063 1608; x_wconf 81' lang='lat' dir='ltr'><strong>Baronii</strong></span> <span class='ocrx_word' id='word_1_203' title='bbox 2124 1551 2193 1624; x_wconf 88' lang='lat' dir='ltr'><strong>(e)</strong></span> <span class='ocrx_word' id='word_1_204' title='bbox 2265 1553 2626 1614; x_wconf 88' lang='lat' dir='ltr'><strong>sententiam,</strong></span> <span class='ocrx_word' id='word_1_205' title='bbox 2692 1552 2783 1618; x_wconf 82' lang='lat' dir='ltr'><strong>qui</strong></span> <span class='ocrx_word' id='word_1_206' title='bbox 2840 1549 3026 1604; x_wconf 87' lang='lat' dir='ltr'><strong>Basilii</strong></span> <span class='ocrx_word' id='word_1_207' title='bbox 3085 1549 3428 1605; x_wconf 84' lang='lat' dir='ltr'><strong>adversarios</strong></span> 
     </span>
    </p>
   </div>
   <div class='ocr_carea' id='block_1_30' title="bbox 1843 1643 3424 1712">
    <p class='ocr_par' dir='ltr' id='par_1_30' title="bbox 1843 1643 3424 1712">
     <span class='ocr_line' id='line_1_30' title="bbox 1843 1643 3424 1712; baseline -0.003 -11"><span class='ocrx_word' id='word_1_208' title='bbox 1843 1648 2013 1703; x_wconf 87' lang='lat' dir='ltr'><strong>fuisse</strong></span> <span class='ocrx_word' id='word_1_209' title='bbox 2036 1648 2337 1707; x_wconf 80' lang='lat' dir='ltr'><strong>existimat,</strong></span> <span class='ocrx_word' id='word_1_210' title='bbox 2372 1660 2476 1698; x_wconf 90' lang='lat' dir='ltr'><strong>non</strong></span> <span class='ocrx_word' id='word_1_211' title='bbox 2511 1660 2606 1698; x_wconf 87' lang='lat' dir='ltr'><strong>eos</strong></span> <span class='ocrx_word' id='word_1_212' title='bbox 2654 1659 2794 1712; x_wconf 89' lang='lat' dir='ltr'><strong>quos</strong></span> <span class='ocrx_word' id='word_1_213' title='bbox 2836 1644 3072 1697; x_wconf 83' lang='lat' dir='ltr'><strong>diximus</strong></span> <span class='ocrx_word' id='word_1_214' title='bbox 3119 1643 3424 1712; x_wconf 85' lang='lat' dir='ltr'><strong>episcopos,</strong></span> 
     </span>
    </p>
   </div>
   <div class='ocr_carea' id='block_1_31' title="bbox 1842 1735 3426 1810">
    <p class='ocr_par' dir='ltr' id='par_1_31' title="bbox 1842 1735 3426 1810">
     <span class='ocr_line' id='line_1_31' title="bbox 1842 1735 3426 1810; baseline -0.004 -16"><span class='ocrx_word' id='word_1_215' title='bbox 1842 1742 1935 1794; x_wconf 86' lang='lat' dir='ltr'><strong>sed</strong></span> <span class='ocrx_word' id='word_1_216' title='bbox 1974 1740 2260 1810; x_wconf 62' lang='lat' dir='ltr'><strong>praesidem</strong></span> <span class='ocrx_word' id='word_1_217' title='bbox 2296 1737 2669 1808; x_wconf 69' lang='lat' dir='ltr'><strong>Cappadocizr,</strong></span> <span class='ocrx_word' id='word_1_218' title='bbox 2717 1745 2766 1788; x_wconf 89' lang='lat' dir='ltr'><strong>et</strong></span> <span class='ocrx_word' id='word_1_219' title='bbox 2814 1735 2948 1788; x_wconf 85' lang='lat' dir='ltr'><strong>alios</strong></span> <span class='ocrx_word' id='word_1_220' title='bbox 2991 1736 3112 1787; x_wconf 84' lang='lat' dir='ltr'><strong>huic</strong></span> <span class='ocrx_word' id='word_1_221' title='bbox 3159 1735 3426 1802; x_wconf 73' lang='lat' dir='ltr'><strong>proximos</strong></span> 
     </span>
    </p>
   </div>
   <div class='ocr_carea' id='block_1_32' title="bbox 137 1826 1730 1912">
    <p class='ocr_par' dir='ltr' id='par_1_32' title="bbox 137 1831 1730 1912">
     <span class='ocr_line' id='line_1_32' title="bbox 137 1831 1730 1912; baseline 0.01 -30"><span class='ocrx_word' id='word_1_222' title='bbox 137 1831 366 1900; x_wconf 86' lang='lat' dir='ltr'><strong>majoris</strong></span> <span class='ocrx_word' id='word_1_223' title='bbox 408 1833 585 1901; x_wconf 91' lang='lat' dir='ltr'><strong>partis</strong></span> <span class='ocrx_word' id='word_1_224' title='bbox 613 1835 988 1906; x_wconf 82' lang='lat' dir='ltr'><strong>episcoporum</strong></span> <span class='ocrx_word' id='word_1_225' title='bbox 1021 1837 1304 1910; x_wconf 82' lang='lat' dir='ltr'><strong>sull‘ragia.</strong></span> <span class='ocrx_word' id='word_1_226' title='bbox 1334 1841 1489 1908; x_wconf 87' lang='lat' dir='ltr'><strong>Quod</strong></span> <span class='ocrx_word' id='word_1_227' title='bbox 1515 1845 1730 1912; x_wconf 87' lang='lat' dir='ltr'><strong>quidem</strong></span> 
     </span>
    </p>
   </div>
   <div class='ocr_carea' id='block_1_33' title="bbox 1846 1826 3424 1912">
    <p class='ocr_par' dir='ltr' id='par_1_33' title="bbox 1846 1826 3424 1900">
     <span class='ocr_line' id='line_1_33' title="bbox 1846 1826 3424 1900; baseline -0.005 -14"><span class='ocrx_word' id='word_1_228' title='bbox 1846 1832 2103 1886; x_wconf 73' lang='lat' dir='ltr'><strong>C(rsarea:</strong></span> <span class='ocrx_word' id='word_1_229' title='bbox 2152 1839 2384 1900; x_wconf 77' lang='lat' dir='ltr'><strong>agentes,</strong></span> <span class='ocrx_word' id='word_1_230' title='bbox 2438 1837 2489 1881; x_wconf 85' lang='lat' dir='ltr'><strong>et</strong></span> <span class='ocrx_word' id='word_1_231' title='bbox 2546 1827 2808 1882; x_wconf 78' lang='lat' dir='ltr'><strong>ciuitatem</strong></span> <span class='ocrx_word' id='word_1_232' title='bbox 2837 1826 3094 1895; x_wconf 82' lang='lat' dir='ltr'><strong>susdeque</strong></span> <span class='ocrx_word' id='word_1_233' title='bbox 3126 1827 3424 1890; x_wconf 77' lang='lat' dir='ltr'><strong>miscentes,</strong></span> 
     </span>
    </p>
   </div>
   <div class='ocr_carea' id='block_1_34' title="bbox 131 1922 1732 2001">
    <p class='ocr_par' dir='ltr' id='par_1_34' title="bbox 131 1922 1732 2001">
     <span class='ocr_line' id='line_1_34' title="bbox 131 1922 1732 2001; baseline 0.011 -27"><span class='ocrx_word' id='word_1_234' title='bbox 131 1937 202 1975; x_wconf 88' lang='lat' dir='ltr'><strong>eo</strong></span> <span class='ocrx_word' id='word_1_235' title='bbox 234 1922 558 1992; x_wconf 85' lang='lat' dir='ltr'><strong>diligentius</strong></span> <span class='ocrx_word' id='word_1_236' title='bbox 600 1927 930 1981; x_wconf 88' lang='lat' dir='ltr'><strong>servandum</strong></span> <span class='ocrx_word' id='word_1_237' title='bbox 980 1938 1103 1984; x_wconf 88' lang='lat' dir='ltr'><strong>erat</strong></span> <span class='ocrx_word' id='word_1_238' title='bbox 1135 1931 1189 1984; x_wconf 91' lang='lat' dir='ltr'><strong>in</strong></span> <span class='ocrx_word' id='word_1_239' title='bbox 1229 1931 1492 1990; x_wconf 91' lang='lat' dir='ltr'><strong>electione</strong></span> <span class='ocrx_word' id='word_1_240' title='bbox 1524 1935 1732 2001; x_wconf 85' lang='lat' dir='ltr'><strong>Basilii,</strong></span> 
     </span>
    </p>
   </div>
   <div class='ocr_carea' id='block_1_35' title="bbox 132 2013 1732 2090">
    <p class='ocr_par' dir='ltr' id='par_1_35' title="bbox 132 2013 1732 2090">
     <span class='ocr_line' id='line_1_35' title="bbox 132 2013 1732 2090; baseline 0.013 -29"><span class='ocrx_word' id='word_1_241' title='bbox 132 2013 282 2078; x_wconf 73' lang='lat' dir='ltr'><strong>quod</strong></span> <span class='ocrx_word' id='word_1_242' title='bbox 317 2029 430 2068; x_wconf 91' lang='lat' dir='ltr'><strong>non</strong></span> <span class='ocrx_word' id='word_1_243' title='bbox 460 2013 635 2070; x_wconf 90' lang='lat' dir='ltr'><strong>solum</strong></span> <span class='ocrx_word' id='word_1_244' title='bbox 682 2016 866 2085; x_wconf 85' lang='lat' dir='ltr'><strong>plures</strong></span> <span class='ocrx_word' id='word_1_245' title='bbox 890 2018 1131 2089; x_wconf 92' lang='lat' dir='ltr'><strong>episcopi</strong></span> <span class='ocrx_word' id='word_1_246' title='bbox 1167 2023 1603 2090; x_wconf 84' lang='lat' dir='ltr'><strong>intercedebant,</strong></span> <span class='ocrx_word' id='word_1_247' title='bbox 1637 2028 1732 2082; x_wconf 91' lang='lat' dir='ltr'><strong>sed</strong></span> 
     </span>
    </p>
   </div>
   <div class='ocr_carea' id='block_1_36' title="bbox 129 2107 1736 2190">
    <p class='ocr_par' dir='ltr' id='par_1_36' title="bbox 129 2107 1736 2190">
     <span class='ocr_line' id='line_1_36' title="bbox 129 2107 1736 2190; baseline 0.011 -31"><span class='ocrx_word' id='word_1_248' title='bbox 129 2107 303 2159; x_wconf 89' lang='lat' dir='ltr'><strong>etiam</strong></span> <span class='ocrx_word' id='word_1_249' title='bbox 357 2107 655 2177; x_wconf 84' lang='lat' dir='ltr'><strong>adjunctus</strong></span> <span class='ocrx_word' id='word_1_250' title='bbox 711 2124 894 2165; x_wconf 84' lang='lat' dir='ltr'><strong>secum</strong></span> <span class='ocrx_word' id='word_1_251' title='bbox 954 2113 1226 2170; x_wconf 85' lang='lat' dir='ltr'><strong>habebant</strong></span> <span class='ocrx_word' id='word_1_252' title='bbox 1276 2120 1628 2190; x_wconf 71' lang='lat' dir='ltr'><strong>magistratus</strong></span> <span class='ocrx_word' id='word_1_253' title='bbox 1678 2131 1736 2176; x_wconf 89' lang='lat' dir='ltr'><strong>et</strong></span> 
     </span>
    </p>
   </div>
   <div class='ocr_carea' id='block_1_37' title="bbox 126 2199 1019 2271">
    <p class='ocr_par' dir='ltr' id='par_1_37' title="bbox 126 2199 1019 2271">
     <span class='ocr_line' id='line_1_37' title="bbox 126 2199 1019 2271; baseline 0.01 -19"><span class='ocrx_word' id='word_1_254' title='bbox 126 2199 549 2267; x_wconf 87' lang='lat' dir='ltr'><strong>perditissimos</strong></span> <span class='ocrx_word' id='word_1_255' title='bbox 578 2217 824 2271; x_wconf 91' lang='lat' dir='ltr'><strong>quosque</strong></span> <span class='ocrx_word' id='word_1_256' title='bbox 853 2204 1019 2260; x_wconf 87' lang='lat' dir='ltr'><strong>cives.</strong></span> 
     </span>
    </p>
   </div>
   <div class='ocr_carea' id='block_1_38' title="bbox 199 2289 1729 2378">
    <p class='ocr_par' dir='ltr' id='par_1_38' title="bbox 199 2289 1729 2378">
     <span class='ocr_line' id='line_1_38' title="bbox 199 2289 1729 2378; baseline 0.015 -36"><span class='ocrx_word' id='word_1_257' title='bbox 199 2289 609 2348; x_wconf 83' lang='lat' dir='ltr'><strong>Proﬁciscente</strong></span> <span class='ocrx_word' id='word_1_258' title='bbox 641 2304 797 2364; x_wconf 91' lang='lat' dir='ltr'><strong>patre</strong></span> <span class='ocrx_word' id='word_1_259' title='bbox 841 2298 1062 2368; x_wconf 84' lang='lat' dir='ltr'><strong>scripsit</strong></span> <span class='ocrx_word' id='word_1_260' title='bbox 1103 2301 1400 2372; x_wconf 89' lang='lat' dir='ltr'><strong>Gregorius</strong></span> <span class='ocrx_word' id='word_1_261' title='bbox 1441 2306 1511 2378; x_wconf 91' lang='lat' dir='ltr'><strong>(c)</strong></span> <span class='ocrx_word' id='word_1_262' title='bbox 1553 2310 1622 2364; x_wconf 87' lang='lat' dir='ltr'><strong>ad</strong></span> <span class='ocrx_word' id='word_1_263' title='bbox 1669 2309 1729 2364; x_wconf 91' lang='lat' dir='ltr'><strong>S.</strong></span> 
     </span>
    </p>
   </div>
   <div class='ocr_carea' id='block_1_39' title="bbox 125 2381 1732 2472">
    <p class='ocr_par' dir='ltr' id='par_1_39' title="bbox 125 2381 1732 2472">
     <span class='ocr_line' id='line_1_39' title="bbox 125 2381 1732 2472; baseline 0.014 -38"><span class='ocrx_word' id='word_1_264' title='bbox 125 2381 467 2449; x_wconf 77' lang='lat' dir='ltr'><strong>Eusebium,</strong></span> <span class='ocrx_word' id='word_1_265' title='bbox 503 2385 660 2452; x_wconf 91' lang='lat' dir='ltr'><strong>cujus</strong></span> <span class='ocrx_word' id='word_1_266' title='bbox 711 2389 887 2444; x_wconf 76' lang='lat' dir='ltr'><strong>zelum</strong></span> <span class='ocrx_word' id='word_1_267' title='bbox 932 2401 988 2446; x_wconf 90' lang='lat' dir='ltr'><strong>et</strong></span> <span class='ocrx_word' id='word_1_268' title='bbox 1039 2383 1266 2452; x_wconf 83' lang='lat' dir='ltr'><strong>sudores</strong></span> <span class='ocrx_word' id='word_1_269' title='bbox 1315 2397 1496 2452; x_wconf 89' lang='lat' dir='ltr'><strong>laudat</strong></span> <span class='ocrx_word' id='word_1_270' title='bbox 1524 2411 1578 2455; x_wconf 92' lang='lat' dir='ltr'><strong>et</strong></span> <span class='ocrx_word' id='word_1_271' title='bbox 1606 2418 1732 2472; x_wconf 87' lang='lat' dir='ltr'><strong>gra-</strong></span> 
     </span>
    </p>
   </div>
   <div class='ocr_carea' id='block_1_40' title="bbox 127 2473 1732 2561">
    <p class='ocr_par' dir='ltr' id='par_1_40' title="bbox 127 2473 1732 2561">
     <span class='ocr_line' id='line_1_40' title="bbox 127 2473 1732 2561; baseline 0.014 -35"><span class='ocrx_word' id='word_1_272' title='bbox 127 2483 239 2527; x_wconf 88' lang='lat' dir='ltr'><strong>tam</strong></span> <span class='ocrx_word' id='word_1_273' title='bbox 298 2473 418 2531; x_wconf 90' lang='lat' dir='ltr'><strong>Deo</strong></span> <span class='ocrx_word' id='word_1_274' title='bbox 472 2477 818 2543; x_wconf 83' lang='lat' dir='ltr'><strong>libertatem;</strong></span> <span class='ocrx_word' id='word_1_275' title='bbox 859 2483 1020 2554; x_wconf 89' lang='lat' dir='ltr'><strong>eique</strong></span> <span class='ocrx_word' id='word_1_276' title='bbox 1053 2499 1332 2556; x_wconf 92' lang='lat' dir='ltr'><strong>acceptum</strong></span> <span class='ocrx_word' id='word_1_277' title='bbox 1367 2489 1534 2546; x_wconf 84' lang='lat' dir='ltr'><strong>refert</strong></span> <span class='ocrx_word' id='word_1_278' title='bbox 1588 2495 1732 2561; x_wconf 80' lang='lat' dir='ltr'><strong>quod</strong></span> 
     </span>
    </p>
   </div>
   <div class='ocr_carea' id='block_1_41' title="bbox 125 2567 1729 2640">
    <p class='ocr_par' dir='ltr' id='par_1_41' title="bbox 125 2567 1729 2640">
     <span class='ocr_line' id='line_1_41' title="bbox 125 2567 1729 2640; baseline 0.014 -23"><span class='ocrx_word' id='word_1_279' title='bbox 125 2567 307 2632; x_wconf 87' lang='lat' dir='ltr'><strong>patris</strong></span> <span class='ocrx_word' id='word_1_280' title='bbox 356 2579 617 2625; x_wconf 81' lang='lat' dir='ltr'><strong>senectus</strong></span> <span class='ocrx_word' id='word_1_281' title='bbox 664 2585 924 2630; x_wconf 86' lang='lat' dir='ltr'><strong>renovata</strong></span> <span class='ocrx_word' id='word_1_282' title='bbox 977 2577 1142 2631; x_wconf 89' lang='lat' dir='ltr'><strong>fuerit</strong></span> <span class='ocrx_word' id='word_1_283' title='bbox 1179 2596 1193 2632; x_wconf 90' lang='lat'><strong>:</strong></span> <span class='ocrx_word' id='word_1_284' title='bbox 1225 2581 1365 2634; x_wconf 93' lang='lat' dir='ltr'><strong>unde</strong></span> <span class='ocrx_word' id='word_1_285' title='bbox 1397 2583 1560 2637; x_wconf 84' lang='lat' dir='ltr'><strong>etiam</strong></span> <span class='ocrx_word' id='word_1_286' title='bbox 1615 2601 1729 2640; x_wconf 79' lang='lat' dir='ltr'><strong>rem</strong></span> 
     </span>
    </p>
   </div>
   <div class='ocr_carea' id='block_1_42' title="bbox 124 2661 1726 2746">
    <p class='ocr_par' dir='ltr' id='par_1_42' title="bbox 124 2661 1726 2746">
     <span class='ocr_line' id='line_1_42' title="bbox 124 2661 1726 2746; baseline 0.014 -37"><span class='ocrx_word' id='word_1_287' title='bbox 124 2671 194 2711; x_wconf 80' lang='lat' dir='ltr'><strong>ex</strong></span> <span class='ocrx_word' id='word_1_288' title='bbox 262 2661 546 2715; x_wconf 74' lang='lat' dir='ltr'><strong>sententia</strong></span> <span class='ocrx_word' id='word_1_289' title='bbox 605 2679 983 2722; x_wconf 88' lang='lat' dir='ltr'><strong>successuram</strong></span> <span class='ocrx_word' id='word_1_290' title='bbox 1045 2675 1515 2738; x_wconf 83' lang='lat' dir='ltr'><strong>speratzveniam</strong></span> <span class='ocrx_word' id='word_1_291' title='bbox 1572 2679 1726 2746; x_wconf 90' lang='lat' dir='ltr'><strong>petit,</strong></span> 
     </span>
    </p>
   </div>
   <div class='ocr_carea' id='block_1_43' title="bbox 126 2752 1729 2837">
    <p class='ocr_par' dir='ltr' id='par_1_43' title="bbox 126 2752 1729 2837">
     <span class='ocr_line' id='line_1_43' title="bbox 126 2752 1729 2837; baseline 0.015 -36"><span class='ocrx_word' id='word_1_292' title='bbox 126 2752 276 2818; x_wconf 89' lang='lat' dir='ltr'><strong>quod</strong></span> <span class='ocrx_word' id='word_1_293' title='bbox 310 2769 421 2806; x_wconf 88' lang='lat' dir='ltr'><strong>non</strong></span> <span class='ocrx_word' id='word_1_294' title='bbox 457 2767 711 2811; x_wconf 88' lang='lat' dir='ltr'><strong>accurrat</strong></span> <span class='ocrx_word' id='word_1_295' title='bbox 745 2759 812 2813; x_wconf 91' lang='lat' dir='ltr'><strong>ad</strong></span> <span class='ocrx_word' id='word_1_296' title='bbox 864 2760 981 2828; x_wconf 86' lang='lat' dir='ltr'><strong>ejus</strong></span> <span class='ocrx_word' id='word_1_297' title='bbox 1020 2763 1362 2831; x_wconf 77' lang='lat' dir='ltr'><strong>complexum</strong></span> <span class='ocrx_word' id='word_1_298' title='bbox 1400 2766 1596 2837; x_wconf 85' lang='lat' dir='ltr'><strong>linguis</strong></span> <span class='ocrx_word' id='word_1_299' title='bbox 1627 2771 1729 2824; x_wconf 89' lang='lat' dir='ltr'><strong>im-</strong></span> 
     </span>
    </p>
   </div>
   <div class='ocr_carea' id='block_1_44' title="bbox 125 2844 1729 2930">
    <p class='ocr_par' dir='ltr' id='par_1_44' title="bbox 125 2844 1729 2930">
     <span class='ocr_line' id='line_1_44' title="bbox 125 2844 1729 2930; baseline 0.015 -36"><span class='ocrx_word' id='word_1_300' title='bbox 125 2844 438 2911; x_wconf 87' lang='lat' dir='ltr'><strong>proborum</strong></span> <span class='ocrx_word' id='word_1_301' title='bbox 467 2850 701 2916; x_wconf 89' lang='lat' dir='ltr'><strong>cedens;</strong></span> <span class='ocrx_word' id='word_1_302' title='bbox 737 2855 832 2906; x_wconf 89' lang='lat' dir='ltr'><strong>sed</strong></span> <span class='ocrx_word' id='word_1_303' title='bbox 862 2855 1018 2921; x_wconf 90' lang='lat' dir='ltr'><strong>paulo</strong></span> <span class='ocrx_word' id='word_1_304' title='bbox 1048 2865 1169 2924; x_wconf 82' lang='lat' dir='ltr'><strong>post.</strong></span> <span class='ocrx_word' id='word_1_305' title='bbox 1197 2870 1487 2914; x_wconf 89' lang='lat' dir='ltr'><strong>venturum</strong></span> <span class='ocrx_word' id='word_1_306' title='bbox 1515 2876 1573 2916; x_wconf 91' lang='lat' dir='ltr'><strong>se</strong></span> <span class='ocrx_word' id='word_1_307' title='bbox 1601 2878 1729 2930; x_wconf 89' lang='lat' dir='ltr'><strong>pro-</strong></span> 
     </span>
    </p>
   </div>
   <div class='ocr_carea' id='block_1_45' title="bbox 126 2937 1732 3014">
    <p class='ocr_par' dir='ltr' id='par_1_45' title="bbox 126 2937 1732 3014">
     <span class='ocr_line' id='line_1_45' title="bbox 126 2937 1732 3014; baseline 0.015 -28"><span class='ocrx_word' id='word_1_308' title='bbox 126 2937 328 3002; x_wconf 88' lang='lat' dir='ltr'><strong>mittit,</strong></span> <span class='ocrx_word' id='word_1_309' title='bbox 381 2941 530 3008; x_wconf 92' lang='lat' dir='ltr'><strong>quod</strong></span> <span class='ocrx_word' id='word_1_310' title='bbox 591 2951 774 2998; x_wconf 87' lang='lat' dir='ltr'><strong>tamen</strong></span> <span class='ocrx_word' id='word_1_311' title='bbox 807 2946 1103 3014; x_wconf 87' lang='lat' dir='ltr'><strong>perfecisse</strong></span> <span class='ocrx_word' id='word_1_312' title='bbox 1151 2967 1256 3005; x_wconf 91' lang='lat' dir='ltr'><strong>non</strong></span> <span class='ocrx_word' id='word_1_313' title='bbox 1306 2954 1540 3010; x_wconf 88' lang='lat' dir='ltr'><strong>videtur.</strong></span> <span class='ocrx_word' id='word_1_314' title='bbox 1589 2955 1732 3010; x_wconf 82' lang='lat' dir='ltr'><strong>Vicit</strong></span> 
     </span>
    </p>
   </div>
   <div class='ocr_carea' id='block_1_46' title="bbox 127 3026 1730 3115">
    <p class='ocr_par' dir='ltr' id='par_1_46' title="bbox 127 3026 1730 3115">
     <span class='ocr_line' id='line_1_46' title="bbox 127 3026 1730 3115; baseline 0.015 -38"><span class='ocrx_word' id='word_1_315' title='bbox 127 3026 354 3084; x_wconf 81' lang='lat' dir='ltr'><strong>abunde</strong></span> <span class='ocrx_word' id='word_1_316' title='bbox 404 3029 647 3100; x_wconf 87' lang='lat' dir='ltr'><strong>Spiritus</strong></span> <span class='ocrx_word' id='word_1_317' title='bbox 695 3045 916 3092; x_wconf 87' lang='lat' dir='ltr'><strong>sanctus</strong></span> <span class='ocrx_word' id='word_1_318' title='bbox 959 3054 1054 3108; x_wconf 91' lang='lat' dir='ltr'><strong>per</strong></span> <span class='ocrx_word' id='word_1_319' title='bbox 1079 3040 1368 3096; x_wconf 86' lang='lat' dir='ltr'><strong>Eusebium</strong></span> <span class='ocrx_word' id='word_1_320' title='bbox 1422 3053 1477 3098; x_wconf 90' lang='lat' dir='ltr'><strong>et</strong></span> <span class='ocrx_word' id='word_1_321' title='bbox 1523 3045 1730 3115; x_wconf 85' lang='lat' dir='ltr'><strong>Grego-</strong></span> 
     </span>
    </p>
   </div>
   <div class='ocr_carea' id='block_1_47' title="bbox 127 3121 1726 3204">
    <p class='ocr_par' dir='ltr' id='par_1_47' title="bbox 127 3121 1726 3204">
     <span class='ocr_line' id='line_1_47' title="bbox 127 3121 1726 3204; baseline 0.014 -35"><span class='ocrx_word' id='word_1_322' title='bbox 127 3121 298 3185; x_wconf 82' lang='lat' dir='ltr'><strong>rium,</strong></span> <span class='ocrx_word' id='word_1_323' title='bbox 329 3123 428 3190; x_wconf 92' lang='lat' dir='ltr'><strong>qui</strong></span> <span class='ocrx_word' id='word_1_324' title='bbox 463 3137 589 3176; x_wconf 88' lang='lat' dir='ltr'><strong>curn</strong></span> <span class='ocrx_word' id='word_1_325' title='bbox 624 3125 895 3191; x_wconf 87' lang='lat' dir='ltr'><strong>vehiculo,</strong></span> <span class='ocrx_word' id='word_1_326' title='bbox 931 3137 1186 3201; x_wconf 78' lang='lat' dir='ltr'><strong>tanquam</strong></span> <span class='ocrx_word' id='word_1_327' title='bbox 1224 3143 1468 3190; x_wconf 91' lang='lat' dir='ltr'><strong>mortuus</strong></span> <span class='ocrx_word' id='word_1_328' title='bbox 1500 3135 1726 3204; x_wconf 88' lang='lat' dir='ltr'><strong>feretro,</strong></span> 
     </span>
    </p>
   </div>
   <div class='ocr_carea' id='block_1_48' title="bbox 1845 1917 3425 1993">
    <p class='ocr_par' dir='ltr' id='par_1_48' title="bbox 1845 1917 3425 1993">
     <span class='ocr_line' id='line_1_48' title="bbox 1845 1917 3425 1993; baseline -0.004 -16"><span class='ocrx_word' id='word_1_329' title='bbox 1845 1934 1899 1977; x_wconf 90' lang='lat' dir='ltr'><strong>ut</strong></span> <span class='ocrx_word' id='word_1_330' title='bbox 1925 1924 1979 1977; x_wconf 85' lang='lat' dir='ltr'><strong>in</strong></span> <span class='ocrx_word' id='word_1_331' title='bbox 2015 1924 2244 1993; x_wconf 86' lang='lat' dir='ltr'><strong>gratiam</strong></span> <span class='ocrx_word' id='word_1_332' title='bbox 2272 1920 2461 1974; x_wconf 83' lang='lat' dir='ltr'><strong>Ariani</strong></span> <span class='ocrx_word' id='word_1_333' title='bbox 2492 1918 2829 1989; x_wconf 84' lang='lat' dir='ltr'><strong>imperatoris</strong></span> <span class='ocrx_word' id='word_1_334' title='bbox 2850 1917 2989 1972; x_wconf 84' lang='lat' dir='ltr'><strong>alius</strong></span> <span class='ocrx_word' id='word_1_335' title='bbox 3017 1927 3289 1971; x_wconf 81' lang='lat' dir='ltr'><strong>crearetur</strong></span> <span class='ocrx_word' id='word_1_336' title='bbox 3314 1917 3425 1985; x_wconf 87' lang='lat' dir='ltr'><strong>epi-</strong></span> 
     </span>
    </p>
   </div>
   <div class='ocr_carea' id='block_1_49' title="bbox 1841 2032 2046 2077">
    <p class='ocr_par' dir='ltr' id='par_1_49' title="bbox 1841 2032 2046 2077">
     <span class='ocr_line' id='line_1_49' title="bbox 1841 2032 2046 2077; baseline 0 -7"><span class='ocrx_word' id='word_1_337' title='bbox 1841 2032 2046 2077; x_wconf 76' lang='lat' dir='ltr'><strong>scapus.</strong></span> 
     </span>
    </p>
   </div>
   <div class='ocr_carea' id='block_1_50' title="bbox 1917 2102 3421 2176">
    <p class='ocr_par' dir='ltr' id='par_1_50' title="bbox 1917 2102 3421 2176">
     <span class='ocr_line' id='line_1_50' title="bbox 1917 2102 3421 2176; baseline -0.006 -13"><span class='ocrx_word' id='word_1_338' title='bbox 1917 2108 2004 2164; x_wconf 87' lang='lat' dir='ltr'><strong>IV.</strong></span> <span class='ocrx_word' id='word_1_339' title='bbox 2030 2109 2148 2176; x_wconf 94' lang='lat' dir='ltr'><strong>Quo</strong></span> <span class='ocrx_word' id='word_1_340' title='bbox 2175 2107 2409 2164; x_wconf 88' lang='lat' dir='ltr'><strong>Basilius</strong></span> <span class='ocrx_word' id='word_1_341' title='bbox 2439 2120 2582 2161; x_wconf 93' lang='lat' dir='ltr'><strong>anno</strong></span> <span class='ocrx_word' id='word_1_342' title='bbox 2611 2105 2896 2162; x_wconf 83' lang='lat' dir='ltr'><strong>ordinatus</strong></span> <span class='ocrx_word' id='word_1_343' title='bbox 2949 2102 3132 2164; x_wconf 86' lang='lat' dir='ltr'><strong>fuerit,</strong></span> <span class='ocrx_word' id='word_1_344' title='bbox 3169 2116 3274 2155; x_wconf 90' lang='lat' dir='ltr'><strong>non</strong></span> <span class='ocrx_word' id='word_1_345' title='bbox 3311 2115 3421 2154; x_wconf 89' lang='lat' dir='ltr'><strong>una</strong></span> 
     </span>
    </p>
   </div>
   <div class='ocr_carea' id='block_1_51' title="bbox 1840 2193 3423 2258">
    <p class='ocr_par' dir='ltr' id='par_1_51' title="bbox 1840 2193 3423 2258">
     <span class='ocr_line' id='line_1_51' title="bbox 1840 2193 3423 2258; baseline -0.006 0"><span class='ocrx_word' id='word_1_346' title='bbox 1840 2213 1921 2258; x_wconf 89' lang='lat' dir='ltr'><strong>est</strong></span> <span class='ocrx_word' id='word_1_347' title='bbox 1977 2204 2287 2258; x_wconf 88' lang='lat' dir='ltr'><strong>criticorum</strong></span> <span class='ocrx_word' id='word_1_348' title='bbox 2345 2202 2667 2256; x_wconf 87' lang='lat' dir='ltr'><strong>sententia:</strong></span> <span class='ocrx_word' id='word_1_349' title='bbox 2714 2196 2981 2252; x_wconf 89' lang='lat' dir='ltr'><strong>Barouius</strong></span> <span class='ocrx_word' id='word_1_350' title='bbox 3019 2206 3074 2249; x_wconf 90' lang='lat' dir='ltr'><strong>et</strong></span> <span class='ocrx_word' id='word_1_351' title='bbox 3129 2193 3423 2250; x_wconf 89' lang='lat' dir='ltr'><strong>Bollandus</strong></span> 
     </span>
    </p>
   </div>
   <div class='ocr_carea' id='block_1_52' title="bbox 1845 2285 3420 2355">
    <p class='ocr_par' dir='ltr' id='par_1_52' title="bbox 1845 2285 3420 2355">
     <span class='ocr_line' id='line_1_52' title="bbox 1845 2285 3420 2355; baseline -0.006 -6"><span class='ocrx_word' id='word_1_352' title='bbox 1845 2311 1987 2350; x_wconf 91' lang='lat' dir='ltr'><strong>anno</strong></span> <span class='ocrx_word' id='word_1_353' title='bbox 2016 2294 2123 2349; x_wconf 83' lang='grc'><strong>569</strong></span> <span class='ocrx_word' id='word_1_354' title='bbox 2153 2294 2464 2349; x_wconf 89' lang='lat' dir='ltr'><strong>ordinatum</strong></span> <span class='ocrx_word' id='word_1_355' title='bbox 2499 2291 2665 2347; x_wconf 85' lang='lat' dir='ltr'><strong>fuisse</strong></span> <span class='ocrx_word' id='word_1_356' title='bbox 2699 2291 3069 2355; x_wconf 88' lang='lat' dir='ltr'><strong>contendunt;</strong></span> <span class='ocrx_word' id='word_1_357' title='bbox 3109 2303 3250 2342; x_wconf 91' lang='lat' dir='ltr'><strong>anno</strong></span> <span class='ocrx_word' id='word_1_358' title='bbox 3291 2285 3420 2350; x_wconf 80' lang='grc'>570,</span> 
     </span>
    </p>
   </div>
   <div class='ocr_carea' id='block_1_53' title="bbox 1841 2379 3422 2448">
    <p class='ocr_par' dir='ltr' id='par_1_53' title="bbox 1841 2379 3422 2448">
     <span class='ocr_line' id='line_1_53' title="bbox 1841 2379 3422 2448; baseline -0.008 -3"><span class='ocrx_word' id='word_1_359' title='bbox 1841 2390 2096 2445; x_wconf 90' lang='lat' dir='ltr'><strong>Petavius</strong></span> <span class='ocrx_word' id='word_1_360' title='bbox 2123 2399 2178 2444; x_wconf 88' lang='lat' dir='ltr'><strong>et</strong></span> <span class='ocrx_word' id='word_1_361' title='bbox 2224 2386 2625 2442; x_wconf 88' lang='lat' dir='ltr'><strong>Tillemontius.</strong></span> <span class='ocrx_word' id='word_1_362' title='bbox 2673 2382 2819 2438; x_wconf 80' lang='lat' dir='ltr'><strong>Nihil</strong></span> <span class='ocrx_word' id='word_1_363' title='bbox 2852 2396 3036 2437; x_wconf 92' lang='lat' dir='ltr'><strong>moror</strong></span> <span class='ocrx_word' id='word_1_364' title='bbox 3067 2379 3293 2444; x_wconf 82' lang='lat' dir='ltr'><strong>Pagium</strong></span> <span class='ocrx_word' id='word_1_365' title='bbox 3328 2380 3422 2448; x_wconf 91' lang='lat' dir='ltr'><strong>qui</strong></span> 
     </span>
    </p>
   </div>
   <div class='ocr_carea' id='block_1_54' title="bbox 1840 2468 3424 2545">
    <p class='ocr_par' dir='ltr' id='par_1_54' title="bbox 1840 2468 3424 2545">
     <span class='ocr_line' id='line_1_54' title="bbox 1840 2468 3424 2545; baseline -0.008 -11"><span class='ocrx_word' id='word_1_366' title='bbox 1840 2479 2236 2534; x_wconf 85' lang='lat' dir='ltr'><strong>ordinationem</strong></span> <span class='ocrx_word' id='word_1_367' title='bbox 2289 2476 2471 2530; x_wconf 76' lang='lat' dir='ltr'><strong>differt</strong></span> <span class='ocrx_word' id='word_1_368' title='bbox 2517 2490 2692 2545; x_wconf 91' lang='lat' dir='ltr'><strong>usque</strong></span> <span class='ocrx_word' id='word_1_369' title='bbox 2745 2474 2812 2527; x_wconf 87' lang='lat' dir='ltr'><strong>ad</strong></span> <span class='ocrx_word' id='word_1_370' title='bbox 2871 2486 3071 2525; x_wconf 91' lang='lat' dir='ltr'><strong>annum</strong></span> <span class='ocrx_word' id='word_1_371' title='bbox 3122 2468 3258 2535; x_wconf 73' lang='lat'>&#39;5&#39;“;</span> <span class='ocrx_word' id='word_1_372' title='bbox 3309 2468 3424 2522; x_wconf 65' lang='lat' dir='ltr'><strong>haec</strong></span> 
     </span>
    </p>
   </div>
   <div class='ocr_carea' id='block_1_55' title="bbox 1843 2564 3421 2640">
    <p class='ocr_par' dir='ltr' id='par_1_55' title="bbox 1843 2564 3421 2640">
     <span class='ocr_line' id='line_1_55' title="bbox 1843 2564 3421 2640; baseline -0.009 -12"><span class='ocrx_word' id='word_1_373' title='bbox 1843 2574 1990 2629; x_wconf 91' lang='lat' dir='ltr'><strong>enim</strong></span> <span class='ocrx_word' id='word_1_374' title='bbox 2044 2571 2230 2640; x_wconf 91' lang='lat' dir='ltr'><strong>opinio</strong></span> <span class='ocrx_word' id='word_1_375' title='bbox 2271 2581 2423 2625; x_wconf 87' lang='lat' dir='ltr'><strong>stare</strong></span> <span class='ocrx_word' id='word_1_376' title='bbox 2469 2584 2575 2622; x_wconf 91' lang='lat' dir='ltr'><strong>non</strong></span> <span class='ocrx_word' id='word_1_377' title='bbox 2619 2575 2814 2636; x_wconf 90' lang='lat' dir='ltr'><strong>potest.</strong></span> <span class='ocrx_word' id='word_1_378' title='bbox 2865 2565 2942 2618; x_wconf 81' lang='lat' dir='ltr'><strong>Ex</strong></span> <span class='ocrx_word' id='word_1_379' title='bbox 2986 2564 3195 2619; x_wconf 88' lang='lat' dir='ltr'><strong>duabus</strong></span> <span class='ocrx_word' id='word_1_380' title='bbox 3239 2572 3421 2617; x_wconf 86' lang='lat' dir='ltr'><strong>autem</strong></span> 
     </span>
    </p>
   </div>
   <div class='ocr_carea' id='block_1_56' title="bbox 1842 2653 3420 2730">
    <p class='ocr_par' dir='ltr' id='par_1_56' title="bbox 1842 2653 3420 2730">
     <span class='ocr_line' id='line_1_56' title="bbox 1842 2653 3420 2730; baseline -0.008 -10"><span class='ocrx_word' id='word_1_381' title='bbox 1842 2666 1969 2720; x_wconf 92' lang='lat' dir='ltr'><strong>aliis</strong></span> <span class='ocrx_word' id='word_1_382' title='bbox 2003 2664 2292 2720; x_wconf 86' lang='lat' dir='ltr'><strong>sententiis</strong></span> <span class='ocrx_word' id='word_1_383' title='bbox 2326 2665 2484 2730; x_wconf 88' lang='lat' dir='ltr'><strong>longe</strong></span> <span class='ocrx_word' id='word_1_384' title='bbox 2510 2660 2688 2730; x_wconf 92' lang='lat' dir='ltr'><strong>potior</strong></span> <span class='ocrx_word' id='word_1_385' title='bbox 2712 2659 2926 2714; x_wconf 86' lang='lat' dir='ltr'><strong>videtur</strong></span> <span class='ocrx_word' id='word_1_386' title='bbox 2952 2672 3016 2714; x_wconf 88' lang='lat' dir='ltr'><strong>ea</strong></span> <span class='ocrx_word' id='word_1_387' title='bbox 3043 2671 3203 2727; x_wconf 90' lang='lat' dir='ltr'><strong>quam</strong></span> <span class='ocrx_word' id='word_1_388' title='bbox 3226 2653 3420 2710; x_wconf 76' lang='lat' dir='ltr'><strong>defen-</strong></span> 
     </span>
    </p>
   </div>
   <div class='ocr_carea' id='block_1_57' title="bbox 1837 2758 2347 2813">
    <p class='ocr_par' dir='ltr' id='par_1_57' title="bbox 1837 2758 2347 2813">
     <span class='ocr_line' id='line_1_57' title="bbox 1837 2758 2347 2813; baseline -0.006 0"><span class='ocrx_word' id='word_1_389' title='bbox 1837 2759 1914 2813; x_wconf 87' lang='lat' dir='ltr'><strong>dit</strong></span> <span class='ocrx_word' id='word_1_390' title='bbox 1948 2758 2347 2812; x_wconf 76' lang='lat' dir='ltr'><strong>Tillcmontius.</strong></span> 
     </span>
    </p>
   </div>
   <div class='ocr_carea' id='block_1_58' title="bbox 1914 2843 3418 2903">
    <p class='ocr_par' dir='ltr' id='par_1_58' title="bbox 1914 2843 3418 2903">
     <span class='ocr_line' id='line_1_58' title="bbox 1914 2843 3418 2903; baseline -0.004 -1"><span class='ocrx_word' id='word_1_391' title='bbox 1914 2850 1970 2902; x_wconf 81' lang='lat' dir='ltr'><strong>i°</strong></span> <span class='ocrx_word' id='word_1_392' title='bbox 2023 2848 2231 2902; x_wconf 87' lang='lat' dir='ltr'><strong>Pendet</strong></span> <span class='ocrx_word' id='word_1_393' title='bbox 2275 2848 2635 2903; x_wconf 87' lang='lat' dir='ltr'><strong>ordinationis</strong></span> <span class='ocrx_word' id='word_1_394' title='bbox 2683 2861 2856 2900; x_wconf 91' lang='lat' dir='ltr'><strong>annus</strong></span> <span class='ocrx_word' id='word_1_395' title='bbox 2902 2860 2970 2899; x_wconf 79' lang='lat' dir='ltr'><strong>ex</strong></span> <span class='ocrx_word' id='word_1_396' title='bbox 3016 2843 3210 2898; x_wconf 90' lang='lat' dir='ltr'><strong>mortis</strong></span> <span class='ocrx_word' id='word_1_397' title='bbox 3251 2857 3418 2896; x_wconf 89' lang='lat' dir='ltr'><strong>anno.</strong></span> 
     </span>
    </p>
   </div>
   <div class='ocr_carea' id='block_1_59' title="bbox 1843 2935 3420 3006">
    <p class='ocr_par' dir='ltr' id='par_1_59' title="bbox 1843 2935 3420 3006">
     <span class='ocr_line' id='line_1_59' title="bbox 1843 2935 3420 3006; baseline -0.007 -9"><span class='ocrx_word' id='word_1_398' title='bbox 1843 2940 2074 2997; x_wconf 87' lang='lat' dir='ltr'><strong>Constat</strong></span> <span class='ocrx_word' id='word_1_399' title='bbox 2123 2941 2269 2994; x_wconf 91' lang='lat' dir='ltr'><strong>enim</strong></span> <span class='ocrx_word' id='word_1_400' title='bbox 2323 2939 2581 2994; x_wconf 89' lang='lat' dir='ltr'><strong>Basilium</strong></span> <span class='ocrx_word' id='word_1_401' title='bbox 2643 2937 2924 3006; x_wconf 63' lang='lat' dir='ltr'><strong>praefuisse</strong></span> <span class='ocrx_word' id='word_1_402' title='bbox 2978 2935 3048 3006; x_wconf 65' lang='grc' dir='ltr'><strong>(Γ)</strong></span> <span class='ocrx_word' id='word_1_403' title='bbox 3083 2943 3209 2990; x_wconf 91' lang='lat' dir='ltr'><strong>octo</strong></span> <span class='ocrx_word' id='word_1_404' title='bbox 3248 2948 3420 2987; x_wconf 84' lang='lat' dir='ltr'><strong>annos</strong></span> 
     </span>
    </p>
   </div>
   <div class='ocr_carea' id='block_1_60' title="bbox 1843 3023 3419 3101">
    <p class='ocr_par' dir='ltr' id='par_1_60' title="bbox 1843 3023 3419 3101">
     <span class='ocr_line' id='line_1_60' title="bbox 1843 3023 3419 3101; baseline -0.006 -13"><span class='ocrx_word' id='word_1_405' title='bbox 1843 3033 2097 3088; x_wconf 75' lang='lat' dir='ltr'><strong>Ecclesize</strong></span> <span class='ocrx_word' id='word_1_406' title='bbox 2125 3032 2444 3087; x_wconf 69' lang='lat' dir='ltr'><strong>Caesariensi</strong></span> <span class='ocrx_word' id='word_1_407' title='bbox 2509 3041 2563 3086; x_wconf 87' lang='lat' dir='ltr'><strong>et</strong></span> <span class='ocrx_word' id='word_1_408' title='bbox 2599 3032 2670 3101; x_wconf 86' lang='lat' dir='ltr'><strong>(g)</strong></span> <span class='ocrx_word' id='word_1_409' title='bbox 2726 3044 2924 3087; x_wconf 89' lang='lat' dir='ltr'><strong>nonum</strong></span> <span class='ocrx_word' id='word_1_410' title='bbox 2973 3027 3258 3096; x_wconf 84' lang='lat' dir='ltr'><strong>incepisse.</strong></span> <span class='ocrx_word' id='word_1_411' title='bbox 3299 3023 3419 3078; x_wconf 72' lang='lat' dir='ltr'><strong>Non</strong></span> 
     </span>
    </p>
   </div>
   <div class='ocr_carea' id='block_1_61' title="bbox 1845 3119 3420 3192">
    <p class='ocr_par' dir='ltr' id='par_1_61' title="bbox 1845 3119 3420 3192">
     <span class='ocr_line' id='line_1_61' title="bbox 1845 3119 3420 3192; baseline -0.006 -13"><span class='ocrx_word' id='word_1_412' title='bbox 1845 3128 2022 3180; x_wconf 90' lang='lat' dir='ltr'><strong>minus</strong></span> <span class='ocrx_word' id='word_1_413' title='bbox 2086 3137 2296 3180; x_wconf 89' lang='lat' dir='ltr'><strong>certum</strong></span> <span class='ocrx_word' id='word_1_414' title='bbox 2353 3133 2408 3178; x_wconf 90' lang='lat' dir='ltr'><strong>et</strong></span> <span class='ocrx_word' id='word_1_415' title='bbox 2463 3123 2802 3192; x_wconf 85' lang='lat' dir='ltr'><strong>exploratum</strong></span> <span class='ocrx_word' id='word_1_416' title='bbox 2859 3130 2942 3176; x_wconf 91' lang='lat' dir='ltr'><strong>est</strong></span> <span class='ocrx_word' id='word_1_417' title='bbox 2995 3119 3136 3188; x_wconf 88' lang='lat' dir='ltr'><strong>quod</strong></span> <span class='ocrx_word' id='word_1_418' title='bbox 3188 3127 3420 3172; x_wconf 89' lang='lat' dir='ltr'><strong>testatur</strong></span> 
     </span>
    </p>
   </div>
   <div class='ocr_carea' id='block_1_62' title="bbox 127 3197 1730 3294">
    <p class='ocr_par' dir='ltr' id='par_1_62' title="bbox 127 3213 1726 3294">
     <span class='ocr_line' id='line_1_62' title="bbox 127 3213 1726 3294; baseline 0.013 -30"><span class='ocrx_word' id='word_1_419' title='bbox 127 3213 432 3283; x_wconf 84' lang='lat' dir='ltr'><strong>impositus</strong></span> <span class='ocrx_word' id='word_1_420' title='bbox 473 3215 687 3282; x_wconf 87' lang='lat' dir='ltr'><strong>fuisset,</strong></span> <span class='ocrx_word' id='word_1_421' title='bbox 731 3235 797 3274; x_wconf 79' lang='lat' dir='ltr'><strong>ex</strong></span> <span class='ocrx_word' id='word_1_422' title='bbox 839 3221 1024 3278; x_wconf 88' lang='lat' dir='ltr'><strong>labore</strong></span> <span class='ocrx_word' id='word_1_423' title='bbox 1069 3225 1215 3280; x_wconf 89' lang='lat' dir='ltr'><strong>vires</strong></span> <span class='ocrx_word' id='word_1_424' title='bbox 1254 3229 1457 3294; x_wconf 78' lang='lat' dir='ltr'><strong>traxit;</strong></span> <span class='ocrx_word' id='word_1_425' title='bbox 1495 3239 1551 3285; x_wconf 90' lang='lat' dir='ltr'><strong>et</strong></span> <span class='ocrx_word' id='word_1_426' title='bbox 1605 3245 1726 3284; x_wconf 91' lang='lat' dir='ltr'><strong>cum</strong></span> 
     </span>
    </p>
   </div>
   <div class='ocr_carea' id='block_1_63' title="bbox 1846 3197 3420 3294">
    <p class='ocr_par' dir='ltr' id='par_1_63' title="bbox 1846 3213 3420 3289">
     <span class='ocr_line' id='line_1_63' title="bbox 1846 3213 3420 3289; baseline -0.007 -15"><span class='ocrx_word' id='word_1_427' title='bbox 1846 3219 2134 3289; x_wconf 74' lang='lat' dir='ltr'><strong>Gregorius</strong></span> <span class='ocrx_word' id='word_1_428' title='bbox 2188 3217 2464 3288; x_wconf 80' lang='lat' dir='ltr'><strong>Nysseuus</strong></span> <span class='ocrx_word' id='word_1_429' title='bbox 2518 3216 2618 3284; x_wconf 77' lang='lat' dir='ltr'><strong>(Ii),</strong></span> <span class='ocrx_word' id='word_1_430' title='bbox 2661 3231 2852 3269; x_wconf 91' lang='lat' dir='ltr'><strong>novem</strong></span> <span class='ocrx_word' id='word_1_431' title='bbox 2909 3224 3003 3266; x_wconf 91' lang='lat' dir='ltr'><strong>aut</strong></span> <span class='ocrx_word' id='word_1_432' title='bbox 3057 3213 3243 3266; x_wconf 87' lang='lat' dir='ltr'><strong>decem</strong></span> <span class='ocrx_word' id='word_1_433' title='bbox 3297 3219 3420 3282; x_wconf 88' lang='lat' dir='ltr'><strong>post</strong></span> 
     </span>
    </p>
   </div>
   <div class='ocr_carea' id='block_1_64' title="bbox 127 3309 1732 3384">
    <p class='ocr_par' dir='ltr' id='par_1_64' title="bbox 127 3309 1732 3384">
     <span class='ocr_line' id='line_1_64' title="bbox 127 3309 1732 3384; baseline 0.012 -27"><span class='ocrx_word' id='word_1_434' title='bbox 127 3321 245 3360; x_wconf 88' lang='lat' dir='ltr'><strong>rem</strong></span> <span class='ocrx_word' id='word_1_435' title='bbox 286 3309 514 3378; x_wconf 88' lang='lat' dir='ltr'><strong>egregie</strong></span> <span class='ocrx_word' id='word_1_436' title='bbox 572 3311 1033 3381; x_wconf 88' lang='lat' dir='ltr'><strong>administrasset,</strong></span> <span class='ocrx_word' id='word_1_437' title='bbox 1067 3330 1131 3370; x_wconf 93' lang='lat' dir='ltr'><strong>ac</strong></span> <span class='ocrx_word' id='word_1_438' title='bbox 1181 3317 1519 3384; x_wconf 90' lang='lat' dir='ltr'><strong>dimicasset,</strong></span> <span class='ocrx_word' id='word_1_439' title='bbox 1577 3321 1732 3377; x_wconf 87' lang='lat' dir='ltr'><strong>Basi-</strong></span> 
     </span>
    </p>
   </div>
   <div class='ocr_carea' id='block_1_65' title="bbox 127 3398 1732 3469">
    <p class='ocr_par' dir='ltr' id='par_1_65' title="bbox 127 3398 1732 3469">
     <span class='ocr_line' id='line_1_65' title="bbox 127 3398 1732 3469; baseline 0.012 -20"><span class='ocrx_word' id='word_1_440' title='bbox 127 3398 389 3468; x_wconf 88' lang='lat' dir='ltr'><strong>liumque</strong></span> <span class='ocrx_word' id='word_1_441' title='bbox 453 3399 506 3452; x_wconf 91' lang='lat' dir='ltr'><strong>in</strong></span> <span class='ocrx_word' id='word_1_442' title='bbox 571 3401 768 3457; x_wconf 91' lang='lat' dir='ltr'><strong>throno</strong></span> <span class='ocrx_word' id='word_1_443' title='bbox 801 3403 1141 3469; x_wconf 84' lang='lat' dir='ltr'><strong>collocasset,</strong></span> <span class='ocrx_word' id='word_1_444' title='bbox 1198 3407 1388 3467; x_wconf 75' lang='lat' dir='ltr'><strong>firmus</strong></span> <span class='ocrx_word' id='word_1_445' title='bbox 1438 3427 1502 3466; x_wconf 90' lang='lat' dir='ltr'><strong>ac</strong></span> <span class='ocrx_word' id='word_1_446' title='bbox 1544 3413 1732 3469; x_wconf 86' lang='lat' dir='ltr'><strong>valens</strong></span> 
     </span>
    </p>
   </div>
   <div class='ocr_carea' id='block_1_66' title="bbox 128 3488 1729 3557">
    <p class='ocr_par' dir='ltr' id='par_1_66' title="bbox 128 3488 1729 3557">
     <span class='ocr_line' id='line_1_66' title="bbox 128 3488 1729 3557; baseline 0.012 -19"><span class='ocrx_word' id='word_1_447' title='bbox 128 3488 360 3542; x_wconf 88' lang='lat' dir='ltr'><strong>domum</strong></span> <span class='ocrx_word' id='word_1_448' title='bbox 403 3490 586 3553; x_wconf 88' lang='lat' dir='ltr'><strong>rediit,</strong></span> <span class='ocrx_word' id='word_1_449' title='bbox 615 3493 804 3548; x_wconf 88' lang='lat' dir='ltr'><strong>oculos</strong></span> <span class='ocrx_word' id='word_1_450' title='bbox 848 3508 1066 3550; x_wconf 85' lang='lat' dir='ltr'><strong>erectos</strong></span> <span class='ocrx_word' id='word_1_451' title='bbox 1115 3498 1323 3554; x_wconf 86' lang='lat' dir='ltr'><strong>habens</strong></span> <span class='ocrx_word' id='word_1_452' title='bbox 1378 3516 1406 3554; x_wconf 91' lang='lat' dir='ltr'><strong>a</strong></span> <span class='ocrx_word' id='word_1_453' title='bbox 1473 3517 1729 3557; x_wconf 86' lang='lat' dir='ltr'><strong>manuum</strong></span> 
     </span>
    </p>
   </div>
   <div class='ocr_carea' id='block_1_67' title="bbox 135 3580 1730 3666">
    <p class='ocr_par' dir='ltr' id='par_1_67' title="bbox 135 3580 1730 3666">
     <span class='ocr_line' id='line_1_67' title="bbox 135 3580 1730 3666; baseline 0.012 -36"><span class='ocrx_word' id='word_1_454' title='bbox 135 3580 501 3647; x_wconf 87' lang='lat' dir='ltr'><strong>impositione</strong></span> <span class='ocrx_word' id='word_1_455' title='bbox 547 3591 603 3636; x_wconf 91' lang='lat' dir='ltr'><strong>et</strong></span> <span class='ocrx_word' id='word_1_456' title='bbox 650 3585 924 3650; x_wconf 90' lang='lat' dir='ltr'><strong>unctione,</strong></span> <span class='ocrx_word' id='word_1_457' title='bbox 962 3597 1126 3658; x_wconf 87' lang='lat' dir='ltr'><strong>atque</strong></span> <span class='ocrx_word' id='word_1_458' title='bbox 1151 3589 1314 3645; x_wconf 89' lang='lat' dir='ltr'><strong>etiam</strong></span> <span class='ocrx_word' id='word_1_459' title='bbox 1358 3592 1426 3647; x_wconf 87' lang='lat' dir='ltr'><strong>ab</strong></span> <span class='ocrx_word' id='word_1_460' title='bbox 1461 3593 1606 3649; x_wconf 90' lang='lat' dir='ltr'><strong>illius</strong></span> <span class='ocrx_word' id='word_1_461' title='bbox 1637 3596 1730 3666; x_wconf 92' lang='lat' dir='ltr'><strong>qui</strong></span> 
     </span>
    </p>
   </div>
   <div class='ocr_carea' id='block_1_68' title="bbox 128 3670 998 3742">
    <p class='ocr_par' dir='ltr' id='par_1_68' title="bbox 128 3670 998 3742">
     <span class='ocr_line' id='line_1_68' title="bbox 128 3670 998 3742; baseline 0.014 -21"><span class='ocrx_word' id='word_1_462' title='bbox 128 3670 452 3736; x_wconf 78' lang='lat' dir='ltr'><strong>augebatur</strong></span> <span class='ocrx_word' id='word_1_463' title='bbox 478 3674 656 3742; x_wconf 91' lang='lat' dir='ltr'><strong>capite</strong></span> <span class='ocrx_word' id='word_1_464' title='bbox 688 3671 998 3733; x_wconf 85' lang='lat' dir='ltr'><strong>roboratus.</strong></span> 
     </span>
    </p>
   </div>
   <div class='ocr_carea' id='block_1_69' title="bbox 181 3752 1732 3832">
    <p class='ocr_par' dir='ltr' id='par_1_69' title="bbox 181 3752 1732 3832">
     <span class='ocr_line' id='line_1_69' title="bbox 181 3752 1732 3832; baseline 0.012 -18"><span class='ocrx_word' id='word_1_465' title='bbox 181 3752 293 3814; x_wconf 43' lang='lat' dir='ltr'><strong>&#39;lll.</strong></span> <span class='ocrx_word' id='word_1_466' title='bbox 337 3762 657 3818; x_wconf 83' lang='lat' dir='ltr'><strong>lnvidorum</strong></span> <span class='ocrx_word' id='word_1_467' title='bbox 715 3765 902 3822; x_wconf 89' lang='lat' dir='ltr'><strong>Basilii</strong></span> <span class='ocrx_word' id='word_1_468' title='bbox 952 3770 1150 3826; x_wconf 89' lang='lat' dir='ltr'><strong>mirum</strong></span> <span class='ocrx_word' id='word_1_469' title='bbox 1203 3771 1257 3827; x_wconf 91' lang='lat' dir='ltr'><strong>in</strong></span> <span class='ocrx_word' id='word_1_470' title='bbox 1310 3775 1529 3830; x_wconf 89' lang='lat' dir='ltr'><strong>modum</strong></span> <span class='ocrx_word' id='word_1_471' title='bbox 1579 3774 1732 3832; x_wconf 83' lang='lat' dir='ltr'><strong>furor</strong></span> 
     </span>
    </p>
   </div>
   <div class='ocr_carea' id='block_1_70' title="bbox 127 3855 1731 3924">
    <p class='ocr_par' dir='ltr' id='par_1_70' title="bbox 127 3855 1731 3924">
     <span class='ocr_line' id='line_1_70' title="bbox 127 3855 1731 3924; baseline 0.012 -19"><span class='ocrx_word' id='word_1_472' title='bbox 127 3855 368 3917; x_wconf 80' lang='lat' dir='ltr'><strong>exarsit,</strong></span> <span class='ocrx_word' id='word_1_473' title='bbox 405 3855 497 3908; x_wconf 90' lang='lat' dir='ltr'><strong>ubi</strong></span> <span class='ocrx_word' id='word_1_474' title='bbox 534 3867 762 3914; x_wconf 89' lang='lat' dir='ltr'><strong>conatus</strong></span> <span class='ocrx_word' id='word_1_475' title='bbox 793 3874 920 3914; x_wconf 91' lang='lat' dir='ltr'><strong>suos</strong></span> <span class='ocrx_word' id='word_1_476' title='bbox 977 3862 1029 3916; x_wconf 92' lang='lat' dir='ltr'><strong>in</strong></span> <span class='ocrx_word' id='word_1_477' title='bbox 1086 3875 1306 3918; x_wconf 85' lang='lat' dir='ltr'><strong>ventum</strong></span> <span class='ocrx_word' id='word_1_478' title='bbox 1343 3866 1543 3923; x_wconf 74' lang='lat' dir='ltr'><strong>effusos</strong></span> <span class='ocrx_word' id='word_1_479' title='bbox 1587 3869 1731 3924; x_wconf 86' lang='lat' dir='ltr'><strong>vide-</strong></span> 
     </span>
    </p>
   </div>
   <div class='ocr_carea' id='block_1_71' title="bbox 128 3944 1728 4018">
    <p class='ocr_par' dir='ltr' id='par_1_71' title="bbox 128 3944 1728 4018">
     <span class='ocr_line' id='line_1_71' title="bbox 128 3944 1728 4018; baseline 0.011 -21"><span class='ocrx_word' id='word_1_480' title='bbox 128 3953 259 3998; x_wconf 87' lang='lat' dir='ltr'><strong>runt</strong></span> <span class='ocrx_word' id='word_1_481' title='bbox 294 3961 308 3996; x_wconf 89' lang='lat'><strong>:</strong></span> <span class='ocrx_word' id='word_1_482' title='bbox 346 3944 658 4016; x_wconf 83' lang='lat' dir='ltr'><strong>plagarum,</strong></span> <span class='ocrx_word' id='word_1_483' title='bbox 687 3965 823 4018; x_wconf 84' lang='lat' dir='ltr'><strong>quas</strong></span> <span class='ocrx_word' id='word_1_484' title='bbox 867 3952 972 4006; x_wconf 86' lang='lat' dir='ltr'><strong>sibi</strong></span> <span class='ocrx_word' id='word_1_485' title='bbox 1017 3957 1118 4009; x_wconf 88' lang='lat' dir='ltr'><strong>hac</strong></span> <span class='ocrx_word' id='word_1_486' title='bbox 1160 3955 1429 4013; x_wconf 89' lang='lat' dir='ltr'><strong>electione</strong></span> <span class='ocrx_word' id='word_1_487' title='bbox 1467 3959 1728 4014; x_wconf 88' lang='lat' dir='ltr'><strong>videban-</strong></span> 
     </span>
    </p>
   </div>
   <div class='ocr_carea' id='block_1_72' title="bbox 131 4039 1726 4118">
    <p class='ocr_par' dir='ltr' id='par_1_72' title="bbox 131 4039 1726 4118">
     <span class='ocr_line' id='line_1_72' title="bbox 131 4039 1726 4118; baseline 0.009 -29"><span class='ocrx_word' id='word_1_488' title='bbox 131 4046 221 4089; x_wconf 91' lang='lat' dir='ltr'><strong>tur</strong></span> <span class='ocrx_word' id='word_1_489' title='bbox 249 4039 566 4107; x_wconf 90' lang='lat' dir='ltr'><strong>accepisse,</strong></span> <span class='ocrx_word' id='word_1_490' title='bbox 597 4040 949 4110; x_wconf 87' lang='lat' dir='ltr'><strong>ignominiam</strong></span> <span class='ocrx_word' id='word_1_491' title='bbox 974 4045 1116 4100; x_wconf 86' lang='lat' dir='ltr'><strong>fcrre</strong></span> <span class='ocrx_word' id='word_1_492' title='bbox 1140 4063 1245 4102; x_wconf 92' lang='lat' dir='ltr'><strong>non</strong></span> <span class='ocrx_word' id='word_1_493' title='bbox 1276 4057 1588 4118; x_wconf 87' lang='lat' dir='ltr'><strong>potuerunt.</strong></span> <span class='ocrx_word' id='word_1_494' title='bbox 1620 4051 1726 4106; x_wconf 89' lang='lat' dir='ltr'><strong>lta-</strong></span> 
     </span>
    </p>
   </div>
   <div class='ocr_carea' id='block_1_73' title="bbox 126 4129 1718 4210">
    <p class='ocr_par' dir='ltr' id='par_1_73' title="bbox 126 4129 1718 4210">
     <span class='ocr_line' id='line_1_73' title="bbox 126 4129 1718 4210; baseline 0.013 -32"><span class='ocrx_word' id='word_1_495' title='bbox 126 4143 236 4197; x_wconf 74' lang='lat' dir='ltr'><strong>q-ie</strong></span> <span class='ocrx_word' id='word_1_496' title='bbox 288 4145 400 4183; x_wconf 90' lang='lat' dir='ltr'><strong>non</strong></span> <span class='ocrx_word' id='word_1_497' title='bbox 435 4129 611 4184; x_wconf 89' lang='lat' dir='ltr'><strong>solum</strong></span> <span class='ocrx_word' id='word_1_498' title='bbox 644 4135 908 4190; x_wconf 90' lang='lat' dir='ltr'><strong>conviciis</strong></span> <span class='ocrx_word' id='word_1_499' title='bbox 957 4136 1278 4206; x_wconf 79' lang='lat' dir='ltr'><strong>Gregorium</strong></span> <span class='ocrx_word' id='word_1_500' title='bbox 1312 4143 1623 4210; x_wconf 90' lang='lat' dir='ltr'><strong>episcopum</strong></span> <span class='ocrx_word' id='word_1_501' title='bbox 1662 4156 1718 4198; x_wconf 90' lang='lat' dir='ltr'><strong>et</strong></span> 
     </span>
    </p>
   </div>
   <div class='ocr_carea' id='block_1_74' title="bbox 125 4223 1732 4291">
    <p class='ocr_par' dir='ltr' id='par_1_74' title="bbox 125 4223 1732 4291">
     <span class='ocr_line' id='line_1_74' title="bbox 125 4223 1732 4291; baseline 0.009 -18"><span class='ocrx_word' id='word_1_502' title='bbox 125 4223 448 4278; x_wconf 83' lang='lat' dir='ltr'><strong>maledictis</strong></span> <span class='ocrx_word' id='word_1_503' title='bbox 474 4238 844 4291; x_wconf 76' lang='lat' dir='ltr'><strong>vexaverunt,</strong></span> <span class='ocrx_word' id='word_1_504' title='bbox 882 4229 976 4282; x_wconf 90' lang='lat' dir='ltr'><strong>sed</strong></span> <span class='ocrx_word' id='word_1_505' title='bbox 1009 4231 1172 4283; x_wconf 89' lang='lat' dir='ltr'><strong>etiam</strong></span> <span class='ocrx_word' id='word_1_506' title='bbox 1202 4232 1530 4288; x_wconf 85' lang='lat' dir='ltr'><strong>ordinatioui</strong></span> <span class='ocrx_word' id='word_1_507' title='bbox 1565 4235 1732 4290; x_wconf 91' lang='lat' dir='ltr'><strong>inter-</strong></span> 
     </span>
    </p>
   </div>
   <div class='ocr_carea' id='block_1_75' title="bbox 122 4313 1730 4380">
    <p class='ocr_par' dir='ltr' id='par_1_75' title="bbox 122 4313 1730 4380">
     <span class='ocr_line' id='line_1_75' title="bbox 122 4313 1730 4380; baseline 0.009 -14"><span class='ocrx_word' id='word_1_508' title='bbox 122 4329 274 4376; x_wconf 87' lang='lat' dir='ltr'><strong>esse,</strong></span> <span class='ocrx_word' id='word_1_509' title='bbox 319 4324 537 4367; x_wconf 90' lang='lat' dir='ltr'><strong>etcum</strong></span> <span class='ocrx_word' id='word_1_510' title='bbox 582 4313 781 4369; x_wconf 88' lang='lat' dir='ltr'><strong>Basilio</strong></span> <span class='ocrx_word' id='word_1_511' title='bbox 826 4319 1235 4374; x_wconf 85' lang='lat' dir='ltr'><strong>communicare</strong></span> <span class='ocrx_word' id='word_1_512' title='bbox 1287 4323 1596 4378; x_wconf 91' lang='lat' dir='ltr'><strong>noluerunt.</strong></span> <span class='ocrx_word' id='word_1_513' title='bbox 1655 4325 1730 4380; x_wconf 88' lang='lat' dir='ltr'><strong>De</strong></span> 
     </span>
    </p>
   </div>
   <div class='ocr_carea' id='block_1_76' title="bbox 123 4404 1732 4484">
    <p class='ocr_par' dir='ltr' id='par_1_76' title="bbox 123 4404 1732 4484">
     <span class='ocr_line' id='line_1_76' title="bbox 123 4404 1732 4484; baseline 0.007 -27"><span class='ocrx_word' id='word_1_514' title='bbox 123 4405 297 4459; x_wconf 82' lang='lat' dir='ltr'><strong>factis</strong></span> <span class='ocrx_word' id='word_1_515' title='bbox 340 4404 488 4473; x_wconf 90' lang='lat' dir='ltr'><strong>patri</strong></span> <span class='ocrx_word' id='word_1_516' title='bbox 534 4406 796 4461; x_wconf 90' lang='lat' dir='ltr'><strong>conviciis</strong></span> <span class='ocrx_word' id='word_1_517' title='bbox 841 4423 949 4461; x_wconf 88' lang='lat' dir='ltr'><strong>non</strong></span> <span class='ocrx_word' id='word_1_518' title='bbox 988 4409 1430 4480; x_wconf 88' lang='lat' dir='ltr'><strong>siletGregorius</strong></span> <span class='ocrx_word' id='word_1_519' title='bbox 1457 4413 1558 4484; x_wconf 79' lang='grc' dir='ltr'><strong>(ά),</strong></span> <span class='ocrx_word' id='word_1_520' title='bbox 1600 4415 1732 4470; x_wconf 84' lang='lat' dir='ltr'><strong>alte-</strong></span> 
     </span>
    </p>
   </div>
   <div class='ocr_carea' id='block_1_77' title="bbox 1844 3303 3420 3373">
    <p class='ocr_par' dir='ltr' id='par_1_77' title="bbox 1844 3303 3420 3373">
     <span class='ocr_line' id='line_1_77' title="bbox 1844 3303 3420 3373; baseline -0.006 -9"><span class='ocrx_word' id='word_1_521' title='bbox 1844 3311 2028 3365; x_wconf 87' lang='lat' dir='ltr'><strong>Basilii</strong></span> <span class='ocrx_word' id='word_1_522' title='bbox 2057 3319 2284 3363; x_wconf 88' lang='lat' dir='ltr'><strong>mortem</strong></span> <span class='ocrx_word' id='word_1_523' title='bbox 2318 3309 2617 3373; x_wconf 85' lang='lat' dir='ltr'><strong>mensibus,</strong></span> <span class='ocrx_word' id='word_1_524' title='bbox 2664 3306 2955 3361; x_wconf 85' lang='lat' dir='ltr'><strong>concilium</strong></span> <span class='ocrx_word' id='word_1_525' title='bbox 2985 3303 3290 3363; x_wconf 75' lang='lat' dir='ltr'><strong>Antiochiae</strong></span> <span class='ocrx_word' id='word_1_526' title='bbox 3325 3303 3420 3356; x_wconf 84' lang='lat' dir='ltr'><strong>ha-</strong></span> 
     </span>
    </p>
   </div>
   <div class='ocr_carea' id='block_1_78' title="bbox 1835 3393 3420 3468">
    <p class='ocr_par' dir='ltr' id='par_1_78' title="bbox 1835 3393 3420 3468">
     <span class='ocr_line' id='line_1_78' title="bbox 1835 3393 3420 3468; baseline -0.007 -10"><span class='ocrx_word' id='word_1_527' title='bbox 1835 3404 2008 3458; x_wconf 91' lang='lat' dir='ltr'><strong>bitum</strong></span> <span class='ocrx_word' id='word_1_528' title='bbox 2057 3402 2244 3465; x_wconf 84' lang='lat' dir='ltr'><strong>fuisse,</strong></span> <span class='ocrx_word' id='word_1_529' title='bbox 2284 3402 2473 3455; x_wconf 86' lang='lat' dir='ltr'><strong>sedata</strong></span> <span class='ocrx_word' id='word_1_530' title='bbox 2519 3399 2917 3468; x_wconf 87' lang='lat' dir='ltr'><strong>persecutione.</strong></span> <span class='ocrx_word' id='word_1_531' title='bbox 2951 3395 3130 3463; x_wconf 88' lang='lat' dir='ltr'><strong>Quare</strong></span> <span class='ocrx_word' id='word_1_532' title='bbox 3160 3411 3282 3449; x_wconf 93' lang='lat' dir='ltr'><strong>cum</strong></span> <span class='ocrx_word' id='word_1_533' title='bbox 3314 3393 3420 3448; x_wconf 86' lang='lat' dir='ltr'><strong>Ba-</strong></span> 
     </span>
    </p>
   </div>
   <div class='ocr_carea' id='block_1_79' title="bbox 1841 3484 3420 3558">
    <p class='ocr_par' dir='ltr' id='par_1_79' title="bbox 1841 3484 3420 3558">
     <span class='ocr_line' id='line_1_79' title="bbox 1841 3484 3420 3558; baseline -0.008 -8"><span class='ocrx_word' id='word_1_534' title='bbox 1841 3495 1998 3550; x_wconf 86' lang='lat' dir='ltr'><strong>silius</strong></span> <span class='ocrx_word' id='word_1_535' title='bbox 2044 3494 2240 3548; x_wconf 90' lang='lat' dir='ltr'><strong>obierit</strong></span> <span class='ocrx_word' id='word_1_536' title='bbox 2277 3493 2532 3546; x_wconf 75' lang='lat' dir='ltr'><strong>Calendis</strong></span> <span class='ocrx_word' id='word_1_537' title='bbox 2561 3489 2828 3554; x_wconf 83' lang='lat' dir='ltr'><strong>Januarii,</strong></span> <span class='ocrx_word' id='word_1_538' title='bbox 2873 3489 2925 3543; x_wconf 92' lang='lat' dir='ltr'><strong>id</strong></span> <span class='ocrx_word' id='word_1_539' title='bbox 2958 3488 3103 3558; x_wconf 92' lang='lat' dir='ltr'><strong>quod</strong></span> <span class='ocrx_word' id='word_1_540' title='bbox 3137 3501 3166 3540; x_wconf 90' lang='lat' dir='ltr'><strong>a</strong></span> <span class='ocrx_word' id='word_1_541' title='bbox 3205 3484 3420 3540; x_wconf 91' lang='lat' dir='ltr'><strong>nemine</strong></span> 
     </span>
    </p>
   </div>
   <div class='ocr_carea' id='block_1_80' title="bbox 1840 3578 3420 3654">
    <p class='ocr_par' dir='ltr' id='par_1_80' title="bbox 1840 3578 3420 3654">
     <span class='ocr_line' id='line_1_80' title="bbox 1840 3578 3420 3654; baseline -0.007 -16"><span class='ocrx_word' id='word_1_542' title='bbox 1840 3593 2087 3654; x_wconf 79' lang='lat' dir='ltr'><strong>negatur,</strong></span> <span class='ocrx_word' id='word_1_543' title='bbox 2118 3598 2182 3635; x_wconf 88' lang='lat' dir='ltr'><strong>ac</strong></span> <span class='ocrx_word' id='word_1_544' title='bbox 2208 3581 2435 3649; x_wconf 58' lang='lat' dir='ltr'><strong>proinde</strong></span> <span class='ocrx_word' id='word_1_545' title='bbox 2454 3581 2555 3634; x_wconf 91' lang='lat' dir='ltr'><strong>hoc</strong></span> <span class='ocrx_word' id='word_1_546' title='bbox 2581 3579 2897 3642; x_wconf 89' lang='lat' dir='ltr'><strong>concilium,</strong></span> <span class='ocrx_word' id='word_1_547' title='bbox 2933 3578 3076 3646; x_wconf 92' lang='lat' dir='ltr'><strong>quod</strong></span> <span class='ocrx_word' id='word_1_548' title='bbox 3101 3591 3293 3631; x_wconf 86' lang='lat' dir='ltr'><strong>novem</strong></span> <span class='ocrx_word' id='word_1_549' title='bbox 3322 3582 3420 3628; x_wconf 83' lang='lat' dir='ltr'><strong>aut</strong></span> 
     </span>
    </p>
   </div>
   <div class='ocr_carea' id='block_1_81' title="bbox 1836 3669 3418 3740">
    <p class='ocr_par' dir='ltr' id='par_1_81' title="bbox 1836 3669 3418 3740">
     <span class='ocr_line' id='line_1_81' title="bbox 1836 3669 3418 3740; baseline -0.005 -12"><span class='ocrx_word' id='word_1_550' title='bbox 1836 3675 2020 3729; x_wconf 79' lang='lat' dir='ltr'><strong>decem</strong></span> <span class='ocrx_word' id='word_1_551' title='bbox 2049 3673 2325 3728; x_wconf 84' lang='lat' dir='ltr'><strong>mensibus</strong></span> <span class='ocrx_word' id='word_1_552' title='bbox 2357 3684 2475 3740; x_wconf 78' lang='lat' dir='ltr'><strong>p03t</strong></span> <span class='ocrx_word' id='word_1_553' title='bbox 2498 3674 2616 3739; x_wconf 85' lang='lat' dir='ltr'><strong>ejus</strong></span> <span class='ocrx_word' id='word_1_554' title='bbox 2650 3681 2877 3725; x_wconf 82' lang='lat' dir='ltr'><strong>mortem</strong></span> <span class='ocrx_word' id='word_1_555' title='bbox 2904 3669 3146 3724; x_wconf 89' lang='lat' dir='ltr'><strong>habitum</strong></span> <span class='ocrx_word' id='word_1_556' title='bbox 3177 3677 3280 3732; x_wconf 85' lang='lat' dir='ltr'><strong>est,</strong></span> <span class='ocrx_word' id='word_1_557' title='bbox 3309 3683 3418 3721; x_wconf 89' lang='lat' dir='ltr'><strong>non</strong></span> 
     </span>
    </p>
   </div>
   <div class='ocr_carea' id='block_1_82' title="bbox 1836 3759 3416 3838">
    <p class='ocr_par' dir='ltr' id='par_1_82' title="bbox 1836 3759 3416 3838">
     <span class='ocr_line' id='line_1_82' title="bbox 1836 3759 3416 3838; baseline -0.005 -16"><span class='ocrx_word' id='word_1_558' title='bbox 1836 3769 2076 3838; x_wconf 86' lang='lat' dir='ltr'><strong>potuerit</strong></span> <span class='ocrx_word' id='word_1_559' title='bbox 2126 3767 2228 3820; x_wconf 90' lang='lat' dir='ltr'><strong>nisi</strong></span> <span class='ocrx_word' id='word_1_560' title='bbox 2281 3765 2585 3834; x_wconf 90' lang='lat' dir='ltr'><strong>Septembri</strong></span> <span class='ocrx_word' id='word_1_561' title='bbox 2637 3772 2729 3817; x_wconf 90' lang='lat' dir='ltr'><strong>aut</strong></span> <span class='ocrx_word' id='word_1_562' title='bbox 2777 3762 2998 3816; x_wconf 91' lang='lat' dir='ltr'><strong>Octobri</strong></span> <span class='ocrx_word' id='word_1_563' title='bbox 3056 3774 3243 3817; x_wconf 81' lang='lat' dir='ltr'><strong>mense</strong></span> <span class='ocrx_word' id='word_1_564' title='bbox 3268 3759 3416 3814; x_wconf 80' lang='lat' dir='ltr'><strong>cele-</strong></span> 
     </span>
    </p>
   </div>
   <div class='ocr_carea' id='block_1_83' title="bbox 1834 3853 3420 3927">
    <p class='ocr_par' dir='ltr' id='par_1_83' title="bbox 1834 3853 3420 3927">
     <span class='ocr_line' id='line_1_83' title="bbox 1834 3853 3420 3927; baseline -0.007 -12"><span class='ocrx_word' id='word_1_565' title='bbox 1834 3860 2014 3927; x_wconf 89' lang='lat' dir='ltr'><strong>brari;</strong></span> <span class='ocrx_word' id='word_1_566' title='bbox 2058 3868 2115 3912; x_wconf 92' lang='lat' dir='ltr'><strong>ut</strong></span> <span class='ocrx_word' id='word_1_567' title='bbox 2147 3858 2214 3914; x_wconf 91' lang='lat' dir='ltr'><strong>de</strong></span> <span class='ocrx_word' id='word_1_568' title='bbox 2247 3856 2502 3922; x_wconf 89' lang='lat' dir='ltr'><strong>concilio,</strong></span> <span class='ocrx_word' id='word_1_569' title='bbox 2548 3856 2623 3911; x_wconf 83' lang='lat' dir='ltr'><strong>ita</strong></span> <span class='ocrx_word' id='word_1_570' title='bbox 2661 3856 2727 3910; x_wconf 91' lang='lat' dir='ltr'><strong>de</strong></span> <span class='ocrx_word' id='word_1_571' title='bbox 2769 3853 2952 3909; x_wconf 90' lang='lat' dir='ltr'><strong>Basilii</strong></span> <span class='ocrx_word' id='word_1_572' title='bbox 2988 3853 3336 3908; x_wconf 85' lang='lat' dir='ltr'><strong>ordinatione</strong></span> <span class='ocrx_word' id='word_1_573' title='bbox 3361 3859 3420 3907; x_wconf 89' lang='lat' dir='ltr'><strong>et</strong></span> 
     </span>
    </p>
   </div>
   <div class='ocr_carea' id='block_1_84' title="bbox 1835 3945 3413 4006">
    <p class='ocr_par' dir='ltr' id='par_1_84' title="bbox 1835 3945 3413 4006">
     <span class='ocr_line' id='line_1_84' title="bbox 1835 3945 3413 4006; baseline -0.005 -1"><span class='ocrx_word' id='word_1_574' title='bbox 1835 3961 2010 4005; x_wconf 89' lang='lat' dir='ltr'><strong>morte</strong></span> <span class='ocrx_word' id='word_1_575' title='bbox 2038 3959 2357 4006; x_wconf 87' lang='lat' dir='ltr'><strong>statuemus.</strong></span> <span class='ocrx_word' id='word_1_576' title='bbox 2381 3949 2440 4004; x_wconf 88' lang='lat' dir='ltr'><strong>Si</strong></span> <span class='ocrx_word' id='word_1_577' title='bbox 2463 3948 2751 4003; x_wconf 90' lang='lat' dir='ltr'><strong>concilium</strong></span> <span class='ocrx_word' id='word_1_578' title='bbox 2790 3947 3092 4001; x_wconf 85' lang='lat' dir='ltr'><strong>referamus</strong></span> <span class='ocrx_word' id='word_1_579' title='bbox 3116 3945 3180 4000; x_wconf 90' lang='lat' dir='ltr'><strong>ad</strong></span> <span class='ocrx_word' id='word_1_580' title='bbox 3210 3960 3413 3999; x_wconf 89' lang='lat' dir='ltr'><strong>annum</strong></span> 
     </span>
    </p>
   </div>
   <div class='ocr_carea' id='block_1_85' title="bbox 1841 4036 3416 4114">
    <p class='ocr_par' dir='ltr' id='par_1_85' title="bbox 1841 4036 3416 4114">
     <span class='ocr_line' id='line_1_85' title="bbox 1841 4036 3416 4114; baseline -0.005 -15"><span class='ocrx_word' id='word_1_581' title='bbox 1841 4044 1968 4112; x_wconf 86' lang='grc'>578,</span> <span class='ocrx_word' id='word_1_582' title='bbox 1999 4045 2159 4114; x_wconf 89' lang='lat' dir='ltr'><strong>paulo</strong></span> <span class='ocrx_word' id='word_1_583' title='bbox 2197 4053 2316 4114; x_wconf 89' lang='lat' dir='ltr'><strong>post</strong></span> <span class='ocrx_word' id='word_1_584' title='bbox 2346 4051 2578 4097; x_wconf 89' lang='lat' dir='ltr'><strong>mortem</strong></span> <span class='ocrx_word' id='word_1_585' title='bbox 2610 4039 2854 4094; x_wconf 82' lang='lat' dir='ltr'><strong>Valentis</strong></span> <span class='ocrx_word' id='word_1_586' title='bbox 2883 4039 2973 4107; x_wconf 91' lang='lat' dir='ltr'><strong>qui</strong></span> <span class='ocrx_word' id='word_1_587' title='bbox 3014 4038 3100 4092; x_wconf 92' lang='lat' dir='ltr'><strong>die</strong></span> <span class='ocrx_word' id='word_1_588' title='bbox 3126 4038 3158 4093; x_wconf 89' lang='lat'><strong>9</strong></span> <span class='ocrx_word' id='word_1_589' title='bbox 3186 4036 3416 4106; x_wconf 86' lang='lat' dir='ltr'><strong>Augusti</strong></span> 
     </span>
    </p>
   </div>
   <div class='ocr_carea' id='block_1_86' title="bbox 1834 4129 3416 4207">
    <p class='ocr_par' dir='ltr' id='par_1_86' title="bbox 1834 4129 3416 4207">
     <span class='ocr_line' id='line_1_86' title="bbox 1834 4129 3416 4207; baseline -0.006 -15"><span class='ocrx_word' id='word_1_590' title='bbox 1834 4138 2034 4207; x_wconf 88' lang='lat' dir='ltr'><strong>periit;</strong></span> <span class='ocrx_word' id='word_1_591' title='bbox 2069 4151 2216 4190; x_wconf 87' lang='lat' dir='ltr'><strong>mors</strong></span> <span class='ocrx_word' id='word_1_592' title='bbox 2247 4133 2434 4189; x_wconf 87' lang='lat' dir='ltr'><strong>Basilii</strong></span> <span class='ocrx_word' id='word_1_593' title='bbox 2475 4134 2538 4188; x_wconf 92' lang='lat' dir='ltr'><strong>ad</strong></span> <span class='ocrx_word' id='word_1_594' title='bbox 2571 4133 2696 4186; x_wconf 89' lang='lat' dir='ltr'><strong>anni</strong></span> <span class='ocrx_word' id='word_1_595' title='bbox 2729 4131 2837 4186; x_wconf 85' lang='grc'>578</span> <span class='ocrx_word' id='word_1_596' title='bbox 2864 4131 3103 4195; x_wconf 90' lang='lat' dir='ltr'><strong>initium,</strong></span> <span class='ocrx_word' id='word_1_597' title='bbox 3138 4129 3416 4184; x_wconf 89' lang='lat' dir='ltr'><strong>ordinatio</strong></span> 
     </span>
    </p>
   </div>
   <div class='ocr_carea' id='block_1_87' title="bbox 1837 4219 3418 4285">
    <p class='ocr_par' dir='ltr' id='par_1_87' title="bbox 1837 4219 3418 4285">
     <span class='ocr_line' id='line_1_87' title="bbox 1837 4219 3418 4285; baseline -0.008 0"><span class='ocrx_word' id='word_1_598' title='bbox 1837 4231 1905 4285; x_wconf 89' lang='lat' dir='ltr'><strong>ad</strong></span> <span class='ocrx_word' id='word_1_599' title='bbox 1945 4246 2149 4285; x_wconf 89' lang='lat' dir='ltr'><strong>annum</strong></span> <span class='ocrx_word' id='word_1_600' title='bbox 2201 4227 2309 4284; x_wconf 86' lang='grc'><strong>569</strong></span> <span class='ocrx_word' id='word_1_601' title='bbox 2343 4225 2650 4282; x_wconf 88' lang='lat' dir='ltr'><strong>referenda.</strong></span> <span class='ocrx_word' id='word_1_602' title='bbox 2709 4223 2768 4280; x_wconf 94' lang='lat' dir='ltr'><strong>Si</strong></span> <span class='ocrx_word' id='word_1_603' title='bbox 2809 4223 3099 4278; x_wconf 90' lang='lat' dir='ltr'><strong>concilium</strong></span> <span class='ocrx_word' id='word_1_604' title='bbox 3138 4219 3418 4276; x_wconf 79' lang='lat' dir='ltr'><strong>differatur</strong></span> 
     </span>
    </p>
   </div>
   <div class='ocr_carea' id='block_1_88' title="bbox 1838 4313 3414 4386">
    <p class='ocr_par' dir='ltr' id='par_1_88' title="bbox 1838 4313 3414 4386">
     <span class='ocr_line' id='line_1_88' title="bbox 1838 4313 3414 4386; baseline -0.008 -8"><span class='ocrx_word' id='word_1_605' title='bbox 1838 4325 1906 4378; x_wconf 90' lang='lat' dir='ltr'><strong>ad</strong></span> <span class='ocrx_word' id='word_1_606' title='bbox 1941 4339 2141 4377; x_wconf 91' lang='lat' dir='ltr'><strong>annum</strong></span> <span class='ocrx_word' id='word_1_607' title='bbox 2170 4321 2297 4386; x_wconf 85' lang='grc'>579,</span> <span class='ocrx_word' id='word_1_608' title='bbox 2333 4320 2602 4374; x_wconf 88' lang='lat' dir='ltr'><strong>ordinatio</strong></span> <span class='ocrx_word' id='word_1_609' title='bbox 2656 4329 2710 4373; x_wconf 92' lang='lat' dir='ltr'><strong>ct</strong></span> <span class='ocrx_word' id='word_1_610' title='bbox 2759 4332 2908 4370; x_wconf 88' lang='lat' dir='ltr'><strong>mors</strong></span> <span class='ocrx_word' id='word_1_611' title='bbox 2961 4313 3146 4369; x_wconf 85' lang='lat' dir='ltr'><strong>Basilii</strong></span> <span class='ocrx_word' id='word_1_612' title='bbox 3207 4313 3414 4383; x_wconf 87' lang='lat' dir='ltr'><strong>pariter</strong></span> 
     </span>
    </p>
   </div>
   <div class='ocr_carea' id='block_1_89' title="bbox 1835 4403 3418 4478">
    <p class='ocr_par' dir='ltr' id='par_1_89' title="bbox 1835 4403 3418 4478">
     <span class='ocr_line' id='line_1_89' title="bbox 1835 4403 3418 4478; baseline -0.008 -9"><span class='ocrx_word' id='word_1_613' title='bbox 1835 4431 1945 4471; x_wconf 92' lang='lat' dir='ltr'><strong>uno</strong></span> <span class='ocrx_word' id='word_1_614' title='bbox 1976 4431 2118 4468; x_wconf 89' lang='lat' dir='ltr'><strong>anno</strong></span> <span class='ocrx_word' id='word_1_615' title='bbox 2145 4414 2320 4468; x_wconf 90' lang='lat' dir='ltr'><strong>serius</strong></span> <span class='ocrx_word' id='word_1_616' title='bbox 2347 4411 2698 4466; x_wconf 65' lang='lat' dir='ltr'><strong>collocandae.</strong></span> <span class='ocrx_word' id='word_1_617' title='bbox 2730 4409 2880 4478; x_wconf 87' lang='lat' dir='ltr'><strong>Quod</strong></span> <span class='ocrx_word' id='word_1_618' title='bbox 2906 4415 3111 4477; x_wconf 85' lang='lat' dir='ltr'><strong>spectat</strong></span> <span class='ocrx_word' id='word_1_619' title='bbox 3132 4407 3198 4458; x_wconf 82' lang='lat' dir='ltr'><strong>ad</strong></span> <span class='ocrx_word' id='word_1_620' title='bbox 3233 4403 3418 4459; x_wconf 93' lang='lat' dir='ltr'><strong>conci-</strong></span> 
     </span>
    </p>
   </div>
   <div class='ocr_carea' id='block_1_90' title="bbox 125 4497 3416 4592">
    <p class='ocr_par' dir='ltr' id='par_1_90' title="bbox 125 4497 3416 4592">
     <span class='ocr_line' id='line_1_90' title="bbox 125 4497 3416 4592; baseline 0 -42"><span class='ocrx_word' id='word_1_621' title='bbox 125 4514 253 4551; x_wconf 87' lang='lat' dir='ltr'><strong>rum</strong></span> <span class='ocrx_word' id='word_1_622' title='bbox 289 4507 478 4550; x_wconf 91' lang='lat' dir='ltr'><strong>autem</strong></span> <span class='ocrx_word' id='word_1_623' title='bbox 511 4497 723 4552; x_wconf 84' lang='lat' dir='ltr'><strong>facinus</strong></span> <span class='ocrx_word' id='word_1_624' title='bbox 756 4503 1140 4567; x_wconf 66' lang='lat' dir='ltr'><strong>praetermittit.</strong></span> <span class='ocrx_word' id='word_1_625' title='bbox 1179 4503 1285 4558; x_wconf 88' lang='lat' dir='ltr'><strong>Sed</strong></span> <span class='ocrx_word' id='word_1_626' title='bbox 1313 4506 1437 4559; x_wconf 91' lang='lat' dir='ltr'><strong>illud</strong></span> <span class='ocrx_word' id='word_1_627' title='bbox 1484 4523 1589 4561; x_wconf 89' lang='lat' dir='ltr'><strong>non</strong></span> <span class='ocrx_word' id='word_1_628' title='bbox 1625 4509 1724 4563; x_wconf 87' lang='lat' dir='ltr'><strong>ob—</strong></span> <span class='ocrx_word' id='word_1_629' title='bbox 1759 4537 1805 4592; x_wconf 72' lang='grc' dir='ltr'><strong>υ</strong></span> <span class='ocrx_word' id='word_1_630' title='bbox 1839 4508 2006 4572; x_wconf 90' lang='lat' dir='ltr'><strong>lium,</strong></span> <span class='ocrx_word' id='word_1_631' title='bbox 2053 4505 2270 4576; x_wconf 89' lang='lat' dir='ltr'><strong>egregie</strong></span> <span class='ocrx_word' id='word_1_632' title='bbox 2321 4507 2516 4575; x_wconf 89' lang='lat' dir='ltr'><strong>probat</strong></span> <span class='ocrx_word' id='word_1_633' title='bbox 2561 4504 2936 4578; x_wconf 75' lang='lat' dir='ltr'><strong>Tilleinontius</strong></span> <span class='ocrx_word' id='word_1_634' title='bbox 2981 4503 3262 4570; x_wconf 85' lang='lat' dir='ltr'><strong>episcopos</strong></span> <span class='ocrx_word' id='word_1_635' title='bbox 3311 4497 3416 4552; x_wconf 70' lang='grc'><strong>146</strong></span> 
     </span>
    </p>
   </div>
   <div class='ocr_carea' id='block_1_91' title="bbox 123 4590 1728 4662">
    <p class='ocr_par' dir='ltr' id='par_1_91' title="bbox 123 4590 1728 4662">
     <span class='ocr_line' id='line_1_91' title="bbox 123 4590 1728 4662; baseline 0.006 -17"><span class='ocrx_word' id='word_1_636' title='bbox 123 4606 291 4645; x_wconf 87' lang='lat' dir='ltr'><strong>scure</strong></span> <span class='ocrx_word' id='word_1_637' title='bbox 315 4590 680 4659; x_wconf 86' lang='lat' dir='ltr'><strong>perspicimus</strong></span> <span class='ocrx_word' id='word_1_638' title='bbox 719 4607 784 4646; x_wconf 77' lang='lat' dir='ltr'><strong>ex</strong></span> <span class='ocrx_word' id='word_1_639' title='bbox 819 4609 905 4662; x_wconf 88' lang='lat' dir='ltr'><strong>ep.</strong></span> <span class='ocrx_word' id='word_1_640' title='bbox 934 4593 1005 4646; x_wconf 77' lang='grc'><strong>48</strong></span> <span class='ocrx_word' id='word_1_641' title='bbox 1044 4596 1111 4649; x_wconf 91' lang='lat' dir='ltr'><strong>ad</strong></span> <span class='ocrx_word' id='word_1_642' title='bbox 1145 4594 1434 4650; x_wconf 88' lang='lat' dir='ltr'><strong>Eusebium</strong></span> <span class='ocrx_word' id='word_1_643' title='bbox 1473 4597 1728 4655; x_wconf 85' lang='lat' dir='ltr'><strong>Samosa-</strong></span> 
     </span>
    </p>
   </div>
   <div class='ocr_carea' id='block_1_92' title="bbox 126 4682 1725 4761">
    <p class='ocr_par' dir='ltr' id='par_1_92' title="bbox 126 4682 1725 4761">
     <span class='ocr_line' id='line_1_92' title="bbox 126 4682 1725 4761; baseline 0.006 -23"><span class='ocrx_word' id='word_1_644' title='bbox 126 4694 320 4738; x_wconf 87' lang='lat' dir='ltr'><strong>tenum</strong></span> <span class='ocrx_word' id='word_1_645' title='bbox 357 4683 453 4736; x_wconf 92' lang='lat' dir='ltr'><strong>ubi</strong></span> <span class='ocrx_word' id='word_1_646' title='bbox 506 4682 740 4737; x_wconf 89' lang='lat' dir='ltr'><strong>Basilius</strong></span> <span class='ocrx_word' id='word_1_647' title='bbox 764 4685 844 4739; x_wconf 90' lang='lat' dir='ltr'><strong>sic</strong></span> <span class='ocrx_word' id='word_1_648' title='bbox 874 4686 1108 4756; x_wconf 86' lang='lat' dir='ltr'><strong>loquitur</strong></span> <span class='ocrx_word' id='word_1_649' title='bbox 1140 4707 1153 4740; x_wconf 88' lang='lat'><strong>:</strong></span> <span class='ocrx_word' id='word_1_650' title='bbox 1189 4687 1378 4743; x_wconf 81' lang='lat' dir='ltr'><strong>Nostri</strong></span> <span class='ocrx_word' id='word_1_651' title='bbox 1417 4701 1592 4745; x_wconf 88' lang='lat' dir='ltr'><strong>autem</strong></span> <span class='ocrx_word' id='word_1_652' title='bbox 1638 4709 1725 4761; x_wconf 88' lang='lat' dir='ltr'><strong>spe</strong></span> 
     </span>
    </p>
   </div>
   <div class='ocr_carea' id='block_1_93' title="bbox 123 4776 1726 4850">
    <p class='ocr_par' dir='ltr' id='par_1_93' title="bbox 123 4776 1726 4850">
     <span class='ocr_line' id='line_1_93' title="bbox 123 4776 1726 4850; baseline 0.007 -23"><span class='ocrx_word' id='word_1_653' title='bbox 123 4786 174 4828; x_wconf 83' lang='lat' dir='ltr'><strong>et</strong></span> <span class='ocrx_word' id='word_1_654' title='bbox 205 4776 616 4842; x_wconf 67' lang='lat' dir='ltr'><strong>exspectatione</strong></span> <span class='ocrx_word' id='word_1_655' title='bbox 663 4795 765 4831; x_wconf 83' lang='lat' dir='ltr'><strong>non</strong></span> <span class='ocrx_word' id='word_1_656' title='bbox 813 4780 1057 4834; x_wconf 76' lang='lat' dir='ltr'><strong>exstitere</strong></span> <span class='ocrx_word' id='word_1_657' title='bbox 1107 4783 1366 4837; x_wconf 77' lang='lat' dir='ltr'><strong>meliores.</strong></span> <span class='ocrx_word' id='word_1_658' title='bbox 1412 4783 1576 4850; x_wconf 86' lang='lat' dir='ltr'><strong>Nam,</strong></span> <span class='ocrx_word' id='word_1_659' title='bbox 1607 4803 1726 4839; x_wconf 86' lang='lat' dir='ltr'><strong>cum</strong></span> 
     </span>
    </p>
   </div>
   <div class='ocr_carea' id='block_1_94' title="bbox 124 4870 1728 4947">
    <p class='ocr_par' dir='ltr' id='par_1_94' title="bbox 124 4870 1728 4947">
     <span class='ocr_line' id='line_1_94' title="bbox 124 4870 1728 4947; baseline 0.007 -27"><span class='ocrx_word' id='word_1_660' title='bbox 124 4870 316 4921; x_wconf 86' lang='lat' dir='ltr'><strong>statim</strong></span> <span class='ocrx_word' id='word_1_661' title='bbox 345 4877 465 4934; x_wconf 87' lang='lat' dir='ltr'><strong>post</strong></span> <span class='ocrx_word' id='word_1_662' title='bbox 506 4884 769 4936; x_wconf 74' lang='lat' dir='ltr'><strong>egressura</strong></span> <span class='ocrx_word' id='word_1_663' title='bbox 802 4880 946 4923; x_wconf 88' lang='lat' dir='ltr'><strong>tuum</strong></span> <span class='ocrx_word' id='word_1_664' title='bbox 993 4873 1345 4940; x_wconf 82' lang='lat' dir='ltr'><strong>advenissent,</strong></span> <span class='ocrx_word' id='word_1_665' title='bbox 1390 4877 1560 4932; x_wconf 88' lang='lat' dir='ltr'><strong>multa</strong></span> <span class='ocrx_word' id='word_1_666' title='bbox 1610 4879 1728 4947; x_wconf 87' lang='lat' dir='ltr'><strong>qui-</strong></span> 
     </span>
    </p>
   </div>
   <div class='ocr_carea' id='block_1_95' title="bbox 125 4957 1726 5032">
    <p class='ocr_par' dir='ltr' id='par_1_95' title="bbox 125 4957 1726 5032">
     <span class='ocr_line' id='line_1_95' title="bbox 125 4957 1726 5032; baseline 0.009 -25"><span class='ocrx_word' id='word_1_667' title='bbox 125 4959 250 5009; x_wconf 85' lang='lat' dir='ltr'><strong>dem</strong></span> <span class='ocrx_word' id='word_1_668' title='bbox 307 4957 489 5009; x_wconf 86' lang='lat' dir='ltr'><strong>tristia</strong></span> <span class='ocrx_word' id='word_1_669' title='bbox 534 4957 731 5022; x_wconf 73' lang='lat' dir='ltr'><strong>dixere,</strong></span> <span class='ocrx_word' id='word_1_670' title='bbox 781 4961 948 5012; x_wconf 88' lang='lat' dir='ltr'><strong>multa</strong></span> <span class='ocrx_word' id='word_1_671' title='bbox 986 4964 1146 5016; x_wconf 87' lang='lat' dir='ltr'><strong>etiam</strong></span> <span class='ocrx_word' id='word_1_672' title='bbox 1191 4963 1382 5032; x_wconf 80' lang='lat' dir='ltr'><strong>fecere,</strong></span> <span class='ocrx_word' id='word_1_673' title='bbox 1421 4983 1482 5020; x_wconf 88' lang='lat' dir='ltr'><strong>ac</strong></span> <span class='ocrx_word' id='word_1_674' title='bbox 1514 4969 1726 5021; x_wconf 85' lang='lat' dir='ltr'><strong>tandem</strong></span> 
     </span>
    </p>
   </div>
   <div class='ocr_carea' id='block_1_96' title="bbox 126 5049 1730 5128">
    <p class='ocr_par' dir='ltr' id='par_1_96' title="bbox 126 5049 1730 5128">
     <span class='ocr_line' id='line_1_96' title="bbox 126 5049 1730 5128; baseline 0.008 -27"><span class='ocrx_word' id='word_1_675' title='bbox 126 5051 520 5110; x_wconf 83' lang='lat' dir='ltr'><strong>discesserunt,</strong></span> <span class='ocrx_word' id='word_1_676' title='bbox 555 5049 769 5112; x_wconf 81' lang='lat' dir='ltr'><strong>ﬁrmato</strong></span> <span class='ocrx_word' id='word_1_677' title='bbox 811 5055 959 5107; x_wconf 84' lang='lat' dir='ltr'><strong>nobis</strong></span> <span class='ocrx_word' id='word_1_678' title='bbox 991 5057 1295 5110; x_wconf 80' lang='lat' dir='ltr'><strong>schismate.</strong></span> <span class='ocrx_word' id='word_1_679' title='bbox 1331 5055 1409 5112; x_wconf 84' lang='lat' dir='ltr'><strong>Ex</strong></span> <span class='ocrx_word' id='word_1_680' title='bbox 1437 5059 1730 5128; x_wconf 87' lang='lat' dir='ltr'><strong>postremis</strong></span> 
     </span>
    </p>
   </div>
   <div class='ocr_carea' id='block_1_97' title="bbox 131 5141 1729 5218">
    <p class='ocr_par' dir='ltr' id='par_1_97' title="bbox 131 5141 1729 5218">
     <span class='ocr_line' id='line_1_97' title="bbox 131 5141 1729 5218; baseline 0.006 -24"><span class='ocrx_word' id='word_1_681' title='bbox 131 5142 444 5195; x_wconf 88' lang='lat' dir='ltr'><strong>testimonii</strong></span> <span class='ocrx_word' id='word_1_682' title='bbox 474 5141 656 5196; x_wconf 87' lang='lat' dir='ltr'><strong>verbis</strong></span> <span class='ocrx_word' id='word_1_683' title='bbox 695 5145 1000 5214; x_wconf 89' lang='lat' dir='ltr'><strong>colligimus</strong></span> <span class='ocrx_word' id='word_1_684' title='bbox 1032 5147 1335 5218; x_wconf 84' lang='lat' dir='ltr'><strong>episcopos,</strong></span> <span class='ocrx_word' id='word_1_685' title='bbox 1381 5149 1508 5204; x_wconf 90' lang='lat' dir='ltr'><strong>dum</strong></span> <span class='ocrx_word' id='word_1_686' title='bbox 1549 5149 1729 5204; x_wconf 67' lang='lat' dir='ltr'><strong>Caesa-</strong></span> 
     </span>
    </p>
   </div>
   <div class='ocr_carea' id='block_1_98' title="bbox 129 5236 1730 5302">
    <p class='ocr_par' dir='ltr' id='par_1_98' title="bbox 129 5236 1730 5302">
     <span class='ocr_line' id='line_1_98' title="bbox 129 5236 1730 5302; baseline 0.005 -16"><span class='ocrx_word' id='word_1_687' title='bbox 129 5249 289 5287; x_wconf 86' lang='lat' dir='ltr'><strong>ream</strong></span> <span class='ocrx_word' id='word_1_688' title='bbox 333 5243 462 5302; x_wconf 90' lang='lat' dir='ltr'><strong>post</strong></span> <span class='ocrx_word' id='word_1_689' title='bbox 492 5249 773 5301; x_wconf 78' lang='lat' dir='ltr'><strong>egressum</strong></span> <span class='ocrx_word' id='word_1_690' title='bbox 804 5236 1020 5292; x_wconf 89' lang='lat' dir='ltr'><strong>Eusebii</strong></span> <span class='ocrx_word' id='word_1_691' title='bbox 1049 5240 1294 5302; x_wconf 90' lang='lat' dir='ltr'><strong>veniunt,</strong></span> <span class='ocrx_word' id='word_1_692' title='bbox 1325 5241 1548 5296; x_wconf 88' lang='lat' dir='ltr'><strong>minime</strong></span> <span class='ocrx_word' id='word_1_693' title='bbox 1583 5258 1730 5295; x_wconf 84' lang='lat' dir='ltr'><strong>com-</strong></span> 
     </span>
    </p>
   </div>
   <div class='ocr_carea' id='block_1_99' title="bbox 131 5326 1729 5404">
    <p class='ocr_par' dir='ltr' id='par_1_99' title="bbox 131 5326 1729 5404">
     <span class='ocr_line' id='line_1_99' title="bbox 131 5326 1729 5404; baseline 0.005 -23"><span class='ocrx_word' id='word_1_694' title='bbox 131 5327 456 5381; x_wconf 84' lang='lat' dir='ltr'><strong>municasse</strong></span> <span class='ocrx_word' id='word_1_695' title='bbox 498 5342 622 5381; x_wconf 83' lang='lat' dir='ltr'><strong>cunt</strong></span> <span class='ocrx_word' id='word_1_696' title='bbox 653 5326 889 5396; x_wconf 82' lang='lat' dir='ltr'><strong>Basilio;</strong></span> <span class='ocrx_word' id='word_1_697' title='bbox 931 5345 1029 5385; x_wconf 90' lang='lat' dir='ltr'><strong>nec</strong></span> <span class='ocrx_word' id='word_1_698' title='bbox 1055 5340 1168 5385; x_wconf 83' lang='lat' dir='ltr'><strong>tum</strong></span> <span class='ocrx_word' id='word_1_699' title='bbox 1214 5333 1449 5404; x_wconf 83' lang='lat' dir='ltr'><strong>primum</strong></span> <span class='ocrx_word' id='word_1_700' title='bbox 1493 5333 1729 5396; x_wconf 80' lang='lat' dir='ltr'><strong>schisma</strong></span> 
     </span>
    </p>
   </div>
   <div class='ocr_carea' id='block_1_100' title="bbox 213 5505 693 5573">
    <p class='ocr_par' dir='ltr' id='par_1_100' title="bbox 213 5505 693 5573">
     <span class='ocr_line' id='line_1_100' title="bbox 213 5505 693 5573; baseline -0.004 -13"><span class='ocrx_word' id='word_1_701' title='bbox 213 5509 292 5573; x_wconf 85' lang='lat' dir='ltr'><strong>(a)</strong></span> <span class='ocrx_word' id='word_1_702' title='bbox 321 5505 457 5560; x_wconf 68' lang='grc' dir='ltr'><strong>Νη.</strong></span> <span class='ocrx_word' id='word_1_703' title='bbox 489 5521 573 5560; x_wconf 90' lang='lat' dir='ltr'><strong>or.</strong></span> <span class='ocrx_word' id='word_1_704' title='bbox 603 5506 693 5560; x_wconf 72' lang='lat'><strong>20.</strong></span> 
     </span>
    </p>
   </div>
   <div class='ocr_carea' id='block_1_101' title="bbox 208 5575 802 5656">
    <p class='ocr_par' dir='ltr' id='par_1_101' title="bbox 208 5575 802 5656">
     <span class='ocr_line' id='line_1_101' title="bbox 208 5575 802 5656; baseline 0 -26"><span class='ocrx_word' id='word_1_705' title='bbox 208 5585 282 5656; x_wconf 69' lang='grc' dir='ltr'><strong>(ὁ)</strong></span> <span class='ocrx_word' id='word_1_706' title='bbox 312 5577 447 5656; x_wconf 51' lang='grc' dir='ltr'><strong>ᾔει.</strong></span> <span class='ocrx_word' id='word_1_707' title='bbox 483 5592 568 5629; x_wconf 91' lang='lat' dir='ltr'><strong>or.</strong></span> <span class='ocrx_word' id='word_1_708' title='bbox 597 5577 685 5656; x_wconf 55' lang='lat'><strong>12,</strong></span> <span class='ocrx_word' id='word_1_709' title='bbox 713 5575 802 5631; x_wconf 73' lang='lat'><strong>20.</strong></span> 
     </span>
    </p>
   </div>
   <div class='ocr_carea' id='block_1_102' title="bbox 209 5646 696 5713">
    <p class='ocr_par' dir='ltr' id='par_1_102' title="bbox 209 5646 696 5713">
     <span class='ocr_line' id='line_1_102' title="bbox 209 5646 696 5713; baseline 0 -13"><span class='ocrx_word' id='word_1_710' title='bbox 209 5646 278 5713; x_wconf 65' lang='grc' dir='ltr'><strong>ἐς)</strong></span> <span class='ocrx_word' id='word_1_711' title='bbox 309 5646 446 5700; x_wconf 74' lang='lat' dir='ltr'><strong>Naz.</strong></span> <span class='ocrx_word' id='word_1_712' title='bbox 484 5662 574 5712; x_wconf 88' lang='lat' dir='ltr'><strong>ep.</strong></span> <span class='ocrx_word' id='word_1_713' title='bbox 603 5650 696 5702; x_wconf 75' lang='lat'><strong>‘29.</strong></span> 
     </span>
    </p>
   </div>
   <div class='ocr_carea' id='block_1_103' title="bbox 209 5718 536 5791">
    <p class='ocr_par' dir='ltr' id='par_1_103' title="bbox 209 5718 536 5791">
     <span class='ocr_line' id='line_1_103' title="bbox 209 5718 536 5791; baseline 0 -22"><span class='ocrx_word' id='word_1_714' title='bbox 209 5723 287 5791; x_wconf 75' lang='grc' dir='ltr'><strong>(Δ)</strong></span> <span class='ocrx_word' id='word_1_715' title='bbox 312 5721 410 5791; x_wconf 77' lang='lat' dir='ltr'><strong>Or.</strong></span> <span class='ocrx_word' id='word_1_716' title='bbox 445 5718 536 5772; x_wconf 72' lang='lat' dir='ltr'><strong>i9.</strong></span> 
     </span>
    </p>
   </div>
   <div class='ocr_carea' id='block_1_104' title="bbox 213 5787 686 5862">
    <p class='ocr_par' dir='ltr' id='par_1_104' title="bbox 213 5787 686 5862">
     <span class='ocr_line' id='line_1_104' title="bbox 213 5787 686 5862; baseline -0.002 -17"><span class='ocrx_word' id='word_1_717' title='bbox 213 5787 283 5862; x_wconf 64' lang='lat' dir='ltr'><strong>(te)</strong></span> <span class='ocrx_word' id='word_1_718' title='bbox 321 5790 403 5842; x_wconf 73' lang='lat' dir='ltr'><strong>Ad</strong></span> <span class='ocrx_word' id='word_1_719' title='bbox 434 5807 526 5843; x_wconf 84' lang='lat' dir='ltr'><strong>an.</strong></span> <span class='ocrx_word' id='word_1_720' title='bbox 557 5787 686 5844; x_wconf 77' lang='grc'>570.</span> 
     </span>
    </p>
   </div>
   <div class='ocr_carea' id='block_1_105' title="bbox 1836 4585 3417 4674">
    <p class='ocr_par' dir='ltr' id='par_1_105' title="bbox 1836 4585 3417 4674">
     <span class='ocr_line' id='line_1_105' title="bbox 1836 4585 3417 4674; baseline -0.008 -18"><span class='ocrx_word' id='word_1_721' title='bbox 1836 4601 2084 4674; x_wconf 66' lang='grc' dir='ltr'><strong>(ιοιίιιειιι</strong></span> <span class='ocrx_word' id='word_1_722' title='bbox 2126 4600 2269 4654; x_wconf 87' lang='lat' dir='ltr'><strong>enim</strong></span> <span class='ocrx_word' id='word_1_723' title='bbox 2331 4599 2457 4653; x_wconf 88' lang='lat' dir='ltr'><strong>huic</strong></span> <span class='ocrx_word' id='word_1_724' title='bbox 2509 4585 2743 4653; x_wconf 89' lang='lat' dir='ltr'><strong>concilio</strong></span> <span class='ocrx_word' id='word_1_725' title='bbox 2799 4595 3110 4648; x_wconf 89' lang='lat' dir='ltr'><strong>interfuisse</strong></span> <span class='ocrx_word' id='word_1_726' title='bbox 3161 4601 3308 4661; x_wconf 89' lang='lat' dir='ltr'><strong>patet</strong></span> <span class='ocrx_word' id='word_1_727' title='bbox 3345 4606 3417 4646; x_wconf 79' lang='lat' dir='ltr'><strong>ex</strong></span> 
     </span>
    </p>
   </div>
   <div class='ocr_carea' id='block_1_106' title="bbox 1836 4685 3416 4757">
    <p class='ocr_par' dir='ltr' id='par_1_106' title="bbox 1836 4685 3416 4757">
     <span class='ocr_line' id='line_1_106' title="bbox 1836 4685 3416 4757; baseline -0.009 -9"><span class='ocrx_word' id='word_1_728' title='bbox 1836 4692 2158 4748; x_wconf 89' lang='lat' dir='ltr'><strong>collectione</strong></span> <span class='ocrx_word' id='word_1_729' title='bbox 2198 4688 2487 4757; x_wconf 85' lang='lat' dir='ltr'><strong>Holstenii)</strong></span> <span class='ocrx_word' id='word_1_730' title='bbox 2521 4704 2624 4741; x_wconf 90' lang='lat' dir='ltr'><strong>non</strong></span> <span class='ocrx_word' id='word_1_731' title='bbox 2653 4688 2891 4755; x_wconf 85' lang='lat' dir='ltr'><strong>potuisse</strong></span> <span class='ocrx_word' id='word_1_732' title='bbox 2926 4687 3062 4737; x_wconf 88' lang='lat' dir='ltr'><strong>intra</strong></span> <span class='ocrx_word' id='word_1_733' title='bbox 3095 4685 3229 4737; x_wconf 87' lang='lat' dir='ltr'><strong>duos</strong></span> <span class='ocrx_word' id='word_1_734' title='bbox 3263 4696 3416 4736; x_wconf 90' lang='lat' dir='ltr'><strong>men-</strong></span> 
     </span>
    </p>
   </div>
   <div class='ocr_carea' id='block_1_107' title="bbox 1836 4773 3414 4846">
    <p class='ocr_par' dir='ltr' id='par_1_107' title="bbox 1836 4773 3414 4846">
     <span class='ocr_line' id='line_1_107' title="bbox 1836 4773 3414 4846; baseline -0.01 -7"><span class='ocrx_word' id='word_1_735' title='bbox 1836 4798 1927 4839; x_wconf 88' lang='lat' dir='ltr'><strong>ses</strong></span> <span class='ocrx_word' id='word_1_736' title='bbox 1978 4797 2054 4836; x_wconf 75' lang='lat' dir='ltr'><strong>ex</strong></span> <span class='ocrx_word' id='word_1_737' title='bbox 2102 4781 2269 4833; x_wconf 89' lang='lat' dir='ltr'><strong>variis</strong></span> <span class='ocrx_word' id='word_1_738' title='bbox 2315 4779 2525 4846; x_wconf 83' lang='lat' dir='ltr'><strong>exsiliis</strong></span> <span class='ocrx_word' id='word_1_739' title='bbox 2558 4777 2906 4831; x_wconf 89' lang='lat' dir='ltr'><strong>Antiochiam</strong></span> <span class='ocrx_word' id='word_1_740' title='bbox 2939 4773 3257 4836; x_wconf 88' lang='lat' dir='ltr'><strong>convenire,</strong></span> <span class='ocrx_word' id='word_1_741' title='bbox 3288 4785 3414 4824; x_wconf 91' lang='lat' dir='ltr'><strong>cum</strong></span> 
     </span>
    </p>
   </div>
   <div class='ocr_carea' id='block_1_108' title="bbox 1843 4865 3416 4949">
    <p class='ocr_par' dir='ltr' id='par_1_108' title="bbox 1843 4865 3416 4949">
     <span class='ocr_line' id='line_1_108' title="bbox 1843 4865 3416 4949; baseline -0.007 -21"><span class='ocrx_word' id='word_1_742' title='bbox 1843 4877 2150 4949; x_wconf 62' lang='lat' dir='ltr'><strong>praesertim</strong></span> <span class='ocrx_word' id='word_1_743' title='bbox 2181 4890 2391 4930; x_wconf 87' lang='lat' dir='ltr'><strong>summa</strong></span> <span class='ocrx_word' id='word_1_744' title='bbox 2417 4882 2563 4928; x_wconf 89' lang='lat' dir='ltr'><strong>esset</strong></span> <span class='ocrx_word' id='word_1_745' title='bbox 2593 4888 2772 4926; x_wconf 88' lang='lat' dir='ltr'><strong>rerum</strong></span> <span class='ocrx_word' id='word_1_746' title='bbox 2810 4871 2861 4923; x_wconf 91' lang='lat' dir='ltr'><strong>in</strong></span> <span class='ocrx_word' id='word_1_747' title='bbox 2916 4869 3158 4931; x_wconf 86' lang='lat' dir='ltr'><strong>Oriente,</strong></span> <span class='ocrx_word' id='word_1_748' title='bbox 3208 4865 3416 4920; x_wconf 83' lang='lat' dir='ltr'><strong>tristis-</strong></span> 
     </span>
    </p>
   </div>
   <div class='ocr_carea' id='block_1_109' title="bbox 1841 4959 3413 5035">
    <p class='ocr_par' dir='ltr' id='par_1_109' title="bbox 1841 4959 3413 5035">
     <span class='ocr_line' id='line_1_109' title="bbox 1841 4959 3413 5035; baseline -0.008 -11"><span class='ocrx_word' id='word_1_749' title='bbox 1841 4971 1976 5024; x_wconf 87' lang='lat' dir='ltr'><strong>sima</strong></span> <span class='ocrx_word' id='word_1_750' title='bbox 1994 4969 2150 5022; x_wconf 87' lang='lat' dir='ltr'><strong>clade</strong></span> <span class='ocrx_word' id='word_1_751' title='bbox 2175 4978 2419 5035; x_wconf 85' lang='lat' dir='ltr'><strong>accepta,</strong></span> <span class='ocrx_word' id='word_1_752' title='bbox 2445 4965 2802 5034; x_wconf 87' lang='lat' dir='ltr'><strong>perturbatio.</strong></span> <span class='ocrx_word' id='word_1_753' title='bbox 2837 4962 3104 5017; x_wconf 73' lang='lat' dir='ltr'><strong>Praeterea</strong></span> <span class='ocrx_word' id='word_1_754' title='bbox 3137 4962 3186 5014; x_wconf 91' lang='lat' dir='ltr'><strong>iu</strong></span> <span class='ocrx_word' id='word_1_755' title='bbox 3220 4959 3413 5013; x_wconf 88' lang='lat' dir='ltr'><strong>eadem</strong></span> 
     </span>
    </p>
   </div>
   <div class='ocr_carea' id='block_1_110' title="bbox 1838 5052 3414 5130">
    <p class='ocr_par' dir='ltr' id='par_1_110' title="bbox 1838 5052 3414 5130">
     <span class='ocr_line' id='line_1_110' title="bbox 1838 5052 3414 5130; baseline -0.006 -14"><span class='ocrx_word' id='word_1_756' title='bbox 1838 5060 2158 5116; x_wconf 87' lang='lat' dir='ltr'><strong>collectione</strong></span> <span class='ocrx_word' id='word_1_757' title='bbox 2207 5059 2272 5130; x_wconf 85' lang='lat' dir='ltr'><strong>(i)</strong></span> <span class='ocrx_word' id='word_1_758' title='bbox 2325 5057 2587 5112; x_wconf 83' lang='lat' dir='ltr'><strong>habemus</strong></span> <span class='ocrx_word' id='word_1_759' title='bbox 2644 5056 2932 5111; x_wconf 88' lang='lat' dir='ltr'><strong>nonnullas</strong></span> <span class='ocrx_word' id='word_1_760' title='bbox 2982 5052 3414 5122; x_wconf 87' lang='lat' dir='ltr'><strong>subscriptiones</strong></span> 
     </span>
    </p>
   </div>
   <div class='ocr_carea' id='block_1_111' title="bbox 1841 5141 3412 5222">
    <p class='ocr_par' dir='ltr' id='par_1_111' title="bbox 1841 5141 3412 5222">
     <span class='ocr_line' id='line_1_111' title="bbox 1841 5141 3412 5222; baseline -0.007 -16"><span class='ocrx_word' id='word_1_761' title='bbox 1841 5154 2247 5222; x_wconf 80' lang='lat' dir='ltr'><strong>episcoporum,</strong></span> <span class='ocrx_word' id='word_1_762' title='bbox 2308 5151 2450 5203; x_wconf 89' lang='lat' dir='ltr'><strong>inter</strong></span> <span class='ocrx_word' id='word_1_763' title='bbox 2505 5164 2645 5218; x_wconf 88' lang='lat' dir='ltr'><strong>quas</strong></span> <span class='ocrx_word' id='word_1_764' title='bbox 2704 5148 2899 5217; x_wconf 82' lang='lat' dir='ltr'><strong>legitur</strong></span> <span class='ocrx_word' id='word_1_765' title='bbox 2950 5161 3147 5200; x_wconf 88' lang='lat' dir='ltr'><strong>nomen</strong></span> <span class='ocrx_word' id='word_1_766' title='bbox 3202 5141 3412 5212; x_wconf 87' lang='lat' dir='ltr'><strong>Eulogii</strong></span> 
     </span>
    </p>
   </div>
   <div class='ocr_carea' id='block_1_112' title="bbox 1841 5235 3415 5309">
    <p class='ocr_par' dir='ltr' id='par_1_112' title="bbox 1841 5235 3415 5309">
     <span class='ocr_line' id='line_1_112' title="bbox 1841 5235 3415 5309; baseline -0.006 -10"><span class='ocrx_word' id='word_1_767' title='bbox 1841 5244 2122 5299; x_wconf 89' lang='lat' dir='ltr'><strong>Edesscni.</strong></span> <span class='ocrx_word' id='word_1_768' title='bbox 2162 5244 2232 5296; x_wconf 86' lang='lat' dir='ltr'><strong>At</strong></span> <span class='ocrx_word' id='word_1_769' title='bbox 2278 5243 2322 5296; x_wconf 90' lang='lat' dir='ltr'><strong>is</strong></span> <span class='ocrx_word' id='word_1_770' title='bbox 2354 5243 2528 5294; x_wconf 83' lang='lat' dir='ltr'><strong>adimo</strong></span> <span class='ocrx_word' id='word_1_771' title='bbox 2555 5239 2837 5309; x_wconf 83' lang='lat' dir='ltr'><strong>presbyter</strong></span> <span class='ocrx_word' id='word_1_772' title='bbox 2861 5238 3152 5291; x_wconf 82' lang='lat' dir='ltr'><strong>Antinoqu</strong></span> <span class='ocrx_word' id='word_1_773' title='bbox 3207 5235 3415 5309; x_wconf 75' lang='lat' dir='ltr'><strong>relega-</strong></span> 
     </span>
    </p>
   </div>
   <div class='ocr_carea' id='block_1_113' title="bbox 1851 5326 3415 5400">
    <p class='ocr_par' dir='ltr' id='par_1_113' title="bbox 1851 5326 3415 5400">
     <span class='ocr_line' id='line_1_113' title="bbox 1851 5326 3415 5400; baseline -0.004 -14"><span class='ocrx_word' id='word_1_774' title='bbox 1851 5343 1936 5386; x_wconf 89' lang='lat' dir='ltr'><strong>tus</strong></span> <span class='ocrx_word' id='word_1_775' title='bbox 1965 5331 2066 5386; x_wconf 91' lang='lat' dir='ltr'><strong>sub</strong></span> <span class='ocrx_word' id='word_1_776' title='bbox 2106 5329 2349 5396; x_wconf 78' lang='lat' dir='ltr'><strong>Valcnte,</strong></span> <span class='ocrx_word' id='word_1_777' title='bbox 2383 5330 2548 5384; x_wconf 90' lang='lat' dir='ltr'><strong>rediit</strong></span> <span class='ocrx_word' id='word_1_778' title='bbox 2569 5329 2828 5386; x_wconf 81' lang='lat' dir='ltr'><strong>Edessam</strong></span> <span class='ocrx_word' id='word_1_779' title='bbox 2861 5342 2994 5400; x_wconf 86' lang='lat' dir='ltr'><strong>pace</strong></span> <span class='ocrx_word' id='word_1_780' title='bbox 3019 5326 3251 5389; x_wconf 87' lang='lat' dir='ltr'><strong>reddita,</strong></span> <span class='ocrx_word' id='word_1_781' title='bbox 3277 5333 3415 5383; x_wconf 79' lang='lat' dir='ltr'><strong>teste</strong></span> 
     </span>
    </p>
   </div>
   <div class='ocr_carea' id='block_1_114' title="bbox 1898 5509 2454 5580">
    <p class='ocr_par' dir='ltr' id='par_1_114' title="bbox 1898 5509 2454 5580">
     <span class='ocr_line' id='line_1_114' title="bbox 1898 5509 2454 5580; baseline -0.002 -17"><span class='ocrx_word' id='word_1_782' title='bbox 1898 5511 1980 5580; x_wconf 80' lang='lat' dir='ltr'><strong>(f)</strong></span> <span class='ocrx_word' id='word_1_783' title='bbox 2007 5509 2138 5563; x_wconf 87' lang='lat' dir='ltr'><strong>Naz.</strong></span> <span class='ocrx_word' id='word_1_784' title='bbox 2171 5524 2340 5580; x_wconf 72' lang='lat' dir='ltr'><strong>carm.</strong></span> 
     </span>
    </p>
   </div>
   <div class='ocr_carea' id='block_1_115' title="bbox 1902 5579 2517 5650">
    <p class='ocr_par' dir='ltr' id='par_1_115' title="bbox 1902 5579 2517 5650">
     <span class='ocr_line' id='line_1_115' title="bbox 1902 5579 2517 5650; baseline 0.007 -18"><span class='ocrx_word' id='word_1_785' title='bbox 1902 5586 1975 5650; x_wconf 87' lang='lat' dir='ltr'><strong>(g)</strong></span> <span class='ocrx_word' id='word_1_786' title='bbox 2015 5581 2170 5650; x_wconf 76' lang='lat' dir='ltr'><strong>Nyss.</strong></span> <span class='ocrx_word' id='word_1_787' title='bbox 2217 5579 2315 5634; x_wconf 82' lang='lat' dir='ltr'><strong>Vit.</strong></span> <span class='ocrx_word' id='word_1_788' title='bbox 2345 5579 2517 5636; x_wconf 82' lang='lat' dir='ltr'><strong>Macr.</strong></span> 
     </span>
    </p>
   </div>
   <div class='ocr_carea' id='block_1_116' title="bbox 1904 5652 2150 5722">
    <p class='ocr_par' dir='ltr' id='par_1_116' title="bbox 1904 5652 2150 5722">
     <span class='ocr_line' id='line_1_116' title="bbox 1904 5652 2150 5722; baseline 0.008 -20"><span class='ocrx_word' id='word_1_789' title='bbox 1904 5655 1978 5722; x_wconf 75' lang='grc' dir='ltr'><strong>(Ιε)</strong></span> <span class='ocrx_word' id='word_1_790' title='bbox 2019 5652 2150 5704; x_wconf 86' lang='lat' dir='ltr'><strong>Ibid.</strong></span> 
     </span>
    </p>
   </div>
   <div class='ocr_carea' id='block_1_117' title="bbox 1902 5719 2520 5792">
    <p class='ocr_par' dir='ltr' id='par_1_117' title="bbox 1902 5719 2520 5792">
     <span class='ocr_line' id='line_1_117' title="bbox 1902 5719 2520 5792; baseline 0.005 -19"><span class='ocrx_word' id='word_1_791' title='bbox 1902 5719 1970 5792; x_wconf 64' lang='grc' dir='ltr'><strong>(ι)</strong></span> <span class='ocrx_word' id='word_1_792' title='bbox 1997 5722 2147 5775; x_wconf 77' lang='grc' dir='ltr'><strong>Ἰὀιιι.</strong></span> <span class='ocrx_word' id='word_1_793' title='bbox 2180 5719 2219 5786; x_wconf 84' lang='lat' dir='ltr'><strong>i,</strong></span> <span class='ocrx_word' id='word_1_794' title='bbox 2258 5737 2374 5791; x_wconf 68' lang='lat' dir='ltr'><strong>pug.</strong></span> <span class='ocrx_word' id='word_1_795' title='bbox 2409 5722 2520 5776; x_wconf 79' lang='grc' dir='ltr'><strong>ιῖϐ.</strong></span> 
     </span>
    </p>
   </div>
  </div>
