3820 6210
448 330 575 376 LVIII

1775 323 2280 380 PBOLEGOMENA
2291 364 2306 382 .

447 434 790 491 Theodoreti)
817 436 921 508 (α),
946 444 1000 492 et
1021 436 1186 493 Barse
1212 446 1426 493 mortuo
1453 439 1750 495 Ecelesiam
1782 441 2011 497 Edesse—
2043 444 2089 498 Α
2120 438 2395 505 interfuit;
2437 456 2560 495 nam
2607 436 2899 515 Gregorius
2933 444 3303 499 Nazianzenus
3338 444 3409 515 (ί)
3436 446 3688 499 morbum

450 541 573 579 nam
608 528 863 597 suscepit,
917 543 981 582 ac
1019 530 1301 585 ordinatus
1330 547 1359 584 a
1387 531 1444 586 S.
1489 532 1716 587 Eusebio
1753 531 2005 589 Samosa-

450 616 583 669 tensi
631 615 795 670 fuisse
836 617 1129 673 ferebatur.
1177 619 1272 675 His
1303 621 1437 674 adde
1464 623 1692 676 reditum
1734 624 2009 678 confesso-

449 714 565 752 rum
596 715 625 753 a
662 701 933 770 plerisque
979 705 1255 763 historicis
1304 708 1564 763 Gratiano
1607 724 1885 781 acceptum
1920 728 2007 766 re-

448 787 598 841 ferri.
626 789 973 846 Bevocatosa
1013 792 1231 848 Valente
1265 796 1454 849 dicunt
1476 797 1703 852 Rufinus
1732 809 1786 852 et
1820 797 2009 851 Hiero-

446 893 659 947 nymus.
692 880 817 946 Sed,
850 883 894 937 si
925 884 978 937 id
1012 887 1277 940 concessit
1310 887 1525 954 Valens,
1558 890 1841 958 perpaucis
1882 899 2007 943 ante

447 979 675 1024 mortem
702 975 979 1030 mensibus
1017 978 1307 1043 concessit,
1344 994 1442 1033 nec
1462 980 1685 1049 proinde
1717 981 1849 1035 satis
1883 995 2008 1050 spa-

447 1057 502 1111 tii
532 1060 650 1125 fuit,
680 1065 1043 1119 utconcilium
1073 1081 1138 1120 ex
1172 1076 1249 1121 tot
1280 1066 1413 1122 locis
1444 1085 1550 1124 uno
1576 1079 1667 1124 aut
1694 1070 1863 1125 altero
1888 1081 2009 1142 post

445 1148 610 1217 ipsius
637 1161 864 1207 mortem
900 1169 1080 1209 mense
1109 1167 1410 1225 cogeretur.

515 1240 572 1293 2°
605 1242 781 1298 Multae
810 1260 898 1300 res
939 1256 1103 1315 gesue
1137 1247 1342 1313 Bailii,
1379 1260 1605 1319 quarum
1636 1252 1829 1306 seriem
1855 1253 2006 1307 dein-

444 1348 569 1400 ceps
622 1341 911 1403 texemus,
966 1338 1211 1408 inprimis
1264 1342 1566 1409 persecutio
1599 1381 1613 1405 ,
1666 1358 1824 1410 qnam
1866 1358 2005 1399 anno

442 1425 540 1479 57l
582 1428 763 1482 et372
791 1432 1072 1498 sustinuit,
1122 1436 1497 1490 necessitatem
1531 1436 1762 1491 afferunt
1789 1438 2005 1493 ordina-

442 1518 603 1573 tionis
630 1520 681 1573 in
705 1536 902 1575 annum
934 1523 1039 1576 570
1060 1523 1414 1584 conferenda).
1442 1526 1684 1581 Nondum
1708 1530 1847 1582 enim
1873 1532 2005 1584 duos

441 1608 788 1677 episcopatus
815 1627 986 1665 annos
1014 1625 1324 1669 emeruerat
1366 1617 1623 1684 Basilius,
1657 1635 1776 1673 cum
1807 1620 2004 1674 Valens

442 1698 745 1753 Caesaream
769 1703 936 1758 venit.
970 1702 1103 1757 Nam
1156 1705 1423 1777 insumpta
1468 1710 1809 1779 episcopatus
1849 1712 2000 1766 initia

442 1790 496 1843 in
538 1793 918 1864 recolligendis
968 1799 1351 1868 episcoporum
1379 1802 1731 1869 Cappadociae
1768 1804 2001 1861 animis:
2037 1797 2077 1851 Β

444 1882 582 1948 quod
612 1883 701 1937 ubi
724 1899 789 1938 ex
816 1889 1079 1942 sententia
1115 1890 1371 1955 confecit,
1406 1892 1586 1947 statim
1614 1908 1898 1961 aggressus
1924 1902 2007 1949 est

442 1971 511 2023 ad
538 1972 965 2038 pacificationem
1006 1978 1392 2045 Ecclesiarum,
1442 1991 1494 2036 et
1532 1990 1638 2037 tum
1670 1999 1791 2036 cum
1825 1985 2006 2037 mitte-

441 2068 525 2112 ret
563 2061 890 2119 Dor0theum
922 2066 976 2120 in
1011 2068 1384 2145 Occidentem,
1412 2074 1807 2140 persecutionis
1833 2084 2007 2130 terror

439 2148 801 2208 denuntiatus.

512 2241 620 2297 Nec
673 2246 790 2301 leve
846 2261 1227 2319 argumentum
1284 2252 1631 2309 Tillemontio
1695 2255 2006 2326 suppeditat

440 2333 715 2388 ordinatio
753 2336 1055 2407 Deniopbili
1083 2341 1688 2410 Coustantinopolitani,
1712 2359 1871 2411 quam
1899 2344 2004 2397 Ba-

439 2426 590 2480 silius
634 2427 686 2480 in
731 2430 955 2498 epistola
1008 2432 1083 2502 (ὁ)
1135 2434 1322 2502 paucis
1369 2434 1642 2488 mensibus
1697 2445 1818 2503 post
1850 2450 2003 2489 suam

440 2518 609 2586 ipsius
635 2522 1028 2576 ordinationem
1056 2526 1255 2594 scripta
1284 2526 1495 2579 nuntiat
1528 2525 1782 2591 Eusebio,
1819 2526 1864 2580 si
1901 2526 2004 2580 mi-

442 2628 540 2666 nus
570 2621 627 2667 ut
656 2617 1109 2685 recentissimam,
1134 2618 1352 2684 saltem,
1386 2628 1443 2673 ut
1468 2622 1705 2674 nondum
1735 2620 2003 2689 cognitam

442 2705 493 2756 in
543 2704 904 2775 Cappadocia,
949 2725 1068 2762 cum
1134 2710 1401 2764 Eusebius
1439 2712 1489 2763 in
1548 2712 1761 2782 Syriam
1825 2712 2003 2767 rediit.

439 2796 615 2862 Quare
648 2799 930 2867 utriusque
956 2802 1343 2864 ordinationis,
1389 2802 1574 2856 Basilii
1607 2812 1661 2857 et
1685 2805 2003 2872 Demophili,

441 2887 579 2940 idem
626 2888 740 2943 fere
774 2898 983 2959 tempus
1012 2892 1229 2946 videtur
1269 2892 1455 2947 fuisse.
1498 2892 1666 2948 Porro
1708 2895 2003 2963 Demophili

438 2978 833 3033 ordinationem
872 2982 1150 3050 pertinere
1194 2983 1259 3035 ad
1290 2999 1490 3036 annum
1515 2984 1642 3048 570,
1680 2985 1802 3038 inde
1837 2994 2002 3051 patet,

438 3068 577 3134 quod
614 3068 889 3124 Endoxius
935 3071 1051 3139 ejus
1103 3073 1355 3126 decessor
1388 3072 1481 3143 (c),
1531 3075 1621 3143 qui
1654 3074 1791 3128 hanc
1820 3075 2001 3129 sedem

439 3157 710 3212 invaserat
729 3174 867 3213 anno
887 3160 1010 3225 560,
1036 3162 1283 3215 undecim
1307 3164 1461 3217 annis
1492 3164 1820 3232 impietatem
1845 3180 1997 3219 suam

442 3248 711 3314 exercuit,
762 3264 824 3303 ac
857 3247 1237 3305 Valentiniano
1287 3254 1504 3305 tertium
1536 3260 1589 3307 et
1634 3253 1860 3309 Valente
1896 3264 2002 3309 ter-

440 3338 569 3389 tium
605 3340 914 3393 consulibus
936 3342 1088 3394 obiit.

509 3428 604 3483 llis
638 3432 906 3484 rationum
943 3434 1229 3487 momentis
1268 3434 1520 3486 nonnulla
1583 3436 1683 3488 alia
1716 3437 1863 3490 addit
1890 3438 2003 3491 Til-

439 3521 745 3578 lemontius.
785 3523 981 3577 Narrat
1011 3523 1375 3595 Hieronymus
1430 3527 1479 3577 in
1512 3526 1650 3580 libro
1684 3527 1756 3579 De
1784 3530 2006 3596 scripto-

438 3614 579 3667 ribus
610 3612 974 3666 ecclesiasticis
1008 3612 1261 3667 Basiliam
1294 3615 1493 3669 oltiisse
1533 3619 1634 3670 sub
1686 3617 1948 3671 Gratiano
1989 3637 2000 3671 :

438 3704 581 3772 quod
619 3704 834 3772 quidem
868 3704 1090 3774 intelligi
1126 3723 1228 3758 non
1264 3717 1461 3779 potest,
1489 3708 1590 3760 nisi
1628 3710 1692 3761 de
1723 3709 2005 3778 interjeeto

439 3792 581 3845 inter
651 3791 889 3848 Valentis
945 3807 1173 3851 mortem
1226 3807 1280 3851 et
1342 3797 1630 3853 Theodosii
1688 3801 2002 3855 electionem

438 3892 694 3949 tempore.

508 3974 678 4043 Objici
726 3987 910 4047 posset
957 3978 1098 4048 quod
1142 3979 1217 4034 ait
1254 3979 1307 4033 in
1339 3981 1529 4037 eodem
1576 3981 1711 4037 libro
1746 3982 2006 4055 iliereny-

440 4086 558 4124 mus
593 4081 837 4127 sanctum
881 4071 1110 4139 Ephrem
1148 4073 1249 4128 sub
1296 4072 1518 4128 Valente
1559 4086 1829 4130 mortuum
1861 4092 2001 4133 esse.

439 4161 591 4225 Nam,
622 4177 744 4216 cum
769 4170 945 4223 exstet
990 4164 1163 4217 sancti
1192 4163 1426 4232 Ephrem
1451 4167 1627 4220 oratio
1653 4167 1719 4219 de
1761 4168 2007 4222 laudibus

440 4253 646 4320 Basilii,
674 4256 840 4324 ipsius
867 4259 1028 4310 etiam
1061 4256 1247 4311 Basilii
1303 4273 1447 4311 mors
1487 4258 1590 4312 sub
1623 4258 1810 4311 eodem
1842 4259 2007 4327 impe-

441 4357 618 4401 ratore
653 4364 715 4401 ac
750 4350 975 4415 proinde
1013 4352 1081 4403 ad
1122 4350 1333 4403 initium
1381 4349 1506 4402 anni
1541 4349 1644 4403 578
1682 4359 1826 4404 esset
1865 4353 2005 4405 refe—

439 4438 623 4490 renda.
661 4438 765 4492 Sed
796 4441 847 4493 in
886 4442 988 4495 hac
1011 4442 1256 4494 oratione
1298 4450 1443 4493 tanta
1476 4449 1557 4494 est
1593 4441 1651 4494 S.
1682 4441 1911 4510 Ephrem
1941 4443 2005 4496 de

442 4530 664 4584 Valente
692 4532 943 4601 loquendi
982 4532 1227 4596 libertas,
1277 4543 1333 4585 ut
1366 4548 1488 4585 eum
1517 4532 1644 4587 huic
1674 4534 2004 4600 superfuisse

442 4620 752 4691 imperatori
788 4625 980 4677 merito
1012 4627 1286 4680 exiStimet
1317 4625 1719 4686 Tillemontius.
1751 4626 2007 4681 Testatur

442 4715 811 4771 Theodoretus
871 4716 952 4787 (ά)
992 4717 1328 4770 Arinthmum
1388 4716 1698 4771 interfuisse
1753 4719 1836 4773 his
1886 4735 2005 4788 qua:

440 4807 1007 4877 Trajanusliberrime
1042 4809 1174 4861 dixit
1205 4808 1437 4872 Valenti,
1475 4826 1596 4865 cum
1648 4811 1691 4863 is
1737 4810 2005 4865 Constan-

437 4899 659 4967 tinopoli
716 4910 1027 4955 versaretur
1073 4915 1213 4953 anno
1241 4901 1364 4955 578.
1403 4901 1552 4959 Tune
1582 4918 1710 4971 ergo
1764 4909 1998 4958 nondum

438 4988 645 5043 obierat
694 4990 925 5045 Basilius
974 4988 1065 5063 (e),
1114 4992 1205 5060 qui
1238 4994 1433 5046 mortui
1466 4995 1726 5049 Ariuthan
1781 5013 2000 5053 uxorem

436 5078 633 5135 litteris
660 5082 771 5138 suis
807 5083 1115 5138 consolatus
1150 5093 1248 5137 est.

512 5173 567 5226 lu
602 5171 919 5241 Gregorium
945 5174 1243 5246 Nyssenum
1280 5182 1549 5248 praecipue
1578 5185 1780 5237 exarsit
1820 5199 2002 5251 persc-

438 5265 605 5330 cutio,
636 5266 726 5334 qui
767 5280 797 5319 e
818 5268 1066 5321 manibus
1086 5267 1312 5321 militum
1345 5271 1581 5339 elapsus,
1620 5273 1857 5326 latebras
1881 5290 2005 5343 per-

436 5357 589 5426 sequi
625 5368 846 5413 coactus
899 5370 1004 5413 est.
1052 5361 1197 5415 Idem
1249 5371 1427 5416 tamen
1485 5366 1759 5433 exsequiis
1819 5366 1999 5421 Basilii

507 5532 584 5597 (α)
618 5532 756 5587 Hist.
790 5534 879 5585 lib.
910 5532 1058 5598 Iv,'c.
1096 5535 1180 5590 18.

532 5604 581 5665 b)
622 5604 718 5671 Ep.
754 5608 840 5656 68.

532 5616 581 5665 ο)
622 5616 718 5671 [ιν.
754 5616 840 5656 ϋδ.

508 5616 584 5747 ξς)
622 5675 840 5747 Sperat.
871 5674 1065 5747 lil)._tv,
1101 5690 1151 5730 c.
1195 5674 1298 5741 14;
1345 5675 1565 5735 Sozom.
1602 5677 1696 5739 lib.
1731 5693 1804 5747 Vt,
1839 5692 1888 5733 c.
1922 5678 2004 5737 i5.

507 5741 586 5811 (ά)
621 5742 736 5803 Lib.
769 5758 841 5809 tv,
874 5759 920 5799 c.
948 5743 1035 5797 50.

2119 544 2273 582 suum
2328 542 2571 598 excusat,
2623 550 2720 589 ettr
2767 552 2868 589 una
2906 552 3027 591 cum
3086 552 3149 591 eo
3182 538 3324 605 justa
3374 538 3689 605 persolvere

2124 621 2320 676 Basilio
2373 639 2476 679 non
2534 628 2723 695 possit.
2773 626 2969 682 Sedata
3023 642 3153 698 ergo
3184 636 3303 681 erat
3354 628 3687 696 persecutio,

2120 717 2321 785 alioqui
2358 733 2461 772 non
2495 733 2657 773 ausus
2679 729 2825 775 esset
2853 720 3146 791 Gregorius
3169 718 3442 789 Nyssenus
3472 734 3689 783 magnae

2121 810 2325 863 civitati
2356 810 2559 864 vultum
2584 826 2741 866 suum
2769 813 3090 877 ostendere;
3125 828 3187 866 ac
3215 812 3439 882 proinde
3464 811 3687 866 Valenti

2113 900 2376 967 superfuit
2396 900 2644 959 Basilius.

2194 991 2368 1046 Sumit
2397 994 2557 1046 etiam
2587 992 2971 1047 'l‘illemontius
3017 992 3317 1063 argumenti
3363 992 3505 1054 loco,
3539 991 3684 1059 quod

2114 1081 2189 1135 ait
2240 1082 2530 1151 Gregorius
2570 1082 2645 1151 (9)
2705 1098 2764 1137 se
2807 1081 3323 1148 Constantinopolim
3376 1080 3683 1151 profectum

2115 1187 2254 1239 esse,
2282 1188 2386 1226 non
2408 1185 2597 1239 prwter
2635 1173 2787 1241 fortis
2814 1174 2955 1226 illius
2988 1173 3219 1226 ueritatis
3249 1172 3681 1241 prapugnatoris,

2110 1265 2299 1334 quique
2330 1263 2459 1316 nihil
2516 1280 2742 1332 unquam
2795 1264 2941 1316 aliud
2982 1264 3082 1317 nisi
3121 1265 3263 1332 piant
3293 1273 3341 1317 et
3386 1263 3683 1316 salutarem

2114 1358 2227 1410 orbi
2250 1358 2489 1410 universo
2514 1358 2808 1410 doctrinam
2842 1357 3080 1423 spiravit,
3128 1356 3444 1410 uoluntatem
3487 1356 3685 1408 animi-

2111 1464 2209 1517 que
2254 1449 2587 1502 sententiam.
2618 1448 2872 1514 Quamvis
2922 1448 3027 1502 huc
3073 1450 3296 1503 accedat
3328 1446 3683 1515 Theophanis

2110 1538 2442 1600 auctoritas,
2476 1552 2670 1591 vereor
2705 1546 2881 1591 tamen
2913 1539 3122 1592 utsatis
3159 1538 3369 1592 firmum
3408 1539 3483 1591 sit
3517 1554 3684 1606 argu~

2110 1640 2373 1696 mentum,
2404 1632 2543 1700 quod
2564 1646 2629 1684 ex
2661 1629 2904 1699 Gregorii
2937 1631 3116 1684 verbis
3138 1630 3352 1684 deducit
3378 1629 3682 1683 Tillemon-

2113 1723 2239 1777 tius.
2286 1720 2407 1775 Non
2439 1722 2579 1774 enim
2615 1734 2675 1772 se
2705 1719 2884 1773 Basilii
2914 1720 3138 1773 consilio
3172 1721 3270 1774 bac
3306 1720 3359 1771 in
3414 1734 3471 1771 re
3528 1734 3682 1771 usum

2109 1827 2229 1867 esse
2278 1812 2409 1865 dicit
2461 1810 2797 1878 Gregorius,
2850 1810 2944 1864 sed
2991 1811 3357 1880 conjecturam
3417 1808 3551 1862 facit
3615 1823 3679 1862 ex

2109 1921 2320 1959 summo
2352 1905 2498 1959 illius
2525 1905 2804 1958 catholica:
2839 1903 3097 1956 doctrinae
3120 1918 3325 1965 amore,
3361 1919 3459 1957 cur
3489 1904 3540 1955 ei
3577 1917 3683 1956 non

2108 1996 2483 2062 displicuerint
2524 1998 2760 2063 suscepti
2812 1995 2877 2048 ad
2917 1995 3247 2049 liberandam
3289 1994 3681 2050 Constantino-

2108 2088 2269 2157 polim
2305 2086 2537 2140 labores.

2178 2177 2438 2246 Opinatus
2462 2185 2544 2230 est
2568 2175 2830 2231 Baronius
2864 2177 3122 2231 Basilium
3151 2176 3239 2231 die
3267 2176 3331 2229 H
3355 2175 3501 2230 Junii
3529 2177 3685 2231 ordi-

2110 2279 2293 2322 natum
2341 2268 2527 2333 fuisse,
2568 2277 2625 2324 et
2672 2284 2794 2323 cum
2845 2270 2984 2324 inter
3025 2270 3168 2324 illius
3196 2270 3600 2324 ordinationem
3630 2278 3684 2323 et

2107 2360 2322 2415 Eusebii
2365 2361 2669 2415 decessoris
2720 2372 2952 2416 mortem
2997 2362 3201 2431 aliquid
3236 2360 3502 2416 efﬂuxerit
3542 2372 3683 2414 tem-

2107 2453 2276 2521 poris,
2312 2462 2541 2507 mortem
2574 2452 2789 2506 Eusebii
2820 2453 2997 2521 rejicit
3037 2454 3087 2508 in
3133 2469 3331 2507 annum
3361 2454 3683 2521 przeceden-

2108 2552 2234 2598 tem.
2262 2545 2390 2609 Sed,
2420 2546 2463 2599 si
2494 2546 2716 2600 obiisset
2743 2546 3009 2600 Eusebius
3038 2560 3180 2599 anno
3216 2545 3563 2613 praecedenti,
3591 2547 3679 2596 vi:

2108 2636 2282 2688 serius
2337 2637 2641 2705 Septembri
2718 2639 2979 2701 obiisset;
3048 2638 3313 2705 siquidem
3380 2635 3682 2704 Gregorius

2106 2724 2481 2780 Nazianzenus
2508 2727 2797 2782 Eusebium
2849 2730 3290 2782 Samosatensem
3326 2727 3564 2781 invitans
3613 2730 3681 2777 ad

2106 2815 2448 2879 electionem,
2484 2819 2730 2872 hortatur
2787 2829 2847 2874 ut
2899 2820 3092 2873 hiemis
3142 2819 3477 2873 incommoda
3522 2831 3684 2871 ante-

2111 2916 2309 2961 vertat.
2366 2908 2436 2963 At
2496 2910 2716 2963 nimium
2785 2920 2929 2966 esset
2992 2911 3333 2965 intervallum
3405 2926 3435 2963 a
3491 2924 3684 2962 mense

2110 2997 2412 3066 Septembri
2442 3015 2611 3069 usque
2652 3002 2716 3054 ad
2747 3003 2885 3056 diem
2920 3002 2984 3056 Η
3024 3001 3191 3057 Junii.
3234 3002 3431 3055 Eadem
3466 3001 3683 3054 ratione

2110 3087 2371 3153 probatur
2425 3089 2822 3144 ordinationem
2872 3092 2959 3144 die
3016 3092 3081 3145 Η
3127 3090 3271 3145 Junii
3310 3092 3507 3143 factam
3568 3108 3679 3144 non

2106 3174 2293 3230 fuisse.
2329 3177 2607 3243 Quomodo
2651 3181 2794 3233 enim
2832 3196 2937 3234 UIIO
2966 3181 3156 3234 saltem
3193 3195 3375 3236 mense
3408 3190 3531 3235 ante
3574 3182 3682 3236 boc

2107 3275 2321 3335 tempus
2372 3268 2565 3324 hiemis
2620 3271 2957 3325 incommoda
3006 3272 3286 3327 metuisset
3334 3271 3685 3341 Gregorius?

2107 3361 2366 3424 Qumnvis
2395 3371 2574 3413 autem
2610 3362 2663 3414 in
2704 3362 3102 3432 Martyrologiis
3136 3363 3363 3417 Usuardi
3397 3372 3449 3416 et
3472 3364 3684 3417 Adonis

2107 3452 2228 3505 dies
2261 3451 2434 3505 festus
2464 3452 2648 3507 Basilii
2681 3456 2746 3508 ad
2778 3453 2921 3511 Junii
2955 3457 3222 3509 decimum
3253 3466 3499 3525 quartum
3535 3457 3683 3510 diem

2109 3554 2375 3608 ponatur;
2408 3558 2513 3597 nan
2547 3552 2726 3597 tamen
2759 3560 2881 3597 cum
2903 3546 3009 3599 duo
3041 3546 3113 3599 illi
3142 3548 3432 3616 scriptores
3461 3546 3567 3601 hac
3595 3548 3685 3602 die

2107 3632 2415 3684 ordinatum
2466 3633 2673 3699 dicunt,
2711 3633 2973 3704 longeque
3023 3637 3353 3704 probabilius
3398 3646 3480 3690 est
3538 3638 3687 3691 hunc

2107 3722 2246 3776 diem
2300 3722 2518 3787 festum,
2571 3725 2659 3792 qui
2696 3724 2949 3781 Calendis
2994 3725 3234 3781 Januarii
3275 3728 3541 3781 celebrari
3574 3746 3683 3782 non

2108 3822 2341 3880 poterat,
2363 3815 2569 3870 idcirco
2595 3816 2644 3869 in
2698 3815 2915 3872 Junium
2947 3834 3181 3872 mensem
3211 3820 3463 3888 rejeclum
3490 3819 3682 3873 fuisse.

2112 3904 2294 3971 Quare
2338 3906 2508 3962 multo
2559 3910 2897 3964 commodius
2928 3910 3215 3964 Eusebium
3254 3912 3398 3965 circa
3434 3927 3683 3965 mensem

2110 3995 2324 4053 Junium
2388 4000 2591 4055 obiisse
2650 4002 2924 4056 existimat
2962 4002 3357 4070 Tillemontius,
3412 4002 3676 4058 Basiliam

2109 4099 2287 4142 autem
2347 4106 2533 4145 mense
2585 4091 2890 4161 Septembri
2925 4094 3232 4148 ordinatum
3270 4094 3452 4149 fuisse.
3500 4097 3682 4162 Atque

2114 4180 2254 4234 haud
2289 4181 2401 4235 scio
2436 4197 2502 4235 an
2535 4183 2697 4236 etiam
2723 4185 2901 4252 aptius
2920 4184 3199 4239 differatur
3231 4201 3398 4254 usque
3432 4185 3496 4240 ad
3528 4202 3685 4239 men-

2109 4288 2223 4327 sem
2291 4272 2577 4329 Octobrem
2642 4276 2937 4339 ordiuatio.
2987 4279 3053 4330 ad
3088 4294 3248 4345 qttam
3295 4278 3533 4332 invitatis
3569 4278 3681 4333 Eu-

2110 4363 2320 4416 sebium
2364 4362 2659 4434 Gregorius
2723 4366 3037 4429 metuebat,
3086 4383 3152 4422 ne
3201 4368 3277 4422 illi
3334 4370 3681 4424 incommoda

2039 4469 2083 4526 ο
2110 4454 2302 4508 hiemis
2334 4456 2826 4521 subeundaessent,
2860 4459 2960 4512 nisi
2992 4469 3198 4513 mature
3223 4460 3679 4529 proficisceretur.

2107 4546 2267 4600 Aliud
2318 4562 2496 4601 causae
2526 4562 2645 4602 esse
2672 4566 2775 4603 non
2812 4560 2942 4617 puto
2988 4566 3086 4603 cur
3121 4549 3414 4619 Gregorius
3443 4551 3679 4606 Naziano

2109 4653 2278 4692 zenus
2307 4650 2429 4692 octo
2454 4649 2659 4693 tantum
2691 4656 2862 4694 annos
2894 4641 3074 4694 Basilii
3105 4642 3445 4711 episcopatus
3488 4659 3682 4697 nume-

2116 4739 2221 4797 ret,
2259 4729 2359 4783 nisi
2389 4730 2540 4799 quia,
2574 4746 2695 4784 eum
2728 4746 2852 4786 sero
2876 4733 3156 4787 ordinatus
3199 4733 3358 4786 fuerit
3380 4750 3521 4786 anno
3551 4735 3678 4800 570,

2111 4835 2403 4889 paucorum
2456 4823 2720 4875 mensium
2760 4824 2945 4877 habita
2999 4825 3139 4878 ratio
3190 4841 3297 4878 non
3350 4824 3472 4878 fuit.
3543 4824 3681 4880 llinc

2111 4912 2272 4965 etiam
2301 4912 2557 4975 Basilius,
2588 4914 2836 4981 quamvis
2865 4915 3048 4967 multae
3073 4930 3372 4984 gravesque
3394 4916 3682 4972 subessent

2112 5019 2288 5057 causa:
2345 5002 2578 5057 Eusebio
2622 5014 2746 5072 post
2790 5005 3189 5061 ordinationem
3218 5008 3511 5073 scribendi,
3553 5024 3679 5063 sero

2115 5102 2292 5145 tamen
2345 5092 2395 5143 id
2443 5091 2590 5155 fecit,
2631 5108 2695 5146 eo
2738 5094 2879 5162 quod
2907 5094 3279 5163 Cappadoces
3307 5095 3374 5149 ad
3411 5095 3678 5165 ejusmodi

2112 5182 2304 5235 itinera
2358 5182 2535 5234 hieme
2591 5184 2867 5236 subeunda
2918 5187 3190 5240 tardiores
3245 5196 3450 5240 essent.
3503 5188 3677 5254 Objici

2111 5287 2293 5339 posset
2316 5274 2611 5329 Eudoxium
2642 5276 2786 5329 circa
2816 5290 3053 5331 mensem
3087 5277 3280 5332 Maium
3309 5279 3509 5334 obiisse
3538 5297 3679 5334 anno

2113 5368 2236 5433 570,
2266 5384 2362 5421 nec
2396 5377 2571 5423 tamen
2605 5369 2670 5423 de
2706 5369 2846 5425 illius
2874 5384 3187 5426 successore
3218 5373 3511 5451 quidquam
3548 5375 3677 5428 alla-

2190 5540 2259 5605 (ε)
2297 5541 2391 5607 Ep.
2422 5541 2545 5593 269.

2188 5612 2251 5675 (f)
2279 5608 2402 5661 Naz.
2440 5630 2526 5675 ep.
2559 5612 2646 5665 57.

2189 5684 2261 5757 (9)
2302 5680 2392 5733 0r.
2429 5681 2517 5739 20.
