3820 6210
1511 363 1669 420 VITA
1702 369 1762 421 δ.
1797 365 2069 422 uAStLIl.
3319 381 3411 428 ιιι

157 476 271 526 iam
317 485 446 526 esse
501 473 557 526 in
608 474 1007 548 Cappadociam
1049 490 1176 538 ante
1229 481 1464 538 reditum
1499 483 1744 547 Eusebii,
1775 489 1822 542 Α
1847 483 1925 554 pit
1951 483 2040 555 (j).
2077 481 2406 554 Supererant
2437 486 2600 541 etiam
2637 487 2690 541 in
2718 485 3049 557 Cappadocia
3078 487 3275 542 ethnici
3307 504 3412 544 non

156 576 314 630 quem
347 563 585 618 Basilius
634 567 712 639 (α)
751 572 1042 628 certiorem
1098 575 1258 642 hujus
1307 575 1382 631 rei
1418 574 1572 629 facit.
1607 576 1736 640 Sed,

157 663 213 704 ut
241 656 507 710 observat
544 657 946 724 Tillemontius,
988 667 1238 734 quamvis
1263 665 1536 720 Eudoxius
1556 681 1741 722 mense

155 741 300 797 Maio
331 745 587 800 videatur
614 749 838 818 obiisse,
874 752 988 808 ﬁeri
1015 757 1190 825 potuit
1224 765 1284 810 ut
1321 756 1565 810 Ecclesia
1597 757 1741 811 Con-

153 835 651 907 atantinopolitana
687 858 794 898 non
844 847 1028 900 statim
1067 847 1386 916 Demophilo
1415 847 1736 911 traderetur,

155 939 308 981 mora
341 928 524 999 aliqua
561 932 864 989 ambitiosis
894 937 1037 993 illius
1068 939 1312 994 consiliis
1340 940 1614 995 obstante.

755 1026 986 1083 CAPUT
1026 1028 1165 1085 XIV.

154 1109 193 1162 l.
220 1108 638 1188 Caesarianam":
670 1133 865 1188 magna
885 1121 1009 1188 ﬁdei
1037 1123 1233 1176 studia.
1266 1123 1331 1178 11.
1363 1123 1464 1178 Jus
1492 1123 1738 1177 exarchi-

224 1198 350 1260 cum
375 1180 724 1260 Caesariensis
757 1180 1009 1260 Ecclesia:
1037 1192 1310 1258 probatur.
1359 1195 1447 1248 Ill.
1480 1193 1608 1247 Post
1658 1194 1740 1244 di-

222 1253 486 1332 uisionem
507 1253 1012 1332 Cappqdacigtidem
1034 1253 1139 1332 jus
1159 1264 1485 1317 retinuerunt
1515 1263 1740 1331 episcopi

222 1316 628 1394 Cmaarienses.’
659 1325 746 1380 IV.
802 1316 1333 1394 Objet'ta'solvmttur
1377 1344 1424 1387 et
1457 1316 1738 1387 idecretu'm

217 1392 470 1443 secunde
501 1396 691 1460 synodi
713 1392 970 1464 generalis
991 1400 1306 1467 explicatur.

219 1477 263 1530 Ι.
302 1476 504 1534 Paucis
535 1482 928 1540 describendus
962 1499 1044 1542 est
1097 1488 1450 1548 Caesariensis
1485 1493 1740 1552 Ecclesiae

152 1576 376 1633 status,
436 1580 496 1625 ut
552 1575 916 1644 perspiciatur
973 1593 1136 1647 quam
1196 1581 1484 1637 molestum
1543 1584 1740 1642 Basilio

155 1658 346 1726 fuerit,
394 1663 490 1732 qui
529 1675 764 1721 secreta:
805 1668 931 1723 vita:
966 1670 1214 1726 semitam
1244 1674 1297 1727 in
1329 1675 1544 1732 deliciis
1575 1678 1740 1733 babe-

150 1750 264 1818 bat,
301 1752 358 1806 in
402 1763 556 1808 tanta
597 1756 719 1811 luce
751 1759 1002 1816 collocari
1039 1762 1136 1832 (b).
1165 1762 1376 1819 Clarior
1405 1777 1526 1822 erat
1557 1768 1738 1824 Caesa-

1854 575 2036 644 pauci.
2067 572 2203 628 Nam
2235 590 2332 645 per
2358 590 2545 631 omnes
2576 575 2690 630 fere
2720 591 2878 647 agros
2907 577 3078 646 sparsi
3124 585 3280 632 erant
3307 576 3415 631 Ma-

1844 667 2038 736 gusmi,
2077 681 2210 735 gens
2244 668 2618 735 superstitiosa
2663 667 2790 721 olim
2847 669 2912 721 ad
2963 668 3101 722 hanc
3136 668 3412 738 regionem

1843 757 2181 812 incolendam
2204 757 2477 827 Babylone
2506 759 2754 812 adducta.

1916 847 1975 904 S.
2020 848 2317 919 Gregorius
2349 847 2630 920 Nyssenus
2657 847 2733 920 (k)
2764 849 2830 901 ab
2862 849 3054 902 itinere
3102 847 3412 914 Hierosoly-

1843 941 2054 996 mitano
2084 940 2434 1010 Cappadoces
2487 941 2590 996 hac
2629 941 2863 995 maxime
2915 940 3121 994 ratione
3156 939 3413 993 dehorta-

1844 1042 1952 1097 tur,
1993 1035 2157 1102 quod,
2199 1033 2242 1088 si
2285 1033 2375 1087 Dei
2412 1034 2755 1102 praesentiam
2787 1047 2851 1088 ex
2910 1033 2974 1087 iis
3029 1046 3152 1100 quae
3204 1029 3412 1098 conspi-

1843 1127 2064 1179 ciuntur
2083 1124 2353 1192 coniicere
2379 1124 2561 1186 liceat,
2594 1125 2763 1180 multo
2788 1126 2960 1194 magis
2990 1124 3041 1178 in
3073 1122 3410 1192 Cappadocia

1843 1213 2004 1279 Deus,
2054 1227 2214 1280 quam
2272 1212 2394 1266 aliis
2446 1212 2499 1266 in
2535 1212 2672 1266 locis
2723 1211 2972 1266 videatur
3019 1210 3285 1265 habitare.
3334 1209 3409 1263 Ibi

1841 1303 1984 1356 enim
2016 1301 2241 1372 plurima
2263 1317 2380 1356 esse
2409 1301 2618 1367 altaria,
2654 1317 2749 1370 per
2780 1316 2898 1372 quae
2919 1315 3111 1356 nomen
3145 1299 3235 1354 Dei
3266 1298 3411 1353 cele-

1840 1394 2052 1459 bratur,
2092 1409 2155 1448 ac
2183 1409 2321 1464 pene
2357 1394 2507 1462 plura
2537 1410 2699 1464 quam
2732 1395 2783 1449 in
2811 1403 2924 1448 toto
2957 1393 3087 1449 orbe
3118 1400 3408 1449 terrarum.

1843 1485 1988 1540 Inest
2015 1500 2148 1540 sane
2175 1487 2258 1540 his
2281 1487 2460 1541 verbis
2486 1501 2678 1554 magna
2699 1486 3081 1554 exaggeratio;
3113 1483 3207 1539 sed
3231 1491 3409 1537 tamen

1839 1579 2074 1646 perspici
2112 1593 2178 1633 ex
2209 1579 2313 1634 illis
2358 1589 2538 1648 potest
2595 1595 2715 1648 quae
2755 1579 2823 1632 ad
2860 1578 2957 1634 Dei
3010 1577 3211 1632 cultum
3241 1575 3412 1645 perti-

1843 1680 1994 1734 nent,
2023 1670 2314 1739 plurimum
2340 1671 2392 1725 in
2415 1671 2755 1741 Cappadocia
2788 1669 3094 1740 splendoris
3135 1667 3409 1723 habuisse.

1840 1760 2154 1816 Necessaria
2189 1776 2320 1817 sane
2373 1770 2490 1816 erat
2538 1761 2728 1832 religio
2769 1760 3074 1815 Christiana
3125 1759 3191 1813 ad
3228 1772 3412 1813 emen-

150 1857 244 1898 rea
293 1847 592 1902 catholicae
641 1849 766 1904 ﬁdei
814 1853 1014 1917 studio,
1065 1869 1225 1923 quam
1280 1856 1479 1913 erectis
1509 1857 1639 1912 olim
1667 1860 1736 1916 ob
1774 1835 2052 1909 Bdandos
2103 1852 2484 1924 Cappadocum
2546 1868 2746 1920 mores,
2799 1852 2891 1922 qui
2950 1853 3093 1906 inter
3143 1850 3412 1920 pessimos

151 1929 304 1988 fusos
332 1935 528 1991 hostes
560 1940 796 2006 tropteis,
819 1951 910 1995 aut
932 1955 1240 2015 opportuno
1271 1955 1380 2000 tum
1399 1947 1464 2002 ad
1499 1949 1731 2006 hiemem

151 2034 268 2079 tum
312 2027 381 2080 ad
399 2039 648 2083 aestatem
681 2032 810 2097 situ,
837 2044 931 2088 aut
956 2037 1098 2104 quod
1130 2037 1371 2092 virorum
1398 2037 1551 2094 ferax
1568 2050 1734 2106 esset,

149 2126 203 2172 et
249 2117 468 2172 alendis
515 2122 806 2189 pecoribus
859 2126 1074 2193 idonea,
1125 2142 1190 2182 ac
1228 2142 1418 2184 omnes
1472 2132 1572 2186 sub
1625 2131 1738 2186 sole

149 2207 319 2265 urbes
347 2225 619 2278 equorum
649 2216 903 2286 gregibus
941 2229 1248 2286 superaret.
1277 2220 1435 2275 Nulla
1466 2221 1572 2276 alia
1601 2223 1740 2278 civi-

157 2308 245 2354 tas
280 2302 388 2356 sub
410 2301 631 2360 Juliauo
665 2307 980 2378 religionem
1008 2310 1192 2364 acrius
1215 2310 1581 2368 defendit.Ait
1603 2313 1740 2369 Gre-

149 2393 340 2460 gorius
371 2395 635 2467 Theologi
686 2406 843 2469 pater
870 2401 942 2469 (c)
988 2401 1127 2456 hanc
1154 2399 1454 2457 Ecclesiam
1495 2406 1737 2460 omnium

150 2499 292 2554 pene
331 2486 707 2544 Ecclesiarum
740 2500 972 2547 matrem
1007 2501 1064 2548 et
1105 2494 1406 2564 antiquitus
1431 2494 1624 2562 fuisse,
1677 2511 1739 2552 ac

151 2592 300 2633 nunc
326 2579 496 2634 etiam
524 2595 650 2636 esse
671 2591 728 2637 et
761 2584 994 2651 censeri,
1042 2599 1106 2638 ac
1143 2585 1197 2638 iu
1228 2601 1347 2639 eam
1379 2587 1514 2642 alias
1555 2589 1742 2643 Eccle-

152 2671 283 2734 sias,
312 2671 483 2726 veluti
512 2673 778 2729 circulum
806 2684 996 2731 centro
1017 2676 1518 2746 circumscriptum,
1549 2680 1740 2738 oculos

155 2765 463 2832 conjicere,
493 2780 601 2822 non
633 2767 806 2822 solum
830 2779 1053 2838 propter
1079 2770 1202 2824 lidei
1240 2771 1737 2840 integritatemjam

153 2855 284 2908 olim
317 2859 566 2912 omnium
601 2858 744 2913 fama
789 2861 1163 2930 praedicatam,
1191 2863 1288 2917 sed
1323 2864 1486 2919 etiam
1515 2865 1585 2920 ob
1620 2859 1744 2920 cnn-

155 2947 407 3003 cordiam
440 2951 734 3006 manifesto
764 2951 859 3006 Dei
899 2952 1164 3008 beneﬁcio
1197 2969 1534 3011 concessam.
1570 2955 1742 3024 Hujus

155 3039 280 3096 fidei
321 3051 379 3097 et
412 3044 723 3099 concordiae
768 3045 1250 3114 praeclarissimum
1300 3049 1572 3117 specimen
1604 3050 1743 3104 vidi-

157 3145 298 3196 mus,
337 3147 469 3188 cum
498 3135 719 3200 Valens,
746 3136 971 3207 ejusque
1007 3139 1322 3204 comitatus,
1355 3141 1550 3196 nefarii
1577 3143 1742 3198 haere-

155 3223 267 3288 tici,
311 3223 542 3279 inanem
595 3226 648 3280 in
713 3229 1072 3297 Oppugnanda
1125 3229 1373 3285 Cmsarea
1436 3244 1732 3288 conatuum

160 3329 388 3369 suorum
419 3317 628 3371 exitum
664 3318 969 3388 plorarunt.
1007 3321 1159 3377 Fidei
1195 3321 1401 3389 fervor,
1437 3333 1574 3380 teste
1614 3325 1745 3382 Gre-

160 3409 314 3471 gorio
348 3406 706 3466 Nazianzeno
750 3413 855 3482 (ά),
906 3429 1048 3484 sarpe
1076 3415 1329 3484 populum
1354 3417 1741 3475 Caesariensem

157 3499 209 3552 in
236 3499 609 3558 electionibus
641 3505 1018 3574 episcoporum
1044 3508 1111 3560 ad
1155 3509 1529 3564 contentiones
1567 3519 1623 3566 et
1659 3512 1744 3566 di-

158 3591 487 3648 micationes
545 3595 863 3663 arripiebat.
913 3597 1200 3668 Nunquam
1241 3601 1382 3667 apud
1427 3615 1522 3656 eos
1576 3601 1744 3656 inter-

159 3682 324 3736 missa
355 3683 484 3738 iidei
512 3683 745 3741 Nicanae
776 3688 1117 3756 praedicatio,
1143 3698 1203 3744 ut
1229 3689 1488 3745 discimus
1535 3707 1600 3746 ex
1626 3694 1744 3761 ipso

158 3769 360 3827 Basilio
396 3774 493 3842 (ε).
559 3773 676 3829 Non
723 3777 894 3831 solum
949 3778 1215 3842 Caesarea,
1280 3781 1374 3834 sed
1430 3790 1538 3834 tota
1580 3783 1742 3836 etiam

159 3863 511 3933 Cappadocia
563 3868 869 3922 incendium
911 3871 1061 3935 illud,
1093 3872 1237 3940 quod
1273 3881 1440 3927 totum
1467 3872 1744 3928 Orientem

159 3967 494 4026 vastaverat,
544 3959 732 4014 saltem
765 3977 936 4031 usque
965 3965 1031 4016 ad
1062 3979 1262 4018 annum
1298 3964 1402 4019 575
1448 3965 1656 4036 effugit,
1690 3976 1748 4021 ut

159 4053 524 4122 perspicimus
574 4068 641 4108 ex
668 4053 912 4123 pluribus
973 4054 1154 4110 Basilii
1185 4056 1426 4126 epistolis
1474 4058 1562 4128 (f).
1605 4059 1744 4127 Quin

160 4148 322 4200 etiam
357 4148 438 4218 (g)
462 4145 820 4215 Cappadociae
850 4148 1086 4218 episcopi
1129 4159 1286 4203 erant
1327 4150 1494 4205 veluti
1539 4153 1746 4222 scopuli

160 4240 381 4308 quidam
428 4241 482 4293 in
513 4240 649 4293 mari
679 4245 1070 4310 prominentes,
1098 4255 1163 4295 ac
1192 4241 1428 4296 furorem
1459 4243 1737 4299 haeretico-

161 4343 280 4384 rum
311 4330 578 4386 ﬂuctuum
606 4333 964 4402 excipientes,
1027 4334 1118 4402 qui
1174 4334 1301 4388 dum
1342 4331 1749 4403 'l'rangerentur

161 4423 306 4476 circa
355 4421 780 4491 Cappadociam,
832 4439 896 4478 ea
955 4440 1074 4492 quae
1118 4435 1262 4479 retro
1287 4435 1415 4480 sunt
1443 4441 1546 4480 non
1581 4427 1748 4482 allue-

1845 1945 2093 2000 homines
2126 1945 2401 2000 numerari
2431 1943 2701 1999 solebant.
2744 1941 2873 1996 lude
2905 1940 3068 1996 ﬂebat
3113 1948 3172 1994 ut
3201 1939 3292 2008 qui
3318 1947 3413 1991 aut

1843 2035 2136 2092 Christiani
2160 2051 2266 2091 non
2294 2044 2474 2101 erant,
2505 2043 2596 2089 aut
2616 2034 2668 2088 in
2697 2033 3003 2088 Christiana
3042 2029 3300 2101 religione
3320 2042 3415 2082 ve-

1845 2137 2019 2183 terem
2065 2129 2340 2183 hominem
2394 2127 2686 2184 servabant
2721 2126 2810 2196 (ι),
2855 2121 3106 2176 omnibus
3157 2120 3411 2174 vitiorum

1845 2219 2074 2274 maculis
2102 2228 2441 2283 notarentur,
2491 2233 2556 2274 ex
2602 2233 2710 2287 quo
2748 2215 3020 2271 interdum
3044 2221 3186 2266 natae
3221 2210 3280 2266 S.
3317 2208 3416 2263 Ba-

1843 2313 1966 2368 silio
1994 2312 2376 2382 ingemiscendi
2407 2325 2602 2367 causae.

1917 2401 1982 2458 ll.
2047 2401 2203 2456 Nulla
2259 2402 2487 2457 deerant
2517 2400 2778 2456 Caesareae
2828 2410 3145 2468 magnarum
3199 2391 3412 2447 urbium

1847 2504 2162 2549 ornamenta
2204 2495 2334 2566 (m);
2362 2495 2454 2549 sed
2482 2507 2736 2562 magnum
2774 2491 3022 2560 inprimis
3048 2489 3213 2544 decus
3241 2484 3416 2540 Eccle-

1847 2586 1942 2641 siae
1963 2584 2284 2640 Caesariensi
2308 2584 2570 2639 aﬂ'erebat
2607 2584 2872 2638 latissime
2899 2582 3174 2651 pertinens
3196 2577 3417 2649 jurisdi-

1845 2678 1975 2734 Clio.
2009 2677 2151 2743 Quot
2184 2677 2327 2731 enim
2355 2675 2646 2745 provinciae
2677 2674 2906 2729 ducibus
2932 2681 2987 2726 et
3016 2671 3235 2725 vicariis
3273 2669 3414 2723 Pon-

1847 2770 1968 2824 ticze
1998 2769 2286 2837 parebant,
2318 2768 2543 2822 totidem
2588 2763 2941 2821 Caesariensis
2979 2761 3213 2833 episcopi
3267 2758 3416 2813 curis

1851 2861 2154 2916 commissae
2202 2859 2438 2914 fuerunt.
2474 2858 2634 2914 Certe
2673 2857 2952 2918 Armenia,
3005 2868 3128 2924 quae
3159 2868 3262 2906 una
3298 2858 3417 2904 erat

1849 2963 1914 3002 ex
1949 2947 2056 3002 illis
2090 2946 2404 3018 provinciis,
2463 2931 2683 3011 Basilio,
2730 2943 2897 2999 veluti
2931 2942 3146 2997 cuidam
3179 2940 3418 2994 exarcho

1850 3043 2092 3112 parebat.
2144 3040 2277 3095 Nam
2332 3056 2474 3094 anno
2507 3039 2613 3095 5⁵72
2653 3039 2966 3093 mandatum
3014 3036 3222 3104 accepit
3266 3032 3419 3087 Basi-

1851 3135 1953 3189 lius
1982 3133 2059 3205 (n)
2088 3134 2155 3189 ab
2187 3135 2529 3204 imperatore,
2558 3139 2616 3186 ut
2653 3131 2937 3201 episcopos
2969 3129 3095 3182 huic
3127 3125 3418 3195 provinciae

1847 3227 2022 3281 daret.
2071 3225 2373 3294 Adjunctus
2397 3234 2482 3280 est
2503 3225 2551 3279 ei
2584 3224 2764 3279 socius
2791 3223 3102 3277 Theodotus
3129 3218 3418 3286 provincia:

1848 3317 2316 3387 metropolitanus.
2346 3317 2396 3372 ls
2433 3316 2634 3372 Basilio
2680 3317 2750 3371 ob
2795 3314 2939 3368 illius
2979 3329 3102 3369 cum
3135 3311 3417 3366 Eustathio

1847 3409 2284 3479 coniunctionem
2338 3410 2716 3472 succensebat,
2766 3421 2864 3462 nec
2925 3406 2973 3461 ei
3007 3419 3224 3474 operam
3263 3417 3414 3457 suam

1850 3501 2066 3555 tradere
2101 3500 2290 3553 voluit.
2315 3499 2430 3553 Non
2461 3499 2668 3554 idcirco
2697 3499 2934 3552 animum
2963 3495 3247 3564 despondit
3269 3491 3420 3546 Basi-

1852 3590 1979 3656 lius,
2022 3591 2117 3647 sed
2152 3591 2416 3662 quidquid
2473 3591 2526 3644 in
2576 3591 2692 3661 ipso
2742 3589 2906 3643 situm
2955 3587 3077 3651 fuit,
3128 3586 3419 3655 diligenter

1848 3692 2140 3739 exsecutus
2186 3691 2271 3737 est
2312 3700 2326 3734 :
2383 3696 2571 3753 pacem
2607 3678 2914 3748 composuit
2959 3680 3103 3732 inter
3134 3676 3420 3746 episcopos

1848 3776 2136 3840 Armeniae,
2172 3790 2360 3830 eorum
2413 3775 2466 3828 in
2503 3773 2774 3828 nonnullis
2812 3773 2973 3827 rebus
3025 3768 3414 3840 negligentiam

1851 3869 2219 3939 reprehendit,
2269 3877 2323 3922 et
2367 3866 2435 3922 de
2469 3867 2535 3921 iis
2573 3866 2852 3932 sanandis,
2891 3878 3011 3934 quae
3039 3860 3413 3917 indifferenter

1852 3963 1904 4016 in
1939 3960 2198 4016 Armenia
2251 3958 2637 4029 peccabantur,
2693 3956 2910 4027 regulas
2943 3953 3294 4023 praescripsit.
3316 3950 3420 4005 Co—

1849 4053 2038 4125 gnovit
2065 4050 2230 4104 etiam
2263 4048 2330 4102 de
2364 4047 2527 4101 illatis
2559 4045 2762 4116 Cyrillo
2792 4044 3044 4114 episcopo
3073 4039 3416 4104 criminibus,

1852 4158 1914 4198 ac
1948 4140 2214 4197 Satalensi
2249 4137 2504 4193 Ecclesiae
2544 4137 2860 4204 episcopum
2915 4134 3081 4188 dedit.
3142 4130 3420 4185 Immerito

1848 4251 1981 4292 sane
2021 4231 2285 4302 ejusmodi
2347 4245 2540 4284 munus
2588 4227 2785 4283 Basilio
2829 4225 3181 4280 commissum
3210 4223 3421 4278 dicere-

1855 4340 1962 4393 tur,
1995 4342 2104 4382 non
2153 4333 2214 4379 ut
2253 4322 2532 4393 dignitatis
2581 4321 2724 4376 illius
2753 4330 2807 4376 et
2843 4314 3236 4388 iurisdictionis
3276 4313 3416 4368 ratio

1852 4419 2146 4475 haberetur
2169 4457 2185 4482 ,
2241 4415 2334 4471 sed
2371 4423 2592 4484 propter
2621 4410 2928 4466 sanctitatis
2960 4417 3014 4462 et
3045 4405 3307 4462 doctrinae
3336 4403 3420 4456 fa-

160 4513 314 4569 hant.
386 4513 445 4568 Si
501 4515 590 4582 qui
631 4515 902 4569 interdum
939 4517 1178 4585 episcopi
1238 4531 1406 4585 prave
1457 4521 1743 4582 sentirent,
1781 4523 1827 4581 D
1854 4528 2016 4566 mam.
2044 4509 2226 4578 Neque
2258 4508 2402 4561 enim
2425 4503 2684 4572 ejusmodi
2707 4501 3013 4557 nominibus
3037 4495 3296 4552 devinciri
3329 4510 3421 4550 so-

161 4608 489 4674 populorum
551 4619 699 4662 metu
767 4623 1012 4662 errorem
1071 4623 1326 4679 premere
1387 4611 1740 4678 cogebantur.

161 4698 424 4754 Testatur
451 4699 597 4754 enim
631 4698 926 4769 Gregorius
951 4699 1324 4754 Nazianzenus
1352 4699 1429 4771 (It)
1460 4703 1748 4758 nonnullos

162 4790 456 4859 episcopos
488 4803 614 4843 cum
643 4789 840 4844 Basilio
869 4790 922 4843 in
960 4789 1082 4844 lidei
1114 4790 1329 4858 negotio
1362 4793 1584 4845 minimc
1613 4807 1745 4846 con-

165 4882 432 4946 sensisse,
462 4881 568 4935 nisi
599 4891 859 4950 quantum
886 4895 979 4935 eos
1028 4881 1212 4950 populi
1247 4882 1555 4936 consentire
1584 4897 1747 4954 coge-

160 4975 312 5027 bant.
361 4973 497 5036 Sed,
533 4973 576 5026 si
626 4973 844 5026 Arianis
873 4974 1055 5028 aditus
1098 4973 1152 5026 in
1205 4972 1606 5042 Cappadociam
1639 4991 1744 5030 non

162 5065 362 5132 patuit,
399 5065 642 5132 antiqua:
692 5066 927 5119 haereses
977 5065 1213 5118 nondum
1265 5065 1316 5118 in
1369 5065 1470 5120 hac
1524 5067 1744 5135 regione

163 5164 323 5209 erant
349 5155 637 5209 exstincta:
669 5155 752 5223 (ἰ).
791 5152 923 5208 Nam
942 5171 1003 5209 ex
1027 5154 1421 5210 Eucratitarum
1439 5163 1585 5210 secta
1605 5157 1740 5210 duos

165 5245 453 5313 episcopos
481 5242 714 5299 Basilius
751 5245 803 5297 in
864 5244 1157 5298 Ecclesiam
1207 5246 1494 5299 redeuntes
1553 5261 1738 5301 susce-

240 5361 320 5426 (η)
349 5359 450 5426 Ep.
476 5358 566 5413 48.

242 5431 320 5498 (ὁ)
349 5430 515 5501 Basil.
543 5431 690 5501 hom.
724 5446 780 5482 tn
812 5427 971 5484 ϐου-ιι.
1001 5439 1131 5489 tom.
1161 5431 1225 5495 ll,
1250 5448 1302 5501 ιι.
1343 5431 1469 5495 H2,
1502 5447 1555 5486 η.
1585 5433 1636 5484 2.

245 5502 320 5562 (c)
349 5499 482 5554 Νη.
509 5514 596 5567 ep.
628 5499 721 5552 Ἠ..

249 5572 330 5638 (ά)
354 5569 447 5624 0r.
482 5569 548 5624 i9

251 5645 325 5702 (ei
356 5639 451 5708 Ep.
487 5640 615 5699 140.
644 5656 696 5692 n.
729 5674 779 5692 ο.

251 5709 324 5776 (fl
350 5710 447 5778 Ep.
484 5711 554 5763 es
569 5720 624 5762 et
648 5709 774 5764 222.

257 5783 331 5850 ty)
359 5781 454 5851 Ep.
479 5780 608 5844 205,
633 5796 685 5833 n.
717 5781 766 5834 Ι.

1861 4604 2007 4659 lebat
2030 4600 2204 4670 gratia
2233 4596 2504 4662 Valentis;
2530 4611 2593 4650 ac
2618 4606 2877 4664 praeterea
2909 4592 3310 4646 detraxissctea
3337 4604 3423 4642 res

1851 4697 2060 4766 dejure
2104 4691 2397 4756 Theodoti,
2429 4692 2517 4760 qui
2545 4688 2859 4759 praeclaram
2893 4685 3167 4740 habuisset
3201 4697 3422 4736 causam

1854 4787 2004 4843 missi
2029 4783 2258 4840 faciendi
2280 4782 2485 4845 Basilii,
2511 4795 2613 4834 nec
2647 4791 2820 4832 tamen
2853 4776 3011 4829 aliam
3037 4773 3261 4843 protulit
3287 4787 3425 4840 prae-

1857 4889 1940 4934 ter
2007 4878 2156 4931 illius
2212 4889 2333 4929 cum
2390 4872 2674 4927 Eustathio
2731 4869 3189 4938 conjunctionem.
3237 4863 3424 4932 Neque

1855 4971 2020 5025 etiam
2061 4967 2387 5022 crediderim
2415 4963 2697 5027 Basilimn,
2726 4978 2832 5033 qua
2855 4960 3040 5016 eratin
3063 4954 3421 5012 observandis

1857 5061 2165 5117 canonibus
2201 5058 2482 5128 religione,
2531 5057 2759 5110 libenter
2787 5052 3046 5124 ejusmodi
3097 5047 3281 5102 munia
3320 5044 3418 5098 ob-

1851 5152 2049 5204 iturqu
2100 5145 2270 5202 fuisse
2307 5147 2360 5200 in
2403 5145 2576 5198 aliena
2627 5144 2925 5212 provincia,
2980 5145 3312 5210 repugnante
3355 5149 3419 5188 ac

1849 5257 2075 5311 operam
2110 5255 2265 5295 suam
2297 5239 2595 5309 denegante
2623 5236 2911 5308 provinciae
2946 5229 3384 5301 metropolitano.

1923 5359 1996 5428 (h)
2028 5358 2121 5412 Or.
2145 5357 2236 5410 20.

1926 5433 1990 5496 (ἱ)
2027 5429 2122 5496 Ep.
2162 5428 2286 5493 188,
2310 5444 2427 5480 can.
2461 5429 2508 5480 Ι.

1927 5499 1990 5566 (j)
2020 5499 2114 5564 Ep.
2151 5498 2274 5557 ass.
2309 5515 2362 5552 ιι.
2385 5499 2438 5551 4.

1929 5569 2002 5630 tk)
2031 5567 2183 5619 Tom.
2216 5567 2299 5621 Ill.

1931 5640 1993 5701 (ι)
2033 5637 2128 5702 Ep.
2163 5637 2282 5689 ll9.

1936 5708 2031 5774 (nt)
2071 5706 2164 5772 Ep.
2202 5706 2283 5758 76.

1933 5779 2010 5848 (η)
2042 5777 2134 5846 Ep.
2160 5776 2248 5829 99.
