3820 6210
315 317 383 363 1.x
1653 288 2179 346 PROLEGUMENA.

389 415 544 470 Anno
568 414 692 479 375,
725 411 956 467 Faustus
978 410 1195 481 quidam
1233 424 1300 464 ex
1345 408 1597 464 Armenia
1645 407 1793 463 venit
1815 408 1878 461 ad
1911 419 1959 478 Α
1986 412 2052 462 ad
2082 423 2140 464 se
2178 407 2428 478 querelas
2449 422 2509 462 ea
2535 407 2602 462 de
2630 421 2688 462 re
2718 405 3020 462 detulisset.
3064 405 3370 474 Respondet
3404 405 3562 461 Basi-

319 509 574 562 Basiliuni
602 522 725 561 cum
763 505 958 560 litteris
989 503 1088 558 viri
1137 502 1390 573 potentis,
1423 516 1543 570 quae
1580 510 1638 554 ut
1665 500 1767 553 iste
1800 514 1888 552 or-

319 597 602 651 dinaretur
655 597 936 666 episcopus
967 595 1236 662 petebant.
1273 592 1480 659 Bejecit
1512 606 1634 645 eum
1661 589 1888 643 Basilius

321 691 448 759 quia
500 688 697 742 litteris
721 698 776 741 et
807 685 1133 740 testimoniis
1187 684 1562 752 episcoporum
1617 681 1888 734 Armeniae

322 783 555 835 munitus
600 793 705 834 non
737 789 873 833 erat.
908 778 1014 832 Sed
1060 778 1160 831 iste
1201 776 1442 843 confugit
1478 773 1542 834 ad
1573 773 1885 827 Antliimuin

323 871 681 942 Tyanensem,
716 868 966 923 secundae
1000 865 1356 936 Cappadociae
1392 863 1884 931 metropolitanum,

321 961 436 1027 qui,
468 960 700 1014 libenter
725 957 1064 1012 occasionem
1103 957 1372 1025 arripiens
1404 954 1740 1008 vindicandae
1787 951 1886 1006 sibi

317 1049 729 1120 jurisdictionis,
785 1049 1038 1106 Faustum
1105 1047 1400 1101 ordinavit.
1465 1043 1793 1099 Permoleste
1837 1043 1887 1096 id

324 1144 447 1198 tulit
497 1141 732 1196 Basilius
761 1140 859 1212 (a),
885 1155 950 1195 ac
987 1139 1232 1209 pluribus
1266 1139 1319 1192 iu
1349 1138 1592 1207 epistolis
1650 1144 1889 1192 contem-

322 1245 474 1305 ptum
510 1248 569 1290 se
598 1249 626 1286 a
652 1232 874 1295 Fausto,
908 1241 964 1286 et
995 1231 1191 1285 factam
1240 1231 1341 1286 sibi
1395 1228 1645 1298 injuriam
1678 1229 1745 1281 ah
1777 1226 1890 1280 An-

324 1327 494 1380 thimo
517 1325 782 1395 queritur.
809 1323 1024 1389 lnjusta:
1051 1337 1271 1392 prorsus
1290 1331 1344 1376 et
1370 1321 1615 1376 absurda:
1633 1319 1888 1390 querelae,

325 1418 372 1472 si
409 1417 552 1470 nulla
616 1425 735 1470 erat
788 1414 842 1468 in
891 1414 1197 1467 Armeniam
1243 1413 1477 1482 episcopi
1531 1409 1883 1465 Caesariensis

320 1504 641 1574 jurisdictio.
678 1501 980 1570 Quinetiam
1039 1503 1162 1556 huic
1202 1501 1296 1566 rei,
1335 1516 1454 1569 qua:
1493 1509 1660 1554 totam
1698 1499 1890 1552 Arme-

328 1598 472 1652 niam
508 1596 939 1664 perturbaverat,
969 1594 1266 1648 remedium
1300 1592 1517 1661 aliquod
1535 1589 1768 1648 Basilius
1787 1605 1885 1658 pro

329 1702 538 1741 summa
564 1701 658 1741 sua
682 1685 951 1741 cliaritate
983 1682 1176 1742 afferre
1210 1682 1396 1745 voluit,
1447 1691 1503 1736 et
1553 1681 1619 1736 ad
1673 1680 1888 1735 Preme-

329 1779 478 1835 nium
528 1775 766 1844 scripsit,
797 1787 854 1828 ut
887 1775 1173 1830 certiorem
1217 1787 1277 1828 se
1331 1774 1535 1830 faceret
1594 1781 1776 1831 utrum
1807 1786 1894 1825 res
1929 1774 1968 1827 Β

329 1869 508 1924 sanari
537 1882 706 1923 necne
731 1877 915 1940 posset
951 1885 965 1920 :
997 1865 1138 1935 quod
1163 1865 1376 1934 quidem
1428 1862 1567 1918 illius
1600 1862 1890 1916 auctorita-

333 1968 437 2014 tem
461 1967 516 2013 et
538 1956 662 2025 jura
693 1956 1005 2011 conﬁrmat.

397 2053 554 2106 Anno
587 2050 712 2114 575,
750 2059 963 2104 mortuo
994 2048 1291 2114 Theodoto,
1322 2064 1444 2103 cum
1473 2049 1770 2119 periculum
1812 2064 1896 2105 es-

330 2151 432 2205 set,
465 2155 531 2194 ne
560 2139 746 2194 Ariani
797 2139 936 2193 hanc
962 2138 1258 2192 Ecclesiam
1308 2148 1659 2206 occuparent,
1689 2139 1898 2195 Poeme-

329 2234 453 2287 nius
483 2230 777 2286 Satalensis
815 2231 1117 2300 episcopus,
1156 2229 1406 2284 celeriter
1440 2231 1890 2286 anteveniendum

329 2330 504 2388 ratus,
529 2322 658 2376 inito
694 2336 816 2376 cum
862 2320 1082 2390 collegis
1113 2321 1359 2387 cmisilio,
1395 2321 1761 2389 Euphronium
1792 2320 1896 2375 Co-

329 2414 625 2477 loniensem
659 2414 710 2468 in
749 2413 888 2467 hanc
945 2411 1126 2466 sedem
1187 2411 1482 2465 transtulit.
1543 2412 1791 2466 Accessit
1832 2415 1900 2465 ad

333 2508 438 2564 hoc
467 2506 753 2565 consilium
779 2503 1080 2563 auctoritas
1110 2500 1320 2567 Basilii,
1356 2512 1410 2554 ut
1439 2518 1501 2555 ex
1535 2502 1777 2571 pluribus
1810 2501 1900 2557 lit-

333 2598 466 2653 teris
501 2595 576 2667 (b)
608 2611 669 2650 ea
694 2595 762 2649 de
807 2609 865 2649 re
909 2593 1129 2661 scriptis
1163 2593 1493 2661 perspicitur
1528 2613 1540 2648 :
1572 2608 1701 2646 suas
1730 2592 1797 2646 ad
1835 2592 1900 2645 il-

330 2689 442 2746 lum
474 2687 722 2757 querelas
769 2685 1077 2741 detulerunt
1128 2685 1499 2748 Colonienses,
1539 2700 1674 2755 quos
1712 2685 1902 2756 buma-

331 2780 575 2838 nissimis
617 2778 816 2836 litteris
850 2777 1161 2836 consolatus
1191 2789 1294 2841 est,
1331 2792 1589 2846 spemque
1632 2776 1808 2829 attulit
1844 2789 1906 2830 se

333 2874 400 2932 ad
433 2890 526 2928 eos
554 2881 863 2937 venturum,
889 2886 951 2926 ac
983 2871 1231 2926 daturum
1269 2885 1489 2938 operam
1523 2881 1581 2923 ut
1612 2868 1714 2922 illis
1738 2868 1902 2924 satis-

332 2965 506 3021 ﬁeret.

404 3056 590 3112 Basilii
654 3056 708 3111 in
758 3057 930 3126 ipsum
981 3055 1212 3110 Pontum
1259 3054 1553 3112 exarcbica
1606 3055 1906 3108 auctoritas

1995 498 2100 553 lius
2127 513 2184 553 se
2213 508 2490 567 acceptam
2528 496 2778 565 iniuriam
2819 495 3033 550 silentio
3086 495 3396 564 pertulisse,
3432 510 3562 563 pro-

1995 598 2180 657 pterea
2222 589 2363 656 quod
2393 587 2656 656 ejusmodi
2712 585 2972 640 molestiis
3002 596 3222 640 assueto
3255 586 3388 639 nihil
3439 588 3561 639 novi

1997 688 2089 732 aut
2122 678 2475 748 inexspectati
2525 677 2771 730 accidere
2801 676 3087 730 videatur:
3120 685 3374 729 caeterum
3411 691 3562 743 spem

2005 773 2108 827 sibi
2136 771 2414 840 aﬂ'ulgere,
2450 769 2824 823 hlarcellianos
2853 784 2882 820 a
2915 783 2972 823 se
3004 768 3055 820 in
3080 767 3568 836 Ecclesiamzequis

1995 865 2392 918 conditionibus
2424 862 2709 915 adductum
2742 861 2825 913 iri.
2861 859 2986 915 Haec
3009 859 3265 913 discimus
3294 874 3360 912 ex
3403 861 3563 927 epist.

1993 953 2119 1008 266.
2148 952 2240 1006 llis
2271 953 2470 1006 addere
2493 965 2780 1017 possumus
2812 950 2952 1016 quod
2985 950 3316 1002 Sozomenus
3344 948 3411 1016 (Γ)
3446 964 3570 1000 nar-

1994 1053 2098 1107 rat,
2120 1041 2437 1097 Gerontium
2465 1039 2930 1093 Nicomediensem
2987 1039 3299 1105 episcopum
3335 1041 3404 1093 ab
3437 1038 3564 1092 llel-

1995 1133 2136 1187 ladio
2165 1132 2485 1187 Ctesariensi
2535 1131 2846 1184 ordinatum
2889 1130 3073 1184 fuisse.
3114 1130 3265 1183 Adde
3291 1131 3453 1184 etiam
3487 1139 3568 1183 te-

1994 1223 2300 1277 stimonium
2366 1221 2611 1289 Gregorii
2679 1219 3002 1273 Nazianzeni
3037 1220 3138 1289 (g),
3165 1220 3254 1288 qui
3299 1220 3572 1287 quinqua-

1995 1313 2141 1380 ginta
2172 1312 2270 1364 sub
2320 1311 2518 1365 Basilio
2567 1311 2982 1376 chorepiscopos
3041 1318 3307 1372 tnnnerat,
3363 1310 3416 1362 id
3463 1321 3568 1371 est.

1995 1407 2298 1474 episcopos,
2333 1416 2389 1458 ut
2421 1404 2767 1473 probavimus
2801 1405 2850 1455 in
2875 1401 3028 1456 Notis
3062 1404 3126 1455 ad
3157 1402 3444 1471 epistolam
3477 1403 3569 1458 55.

1997 1497 2285 1567 Conceplis
2325 1498 2506 1550 verbis
2543 1495 2875 1548 Sozomeuus
2925 1493 3002 1562 (It)
3049 1492 3288 1548 Ponticae
3345 1494 3570 1547 dioecesi

1999 1589 2248 1646 attribuit
2309 1587 2568 1657 quidquid
2626 1603 2656 1639 a
2703 1583 2950 1654 Bithynis
2983 1584 3048 1638 ad
3097 1583 3389 1639 Armenios
3441 1599 3573 1653 per-

2001 1680 2156 1736 tinet.

2071 1794 2154 1848 lll.
2213 1794 2515 1860 Quinetiam
2587 1802 2870 1862 postquam
2933 1789 3271 1860 Cappadocia
3324 1789 3377 1843 in
3439 1791 3579 1844 duas

1997 1884 2302 1951 provincias
2338 1883 2506 1935 divisa
2559 1882 2681 1944 fuit,
2717 1881 3002 1949 episcopus
3047 1879 3400 1934 Caesariensis
3432 1880 3577 1932 amiv

1995 1977 2067 2030 sit
2097 1976 2308 2042 quidem
2360 1975 2774 2042 metropolitana
2802 1972 2920 2041 jura
2947 1973 2998 2025 in
3032 1972 3330 2026 secundani
3364 1970 3584 2038 Cappa-

1997 2066 2226 2129 dociam,
2264 2066 2357 2119 sed
2391 2064 2677 2118 exarchica
2725 2064 2967 2116 retinuit.
2999 2060 3132 2115 Nam
3181 2061 3426 2114 Ecclesia
3475 2060 3585 2113 Na-

1999 2154 2278 2216 zianzena,
2330 2167 2450 2222 qua:
2485 2152 2764 2221 metropoli
2820 2151 3093 2220 Tyanensi
3153 2151 3420 2204 attributa
3449 2149 3579 2212 fuit,

2000 2242 2327 2296 nonidcirco
2356 2241 2512 2296 desiit
2555 2242 2898 2296 exarchicam
2945 2242 3325 2296 auctoritatem
3378 2242 3432 2295 in
3467 2244 3590 2309 epi-

2000 2331 2178 2400 scOpis
2195 2329 2619 2384 Caesariensibus
2646 2331 2902 2385 revereri.
2928 2330 2981 2384 Id
3004 2330 3308 2400 colligimus
3331 2345 3396 2384 ex
3417 2333 3586 2399 epist.

2003 2419 2072 2473 54
2101 2421 2344 2490 Gregorii
2377 2419 2725 2482 Nazianzeni,
2773 2422 2863 2488 qui
2900 2436 3023 2475 cum
3079 2422 3416 2474 sustinendis
3467 2421 3591 2489 epi-

2003 2513 2313 2582 scopalibus
2341 2513 2541 2567 muniis
2600 2514 2861 2582 imparem
2886 2529 2944 2568 se
2981 2514 3186 2567 videret
3213 2515 3282 2567 ob
3314 2528 3588 2567 summam

2002 2606 2247 2674 corporis
2275 2605 2628 2668 debilitatem,
2661 2605 2962 2660 Helladium
2997 2607 3387 2659 Caesariensem
3438 2616 3588 2668 orat,

2003 2705 2063 2754 ut
2095 2697 2302 2751 senium
2353 2712 2532 2761 suum,
2584 2696 2760 2751 dando
2794 2696 3054 2752 Ecclesia:
3082 2697 3441 2750 Nazianzente
3469 2699 3593 2765 epi-

2003 2804 2188 2859 scopo,
2215 2789 2542 2843 consoletur.
2576 2787 2809 2842 Baronio
2833 2789 3050 2843 dubium
3092 2789 3314 2841 minime
3347 2789 3591 2852 videtur,

2003 2883 2132 2952 quin
2159 2883 2271 2936 hac
2291 2881 2512 2949 epistola
2542 2884 2610 2935 ad
2635 2881 2934 2936 Helladium
2961 2881 3347 2936 Caesariensem
3370 2882 3581 2949 scripta

2004 2973 2076 3027 sit
2105 2991 2118 3027 :
2152 2973 2246 3026 sed
2269 2973 2390 3025 inde
2414 2971 2686 3025 concludit
2717 2973 2954 3026 nondum
2984 2971 3293 3039 episcopum
3327 2969 3592 3037 Tyaneu-

2008 3077 2122 3116 sem
2149 3061 2562 3130 metropolitano
2587 3060 2710 3130 jure
2746 3061 2800 3115 in
2831 3061 3071 3114 secunda
3113 3059 3460 3127 Cappadocia
3491 3073 3594 3126 po-

337 3148 752 3218 praeclarissimo
791 3155 1110 3213 argumento
1159 3147 1490 3209 firmaretur,
1521 3145 1564 3198 si
1601 3161 1787 3199 verum
1818 3160 1905 3199 es—
1934 3139 1981 3201 C
2013 3153 2166 3205 titum
2195 3166 2336 3215 esse,
2380 3166 2501 3204 cum
2547 3151 2661 3204 haec
2715 3151 2979 3205 scriberet
3021 3149 3340 3219 Gregorius.
3391 3147 3594 3200 Merito

337 3246 420 3294 set
453 3235 596 3306 quod
652 3238 730 3290 ait
770 3235 1132 3291 Gothofredus
1176 3234 1273 3303 (ε),
1331 3233 1486 3288 Ponti
1527 3235 1809 3302 episcopos
1835 3233 1902 3287 ab

338 3345 404 3385 eo
436 3337 763 3384 convocatos
787 3326 865 3398 (Δ)
900 3327 966 3379 de
998 3339 1145 3380 more
1179 3325 1244 3377 ad
1271 3326 1532 3394 synodum
1570 3326 1756 3380 fuisse.
1795 3324 1902 3380 Sed

338 3432 433 3472 eos
456 3420 519 3471 ad
537 3417 798 3488 synodum
821 3415 1039 3469 minime
1061 3426 1220 3466 vocat
1252 3435 1264 3469 :
1299 3415 1546 3469 hortatur
1581 3425 1814 3480 tantum,
1847 3425 1905 3469 ut

336 3509 700 3569 intermissam
735 3505 994 3561 obeundae
1018 3505 1351 3561 celebritatis
1384 3505 1743 3574 S.Eupsychii
1777 3521 1904 3560 con-

337 3600 676 3653 suetudinem
697 3597 910 3654 tandem
945 3599 1234 3666 aliquando
1253 3610 1551 3652 resumant.
1585 3599 1902 3668 Quanquam

337 3689 457 3752 haec
487 3689 602 3758 ipsa
625 3689 960 3746 consuetudo
994 3690 1204 3742 videtur
1222 3690 1656 3744 observationem
1674 3699 1728 3744 et
1750 3703 1904 3744 reve-

338 3781 569 3842 rentiam
605 3780 657 3834 in
693 3780 991 3837 Ecclesiam
1031 3779 1446 3846 Cmsariensem,
1487 3791 1543 3835 ut
1569 3781 1622 3835 in
1663 3796 1904 3836 commu-

340 3887 461 3927 nem
491 3882 739 3947 matrem,
773 3870 1046 3925 habuisse.
1100 3870 1206 3924 Sed
1239 3871 1443 3925 certius
1471 3870 1625 3924 nobis
1680 3871 1906 3926 rationis

339 3974 672 4020 momentum
721 3963 1026 4032 suppeditat
1074 3963 1349 4027 Atarbius,
1398 3961 1797 4027 Neocaesaream,
1848 3973 1906 4018 ut

340 4053 526 4119 multis
578 4052 893 4120 conjicimus
935 4053 1168 4116 indiciis,
1207 4055 1509 4121 episcopus.
1552 4051 1601 4106 is
1631 4068 1751 4106 cum
1805 4052 1906 4111 Ba-

340 4145 522 4199 silium
545 4144 723 4200 media
757 4143 808 4196 in
844 4142 1090 4198 Ecclesia
1118 4142 1401 4197 acerrimis
1428 4142 1728 4197 maledictis
1760 4141 1906 4196 lace-

340 4242 538 4298 rasset,
572 4248 637 4289 ac
666 4242 925 4302 praaterea
955 4231 1246 4286 Sabelliani
1271 4230 1472 4283 erroris
1518 4241 1904 4292 accusaretur;

342 4323 537 4378 scribit
560 4323 625 4376 ad
658 4337 780 4375 eum
820 4320 1052 4377 Basilius
1081 4319 1174 4389 (e),
1209 4327 1266 4372 ut
1287 4317 1590 4381 Caesaream
1622 4321 1821 4386 veniat,
1855 4332 1909 4374 et

343 4414 410 4468 de
438 4412 602 4466 illatis
641 4412 962 4470 criminibus
1001 4409 1343 4476 respondeat.

2009 3241 2254 3310 displicet
2283 3243 2394 3294 luec
2427 3240 2607 3308 opinio
2648 3239 2992 3294 Tillemontio
3031 3256 3045 3305 ;
3081 3256 3146 3292 ac
3177 3241 3343 3292 alium
3403 3238 3592 3291 Caesa-

2012 3332 2174 3385 riensi
2213 3330 2510 3386 llelladium
2545 3331 2818 3402 intelligit,
2849 3348 3012 3384 unum
3066 3331 3300 3398 aliquem
3330 3329 3597 3383 videlicet

2010 3437 2074 3474 ex
2102 3422 2365 3490 episc0pis
2389 3423 2642 3476 secundae
2670 3422 3044 3490 Cappadocim.
3088 3423 3193 3476 Sed
3226 3431 3456 3490 uterque
3487 3422 3595 3474 mi-

2012 3529 2113 3565 nus
2142 3512 2547 3576 animadvertit,
2577 3515 2928 3567 exarchicum
2977 3513 3066 3582 jus
3097 3513 3354 3580 episcopo
3395 3509 3592 3565 Caesa-

2012 3603 2174 3656 riensi
2209 3603 2440 3656 ablatum
2475 3619 2580 3658 non
2608 3603 2776 3656 fuisse
2820 3604 2871 3657 in
2909 3603 3144 3657 secunda
3175 3602 3523 3671 Cappadocia
3562 3618 3580 3665 ;

2013 3677 2116 3746 nec
2165 3706 2385 3746 necesse
2422 3701 2506 3747 est
2533 3703 2626 3746 aut
2667 3692 2830 3746 alium
2879 3692 3202 3747 Ctesariensi
3268 3690 3586 3745 Helladiuui

2011 3798 2132 3839 Cum
2162 3781 2503 3840 Tillemontio
2533 3784 2820 3852 suspicari,
2857 3795 2948 3837 aut
2981 3783 3311 3837 Nazianzum
3349 3781 3596 3836 nondum

2012 3873 2214 3945 'l‘yanis
2264 3873 2583 3928 attributum
2641 3889 2761 3928 cum
2821 3874 3052 3927 Baronio
3081 3873 3384 3942 conjicere..
3407 3869 3598 3922 Facile

2013 3966 2156 4018 enim
2187 3965 2503 4032 intelligitur
2523 3980 2708 4019 curam
2743 3965 3003 4020 Ecclesia)
3028 3965 3349 4035 jamdudum
3385 3962 3600 4029 episco-

2013 4067 2080 4119 po
2114 4047 2284 4105 vidua:
2306 4063 2362 4106 et
2395 4051 2462 4106 ab
2485 4053 2755 4108 haereticis
2805 4057 3050 4116 turbatae,
3081 4052 3259 4122 qualis
3292 4060 3419 4103 tunc
3464 4058 3597 4102 erat

2014 4140 2254 4195 Ecclesia
2288 4140 2655 4206 Nazianzena,
2689 4143 2958 4211 praecipue
2993 4143 3214 4209 quidem
3244 4148 3297 4194 et
3341 4138 3599 4206 proxime

2013 4235 2080 4285 ad
2111 4233 2580 4298 metr0politanum
2637 4245 2943 4302 spectasse,
2983 4236 3080 4287 scd
3117 4242 3294 4288 tamen
3350 4229 3598 4296 aliquam

2013 4321 2174 4392 hujus
2217 4321 2596 4376 sollicitudinis
2655 4335 2861 4392 partem
2891 4323 2956 4377 ad
2985 4322 3284 4375 exat-chum
3337 4317 3594 4370 rediisse.

2017 4411 2174 4464 Certe
2207 4409 2423 4464 dubium
2466 4425 2587 4466 esse
2638 4430 2742 4467 non
2793 4423 2988 4482 potest,
3039 4414 3168 4480 quin
3205 4427 3265 4467 se
3313 4407 3598 4478 llelltadius

413 4501 529 4570 Ipsa
566 4503 728 4555 etiam
761 4500 972 4555 Galatia
1025 4499 1400 4553 auctoritatem
1453 4499 1710 4555 Ecclesiae
1735 4500 1912 4556 Caesa-
1946 4493 1986 4548 Ι)
2015 4497 2365 4553 Caesariensis
2419 4500 2469 4552 in
2516 4500 2619 4554 hoc
2663 4503 2934 4568 negotium
2993 4502 3402 4572 interposuerit.
3436 4485 3594 4558 'Eum

343 4594 539 4648 riensis
571 4592 822 4647 reverita.
848 4590 1086 4645 Marcelli
1130 4590 1384 4659 discipuli
1419 4607 1540 4645 cum
1581 4593 1907 4662 petiisseuta

334 4686 568 4751 Basilio,
594 4695 656 4737 ut
697 4683 753 4736 in
808 4683 1102 4737 Ecclesiam
1155 4682 1541 4750 reciperentur,
1587 4699 1685 4738 nec
1728 4685 1909 4738 statim

343 4777 723 4844 impetrassent
761 4772 904 4841 quod
939 4769 1213 4834 volebant,
1245 4773 1370 4840 quia
1427 4789 1513 4827 res
1568 4772 1747 4842 magni
1795 4787 1910 4825 mo-

343 4866 512 4925 menti
546 4872 684 4928 erat,
717 4877 781 4917 ac
819 4876 1026 4929 magnae
1073 4860 1514 4926 deliberationis;
1545 4861 1909 4929 confugerunt

344 4955 413 5019 ad
448 4953 786 5008 eonfessores
803 4950 1088 5019 [Egyptios
1113 4951 1167 5004 in
1195 4949 1478 5003 Palaestina
1505 4949 1740 5012 eXsules,
1768 4958 1820 5002 et
1843 4951 1910 5003 ab

342 5047 423 5105 eis
450 5046 505 5099 in
533 5042 969 5098 communionem
1027 5041 1227 5108 recepti
1263 5051 1408 5093 sunt.
1442 5039 1636 5093 Petrus
1667 5039 1906 5092 Alexan-

345 5138 554 5210 drinus,
587 5135 677 5205 qui
709 5133 894 5188 Roma:
920 5133 1264 5196 versabatur,
1296 5131 1490 5185 factam
1523 5131 1720 5187 Basilio
1738 5131 1909 5186 doluit

346 5226 621 5298 injuriam,
650 5239 816 5294 seque
845 5224 1033 5278 mirari
1054 5223 1250 5280 Basilio
1268 5222 1610 5293 signiﬁcavit,
1631 5225 1774 5294 quod
1801 5241 1904 5279 non

421 5407 499 5470 (α)
533 5406 702 5473 Epist.
742 5405 864 5470 120,
898 5405 1022 5466 121,
1052 5403 1174 5458 122.

421 5475 497 5546 (b)
536 5475 631 5544 Ep.
659 5476 786 5538 227,
811 5476 936 5542 eas,
972 5475 1092 5532 εις).
1128 5475 1254 5546 250.

437 5545 494 5612 'c)
537 5547 668 5598 Cod.
706 5546 908 5601 'l‘lteod.
944 5558 1074 5602 tom.
1100 5545 1187 5613 Vl,
1215 5563 1267 5616 p.
1299 5545 1381 5600 12.

424 5550 502 5686 id)
541 5613 634 5686 En-
670 5615 796 5686 ‘25?-

447 5618 502 5678 d)
541 5613 634 5683 Ep.
670 5615 796 5667 252.

425 5684 493 5752 (ρ)
533 5685 625 5761 Ep.
668 5684 789 5740 tas.

2017 4592 2157 4645 enim
2220 4591 2532 4645 nominatim
2578 4593 2783 4647 incusat
2821 4593 3114 4662 Gregorius
3163 4595 3215 4653 in
3271 4597 3430 4664 epist.
3462 4597 3596 4664 225,

2015 4679 2157 4748 quod
2173 4679 2348 4737 obstet
2367 4682 2696 4736 ordinationi
2713 4685 2945 4753 episcOpi
2967 4686 3016 4737 in
3037 4685 3276 4740 Ecclesia
3295 4687 3595 4748 Nazianze~

2017 4784 2084 4820 na
2117 4785 2131 4832 ;
2191 4771 2349 4838 idque
2384 4786 2489 4824 non
2519 4772 2750 4838 spiritali
2794 4773 3038 4840 consilio,
3075 4775 3170 4832 sed
3215 4778 3596 4832 contentionis

2015 4863 2217 4924 studio,
2251 4876 2350 4919 nec
2381 4862 2446 4913 ad
2474 4877 2742 4917 canonum
2778 4864 3170 4932 defensionem,
3207 4867 3302 4920 sed
3351 4868 3419 4923 ad
3451 4869 3593 4922 iram

2013 4950 2357 5019 explendam.
2398 4951 2584 5023 Neque
2639 4955 2800 5008 etiam
2860 4955 3089 5010 Basilius
3145 4956 3596 5018 [lelladtideces-

2016 5057 2109 5096 sor
2139 5056 2327 5095 curam
2387 5043 2587 5110 ahjecit
2623 5044 2878 5100 Ecclesiae
2909 5046 3288 5106 Nazianzenm.
3322 5046 3460 5101 Cum
3499 5066 3594 5101 ve-

2018 5131 2562 5200 nissetNazianzum,
2598 5147 2656 5190 ut
2703 5147 2918 5192 mortuo
2961 5137 3219 5209 Theologi
3263 5143 3404 5208 patri
3439 5142 3594 5209 justa

2014 5225 2377 5296 persolveret,
2412 5239 2564 5298 rogat
2612 5244 2733 5284 eum
2780 5230 3074 5301 Gregorius
3121 5231 3220 5302 (ἱ),
3277 5241 3334 5292 ut
3369 5246 3592 5303 gregem

2092 5407 2161 5476 (Γ)
2202 5407 2317 5461 Lib.
2356 5423 2474 5468 vnt,
2503 5423 2552 5461 c.
2585 5408 2638 5462 6.

2095 5480 2169 5544 (ῃ)
2209 5480 2389 5529 Carm.
2425 5479 2474 5528 1.

2093 5545 2169 5610 ui)
2211 5545 2328 5598 Lib.
2361 5561 2452 5610 vit,
2480 5563 2524 5601 c.
2560 5548 2610 5599 9.

2093 5614 2158 5686 (ὁ)
2193 5617 2283 5668 Ur.
2314 5614 2397 5668 19.
