3820 6210
1513 301 1671 358 ἮΤΑ
1711 303 1768 356 S.
1804 302 2070 360 BASILu.
3331 323 3418 366 ut

168 403 568 468 Nazianzenum
621 405 954 476 consoletur,
1003 425 1187 464 curam
1234 411 1282 466 ei
1332 425 1483 466 suam
1539 428 1603 468 ac
1651 414 1747 468 du-
1776 419 1826 477 Α
1851 415 2156 479 obtinuisse,
2187 423 2236 468 et
2263 431 2368 470 una
2391 431 2513 468 cum
2544 413 2636 470 illo
2660 413 2852 469 Basilii
2875 415 3092 486 fratrem
3116 413 3423 488 Gregorium

164 507 308 550 etum
352 499 762 565 promittendo:
800 501 978 570 Ἢμᾶς
1015 502 1112 572 μὲν
1143 501 1287 556 οὕτω
1342 503 1750 577 παραμυθήσῃ·

164 587 260 654 τὴν
288 585 529 657 ποίμνην
553 587 610 641 δὲ
641 589 792 657 πῶς;
827 591 1040 662 πρῶτον
1085 591 1204 662 μὲν,
1245 592 1340 664 τὴν
1383 594 1481 664 σὴν
1521 594 1756 664 immo-

166 694 326 750 μενος
360 680 691 735 ἐπιστασίαν
725 683 817 737 καὶ
845 685 1162 755 ἡγεμονίαν,
1196 678 1256 738 οὗ
1289 687 1421 739 πᾶσι
1451 687 1613 740 καλὸν
1649 686 1755 739 ὑπὸ

161 771 258 834 τὰς
289 773 575 841 πτέρυγας
628 776 1028 839 ἀναπαύεσθαι,
1079 779 1174 831 καὶ
1222 771 1282 831 οὗ
1343 778 1590 850 διψῶμεν
1654 781 1754 849 τῆς

161 865 346 935 φωνῆς
379 867 605 936 μᾶλλον,
637 869 670 940 ἢ
705 870 887 940 πηγῆς
918 870 1018 940 τῆς
1063 871 1477 942 καθαρωτάτης,
1532 873 1579 924 οἱ
1608 870 1750 941 δίψει

162 959 491 1029 κάμνοντες.
521 962 596 1016 Ac
628 980 722 1017 nos
761 965 971 1034 quidem
1017 967 1085 1018 ad
1109 966 1246 1018 hunc
1271 966 1484 1018 modum
1505 964 1751 1019 consola-

161 1051 298 1105 beris
323 1067 343 1105 :
387 1069 626 1123 quonam
666 1063 845 1108 autem
903 1065 1058 1123 pacto
1112 1058 1370 1126 gregem?
1423 1055 1665 1109 Primum
1706 1057 1753 1110 si

159 1158 344 1194 curam
384 1155 535 1196 tuam
590 1156 637 1198 et
679 1146 892 1197 ductum
938 1156 1084 1198 tuum
1113 1149 1232 1215 (hoc
1264 1157 1342 1200 est
1368 1145 1481 1215 ejus
1504 1149 1622 1215 viri,
1655 1148 1750 1200 sub
1797 1183 1800 1186 ~

158 1233 312 1300 cujus
339 1235 530 1299 pennis
565 1235 888 1304 requiescere
928 1238 1168 1289 omnibus
1201 1235 1481 1304 pulchrum
1522 1255 1584 1290 ac
1614 1254 1753 1308 pra:-

159 1325 364 1376 clarum
401 1335 502 1388 est,
534 1337 582 1378 et
607 1328 760 1395 cujus
799 1345 969 1381 vocem
1002 1331 1170 1399 magis
1198 1331 1430 1390 sitintus,
1469 1348 1628 1399 quam
1649 1348 1749 1400 pu-

161 1415 402 1467 rissimos
446 1414 639 1483 fontes,
662 1417 721 1478 ii,
755 1418 845 1485 qui
886 1419 974 1470 siti
999 1416 1268 1488 laborant)
1301 1435 1406 1472 non
1444 1418 1751 1486 defuturum

159 1504 490 1573 pollicearis.
543 1506 806 1561 Redeunti
848 1523 878 1561 e
926 1507 1095 1562 Ponto
1133 1525 1274 1562 anno
1305 1509 1429 1576 375,
1461 1525 1582 1563 cum
1613 1525 1753 1562 nun-

160 1595 292 1648 tiata
333 1605 488 1650 esset
518 1599 798 1666 repentina
825 1598 1072 1666 Gregorii
1124 1599 1390 1654 discessio
1412 1641 1427 1666 ,
1455 1600 1669 1653 videtur
1698 1600 1749 1654 id

167 1688 395 1741 moleste
429 1688 618 1742 tulisse
640 1730 655 1753 ,
684 1705 849 1757 seque
872 1730 886 1754 ,
915 1689 984 1743 ob
1023 1689 1168 1744 hunc
1218 1690 1552 1760 inopinatum
1585 1705 1747 1745 even-

1855 503 2156 574 episcOpum
2204 502 2432 574 Nysscc,
2473 515 2522 559 et
2568 505 2805 560 Otreium
2833 508 3129 576 episc0pum
3173 507 3426 564 Melitina:

1855 595 1909 648 in
1935 595 2206 661 Armenia,
2244 609 2351 651 etc.

1926 683 2032 740 Sed
2076 687 2191 740 haec
2223 687 2353 740 tanti
2388 701 2510 741 esse
2554 701 2660 742 non
2701 687 2931 753 debent,
2967 696 3026 742 ut
3059 688 3127 742 de
3157 690 3423 743 rationum

1859 777 2168 840 momentis,
2203 792 2337 844 quas
2369 778 2434 830 ad
2475 776 2907 845 iurisdictionem
2944 777 3201 833 Ecclesiae
3243 779 3423 834 Caesa-

1853 865 2050 920 riensis
2089 866 2387 931 attulimus,
2436 868 2728 936 quidquam
2773 869 3072 922 detrahant.
3111 869 3165 920 1ο
3210 868 3427 924 Minime

1854 958 2073 1021 mirum,
2133 959 2176 1012 si
2229 959 2465 1027 synodus
2511 959 3108 1028 Constantinopolitana
3158 963 3331 1015 sancit
3368 970 3426 1014 ut

1854 1049 2144 1121 Egyptum
2178 1055 2463 1119 episcopus
2485 1051 2883 1105 Alexandrinus
2913 1065 3085 1120 regat,
3123 1053 3188 1106 de
3216 1054 3428 1122 episco-

1853 1143 1937 1210 pis
1968 1151 2144 1195 autem
2199 1142 2483 1211 Ephesinis
2523 1155 2578 1198 et
2621 1143 3046 1199 Cmsariensibus
3081 1146 3221 1199 idem
3250 1147 3424 1199 nomi-

1854 1232 2026 1284 natim
2070 1247 2175 1284 non
2226 1233 2435 1286 statuit.
2481 1233 2639 1286 Ratio
2676 1234 3003 1288 discriminis
3049 1234 3101 1288 in
3151 1246 3419 1304 promptu.

1851 1319 2018 1373 llutto
2069 1322 2242 1388 major
2295 1331 2415 1376 erat
2463 1323 2764 1378 auctoritas
2804 1324 3040 1393 episcopi
3075 1325 3420 1379 Alexandrini

1854 1413 1907 1464 in
1952 1411 2210 1482 IEgypto,
2261 1429 2422 1482 quam
2481 1416 2857 1482 episcoporum
2920 1416 3307 1484 Ephesinorum
3368 1429 3423 1472 et

1851 1499 2262 1556 Caesariensium
2324 1505 2374 1555 in
2434 1504 2763 1559 dioecesibus
2803 1506 2948 1559 Asia:
2981 1515 3035 1558 et
3083 1506 3334 1570 Ponticze,
3369 1507 3420 1560 iu

1853 1593 2046 1661 quibus
2090 1594 2630 1663 metropolitanorum
2668 1597 2961 1650 auctoritas
2989 1595 3420 1662 jurisdictionem

1852 1685 2071 1739 exarchi
2102 1687 2303 1740 arctius
2330 1689 2614 1741 coercebat
2657 1710 2670 1744 ;
2702 1689 2845 1758 quod
2877 1689 2928 1741 in
2957 1687 3190 1758 Egypto
3220 1689 3419 1742 factum

162 1791 268 1832 lum
290 1780 396 1850 (ιι),
423 1796 654 1836 necesse
690 1782 998 1834 habiturum
1026 1783 1249 1850 putabat
1267 1757 1592 1838 Nazianzum
1618 1799 1744 1849 pro-
1778 1757 1822 1815 Β
1852 1774 2016 1829 fuisse
2069 1791 2174 1829 non
2212 1777 2445 1832 videtur.
2481 1777 2556 1831 lbi
2585 1779 2727 1831 enim
2763 1779 2854 1832 vix
2893 1779 2986 1832 ulli
3031 1781 3278 1834 videntur
3324 1795 3423 1834 ex-

159 1870 355 1922 ﬁcisci.
403 1869 580 1923 Porro
621 1886 726 1924 non
775 1871 878 1923 alia
923 1886 1042 1924 esse
1100 1876 1275 1940 potuit
1323 1873 1482 1941 hujus
1535 1873 1746 1930 itineris

161 1959 506 2028 suscipiendi
561 1976 766 2026 causa,
821 1961 924 2016 nisi
979 1969 1037 2015 ut
1090 1961 1346 2018 Ecclesia:
1396 1963 1747 2022 Nazianzena:

160 2052 504 2120 provideret.

232 2138 323 2193 IV.
367 2139 605 2195 Frustra
661 2142 920 2210 objicitur
977 2143 1376 2202 Caesariensem
1436 2149 1745 2217 episcopum

160 2231 273 2283 sedi
327 2228 950 2301 Constantinopolitanae
981 2234 1276 2302 subjectum
1321 2236 1483 2291 fuisse
1505 2252 1534 2290 a
1569 2237 1749 2291 conci-

167 2320 237 2373 lio
283 2319 743 2375 Chalcedonensi.
791 2321 1094 2388 Quinetiam
1141 2335 1267 2378 ante
1317 2326 1420 2381 hoc
1463 2327 1747 2381 concilium

161 2411 408 2478 cpisc0pi
465 2411 1049 2480 Constantinopolitani
1090 2415 1521 2484 jurisdictionem
1591 2434 1745 2473 suam

158 2502 209 2553 in
251 2501 404 2555 Asia:
435 2511 492 2555 et
537 2500 778 2556 Pontica:
832 2505 1096 2559 dioeceses
1135 2507 1496 2561 extenderunt
1537 2526 1549 2562 :
1595 2509 1748 2577 cujus

159 2592 386 2660 quidem
418 2595 497 2647 rei
528 2595 696 2648 multa
732 2606 946 2650 exstant
973 2599 1216 2667 exempla
1243 2599 1454 2654 inAsiae
1488 2601 1748 2668 dimcesi;

154 2684 285 2736 illud
302 2694 486 2738 autem
506 2685 559 2738 in
579 2684 799 2741 Pontica
819 2687 1045 2757 insigne,
1061 2691 1199 2757 quod
1217 2690 1314 2760 (b),
1335 2703 1544 2746 mortuo
1565 2692 1749 2748 Firmo

153 2777 486 2831 Casariensi
513 2779 771 2847 episcopo
791 2819 806 2844 ,
836 2781 1204 2836 Cmsarienses
1239 2799 1268 2836 a
1302 2783 1359 2837 S.
1391 2783 1582 2838 Proclo
1609 2783 1750 2838 Con-

153 2865 651 2934 stantinopolitano
668 2867 981 2938 episcopum
1017 2872 1307 2940 petierunt,
1346 2873 1496 2942 isque
1521 2873 1747 2928 Thalas-

155 2959 297 3011 sium
331 2959 498 3027 elegit
519 2969 576 3015 et
604 2961 897 3016 ordinavit.
933 2960 1183 3029 Frustra,
1219 2962 1461 3032 inquam,
1485 2963 1598 3019 haec
1614 2965 1749 3033 obji-

153 3048 396 3102 cientur.
422 3047 559 3103 Nam
591 3065 656 3104 ex
678 3051 765 3106 his
788 3053 1005 3121 quidem
1041 3062 1187 3107 recte
1222 3053 1492 3124 colligitur
1529 3056 1742 3125 episco-

154 3153 255 3205 pos
305 3138 678 3196 Caesarienses
701 3155 756 3196 et
780 3141 1078 3211 Ephesinos
1099 3159 1203 3198 non
1229 3155 1389 3201 tanta
1411 3149 1744 3205 auctoritatis

156 3229 331 3284 fuisse
358 3272 376 3296 ,
435 3243 653 3300 quantae
691 3233 1059 3290 AntioChenos
1115 3247 1169 3290 et
1212 3237 1641 3305 Alexandrinos,
1689 3250 1746 3295 ut

152 3337 346 3375 eorum
379 3322 506 3390 jura
573 3325 894 3380 immensam
947 3327 1317 3396 episcoporum
1362 3328 1742 3384 Constantino-

157 3415 537 3482 politanorum
591 3428 912 3486 potestatem
977 3419 1292 3489 ell’ugerent.
1357 3423 1429 3474 At
1468 3421 1582 3476 haec
1623 3421 1744 3488 jura

151 3523 442 3577 nunquam
502 3525 597 3565 eos
637 3511 912 3577 habuisse,
957 3512 1230 3567 immerito
1261 3528 1490 3583 prorsus
1531 3513 1746 3584 colliga-

157 3607 271 3650 tur.

229 3687 340 3742 Sed
399 3690 492 3758 qui
546 3691 891 3746 eXarchicnm
959 3691 1046 3760 jus
1114 3693 1435 3749 Cmsariensi
1496 3697 1744 3764 episcopo

156 3781 455 3848 denegant,
489 3783 706 3836 decreto
757 3785 945 3854 synodi
987 3786 1337 3840 mcutnenicas
1386 3787 1633 3840 secunda:
1666 3788 1747 3840 ni-

157 3882 374 3937 tuntur,
408 3887 532 3940 quae
567 3891 777 3929 canone
813 3877 847 3926 ‘2
894 3873 1173 3928 Ponticam
1200 3876 1476 3930 dimcesim
1513 3892 1615 3929 non
1655 3879 1745 3931 uni

161 3965 411 4018 exarcbo
458 3966 744 4030 attribuit,
793 3976 850 4019 ut
883 3965 1173 4037 Egyplum
1221 3968 1474 4037 episc0po
1512 3969 1746 4022 Alexan-

157 4054 311 4117 drim,
343 4053 439 4107 sed
470 4058 650 4109 Sancit
688 4067 743 4108 ut
771 4057 982 4111 Asiana:
1026 4059 1300 4112 diaeceseos
1340 4059 1562 4127 episcopi
1593 4059 1748 4113 Asia-

160 4166 285 4202 rram
314 4158 531 4202 tantum
560 4150 866 4220 gubernent,
900 4169 990 4206 nec
1013 4169 1114 4207 non
1144 4161 1191 4206 et
1215 4150 1450 4207 Pontica:
1472 4154 1747 4207 diazceseos

156 4259 219 4294 ea
254 4252 465 4295 tantum
499 4259 618 4311 qua:
657 4243 725 4295 ad
763 4241 1040 4296 Ponticam
1073 4244 1341 4298 dioecesim
1375 4247 1669 4313 pertinent:
1699 4254 1746 4298 et

159 4330 412 4386 Thracia:
441 4350 505 4386 ea
547 4344 750 4386 tantum
783 4350 901 4404 qua:
925 4333 1163 4389 Thracia:
1187 4343 1330 4396 sunt,
1359 4337 1744 4390 administrent.

158 4423 333 4478 Favet
370 4425 498 4478 huic
527 4427 809 4478 sententia,-
842 4424 1095 4480 Socrates
1116 4467 1131 4489 ,
1166 4428 1256 4496 qui
1304 4428 1579 4492 llelladio,
1607 4426 1743 4481 Gre-

157 4515 316 4582 gorio
359 4513 608 4584 Nysseno
645 4527 698 4568 et
739 4515 920 4570 Otreio
955 4532 1060 4570 non
1096 4517 1588 4571 extraordinarium
1641 4518 1743 4569 ali—

157 4606 308 4672 quod
342 4622 541 4661 munus
574 4623 603 4660 a
630 4607 837 4678 synodo
864 4608 1212 4662 commissum
1239 4609 1424 4671 fuisse,
1457 4611 1548 4662 sed
1577 4609 1744 4676 juris-

156 4699 462 4751 dictionem
490 4699 543 4751 in
578 4697 797 4752 Pontica
840 4699 1062 4754 dioecesi
1093 4699 1444 4770 gubernanda
1492 4700 1739 4754 traditam

157 4789 470 4842 existimat.
501 4790 596 4842 Ait
628 4789 768 4843 enim
813 4790 890 4861 (c)
933 4793 1072 4845 hanc
1121 4793 1385 4868 synodum
1414 4791 1742 4858 patriarchas

158 4883 504 4935 constituisse
532 4882 920 4950 provinciarum
952 4884 1092 4950 facta
1115 4883 1373 4937 divisione
1393 4923 1405 4947 ,
1435 4885 1509 4935 ita
1538 4892 1596 4936 ut
1624 4883 1744 4935 nul-

159 4977 247 5026 lus
274 4974 553 5041 episcopus
583 4974 729 5027 ultra
754 4975 1025 5042 propriam
1053 4975 1313 5028 dioecesim
1344 4974 1541 5027 alienas
1570 4975 1751 5029 Eccle-

159 5065 272 5114 sias
303 5062 600 5114 invaderet.
637 5060 703 5113 Id
734 5067 870 5115 enim
910 5074 1064 5116 antea
1095 5075 1296 5131 promer
1343 5065 1752 5131 persecutionem

159 5154 464 5219 promiscue
497 5153 696 5221 factum
740 5155 932 5221 fuerat.
965 5154 1038 5206 Ac
1070 5155 1377 5208 Neoterium
1417 5158 1624 5224 quidem
1667 5174 1749 5210 re-

162 5247 305 5311 gium
367 5245 548 5295 urbem
593 5255 638 5296 et
691 5242 932 5296 Thracia;
985 5245 1277 5312 provincias
1326 5245 1568 5296 sortitum
1600 5262 1750 5300 esse:

169 5325 492 5378 llelladium
521 5343 660 5391 vero,
687 5328 778 5396 qui
811 5326 1064 5380 Cwsarete
1087 5327 1433 5394 Cappadocia:
1455 5340 1566 5396 post
1596 5328 1744 5382 Busi-

165 5418 298 5468 ltum
331 5427 447 5468 erat
481 5417 778 5484 episcOpus,
809 5416 1046 5470 Pontiae
1068 5416 1299 5470 diazcesis
1327 5419 1742 5487 patriai-citatum

243 5642 320 5706 (α)
365 5639 464 5708 περ.
495 5641 618 5693 an.

244 5716 318 5783 (η)
360 5712 574 5767 Soerat.
609 5712 698 5766 lib.
737 5728 829 5777 vn,
862 5728 908 5766 c.
937 5711 1023 5772 48,

1851 1867 2060 1920 stitisse
2097 1869 2518 1937 metropolitani.
2539 1867 2598 1921 2ο
2617 1867 2954 1938 Pr0positum
2989 1883 3092 1923 non
3120 1877 3238 1924 erat
3267 1883 3426 1939 syno-

1849 1957 1918 2010 do
1967 1957 2016 2011 in
2072 1958 2172 2012 hoc
2217 1959 2452 2012 secundo
2491 1974 2699 2013 canone
2752 1961 2818 2014 de
2873 1960 3036 2013 variis
3081 1961 3132 2015 in
3181 1977 3424 2030 unaqua-

1849 2064 1955 2118 que
1997 2051 2218 2105 dioecesi
2248 2051 2570 2120 dignitatum
2602 2053 2856 2118 gradibus
2883 2063 3150 2107 statuere:
3179 2053 3272 2107 sed
3301 2071 3425 2124 pro-

1851 2140 2036 2192 hibere
2065 2153 2133 2194 ne
2173 2139 2227 2192 in
2282 2141 2488 2195 alienas
2537 2141 2804 2197 dioeceses
2844 2143 3124 2212 quisquam
3164 2159 3283 2199 sese
3320 2145 3419 2198 ob—

1853 2233 2107 2285 truderet.
2153 2231 2249 2286 Cui
2280 2234 2496 2301 quidem
2532 2237 2724 2287 canoni
2765 2251 2868 2289 non
2907 2235 3152 2289 videntur
3175 2236 3420 2290 occasio-

1851 2331 1970 2369 nem
2003 2316 2218 2372 dedisse
2257 2317 2628 2373 ordinationes
2673 2320 3066 2388 persecutionis
3113 2329 3350 2388 tempore
3388 2336 3418 2374 a

1851 2407 1908 2462 S.
1964 2407 2192 2462 Eusebio
2237 2418 2292 2463 et
2338 2409 2458 2464 aliis
2505 2411 2768 2477 ejusmodi
2798 2413 3259 2478 praestantissimis
3293 2413 3422 2467 viris

1849 2498 2040 2565 factae;
2078 2499 2172 2554 sed
2216 2502 2392 2569 potius
2422 2501 2698 2571 illegitima
2739 2502 2955 2556 Maximi
2997 2518 3094 2573 per
3134 2504 3414 2574 episcopos

1852 2607 1881 2645 a
1915 2591 2073 2645 Petro
2098 2590 2470 2646 Alexandrino
2503 2592 2699 2647 missos
2722 2594 3010 2648 ordinatio.

1927 2681 2078 2746 Quod
2107 2689 2318 2750 spectat
2348 2682 2413 2735 ad
2442 2680 2756 2747 Socratem;
2788 2692 2929 2736 totus
2956 2691 3105 2737 errat
3133 2683 3236 2739 hoc
3266 2683 3385 2739 loco
3404 2727 3420 2750 ,

1849 2778 2050 2826 etcum
2099 2772 2334 2826 secundo
2386 2787 2594 2828 canone
2647 2773 2929 2828 confundit
2984 2775 3128 2829 aliud
3181 2775 3419 2842 ejusdem

1851 2863 2038 2934 synodi
2080 2863 2382 2930 decretum,
2412 2878 2562 2933 quae,
2597 2873 2657 2918 ut
2693 2865 2906 2919 tandem
2933 2866 3224 2936 aliquando
3249 2865 3422 2918 hatre-

1855 2957 1941 3010 tici
1970 2965 2385 3010 secernerentur
2409 2971 2436 3008 a
2473 2955 2774 3018 catholicis,
2801 2965 2982 3010 centra
3008 2957 3250 3027 quaedam
3275 2970 3424 3009 com-

1853 3044 2122 3098 munionis
2167 3044 2403 3099 instituit
2429 3045 2480 3098 in
2517 3045 2744 3116 singulis
2795 3046 3159 3110 dioecesibus,
3209 3054 3263 3098 et
3300 3059 3424 3114 spe-

1846 3138 2176 3192 ctatissimos
2201 3137 2479 3207 episc0pos
2505 3138 2684 3208 elegit,
2714 3139 3031 3207 quibuscum
3053 3142 3142 3208 qui
3169 3153 3416 3192 commu-

1847 3232 2130 3298 nicarent,
2176 3247 2270 3287 eos
2310 3246 2406 3301 pro
2461 3231 2747 3322 catholicis
2787 3231 2974 3286 haberi
3019 3231 3208 3296 voluit,
3263 3245 3422 3286 secus

1847 3337 1996 3387 vero,
2030 3323 2073 3376 si
2109 3337 2294 3377 eorum
2331 3331 2580 3377 carerent
2603 3322 3002 3376 communione.
3036 3323 3114 3376 Ad
3141 3322 3414 3376 decretmn

1846 3413 2038 3480 synodi
2079 3413 2306 3467 accessit
2347 3411 2430 3466 lex
2465 3410 2770 3476 Theodosii,
2805 3425 2924 3480 quae
2962 3419 3140 3466 exstat
3173 3410 3266 3465 lib.
3327 3424 3418 3464 xvt

1848 3501 1982 3554 Cod.
2026 3500 2254 3564 Theod.,
2304 3501 2385 3555 tit.
2418 3502 2469 3554 1.
2523 3501 2630 3555 Sed
2679 3515 2852 3570 neque
2905 3500 3007 3555 hac
3054 3500 3170 3568 lege
3199 3539 3214 3564 ,
3249 3512 3424 3569 neque

1845 3591 2034 3659 synodi
2069 3591 2291 3644 decreto
2321 3591 2532 3644 videtur
2556 3590 2664 3644 ulla
2693 3591 2958 3660 episcopis
2985 3591 3240 3646 attributa
3261 3590 3422 3658 juris-

1847 3679 2032 3733 dictio.
2070 3679 2203 3733 Nam
2234 3680 2530 3751 Gregorius
2567 3681 2863 3753 Nyssenus,
2894 3683 2982 3752 qui
3014 3695 3196 3750 parem
3221 3682 3323 3736 sibi
3354 3697 3419 3737 ac

1847 3769 2094 3826 llelladio
2119 3770 2441 3828 Caesariensi
2469 3773 2694 3828 honoris
2716 3773 3128 3842 praerogativam
3160 3788 3188 3824 a
3216 3773 3420 3843 synodo

1847 3861 2076 3915 delatam
2122 3871 2374 3928 testatur,
2427 3864 2616 3933 inquo
2673 3865 2880 3932 positus
2917 3863 3083 3919 fuerit
3125 3863 3213 3918 ille
3244 3865 3422 3918 honor

1846 3954 2028 4018 statim
2073 3954 2322 4024 exponit,
2353 3955 2478 4008 dum
2517 3957 2592 4008 ait
2635 3954 2713 4026 (ά)
2754 3975 2766 4009 :
2813 3955 3010 4026 μᾶλλον
3049 3955 3106 4009 δὲ
3142 3956 3424 4026 ήφροντὶς

1846 4046 1946 4115 τῆς
1996 4045 2105 4098 τῶν
2157 4047 2352 4099 κοινῶν
2397 4045 2735 4118 διορθώσεως
2791 4048 2848 4100 ἐν
2891 4047 2968 4118 τῷ
3001 4048 3062 4100 τὸ
3110 4048 3222 4100 ἴσον
3257 4046 3419 4116 ἔχειν.

1859 4135 1948 4192 Vel
1981 4139 2150 4203 potius
2192 4141 2467 4192 commissa
2504 4140 2648 4192 nobis
2687 4156 2815 4193 cura
2853 4140 3205 4194 communiunt
3243 4155 3418 4193 rerum

1847 4231 2320 4296 emendandarum,
2353 4233 2424 4285 ita
2462 4242 2517 4285 ut
2557 4232 2836 4300 inferiores
2876 4232 3126 4287 Helladio
3151 4250 3253 4287 non
3278 4249 3418 4288 esse-

1849 4337 1986 4373 mus.
2058 4320 2206 4374 Nihil
2250 4337 2379 4391 ergo
2431 4324 2656 4376 mutavit
2700 4325 2934 4395 synodus
2970 4323 3422 4392 injurisdictione

1851 4412 2173 4467 ordinaria:
2238 4415 2329 4467 sed
2385 4417 2763 4470 auctoritatem
2816 4418 3300 4471 extraordinariam
3353 4419 3419 4471 ad

1855 4506 2161 4558 communia
2220 4507 2478 4562 Ecclesia:
2541 4510 2753 4578 negotia
2823 4509 3092 4565 nonnullis
3156 4511 3422 4580 episcopis

1850 4597 2117 4654 attribuit.

2449 4709 2674 4764 CAPUT
2713 4711 2828 4765 XV.

1858 4799 1894 4852 1.
1929 4798 2125 4871 Basilii
2155 4816 2282 4853 cura
2325 4811 2370 4853 et
2414 4801 2714 4854 sollicitudo
2762 4804 2815 4854 in
2869 4803 3108 4856 Ecclesia
3163 4803 3411 4871 regenda.

1928 4869 1990 4922 ll.
2039 4869 2302 4940 Eifecens
2329 4872 2573 4940 ordinato
2598 4871 2882 4940 Gregorius
2906 4875 3084 4926 adesse
3107 4869 3414 4940 nonﬁpotest.

1927 4939 2012 4994 lll.
2095 4938 2283 4993 SCribit
2355 4939 2584 4992 Basilius
2653 4938 2719 4992 ad
2787 4953 3029 4995 sanctum
3109 4938 3415 4994 Eusebium.

1929 5008 2014 5064 IV.
2064 5009 2310 5078 Ejusdem
2343 5012 2529 5080 littera!
2557 5011 2623 5062 ad
2671 5027 2757 5062 eos
2796 5014 2885 5079 qui
2916 5011 3220 5080 gratulandi
3259 5027 3420 5063 causa

1925 5082 2258 5145 scripserunt.
2316 5080 2376 5132 V.
2426 5079 2720 5132 Cttlttnmia,’
2773 5082 2818 5131 ei
2871 5079 2928 5131 ut
2975 5081 3190 5144 nimium
3244 5095 3421 5134 severo

1924 5159 2135 5201 struclw
2163 5149 2475 5215 refelluntur
2518 5150 2569 5198 in
2606 5150 2834 5212 epistolis
2865 5149 2965 5216 51,
3008 5150 3096 5203 52.
3137 5149 3218 5203 VI.
3258 5147 3417 5217 Leges

1921 5220 1984 5269 ab
2013 5236 2071 5271 eo
2106 5217 2228 5270 latw
2265 5221 2318 5270 in
2347 5220 2498 5282 epist.
2531 5218 2616 5282 55,
2641 5219 2730 5280 54,
2767 5219 2854 5272 55.

1923 5328 1962 5381 1.
2008 5328 2235 5382 Evectus
2274 5330 2338 5380 ad
2371 5338 2571 5381 tantum
2611 5330 2793 5382 sedem
2825 5328 3060 5384 Basilius
3082 5366 3099 5394 ,
3128 5339 3414 5396 antequam

1849 5433 1907 5473 se
1937 5421 1985 5472 in
2024 5421 2451 5488 paciﬁcationem
2493 5420 2855 5476 Ecclesiarum
2896 5422 3280 5492 interponeret,
3317 5423 3414 5476 do-

1937 5646 2005 5707 (ι’)
2049 5640 2161 5694 ιίὶ),
2203 5657 2252 5701 v,
2281 5658 2327 5694 σι.
2358 5642 2408 5695 8.

1933 5714 2010 5778 (Α)
2057 5713 2129 5779 Ην
2185 5716 2247 5766 tttl
2286 5711 2431 5765 FLN.
