3820 6210
335 290 445 330 ιιιι

1687 276 2224 334 PROLEGOMENA.

337 390 577 446 mesticis
601 405 659 445 se
687 390 886 446 ﬁnibus
918 394 1212 457 contraxit,
1245 409 1309 450 ac
1343 395 1547 464 primas
1576 396 1912 466 episcopatus

2044 396 2110 447 rni
2136 396 2189 448 in
2207 394 2402 447 clerum
2420 392 2700 446 sacerdotii
2721 390 3140 460 presbyterorum
3162 390 3387 459 fratrem
3408 389 3603 456 evehit,

337 483 418 537 sui
446 497 606 538 curas
636 484 687 536 in
721 486 1110 554 componendis
1141 485 1399 541 Ecclesize
1434 503 1545 543 suae
1580 490 1819 543 moribus
1852 506 1916 544 ac

338 574 699 643 recollige-uda
725 576 1100 645 episcoporum
1140 576 1493 647 Cappadocia:
1516 581 1686 648 gratia
1721 582 1920 635 insum-

337 667 463 733 psit.
506 666 756 720 Testatur
780 667 1077 737 Gregorius
1104 670 1181 739 (ιι)
1219 671 1587 739 episcopatum
1625 674 1676 727 iu
1714 673 1915 727 Basilio

338 775 441 811 non
495 759 752 813 habuisse
804 760 1137 815 incrementa
1189 764 1595 824 virtutum.sed
1646 769 1917 835 operatio-

335 865 458 905 nem
494 851 651 903 latius
685 862 995 919 patentem;
1028 855 1225 923 quippe
1261 871 1381 908 cum
1418 857 1721 911 uberiorem
1750 868 1917 911 mate-

338 941 471 993 riam
507 951 744 1008 pmestas
780 944 1171 1011 suppeditaret.
1209 946 1385 1011 Quare
1419 962 1484 1000 ex
1521 947 1585 999 iis
1614 963 1731 1016 quas.
1760 948 1828 1002 ab
1852 965 1917 1003 eo

336 1032 658 1099 presbytero
690 1043 838 1096 gesta
870 1036 1246 1101 narravimus,
1297 1038 1526 1104 spectari
1573 1048 1748 1105 potest
1788 1039 1914 1104 quid

335 1125 624 1189 episcopus
658 1126 912 1193 gesserit.
944 1126 1235 1181 Enumerat
1273 1129 1565 1198 Gregorius
1602 1130 1674 1199 (b)
1706 1147 1915 1199 precum

335 1214 711 1284 descriptiones
795 1218 935 1270 inter
1022 1219 1281 1287 prmclara
1344 1220 1522 1274 Basilii
1613 1223 1914 1291 presbyteri

339 1307 627 1370 instituta,
672 1310 871 1379 quibus
900 1310 1091 1365 .verbis
1120 1312 1373 1366 videntur
1418 1312 1686 1380 designari
1731 1328 1916 1382 preces

337 1399 390 1452 in
428 1401 703 1455 sacrilicio
755 1402 867 1456 ﬁeri
897 1404 1092 1458 solitae.
1134 1405 1237 1459 Sed
1274 1415 1533 1473 przeterea
1570 1407 1731 1459 ritum
1769 1406 1915 1473 psal-

338 1487 477 1541 Iendi
507 1491 556 1541 in
588 1490 889 1545 Ecclesiam
934 1492 1326 1547 Ctesariensem
1350 1478 1561 1549 induxit
1587 1535 1601 1558 ,
1641 1511 1799 1563 quem
1838 1496 1916 1557 sic

337 1580 450 1647 ipse
483 1582 743 1637 describit
773 1582 844 1654 (ε)
885 1601 898 1637 :
933 1584 1008 1637 De
1044 1596 1192 1639 nocte
1217 1587 1472 1654 siquidem
1496 1628 1510 1650 ,
1543 1588 1739 1655 inquit,
1787 1606 1915 1643 con-

334 1671 501 1738 surgit
530 1673 670 1732 apud
710 1689 801 1727 nos
824 1675 1048 1741 populus
1077 1679 1145 1729 ad
1178 1680 1389 1731 domum
1418 1681 1735 1747 precationis
1755 1721 1768 1741 ,
1794 1691 1841 1733 et
1862 1682 1916 1734 in

2022 490 2131 540 suis
2165 504 2282 539 eum
2312 486 2546 554 mysticis
2570 481 2910 537 sacramentis
2944 496 3277 533 consecrans.
3316 476 3478 531 Parvi
3511 494 3600 532 re-

2022 581 2146 645 fert,
2200 580 2342 648 quod
2373 578 2602 633 Basilius
2651 576 2704 630 in
2752 576 2994 645 epistolis
3021 574 3089 628 79
3136 583 3193 627 et
3224 573 3332 625 2l6
3361 587 3599 640 quarum

2022 672 2192 741 prima
2228 670 2293 724 ad
2340 669 2681 723 Eustathium
2715 682 2857 720 anno
2907 666 3007 721 571
3044 676 3297 727 exeunte,
3335 663 3506 716 altera
3537 665 3605 715 ad

2023 765 2081 818 S.
2124 762 2399 816 Meletium
2435 778 2579 816 anno
2602 761 2710 814 375
2740 761 2939 824 scripta
2983 768 3090 823 est,
3120 756 3337 811 Petrum
3374 754 3607 807 fratrem

2022 871 2124 907 non
2171 854 2409 923 appellat
2450 855 2852 924 presbyterum.
2885 851 3014 905 lude
3065 850 3240 917 colligi
3283 864 3389 902 non
3427 856 3611 916 potest

2020 943 2258 998 nondum
2316 954 2443 998 tunc
2490 943 2708 996 Petrum
2758 943 2810 995 in
2865 940 3163 1010 presbyteri
3215 939 3386 1004 gradu
3441 937 3613 990 mini--

2020 1044 2240 1086 strasse.
2285 1032 2397 1086 Etsi
2450 1034 2592 1086 enim
2622 1041 2906 1107 accuratus
2952 1038 3070 1083 erat
3107 1028 3338 1082 Basilius
3377 1028 3431 1080 in
3460 1028 3612 1095 ejus-

2022 1125 2164 1177 modi
2204 1124 2374 1179 titulis
2420 1140 2518 1194 pro
2565 1123 2831 1191 cujusque
2870 1123 3134 1192 dignitate
3163 1121 3501 1185 deferendis,
3555 1121 3612 1174 id

2023 1225 2203 1269 tamen
2235 1216 2370 1286 legis
2402 1217 2575 1271 instar
2599 1216 2925 1269 servandum
2969 1228 3091 1269 esse
3122 1229 3233 1267 non
3272 1212 3509 1267 ducebat
3554 1212 3611 1266 in

2020 1308 2233 1369 litteris.
2256 1324 2394 1378 quas
2416 1307 2671 1377 privatim
2704 1308 2769 1360 ad
2810 1306 3033 1360 intimos
3060 1307 3264 1359 amicos
3300 1304 3612 1359 scribebat.

2020 1396 2156 1450 llinc
2183 1396 2446 1465 Gregorio
2475 1395 2719 1466 Nysseno
2760 1409 2865 1449 non
2894 1395 3060 1448 alium
3093 1410 3253 1463 quam
3283 1393 3473 1447 fratris
3507 1394 3614 1447 ad-

2019 1487 2234 1540 modum
2277 1486 2558 1541 reverendi
2586 1486 2805 1540 titulum
2847 1487 3038 1539 tribuit
3074 1487 3125 1537 in
3169 1485 3398 1553 epistola
3438 1486 3511 1538 60
3543 1485 3616 1537 ad

2019 1592 2359 1630 communem
2393 1589 2669 1646 patruum.
2708 1576 3027 1629 Antltimnm
3072 1575 3417 1644 Tyauensem
3454 1590 3618 1630 reve-

2019 1669 2399 1722 rendissimutn
2424 1667 2647 1722 fratrem
2682 1667 2914 1737 appellat
2939 1669 2990 1721 in
3011 1668 3168 1736 epist.
3197 1667 3265 1721 58
3286 1668 3353 1720 ad
3381 1667 3617 1720 fratrem

332 1758 537 1827 labore,
565 1763 618 1815 in
642 1738 974 1833 aﬁlictatione
1007 1784 1067 1820 ac
1090 1770 1307 1839 jugibus
1336 1738 1587 1841 lac'rymis
1609 1770 1915 1841 confitentes
1949 1738 1989 1792 Β
2018 1760 2360 1829 Gregorium,
2404 1775 2509 1813 "0“
2544 1760 2727 1813 addi“)
2777 1758 3015 1828 episcopi
3067 1758 3253 1824 ιῖιυιος
3306 1774 3406 1811 "‘30
3449 1758 3619 1811 alii"

334 1851 469 1920 Deo,
504 1856 713 1910 tandem
738 1875 769 1910 a
808 1860 1105 1925 precatione
1139 1874 1430 1932 surgentes,
1466 1865 1534 1916 ad
1568 1867 1913 1933 psalmodiam

334 1952 625 1998 transeunt.
656 1949 725 2000 Et
750 1964 886 2001 nunc
911 1950 1120 2018 quidem
1149 1952 1203 2005 in
1232 1954 1366 2005 duas
1402 1965 1576 2021 partes
1607 1954 1800 2020 divisi,
1836 1955 1915 2007 al-

328 2037 494 2089 ternis
525 2039 846 2094 succinentes
882 2042 1136 2108 psallunt,
1170 2060 1231 2095 ac
1255 2045 1413 2097 simul
1444 2055 1492 2098 et
1523 2046 1915 2100 meditationem

335 2127 738 2196 Scripturarum
763 2133 883 2185 inde
911 2136 1287 2201 corroborant,
1316 2148 1362 2189 et
1399 2138 1633 2190 animum
1662 2149 1913 2191 attentum

332 2229 380 2272 et
416 2238 508 2273 cor
530 2226 853 2292 evagatiouis
889 2243 1073 2294 expers
1106 2229 1204 2281 sibi
1230 2231 1329 2297 ipsi
1359 2241 1687 2297 comparant.
1725 2230 1915 2284 Postea

335 2330 519 2368 rursus
557 2318 648 2368 uni
676 2319 1077 2385 committentes,
1121 2333 1176 2374 ut
1203 2324 1350 2391 prior
1378 2334 1555 2387 canat,
1590 2324 1775 2393 reliqui
1801 2340 1916 2378 suc-

330 2404 536 2460 cinunt.
597 2394 790 2462 Etrsic
824 2421 1161 2481 posteaquam
1220 2415 1272 2466 in
1322 2415 1632 2481 psalmodia:
1671 2416 1916 2469 varietate

334 2508 534 2552 noctem
578 2501 859 2554 traduxere
897 2503 1202 2557 intermistis
1230 2507 1471 2570 precibus
1494 2548 1507 2571 ,
1536 2506 1619 2560 die
1639 2508 1755 2577 jam
1790 2509 1907 2561 illn-

330 2600 581 2654 cescente,
617 2607 793 2645 omnes
827 2593 987 2646 simul
1014 2594 1149 2648 velut
1175 2611 1240 2649 ea:
1271 2613 1375 2650 uno
1401 2614 1489 2651 ore
1528 2609 1575 2651 et
1615 2614 1718 2652 uno
1761 2600 1916 2652 corde

331 2680 594 2745 psalmum
639 2682 992 2751 confessionis
1040 2685 1261 2739 Domino
1305 2690 1630 2751 concinunt,
1696 2692 1916 2759 propria

330 2769 430 2822 sibi
464 2773 820 2842 unusquisque
860 2775 1011 2828 verba
1062 2778 1379 2843 ptenitentite
1414 2779 1687 2847 facientes.
1720 2780 1912 2836 Utrum

333 2860 450 2914 lucc
488 2860 772 2930 presbyter
816 2862 1112 2918 instituerit
1155 2881 1221 2919 an
1254 2868 1558 2935 episcopus,
1602 2884 1705 2922 non
1760 2869 1915 2923 facile

332 2952 618 3005 statuerim
658 2970 672 3008 :
706 2953 800 3008 sed
832 2965 980 3010 certe
1028 2958 1093 3010 ab
1135 2972 1200 3012 eo
1246 2958 1491 3012 instituta
1526 2975 1645 3014 esse
1688 2962 1915 3029 probant

334 3041 591 3097 exhibitas
643 3044 691 3098 ei
746 3060 777 3098 a
813 3043 1343 3103 Neoczesariensibus
1393 3049 1651 3104 molestiae
1694 3060 1912 3121 propter
1940 3071 1982 3127 ο

332 3132 503 3199 illam,
541 3146 599 3188 ut
624 3135 722 3204 ipsi
760 3137 1172 3203 existimabant,
1202 3141 1498 3195 novitatem
1520 3180 1536 3205 ,
1569 3158 1728 3209 quant
1762 3142 1911 3196 Basi-

332 3222 435 3277 lius
467 3228 707 3280 omnium
741 3228 1109 3283 Ecclesiaram
1153 3232 1415 3285 institutis
1465 3248 1757 3286 consonam
1793 3249 1913 3288 esse

330 3317 685 3373 demonstrat.
720 3320 851 3373 lllud
876 3322 1040 3375 etiam
1080 3322 1266 3376 sedulo
1291 3324 1525 3391 providit
1555 3324 1783 3377 Basilius
1808 3325 1911 3392 (d),

330 3419 393 3462 ut
420 3408 560 3464 Dens
586 3428 691 3463 non
736 3413 982 3466 humanis
1025 3415 1193 3467 verbis
1219 3455 1235 3476 .
1283 3416 1374 3468 sed
1406 3417 1634 3470 oraculis
1680 3416 1910 3487 Spiritus

330 3503 504 3555 sancti
539 3503 590 3555 in
628 3503 866 3558 Ecclesia
895 3505 1214 3559 Caisarieusi
1238 3508 1561 3574 placaretur.

323 3620 325 3628 ι
402 3593 472 3665 (e)
505 3592 803 3649 Primordia
844 3595 990 3649 illius
1021 3597 1367 3665 episcopatus
1394 3598 1613 3666 optimis
1642 3599 1707 3652 ad
1745 3599 1910 3654 disci-

330 3683 533 3753 plinam
572 3685 783 3756 legibus
827 3686 1062 3755 insignia
1102 3687 1346 3743 fuerunt.
1381 3687 1593 3755 Quanta
1629 3691 1775 3745 illius
1807 3691 1914 3745 sol-

331 3776 553 3832 licitudo
579 3776 745 3832 fuerit
781 3779 834 3833 in
877 3778 1144 3849 eligendis
1169 3781 1425 3836 altarium
1460 3783 1748 3850 ministris,
1790 3800 1908 3838 cum

330 3883 397 3921 ex
434 3867 630 3940 litteris
659 3870 725 3922 ad
759 3869 1055 3936 provinciae
1078 3886 1187 3923 sua:
1213 3871 1524 3938 episcopos,
1557 3872 1623 3925 ad
1663 3872 1913 3941 cborepi-

331 3974 525 4029 scopos
551 3970 607 4013 et
636 3962 702 4013 ad
729 3960 1043 4018 Nectarium
1072 3964 1305 4032 perspici
1336 3973 1534 4031 potest,
1563 3974 1674 4018 tum
1702 3978 1767 4019 ex
1798 3965 1914 4033 epi-

330 4051 507 4118 scopis
553 4065 691 4120 quos
740 4066 770 4105 e
820 4052 967 4106 clero
1014 4068 1112 4107 suo
1156 4052 1277 4107 aliis
1320 4052 1578 4108 Ecclesiis
1618 4055 1907 4109 concessit.

330 4141 484 4196 Nulla
517 4143 663 4198 illum
700 4144 784 4198 his
816 4144 870 4198 in
904 4144 1065 4199 rebus
1092 4144 1325 4199 humana
1351 4146 1607 4216 cogitatio
1639 4148 1907 4201 movebat.

332 4235 428 4289 Vir
453 4246 648 4291 caetera
681 4238 733 4292 in
766 4237 965 4291 fratres
993 4238 1272 4292 etamicos
1299 4239 1629 4306 lenissimus,
1656 4238 1911 4293 inexora-

330 4323 453 4378 bilis
488 4335 627 4389 erat,
664 4326 707 4381 si
745 4327 872 4395 quid
905 4328 985 4381 eis
1010 4329 1195 4381 oneris
1227 4328 1293 4382 ad
1326 4326 1585 4383 Ecclesiae
1624 4328 1909 4383 utilitatem

2017 1854 2083 1905 de
2105 1852 2369 1921 Gregorio
2401 1850 2747 1904 Nazianzeno
2778 1850 3019 1916 loquitur
3057 1849 3109 1901 in
3146 1850 3307 1917 epist.
3346 1850 3417 1903 98
3444 1850 3512 1902 ad
3550 1848 3613 1903 S.

2019 1942 2329 1998 Eusebium.
2361 1942 2490 2008 Sed,
2516 1960 2640 1997 cum
2674 1942 2889 1996 Petrum
2929 1941 3159 1995 Basilius
3183 1943 3255 2011 (g)
3297 1944 3514 2013 magnis
3546 1943 3621 1997 de

2018 2035 2183 2090 rebus
2214 2051 2313 2090 suo
2340 2045 2392 2090 et
2426 2036 2655 2088 aliorum
2687 2034 3042 2103 Cappadociae
3074 2034 3460 2103 episcoporum
3505 2050 3616 2087 no-

2018 2129 2161 2181 mine
2196 2128 2261 2180 ad
2293 2128 2572 2196 episcopos
2602 2127 2751 2180 Ponti
2785 2126 3190 2186 mitteret,tuuc
3223 2142 3346 2180 eum
3383 2126 3491 2193 th),
3556 2135 3617 2179 ut

2017 2220 2264 2285 decebat,
2295 2223 2796 2289 compresbyterum
2831 2218 3089 2287 appellat.
3135 2217 3251 2273 Non
3289 2220 3501 2272 ascitus
3530 2228 3622 2271 est

2020 2311 2072 2365 in
2114 2311 2408 2365 Ecclesiam
2442 2309 2834 2366 Caesariensem
2882 2311 3096 2378 Petrus,
3142 2313 3237 2365 sed
3270 2313 3620 2365 monasterio

2019 2401 2254 2471 prml‘uit,
2305 2402 2446 2471 quod
2503 2401 2740 2456 Basilius
2796 2401 2862 2455 ad
2910 2400 3109 2455 lridem
3150 2400 3375 2455 ﬂuvium
3415 2400 3620 2455 funda-

2019 2504 2190 2547 verat.

2087 2564 2354 2639 Narratur
2385 2582 2447 2654 (i)
2475 2584 2637 2637 etiam
2689 2583 2955 2654 Evagrius
3002 2583 3260 2639 Ponticus
3298 2598 3331 2638 ει
3368 2583 3430 2639 S.
3457 2583 3621 2639 Basi-

2018 2676 2089 2732 lio
2118 2677 2287 2731 lector
2313 2678 2597 2732 ordinatus
2624 2674 2810 2731 fuisse.
2854 2676 2961 2731 Sed
2993 2692 3157 2745 quam
3188 2675 3423 2731 libenter
3452 2674 3621 2730 Basi-

2019 2768 2120 2823 lius
2160 2782 2353 2838 magna
2419 2766 2680 2820 virtutum
2738 2767 2942 2821 lumina
2996 2768 3253 2822 altarium
3302 2768 3623 2822 ministerio

2019 2862 2354 2927 admoveret,
2400 2860 2739 2913 demonstrat
2788 2860 3037 2929 inprimis
3084 2861 3361 2916 ordinatio
3391 2862 3449 2915 in
3495 2876 3623 2916 mo-

2020 2952 2256 3007 nasterio
2289 2960 2531 3021 peracta,
2571 2966 2691 3019 qua:
2724 2953 2864 3020 apud
2894 2960 3149 3006 sanctum
3174 2952 3513 3007 Dorotheum
3552 2954 3621 3021 (i)

2017 3046 2094 3099 sic
2137 3044 2368 3099 refertur
2424 3061 2439 3098 :
2515 3042 2711 3111 Ἔλεγέ
2762 3061 2849 3107 τις
2906 3043 3016 3098 τῶν
3075 3044 3372 3114 γερόντων,
3438 3044 3525 3097 ὅτι
3592 3045 3623 3096 ὁ

2018 3134 2170 3202 ἆγιος
2226 3133 2506 3197 Βασίλειος
2534 3134 2591 3185 ὲν
2615 3134 2868 3204 κοινοδίῳ
2900 3133 3260 3205 παραόαλὼν,
3325 3134 3472 3205 μετὰ
3516 3133 3624 3205 τὴν

2016 3227 2330 3300 πρέπουσαν
2367 3225 2716 3279 διδασκαλίαν
2756 3224 3010 3296 λέγειτῷ
3054 3225 3366 3297 ἡγουμένῳ·
3427 3227 3623 3295 Ἔχεις

2014 3319 2239 3387 ἀδελφὸν
2270 3311 2373 3371 ὧδε
2394 3318 2585 3388 ἔχοντα
2607 3318 2851 3388 ὑπακοήν
2874 3335 2889 3383 ;
2915 3319 2972 3371 '0
2998 3318 3055 3371 δὲ
3082 3319 3234 3387 λέγει
3264 3318 3415 3389 αὐτῷ
3436 3336 3451 3350 ⁸
3473 3319 3626 3372 Πάν-

2014 3429 2105 3474 τες
2130 3410 2303 3465 δοῦλοί
2356 3428 2447 3463 σου
2488 3411 2618 3474 εἰσὶ,
2661 3410 2758 3463 καὶ
2798 3410 3163 3473 σπουδάζουσι
3213 3411 3484 3481 σωθῆναι,
3530 3411 3626 3465 δέ-

2018 3518 2209 3555 σποτα.
2243 3500 2410 3554 Πάλιν
2452 3499 2600 3567 λέγει
2653 3498 2822 3570 αὐτῷ’
2869 3502 3059 3571 Ἔχεις
3103 3503 3163 3553 ὲν
3210 3502 3445 3573 ἀληθείᾳ
3491 3502 3623 3556 τινὰ

2015 3594 2203 3663 ἔχοντα
2231 3595 2511 3665 ὑπακοήν;
2558 3593 2615 3645 Ὀ
2650 3594 2706 3646 δὲ
2749 3595 2981 3665 ἤνεγκεν
3014 3594 3165 3664 αὑτῷ
3208 3594 3305 3647 ἕνα
3356 3594 3621 3664 ἀδελφόν·

2015 3686 2109 3739 καὶ
2142 3687 2417 3756 ἐχρήσατο
2446 3684 2607 3739 αὑτὸν
2632 3686 2713 3748 εἰς
2738 3686 2797 3738 τὸ
2826 3688 3051 3758 ἄριστον
3079 3687 3366 3758 ὑπηρέτην
3400 3690 3431 3741 ὁ
3463 3688 3623 3755 ἅγιος

2017 3778 2320 3841 Βασίλειος.
2354 3776 2509 3830 Μετὰ
2550 3776 2605 3829 δὲ
2639 3776 2701 3829 τὸ
2729 3777 3053 3844 γεύσασθαι,
3099 3778 3303 3831 ἔδωκεν
3351 3778 3510 3849 αὐτῷ
3536 3777 3623 3830 νί-

2012 3870 2236 3939 ψασθαι*
2290 3869 2382 3922 καὶ
2420 3868 2572 3937 λέγει
2618 3868 2766 3939 αὐτῷ
2804 3872 2834 3922 ὁ
2881 3871 3039 3937 ἅγιος
3074 3869 3383 3933 Βασίλειος’
3418 3870 3622 3941 Δεῦρο,

2014 3960 2169 4030 κάγὼ
2212 3960 2368 4014 δώσω
2424 3978 2505 4013 σοι
2545 3961 2824 4031 νίψασθαι.
2871 3964 2929 4016 Ὀ
2964 3963 3021 4016 δὲ
3062 3963 3399 4027 κατεδέξατο
3449 3964 3623 4018 αὐτοῦ

2012 4053 2319 4125 ὲπιχέοντος
2342 4053 2403 4105 τὸ
2420 4053 2583 4127 ὕδωρ.
2612 4056 2723 4109 Καὶ
2745 4054 2893 4124 λέγει
2929 4055 3081 4126 αὐτῴ
3106 4058 3213 4121 ὅτι,
3239 4058 3414 4109 Ὅταν
3446 4058 3629 4129 εἰσέρ-

2014 4164 2191 4221 χωμαι
2230 4148 2310 4211 εἰς
2354 4147 2415 4200 τὸ
2472 4149 2756 4218 ἱερατείον,
2787 4148 2946 4220 δεῦρο
2995 4148 3084 4201 ἵνα
3129 4150 3345 4221 ποιήσω
3386 4166 3450 4202 σε
3496 4150 3623 4205 διά-

2014 4256 2188 4294 κονον.
2218 4239 2327 4292 Καὶ
2358 4240 2548 4291 τούτου
2580 4240 2899 4310 γενομένου,
2944 4241 3206 4311 ἐποίησεν
3252 4242 3423 4295 αὑτὸν
3478 4259 3621 4313 πρε-

2015 4326 2293 4403 σϐὖτεροψ
2345 4333 2440 4385 καὶ
2473 4332 2663 4385 ἔλαϐεν
2698 4333 2862 4386 αὐτὸν
2907 4332 3027 4402 μεθ’
3054 4333 3250 4387 ἑαυτοῦ
3299 4336 3382 4398 εἰς
3410 4336 3476 4388 τὸ
3501 4338 3625 4387 ἐπι-

332 4416 715 4484 imponendum
746 4427 907 4471 esset.
944 4416 1082 4470 Hinc
1116 4426 1343 4486 uterque
1365 4417 1657 4488 Gregorius
1674 4420 1908 4488 episcopi

2044 4427 2290 4488 ’κοπεϊον,
2314 4423 2403 4476 διὰ
2429 4422 2527 4494 τὴν
2558 4423 2809 4495 ὑπακοὴν
2837 4423 3025 4479 αὑτοῦ.
3058 4422 3511 4479 Commemoravit
3541 4443 3626 4480 se-

331 4504 400 4556 ab
431 4522 495 4559 eo
536 4507 684 4559 inviti
715 4520 769 4560 et
810 4507 1137 4561 reluctantes
1154 4508 1411 4562 ordinati.
1445 4510 1559 4575 Qua
1590 4520 1710 4564 erat
1737 4511 1915 4564 humi-

330 4595 482 4651 litate
517 4608 739 4651 sauctus
797 4597 990 4653 Petrus
1026 4598 1207 4654 Basilii
1260 4601 1451 4664 frater,
1499 4602 1544 4655 is
1591 4602 1682 4670 qui
1728 4613 1911 4671 postea

328 4690 615 4758 episcopus
668 4690 767 4742 fuit
820 4690 1174 4757 Sebastenus,
1214 4708 1318 4747 non
1369 4692 1588 4747 dubium
1643 4703 1727 4747 est
1783 4695 1910 4762 quin

328 4781 518 4834 eadem
550 4774 621 4835 illi
654 4783 733 4835 vis
778 4781 919 4837 facta
970 4783 1153 4847 fuerit,
1208 4800 1327 4837 cum
1381 4802 1503 4840 eum
1533 4788 1909 4856 presbyterum

328 4872 559 4927 Basilius
582 4874 849 4928 ordinavit
878 4890 891 4925 :
922 4874 1066 4943 quod
1093 4875 1310 4944 quidem
1348 4877 1401 4930 in
1445 4878 1763 4947 primordiis
1791 4878 1908 4944 epi-

326 4972 582 5031 scOpatus
632 4964 832 5019 factum
881 4966 1047 5022 fuisse
1106 4968 1398 5037 conjicitur
1435 4983 1500 5024 ex
1547 4968 1632 5023 his
1681 4967 1907 5038 Nysseui

328 5056 509 5108 verbis
544 5054 612 5122 (Γ)
644 5076 654 5109 :
687 5054 819 5109 Tum
851 5058 1073 5125 insignis
1108 5058 1244 5112 inter
1267 5067 1477 5112 sanctos
1506 5058 1744 5111 Basilius
1789 5074 1904 5110 ma-

327 5160 444 5214 gna:
476 5143 883 5199 Ctesarieusium
936 5147 1188 5203 Ecclesia:
1227 5148 1526 5204 declaratus
1552 5160 1625 5203 est
1666 5150 1904 5213 antistes,
1942 5194 1945 5197 η

402 5382 480 5448 (τι)
523 5384 672 5438 Orat.
703 5384 795 5437 90.

399 5453 472 5520 (lt)
514 5455 645 5509 una.

402 5528 473 5589 (cl
517 5523 613 5591 Ep.
641 5525 770 5585 907,
806 5542 856 5577 II.
887 5527 937 5581 5.

401 5595 477 5659 (d)
522 5595 678 5660 una,
715 5613 744 5645 ιι
798 5595 850 5647 ι.

401 5661 471 5731 (ρ)
500 5664 666 5729 Epist.
702 5664 821 5727 160,
859 5682 907 5721 n.
943 5669 987 5721 l.

505 5732 611 5789 Vit.
648 5736 815 5791 Macr.

2019 4529 2142 4566 num
2171 4513 2475 4575 nonnullus,
2505 4513 2643 4582 quod
2684 4523 2897 4566 sanctus
2926 4512 3165 4566 Basilius
3194 4530 3314 4567 cum
3340 4514 3410 4566 ad
3439 4528 3621 4567 caeno-

2016 4604 2158 4656 bium
2184 4603 2428 4665 venisset,
2470 4613 2583 4670 post
2624 4604 3013 4657 convenientem
3062 4606 3388 4669 doctrinam,
3421 4606 3623 4659 dixerit

2016 4696 2297 4764 praposito
2323 4711 2342 4749 :
2383 4693 2624 4748 Habesne
2656 4697 2741 4749 hic
2789 4696 3011 4763 fratrem
3041 4698 3130 4765 qui
3160 4696 3481 4750 obedientia:
3518 4700 3625 4752 vir-

2015 4796 2125 4839 tute
2155 4796 2372 4839 ornatus
2419 4789 2530 4842 sit?
2576 4786 2865 4854 Respondit
2910 4786 3230 4856 hegumenus
3292 4808 3310 4845 :
3363 4789 3622 4851 Domine,

2015 4894 2188 4931 omnes
2226 4878 2362 4930 servi
2409 4877 2486 4930 tui
2516 4889 2658 4942 sunt,
2708 4890 2755 4931 et
2801 4880 2870 4932 ad
2913 4880 3138 4934 salutem
3187 4885 3623 4951 consequendam

2011 4970 2269 5037 aspirant.
2312 4968 2516 5021 Iterum
2556 4971 2692 5023 dixit
2748 4973 2840 5026 ei:
2899 4971 2966 5025 In
3023 4974 3269 5036 veritate,
3317 4984 3470 5026 estne
3527 4973 3621 5026 tibi

2009 5060 2202 5128 aliquis
2233 5061 2523 5113 obedientia
2553 5064 2851 5126 prwditus?
2880 5064 2947 5117 At
2973 5064 3064 5117 ille
3087 5064 3319 5117 adduxit
3359 5066 3409 5118 ei
3450 5080 3620 5117 unum

2006 5167 2070 5205 ex
2100 5149 2391 5220 fratribus;
2429 5166 2655 5219 ususque
2684 5163 2756 5207 est
2788 5171 2848 5208 eo
2870 5166 3084 5208 sanctus
3104 5155 3345 5209 Basilius
3370 5156 3621 5208 ministro

2087 5394 2163 5458 ((i)
2194 5394 2289 5455 Ep.
2322 5394 2447 5449 203.
2476 5410 2526 5445 tt.
2548 5394 2603 5444 4.

2091 5468 2165 5529 (Ii)
2204 5465 2356 5531 Nyss.
2398 5463 2507 5515 Vit.
2542 5462 2711 5515 Macr.

2090 5539 2149 5595 (i)
2188 5534 2326 5586 Hist.
2374 5533 2533 5585 Laus.
2569 5548 2617 5585 c.
2647 5531 2734 5584 86.

2091 5605 2154 5672 tj)
2207 5604 2433 5672 llnt‘olh.
2476 5619 2523 5652 c.
2574 5602 2622 5666 l,
2669 5601 2842 5655 (lotcl.
2902 5600 3145 5658 Monum.
3180 5603 3389 5658 Eccles.
3435 5601 3615 5661 (ἕνα.

2021 5671 2149 5731 lout.
2188 5674 2225 5738 l,
2260 5690 2308 5741 ιι.
2344 5671 2463 5725 402.
