3820 6210
1544 322 1707 380 VlTA
1750 326 1809 382 S.
1851 325 2116 382 BASILII.

3301 341 3435 380 LXIII

197 438 326 490 inter
349 433 738 505 prandendum.
768 434 1054 505 Postquam
1083 446 1255 492 autem
1273 438 1599 503 comedisset,
1623 441 1763 493 dedit
1793 444 1839 503 Α
1870 442 1913 495 si
1943 441 2263 510 Gregorium
2295 456 2448 495 suum
2486 454 2551 493 an
2581 454 2639 494 se
2667 446 2926 508 potuisset
2958 438 3172 491 allicere
3207 437 3298 515 (ε)ὀ
3328 437 3437 493 ΝΘ·

194 528 238 581 ei
277 526 442 595 frater
485 542 682 593 aquam
745 528 813 580 ad
864 528 1167 582 lavandum.
1206 528 1338 583 Tum
1377 532 1510 585 dixit
1549 544 1758 586 sanctus

194 614 419 669 Basilius
445 629 464 666 :
502 613 656 679 Veni,
689 632 782 684 ego
822 632 1024 686 quoque
1050 615 1185 669 dabo
1226 619 1320 671 tibi
1345 634 1533 687 aquam
1554 620 1761 673 abluen-

191 709 266 759 dis
292 708 555 762 manibus.
615 709 673 762 Is
702 725 820 762 vero
843 724 1028 777 passus
1067 722 1138 764 est
1179 710 1283 765 sibi
1314 712 1378 764 ab
1407 712 1520 781 ipso
1550 712 1760 780 infundi

189 815 391 867 aquarii.
430 802 514 853 Ait
545 801 627 854 illi
656 818 674 855 :
700 801 831 875 Cum
870 805 1135 871 ingressus
1160 803 1308 871 fuero
1344 804 1401 856 in
1442 805 1757 866 sacrarium,

186 891 383 956 accede,
407 902 463 944 ut
488 903 537 946 te
573 892 768 959 faciam
801 895 1101 948 diaconum.
1145 894 1260 959 Quo
1287 904 1521 962 peracto,
1546 897 1599 948 in
1636 911 1727 964 pre

186 983 441 1051 sbyterum
500 985 659 1036 etiam
710 988 1009 1050 ordinavit;
1041 989 1428 1056 assumpsitque
1475 1004 1649 1041 secum
1701 988 1757 1041 in

187 1076 458 1143 cpiscopio,
485 1088 700 1144 propter
724 1078 1041 1146 singularem
1063 1078 1223 1146 ipsius
1248 1079 1614 1133 obedientiam.

251 1162 363 1218 Non
400 1167 622 1231 modici,
651 1177 707 1220 ut
742 1168 844 1221 illis
877 1169 1227 1237 temporibus,
1265 1180 1420 1223 erant
1460 1170 1759 1225 Casarien-

189 1255 259 1308 sis
283 1254 540 1311 Ecclesiae
590 1258 816 1311 reditus.
876 1259 980 1312 Sed
1017 1259 1250 1313 Basilius
1299 1260 1440 1313 inter
1488 1260 1585 1314 has
1627 1275 1758 1329 opes

188 1349 579 1416 pauperrimus,
614 1366 711 1403 sua
764 1351 946 1405 omnia
1002 1368 1300 1421 pauperum
1342 1366 1463 1407 esse
1503 1352 1751 1407 ducebat.

188 1436 273 1493 Sic
302 1439 445 1494 illius
475 1449 855 1511 paupertatem
884 1451 939 1497 et
986 1452 1264 1497 austerum
1320 1443 1536 1496 vivendi
1591 1458 1757 1512 genus

184 1530 434 1596 praedicat
474 1531 774 1601 Gregorius
804 1531 905 1605 (a),
952 1549 1145 1604 nempe
1170 1535 1402 1589 tunicam
1436 1551 1617 1602 unam,
1644 1536 1758 1605 pal-

184 1620 304 1674 lium
329 1636 522 1689 unum,
558 1624 792 1693 vigilias,
821 1626 1126 1693 obsonium,
1163 1643 1354 1695 panem
1398 1637 1451 1683 et
1480 1629 1667 1692 salem,
1701 1639 1757 1681 ut

184 1713 286 1769 haec
306 1715 361 1769 in
378 1716 695 1785 episcopatu
712 1734 817 1771 non
835 1718 1164 1781 intermissa,
1184 1719 1265 1773 vel
1289 1719 1473 1773 saltem
1496 1736 1601 1773 non
1622 1718 1758 1773 mul—

1869 547 1955 586 mo
1984 532 2438 597 sane-dubitabat,
2476 532 2605 600 quin
2640 530 2823 586 statim
2865 528 3159 598 Gregorius
3194 529 3256 581 ad
3295 530 3434 582 ami—

1866 638 1986 677 cum
2022 623 2173 677 laetus
2208 631 2535 684 accurreret,
2573 630 2625 675 et
2660 635 2781 673 cum
2820 635 2883 674 eo
2907 620 3160 673 honorem
3190 634 3252 673 ac
3284 628 3436 687 pote-

1867 723 2062 765 statem
2097 712 2409 779 partiretur.
2460 712 2564 765 Sed
2608 711 2896 781 Gregorius
2943 715 3187 779 protinus
3219 710 3435 779 quidem

1866 806 1931 856 ad
1967 804 2217 857 Basiliam
2247 804 2481 871 scripsit,
2535 812 2592 856 ut
2645 819 2797 858 suum
2827 819 2891 858 es
2938 803 3051 870 ejus
3099 802 3437 856 ordinatione

1866 894 2116 964 gaudium
2161 894 2494 963 signiﬁcaret
2528 911 2540 951 :
2584 903 2638 948 at
2683 895 3004 950 desiderium
3038 892 3181 946 illius
3220 891 3435 945 videndi

1864 985 2121 1045 cohibuit.
2167 995 2278 1037 tum
2313 994 2365 1038 ut
2390 987 2546 1039 amici
2598 985 2754 1040 fatum
2798 983 3119 1047 consuleret,
3158 997 3256 1035 nec
3286 982 3437 1049 quis-

1864 1092 2024 1146 quam
2056 1077 2385 1131 obtrectator
2421 1094 2541 1132 eum
2578 1079 2848 1132 studiosos
2880 1076 2960 1131 sui
2997 1076 3250 1144 colligere
3275 1073 3434 1127 dicti-

1866 1176 2003 1221 taret
2049 1167 2224 1236 (erant
2257 1168 2401 1221 enim
2446 1169 2738 1222 nmltorum
2790 1168 2956 1223 animi
3001 1167 3176 1221 adhuc
3217 1164 3435 1217 exulce-

1863 1256 2009 1325 rati),
2033 1265 2142 1309 tum
2160 1257 2320 1311 etiam
2350 1273 2415 1311 ne
2445 1272 2503 1311 se
2529 1259 2640 1327 ipse
2669 1259 2721 1311 in
2754 1258 3005 1311 invidiam
3034 1266 3089 1310 et
3112 1255 3435 1325 arrogantiae

1863 1350 2197 1416 suspiciones
2247 1350 2543 1418 conjiceret
2580 1350 2673 1421 (f).
2719 1351 2816 1403 His
2864 1349 3162 1402 rationibus
3210 1360 3435 1417 persua-

1864 1437 1991 1491 dere
2025 1436 2219 1492 Basilio
2247 1451 2477 1512 corratur
2519 1455 2587 1494 ne
2619 1454 2677 1494 se
2705 1441 2884 1494 statim
2918 1447 3163 1493 accersat
3198 1456 3212 1491 :
3261 1453 3435 1508 neque

1862 1530 2002 1582 enim
2029 1545 2089 1583 se
2129 1545 2351 1598 prorsus
2394 1541 2701 1596 venturum,
2737 1532 2837 1584 nisi
2870 1546 2991 1584 cum
3023 1532 3160 1583 Deus
3186 1528 3432 1597 jusserit,

1862 1629 1915 1672 et
1959 1634 2172 1685 eorum,
2220 1621 2310 1688 qui
2344 1620 2542 1677 Basilio
2597 1622 2988 1676 insidiabantur
3016 1629 3069 1673 et
3095 1620 3427 1684 invidebant,

1863 1711 2067 1765 umbra!
2100 1712 2456 1780 praeterierint

182 1815 285 1857 tum
316 1806 637 1876 demitigata
658 1806 826 1862 fuisse
853 1808 1162 1863 videantur.
1199 1809 1360 1864 Certe
1397 1808 1627 1864 Basilius
1659 1824 1749 1864 co-
1788 1798 1829 1853 Β
1930 1802 2177 1856 Nondum
2222 1805 2398 1857 Victus
2425 1804 2509 1857 his
2541 1802 2840 1857 TaliOIIibllS
2878 1801 3129 1867 Βτιείιίυε,
3158 1799 3427 1855 contemni

182 1912 285 1949 ram
319 1896 587 1965 praefecto
614 1898 828 1954 dicebat
856 1901 987 1953 nihil
1013 1915 1236 1968 prorsus
1261 1901 1361 1956 sibi
1388 1917 1526 1965 esse,
1560 1911 1755 1970 praeter

178 1987 378 2043 laceros
409 1999 463 2042 et
492 1991 725 2046 detritos
754 2008 984 2061 pannos,
1018 2002 1072 2046 et
1114 2008 1315 2063 paucos
1337 1992 1502 2049 libros
1534 1994 1629 2064 (b).
1663 1993 1756 2049 Sic

178 2083 365 2135 viventi
402 2082 668 2150 perfacile
697 2094 818 2138 erat
848 2085 901 2138 in
945 2100 1209 2155 pauperes
1237 2087 1500 2153 prolixum
1536 2102 1656 2141 esse
1691 2103 1755 2143 ac

178 2173 468 2227 liberalem.
508 2174 627 2242 Quo
658 2176 709 2228 in
762 2192 962 2245 genere
992 2178 1071 2230 sic
1101 2178 1498 2248 magniﬁcentia
1524 2190 1578 2232 et
1609 2195 1757 2233 sum-

179 2266 480 2331 ptuprodiit
511 2266 764 2331 Basilius,
792 2275 851 2321 ut
886 2270 1357 2338 ptochotrophium
1395 2272 1465 2326 ab
1490 2286 1555 2324 eo
1583 2271 1752 2325 aediﬁ—

178 2364 346 2408 catum
364 2373 556 2411 novam
570 2359 833 2412 civitatem
851 2361 1389 2431 appelletGregorius
1404 2363 1479 2432 (p.
1500 2362 1646 2431 560).
1662 2364 1752 2432 qui

180 2446 423 2504 Basilium
442 2467 555 2506 non
587 2452 639 2505 in
672 2453 785 2508 sola
805 2454 1021 2509 civitate
1041 2456 1358 2510 charitatem
1386 2471 1536 2509 suam
1556 2455 1753 2512 nobili-

180 2548 313 2593 tasse
333 2550 589 2607 testatur,
621 2546 715 2598 sed
744 2546 909 2599 etiam
946 2562 1069 2601 rure
1106 2557 1158 2599 et
1191 2546 1243 2599 in
1281 2547 1426 2616 agris
1453 2548 1754 2601 lnunanita-

179 2637 275 2681 tem
300 2644 360 2684 ac
396 2633 829 2687 muniﬁcentiam
860 2635 913 2689 in
954 2650 1218 2705 pauperes
1270 2636 1335 2689 iis
1364 2637 1633 2701 omnibus,
1662 2636 1751 2705 qui

177 2720 361 2788 populo
393 2735 697 2791 praeerant,
724 2735 784 2780 ut
816 2742 1105 2782 commune
1135 2737 1410 2782 certamen
1440 2728 1753 2797 proposuis-

178 2827 250 2865 se.
275 2813 484 2869 Revera
524 2818 722 2887 singuli
764 2819 1135 2888 chorepiscopi
1167 2821 1420 2877 videntur
1463 2835 1628 2874 unum
1654 2820 1752 2874 ali-

176 2902 306 2967 quod
363 2905 847 2976 ptochotmphiuzn
896 2910 1001 2962 sibi
1057 2910 1409 2963 commissum
1472 2910 1749 2969 habuisse.

177 2992 361 3048 Omnes
386 2996 541 3048 enim
573 2997 986 3068 chorepiscopos
1032 2999 1262 3053 Basilius
1312 3000 1382 3070 (ε)
1438 3001 1503 3054 ad
1552 3001 1751 3055 festum

178 3084 230 3137 ὃ.
252 3084 549 3157 Eupsychii
574 3094 1050 3147 convocavitanno
1075 3092 1200 3156 575,
1236 3101 1293 3145 ut
1321 3108 1505 3147 eorum
1535 3094 1753 3162 ptocho-

177 3178 377 3247 trophia
411 3182 734 3236 numerario
771 3185 1196 3240 commendaret.
1237 3185 1461 3240 Summa
1506 3187 1592 3240 illa
1622 3188 1753 3241 cha-

176 3268 315 3336 ritas,
358 3286 485 3339 qua:
541 3271 798 3327 Basiliam
851 3276 1181 3345 pauperibus
1221 3285 1392 3332 totum
1443 3279 1751 3343 addicebat,

176 3359 367 3415 aditum
396 3365 656 3419 omnibus
690 3368 756 3419 ad
795 3366 938 3420 illius
984 3368 1341 3437 patrocinium
1376 3377 1430 3421 et
1477 3385 1755 3423 commen-

178 3454 444 3511 dationem
492 3458 676 3523 dabat,
730 3469 788 3513 ut
828 3475 894 3516 ex
939 3461 1187 3530 plurimis
1237 3461 1483 3530 epistolis
1545 3462 1754 3532 perspi-

175 3545 324 3602 citur.

240 3639 503 3704 Quamvis
552 3640 823 3710 pleraeque
861 3643 1136 3699 orationes
1166 3644 1374 3712 Basilii,
1405 3662 1520 3715 quze
1557 3646 1623 3700 ad
1657 3662 1754 3701 nos

177 3738 559 3798 pervenecunt,
590 3740 718 3785 ante
740 3732 1111 3801 episcopatum
1150 3737 1507 3801 pronunliatzn
1535 3736 1753 3790 videan-

180 3829 279 3883 tur,
307 3837 417 3876 non
443 3830 631 3876 tamen
654 3823 916 3878 credibile
938 3834 1021 3879 est
1045 3824 1305 3880 Basilium
1330 3828 1395 3881 de
1427 3828 1752 3896 praedicandi

176 3913 319 3969 verbi
349 3914 539 3970 studio
572 3916 864 3986 quidquam
893 3917 945 3969 in
976 3919 1288 3987 episc0patu
1315 3919 1605 3982 remisisse,
1630 3932 1751 3972 cum

181 4008 478 4073 praesertim
513 4007 821 4076 graviorem
863 4006 1024 4075 hujus
1058 4009 1133 4062 rei
1169 4013 1546 4064 necessitatem
1580 4010 1753 4079 impo-

181 4109 359 4152 nerent
388 4109 448 4153 et
489 4100 770 4169 dignitatis
800 4101 1046 4156 accessio
1068 4111 1123 4155 et
1153 4101 1531 4156 luereticorum
1560 4102 1754 4171 impro-

180 4188 309 4244 bitas
351 4201 407 4244 et
454 4192 857 4261 persecutionis
906 4192 1182 4246 violentia.
1210 4192 1327 4248 Non
1362 4192 1475 4247 sola
1507 4193 1751 4249 Caesarea

176 4279 380 4350 eloquio
410 4282 603 4335 Basilii
648 4282 1028 4351 perfruebatur
1085 4283 1162 4355 (ά)
1194 4301 1207 4336 :
1246 4285 1497 4340 assiduus
1529 4294 1647 4338 erat
1698 4284 1750 4338 in

178 4374 318 4441 pagis
344 4376 658 4441 visitandis,
691 4390 789 4429 nec
816 4389 935 4428 eum
958 4377 1205 4441 morbus,
1232 4376 1334 4430 nisi
1366 4391 1589 4445 prorsus
1612 4377 1748 4433 lecto

1854 1906 1967 1946 Sea
2015 1890 2279 1957 Gregorio
2326 1902 2551 1962 questus
2605 1901 2707 1944 est.
2761 1890 3005 1956 Querelis
3044 1900 3301 1958 peracute
3344 1904 3433 1943 re-

1854 1983 2070 2050 spondit
2094 1982 2169 2052 (g)
2194 1981 2509 2053 Gregorius.
2545 1980 2772 2035 Fatetur
2809 1981 2910 2035 sibi
2948 1981 3078 2034 vitio
3101 1980 3215 2034 dari
3249 1994 3429 2047 posse,

1854 2074 1996 2143 quod
2048 2073 2303 2126 Basiliam
2355 2090 2459 2128 non
2509 2073 2642 2126 satis
2697 2086 2793 2141 pro
2846 2070 3053 2124 meritis
3109 2068 3428 2133 admiretur,

1853 2168 2051 2236 quippe
2084 2181 2205 2219 cum
2234 2164 2417 2219 Basilii
2445 2165 2750 2231 eloquentia
2771 2163 2837 2216 ad
2862 2177 2981 2217 eum
3018 2160 3178 2229 digne
3207 2160 3431 2211 laudan-

1855 2260 1977 2313 dum
2013 2274 2147 2327 opus
2178 2260 2280 2321 sit;
2323 2267 2378 2311 at
2412 2257 2674 2311 insaniam
2708 2256 2885 2325 potius
2930 2269 3089 2321 quam
3119 2252 3261 2304 illius
3288 2264 3423 2304 con-

1858 2358 2114 2420 temptem
2156 2349 2315 2417 objici
2371 2348 2585 2403 debere.
2620 2349 2905 2410 Cancrum,
2944 2348 2988 2400 si
3042 2343 3241 2397 idcirco
3280 2340 3431 2394 incu-

1856 2450 2024 2507 setur,
2075 2441 2215 2509 quod
2268 2439 2632 2509 philosotihari
2664 2438 2810 2501 velit,
2861 2436 2996 2505 petit
3041 2442 3098 2486 ut
3144 2434 3245 2487 sibi
3290 2433 3432 2485 hanc

1857 2548 2016 2586 unam
2052 2547 2165 2585 rem
2190 2531 2703 2599 Basiliieloqurntia:
2725 2526 2980 2597 prtel'erre
3007 2526 3164 2581 liceat
3187 2524 3285 2593 (It).
3309 2522 3433 2577 Ces-

1854 2628 1921 2680 sit
1950 2624 2163 2679 tandem
2197 2623 2428 2677 Basilius
2454 2631 2508 2678 et
2539 2622 2695 2676 amici
2746 2619 3084 2690 prudentiam
3108 2617 3311 2685 judicio
3333 2629 3431 2669 suo

1853 2715 2242 2784 comprobavit.

1923 2823 2174 2894 Gregorii
2197 2824 2495 2878 absentiam
2525 2823 2793 2878 lenierunt
2836 2821 3103 2875 simulatis
3130 2819 3335 2873 amoris
3355 2818 3431 2871 si-

1854 2914 2286 2985 gnilicationibus
2321 2914 2584 2967 Eustatliii
2626 2912 2896 2983 discipuli,
2950 2928 3083 2981 quos
3110 2912 3335 2968 Basilius
3362 2911 3430 2964 ad

1852 3009 2217 3077 episc0patum
2252 3015 2491 3069 evectus,
2537 3021 2632 3075 per
2681 3020 2900 3060 causam
2933 3005 3118 3059 auxilii
3146 3015 3201 3059 et
3244 3004 3432 3057 amicae

1857 3098 2248 3153 communionis
2285 3098 2518 3167 perﬁdos
2550 3097 2914 3166 speculatores
2938 3096 3006 3149 ab
3039 3094 3318 3149 Eustatbio
3341 3109 3432 3147 ac-

1856 3190 2016 3259 cepit,
2044 3198 2103 3242 ut
2128 3188 2387 3243 discimus
2424 3201 2489 3240 ex
2543 3189 2701 3257 epist.
2730 3187 2855 3252 2‘23,
2891 3203 2943 3240 n.
2985 3187 3018 3240 5
3051 3196 3105 3238 et
3142 3185 3193 3238 5.
3230 3185 3428 3237 Horum

1853 3284 1956 3337 duo
1974 3281 2319 3335 nominantur
2345 3281 2398 3333 in
2429 3280 2657 3349 epistola
2688 3268 2819 3344 109,
2844 3278 3071 3331 Basilius
3098 3287 3152 3330 et
3187 3276 3428 3342 Sophro-

1854 3374 1992 3427 nius.
2028 3372 2192 3426 Primi
2224 3372 2439 3441 opinata
2487 3370 2747 3424 sanctitas
2782 3370 2853 3423 ita
2883 3367 3139 3421 Basiliam
3189 3373 3426 3433 ceperat,

1855 3475 1911 3517 ut
1941 3479 2063 3517 eum
2117 3464 2241 3517 vita:
2275 3478 2383 3515 Sine
2414 3461 2721 3530 prmsidium
2757 3474 2879 3514 esse
2922 3461 3170 3523 duceret;
3200 3455 3427 3508 alterum

1854 3556 1907 3610 in
1952 3556 2175 3624 epistola
2235 3554 2339 3610 105
2370 3554 2536 3608 ﬁlium
2581 3567 2736 3606 suum
2782 3550 3034 3621 appellat.
3080 3548 3318 3614 Uterque
3371 3544 3425 3597 in

1854 3647 2245 3701 dissimulando
2284 3648 2357 3698 ita
2411 3646 2617 3712 peritus
2649 3644 2867 3705 artifex,
2912 3651 2970 3695 ut
3001 3657 3122 3694 Clllll
3165 3655 3259 3693 eos
3283 3636 3426 3691 dOllti

1854 3754 1963 3793 suae
2021 3738 2245 3791 haberet
2278 3736 2535 3798 Basilius,
2580 3736 2785 3789 nefaria
2842 3749 3027 3787 eorum
3088 3730 3310 3787 consilia
3360 3742 3427 3783 ne

1853 3828 2209 3883 subodoratus
2237 3825 2455 3896 quidem
2497 3826 2587 3890 sit,
2633 3835 2918 3892 antequam
2960 3823 3025 3876 ad
3049 3821 3423 3890 gravissimam

1854 3918 2018 3987 ipsius
2040 3916 2418 3971 contumeliam
2443 3925 2787 3985 erumperent
2811 3917 2898 3984 (i).

1924 4029 2007 4085 Ill.
2044 4029 2141 4083 Vix
2178 4028 2434 4082 Basilium
2462 4027 2708 4083 Caesarea
2740 4029 3055 4097 episcopum
3085 4024 3278 4093 adepta
3308 4021 3425 4075 lue-

1853 4129 1957 4184 rat,
1987 4135 2107 4173 cum
2134 4118 2188 4171 S.
2221 4117 2416 4173 Meletii
2461 4117 2676 4171 tertium
2704 4115 2957 4170 exsilium
2994 4114 3280 4168 Antiochia
3306 4111 3422 4181 plo-

1855 4211 2013 4272 ravit,
2048 4220 2105 4263 ut
2135 4210 2291 4265 docet
2341 4208 2715 4263 Tillemontius
2757 4208 2844 4278 (j).
2891 4206 3127 4263 Litteras
3157 4220 3218 4258 ea
3263 4204 3329 4258 de
3362 4216 3429 4256 re

1854 4303 2021 4357 lector
2049 4304 2228 4355 attulit
2250 4301 2468 4364 Basilio,
2501 4316 2636 4370 quas
2675 4302 2764 4354 ille
2792 4315 2895 4353 non
2923 4299 3087 4353 multo
3128 4304 3249 4367 post
3279 4296 3426 4349 misit

1854 4393 1919 4445 ad
1969 4392 2259 4446 Eusebium
2313 4390 2771 4453 Samosatensem,
2805 4391 3051 4460 quamvis
3078 4404 3199 4443 eum
3230 4389 3294 4442 de
3334 4387 3421 4447 iis,

178 4465 445 4533 aﬁlxisset,
492 4470 562 4524 ab
602 4470 703 4524 hoc
747 4469 923 4524 oﬁicio
951 4470 1278 4525 deterrebat.
1324 4470 1558 4525 Nimium
1586 4472 1749 4525 multa

1860 4498 1972 4551 qua
2000 4482 2302 4536 Antiochiae
2339 4484 2714 4550 contigerant,
2754 4482 3041 4538 certiorem
3074 4480 3271 4533 factum
3302 4493 3429 4533 esse

176 4560 468 4631 colligenda
510 4571 714 4626 essent,
752 4563 797 4616 si
850 4563 1194 4631 episcopatus
1228 4562 1408 4617 Basilii
1442 4574 1749 4618 accuratam

181 4650 463 4722 imaginem
504 4654 790 4722 depingere
822 4654 1160 4723 aggrederer.
1199 4654 1303 4709 Sed
1324 4656 1449 4723 quid
1474 4657 1540 4709 de
1569 4655 1753 4710 Eccle-

180 4743 253 4797 sia
284 4744 637 4810 Caesariensi,
665 4746 794 4815 quid
827 4747 893 4797 de
922 4745 1044 4799 aliis
1084 4746 1344 4801 Ecclesiis
1379 4748 1426 4800 ei
1459 4756 1516 4800 ut
1552 4756 1754 4802 metro-

177 4838 428 4903 politano,
460 4837 547 4891 vel
592 4848 650 4889 ut
673 4838 913 4893 exarcho
953 4836 1231 4903 subjectis,
1264 4838 1390 4905 quid
1415 4839 1643 4907 denique
1688 4839 1754 4892 de

179 4930 420 4983 universa
474 4928 720 4982 Ecclesia
765 4929 990 4982 meritus
1022 4929 1114 4993 sit,
1145 4929 1278 4984 satis
1304 4930 1541 4983 exstabit
1567 4944 1627 4989 ex
1682 4929 1748 4984 iis

177 5034 288 5088 qua:
324 5020 588 5088 deinceps
618 5020 982 5073 narrabimus.

244 5111 303 5165 ll.
335 5111 592 5182 Magnum
641 5110 872 5166 Basilius
909 5111 1208 5179 adjutorem
1260 5110 1558 5177 habuisset,
1589 5121 1643 5166 et
1681 5112 1747 5165 ad

180 5206 434 5256 secundas
470 5202 524 5256 in
558 5202 705 5257 omni
752 5202 1054 5258 ministerio
1099 5201 1353 5257 ferendas
1385 5201 1747 5270 aptissimum,

246 5374 318 5442 (α)
346 5375 443 5430 Or.
467 5376 557 5430 (ΞΟ.

248 5447 317 5514 (ο)
348 5446 505 5503 Ibid.
528 5464 557 5504 υ
600 5447 726 5501 διε).

249 5516 315 5581 (τ)
342 5516 440 5579 Ep.
475 5517 595 5569 ita.

248 5586 323 5651 (ά)
352 5584 453 5651 Ep.
475 5586 599 5638 9.06.

250 5662 313 5717 (ej
338 5655 432 5707 Or.
466 5658 552 5707 :10.

250 5725 309 5797 υ)
336 5725 506 5795 Epist.
530 5729 561 5778 2‘.
576 5727 617 5787 ἒ.

1855 4590 1958 4627 non
2009 4575 2297 4629 dubitaret.
2354 4576 2607 4630 Scribere
2648 4575 2882 4631 Eusebio
2927 4573 3178 4642 cupiebat
3238 4573 3424 4626 statim

1854 4675 1974 4733 post
1992 4664 2107 4731 ejus
2137 4667 2388 4726 reditum,
2420 4667 2513 4720 sed
2543 4682 2745 4720 moram
2778 4665 2955 4719 attulit
2979 4664 3140 4732 bajuli
3171 4664 3419 4731 penuria,

1855 4769 1921 4809 eo
1938 4756 2080 4822 quod
2109 4756 2457 4825 Cappadoées
2499 4756 2572 4809 ita
2598 4756 2828 4810 hiemem
2859 4757 3329 4817 exltorrescerent,
3360 4765 3418 4807 ut

1859 4861 1924 4898 ne
1949 4844 2257 4913 prospicere
2279 4846 2491 4913 quidem
2517 4860 2580 4899 ex
2610 4848 2812 4901 sedibus
2835 4847 3111 4899 auderent.
3138 4844 3255 4899 Jam
3286 4844 3422 4898 duos

1857 4947 2072 4987 menses
2128 4933 2345 4986 nivibus
2379 4936 2616 5001 cooperti
2677 4933 2978 4999 latitabant,
3029 4949 3150 4987 cum
3205 4933 3419 4987 tandem

1860 5034 2052 5077 nactus
2079 5033 2163 5077 est
2198 5024 2445 5089 Basilius,
2486 5026 2575 5093 qui
2613 5024 2893 5079 Samosata
2949 5023 3216 5094 proﬁcisci
3260 5025 3422 5076 aude-

1859 5124 1940 5169 ret
1972 5114 2065 5186 (lt).
2118 5115 2299 5181 Mittit,
2350 5117 2539 5186 utjam
2574 5117 2704 5179 dixi,
2743 5116 2971 5169 Eusebio
3005 5115 3191 5168 allatas
3236 5114 3420 5166 Antio,

1858 5206 1980 5257 chia
2002 5205 2240 5269 litteras;
2276 5206 2487 5259 nuntiat
2523 5204 2893 5274 DemOphilum
2919 5202 3234 5272 jamdudum
3258 5216 3417 5255 occu-

1924 5380 1996 5449 (g)
2034 5380 2202 5449 Epist.
2240 5381 2327 5435 lt).

1918 5452 1993 5515 (lt)
2026 5449 2151 5502 Naz.
2184 5468 2267 5504 or.
2299 5451 2369 5505 ‘20

1925 5523 1986 5590 (ὁ)
2019 5520 2113 5590 ξι».
2148 5521 2267 5590 109.

1925 5587 1986 5655 (ι’)
2022 5587 2189 5659 Tum.
2210 5589 2316 5657 VII,
2346 5608 2465 5659 pag.
2497 5590 2617 5647 360.

1929 5658 2005 5729 tt)
2041 5659 2132 5725 [εν.
2166 5658 2232 5714 ts
