3820 6210
323 266 451 310 LXIV

1676 249 2048 307 PBOLEGUM
2060 252 2212 308 ENA.

327 386 457 439 pare
479 371 662 426 sedem
684 371 1438 442 Constantirmpolitanam,ac
1469 371 1758 426 simulacro
1775 389 1902 440 qno-
1931 379 1977 432 Α
2008 375 2171 426 invidi
2200 389 2262 426 .m
2289 372 2508 433 Basilio.
2533 384 2592 426 ut
2623 369 2830 425 homini
2859 370 3234 435 immoderato,
3255 370 3570 426 creandam.

329 465 452 516 «tam
485 464 700 531 pietatis
722 474 777 519 et
804 475 964 519 recta:
996 464 1116 519 fidei
1141 464 1454 535 perfecisse,
1474 472 1532 516 ut
1561 474 1614 518 et
1635 465 1904 518 dissiden-

331 561 414 606 tes
451 553 685 608 civitatis
706 564 885 624 partes
913 555 962 607 in
988 570 1152 607 unum
1178 555 1566 614 coalescerent.
1594 563 1650 607 et
1671 570 1732 606 ex
1768 554 1900 606 vici-

335 648 418 700 nis
446 646 712 716 episcopis
748 646 984 700 nonnulli
1031 647 1274 700 eamdem
1328 645 1758 713 conjunctionem
1791 660 1904 696 am-

335 737 718 805 plecterentur.
738 737 930 790 Narrat
959 739 1024 790 de
1047 738 1340 790 schismate
1369 739 1745 805 episcoporum
1776 736 1907 803 Cap-

336 829 595 894 padociae,
642 839 700 882 ut
735 844 895 898 supra
946 830 1205 893 vidimus;
1258 830 1450 881 invitat
1490 829 1804 890 Eusebium,
1850 837 1909 878 ut

337 934 462 972 vere
495 919 882 972 Caesariettsettt
925 920 1220 974 Ecclesiam
1253 919 1479 984 invisat;
1518 919 1589 972 ait
1623 933 1680 972 se
1718 917 1908 972 melius

338 1011 496 1066 solito
533 1029 635 1065 non
665 1013 858 1066 valere.

409 1100 621 1170 Scripta
659 1115 740 1157 est
786 1106 900 1158 hac
936 1103 1166 1172 epistola
1213 1118 1357 1156 anno
1403 1102 1508 1156 570
1532 1110 1781 1164 exeunte,
1827 1100 1909 1154 vel

342 1195 559 1247 ineunte
606 1193 731 1246 571.
782 1193 1018 1248 Credere
1071 1193 1252 1246 malim
1299 1209 1442 1247 anno
1500 1193 1605 1248 570
1655 1192 1910 1259 scriptam

340 1284 527 1337 fuisse.
557 1285 708 1348 Quod
738 1286 882 1337 enim
911 1281 1175 1350 duosjam
1205 1297 1415 1336 menses
1433 1282 1644 1336 nivibus
1674 1279 1912 1348 cooperti

339 1372 683 1443 Cappadoces
711 1372 984 1437 dicuntur,
1016 1373 1065 1424 id
1091 1372 1156 1426 de
1190 1371 1464 1425 mensibus
1497 1386 1603 1423 non
1665 1369 1836 1437 plenis
1862 1376 1916 1420 et

339 1467 548 1520 exactis
579 1465 747 1532 accipi
779 1473 975 1534 potest.
1009 1463 1278 1517 Praeterea
1307 1463 1480 1516 hiems
1501 1463 1609 1516 cito
1627 1461 1912 1514 admodmu

345 1557 399 1611 in
429 1557 766 1625 Cappadocia
812 1555 1126 1623 incipiebat.
1170 1553 1283 1606 Non
1324 1553 1545 1607 dubium
1579 1564 1758 1605 autem
1783 1553 1913 1620 quin

345 1648 670 1703 clericorum
706 1646 904 1714 aliquis
965 1647 1104 1700 hanc
1161 1645 1445 1714 epistolam
1499 1644 1773 1698 detulerit.
1825 1643 1916 1697 Sic

2010 466 2081 517 De
2131 466 2214 519 his
2257 465 2585 528 rumoribus,
2630 479 2766 533 quos
2793 462 3039 517 malevoli
3082 463 3327 517 homines
3354 478 3575 534 sparge-

2008 555 2156 621 bant,
2187 557 2477 610 certiorem
2523 555 2778 609 Basilium
2807 555 2933 608 fecit
2953 553 3240 624 Bosporius
3273 554 3496 610 colonia:
3519 557 3574 610 in

2006 646 2343 713 Cappadocia
2374 647 2678 716 episcopus.

2084 737 2371 792 Perculsus
2401 739 2502 792 hoc
2527 738 2717 792 nuntio
2751 735 2982 790 Basilius
3013 744 3175 790 totam
3202 744 3414 790 noctem
3451 747 3566 790 tra-
3613 720 3620 724 ’

2009 830 2166 883 duxit
2199 831 2502 884 insomnem
2543 829 2996 897 quemadmodum
3025 829 3139 897 ipse
3160 837 3348 881 narrat
3372 827 3427 881 in
3462 827 3578 894 epi-

2011 919 2153 973 stola
2179 919 2278 983 51,
2310 917 2361 972 in
2406 934 2511 987 qua
2542 918 2763 986 exponit
2808 918 2935 986 quid
2963 917 3026 971 de
3074 916 3264 970 Dianio
3298 931 3328 969 a
3373 917 3583 969 teneris

2015 1010 2270 1074 senserit,
2303 1025 2366 1063 ac
2411 1011 2644 1077 ingenue
2685 1010 2887 1064 fatetur
2911 1025 2970 1062 se
2997 1024 3120 1063 cum
3155 1009 3335 1061 multis
3374 1007 3495 1061 aliis
3528 1009 3581 1060 in

2012 1099 2185 1168 patria
2222 1099 2387 1152 Deum
2423 1099 2739 1153 timentibus
2775 1098 3133 1152 insolabiliter
3157 1098 3411 1158 doluisse,
3439 1098 3582 1164 quod

2017 1191 2244 1244 Dianius
2297 1191 2543 1244 formulae
2573 1190 3037 1259 Constantinopoli
3067 1206 3096 1243 a
3124 1188 3358 1257 Georgio
3408 1187 3587 1240 allata:

2013 1277 2439 1347 sobscripsisset,
2487 1268 2580 1333 sed
2638 1290 2812 1332 tamen
2858 1281 2925 1332 ad
2969 1277 3085 1346 ejus
3132 1279 3576 1332 communionem

2015 1372 2328 1435 accessisse,
2380 1381 2664 1440 postquam
2707 1371 2927 1425 Dianins
2975 1373 3026 1424 in
3069 1373 3334 1434 morbum,
3375 1385 3440 1424 ex
3478 1383 3595 1437 quo
3651 1421 3664 1428 ,

2018 1473 2268 1516 mortuus
2302 1473 2404 1524 est,
2440 1462 2646 1531 lapsus,
2677 1463 2878 1516 Basilio
2917 1465 3182 1518 accersito
3217 1463 3422 1533 juravit
3455 1463 3594 1515 nihil

2017 1557 2118 1610 sibi
2144 1566 2336 1610 contra
2365 1556 2636 1611 Nicaenam
2659 1557 2816 1612 fidem
2846 1558 3178 1628 propositum
3212 1556 3401 1618 fuisse,
3424 1570 3598 1624 seque

2020 1646 2156 1700 nihil
2187 1647 2330 1701 aliud
2365 1649 2587 1712 sentire,
2621 1664 2779 1715 quam
2814 1649 2955 1718 quod
2985 1650 3051 1701 ab
3088 1649 3243 1702 initio
3275 1657 3593 1716 acceperat,

345 1741 488 1795 enim
519 1739 731 1794 solitum
753 1738 990 1793 scribere
1014 1736 1291 1798 Basiliam,
1324 1738 1512 1791 saltem
1532 1751 1651 1788 cum
1683 1735 1915 1804 aliquem
1948 1729 1995 1788 Β
2026 1752 2088 1792 ac
2119 1738 2352 1806 precari,
2392 1747 2450 1792 ut
2476 1755 2504 1791 a
2529 1749 2893 1794 trecentorum
2926 1741 3108 1795 decem
3139 1750 3193 1795 et
3221 1748 3343 1796 octo
3369 1739 3598 1795 Patrum

345 1833 472 1886 data
494 1844 655 1898 opera
696 1827 966 1892 mittebat,
1001 1841 1066 1882 ex
1088 1841 1174 1896 ep.
1211 1826 1310 1880 198
1339 1824 1920 1894 perspicimus.Quatn-

345 1925 430 1979 vis
484 1932 661 1976 autem
713 1936 850 1974 unus
895 1928 1102 1973 tantum
1137 1918 1290 1971 initio
1336 1917 1578 1987 epistolae
1612 1917 1922 1986 designetur

346 2013 583 2082 bajulus,
615 2013 821 2066 socium
862 2021 1038 2064 tamen
1090 2009 1139 2062 ei
1179 2009 1416 2061 addiunn
1471 2006 1638 2061 fuisse
1677 2016 1822 2074 patet
1855 2024 1918 2060 ex

349 2106 436 2161 his
471 2105 668 2168 verbis,
697 2117 748 2156 ut
779 2104 877 2169 ipsi
909 2102 986 2154 illi
1024 2101 1337 2153 narrabant.
1383 2099 1536 2167 Saepe
1574 2099 1623 2151 in
1657 2099 1920 2168 ejusmodi

351 2199 563 2260 litteris,
585 2197 684 2250 etsi
726 2197 830 2250 duo
853 2195 1222 2256 mittebantur,
1249 2209 1388 2244 unus
1432 2193 1830 2252 notuinabatnr,
1863 2202 1922 2244 ut

351 2290 633 2345 observavi
665 2288 728 2339 ad
761 2288 921 2356 epist.
958 2285 1084 2339 245.

423 2377 514 2432 lV.
546 2379 621 2432 Ex
657 2378 722 2432 iis
771 2378 861 2446 qui
893 2377 1090 2432 Basilio
1121 2377 1174 2428 in
1233 2376 1544 2443 primordiis
1581 2377 1924 2444 episcopatus

353 2470 652 2538 gratulandi
688 2479 742 2524 et
774 2468 1094 2522 adhortandi
1124 2482 1286 2521 causa
1319 2451 1672 2535 scripserunt,
1697 2469 1922 2520 duorum

354 2566 423 2620 ad
461 2581 560 2619 nos
585 2565 962 2633 episcopormn
1001 2564 1217 2617 nomina
1266 2575 1582 2629 pervenere,
1624 2561 1836 2614 Arcadii
1871 2571 1923 2614 et

356 2657 671 2711 lnnocentii.
701 2656 917 2710 Primus
952 2670 1101 2723 spem
1133 2669 1160 2706 a
1197 2668 1255 2707 se
1285 2654 1351 2705 de
1384 2652 1584 2706 Basilio
1611 2661 1924 2721 conceptam

355 2751 751 2821 significaverat
776 2747 874 2819 (α),
891 2759 942 2800 et
969 2747 1222 2815 reliquias
1243 2755 1536 2812 martyrum
1569 2745 1632 2796 ad
1648 2745 1926 2796 ecclesiam

357 2859 548 2898 recens
603 2857 632 2895 a
681 2855 740 2894 se
797 2848 1163 2893 constructam
1215 2837 1466 2906 petierat.
1531 2836 1928 2890 Perhouorilice

358 2934 643 3006 respondet
677 2933 905 2987 Basilius
935 2933 1032 3002 (ὁ),
1065 2944 1230 3001 seque
1264 2930 1404 2984 illius
1433 2930 1591 2982 studii
1632 2930 1925 2997 adjutorem

359 3029 598 3093 futurum
618 3029 907 3097 promittit,
929 3029 972 3080 si
999 3026 1252 3096 reliquias
1285 3034 1582 3094 martyrum
1609 3024 1928 3091 investigare

356 3124 546 3192 possit.
576 3120 942 3183 Innocentius,
969 3135 1126 3187 quem
1154 3117 1480 3185 perabsurde
1513 3115 1717 3168 librarii
1750 3115 1933 3170 linum

359 3217 668 3283 epist-opum
708 3212 974 3274 fecerunt,
1015 3226 1221 3277 tuagna‘
1253 3211 1401 3261 urbis
1433 3220 1485 3261 et
1519 3208 1764 3260 Caesarea
1827 3223 1930 3261 non

361 3318 552 3369 parum
594 3301 846 3354 distantis
899 3300 1185 3367 episcopus
1235 3309 1350 3351 erat
1401 3309 1455 3351 et
1502 3297 1732 3365 Spiritus
1766 3298 1933 3351 saneti

365 3391 717 3460 glorificator,
754 3390 806 3441 id
837 3399 941 3449 est,
978 3388 1277 3441 divinitatis
1317 3387 1434 3456 ejus
1477 3386 1747 3440 defensor.
1779 3385 1934 3439 Basi-

365 3485 471 3538 lius
505 3480 570 3554 (c)
607 3482 805 3552 gratias
834 3483 882 3534 ei
925 3480 1055 3554 agit,
1084 3479 1223 3548 quod
1255 3494 1313 3534 se
1352 3479 1646 3541 adhortari,
1684 3493 1747 3532 ac
1795 3479 1936 3531 litte-

367 3574 443 3626 ris
475 3587 718 3626 recreare
752 3572 1000 3641 dignatus
1028 3580 1192 3634 esset,
1213 3579 1260 3624 et
1289 3569 1421 3623 velut
1447 3586 1725 3636 puerorum
1760 3569 1936 3638 infan-

367 3666 493 3718 tiam
516 3665 650 3718 ulnis
678 3681 787 3717 sua:
827 3664 1203 3732 magnitudinis
1232 3662 1509 3730 amplecti.’

441 3755 756 3825 Pergamius
794 3755 1008 3823 quidam
1038 3754 1234 3808 Basilio
1275 3754 1340 3805 ad
1363 3754 1723 3822 episcopatum
1753 3763 1938 3806 evecto

369 3847 668 3914 gratulatus
708 3845 902 3910 fuerat,
935 3847 1024 3898 sed
1061 3861 1180 3897 cum
1215 3859 1527 3912 responsum
1563 3858 1668 3894 non
1704 3843 1940 3909 accepis-

373 3951 476 4005 set,
504 3939 699 3992 iterum
732 3939 969 4006 scripsit,
1000 3953 1103 3990 non
1127 3937 1241 3990 sine
1266 3936 1518 4004 gravibus
1542 3935 1773 4004 querelis
1799 3936 1938 4010 quod

374 4047 509 4084 nova
563 4031 797 4100 dignitas
855 4030 1050 4084 Basilio
1103 4028 1428 4082 oblivionem
1481 4038 1534 4080 et
1578 4037 1937 4096 contemptum

373 4123 668 4176 amicorum
721 4121 948 4175 alllaret.
979 4119 1182 4173 Scribit
1216 4120 1397 4186 itaque
1434 4118 1508 4170 illi
1536 4116 1767 4170 Basilius
1825 4118 1936 4184 epi-

373 4213 565 4267 stolam
599 4211 687 4277 56,
715 4212 769 4265 in
799 4227 899 4279 qna
934 4227 992 4264 se
1018 4221 1210 4263 natura
1243 4209 1534 4278 proclivem
1567 4222 1686 4261 esse
1714 4208 1777 4259 ad
1808 4206 1941 4262 obli-

373 4306 687 4360 viscendum
718 4304 938 4368 fatetur,
966 4305 1058 4358 sed
1093 4318 1233 4356 nunc
1264 4302 1490 4370 negotiis
1514 4301 1814 4353 districtum
1865 4297 1942 4352 fa-

371 4401 528 4452 cilius
557 4398 823 4452 oblivisci.
855 4397 909 4450 ld
937 4413 1111 4451 causa!
1140 4410 1257 4449 esse
1287 4410 1385 4448 cur
1414 4403 1646 4462 accepta:
1681 4408 1709 4445 a
1744 4391 1942 4460 Perga-

374 4490 483 4543 tnio
535 4490 776 4558 epistola:
832 4506 935 4542 non
995 4489 1316 4541 meminerit.
1376 4485 1641 4541 Caeterum
1695 4486 1943 4538 hortatur

373 4579 717 4647 Pergamium
752 4589 810 4632 ut
833 4580 1019 4649 paucis
1044 4579 1220 4632 verbis
1251 4593 1437 4647 magna
1465 4577 1694 4630 crimina
1738 4575 1940 4628 inferre

373 4670 588 4722 desinat
616 4685 630 4721 :
664 4669 859 4738 quippe
894 4685 1014 4722 cum
1060 4669 1359 4724 amicorum
1393 4669 1590 4723 oblivio
1616 4678 1669 4721 et
1699 4676 1939 4720 contem-

371 4768 497 4827 plus
521 4775 586 4813 ex
619 4771 881 4829 potestate
901 4772 1050 4816 ortus
1084 4762 1212 4815 nihil
1242 4762 1367 4816 mali
1403 4778 1505 4815 non
1533 4761 1937 4829 complectatur.

372 4851 646 4906 Promittit
681 4868 742 4908 se
790 4869 897 4908 non
955 4855 1104 4924 prius
1137 4853 1423 4924 l’ergamii,
1470 4868 1631 4922 quam
1658 4852 1737 4906 sui
1774 4852 1938 4919 ipsius

369 4941 680 4997 obliturtnu.

445 5031 512 5087 V.
541 5033 670 5099 Quae
695 5049 856 5103 supra
886 5037 1119 5093 diximus
1140 5038 1394 5092 Basiliam
1437 5037 1578 5089 inter
1604 5045 1657 5088 et
1691 5033 1936 5087 Dianimn

373 5127 772 5194 intercessisse,
793 5142 855 5182 ea
887 5129 989 5183 hoc
1021 5141 1262 5198 tempore
1291 5129 1491 5183 inimici
1523 5126 1665 5179 illius
1687 5141 1752 5178 ex
1780 5125 1939 5177 silen-

377 5221 452 5273 tio
482 5231 537 5274 et
562 5221 830 5275 oblivione
864 5226 1288 5291 exsuscitarunt,
1327 5240 1390 5278 ac
1424 5226 1564 5277 malo
1592 5223 1772 5274 animo
1828 5236 1944 5272 am-

375 5311 677 5382 pliaverunt
696 5311 794 5383 (ά).
815 5315 1074 5370 Dixerunt
1089 5317 1228 5370 enim
1248 5313 1758 5369 anathematizatum
1781 5310 1944 5364 fuisse

376 5406 446 5458 ab
475 5420 540 5460 eo
575 5405 820 5461 Dianium
855 5425 868 5462 :
898 5423 1003 5480 qua
1037 5409 1301 5464 calumnia
1330 5408 1461 5465 nihil
1498 5407 1677 5478 aptius
1712 5415 1829 5460 crat
1879 5403 1942 5457 ad

448 5547 522 5616 (η)
556 5546 654 5613 Ep.
689 5549 776 5600 49.

449 5617 523 5684 (υ)
559 5619 762 5680 auso.

447 5690 516 5761 (c)
546 5691 641 5760 Ep.
670 5691 758 5746 81.

2025 1840 2174 1882 sorte
2207 1845 2310 1882 non
2340 1841 2642 1898 separetur.

2095 1921 2267 1990 Iniqui
2299 1923 2364 1976 de
2395 1921 2596 1977 Basilio
2631 1940 2875 1979 rumores
2901 1925 2967 1979 ad
2996 1928 3284 1982 canonicas
3309 1931 3598 1996 quasdam,

2025 2012 2143 2066 sive
2163 2028 2349 2068 sacras
2381 2013 2618 2083 virgines
2650 2015 2839 2084 perlati
2879 2017 3110 2072 fuerant.
3147 2017 3264 2087 ipse
3301 2019 3464 2072 etiam
3486 2017 3602 2071 Ba-

2026 2100 2178 2155 silius
2213 2100 2358 2156 falsis
2408 2103 2715 2156 rumoribus
2743 2105 3033 2174 deceptus,
3070 2107 3246 2161 minus
3291 2123 3502 2178 aequam
3533 2108 3607 2162 de

2026 2192 2305 2246 canonicis
2354 2193 2664 2261 Opinionem
2711 2207 3014 2263 acceperat.
3062 2198 3321 2251 Dedocuit
3363 2199 3608 2267 virgines

2026 2280 2340 2349 Bosporius,
2378 2294 2432 2336 et
2465 2283 2535 2337 ad
2587 2285 2880 2353 aequiorem
2908 2288 2973 2340 de
3025 2286 3228 2342 Basilio
3269 2289 3606 2342 sententiam

2027 2374 2268 2438 adduxit,
2298 2390 2360 2429 ac
2395 2391 2580 2430 rursus
2623 2375 2881 2432 Basiliam
2913 2378 2978 2431 de
3018 2379 3181 2434 rebus
3208 2381 3609 2434 canonicarum

2028 2465 2336 2519 accuratius
2359 2467 2614 2520 erudivit.
2641 2464 2942 2536 Utrumque
2965 2468 3162 2523 Basilio
3181 2477 3485 2540 pergratum
3513 2485 3612 2524 ac-

2028 2555 2182 2620 cidit,
2209 2571 2272 2612 ac
2301 2557 2568 2624 duplicem
2596 2574 2749 2613 suam
2771 2558 3010 2613 laetitiam
3027 2560 3301 2615 canonicis
3331 2559 3614 2628 significat.

2029 2647 2082 2700 in
2117 2648 2339 2715 epistola
2374 2648 2461 2713 52,
2491 2661 2546 2703 et
2594 2651 2851 2705 nonnulla
2876 2651 2943 2707 de
2971 2650 3228 2722 dogmate
3268 2653 3508 2717 disserit,
3549 2661 3613 2705 ut

2032 2740 2190 2792 modo
2221 2741 2540 2797 videbimus.

2103 2831 2211 2886 Nec
2246 2833 2405 2888 rebus
2432 2849 2531 2888 nec
2573 2845 2816 2905 tempore
2857 2837 2956 2891 has
3000 2835 3257 2906 epistolas
3291 2837 3366 2908 (ε)
3397 2835 3615 2907 disjun-

2031 2926 2232 2994 gendas
2268 2926 2536 2980 duximus.
2570 2927 2625 2980 In
2674 2937 2905 2998 utraque
2933 2929 2980 2982 is
3015 2929 3104 2997 qui
3130 2928 3387 2983 Basilium
3423 2937 3616 2983 monet

2035 3018 2162 3086 quid
2185 3018 2250 3072 de
2283 3018 2375 3073 illo
2407 3019 2640 3082 dicatur,
2663 3019 2955 3088 Bosporius
2975 3034 3076 3076 eSt.
3111 3021 3342 3076 Basilius
3375 3022 3431 3075 in
3458 3030 3617 3076 utra-

2041 3125 2146 3178 que
2180 3119 2414 3165 structas
2437 3111 2537 3166 sibi
2572 3111 2872 3168 calumnias
2901 3113 3167 3183 ejusmodi
3205 3129 3326 3169 esse
3343 3114 3615 3179 declarat,

2038 3215 2095 3258 ut
2133 3221 2318 3259 earum
2378 3218 2633 3262 auctores
2688 3208 2913 3262 credere
2947 3223 3051 3261 non
3099 3207 3388 3262 videantur
3429 3222 3488 3262 se
3525 3208 3619 3260 vel

2036 3298 2193 3351 otiosi
2221 3297 2366 3351 verbi
2414 3300 2676 3354 rationem
2706 3302 2758 3353 in
2814 3301 2902 3355 die
2936 3300 3126 3370 judicii
3187 3301 3519 3354 reddituros.
3561 3299 3619 3352 ln

2040 3400 2271 3458 utraque
2314 3389 2577 3444 refellitur
2618 3390 2893 3444 calidioris
2944 3384 3008 3445 ac
3049 3389 3394 3444 immoderati
3447 3389 3621 3443 animi

2041 3481 2379 3535 criminatio.
2422 3481 2555 3535 Nam
2599 3483 2651 3535 in
2689 3482 2916 3550 epistola
2949 3483 3016 3535 ad
3044 3481 3360 3552 Bosporium
3383 3481 3623 3552 legimus

2044 3582 2355 3624 accusatum
2408 3571 2577 3626 fuisse
2607 3572 2862 3625 Basiliam
2887 3613 2900 3637 ,
2927 3573 3067 3641 quod
3100 3573 3351 3627 Dianium
3381 3574 3618 3627 anathe-

2043 3664 2379 3728 matizasset,
2417 3665 2611 3734 synodi
2659 3664 2887 3717 Nicaeum
2918 3663 3288 3719 defensionem
3319 3665 3463 3718 ultra
3494 3680 3618 3719 mo-

2043 3755 2167 3808 dum
2199 3767 2252 3808 et
2301 3756 2474 3824 legem
2506 3759 2826 3825 perducens.
2863 3757 2916 3810 In
2965 3755 3189 3824 epistola
3222 3756 3288 3809 ad
3307 3735 3611 3810 canonicas

2045 3862 2148 3898 non
2199 3845 2394 3900 refellit
2426 3849 2742 3902 nominatim
2797 3851 2899 3903 hoc
2949 3849 3124 3903 Dianii
3166 3848 3621 3903 anathematizati

2045 3948 2407 3989 commentum
2435 3953 2449 4001 ;
2481 3939 2571 3991 sed
2593 3940 2836 3992 eamdem
2869 3939 3103 3992 hominis
3136 3939 3481 3992 immoderati
3502 3938 3622 4007 opi-

2047 4028 2258 4080 nionem
2290 4044 2318 4080 a
2350 4045 2408 4083 se
2456 4041 2717 4092 removet,
2756 4033 2880 4084 dum
2923 4047 3108 4083 earnm
3162 4040 3354 4099 rogatu
3388 4033 3623 4099 exponit

2045 4122 2173 4190 quid
2205 4124 2268 4175 de
2301 4125 2750 4178 consubstantiali
2778 4125 2996 4188 sentiat,
3027 4139 3089 4177 ac
3115 4139 3227 4187 eos,
3257 4124 3348 4192 qui
3377 4122 3621 4176 nondum

2046 4215 2188 4272 hanc
2248 4229 2432 4268 vocem
2493 4227 2828 4284 receperant,
2864 4216 3095 4285 benigne
3141 4223 3386 4278 excusat,
3425 4215 3558 4283 quia
3592 4231 3621 4267 a

2049 4304 2306 4362 l’atribus
2343 4307 2726 4370 Antiochenis,
2767 4316 2820 4360 ut
2880 4308 2996 4376 ipse
3029 4305 3377 4375 Opinabatur,
3417 4306 3621 4374 rejecta

2050 4397 2244 4451 fuerat.
2272 4397 2406 4452 lllud
2435 4398 2598 4452 etiam
2622 4400 2882 4468 optabant
2914 4399 3209 4462 canonicac,
3247 4408 3305 4451 ut
3330 4413 3488 4450 suam
3522 4397 3622 4450 Ba-

2053 4490 2210 4544 silius
2243 4491 2567 4545 sententiam
2601 4493 2836 4559 aperiret
2860 4492 2924 4544 de
2953 4491 3019 4543 iis
3047 4491 3139 4560 qui
3175 4491 3437 4558 Spiritum
3479 4489 3623 4544 Filio

2051 4591 2377 4650 pralponunt
2401 4621 2415 4645 ,
2445 4593 2535 4634 aut
2569 4581 2728 4637 Patre
2767 4583 3124 4651 antiquiorem
3163 4591 3373 4646 putant.
3412 4581 3618 4634 Morem

2047 4673 2127 4724 eis
2181 4671 2416 4725 libenter
2452 4665 2639 4739 gessit.
2672 4673 2777 4729 Sed
2809 4689 2906 4725 cur
2936 4675 3036 4725 hoc
3075 4671 3142 4724 ab
3186 4687 3248 4724 eo
3285 4670 3618 4739 postulatum

2049 4773 2152 4822 est,
2189 4763 2292 4816 nisi
2331 4763 2458 4832 quia
2487 4765 2674 4830 ipsein
2711 4765 2866 4830 hujus
2891 4764 3097 4818 erroris
3126 4762 3489 4831 suspicionem
3524 4777 3618 4813 vo-

2048 4853 2302 4919 cabatur,
2359 4855 2583 4924 ejusque
2629 4857 2792 4908 animi
2845 4855 3142 4909 moderatio
3176 4855 3228 4906 in
3279 4851 3618 4906 defendenda

2048 4949 2221 5001 sancti
2258 4945 2496 5014 Spiritus
2520 4948 2807 5001 divinitate
2843 4947 2910 5000 ab
2942 4946 3178 5000 inimicis
3201 4942 3622 5013 requirebatur?

2051 5038 2202 5092 llunc
2226 5038 2368 5092 enim
2397 5052 2637 5091 errorem
2670 5037 2972 5092 acrioribus
3000 5035 3327 5090 adversariis
3354 5048 3619 5103 pneuma-

2047 5131 2284 5183 tomachi
2326 5145 2389 5182 ac
2443 5129 2768 5183 nominatim
2799 5129 2899 5196 ipsi
2942 5127 3143 5181 Basilio
3174 5124 3516 5187 aliinxerunt,
3561 5135 3620 5175 ut

2048 5221 2405 5289 perspicimus
2431 5236 2494 5272 ex
2523 5221 2750 5288 epistola
2775 5220 2902 5275 2.3L
2945 5218 3168 5270 Videtur
3187 5232 3316 5285 ergo
3357 5216 3469 5268 ha-c
3506 5218 3619 5280 rpi-

2050 5309 2185 5364 stola
2217 5325 2337 5362 cum
2383 5310 2703 5377 praecedenti
2734 5319 2789 5363 et
2827 5312 2989 5362 rebus
3030 5318 3084 5361 et
3120 5317 3360 5374 tempore
3389 5305 3616 5374 conjun-

2052 5401 2246 5470 genda.
2284 5397 2470 5468 Neque
2500 5400 2731 5453 obscura
2759 5408 2841 5454 est
2885 5398 3045 5464 ratio,
3079 5413 3178 5452 cur
3206 5395 3340 5451 nihil
3385 5393 3617 5448 Basilius

2122 5538 2196 5607 (ἀ)
2234 5539 2400 5606 Epist.
2425 5537 2508 5604 5-1,
2529 5538 2614 5591 5‘2.

2122 5617 2190 5678 (c)
2223 5607 2354 5664 Ibid.
