3820 6210
1532 329 1696 384 VITA
1737 331 1795 388 S.
1836 331 2102 388 BASlLll.

3340 359 3445 401 ιη

177 445 243 499 de
262 459 359 498 sna
394 443 503 498 fide
535 456 774 514 exponat
809 444 1092 514 Bosporio,
1130 448 1266 502 nihil
1306 449 1372 502 de
1409 449 1604 503 Dianio
1627 449 1772 505 dicat
1800 459 1846 512 Λ
1879 468 2001 506 eum
2034 457 2102 510 ab
2138 457 2401 514 altaribus
2448 474 2822 524 sccessurum,
2867 471 2920 515 et
2951 460 3300 532 quaesiturum
3355 462 3443 516 ubi

175 534 459 588 canonicis
479 534 583 606 (α).
613 535 750 588 Nota
797 537 938 589 enim
997 546 1116 591 erat
1157 538 1289 591 fides
1338 537 1521 591 Basilii
1557 538 1766 608 Bospo-

175 626 256 680 rio
280 627 379 695 (ὁ).
407 626 724 680 Canonicas
754 627 819 680 de
848 628 912 682 iis
936 643 1056 697 quae
1098 639 1346 696 spectant
1395 635 1460 683 ad
1509 629 1762 685 Dianium

173 719 449 772 erudierat
503 717 822 787 Bosporius,
866 733 925 772 re
955 719 1114 788 paulo
1162 731 1284 774 ante
1310 737 1376 775 ex
1418 722 1532 790 ipso
1569 722 1764 777 Basilio

171 809 411 877 cognita.

240 900 398 968 Quod
433 910 615 955 autem
658 912 874 972 spectat
899 904 963 957 ad
1005 920 1223 974 sparsos
1253 909 1322 962 de
1358 909 1638 963 canonicis
1668 925 1762 963 ru-

170 1008 375 1061 mores,
411 995 667 1063 equidem
729 1011 790 1049 ea
842 996 908 1050 de
963 1012 1023 1050 re
1070 1013 1177 1052 non
1245 998 1401 1054 facile
1455 1003 1758 1055 statuerim.

170 1083 334 1138 Forte
372 1099 569 1140 eorum
602 1101 782 1139 mores
815 1085 867 1140 in
894 1087 1257 1157 suspicionem
1290 1093 1503 1156 vocati;
1555 1093 1648 1146 sed
1680 1094 1762 1147 vi-

170 1175 332 1230 detur
369 1177 490 1246 ipsa
537 1177 719 1245 potius
762 1177 894 1232 ﬁdes
943 1179 1084 1233 malo
1122 1195 1338 1236 rumore
1372 1181 1647 1251 ﬂagrasse.
1673 1185 1761 1239 ln-

170 1277 390 1338 sumpta
421 1268 570 1322 enim
602 1285 630 1323 a
655 1270 853 1325 Basilio
883 1286 1065 1341 Opera,
1096 1283 1153 1326 ut
1182 1289 1374 1343 pravas
1398 1278 1757 1333 consubstan-

169 1360 314 1415 tialis
354 1361 847 1430 interpretationes
885 1363 1102 1419 refellat
1133 1374 1187 1419 et
1212 1380 1241 1418 a
1278 1367 1456 1434 seipso
1483 1370 1635 1436 pravi
1667 1385 1756 1424 er-

170 1451 310 1506 roris
341 1451 694 1520 suspiciones
741 1462 1039 1518 removeat,
1074 1465 1390 1525 argumento
1427 1467 1503 1512 est
1531 1461 1755 1514 canoni-

165 1557 348 1598 carum
381 1543 613 1597 auribus
635 1543 840 1611 aliquid
866 1545 933 1598 ab
955 1545 1176 1599 Arianis
1201 1546 1532 1602 inculcatum
1562 1549 1753 1616 fuisse,

164 1647 365 1704 easque
391 1648 502 1688 non
542 1635 677 1688 satis
707 1634 810 1689 sibi
861 1635 1070 1690 cavisse
1102 1636 1169 1690 ab
1210 1635 1475 1705 ejusmodi
1517 1640 1752 1695 homini-

162 1727 282 1793 bus,
314 1741 383 1781 ac
412 1725 559 1782 forte
589 1727 793 1781 idcirco
822 1727 964 1782 male
996 1729 1291 1784 audivisse.

1875 544 2072 597 donum
2141 547 2231 601 Dei
2297 564 2504 612 emens,
2539 552 2715 606 denuo
2764 553 3037 607 divendat.
3069 551 3220 606 Multi
3265 566 3329 606 ex
3363 552 3444 606 his

1872 636 2139 705 episcopis
2167 638 2400 692 nondum
2423 639 2660 710 iniquam
2697 646 2760 697 de
2790 641 2987 698 Basilio
3009 643 3333 699 sententiam
3355 645 3444 696 ile-

1870 736 2159 793 posuerant
2194 745 2207 781 :
2238 728 2329 782 sed
2364 743 2458 783 eos
2492 729 2743 794 Basilius,
2777 741 2912 786 teste
2938 732 3196 802 Gregorio
3227 732 3330 800 (Ii),
3368 732 3446 784 sic

1869 816 2085 870 lenitate
2133 815 2346 872 ﬂectere
2389 818 2710 884 conabatur,
2744 829 2802 872 ut
2854 819 3152 873 constantia
3183 827 3238 872 et
3277 817 3444 871 animi

1869 906 2129 962 fortitudo
2163 923 2267 962 non
2300 910 2570 964 deessent.
2605 910 2780 978 Atque
2814 911 2867 965 id
2901 911 3336 966 animadvertere
3361 921 3445 966 est

1867 996 1920 1051 in
1959 999 2062 1052 hac
2087 998 2331 1067 epistola,
2359 1015 2477 1069 qua:
2499 1000 2827 1056 lenissimam
2847 1017 2910 1056 ac
2928 1002 3208 1057 charitatis
3231 1002 3440 1072 plenam

1866 1091 2084 1144 adhibet
2113 1091 2505 1160 praefationem,
2534 1109 2634 1148 nec
2672 1103 2848 1147 tamen
2885 1110 2911 1148 a
2944 1097 3231 1149 severitate
3258 1096 3433 1151 dlsce—

1865 1179 1963 1242 dit,
1986 1195 2145 1250 quam
2175 1191 2378 1235 tantum
2415 1183 2565 1239 nefas
2593 1185 2917 1254 postulabat.

1936 1268 2000 1322 Hi
2035 1271 2292 1340 episcopi,
2317 1271 2382 1326 de
2415 1274 2611 1341 quibus
2642 1276 2799 1328 modo
2827 1277 3053 1345 egimus,
3084 1285 3347 1330 vocantur
3372 1277 3430 1331 in

1864 1360 2256 1431 antiquissimis
2326 1364 2603 1419 codicibus
2697 1382 2831 1421 mss.
2898 1368 3288 1438 chorepiscopi.
3351 1368 3443 1424 Sic

1861 1452 2027 1506 etiam
2077 1462 2338 1507 vocantur
2393 1458 2531 1522 apud
2579 1455 2896 1523 Gregorium
2941 1458 3344 1513 Nazianzenum
3384 1462 3438 1514 in

1862 1544 2105 1598 carmine
2144 1545 2209 1598 de
2237 1545 2344 1598 vita
2364 1561 2470 1646 ‘sua
2505 1548 2579 1615 (p.
2601 1546 2677 1618 8).
2699 1549 2802 1602 Sed
2832 1550 2931 1602 hoc
2959 1565 3150 1604 nomen
3185 1566 3311 1605 usus
3341 1551 3408 1604 ad
3427 1579 3443 1590 -

1863 1635 1998 1690 dixit
2045 1635 2404 1706 presbyteris,
2436 1639 2527 1704 qui
2590 1647 2796 1692 certum
2848 1641 3136 1707 quemdam
3174 1656 3430 1711 pagorum

1863 1739 2152 1779 numerum
2207 1725 2306 1780 sub
2366 1727 2602 1796 episcopi
2659 1727 2992 1782 auctoritate
3042 1729 3438 1796 gubernabant.

229 1819 307 1874 De
339 1827 594 1888 tempore
624 1819 909 1889 utriusque
949 1819 1210 1889 epistolae,
1246 1836 1351 1876 non
1387 1822 1543 1879 valde
1565 1825 1754 1880 diﬁici-
1783 1819 1826 1874 B
1858 1817 1995 1873 Olim
2028 1819 2091 1889 (ἱ)
2139 1834 2256 1873 mos
2287 1828 2426 1885 erat,
2459 1829 2519 1872 ut
2552 1819 2807 1884 ministri,
2861 1820 2915 1874 id
2957 1829 3061 1887 est,
3098 1819 3434 1882 subdiaconi,

159 1912 225 1967 lis
273 1910 624 1980 conjectura.
662 1910 779 1965 Jam
831 1921 943 1965 tum
988 1913 1280 1982 episcopus
1325 1924 1445 1968 erat
1501 1916 1754 1986 Basilius,

157 2006 436 2074 siquidem
481 2015 536 2059 et
577 2020 636 2059 se
683 2014 739 2059 et
795 2005 1111 2075 Bosporium
1155 2007 1494 2061 Niczenornm
1535 2008 1756 2065 Patrum

159 2097 411 2153 heredes
463 2113 587 2153 esse
622 2098 852 2169 dicit(c)
895 2107 993 2153 :et
1040 2099 1363 2169 Bosporium
1426 2102 1637 2156 duobus
1684 2101 1757 2155 lo-

158 2191 236 2244 cis
282 2189 517 2244 fratrem
553 2190 808 2259 appellat.
847 2191 1075 2245 Videtur
1126 2201 1306 2244 autem
1359 2208 1546 2247 recens
1592 2193 1759 2248 fuisse

158 2282 228 2337 ab
256 2282 618 2336 ordinatione
639 2281 744 2350 (ά).
776 2281 908 2335 Nam
946 2282 1115 2336 multo
1161 2283 1439 2352 graviores
1474 2284 1758 2339 calumnia:

159 2384 212 2429 et
247 2373 494 2444 querela:
530 2377 865 2429 exstiterunt
898 2390 1042 2428 anno
1094 2375 1224 2440 375,
1261 2386 1313 2428 et
1344 2375 1638 2444 Bosporius
1677 2376 1755 2431 εἰς

161 2465 421 2520 multates
444 2464 639 2518 habuit
663 2478 787 2518 cum
836 2463 1040 2518 Basilio
1071 2479 1216 2519 anno
1244 2465 1350 2518 572
1381 2465 1622 2531 ineunte,
1655 2481 1757 2522 nec

161 2555 441 2610 unanimis
458 2555 507 2608 ei
533 2553 708 2609 factus
737 2563 821 2608 est
845 2555 947 2610 nisi
974 2571 1118 2611 anno
1137 2556 1262 2610 575.
1283 2555 1577 2611 Calumnia:
1597 2555 1753 2626 ipsae,

162 2665 279 2718 quae
330 2646 545 2702 Basilio
597 2647 1013 2700 immoderatum
1086 2647 1325 2701 animum
1383 2648 1751 2718 aiiingebant,

162 2740 332 2794 initiis
371 2740 724 2810 episcopatus
772 2739 977 2806 optime
1024 2746 1352 2808 congruunt.
1397 2738 1548 2794 Tunc
1608 2740 1753 2795 enim

160 2832 344 2902 plures
395 2831 681 2901 episcopi,
720 2845 858 2900 quos
907 2829 1092 2885 Basilii
1141 2832 1441 2898 sanctitas,
1477 2833 1664 2888 itidem
1695 2842 1754 2889 ut

162 2927 604 2996 magistratus'et
634 2924 1036 2994 perditissimos
1066 2925 1232 2990 cives,
1284 2934 1584 2991 terruerat,
1631 2943 1752 2983 sns-

160 3028 371 3088 ceptam
413 3035 538 3074 cum
573 3033 638 3072 eo
673 3017 1004 3072 simultatem
1032 3017 1118 3072 vel
1148 3017 1329 3087 potius
1353 3018 1590 3073 scliisma
1616 3034 1750 3072 non-

159 3115 286 3167 dum
320 3111 714 3180 deposuerant.
743 3109 1014 3164 Praeterea
1047 3117 1196 3179 patet
1238 3109 1416 3164 adhuc
1445 3110 1742 3174 exstitisse,

159 3205 246 3274 qui
283 3203 546 3273 quamvis
599 3200 868 3257 catholice
915 3203 1206 3266 sentirent,
1245 3217 1355 3266 non
1400 3210 1581 3256 tamen
1615 3216 1747 3256 con-

157 3295 530 3352 substantiale
571 3293 917 3362 reciperent:
958 3307 1098 3362 quos
1128 3293 1349 3363 quidem
1384 3300 1572 3362 postea
1603 3306 1747 3347 anno

156 3388 263 3442 372
297 3395 542 3442 exeunte
568 3385 748 3439 nullos
785 3384 897 3440 fere
923 3385 1228 3440 videbimus
1255 3393 1495 3440 exstare.

226 3479 292 3534 V.
322 3479 592 3534 Testatur
634 3477 871 3531 Basilius
902 3475 970 3548 (ε)
1002 3491 1061 3531 se
1087 3476 1154 3530 ab
1197 3477 1352 3531 initio
1400 3475 1746 3546 episcopatus

156 3570 531 3640 prohibuisse,
568 3583 636 3622 ne
688 3569 811 3637 quis
864 3569 1050 3621 uxoris
1101 3577 1329 3622 mortua:
1393 3581 1634 3623 sororem
1688 3568 1744 3620 in

157 3661 576 3715 matrimonium
602 3659 848 3712 duceret.
883 3655 1004 3712 Hoc
1035 3668 1217 3710 autem
1248 3657 1438 3711 vitium
1480 3672 1588 3710 non
1625 3656 1745 3708 ideo

156 3748 462 3815 prohibuit,
509 3746 651 3813 quod
702 3745 808 3799 late
866 3746 919 3799 in
947 3744 1294 3815 Cappadocia
1334 3755 1564 3815 pateret.
1608 3744 1743 3798 Nam

157 3842 269 3907 ipse
301 3841 513 3894 fatetur
543 3838 610 3906 (Ῑ)
656 3838 708 3890 in
745 3839 888 3892 hanc
922 3839 1199 3908 regionem
1244 3854 1347 3893 non
1379 3847 1737 3907 penetrasse:

157 3932 250 3984 sed
267 3930 492 3983 videtur
520 3927 572 3982 id
601 3926 821 3994 fecisse,
865 3928 990 3981 dum
1021 3926 1315 3982 Ecclesiam
1353 3928 1456 3982 sibi
1485 3926 1744 3981 commis-

159 4036 271 4075 sam
303 4021 532 4090 optimis
564 4018 774 4089 legibus
803 4019 1143 4073 communire
1183 4027 1236 4071 et
1265 4032 1463 4071 ornare
1493 4017 1745 4087 aggredi-

160 4125 263 4167 tnr.
285 4112 465 4166 Antea
503 4110 649 4166 enim
695 4110 1104 4164 matrimonium
1150 4109 1418 4178 ejusmodi
1468 4109 1521 4164 in
1553 4109 1743 4164 Eccle-

157 4208 231 4259 sia
259 4203 592 4260 Caesariensi
623 4217 727 4257 non
751 4201 834 4255 ex
885 4202 1000 4271 lege
1049 4201 1380 4270 prohibitum
1415 4207 1533 4253 erat
1559 4198 1636 4270 (n.
1662 4199 1741 4266 ἓ),

157 4298 248 4351 sed
277 4312 345 4350 ex
375 4309 531 4349 more
556 4309 586 4347 a
617 4292 917 4362 majoribus
957 4292 1175 4346 tradito.
1211 4289 1366 4358 Quod
1401 4291 1444 4344 si
1482 4298 1624 4343 tanta
1645 4289 1744 4342 fuit

155 4388 338 4442 Basilii
359 4389 429 4441 ab
451 4387 610 4440 initio
638 4387 986 4455 episcopatus
1026 4383 1307 4454 diligentia
1336 4383 1390 4436 in
1442 4381 1508 4436 iis
1557 4380 1744 4450 prohi-

1861 1912 1914 1967 in
1941 1914 2091 1983 pagis
2137 1929 2242 1968 non
2301 1915 2418 1976 sine
2449 1915 2696 1986 diligenti
2738 1916 2988 1971 examine
3026 1915 3434 1985 reciperentur;

1859 2005 2045 2059 sedulo
2092 2003 2438 2074 inquirebant
2488 2007 2544 2061 in
2597 2021 2786 2062 eorum
2837 2023 3016 2064 mores
3054 2007 3356 2079 presbyteri
3380 2018 3436 2068 et

1858 2095 2069 2151 diaconi
2094 2105 2147 2150 et
2164 2103 2228 2150 ad
2257 2097 2703 2168 chorepiscopum
2729 2099 3062 2164 referebant,
3082 2099 3174 2168 qui
3214 2100 3449 2154 testium.

1858 2188 2131 2242 veracium
2169 2199 2394 2258 accepto
2441 2189 2722 2260 suffragio,
2753 2201 2804 2245 et
2835 2192 3090 2261 episcopo
3128 2191 3431 2256 admonito,

1859 2279 2167 2333 ministrum
2211 2279 2358 2334 clero
2395 2282 2715 2336 asciscebat.
2771 2282 2880 2336 Sed
2925 2283 2992 2336 de
3033 2283 3138 2338 hoc
3164 2296 3314 2338 more
3335 2283 3432 2338 dc-

1856 2367 2120 2423 ﬂexerant
2148 2371 2521 2442 chorepiscopi
2575 2372 2629 2426 in
2667 2372 2905 2428 Ecclesia
2937 2372 3278 2438 Caesariensi,
3309 2388 3431 2428 cum

1863 2460 2094 2516 Basilius
2141 2462 2205 2515 ail
2245 2462 2384 2518 hanc
2411 2463 2593 2518 sedem
2624 2473 2845 2519 evectus
2881 2473 2982 2519 est.
3020 2463 3261 2519 Primum
3309 2467 3400 2534 qui

1857 2555 1975 2610 dem
2009 2555 2108 2610 sibi
2145 2564 2312 2610 totam
2342 2558 2719 2611 auctoritatem
2757 2559 3136 2624 attribuerant,
3171 2559 3426 2628 episcopo

1855 2643 2099 2712 neglecto
2129 2662 2144 2698 :
2173 2645 2365 2698 deinde
2396 2645 2557 2699 etiam
2599 2645 2761 2712 hujus
2797 2649 2874 2701 rei
2909 2662 3096 2700 curam
3138 2646 3240 2716 ipsi
3270 2646 3420 2714 abje-

1855 2744 2060 2802 cerant,
2095 2744 2150 2790 et
2177 2735 2230 2789 in
2257 2737 2602 2808 presbyteros
2625 2753 2688 2792 ac
2722 2738 2978 2794 diaconos
3013 2739 3426 2794 transtulerant.

1852 2824 1981 2880 lude
2013 2835 2289 2892 evenerat,
2322 2836 2379 2880 ut
2405 2827 2560 2882 multi
2591 2838 2774 2883 essent
2803 2830 2854 2882 in
2890 2829 3120 2900 singulis
3150 2831 3302 2901 pagis
3324 2831 3429 2886 mi-

1853 2918 2036 2983 nistri,
2062 2920 2158 2974 sed
2187 2917 2369 2972 nullus
2413 2917 2668 2972 altarium
2715 2919 3019 2974 ministerio
3048 2921 3242 2990 dignus
3272 2934 3431 2990 repe—

1855 3011 2085 3076 riretur,
2148 3026 2211 3066 ac
2266 3026 2536 3066 summam
2591 3026 2709 3066 esse
2771 3012 3052 3080 penuriam
3107 3013 3207 3082 ipsi
3265 3013 3428 3067 chor-

1853 3103 2089 3171 episcopi
2115 3102 2433 3168 faterentur,
2463 3103 2552 3158 ubi
2577 3102 2791 3158 diaconi
2819 3111 2914 3156 aut
2937 3101 3242 3173 presbyteri
3269 3112 3428 3157 erant

1850 3194 2106 3262 ebgendh

1917 3283 2148 3338 Basilius
2189 3283 2374 3353 itaque
2407 3298 2533 3338 eum
2561 3283 2772 3338 videret
2801 3297 2914 3337 rem
2953 3281 3004 3336 in
3039 3281 3242 3336 malum
3271 3282 3423 3337 insa-

1848 3375 2028 3430 nabile
2050 3377 2328 3446 progredi,
2369 3374 2458 3428 illo
2485 3375 2782 3445 praesertim
2817 3384 3078 3441 tempore,
3114 3388 3223 3443 quo
3256 3373 3422 3429 multi

1846 3467 2050 3522 militia:
2075 3476 2219 3521 metu
2273 3465 2640 3521 ministerium
2683 3466 3032 3535 appetebant,
3067 3462 3424 3519 renovatPa-

1848 3565 1991 3611 trum
2022 3571 2282 3622 canones,
2311 3573 2374 3612 ac
2397 3557 2803 3626 cborepiscopis
2834 3556 3096 3625 praecipit,
3129 3564 3186 3610 ut
3213 3554 3422 3610 catalo-

1847 3657 1971 3711 gum
2022 3643 2392 3698 ministrorum
2424 3643 2688 3712 cujusque
2720 3645 2839 3714 pagi
2872 3645 2939 3697 ad
2966 3659 3024 3718 se
3053 3645 3287 3708 mittant,
3315 3655 3367 3698 et
3391 3659 3423 3698 ε

1845 3750 1953 3805 quo
1994 3735 2225 3804 quisque
2274 3735 2618 3790 introductus
2667 3736 2770 3798 sit,
2812 3745 2868 3790 et
2900 3752 3021 3805 quae
3056 3737 3126 3791 sit
3163 3737 3309 3792 illius
3342 3737 3425 3790 vi-

1844 3825 2003 3880 vendi
2037 3825 2176 3880 ratio
2209 3842 2223 3879 :
2255 3824 2615 3890 eumdemque
2674 3826 2981 3896 catalogum
3021 3829 3160 3896 apud
3204 3844 3262 3882 se
3296 3829 3425 3882 reti-

1843 3927 2028 3984 neant,
2057 3928 2111 3973 et
2137 3917 2179 3972 si
2213 3919 2303 3987 qui
2338 3926 2460 3988 post
2496 3919 2726 3987 primam
2753 3920 3103 3974 indictionem
3139 3936 3167 3973 a
3199 3923 3425 3991 presby-

1843 4011 1978 4065 teris
2028 4011 2263 4079 suscepti
2297 4008 2533 4073 fuerint,
2569 4009 2711 4064 inter
2750 4009 2920 4064 laicos
2958 4011 3311 4079 rejiciantur;
3359 4026 3422 4064 ac

1846 4115 2034 4156 rursus
2072 4101 2473 4162 examinentur,
2505 4111 2558 4156 et
2609 4101 2654 4156 si
2698 4102 2843 4171 digni
2882 4101 3108 4169 fuerint,
3137 4104 3422 4157 admittan-

1846 4202 1954 4246 tur.
1992 4191 2142 4245 Hanc
2184 4192 2427 4260 regulam
2481 4191 2735 4262 deinceps
2789 4202 3046 4249 accurate
3096 4195 3307 4248 servari
3331 4195 3421 4264 ju-

1844 4287 1957 4350 bet,
1992 4296 2050 4339 ut
2091 4285 2469 4354 chorepiscopi
2517 4285 2806 4354 diligenter
2851 4287 3165 4340 examinem
3197 4286 3418 4355 quinam

1845 4378 1990 4446 digni
2033 4376 2162 4440 sint,
2191 4385 2246 4429 et
2291 4377 2357 4429 ad
2386 4390 2445 4430 se
2493 4374 2730 4429 referant
2762 4393 2775 4428 :
2811 4377 3010 4446 alioqui
3052 4377 3250 4430 laicum
3280 4377 3423 4431 futu-

155 4483 374 4545 bendis,
402 4493 525 4549 quae
563 4478 832 4533 committi
865 4492 969 4532 non
996 4477 1284 4542 solebant;
1313 4485 1517 4544 quanto
1563 4474 1740 4543 major
1775 4491 1816 4545 D
1848 4484 1988 4533 rum,
2022 4469 2066 4522 si
2102 4469 2223 4538 quis
2271 4483 2332 4524 se
2365 4483 2472 4522 non
2526 4468 2804 4524 admonito
2835 4469 2889 4523 in
2922 4469 3282 4524 ministerium
3324 4471 3420 4526 ob—

153 4573 435 4626 exstitisse
470 4570 707 4641 putanda
732 4579 816 4624 est
845 4569 897 4622 in
928 4569 994 4623 iis
1026 4567 1358 4630 resecandis,
1397 4581 1515 4635 qua:
1546 4575 1738 4620 contra

151 4660 536 4716 sanctissimas
586 4659 846 4714 Ecclesia:
902 4658 1052 4728 leges
1101 4656 1343 4712 fiebant?
1401 4656 1573 4723 Quale
1634 4655 1737 4709 fuit

153 4750 542 4804 nonnullorum
579 4749 935 4818 Cappadocia:
973 4749 1351 4818 episcoporum
1380 4747 1612 4811 facinus,
1643 4748 1736 4816 qui

153 4843 326 4909 pretio
365 4841 622 4895 ordinare
650 4839 988 4906 ferebantur;
1023 4848 1185 4908 atque
1212 4839 1314 4893 hoc
1346 4837 1496 4893 nefas
1521 4838 1738 4908 pietatis

153 4935 375 4988 nomine
409 4931 825 4992 inumbrabant,
866 4946 967 4985 nec
995 4945 1223 5000 peccare
1255 4930 1359 4984 sibi
1394 4931 1737 4994 videbantur,

149 5025 275 5096 quia
305 5038 416 5078 non
455 5032 600 5085 ante,
633 5023 728 5076 sed
763 5032 886 5089 post
911 5023 1304 5076 ordinationem
1331 5023 1617 5090 pecuniam
1644 5036 1736 5076 ac-

150 5114 446 5185 cipiebant.
505 5111 704 5167 Scribit
752 5113 831 5167 eis
885 5113 1113 5168 Basilius
1153 5112 1229 5184 (g)
1263 5127 1330 5166 ac
1395 5113 1735 5166 demonstrat

151 5215 415 5275 quantum
463 5205 534 5258 sit
587 5206 687 5259 hoc
727 5204 900 5269 nefas,
947 5220 1012 5258 ac.
1059 5205 1320 5269 declarat,
1356 5204 1400 5259 si
1454 5203 1578 5273 quis
1612 5212 1738 5272 post

153 5298 292 5350 hanc
338 5305 616 5364 acceptam
667 5297 950 5365 epistolam
995 5296 1102 5353 tale
1164 5296 1366 5366 aliquid
1427 5295 1729 5362 admiserit,

247 5473 302 5540 a)
328 5473 428 5540 Ep.
455 5473 546 5538 52,
580 5489 633 5526 n.
663 5472 716 5526 1.

246 5549 297 5612 θ)
328 5544 467 5598 Ibid.

224 5620 296 5683 (c)
329 5613 428 5681 Ep.
459 5613 551 5678 3!,
577 5629 633 5666 n.
667 5613 716 5667 l.

225 5682 305 5753 (Δ)
347 5683 480 5739 Vide
506 5683 667 5746 infra,
692 5699 744 5737 c.
767 5682 856 5744 28,
883 5700 937 5738 n.
968 5683 1022 5740 5.

227 5757 294 5827 (ε)
328 5753 427 5825 Ep.
462 5754 584 5822 160,
611 5768 668 5808 n.
702 5754 755 5808 ι.

1848 4561 2096 4628 repserit.

1915 4648 2218 4703 Referenda
2281 4649 2397 4704 haec
2442 4650 2672 4718 epistola
2719 4651 2786 4705 ad
2830 4651 3034 4721 primas
3076 4651 3419 4722 episcopatus

1845 4756 2026 4808 curas,
2059 4757 2194 4811 quas
2213 4742 2444 4798 Basilius
2476 4745 2527 4796 in
2562 4745 2857 4799 sancienda
2889 4745 3176 4816 disciplina
3205 4747 3416 4800 insum-

1844 4834 1956 4903 psit
1987 4853 2001 4887 :
2035 4835 2197 4904 idque
2243 4836 2377 4891 satis
2415 4838 2742 4890 confirmant
2776 4851 2896 4904 quae
2940 4838 3008 4891 de
3062 4839 3354 4906 repetendo
3387 4851 3416 4890 a

1845 4927 2021 4995 prima
2050 4926 2364 4993 indictione,
2402 4929 2454 4982 id
2488 4936 2593 4991 est,
2621 4928 2690 4982 ab
2713 4943 2855 4984 anno
2887 4927 3014 4994 558,
3048 4929 3418 4983 ministrorum

1845 5020 2096 5073 examine
2125 5019 2369 5087 praecipit
2395 5019 2648 5074 Basilius.
2683 5018 2796 5074 Hoc
2832 5019 2976 5073 enim
3007 5021 3262 5088 spatium,
3297 5035 3417 5074 cum

1844 5125 1940 5164 sua
1963 5120 2155 5179 sponte
2203 5111 2360 5164 valde
2407 5110 2626 5178 longum
2660 5111 2766 5176 sit,
2797 5125 2903 5165 non
2941 5111 3100 5165 debet
3148 5111 3414 5179 ampliari,

1844 5203 1941 5256 hac
1962 5202 2191 5271 epistola
2224 5203 2292 5257 ab
2314 5203 2656 5272 episcopatus
2687 5202 2857 5257 initiis
2887 5202 3234 5258 removenda.

1912 5294 2194 5350 Prohibuit
2219 5297 2381 5350 etiam
2413 5295 2645 5352 Basilius
2664 5294 2731 5367 (j)
2760 5295 2914 5352 initio
2937 5295 3277 5366 episcopatus
3299 5309 3418 5348 mu-

1942 5471 1984 5539 f)
2011 5468 2165 5534 lbid.,
2199 5487 2254 5528 n.
2279 5470 2333 5526 5.

1916 5539 1990 5612 (g)
2016 5539 2115 5607 Ep.
2139 5540 2228 5594 55.

1916 5611 1993 5678 (lt)
2022 5608 2114 5662 Or.
2151 5611 2242 5663 ‘20.

1917 5683 1979 5748 (ἱ)
2007 5679 2104 5745 Ep.
2127 5679 2218 5732 54.

1918 5752 1981 5825 (ί)
2019 5749 2116 5818 Ep.
2148 5749 2236 5804 55.
