3820 6210
411 379 537 423 LXVI

1748 362 2281 419 PROLEGOMENA.

416 480 575 533 lieres
595 486 907 544 extraneas,
944 476 994 531 id
1026 485 1134 539 est,
1170 475 1409 545 virgines
1435 475 1573 539 illas,
1610 491 1747 545 quas
1774 476 1991 547 presby-
2021 483 2064 538 Α
2095 493 2254 543 quam
2289 475 2687 543 Cappadociam
2734 472 3065 541 pacificavit,
3096 481 3252 526 antea
3277 479 3455 525 tamen
3480 469 3644 527 inten-

417 569 517 622 teri
547 579 601 621 et
628 568 716 622 alii
751 568 1103 623 continentia:
1152 567 1268 635 lege
1316 566 1563 620 obstricti
1619 566 1884 632 homines,
1922 581 1988 620 eo

416 660 672 712 libentius
704 659 849 713 domi
881 674 990 711 suae
1022 658 1311 721 habebant,
1352 658 1493 725 quod
1519 657 1842 726 virginitatis
1867 672 1991 724 pro-

418 749 583 804 fessio
610 751 782 802 locum
815 748 1108 815 suspicioni
1148 747 1477 815 praecludere
1506 748 1802 802 videretur.
1830 746 1983 799 Basi-

414 841 469 893 lii
501 844 719 894 decreto
748 840 1028 909 presbyter
1058 840 1276 908 quidam
1328 839 1796 907 septoagenarius,
1829 838 1991 892 Pare-

418 932 601 1000 gorius
634 932 871 993 nomine,
910 931 1132 984 minime
1180 930 1377 998 paruit,
1413 930 1506 983 sed
1540 932 1752 999 longam
1790 930 1990 998 episto-

419 1023 526 1077 lam
555 1023 772 1089 scripsit
803 1021 1024 1087 Basilio,
1063 1032 1117 1075 et
1169 1022 1616 1091 chorepisc0pnm
1654 1037 1807 1075 suum
1848 1022 1993 1074 incu-

420 1128 568 1173 sans,
606 1114 745 1180 quod
792 1112 890 1165 sibi
938 1112 1039 1165 hac
1077 1111 1128 1164 in
1166 1125 1223 1164 re
1257 1112 1455 1163 veteris
1492 1111 1789 1164 inimicitize
1826 1112 1991 1178 signi-

416 1203 699 1258 ﬁcationes
716 1204 977 1265 dedisset,
994 1213 1047 1254 et
1064 1204 1232 1270 ipsum
1251 1200 1530 1263 Basiliam,
1546 1203 1688 1271 quod
1705 1201 1993 1256 calumniis

418 1308 581 1347 aures
618 1292 777 1346 facile
812 1294 1094 1361 prteberet.
1122 1290 1369 1345 Declarat
1398 1291 1627 1345 Basilius
1658 1306 1716 1345 se
1750 1307 1849 1345 nec
1876 1293 1990 1359 pii-

417 1401 564 1440 mum
590 1398 691 1437 nec
710 1383 881 1436 solum
917 1384 1056 1435 hanc
1088 1382 1262 1450 legem
1291 1383 1356 1435 de
1380 1381 1694 1435 mulieribus
1717 1382 1993 1435 extraneis

418 1476 709 1540 sanxisse;
754 1489 845 1527 eas
889 1474 1032 1526 enim
1076 1491 1104 1524 a
1153 1472 1360 1542 synodo
1418 1470 1635 1527 Nicaena
1688 1473 1993 1541 prohibitus

416 1566 607 1620 fuisse.
630 1565 830 1631 Quare,
864 1566 963 1618 etsi
1000 1576 1132 1617 aetas
1174 1564 1448 1633 Paregorii
1492 1565 1853 1633 suspicionem
1898 1564 1993 1617 lla—

418 1658 535 1727 gitii
560 1664 827 1720 removet,
849 1656 975 1725 quia
1010 1665 1189 1708 tamen
1214 1656 1479 1724 ejusmodi
1508 1655 1697 1709 mulier
1718 1657 1835 1709 sine
1860 1657 1995 1709 alio-

417 1764 540 1803 rum
575 1745 874 1801 oilensione
904 1746 1092 1800 haberi
1131 1762 1235 1800 non
1266 1756 1440 1814 potest
1464 1787 1478 1811 ,
1501 1746 1655 1813 jubet
1678 1758 1736 1800 ut
1766 1762 1882 1800 eam
1912 1747 1993 1799 di-

2089 570 2218 623 dere
2241 578 2295 622 ct
2329 568 2578 621 meditari
2611 572 2801 635 potuit.

2160 658 2224 714 ll.
2259 659 2593 712 Consecutus
2617 664 2703 711 est
2745 657 2961 711 tandem
3000 653 3253 717 Basilius,
3285 661 3344 706 nt
3395 653 3646 721 episcopi,

2091 750 2181 818 qui
2213 749 2281 802 de
2335 749 2427 803 illo
2458 759 2565 801 tam
2618 750 2801 817 inique
2849 748 3177 812 sentiebant,
3209 758 3453 799 errorem
3504 758 3647 796 suum

2092 849 2447 909 agnoscerent
2468 839 2567 909 (tl).
2590 839 2851 893 Adhibuit
2880 840 2944 891 ad
2976 852 3067 891 eos
3094 836 3386 889 ﬂectendos
3411 846 3648 889 canstan-

2093 934 2221 985 tiam
2244 942 2297 985 et
2326 934 2490 984 animi
2550 930 2923 985 fortitudinem
2951 945 3160 984 summa
3194 927 3417 979 lenitate
3465 938 3651 993 tempe-

2095 1032 2268 1074 ratam
2301 1037 2315 1075 :
2351 1035 2451 1074 nec
2473 1022 2704 1074 artilicio
2737 1031 2792 1075 et
2822 1019 3191 1073 assentatione
3221 1032 3314 1071 eos
3344 1018 3443 1070 sibi
3473 1019 3649 1068 devm-

2093 1112 2266 1177 ciens,
2296 1125 2395 1164 nec
2425 1118 2691 1178 potestate
2732 1110 3073 1174 terrens,sed
3111 1108 3469 1177 indulgentia,
3504 1123 3650 1175 quam

2095 1203 2148 1257 in
2203 1210 2466 1272 potestate
2517 1203 2828 1267 adhibebat,
2890 1216 2984 1255 eos
3034 1202 3297 1255 alliciens.
3341 1200 3652 1255 Consulebat

2094 1292 2241 1346 enim
2269 1294 2321 1345 in
2356 1293 2763 1361 longitudinem,
2806 1308 2871 1347 ac
2899 1292 3110 1346 ﬁrmam
3141 1304 3194 1348 et
3234 1294 3485 1348 stabilem
3537 1309 3651 1347 con-

2094 1386 2333 1439 cordiam
2365 1385 2661 1454 quaerebat.
2696 1385 2801 1439 Sed
2837 1386 3109 1454 praecipue
3149 1387 3293 1440 illius
3328 1387 3544 1439 virtutis
3570 1386 3646 1439 ad-

2098 1477 2383 1530 miratione
2417 1476 2543 1530 victi
2578 1486 2723 1540 sunt,
2757 1486 2920 1545 atque
2946 1493 3105 1530 unam
3136 1480 3277 1531 hanc
3310 1477 3527 1531 demum
3565 1476 3651 1530 sibi

2094 1568 2319 1623 salutem
2354 1583 2471 1623 esse
2506 1569 2886 1623 intellexerunt
2914 1587 2927 1624 :
2956 1567 3017 1623 Si
3046 1586 3161 1621 cum
3191 1570 3327 1637 ipsa,
3363 1578 3412 1622 et
3440 1570 3531 1622 sub
3556 1571 3653 1636 ipso

2094 1677 2202 1714 sese
2232 1661 2566 1721 collocarent,
2601 1677 2762 1713 unum
2791 1671 2965 1713 autem
2995 1672 3041 1712 et
3066 1663 3419 1713 certissimum
3459 1661 3653 1726 pericu-

2095 1750 2225 1816 lum,
2256 1752 2301 1803 si
2331 1752 2383 1802 in
2404 1751 2573 1813 ipsius
2607 1751 2947 1818 oﬂ'ensionem
3008 1750 3377 1803 incurrerent:
3404 1749 3468 1801 ab
3510 1764 3656 1813 eoque

419 1841 663 1894 tnittatet
685 1840 735 1893 in
760 1841 1089 1893 monasterio
1117 1839 1365 1893 collocet.
1385 1838 1538 1905 Quod
1568 1839 1611 1893 si
1645 1855 1748 1892 non
1781 1850 1987 1907 pareat,
2024 1819 2064 1872 Β
2095 1842 2346 1911 disjungi,
2380 1843 2509 1895 nihil
2540 1842 2687 1896 aliud
2740 1860 2851 1897 esse
2903 1843 3249 1913 judicabant,
3288 1858 3446 1910 quam
3488 1858 3516 1892 α
3558 1838 3654 1892 Deo

421 1932 611 2001 longas
634 1931 685 1984 ei
710 1929 967 1998 epistolas
993 1929 1123 1983 nihil
1154 1927 1487 2006 profuturas,
1517 1930 1609 1984 sed
1637 1946 1759 1985 eum
1792 1932 1844 1984 in
1878 1932 1991 1986 otio

415 2026 779 2079 moriturum:
814 2033 868 2077 et
906 2022 951 2076 si
986 2022 1265 2090 depositus
1292 2022 1653 2076 sacerdotium
1681 2023 1783 2076 sibi
1833 2038 1988 2076 arro-

415 2124 526 2187 get,
580 2130 702 2169 cum
765 2115 938 2181 ipsum
995 2114 1518 2167 excommunicatum
1584 2114 1671 2179 iri,
1736 2123 1844 2168 tum
1897 2129 1991 2170 eos

415 2218 602 2259 omnes
636 2202 725 2271 qui
752 2202 897 2256 illum
929 2202 1248 2269 receperint.

998 2314 1227 2370 CAPUT
1268 2313 1409 2369 XVI.

415 2409 457 2464 Ι.
496 2409 558 2465 S.
593 2409 824 2462 Basilius
854 2408 1033 2461 scribit
1078 2408 1135 2461 S.
1165 2407 1396 2460 Illelelio.
1439 2406 1499 2459 ΙΙ.
1544 2405 1592 2458 Ε
1626 2406 1825 2473 iscopos
1849 2404 1989 2475 Cap-

486 2481 723 2549 padociw
757 2480 957 2549 placat,
997 2478 1281 2549 adjuvanle
1326 2476 1570 2545 Theologi
1606 2477 1842 2543 Gregorii
1897 2496 1989 2541 pa-

488 2547 583 2601 tre.
631 2548 716 2600 ΙΙΙ.
761 2547 988 2615 Nysseni
1012 2548 1239 2615 arti/icio
1270 2551 1337 2598 ad
1369 2564 1543 2615 pacein
1575 2550 1984 2599 conriltam.’am.

489 2618 575 2671 IV.
601 2614 838 2670 Basilius
874 2619 1016 2682 prior
1060 2614 1243 2668 scribit
1276 2629 1463 2681 patruo
1504 2614 1753 2680 Gregorio
1772 2633 1989 2683 eamque

482 2687 679 2756 placat.
712 2686 941 2739 Tandem
989 2686 1268 2751 Gregorius
1300 2684 1437 2737 Nos.
1473 2684 1735 2737 Basiliam
1786 2687 1985 2739 iuvisti.

495 2758 555 2813 V.
588 2756 665 2809 De
684 2757 919 2823 epistolis
953 2756 1133 2810 6105.

486 2850 527 2903 l.
584 2850 840 2916 Quamvis
889 2848 1129 2903 Ecclesia
1179 2847 1530 2903 Caesariensis
1584 2849 1839 2918 episcopo
1891 2865 1988 2903 suo

417 2944 574 2998 allisa
604 2944 685 3013 (α)
717 2943 974 3013 praaclare
1026 2952 1219 3007 staret,
1251 2958 1350 2997 nec
1382 2943 1583 3012 iniquis
1611 2946 1985 3014 episcoporum

416 3036 485 3089 de
515 3035 605 3089 illo
642 3034 864 3102 judiciis
892 3045 1231 3098 moveretur;
1272 3044 1389 3088 crat
1423 3044 1599 3089 tamen
1634 3036 1747 3089 haec
1777 3036 1984 3090 dissen-

413 3120 645 3193 sio'cum
689 3139 785 3177 sua
828 3131 1018 3190 sponte
1066 3122 1268 3177 Basilio
1318 3123 1700 3179 molestissima
1744 3126 1842 3195 (b),
1876 3137 1985 3178 tum

418 3218 544 3288 quia
579 3216 719 3270 illius
751 3216 1040 3285 participes
1081 3225 1237 3269 erant
1268 3224 1391 3269 tota:
1421 3217 1675 3271 civitates
1700 3227 1754 3269 et
1787 3220 1984 3285 populi.

420 3309 666 3362 Rb‘udum
694 3306 877 3360 Basilii
909 3307 1147 3359 dolorem
1176 3320 1277 3373 pax
1313 3309 1644 3360 absterserat
1665 3344 1679 3367 ,
1709 3321 1827 3359 cum
1860 3309 1993 3361 scri-

415 3401 524 3467 psit
546 3398 612 3451 ad
652 3407 897 3451 sanctum
928 3395 1198 3449 Meletium
1222 3396 1501 3462 epistolam
1525 3396 1612 3448 57.
1643 3395 1695 3449 ld
1719 3397 1859 3449 enim
1883 3398 1993 3451 col-

418 3489 510 3559 ligi
564 3498 743 3558 potest
789 3504 853 3541 ex
909 3486 995 3540 his
1027 3487 1228 3551 verbis,
1260 3485 1452 3540 Omnia
1491 3487 1629 3539 enim
1674 3488 1758 3539 liic
1793 3488 1989 3541 doloris

419 3582 573 3650 plena
605 3589 747 3633 siml.
782 3580 1063 3646 Signiﬁcat
1116 3576 1349 3631 Basilius
1390 3588 1653 3645 quantum
1700 3578 1842 3631 inter
1896 3578 1990 3631 has

422 3673 700 3726 molestias
729 3670 927 3741 Meletii
959 3670 1158 3723 litteris
1196 3670 1497 3723 delectetur
1525 3686 1538 3721 :
1571 3669 1988 3738 praetermissam
2030 3708 2035 3719 .

415 3764 485 3818 ab
521 3781 587 3819 eo
637 3764 908 3817 scribendi
947 3762 1290 3817 occasionem
1322 3762 1471 3815 dolet
1503 3774 1517 3815 :
1563 3763 1856 3816 maximum
1896 3763 1991 3815 bo-

417 3872 543 3909 ιιιιιιι
589 3856 690 3909 sibi
739 3865 1061 3908 eventurum
1126 3863 1301 3921 putat,
1336 3854 1379 3906 si
1415 3867 1601 3905 coram
1652 3852 1910 3918 congredi
1936 3861 1990 3904 et

416 3948 559 4001 illius
586 3962 770 4000 vocem
799 3947 989 3999 audire
1024 3944 1313 4013 aliquando
1355 3941 1649 4010 contingat.
1685 3939 1988 4005 Quinetiam

414 4042 483 4094 ad
512 4039 785 4092 Melctium
840 4051 899 4091 se
934 4036 1277 4097 contulisset,
1329 4032 1431 4086 nisi
1482 4047 1603 4085 eum
1638 4032 1990 4085 retinuissent

414 4126 777 4182 amantissimi
820 4126 1039 4187 fratres,
1072 4138 1303 4193 quorum
1334 4121 1669 4190 propositum
1705 4135 1770 4173 ne
1798 4118 1991 4172 litteris

413 4221 713 4287 evulgaret,
749 4217 1123 4285 Theophrasto
1157 4216 1311 4268 fratri
1354 4213 1732 4283 perferendum
1761 4212 1985 4265 commi-

413 4316 501 4367 sit.
534 4312 942 4379 Theophrastus
967 4310 1056 4362 ille
1085 4308 1223 4361 idem
1243 4308 1453 4361 videtur
1475 4306 1545 4377 (c)
1581 4322 1699 4361 esse
1723 4321 1784 4359 ac
1812 4303 1988 4358 Theo-

414 4408 665 4474 phrastus
685 4404 961 4465 diaconus,
996 4403 1085 4469 qui
1122 4414 1264 4451 anno
1297 4398 1400 4451 572
1433 4399 1590 4467 paulo
1626 4408 1746 4467 post
1779 4394 1986 4450 Pascha

2095 1932 2411 1987 abalienari.
2444 1933 2534 1987 Sic
2578 1933 2719 1989 ultro
2754 1946 3041 1996 cesserunt,
3075 1951 3137 1987 ac
3176 1950 3363 1985 manus
3392 1932 3654 1991 dederunt,

2095 2033 2144 2078 et
2171 2026 2319 2094 quasi
2365 2026 2432 2077 ad
2482 2026 2704 2078 tonitrui
2742 2043 2929 2079 sonum
2966 2042 3077 2077 sese
3120 2024 3501 2086 submiserant,
3531 2022 3654 2072 alius

2095 2117 2260 2169 alium
2304 2118 2371 2169 ad
2406 2117 2503 2183 ipsi
2557 2118 2989 2185 satisfaciendum
3040 2124 3451 2178 antevertentes,
3490 2127 3656 2164 conce-

2095 2218 2338 2276 ptamque
2371 2210 2516 2274 prius
2546 2209 2793 2261 adversus
2827 2209 2993 2275 ipsum
3019 2207 3129 2258 odii
3160 2208 3259 2257 vim
3290 2205 3343 2257 in
3375 2220 3480 2256 non
3505 2202 3658 2254 mino-

2096 2314 2203 2350 rem
2231 2297 2593 2349 benevolentia:
2620 2300 2740 2363 vim,
2761 2315 2821 2349 ac
2851 2298 3055 2349 virtutis
3087 2297 3469 2347 incrementum
3494 2294 3656 2359 (quam

2095 2391 2306 2458 quidem
2325 2405 2483 2440 unam
2506 2389 2868 2456 ﬁrmissimam
2894 2389 2990 2455 ipsi
3026 2387 3389 2455 satisfaciendi
3419 2386 3657 2438 rationem

2095 2481 2445 2551 inveniebant)
2497 2491 2876 2534 commutantes
2906 2498 2925 2534 :
2952 2493 3306 2550 prieterqnam
3348 2480 3397 2532 si
3440 2482 3557 2547 quis
3605 2476 3656 2530 ab

2094 2574 2420 2642 deploratam
2456 2571 2847 2641 improbitatem
2890 2572 3151 2640 neglectus
3177 2588 3239 2622 ac
3268 2571 3538 2639 projectus
3571 2578 3657 2628 est.

2095 2676 2147 2717 ut
2170 2666 2279 2733 ipse
2304 2666 2359 2717 in
2374 2664 2542 2730 seipso
2569 2674 2927 2715 conterentur
2950 2671 3107 2731 atque
3130 2674 3551 2725 consumeretur,
3570 2673 3657 2714 non

2093 2772 2241 2810 secus
2271 2773 2332 2808 ac
2362 2756 2541 2824 rubigo
2571 2754 2727 2807 simul
2752 2770 2868 2807 cum
2900 2753 3041 2824 [erro
3065 2755 3302 2805 consumi
3329 2754 3487 2806 solet.

2163 2844 2278 2900 Non
2305 2848 2573 2901 mediocre
2598 2847 2662 2899 ad
2706 2861 2825 2899 eam
2860 2860 2972 2899 rem
3002 2846 3310 2915 praesidium
3355 2844 3548 2898 habuit
3572 2842 3659 2896 Ba-

2093 2938 2245 2992 silius
2285 2938 2341 2991 in
2381 2937 2625 3006 Gregorii
2660 2938 2897 3007 episcopi
2929 2936 3258 2990 Nazianzeni
3296 2938 3589 3005 sapientia,
3611 2935 3658 2988 in

2093 3047 2272 3100 quem,
2313 3041 2371 3084 ut
2419 3042 2693 3085 auctorem
2742 3032 3102 3087 ordinationis
3150 3032 3361 3096 Basilii,
3402 3031 3659 3101 praecipue

2094 3125 2468 3193 episcoporum
2499 3124 2776 3177 iracundia
2799 3134 3057 3194 eruperat
3079 3124 3175 3196 (e).
3202 3124 3309 3178 Sed
3339 3126 3576 3193 optimus
3594 3139 3659 3177 se-

2096 3233 2197 3271 nex
2234 3218 2319 3270 die
2350 3226 2404 3271 et
2448 3218 2702 3286 patientia
2729 3218 2808 3271 sic
2836 3232 2931 3271 eos
2961 3217 3111 3280 vicit,
3140 3218 3590 3286 utindignatiooe
3614 3216 3657 3269 in

2092 3309 2497 3362 admirationem
2524 3323 2809 3372 conversa,
2842 3308 2907 3361 ad
2941 3308 3115 3378 ipsius
3145 3309 3312 3377 pedes
3355 3308 3503 3363 ultro
3528 3310 3657 3361 accia

2093 3399 2301 3463 derent,
2338 3400 2542 3467 pudore
2589 3399 2658 3451 ob
2688 3414 2747 3451 ea
2791 3414 2911 3467 quae
2951 3409 3240 3468 gesserant
3270 3396 3492 3461 suﬂ'usi,
3529 3398 3659 3462 abje~

2091 3491 2301 3559 ctisque
2329 3490 2488 3553 odiis,
2514 3504 2578 3543 eo
2627 3491 2935 3558 patriarcha
2970 3500 3022 3543 et
3053 3490 3368 3560 legislatore
3404 3502 3460 3545 et
3492 3489 3659 3560 judice

2093 3591 2393 3636 uterentur.
2417 3581 2511 3634 Vix
2545 3582 2767 3636 dubium
2791 3592 2876 3635 est
2900 3580 3029 3651 quin
3052 3582 3245 3635 eodem
3284 3591 3535 3651 tempore
3552 3596 3659 3632 cum

2091 3675 2288 3729 Basilio
2316 3684 2370 3728 et
2423 3673 2685 3744 Gregorio
2730 3673 2968 3742 episcopi
3005 3673 3055 3725 in
3109 3674 3341 3743 gratiam
3390 3671 3657 3725 redierim.

2091 3765 2352 3819 Neutrum
2395 3767 2537 3818 enim
2570 3765 2897 3833 placassent,
2934 3766 2981 3820 si
3011 3764 3068 3819 in
3130 3765 3468 3819 alterutrum
3500 3761 3658 3830 iniqui

2090 3873 2209 3911 esse
2233 3858 2619 3925 perstitissent.

2168 3948 2253 4003 Ill.
2288 3948 2471 4016 Neque
2502 3948 2666 4000 etiam
2698 3946 2940 4014 Gregorii
2980 3946 3206 4018 Nysseni
3239 3945 3291 3999 in
3330 3946 3438 4001 hoc
3467 3941 3651 4011 insigni

2093 4050 2289 4092 eventu
2344 4039 2513 4091 deluit
2567 4053 2777 4105 Opera,
2809 4053 3123 4105 quanquam
3181 4039 3228 4091 is
3278 4039 3659 4092 immoderatus

2091 4130 2425 4191 abundavit,
2471 4131 2746 4196 nimioque
2794 4130 2972 4183 studio
3030 4130 3515 4196 reprehensionem
3566 4142 3656 4179 non

2090 4222 2301 4285 ellugil.
2336 4222 2412 4273 Ad
2457 4222 2594 4274 hanc
2627 4222 2769 4272 enim
2803 4220 3242 4288 pacilicationem
3275 4221 3507 4273 omnino
3533 4216 3659 4271 refe-

2095 4316 2273 4367 rendm
2304 4313 2490 4366 Basilii
2530 4310 2771 4378 epistolae
2806 4312 2893 4376 58,
2920 4312 2987 4364 59
3019 4322 3073 4363 et
3107 4310 3197 4365 60.
3237 4311 3316 4364 Ex
3353 4312 3443 4364 his
3479 4310 3658 4363 litteris

2091 4405 2352 4456 discimus
2395 4401 2715 4471 Gregorium
2751 4404 2801 4454 in
2829 4403 3171 4468 Cappadocia
3200 4403 3546 4470 episc0pum,
3570 4400 3659 4453 Ba-

413 4508 663 4552 lliOl‘lUllS
695 4506 798 4547 εει.
830 4492 1026 4559 Liquet
1060 4490 1341 4552 Basilium,
1364 4490 1464 4543 etsi
1504 4490 1804 4544 litterarum
1839 4502 1987 4541 com-
2019 4509 2062 4563 ι)
2088 4495 2192 4548 silii
2232 4504 2502 4563 patruum,
2550 4508 2671 4545 cum
2698 4493 2966 4559 episcopis
3001 4492 3359 4559 Cappadocia:
3404 4496 3657 4545 adversus

414 4587 619 4642 inercio
642 4583 964 4652 coniunctus
1012 4588 1156 4634 esset
1194 4596 1315 4635 cum
1368 4580 1606 4643 Melelio,
1637 4580 1872 4633 nondum
1904 4588 1985 4631 ta-

414 4692 536 4732 men
562 4676 704 4728 illius
735 4674 936 4726 vultum
961 4674 1181 4737 vidisse,
1220 4687 1338 4724 cum
1373 4672 1511 4723 hanc
1540 4669 1819 4739 epistolam
1845 4667 1982 4723 scri-

412 4769 586 4822 beret.
615 4766 670 4820 Id
703 4766 827 4819 boni
864 4773 1189 4818 consecutus
1227 4771 1312 4816 est
1342 4763 1488 4816 circa
1515 4761 1750 4816 medium
1781 4774 1980 4814 annum

411 4859 537 4923 572,
571 4874 636 4911 ac
667 4858 891 4926 proinde
927 4856 1040 4909 haec
1079 4854 1303 4923 epistola
1330 4863 1455 4907 ante
1500 4855 1601 4908 hoc
1633 4863 1841 4921 tempus
1865 4850 1980 4906 col-

413 4950 658 5003 locanda.
701 4944 796 5000 His
824 4947 1024 5006 verbis,
1066 4960 1184 5013 qua:
1207 4944 1504 5005 attulimus,
1539 4944 1756 4996 adducti
1798 4956 1981 4995 sumus

410 5054 471 5096 ut
497 5058 615 5095 eam
653 5044 751 5093 hoc
775 5054 916 5092 anno
954 5037 1055 5090 ’571
1097 5036 1511 5096 collocaremus,
1556 5042 1847 5100 antequam
1878 5029 1984 5083 Ba-

410 5134 568 5186 silius
598 5130 927 5183 voluntatem
947 5127 1325 5195 episcoporum
1358 5123 1744 5191 recollegisset.
1771 5122 1982 5173 Arcana

410 5234 590 5276 autem
614 5220 1019 5285 mandata,qu:e
1034 5215 1411 5283 Theophrasto
1426 5216 1547 5265 data
1568 5223 1712 5273 sunt,
1734 5212 1985 5263 videntur

410 5324 658 5382 spectare
677 5310 993 5380 praeclarum
1014 5308 1267 5362 Ecclesiae
1289 5307 1646 5376 pacilicandae
1676 5305 1980 5367 consilium,

410 5406 552 5459 uuod
577 5402 807 5457 Basilius
862 5402 963 5456 etsi
994 5410 1105 5454 tum
1131 5401 1344 5455 demum
1373 5411 1665 5468 aggressus
1694 5404 1775 5451 est
1822 5404 1980 5465 post-

484 5624 559 5764 (αὲ
585 5625 681 5693 Ep.
700 5623 786 5679 48.
953 5679 979 5692 ,η

484 5695 532 5764 (b
587 5694 682 5762 Ep.
718 5694 806 5764 βξ),
830 5710 885 5748 ιι.
908 5694 961 5749 3.

483 5694 558 5764 (b)
587 5694 682 5762 Ep.
718 5694 806 5764 se,
830 5710 885 5748 η.
908 5694 961 5749 3.

484 5763 554 5837 (c)
581 5765 678 5836 Ep.
710 5763 801 5818 95.

2093 4584 2349 4637 Basilium
2390 4581 2616 4635 consilia
2654 4581 3019 4648 conjunxisse.
3057 4582 3121 4633 Et
3156 4597 3241 4635 res
3263 4592 3319 4635 et
3355 4594 3569 4651 tempus
3591 4584 3657 4633 sic

2091 4679 2420 4742 congruunt,
2454 4680 2510 4722 nt
2547 4671 2660 4723 ha-c
2690 4671 2955 4723 dissensio
2985 4672 3052 4724 ab
3075 4686 3161 4735 ea,
3196 4688 3360 4741 quam
3387 4676 3457 4727 de
3487 4673 3654 4726 Basilii

2088 4764 2429 4818 ordinatione
2458 4772 2632 4816 ortam
2659 4762 2915 4823 diximus,
2951 4764 3163 4816 secerni
3196 4781 3302 4818 non
3336 4768 3532 4833 possit.
3552 4765 3657 4818 Fuit

2088 4854 2230 4908 enim
2263 4852 2548 4904 vehemens
2582 4852 2693 4904 [HEC
2721 4867 2842 4904 cum
2874 4864 3067 4919 patruo
3100 4854 3655 4922 discordia,illiusque

2086 4938 2387 5010 participes
2428 4938 2578 4992 fuere
2611 4948 2733 4993 tota:
2782 4941 3032 4993 civitates
3088 4952 3145 4995 et
3181 4945 3369 5012 populi
3410 4946 3504 5015 (ί).
3549 4944 3650 4997 Non

2087 5031 2236 5085 solus
2291 5029 2490 5083 Basilio
2530 5039 2753 5098 patruus
2788 5034 3188 5097 succensebat,
3248 5037 3344 5087 sed
3383 5037 3655 5104 adjunctos

2084 5122 2317 5178 habebat
2346 5121 2532 5190 plures
2580 5122 2881 5190 episcOpos.
2936 5123 3107 5176 Nullae
3142 5125 3363 5179 interim
3408 5128 3653 5181 Basilium

2082 5216 2227 5269 inter
2252 5224 2307 5266 et
2347 5222 2595 5281 patruum
2632 5214 2877 5281 aliosque
2912 5217 3197 5284 episcopos
3231 5219 3455 5282 litterin,
3492 5219 3653 5271 nullus

2079 5318 2401 5373 congressus
2435 5322 2448 5357 :
2482 5304 2575 5358 sed
2617 5306 2953 5372 suspiciones
3004 5316 3058 5359 et
3098 5309 3392 5364 calumnia:
3421 5313 3473 5364 in
3523 5310 3656 5363 Basi-

2078 5396 2228 5450 lium.
2256 5393 2351 5447 llis
2389 5394 2533 5447 notis
2570 5392 2729 5449 facile
2768 5397 3106 5467 dignoscitur
3151 5399 3344 5456 Basilii
3378 5412 3651 5459 concerta-

2160 5608 2235 5680 (d)
2265 5608 2396 5680 an.
2422 5625 2502 5664 or.
2534 5611 2622 5666 so.

2160 5678 2230 5745 (ε)
2262 5678 2391 5731 Naz.
2431 5696 2513 5732 or.
2549 5686 2631 5735 l9.

2161 5746 2226 5821 (ί)
2254 5746 2351 5816 Ep.
2381 5748 2467 5816 sa,
2503 5766 2558 5803 ιι.
2590 5751 2645 5806 5.
