  <div class='ocr_page' id='page_1' title='image "/cluster/home/n/w/nwhite01/storage/ocr_20150623/29/nnc1.0046978755/074.png"; bbox 0 0 3820 6210; ppageno 0'>
   <div class='ocr_carea' id='block_1_1' title="bbox 1490 366 2064 424">
    <p class='ocr_par' dir='ltr' id='par_1_1' title="bbox 1490 366 2064 424">
     <span class='ocr_line' id='line_1_1' title="bbox 1490 366 2064 424; baseline 0.002 -4"><span class='ocrx_word' id='word_1_1' title='bbox 1490 368 1646 424; x_wconf 77' lang='lat' dir='ltr'><strong>VITA</strong></span> <span class='ocrx_word' id='word_1_2' title='bbox 1692 369 1750 424; x_wconf 91' lang='lat' dir='ltr'><strong>S.</strong></span> <span class='ocrx_word' id='word_1_3' title='bbox 1795 366 2064 423; x_wconf 78' lang='lat' dir='ltr'><strong>BASILII.</strong></span> 
     </span>
    </p>
   </div>
   <div class='ocr_carea' id='block_1_2' title="bbox 3261 383 3410 424">
    <p class='ocr_par' dir='ltr' id='par_1_2' title="bbox 3261 383 3410 424">
     <span class='ocr_line' id='line_1_2' title="bbox 3261 383 3410 424; baseline 0 0"><span class='ocrx_word' id='word_1_4' title='bbox 3261 383 3410 424; x_wconf 69' lang='lat' dir='ltr'><strong>LXVII</strong></span> 
     </span>
    </p>
   </div>
   <div class='ocr_carea' id='block_1_3' title="bbox 120 484 3406 560">
    <p class='ocr_par' dir='ltr' id='par_1_3' title="bbox 120 484 3406 560">
     <span class='ocr_line' id='line_1_3' title="bbox 120 484 3406 560; baseline 0 -16"><span class='ocrx_word' id='word_1_5' title='bbox 120 491 196 544; x_wconf 89' lang='lat' dir='ltr'><strong>tio</strong></span> <span class='ocrx_word' id='word_1_6' title='bbox 220 504 348 544; x_wconf 88' lang='lat' dir='ltr'><strong>cum</strong></span> <span class='ocrx_word' id='word_1_7' title='bbox 381 489 680 559; x_wconf 66' lang='lat' dir='ltr'><strong>episcoiiis,</strong></span> <span class='ocrx_word' id='word_1_8' title='bbox 717 490 808 560; x_wconf 89' lang='lat' dir='ltr'><strong>qui</strong></span> <span class='ocrx_word' id='word_1_9' title='bbox 856 490 926 546; x_wconf 88' lang='lat' dir='ltr'><strong>ab</strong></span> <span class='ocrx_word' id='word_1_10' title='bbox 956 490 1074 559; x_wconf 87' lang='lat' dir='ltr'><strong>ejus</strong></span> <span class='ocrx_word' id='word_1_11' title='bbox 1103 491 1451 545; x_wconf 91' lang='lat' dir='ltr'><strong>ordinatione</strong></span> <span class='ocrx_word' id='word_1_12' title='bbox 1491 501 1547 545; x_wconf 93' lang='lat' dir='ltr'><strong>et</strong></span> <span class='ocrx_word' id='word_1_13' title='bbox 1574 505 1725 545; x_wconf 84' lang='lat' dir='ltr'><strong>com—</strong></span> <span class='ocrx_word' id='word_1_14' title='bbox 1753 496 1798 550; x_wconf 84' lang='grc' dir='ltr'>Α</span> <span class='ocrx_word' id='word_1_15' title='bbox 1830 486 2194 558; x_wconf 87' lang='lat' dir='ltr'><strong>perspicimus</strong></span> <span class='ocrx_word' id='word_1_16' title='bbox 2223 499 2289 538; x_wconf 78' lang='lat' dir='ltr'><strong>ex</strong></span> <span class='ocrx_word' id='word_1_17' title='bbox 2321 485 2405 538; x_wconf 88' lang='lat' dir='ltr'><strong>his</strong></span> <span class='ocrx_word' id='word_1_18' title='bbox 2451 484 2641 539; x_wconf 80' lang='lat' dir='ltr'><strong>Basilii</strong></span> <span class='ocrx_word' id='word_1_19' title='bbox 2699 485 2765 539; x_wconf 86' lang='lat' dir='ltr'><strong>ad</strong></span> <span class='ocrx_word' id='word_1_20' title='bbox 2822 495 3074 556; x_wconf 93' lang='lat' dir='ltr'><strong>patruum</strong></span> <span class='ocrx_word' id='word_1_21' title='bbox 3107 486 3287 542; x_wconf 79' lang='lat' dir='ltr'><strong>verbis</strong></span> <span class='ocrx_word' id='word_1_22' title='bbox 3351 491 3406 545; x_wconf 92' lang='lat' dir='ltr'><strong>in</strong></span> 
     </span>
    </p>
   </div>
   <div class='ocr_carea' id='block_1_4' title="bbox 116 582 1723 653">
    <p class='ocr_par' dir='ltr' id='par_1_4' title="bbox 116 582 1723 653">
     <span class='ocr_line' id='line_1_4' title="bbox 116 582 1723 653; baseline 0.001 -17"><span class='ocrx_word' id='word_1_23' title='bbox 116 583 382 637; x_wconf 86' lang='lat' dir='ltr'><strong>munione</strong></span> <span class='ocrx_word' id='word_1_24' title='bbox 427 582 872 653; x_wconf 81' lang='lat' dir='ltr'><strong>refugerunt.-At</strong></span> <span class='ocrx_word' id='word_1_25' title='bbox 909 583 1102 638; x_wconf 86' lang='lat' dir='ltr'><strong>referri</strong></span> <span class='ocrx_word' id='word_1_26' title='bbox 1135 601 1240 638; x_wconf 93' lang='lat' dir='ltr'><strong>non</strong></span> <span class='ocrx_word' id='word_1_27' title='bbox 1277 594 1506 652; x_wconf 87' lang='lat' dir='ltr'><strong>possunt</strong></span> <span class='ocrx_word' id='word_1_28' title='bbox 1559 584 1625 637; x_wconf 89' lang='lat' dir='ltr'><strong>ad</strong></span> <span class='ocrx_word' id='word_1_29' title='bbox 1657 583 1723 638; x_wconf 90' lang='lat' dir='ltr'><strong>li-</strong></span> 
     </span>
    </p>
   </div>
   <div class='ocr_carea' id='block_1_5' title="bbox 117 676 1724 746">
    <p class='ocr_par' dir='ltr' id='par_1_5' title="bbox 117 676 1724 746">
     <span class='ocr_line' id='line_1_5' title="bbox 117 676 1724 746; baseline -0.002 -15"><span class='ocrx_word' id='word_1_30' title='bbox 117 689 197 731; x_wconf 87' lang='lat' dir='ltr'><strong>tes</strong></span> <span class='ocrx_word' id='word_1_31' title='bbox 237 679 308 731; x_wconf 91' lang='lat' dir='ltr'><strong>de</strong></span> <span class='ocrx_word' id='word_1_32' title='bbox 334 676 734 745; x_wconf 76' lang='lat' dir='ltr'><strong>iurisdictione</strong></span> <span class='ocrx_word' id='word_1_33' title='bbox 769 688 1052 746; x_wconf 88' lang='lat' dir='ltr'><strong>susceptas</strong></span> <span class='ocrx_word' id='word_1_34' title='bbox 1077 692 1200 730; x_wconf 91' lang='lat' dir='ltr'><strong>cum</strong></span> <span class='ocrx_word' id='word_1_35' title='bbox 1226 677 1496 746; x_wconf 83' lang='lat' dir='ltr'><strong>episcopis</strong></span> <span class='ocrx_word' id='word_1_36' title='bbox 1520 691 1724 729; x_wconf 85' lang='lat' dir='ltr'><strong>secun-</strong></span> 
     </span>
    </p>
   </div>
   <div class='ocr_carea' id='block_1_6' title="bbox 113 765 1723 837">
    <p class='ocr_par' dir='ltr' id='par_1_6' title="bbox 113 765 1723 837">
     <span class='ocr_line' id='line_1_6' title="bbox 113 765 1723 837; baseline -0.001 -17"><span class='ocrx_word' id='word_1_37' title='bbox 113 769 195 821; x_wconf 60' lang='lat' dir='ltr'><strong>dae</strong></span> <span class='ocrx_word' id='word_1_38' title='bbox 256 769 651 837; x_wconf 66' lang='lat' dir='ltr'><strong>Cappadociae.</strong></span> <span class='ocrx_word' id='word_1_39' title='bbox 715 769 1008 822; x_wconf 84' lang='lat' dir='ltr'><strong>Antbimus</strong></span> <span class='ocrx_word' id='word_1_40' title='bbox 1055 768 1198 822; x_wconf 88' lang='lat' dir='ltr'><strong>enim</strong></span> <span class='ocrx_word' id='word_1_41' title='bbox 1225 807 1240 831; x_wconf 91' lang='lat'><strong>,</strong></span> <span class='ocrx_word' id='word_1_42' title='bbox 1270 769 1360 836; x_wconf 93' lang='lat' dir='ltr'><strong>qui</strong></span> <span class='ocrx_word' id='word_1_43' title='bbox 1401 765 1723 834; x_wconf 75' lang='lat' dir='ltr'><strong>posterioris</strong></span> 
     </span>
    </p>
   </div>
   <div class='ocr_carea' id='block_1_7' title="bbox 115 860 1724 930">
    <p class='ocr_par' dir='ltr' id='par_1_7' title="bbox 115 860 1724 930">
     <span class='ocr_line' id='line_1_7' title="bbox 115 860 1724 930; baseline -0.002 -16"><span class='ocrx_word' id='word_1_44' title='bbox 115 862 281 928; x_wconf 78' lang='lat' dir='ltr'><strong>huius</strong></span> <span class='ocrx_word' id='word_1_45' title='bbox 315 862 688 917; x_wconf 84' lang='lat' dir='ltr'><strong>dissensionis</strong></span> <span class='ocrx_word' id='word_1_46' title='bbox 713 873 903 916; x_wconf 80' lang='lat' dir='ltr'><strong>auctor</strong></span> <span class='ocrx_word' id='word_1_47' title='bbox 935 861 1059 927; x_wconf 85' lang='lat' dir='ltr'><strong>fuit,</strong></span> <span class='ocrx_word' id='word_1_48' title='bbox 1083 862 1138 914; x_wconf 89' lang='lat' dir='ltr'><strong>in</strong></span> <span class='ocrx_word' id='word_1_49' title='bbox 1166 860 1348 930; x_wconf 88' lang='lat' dir='ltr'><strong>priore</strong></span> <span class='ocrx_word' id='word_1_50' title='bbox 1381 861 1588 913; x_wconf 86' lang='lat' dir='ltr'><strong>amicus</strong></span> <span class='ocrx_word' id='word_1_51' title='bbox 1606 869 1724 911; x_wconf 87' lang='lat' dir='ltr'><strong>erat</strong></span> 
     </span>
    </p>
   </div>
   <div class='ocr_carea' id='block_1_8' title="bbox 113 951 1715 1024">
    <p class='ocr_par' dir='ltr' id='par_1_8' title="bbox 113 951 1715 1024">
     <span class='ocr_line' id='line_1_8' title="bbox 113 951 1715 1024; baseline -0.002 -18"><span class='ocrx_word' id='word_1_52' title='bbox 113 953 342 1018; x_wconf 76' lang='lat' dir='ltr'><strong>Basilio,</strong></span> <span class='ocrx_word' id='word_1_53' title='bbox 378 955 549 1024; x_wconf 87' lang='lat' dir='ltr'><strong>eique</strong></span> <span class='ocrx_word' id='word_1_54' title='bbox 577 969 802 1022; x_wconf 79' lang='lat' dir='ltr'><strong>operam</strong></span> <span class='ocrx_word' id='word_1_55' title='bbox 828 954 1086 1018; x_wconf 86' lang='lat' dir='ltr'><strong>navabat,</strong></span> <span class='ocrx_word' id='word_1_56' title='bbox 1122 963 1181 1006; x_wconf 93' lang='lat' dir='ltr'><strong>ut</strong></span> <span class='ocrx_word' id='word_1_57' title='bbox 1205 962 1354 1020; x_wconf 88' lang='lat' dir='ltr'><strong>patet</strong></span> <span class='ocrx_word' id='word_1_58' title='bbox 1385 968 1447 1006; x_wconf 82' lang='lat' dir='ltr'><strong>ex</strong></span> <span class='ocrx_word' id='word_1_59' title='bbox 1484 967 1571 1018; x_wconf 85' lang='lat' dir='ltr'><strong>ep.</strong></span> <span class='ocrx_word' id='word_1_60' title='bbox 1625 951 1715 1005; x_wconf 87' lang='lat'><strong>58.</strong></span> 
     </span>
    </p>
   </div>
   <div class='ocr_carea' id='block_1_9' title="bbox 113 1043 1717 1115">
    <p class='ocr_par' dir='ltr' id='par_1_9' title="bbox 113 1043 1717 1115">
     <span class='ocr_line' id='line_1_9' title="bbox 113 1043 1717 1115; baseline -0.001 -16"><span class='ocrx_word' id='word_1_61' title='bbox 113 1045 358 1114; x_wconf 86' lang='lat' dir='ltr'><strong>Tempus</strong></span> <span class='ocrx_word' id='word_1_62' title='bbox 421 1048 594 1099; x_wconf 91' lang='lat' dir='ltr'><strong>etiam</strong></span> <span class='ocrx_word' id='word_1_63' title='bbox 654 1047 860 1115; x_wconf 82' lang='lat' dir='ltr'><strong>Optime</strong></span> <span class='ocrx_word' id='word_1_64' title='bbox 898 1046 1154 1114; x_wconf 88' lang='lat' dir='ltr'><strong>quadrat.</strong></span> <span class='ocrx_word' id='word_1_65' title='bbox 1189 1043 1325 1098; x_wconf 86' lang='lat' dir='ltr'><strong>Nam</strong></span> <span class='ocrx_word' id='word_1_66' title='bbox 1381 1044 1717 1098; x_wconf 89' lang='lat' dir='ltr'><strong>simultatem</strong></span> 
     </span>
    </p>
   </div>
   <div class='ocr_carea' id='block_1_10' title="bbox 110 1135 1719 1208">
    <p class='ocr_par' dir='ltr' id='par_1_10' title="bbox 110 1135 1719 1208">
     <span class='ocr_line' id='line_1_10' title="bbox 110 1135 1719 1208; baseline 0 -17"><span class='ocrx_word' id='word_1_67' title='bbox 110 1154 233 1192; x_wconf 83' lang='lat' dir='ltr'><strong>cum</strong></span> <span class='ocrx_word' id='word_1_68' title='bbox 271 1138 558 1208; x_wconf 84' lang='lat' dir='ltr'><strong>episcOpis</strong></span> <span class='ocrx_word' id='word_1_69' title='bbox 590 1137 944 1207; x_wconf 81' lang='lat' dir='ltr'><strong>Cappadociae</strong></span> <span class='ocrx_word' id='word_1_70' title='bbox 995 1137 1354 1206; x_wconf 84' lang='lat' dir='ltr'><strong>compositam</strong></span> <span class='ocrx_word' id='word_1_71' title='bbox 1407 1135 1577 1189; x_wconf 85' lang='lat' dir='ltr'><strong>fuisse</strong></span> <span class='ocrx_word' id='word_1_72' title='bbox 1638 1147 1719 1191; x_wconf 93' lang='lat' dir='ltr'><strong>te-</strong></span> 
     </span>
    </p>
   </div>
   <div class='ocr_carea' id='block_1_11' title="bbox 107 1224 1716 1298">
    <p class='ocr_par' dir='ltr' id='par_1_11' title="bbox 107 1224 1716 1298">
     <span class='ocr_line' id='line_1_11' title="bbox 107 1224 1716 1298; baseline -0.001 -17"><span class='ocrx_word' id='word_1_73' title='bbox 107 1239 292 1283; x_wconf 84' lang='lat' dir='ltr'><strong>statur</strong></span> <span class='ocrx_word' id='word_1_74' title='bbox 341 1227 653 1298; x_wconf 83' lang='lat' dir='ltr'><strong>Gregorius</strong></span> <span class='ocrx_word' id='word_1_75' title='bbox 691 1228 1066 1282; x_wconf 83' lang='lat' dir='ltr'><strong>Nazianzenus</strong></span> <span class='ocrx_word' id='word_1_76' title='bbox 1094 1224 1196 1297; x_wconf 89' lang='lat' dir='ltr'><strong>(a),</strong></span> <span class='ocrx_word' id='word_1_77' title='bbox 1237 1235 1524 1294; x_wconf 86' lang='lat' dir='ltr'><strong>antequam</strong></span> <span class='ocrx_word' id='word_1_78' title='bbox 1561 1225 1716 1280; x_wconf 85' lang='lat' dir='ltr'><strong>Basi-</strong></span> 
     </span>
    </p>
   </div>
   <div class='ocr_carea' id='block_1_12' title="bbox 108 1319 1713 1390">
    <p class='ocr_par' dir='ltr' id='par_1_12' title="bbox 108 1319 1713 1390">
     <span class='ocr_line' id='line_1_12' title="bbox 108 1319 1713 1390; baseline -0.001 -17"><span class='ocrx_word' id='word_1_79' title='bbox 108 1323 216 1375; x_wconf 92' lang='lat' dir='ltr'><strong>lius</strong></span> <span class='ocrx_word' id='word_1_80' title='bbox 246 1322 317 1376; x_wconf 90' lang='lat' dir='ltr'><strong>de</strong></span> <span class='ocrx_word' id='word_1_81' title='bbox 341 1321 708 1390; x_wconf 84' lang='lat' dir='ltr'><strong>pacificandis</strong></span> <span class='ocrx_word' id='word_1_82' title='bbox 735 1319 994 1373; x_wconf 87' lang='lat' dir='ltr'><strong>Ecclesiis</strong></span> <span class='ocrx_word' id='word_1_83' title='bbox 1013 1331 1199 1388; x_wconf 78' lang='lat' dir='ltr'><strong>ageret</strong></span> <span class='ocrx_word' id='word_1_84' title='bbox 1229 1334 1352 1372; x_wconf 89' lang='lat' dir='ltr'><strong>cum</strong></span> <span class='ocrx_word' id='word_1_85' title='bbox 1375 1319 1713 1385; x_wconf 85' lang='lat' dir='ltr'><strong>Athanasio;</strong></span> 
     </span>
    </p>
   </div>
   <div class='ocr_carea' id='block_1_13' title="bbox 106 1408 1716 1482">
    <p class='ocr_par' dir='ltr' id='par_1_13' title="bbox 106 1408 1716 1482">
     <span class='ocr_line' id='line_1_13' title="bbox 106 1408 1716 1482; baseline -0.001 -18"><span class='ocrx_word' id='word_1_86' title='bbox 106 1413 252 1482; x_wconf 87' lang='lat' dir='ltr'><strong>quod</strong></span> <span class='ocrx_word' id='word_1_87' title='bbox 311 1412 612 1466; x_wconf 85' lang='lat' dir='ltr'><strong>consilium</strong></span> <span class='ocrx_word' id='word_1_88' title='bbox 647 1409 886 1478; x_wconf 90' lang='lat' dir='ltr'><strong>suscepit</strong></span> <span class='ocrx_word' id='word_1_89' title='bbox 942 1424 1088 1463; x_wconf 90' lang='lat' dir='ltr'><strong>anno</strong></span> <span class='ocrx_word' id='word_1_90' title='bbox 1136 1408 1263 1462; x_wconf 76' lang='grc'>571.</span> <span class='ocrx_word' id='word_1_91' title='bbox 1312 1409 1456 1463; x_wconf 88' lang='lat' dir='ltr'><strong>Idem</strong></span> <span class='ocrx_word' id='word_1_92' title='bbox 1495 1424 1716 1478; x_wconf 91' lang='lat' dir='ltr'><strong>prorsus</strong></span> 
     </span>
    </p>
   </div>
   <div class='ocr_carea' id='block_1_14' title="bbox 108 1499 1716 1574">
    <p class='ocr_par' dir='ltr' id='par_1_14' title="bbox 108 1499 1716 1574">
     <span class='ocr_line' id='line_1_14' title="bbox 108 1499 1716 1574; baseline -0.002 -18"><span class='ocrx_word' id='word_1_93' title='bbox 108 1515 334 1574; x_wconf 91' lang='lat' dir='ltr'><strong>tempus</strong></span> <span class='ocrx_word' id='word_1_94' title='bbox 386 1504 784 1570; x_wconf 77' lang='lat' dir='ltr'><strong>assignandum</strong></span> <span class='ocrx_word' id='word_1_95' title='bbox 831 1500 899 1556; x_wconf 92' lang='lat' dir='ltr'><strong>iis</strong></span> <span class='ocrx_word' id='word_1_96' title='bbox 953 1516 1074 1568; x_wconf 74' lang='lat' dir='ltr'><strong>qua:</strong></span> <span class='ocrx_word' id='word_1_97' title='bbox 1131 1499 1389 1554; x_wconf 89' lang='lat' dir='ltr'><strong>Basilium</strong></span> <span class='ocrx_word' id='word_1_98' title='bbox 1449 1499 1593 1552; x_wconf 89' lang='lat' dir='ltr'><strong>inter</strong></span> <span class='ocrx_word' id='word_1_99' title='bbox 1653 1515 1716 1553; x_wconf 88' lang='lat' dir='ltr'><strong>ac</strong></span> 
     </span>
    </p>
   </div>
   <div class='ocr_carea' id='block_1_15' title="bbox 108 1593 1714 1667">
    <p class='ocr_par' dir='ltr' id='par_1_15' title="bbox 108 1593 1714 1667">
     <span class='ocr_line' id='line_1_15' title="bbox 108 1593 1714 1667; baseline -0.004 -15"><span class='ocrx_word' id='word_1_100' title='bbox 108 1598 453 1667; x_wconf 79' lang='lat' dir='ltr'><strong>Gregorium</strong></span> <span class='ocrx_word' id='word_1_101' title='bbox 482 1607 736 1666; x_wconf 88' lang='lat' dir='ltr'><strong>patruum</strong></span> <span class='ocrx_word' id='word_1_102' title='bbox 766 1594 1014 1663; x_wconf 84' lang='lat' dir='ltr'><strong>aliosque</strong></span> <span class='ocrx_word' id='word_1_103' title='bbox 1043 1593 1331 1662; x_wconf 88' lang='lat' dir='ltr'><strong>episcopos</strong></span> <span class='ocrx_word' id='word_1_104' title='bbox 1355 1631 1370 1656; x_wconf 90' lang='lat'><strong>,</strong></span> <span class='ocrx_word' id='word_1_105' title='bbox 1412 1593 1714 1661; x_wconf 78' lang='lat' dir='ltr'><strong>interprete</strong></span> 
     </span>
    </p>
   </div>
   <div class='ocr_carea' id='block_1_16' title="bbox 105 1675 1712 1759">
    <p class='ocr_par' dir='ltr' id='par_1_16' title="bbox 105 1675 1712 1759">
     <span class='ocr_line' id='line_1_16' title="bbox 105 1675 1712 1759; baseline -0.006 -14"><span class='ocrx_word' id='word_1_106' title='bbox 105 1702 162 1744; x_wconf 91' lang='lat' dir='ltr'><strong>et</strong></span> <span class='ocrx_word' id='word_1_107' title='bbox 209 1701 513 1759; x_wconf 85' lang='lat' dir='ltr'><strong>sequestro</strong></span> <span class='ocrx_word' id='word_1_108' title='bbox 544 1687 816 1759; x_wconf 81' lang='lat' dir='ltr'><strong>Nysseno,</strong></span> <span class='ocrx_word' id='word_1_109' title='bbox 871 1697 1022 1756; x_wconf 80' lang='lat' dir='ltr'><strong>gesta</strong></span> <span class='ocrx_word' id='word_1_110' title='bbox 1060 1694 1205 1740; x_wconf 92' lang='lat' dir='ltr'><strong>sunt.</strong></span> <span class='ocrx_word' id='word_1_111' title='bbox 1238 1675 1535 1754; x_wconf 73' lang='lat' dir='ltr'><strong>Gregorius</strong></span> <span class='ocrx_word' id='word_1_112' title='bbox 1565 1684 1712 1739; x_wconf 90' lang='lat' dir='ltr'><strong>enim</strong></span> 
     </span>
    </p>
   </div>
   <div class='ocr_carea' id='block_1_17' title="bbox 103 1777 1710 1854">
    <p class='ocr_par' dir='ltr' id='par_1_17' title="bbox 103 1777 1710 1854">
     <span class='ocr_line' id='line_1_17' title="bbox 103 1777 1710 1854; baseline -0.004 -17"><span class='ocrx_word' id='word_1_113' title='bbox 103 1783 422 1854; x_wconf 76' lang='lat' dir='ltr'><strong>Nyssenus,</strong></span> <span class='ocrx_word' id='word_1_114' title='bbox 457 1783 551 1852; x_wconf 88' lang='lat' dir='ltr'><strong>qui</strong></span> <span class='ocrx_word' id='word_1_115' title='bbox 580 1782 868 1850; x_wconf 90' lang='lat' dir='ltr'><strong>episcopus</strong></span> <span class='ocrx_word' id='word_1_116' title='bbox 916 1779 1095 1832; x_wconf 88' lang='lat' dir='ltr'><strong>factus</strong></span> <span class='ocrx_word' id='word_1_117' title='bbox 1122 1788 1206 1832; x_wconf 87' lang='lat' dir='ltr'><strong>est</strong></span> <span class='ocrx_word' id='word_1_118' title='bbox 1241 1793 1384 1831; x_wconf 88' lang='lat' dir='ltr'><strong>anno</strong></span> <span class='ocrx_word' id='word_1_119' title='bbox 1407 1777 1536 1841; x_wconf 75' lang='grc'><strong>371,</strong></span> <span class='ocrx_word' id='word_1_120' title='bbox 1570 1793 1710 1832; x_wconf 85' lang='lat' dir='ltr'><strong>non-</strong></span> 
     </span>
    </p>
   </div>
   <div class='ocr_carea' id='block_1_18' title="bbox 1825 573 3411 647">
    <p class='ocr_par' dir='ltr' id='par_1_18' title="bbox 1825 573 3411 647">
     <span class='ocr_line' id='line_1_18' title="bbox 1825 573 3411 647; baseline 0.002 -16"><span class='ocrx_word' id='word_1_121' title='bbox 1825 577 2055 647; x_wconf 88' lang='lat' dir='ltr'><strong>epistula</strong></span> <span class='ocrx_word' id='word_1_122' title='bbox 2087 575 2376 644; x_wconf 83' lang='lat' dir='ltr'><strong>sequenti:</strong></span> <span class='ocrx_word' id='word_1_123' title='bbox 2412 573 2696 629; x_wconf 83' lang='lat' dir='ltr'><strong>Continere</strong></span> <span class='ocrx_word' id='word_1_124' title='bbox 2737 592 2817 630; x_wconf 86' lang='lat' dir='ltr'><strong>me</strong></span> <span class='ocrx_word' id='word_1_125' title='bbox 2863 577 3092 644; x_wconf 80' lang='lat' dir='ltr'><strong>amplius</strong></span> <span class='ocrx_word' id='word_1_126' title='bbox 3132 595 3252 632; x_wconf 84' lang='lat' dir='ltr'><strong>eum</strong></span> <span class='ocrx_word' id='word_1_127' title='bbox 3305 596 3411 634; x_wconf 85' lang='lat' dir='ltr'><strong>non</strong></span> 
     </span>
    </p>
   </div>
   <div class='ocr_carea' id='block_1_19' title="bbox 1823 668 3410 739">
    <p class='ocr_par' dir='ltr' id='par_1_19' title="bbox 1823 668 3410 739">
     <span class='ocr_line' id='line_1_19' title="bbox 1823 668 3410 739; baseline 0.004 -17"><span class='ocrx_word' id='word_1_128' title='bbox 1823 686 2049 739; x_wconf 80' lang='lat' dir='ltr'><strong>possem,</strong></span> <span class='ocrx_word' id='word_1_129' title='bbox 2103 668 2255 738; x_wconf 85' lang='lat' dir='ltr'><strong>prior</strong></span> <span class='ocrx_word' id='word_1_130' title='bbox 2304 668 2425 736; x_wconf 86' lang='lat' dir='ltr'><strong>rupi</strong></span> <span class='ocrx_word' id='word_1_131' title='bbox 2483 685 2678 722; x_wconf 75' lang='lat' dir='ltr'><strong>vocem.</strong></span> <span class='ocrx_word' id='word_1_132' title='bbox 2719 669 2854 724; x_wconf 85' lang='lat' dir='ltr'><strong>Nam</strong></span> <span class='ocrx_word' id='word_1_133' title='bbox 2889 685 3011 724; x_wconf 87' lang='lat' dir='ltr'><strong>cum</strong></span> <span class='ocrx_word' id='word_1_134' title='bbox 3043 687 3167 726; x_wconf 88' lang='lat' dir='ltr'><strong>eum</strong></span> <span class='ocrx_word' id='word_1_135' title='bbox 3199 673 3410 729; x_wconf 86' lang='lat' dir='ltr'><strong>intimis</strong></span> 
     </span>
    </p>
   </div>
   <div class='ocr_carea' id='block_1_20' title="bbox 1829 760 3411 831">
    <p class='ocr_par' dir='ltr' id='par_1_20' title="bbox 1829 760 3411 831">
     <span class='ocr_line' id='line_1_20' title="bbox 1829 760 3411 831; baseline 0.003 -16"><span class='ocrx_word' id='word_1_136' title='bbox 1829 761 2082 816; x_wconf 88' lang='lat' dir='ltr'><strong>sensibus</strong></span> <span class='ocrx_word' id='word_1_137' title='bbox 2125 770 2352 831; x_wconf 86' lang='lat' dir='ltr'><strong>angeret</strong></span> <span class='ocrx_word' id='word_1_138' title='bbox 2392 760 2516 815; x_wconf 74' lang='lat' dir='ltr'><strong>bmc</strong></span> <span class='ocrx_word' id='word_1_139' title='bbox 2544 760 2833 830; x_wconf 86' lang='lat' dir='ltr'><strong>dissensio,</strong></span> <span class='ocrx_word' id='word_1_140' title='bbox 2871 763 3132 831; x_wconf 85' lang='lat' dir='ltr'><strong>nibiljam</strong></span> <span class='ocrx_word' id='word_1_141' title='bbox 3155 776 3411 820; x_wconf 84' lang='lat' dir='ltr'><strong>cunctan-</strong></span> 
     </span>
    </p>
   </div>
   <div class='ocr_carea' id='block_1_21' title="bbox 1824 855 3406 927">
    <p class='ocr_par' dir='ltr' id='par_1_21' title="bbox 1824 855 3406 927">
     <span class='ocr_line' id='line_1_21' title="bbox 1824 855 3406 927; baseline 0.003 -19"><span class='ocrx_word' id='word_1_142' title='bbox 1824 855 1949 908; x_wconf 91' lang='lat' dir='ltr'><strong>dum</strong></span> <span class='ocrx_word' id='word_1_143' title='bbox 1979 869 2100 909; x_wconf 86' lang='lat' dir='ltr'><strong>esse</strong></span> <span class='ocrx_word' id='word_1_144' title='bbox 2153 865 2303 909; x_wconf 89' lang='lat' dir='ltr'><strong>ratus</strong></span> <span class='ocrx_word' id='word_1_145' title='bbox 2333 855 2429 925; x_wconf 78' lang='lat' dir='ltr'><strong>(li),</strong></span> <span class='ocrx_word' id='word_1_146' title='bbox 2473 857 2665 910; x_wconf 85' lang='lat' dir='ltr'><strong>scribit</strong></span> <span class='ocrx_word' id='word_1_147' title='bbox 2704 857 2771 909; x_wconf 89' lang='lat' dir='ltr'><strong>ad</strong></span> <span class='ocrx_word' id='word_1_148' title='bbox 2822 866 3114 924; x_wconf 88' lang='lat' dir='ltr'><strong>patruum,</strong></span> <span class='ocrx_word' id='word_1_149' title='bbox 3147 861 3309 927; x_wconf 87' lang='lat' dir='ltr'><strong>eique</strong></span> <span class='ocrx_word' id='word_1_150' title='bbox 3353 861 3406 914; x_wconf 92' lang='lat' dir='ltr'><strong>in</strong></span> 
     </span>
    </p>
   </div>
   <div class='ocr_carea' id='block_1_22' title="bbox 1825 946 3409 1018">
    <p class='ocr_par' dir='ltr' id='par_1_22' title="bbox 1825 946 3409 1018">
     <span class='ocr_line' id='line_1_22' title="bbox 1825 946 3409 1018; baseline 0.003 -19"><span class='ocrx_word' id='word_1_151' title='bbox 1825 949 2139 999; x_wconf 87' lang='lat' dir='ltr'><strong>memoriam</strong></span> <span class='ocrx_word' id='word_1_152' title='bbox 2174 955 2395 1000; x_wconf 82' lang='lat' dir='ltr'><strong>revocat</strong></span> <span class='ocrx_word' id='word_1_153' title='bbox 2442 957 2726 1014; x_wconf 86' lang='lat' dir='ltr'><strong>paternum</strong></span> <span class='ocrx_word' id='word_1_154' title='bbox 2759 946 2909 1000; x_wconf 91' lang='lat' dir='ltr'><strong>illum</strong></span> <span class='ocrx_word' id='word_1_155' title='bbox 2944 948 3210 1012; x_wconf 90' lang='lat' dir='ltr'><strong>animum,</strong></span> <span class='ocrx_word' id='word_1_156' title='bbox 3245 964 3409 1018; x_wconf 87' lang='lat' dir='ltr'><strong>quem</strong></span> 
     </span>
    </p>
   </div>
   <div class='ocr_carea' id='block_1_23' title="bbox 1823 1040 3409 1111">
    <p class='ocr_par' dir='ltr' id='par_1_23' title="bbox 1823 1040 3409 1111">
     <span class='ocr_line' id='line_1_23' title="bbox 1823 1040 3409 1111; baseline 0.003 -17"><span class='ocrx_word' id='word_1_157' title='bbox 1823 1040 1926 1095; x_wconf 83' lang='lat' dir='ltr'><strong>sibi</strong></span> <span class='ocrx_word' id='word_1_158' title='bbox 1984 1056 2083 1110; x_wconf 90' lang='lat' dir='ltr'><strong>per</strong></span> <span class='ocrx_word' id='word_1_159' title='bbox 2137 1051 2303 1096; x_wconf 90' lang='lat' dir='ltr'><strong>totam</strong></span> <span class='ocrx_word' id='word_1_160' title='bbox 2342 1043 2510 1095; x_wconf 85' lang='lat' dir='ltr'><strong>vitam</strong></span> <span class='ocrx_word' id='word_1_161' title='bbox 2562 1043 2902 1096; x_wconf 80' lang='lat' dir='ltr'><strong>exhibuerat.</strong></span> <span class='ocrx_word' id='word_1_162' title='bbox 2949 1043 3289 1111; x_wconf 90' lang='lat' dir='ltr'><strong>Obtestatur,</strong></span> <span class='ocrx_word' id='word_1_163' title='bbox 3349 1054 3409 1099; x_wconf 93' lang='lat' dir='ltr'><strong>ut</strong></span> 
     </span>
    </p>
   </div>
   <div class='ocr_carea' id='block_1_24' title="bbox 1821 1133 3404 1203">
    <p class='ocr_par' dir='ltr' id='par_1_24' title="bbox 1821 1133 3404 1203">
     <span class='ocr_line' id='line_1_24' title="bbox 1821 1133 3404 1203; baseline 0 -13"><span class='ocrx_word' id='word_1_164' title='bbox 1821 1149 1945 1190; x_wconf 89' lang='lat' dir='ltr'><strong>cum</strong></span> <span class='ocrx_word' id='word_1_165' title='bbox 1985 1150 2090 1203; x_wconf 80' lang='lat' dir='ltr'><strong>pax</strong></span> <span class='ocrx_word' id='word_1_166' title='bbox 2122 1144 2178 1188; x_wconf 90' lang='lat' dir='ltr'><strong>et</strong></span> <span class='ocrx_word' id='word_1_167' title='bbox 2223 1133 2587 1188; x_wconf 90' lang='lat' dir='ltr'><strong>mansuetudo</strong></span> <span class='ocrx_word' id='word_1_168' title='bbox 2623 1134 2856 1202; x_wconf 68' lang='lat' dir='ltr'><strong>propriae</strong></span> <span class='ocrx_word' id='word_1_169' title='bbox 2907 1134 3018 1188; x_wconf 91' lang='lat' dir='ltr'><strong>sint</strong></span> <span class='ocrx_word' id='word_1_170' title='bbox 3058 1135 3203 1190; x_wconf 88' lang='lat' dir='ltr'><strong>illius</strong></span> <span class='ocrx_word' id='word_1_171' title='bbox 3239 1137 3404 1190; x_wconf 89' lang='lat' dir='ltr'><strong>animi</strong></span> 
     </span>
    </p>
   </div>
   <div class='ocr_carea' id='block_1_25' title="bbox 1821 1226 3410 1296">
    <p class='ocr_par' dir='ltr' id='par_1_25' title="bbox 1821 1226 3410 1296">
     <span class='ocr_line' id='line_1_25' title="bbox 1821 1226 3410 1296; baseline 0.004 -18"><span class='ocrx_word' id='word_1_172' title='bbox 1821 1228 2002 1292; x_wconf 89' lang='lat' dir='ltr'><strong>dotes,</strong></span> <span class='ocrx_word' id='word_1_173' title='bbox 2042 1228 2259 1296; x_wconf 85' lang='lat' dir='ltr'><strong>modum</strong></span> <span class='ocrx_word' id='word_1_174' title='bbox 2314 1227 2554 1296; x_wconf 87' lang='lat' dir='ltr'><strong>imponat</strong></span> <span class='ocrx_word' id='word_1_175' title='bbox 2585 1226 2834 1280; x_wconf 87' lang='lat' dir='ltr'><strong>tristibus</strong></span> <span class='ocrx_word' id='word_1_176' title='bbox 2881 1228 3064 1291; x_wconf 83' lang='lat' dir='ltr'><strong>rebus,</strong></span> <span class='ocrx_word' id='word_1_177' title='bbox 3099 1230 3289 1283; x_wconf 88' lang='lat' dir='ltr'><strong>ducem</strong></span> <span class='ocrx_word' id='word_1_178' title='bbox 3345 1245 3410 1284; x_wconf 88' lang='lat' dir='ltr'><strong>se</strong></span> 
     </span>
    </p>
   </div>
   <div class='ocr_carea' id='block_1_26' title="bbox 1822 1320 3408 1389">
    <p class='ocr_par' dir='ltr' id='par_1_26' title="bbox 1822 1320 3408 1389">
     <span class='ocr_line' id='line_1_26' title="bbox 1822 1320 3408 1389; baseline 0.003 -17"><span class='ocrx_word' id='word_1_179' title='bbox 1822 1320 1946 1374; x_wconf 90' lang='lat' dir='ltr'><strong>aliis</strong></span> <span class='ocrx_word' id='word_1_180' title='bbox 1981 1321 2226 1389; x_wconf 81' lang='lat' dir='ltr'><strong>praebens</strong></span> <span class='ocrx_word' id='word_1_181' title='bbox 2259 1321 2323 1373; x_wconf 92' lang='lat' dir='ltr'><strong>ad</strong></span> <span class='ocrx_word' id='word_1_182' title='bbox 2357 1321 2587 1389; x_wconf 80' lang='lat' dir='ltr'><strong>Optima,</strong></span> <span class='ocrx_word' id='word_1_183' title='bbox 2623 1322 2848 1376; x_wconf 91' lang='lat' dir='ltr'><strong>minime</strong></span> <span class='ocrx_word' id='word_1_184' title='bbox 2887 1336 3018 1376; x_wconf 89' lang='lat' dir='ltr'><strong>vero</strong></span> <span class='ocrx_word' id='word_1_185' title='bbox 3043 1322 3207 1375; x_wconf 87' lang='lat' dir='ltr'><strong>alium</strong></span> <span class='ocrx_word' id='word_1_186' title='bbox 3240 1324 3306 1377; x_wconf 89' lang='lat' dir='ltr'><strong>ad</strong></span> <span class='ocrx_word' id='word_1_187' title='bbox 3341 1324 3408 1376; x_wconf 90' lang='lat' dir='ltr'><strong>il-</strong></span> 
     </span>
    </p>
   </div>
   <div class='ocr_carea' id='block_1_27' title="bbox 1821 1407 3407 1478">
    <p class='ocr_par' dir='ltr' id='par_1_27' title="bbox 1821 1407 3407 1478">
     <span class='ocr_line' id='line_1_27' title="bbox 1821 1407 3407 1478; baseline 0.003 -16"><span class='ocrx_word' id='word_1_188' title='bbox 1821 1410 1966 1463; x_wconf 89' lang='lat' dir='ltr'><strong>licita</strong></span> <span class='ocrx_word' id='word_1_189' title='bbox 1992 1425 2249 1478; x_wconf 87' lang='lat' dir='ltr'><strong>sequens.</strong></span> <span class='ocrx_word' id='word_1_190' title='bbox 2282 1407 2417 1462; x_wconf 80' lang='lat' dir='ltr'><strong>Nam</strong></span> <span class='ocrx_word' id='word_1_191' title='bbox 2458 1425 2555 1463; x_wconf 81' lang='lat' dir='ltr'><strong>nec</strong></span> <span class='ocrx_word' id='word_1_192' title='bbox 2580 1410 2716 1464; x_wconf 89' lang='lat' dir='ltr'><strong>alios</strong></span> <span class='ocrx_word' id='word_1_193' title='bbox 2741 1411 3026 1478; x_wconf 86' lang='lat' dir='ltr'><strong>episcopos</strong></span> <span class='ocrx_word' id='word_1_194' title='bbox 3050 1411 3244 1465; x_wconf 87' lang='lat' dir='ltr'><strong>decere</strong></span> <span class='ocrx_word' id='word_1_195' title='bbox 3266 1412 3407 1467; x_wconf 86' lang='lat' dir='ltr'><strong>hanc</strong></span> 
     </span>
    </p>
   </div>
   <div class='ocr_carea' id='block_1_28' title="bbox 1820 1501 3404 1570">
    <p class='ocr_par' dir='ltr' id='par_1_28' title="bbox 1820 1501 3404 1570">
     <span class='ocr_line' id='line_1_28' title="bbox 1820 1501 3404 1570; baseline 0.001 -16"><span class='ocrx_word' id='word_1_196' title='bbox 1820 1503 2222 1557; x_wconf 87' lang='lat' dir='ltr'><strong>dissensionem</strong></span> <span class='ocrx_word' id='word_1_197' title='bbox 2252 1542 2266 1565; x_wconf 89' lang='lat'><strong>,</strong></span> <span class='ocrx_word' id='word_1_198' title='bbox 2293 1502 2387 1556; x_wconf 89' lang='lat' dir='ltr'><strong>sed</strong></span> <span class='ocrx_word' id='word_1_199' title='bbox 2422 1502 2596 1570; x_wconf 85' lang='lat' dir='ltr'><strong>ipsum</strong></span> <span class='ocrx_word' id='word_1_200' title='bbox 2651 1502 2888 1556; x_wconf 81' lang='lat' dir='ltr'><strong>maxime</strong></span> <span class='ocrx_word' id='word_1_201' title='bbox 2921 1501 3218 1567; x_wconf 79' lang='lat' dir='ltr'><strong>dedecere;</strong></span> <span class='ocrx_word' id='word_1_202' title='bbox 3280 1517 3404 1557; x_wconf 90' lang='lat' dir='ltr'><strong>cum</strong></span> 
     </span>
    </p>
   </div>
   <div class='ocr_carea' id='block_1_29' title="bbox 1818 1585 3399 1662">
    <p class='ocr_par' dir='ltr' id='par_1_29' title="bbox 1818 1585 3399 1662">
     <span class='ocr_line' id='line_1_29' title="bbox 1818 1585 3399 1662; baseline 0.001 -17"><span class='ocrx_word' id='word_1_203' title='bbox 1818 1594 2123 1662; x_wconf 70' lang='lat' dir='ltr'><strong>praesertim</strong></span> <span class='ocrx_word' id='word_1_204' title='bbox 2159 1593 2359 1647; x_wconf 87' lang='lat' dir='ltr'><strong>malum</strong></span> <span class='ocrx_word' id='word_1_205' title='bbox 2387 1608 2492 1647; x_wconf 91' lang='lat' dir='ltr'><strong>non</strong></span> <span class='ocrx_word' id='word_1_206' title='bbox 2537 1608 2647 1648; x_wconf 91' lang='lat' dir='ltr'><strong>uno</strong></span> <span class='ocrx_word' id='word_1_207' title='bbox 2684 1585 2865 1662; x_wconf 83' lang='lat' dir='ltr'><strong>aliquo</strong></span> <span class='ocrx_word' id='word_1_208' title='bbox 2891 1594 3399 1658; x_wconf 86' lang='lat' dir='ltr'><strong>circumscribatur,</strong></span> 
     </span>
    </p>
   </div>
   <div class='ocr_carea' id='block_1_30' title="bbox 1818 1685 3402 1754">
    <p class='ocr_par' dir='ltr' id='par_1_30' title="bbox 1818 1685 3402 1754">
     <span class='ocr_line' id='line_1_30' title="bbox 1818 1685 3402 1754; baseline 0 -14"><span class='ocrx_word' id='word_1_209' title='bbox 1818 1689 1914 1740; x_wconf 86' lang='lat' dir='ltr'><strong>sed</strong></span> <span class='ocrx_word' id='word_1_210' title='bbox 1950 1695 2090 1740; x_wconf 89' lang='lat' dir='ltr'><strong>totas</strong></span> <span class='ocrx_word' id='word_1_211' title='bbox 2114 1686 2367 1740; x_wconf 84' lang='lat' dir='ltr'><strong>civitates</strong></span> <span class='ocrx_word' id='word_1_212' title='bbox 2393 1695 2447 1739; x_wconf 91' lang='lat' dir='ltr'><strong>et</strong></span> <span class='ocrx_word' id='word_1_213' title='bbox 2481 1685 2709 1754; x_wconf 90' lang='lat' dir='ltr'><strong>populos</strong></span> <span class='ocrx_word' id='word_1_214' title='bbox 2741 1685 2922 1743; x_wconf 58' lang='lat' dir='ltr'><strong>laedat.</strong></span> <span class='ocrx_word' id='word_1_215' title='bbox 2971 1685 3148 1754; x_wconf 80' lang='lat' dir='ltr'><strong>Rogat</strong></span> <span class='ocrx_word' id='word_1_216' title='bbox 3196 1687 3402 1754; x_wconf 90' lang='lat' dir='ltr'><strong>itaque,</strong></span> 
     </span>
    </p>
   </div>
   <div class='ocr_carea' id='block_1_31' title="bbox 1819 1776 3404 1842">
    <p class='ocr_par' dir='ltr' id='par_1_31' title="bbox 1819 1776 3404 1842">
     <span class='ocr_line' id='line_1_31' title="bbox 1819 1776 3404 1842; baseline 0.002 -12"><span class='ocrx_word' id='word_1_217' title='bbox 1819 1785 1876 1832; x_wconf 87' lang='lat' dir='ltr'><strong>nt</strong></span> <span class='ocrx_word' id='word_1_218' title='bbox 1899 1779 2014 1834; x_wconf 88' lang='lat' dir='ltr'><strong>sive</strong></span> <span class='ocrx_word' id='word_1_219' title='bbox 2037 1779 2341 1833; x_wconf 70' lang='lat' dir='ltr'><strong>Caesaream</strong></span> <span class='ocrx_word' id='word_1_220' title='bbox 2369 1776 2641 1831; x_wconf 88' lang='lat' dir='ltr'><strong>veniendo</strong></span> <span class='ocrx_word' id='word_1_221' title='bbox 2659 1816 2674 1840; x_wconf 89' lang='lat'><strong>,</strong></span> <span class='ocrx_word' id='word_1_222' title='bbox 2702 1777 2818 1830; x_wconf 84' lang='lat' dir='ltr'><strong>sive</strong></span> <span class='ocrx_word' id='word_1_223' title='bbox 2841 1777 3153 1842; x_wconf 87' lang='lat' dir='ltr'><strong>scribendo,</strong></span> <span class='ocrx_word' id='word_1_224' title='bbox 3193 1780 3310 1834; x_wconf 87' lang='lat' dir='ltr'><strong>sive</strong></span> <span class='ocrx_word' id='word_1_225' title='bbox 3336 1781 3404 1833; x_wconf 88' lang='lat' dir='ltr'><strong>ad</strong></span> 
     </span>
    </p>
   </div>
   <div class='ocr_carea' id='block_1_32' title="bbox 104 1845 3404 1944">
    <p class='ocr_par' dir='ltr' id='par_1_32' title="bbox 104 1845 3404 1944">
     <span class='ocr_line' id='line_1_32' title="bbox 104 1845 3404 1944; baseline -0.001 -15"><span class='ocrx_word' id='word_1_226' title='bbox 104 1879 233 1929; x_wconf 86' lang='lat' dir='ltr'><strong>dum</strong></span> <span class='ocrx_word' id='word_1_227' title='bbox 295 1877 450 1930; x_wconf 90' lang='lat' dir='ltr'><strong>banc</strong></span> <span class='ocrx_word' id='word_1_228' title='bbox 480 1874 800 1944; x_wconf 85' lang='lat' dir='ltr'><strong>dignitatem</strong></span> <span class='ocrx_word' id='word_1_229' title='bbox 831 1873 1060 1940; x_wconf 88' lang='lat' dir='ltr'><strong>adeptus</strong></span> <span class='ocrx_word' id='word_1_230' title='bbox 1089 1879 1246 1934; x_wconf 91' lang='lat' dir='ltr'><strong>erat,</strong></span> <span class='ocrx_word' id='word_1_231' title='bbox 1274 1880 1482 1924; x_wconf 85' lang='lat' dir='ltr'><strong>etcum</strong></span> <span class='ocrx_word' id='word_1_232' title='bbox 1511 1885 1595 1934; x_wconf 92' lang='lat' dir='ltr'><strong>eo,</strong></span> <span class='ocrx_word' id='word_1_233' title='bbox 1655 1879 1714 1922; x_wconf 92' lang='lat' dir='ltr'><strong>ut</strong></span> <span class='ocrx_word' id='word_1_234' title='bbox 1745 1845 1788 1900; x_wconf 75' lang='grc' dir='ltr'>Β</span> <span class='ocrx_word' id='word_1_235' title='bbox 1818 1885 1877 1923; x_wconf 92' lang='lat' dir='ltr'><strong>se</strong></span> <span class='ocrx_word' id='word_1_236' title='bbox 1921 1871 2285 1934; x_wconf 80' lang='lat' dir='ltr'><strong>accersendo,</strong></span> <span class='ocrx_word' id='word_1_237' title='bbox 2321 1870 2436 1926; x_wconf 90' lang='lat' dir='ltr'><strong>sive</strong></span> <span class='ocrx_word' id='word_1_238' title='bbox 2469 1886 2801 1942; x_wconf 90' lang='lat' dir='ltr'><strong>quocunque</strong></span> <span class='ocrx_word' id='word_1_239' title='bbox 2845 1871 2952 1925; x_wconf 92' lang='lat' dir='ltr'><strong>alio</strong></span> <span class='ocrx_word' id='word_1_240' title='bbox 2989 1872 3148 1926; x_wconf 90' lang='lat' dir='ltr'><strong>modo</strong></span> <span class='ocrx_word' id='word_1_241' title='bbox 3169 1912 3184 1936; x_wconf 89' lang='lat'><strong>,</strong></span> <span class='ocrx_word' id='word_1_242' title='bbox 3221 1886 3404 1928; x_wconf 44' lang='lat' dir='ltr'><strong>remes</strong></span> 
     </span>
    </p>
   </div>
   <div class='ocr_carea' id='block_1_33' title="bbox 110 1962 1712 2037">
    <p class='ocr_par' dir='ltr' id='par_1_33' title="bbox 110 1962 1712 2037">
     <span class='ocr_line' id='line_1_33' title="bbox 110 1962 1712 2037; baseline -0.003 -16"><span class='ocrx_word' id='word_1_243' title='bbox 110 1967 355 2037; x_wconf 83' lang='lat' dir='ltr'><strong>negotiis</strong></span> <span class='ocrx_word' id='word_1_244' title='bbox 393 1965 656 2034; x_wconf 89' lang='lat' dir='ltr'><strong>curisque</strong></span> <span class='ocrx_word' id='word_1_245' title='bbox 688 1977 884 2031; x_wconf 86' lang='lat' dir='ltr'><strong>vacuo,</strong></span> <span class='ocrx_word' id='word_1_246' title='bbox 918 1963 1228 2032; x_wconf 80' lang='lat' dir='ltr'><strong>expostulat</strong></span> <span class='ocrx_word' id='word_1_247' title='bbox 1279 1962 1514 2016; x_wconf 87' lang='lat' dir='ltr'><strong>Basilius</strong></span> <span class='ocrx_word' id='word_1_248' title='bbox 1566 1964 1712 2032; x_wconf 90' lang='lat' dir='ltr'><strong>quod</strong></span> 
     </span>
    </p>
   </div>
   <div class='ocr_carea' id='block_1_34' title="bbox 105 2054 1716 2124">
    <p class='ocr_par' dir='ltr' id='par_1_34' title="bbox 105 2054 1716 2124">
     <span class='ocr_line' id='line_1_34' title="bbox 105 2054 1716 2124; baseline -0.002 -12"><span class='ocrx_word' id='word_1_249' title='bbox 105 2061 174 2114; x_wconf 87' lang='lat' dir='ltr'><strong>ad</strong></span> <span class='ocrx_word' id='word_1_250' title='bbox 203 2074 268 2113; x_wconf 89' lang='lat' dir='ltr'><strong>se</strong></span> <span class='ocrx_word' id='word_1_251' title='bbox 302 2057 587 2112; x_wconf 82' lang='lat' dir='ltr'><strong>dimcilem</strong></span> <span class='ocrx_word' id='word_1_252' title='bbox 609 2067 663 2110; x_wconf 90' lang='lat' dir='ltr'><strong>et</strong></span> <span class='ocrx_word' id='word_1_253' title='bbox 685 2057 968 2111; x_wconf 87' lang='lat' dir='ltr'><strong>molestam</strong></span> <span class='ocrx_word' id='word_1_254' title='bbox 992 2056 1157 2109; x_wconf 91' lang='lat' dir='ltr'><strong>vitam</strong></span> <span class='ocrx_word' id='word_1_255' title='bbox 1184 2055 1486 2124; x_wconf 85' lang='lat' dir='ltr'><strong>ingressum</strong></span> <span class='ocrx_word' id='word_1_256' title='bbox 1511 2054 1716 2109; x_wconf 81' lang='lat' dir='ltr'><strong>auxilio</strong></span> 
     </span>
    </p>
   </div>
   <div class='ocr_carea' id='block_1_35' title="bbox 104 2145 1715 2214">
    <p class='ocr_par' dir='ltr' id='par_1_35' title="bbox 104 2145 1715 2214">
     <span class='ocr_line' id='line_1_35' title="bbox 104 2145 1715 2214; baseline -0.001 -12"><span class='ocrx_word' id='word_1_257' title='bbox 104 2166 214 2204; x_wconf 90' lang='lat' dir='ltr'><strong>non</strong></span> <span class='ocrx_word' id='word_1_258' title='bbox 252 2150 470 2202; x_wconf 80' lang='lat' dir='ltr'><strong>veniat.</strong></span> <span class='ocrx_word' id='word_1_259' title='bbox 501 2145 712 2214; x_wconf 83' lang='lat' dir='ltr'><strong>Quibus</strong></span> <span class='ocrx_word' id='word_1_260' title='bbox 732 2147 896 2200; x_wconf 92' lang='lat' dir='ltr'><strong>etiam</strong></span> <span class='ocrx_word' id='word_1_261' title='bbox 918 2145 1100 2201; x_wconf 88' lang='lat' dir='ltr'><strong>verbis</strong></span> <span class='ocrx_word' id='word_1_262' title='bbox 1127 2145 1340 2198; x_wconf 92' lang='lat' dir='ltr'><strong>initium</strong></span> <span class='ocrx_word' id='word_1_263' title='bbox 1363 2146 1715 2214; x_wconf 80' lang='lat' dir='ltr'><strong>episcopatus</strong></span> 
     </span>
    </p>
   </div>
   <div class='ocr_carea' id='block_1_36' title="bbox 100 2235 1716 2307">
    <p class='ocr_par' dir='ltr' id='par_1_36' title="bbox 100 2235 1716 2307">
     <span class='ocr_line' id='line_1_36' title="bbox 100 2235 1716 2307; baseline -0.002 -14"><span class='ocrx_word' id='word_1_264' title='bbox 100 2239 244 2293; x_wconf 81' lang='lat' dir='ltr'><strong>satis</strong></span> <span class='ocrx_word' id='word_1_265' title='bbox 282 2239 522 2292; x_wconf 88' lang='lat' dir='ltr'><strong>indicat.</strong></span> <span class='ocrx_word' id='word_1_266' title='bbox 557 2237 862 2307; x_wconf 84' lang='lat' dir='ltr'><strong>Nyssenum</strong></span> <span class='ocrx_word' id='word_1_267' title='bbox 911 2236 1131 2306; x_wconf 91' lang='lat' dir='ltr'><strong>quidem</strong></span> <span class='ocrx_word' id='word_1_268' title='bbox 1163 2247 1319 2290; x_wconf 89' lang='lat' dir='ltr'><strong>vocat</strong></span> <span class='ocrx_word' id='word_1_269' title='bbox 1352 2235 1716 2306; x_wconf 76' lang='grc' dir='ltr'><strong>αἱδεσιμώτα-</strong></span> 
     </span>
    </p>
   </div>
   <div class='ocr_carea' id='block_1_37' title="bbox 98 2327 1718 2399">
    <p class='ocr_par' dir='ltr' id='par_1_37' title="bbox 98 2327 1718 2399">
     <span class='ocr_line' id='line_1_37' title="bbox 98 2327 1718 2399; baseline -0.001 -16"><span class='ocrx_word' id='word_1_270' title='bbox 98 2347 222 2396; x_wconf 82' lang='grc' dir='ltr'><strong>τον,</strong></span> <span class='ocrx_word' id='word_1_271' title='bbox 258 2330 778 2384; x_wconf 75' lang='lat' dir='ltr'><strong>rererendissimum.</strong></span> <span class='ocrx_word' id='word_1_272' title='bbox 817 2327 924 2383; x_wconf 88' lang='lat' dir='ltr'><strong>Sed</strong></span> <span class='ocrx_word' id='word_1_273' title='bbox 972 2328 1117 2382; x_wconf 90' lang='lat' dir='ltr'><strong>hunc</strong></span> <span class='ocrx_word' id='word_1_274' title='bbox 1146 2327 1404 2383; x_wconf 86' lang='lat' dir='ltr'><strong>honorem</strong></span> <span class='ocrx_word' id='word_1_275' title='bbox 1435 2329 1718 2399; x_wconf 84' lang='lat' dir='ltr'><strong>presbyte-</strong></span> 
     </span>
    </p>
   </div>
   <div class='ocr_carea' id='block_1_38' title="bbox 102 2420 1714 2490">
    <p class='ocr_par' dir='ltr' id='par_1_38' title="bbox 102 2420 1714 2490">
     <span class='ocr_line' id='line_1_38' title="bbox 102 2420 1714 2490; baseline -0.001 -13"><span class='ocrx_word' id='word_1_276' title='bbox 102 2427 208 2490; x_wconf 89' lang='lat' dir='ltr'><strong>ris,</strong></span> <span class='ocrx_word' id='word_1_277' title='bbox 240 2434 305 2477; x_wconf 91' lang='lat' dir='ltr'><strong>ut</strong></span> <span class='ocrx_word' id='word_1_278' title='bbox 334 2423 600 2477; x_wconf 76' lang='lat' dir='ltr'><strong>observat</strong></span> <span class='ocrx_word' id='word_1_279' title='bbox 625 2421 1030 2484; x_wconf 85' lang='lat' dir='ltr'><strong>Tillemontius,</strong></span> <span class='ocrx_word' id='word_1_280' title='bbox 1067 2421 1343 2476; x_wconf 89' lang='lat' dir='ltr'><strong>interdum</strong></span> <span class='ocrx_word' id='word_1_281' title='bbox 1370 2420 1569 2486; x_wconf 79' lang='lat' dir='ltr'><strong>defert,</strong></span> <span class='ocrx_word' id='word_1_282' title='bbox 1603 2423 1714 2477; x_wconf 88' lang='lat' dir='ltr'><strong>imo</strong></span> 
     </span>
    </p>
   </div>
   <div class='ocr_carea' id='block_1_39' title="bbox 101 2514 1714 2585">
    <p class='ocr_par' dir='ltr' id='par_1_39' title="bbox 101 2514 1714 2585">
     <span class='ocr_line' id='line_1_39' title="bbox 101 2514 1714 2585; baseline -0.001 -17"><span class='ocrx_word' id='word_1_283' title='bbox 101 2517 243 2583; x_wconf 90' lang='lat' dir='ltr'><strong>ipsis</strong></span> <span class='ocrx_word' id='word_1_284' title='bbox 286 2530 687 2584; x_wconf 90' lang='lat' dir='ltr'><strong>nonnunquam</strong></span> <span class='ocrx_word' id='word_1_285' title='bbox 716 2515 898 2580; x_wconf 88' lang='lat' dir='ltr'><strong>laicis,</strong></span> <span class='ocrx_word' id='word_1_286' title='bbox 924 2522 983 2568; x_wconf 89' lang='lat' dir='ltr'><strong>ut</strong></span> <span class='ocrx_word' id='word_1_287' title='bbox 1011 2515 1169 2569; x_wconf 91' lang='lat' dir='ltr'><strong>initio</strong></span> <span class='ocrx_word' id='word_1_288' title='bbox 1194 2515 1438 2585; x_wconf 72' lang='lat' dir='ltr'><strong>epistolae</strong></span> <span class='ocrx_word' id='word_1_289' title='bbox 1483 2514 1574 2569; x_wconf 82' lang='grc' dir='ltr'><strong>Ἠ.</strong></span> <span class='ocrx_word' id='word_1_290' title='bbox 1603 2515 1714 2569; x_wconf 85' lang='lat' dir='ltr'><strong>liii-</strong></span> 
     </span>
    </p>
   </div>
   <div class='ocr_carea' id='block_1_40' title="bbox 103 2605 1707 2677">
    <p class='ocr_par' dir='ltr' id='par_1_40' title="bbox 103 2605 1707 2677">
     <span class='ocr_line' id='line_1_40' title="bbox 103 2605 1707 2677; baseline 0.001 -18"><span class='ocrx_word' id='word_1_291' title='bbox 103 2608 313 2660; x_wconf 89' lang='lat' dir='ltr'><strong>merito</strong></span> <span class='ocrx_word' id='word_1_292' title='bbox 340 2622 481 2677; x_wconf 80' lang='lat' dir='ltr'><strong>ergo</strong></span> <span class='ocrx_word' id='word_1_293' title='bbox 513 2608 629 2662; x_wconf 74' lang='lat' dir='ltr'><strong>haec</strong></span> <span class='ocrx_word' id='word_1_294' title='bbox 669 2606 1052 2661; x_wconf 87' lang='lat' dir='ltr'><strong>Tillemontius</strong></span> <span class='ocrx_word' id='word_1_295' title='bbox 1083 2605 1250 2662; x_wconf 84' lang='lat' dir='ltr'><strong>refert</strong></span> <span class='ocrx_word' id='word_1_296' title='bbox 1275 2606 1342 2661; x_wconf 87' lang='lat' dir='ltr'><strong>ad</strong></span> <span class='ocrx_word' id='word_1_297' title='bbox 1369 2623 1573 2661; x_wconf 90' lang='lat' dir='ltr'><strong>annum</strong></span> <span class='ocrx_word' id='word_1_298' title='bbox 1607 2607 1707 2661; x_wconf 78' lang='grc'><strong>571</strong></span> 
     </span>
    </p>
   </div>
   <div class='ocr_carea' id='block_1_41' title="bbox 102 2695 334 2750">
    <p class='ocr_par' dir='ltr' id='par_1_41' title="bbox 102 2695 334 2750">
     <span class='ocr_line' id='line_1_41' title="bbox 102 2695 334 2750; baseline -0.009 0"><span class='ocrx_word' id='word_1_299' title='bbox 102 2708 160 2750; x_wconf 88' lang='lat' dir='ltr'><strong>et</strong></span> <span class='ocrx_word' id='word_1_300' title='bbox 196 2695 334 2750; x_wconf 69' lang='lat'><strong>572.</strong></span> 
     </span>
    </p>
   </div>
   <div class='ocr_carea' id='block_1_42' title="bbox 179 2786 1712 2843">
    <p class='ocr_par' dir='ltr' id='par_1_42' title="bbox 179 2786 1712 2843">
     <span class='ocr_line' id='line_1_42' title="bbox 179 2786 1712 2843; baseline 0.001 -3"><span class='ocrx_word' id='word_1_301' title='bbox 179 2786 328 2841; x_wconf 79' lang='lat' dir='ltr'><strong>Rem</strong></span> <span class='ocrx_word' id='word_1_302' title='bbox 382 2796 569 2841; x_wconf 90' lang='lat' dir='ltr'><strong>autem</strong></span> <span class='ocrx_word' id='word_1_303' title='bbox 603 2787 685 2842; x_wconf 88' lang='lat' dir='ltr'><strong>sic</strong></span> <span class='ocrx_word' id='word_1_304' title='bbox 721 2794 1058 2843; x_wconf 86' lang='lat' dir='ltr'><strong>transactam</strong></span> <span class='ocrx_word' id='word_1_305' title='bbox 1116 2786 1288 2843; x_wconf 90' lang='lat' dir='ltr'><strong>fuisse</strong></span> <span class='ocrx_word' id='word_1_306' title='bbox 1336 2786 1596 2843; x_wconf 89' lang='lat' dir='ltr'><strong>discimus</strong></span> <span class='ocrx_word' id='word_1_307' title='bbox 1645 2802 1712 2842; x_wconf 79' lang='lat' dir='ltr'><strong>ex</strong></span> 
     </span>
    </p>
   </div>
   <div class='ocr_carea' id='block_1_43' title="bbox 100 2878 1714 2950">
    <p class='ocr_par' dir='ltr' id='par_1_43' title="bbox 100 2878 1714 2950">
     <span class='ocr_line' id='line_1_43' title="bbox 100 2878 1714 2950; baseline 0.003 -20"><span class='ocrx_word' id='word_1_308' title='bbox 100 2879 344 2947; x_wconf 85' lang='lat' dir='ltr'><strong>epistola</strong></span> <span class='ocrx_word' id='word_1_309' title='bbox 375 2878 451 2932; x_wconf 83' lang='lat'><strong>58</strong></span> <span class='ocrx_word' id='word_1_310' title='bbox 507 2879 692 2933; x_wconf 81' lang='lat' dir='ltr'><strong>Basilii</strong></span> <span class='ocrx_word' id='word_1_311' title='bbox 721 2889 776 2935; x_wconf 93' lang='lat' dir='ltr'><strong>et</strong></span> <span class='ocrx_word' id='word_1_312' title='bbox 806 2881 1014 2934; x_wconf 87' lang='lat' dir='ltr'><strong>duabus</strong></span> <span class='ocrx_word' id='word_1_313' title='bbox 1038 2879 1413 2949; x_wconf 88' lang='lat' dir='ltr'><strong>sequentibus.</strong></span> <span class='ocrx_word' id='word_1_314' title='bbox 1437 2878 1714 2950; x_wconf 84' lang='lat' dir='ltr'><strong>Nyssenus</strong></span> 
     </span>
    </p>
   </div>
   <div class='ocr_carea' id='block_1_44' title="bbox 101 2972 1714 3041">
    <p class='ocr_par' dir='ltr' id='par_1_44' title="bbox 101 2972 1714 3041">
     <span class='ocr_line' id='line_1_44' title="bbox 101 2972 1714 3041; baseline -0.001 -17"><span class='ocrx_word' id='word_1_315' title='bbox 101 2972 402 3038; x_wconf 76' lang='lat' dir='ltr'><strong>epistulam</strong></span> <span class='ocrx_word' id='word_1_316' title='bbox 436 2987 598 3024; x_wconf 89' lang='lat' dir='ltr'><strong>unam</strong></span> <span class='ocrx_word' id='word_1_317' title='bbox 627 2973 809 3025; x_wconf 86' lang='lat' dir='ltr'><strong>attulit</strong></span> <span class='ocrx_word' id='word_1_318' title='bbox 842 2972 1065 3037; x_wconf 87' lang='lat' dir='ltr'><strong>Basilio,</strong></span> <span class='ocrx_word' id='word_1_319' title='bbox 1122 2981 1180 3026; x_wconf 90' lang='lat' dir='ltr'><strong>ut</strong></span> <span class='ocrx_word' id='word_1_320' title='bbox 1228 2987 1258 3025; x_wconf 88' lang='lat' dir='ltr'><strong>a</strong></span> <span class='ocrx_word' id='word_1_321' title='bbox 1310 2972 1585 3026; x_wconf 90' lang='lat' dir='ltr'><strong>communi</strong></span> <span class='ocrx_word' id='word_1_322' title='bbox 1621 2987 1714 3041; x_wconf 60' lang='lat' dir='ltr'><strong>pau-</strong></span> 
     </span>
    </p>
   </div>
   <div class='ocr_carea' id='block_1_45' title="bbox 107 3059 1710 3131">
    <p class='ocr_par' dir='ltr' id='par_1_45' title="bbox 107 3059 1710 3131">
     <span class='ocr_line' id='line_1_45' title="bbox 107 3059 1710 3131; baseline 0 -18"><span class='ocrx_word' id='word_1_323' title='bbox 107 3072 233 3114; x_wconf 91' lang='lat' dir='ltr'><strong>truo</strong></span> <span class='ocrx_word' id='word_1_324' title='bbox 260 3059 540 3131; x_wconf 81' lang='lat' dir='ltr'><strong>Gregorio</strong></span> <span class='ocrx_word' id='word_1_325' title='bbox 588 3063 867 3131; x_wconf 88' lang='lat' dir='ltr'><strong>scriptam.</strong></span> <span class='ocrx_word' id='word_1_326' title='bbox 915 3061 1304 3116; x_wconf 87' lang='lat' dir='ltr'><strong>Gratissimum</strong></span> <span class='ocrx_word' id='word_1_327' title='bbox 1354 3060 1408 3114; x_wconf 92' lang='lat' dir='ltr'><strong>id</strong></span> <span class='ocrx_word' id='word_1_328' title='bbox 1460 3059 1662 3114; x_wconf 89' lang='lat' dir='ltr'><strong>Basilio</strong></span> <span class='ocrx_word' id='word_1_329' title='bbox 1693 3101 1710 3126; x_wconf 94' lang='lat'><strong>,</strong></span> 
     </span>
    </p>
   </div>
   <div class='ocr_carea' id='block_1_46' title="bbox 105 3151 1781 3243">
    <p class='ocr_par' dir='ltr' id='par_1_46' title="bbox 105 3151 1781 3243">
     <span class='ocr_line' id='line_1_46' title="bbox 105 3151 1781 3243; baseline 0.001 -38"><span class='ocrx_word' id='word_1_330' title='bbox 105 3153 404 3222; x_wconf 86' lang='lat' dir='ltr'><strong>epistolam</strong></span> <span class='ocrx_word' id='word_1_331' title='bbox 447 3155 683 3206; x_wconf 80' lang='lat' dir='ltr'><strong>05tendit</strong></span> <span class='ocrx_word' id='word_1_332' title='bbox 724 3153 969 3223; x_wconf 89' lang='lat' dir='ltr'><strong>pluribus</strong></span> <span class='ocrx_word' id='word_1_333' title='bbox 1009 3154 1223 3218; x_wconf 89' lang='lat' dir='ltr'><strong>amicis,</strong></span> <span class='ocrx_word' id='word_1_334' title='bbox 1262 3169 1326 3207; x_wconf 88' lang='lat' dir='ltr'><strong>ac</strong></span> <span class='ocrx_word' id='word_1_335' title='bbox 1364 3151 1476 3206; x_wconf 87' lang='lat' dir='ltr'><strong>Deo</strong></span> <span class='ocrx_word' id='word_1_336' title='bbox 1505 3153 1711 3222; x_wconf 77' lang='lat' dir='ltr'><strong>gratias</strong></span> <span class='ocrx_word' id='word_1_337' title='bbox 1739 3185 1781 3243; x_wconf 64' lang='grc' dir='ltr'><strong>ϐ</strong></span> 
     </span>
    </p>
   </div>
   <div class='ocr_carea' id='block_1_47' title="bbox 104 3243 1710 3313">
    <p class='ocr_par' dir='ltr' id='par_1_47' title="bbox 104 3243 1710 3313">
     <span class='ocr_line' id='line_1_47' title="bbox 104 3243 1710 3313; baseline -0.001 -17"><span class='ocrx_word' id='word_1_338' title='bbox 104 3244 243 3312; x_wconf 83' lang='lat' dir='ltr'><strong>egit.</strong></span> <span class='ocrx_word' id='word_1_339' title='bbox 281 3244 355 3295; x_wconf 82' lang='lat' dir='ltr'><strong>At</strong></span> <span class='ocrx_word' id='word_1_340' title='bbox 388 3243 502 3296; x_wconf 90' lang='lat' dir='ltr'><strong>cito</strong></span> <span class='ocrx_word' id='word_1_341' title='bbox 536 3244 935 3313; x_wconf 90' lang='lat' dir='ltr'><strong>deprehensum</strong></span> <span class='ocrx_word' id='word_1_342' title='bbox 967 3253 1052 3298; x_wconf 91' lang='lat' dir='ltr'><strong>est</strong></span> <span class='ocrx_word' id='word_1_343' title='bbox 1094 3253 1462 3297; x_wconf 90' lang='lat' dir='ltr'><strong>commentum</strong></span> <span class='ocrx_word' id='word_1_344' title='bbox 1490 3282 1506 3308; x_wconf 89' lang='lat'><strong>,</strong></span> <span class='ocrx_word' id='word_1_345' title='bbox 1541 3256 1710 3310; x_wconf 89' lang='lat' dir='ltr'><strong>seque</strong></span> 
     </span>
    </p>
   </div>
   <div class='ocr_carea' id='block_1_48' title="bbox 103 3333 1710 3405">
    <p class='ocr_par' dir='ltr' id='par_1_48' title="bbox 103 3333 1710 3405">
     <span class='ocr_line' id='line_1_48' title="bbox 103 3333 1710 3405; baseline 0.001 -18"><span class='ocrx_word' id='word_1_346' title='bbox 103 3335 253 3388; x_wconf 80' lang='lat' dir='ltr'><strong>lianc</strong></span> <span class='ocrx_word' id='word_1_347' title='bbox 295 3333 591 3402; x_wconf 87' lang='lat' dir='ltr'><strong>epistolam</strong></span> <span class='ocrx_word' id='word_1_348' title='bbox 634 3337 924 3404; x_wconf 86' lang='lat' dir='ltr'><strong>scripsisse</strong></span> <span class='ocrx_word' id='word_1_349' title='bbox 955 3334 1254 3405; x_wconf 87' lang='lat' dir='ltr'><strong>Gregorius</strong></span> <span class='ocrx_word' id='word_1_350' title='bbox 1282 3335 1572 3404; x_wconf 86' lang='lat' dir='ltr'><strong>epiScopus</strong></span> <span class='ocrx_word' id='word_1_351' title='bbox 1613 3349 1710 3389; x_wconf 83' lang='lat' dir='ltr'><strong>ne-</strong></span> 
     </span>
    </p>
   </div>
   <div class='ocr_carea' id='block_1_49' title="bbox 103 3426 1708 3498">
    <p class='ocr_par' dir='ltr' id='par_1_49' title="bbox 103 3426 1708 3498">
     <span class='ocr_line' id='line_1_49' title="bbox 103 3426 1708 3498; baseline 0.002 -20"><span class='ocrx_word' id='word_1_352' title='bbox 103 3427 280 3494; x_wconf 80' lang='lat' dir='ltr'><strong>gavit.</strong></span> <span class='ocrx_word' id='word_1_353' title='bbox 311 3426 550 3480; x_wconf 87' lang='lat' dir='ltr'><strong>Terram</strong></span> <span class='ocrx_word' id='word_1_354' title='bbox 578 3428 678 3482; x_wconf 89' lang='lat' dir='ltr'><strong>sibi</strong></span> <span class='ocrx_word' id='word_1_355' title='bbox 712 3428 996 3482; x_wconf 87' lang='lat' dir='ltr'><strong>dehiscere</strong></span> <span class='ocrx_word' id='word_1_356' title='bbox 1028 3429 1251 3498; x_wconf 89' lang='lat' dir='ltr'><strong>optabat</strong></span> <span class='ocrx_word' id='word_1_357' title='bbox 1273 3426 1542 3482; x_wconf 90' lang='lat' dir='ltr'><strong>Basilius:</strong></span> <span class='ocrx_word' id='word_1_358' title='bbox 1571 3429 1708 3482; x_wconf 71' lang='lat' dir='ltr'><strong>adeo</strong></span> 
     </span>
    </p>
   </div>
   <div class='ocr_carea' id='block_1_50' title="bbox 104 3519 1708 3589">
    <p class='ocr_par' dir='ltr' id='par_1_50' title="bbox 104 3519 1708 3589">
     <span class='ocr_line' id='line_1_50' title="bbox 104 3519 1708 3589; baseline -0.004 -13"><span class='ocrx_word' id='word_1_359' title='bbox 104 3523 182 3577; x_wconf 88' lang='lat' dir='ltr'><strong>illi</strong></span> <span class='ocrx_word' id='word_1_360' title='bbox 226 3525 338 3578; x_wconf 85' lang='lat' dir='ltr'><strong>hoc</strong></span> <span class='ocrx_word' id='word_1_361' title='bbox 377 3523 592 3576; x_wconf 77' lang='lat' dir='ltr'><strong>fraudis</strong></span> <span class='ocrx_word' id='word_1_362' title='bbox 638 3531 692 3576; x_wconf 91' lang='lat' dir='ltr'><strong>et</strong></span> <span class='ocrx_word' id='word_1_363' title='bbox 733 3521 1001 3575; x_wconf 91' lang='lat' dir='ltr'><strong>mendacii</strong></span> <span class='ocrx_word' id='word_1_364' title='bbox 1050 3520 1311 3589; x_wconf 88' lang='lat' dir='ltr'><strong>probrum</strong></span> <span class='ocrx_word' id='word_1_365' title='bbox 1366 3519 1708 3588; x_wconf 77' lang='lat' dir='ltr'><strong>displicebat.</strong></span> 
     </span>
    </p>
   </div>
   <div class='ocr_carea' id='block_1_51' title="bbox 105 3609 1706 3679">
    <p class='ocr_par' dir='ltr' id='par_1_51' title="bbox 105 3609 1706 3679">
     <span class='ocr_line' id='line_1_51' title="bbox 105 3609 1706 3679; baseline -0.001 -16"><span class='ocrx_word' id='word_1_366' title='bbox 105 3612 224 3664; x_wconf 80' lang='lat' dir='ltr'><strong>Alia</strong></span> <span class='ocrx_word' id='word_1_367' title='bbox 282 3625 489 3664; x_wconf 88' lang='lat' dir='ltr'><strong>rursus</strong></span> <span class='ocrx_word' id='word_1_368' title='bbox 527 3611 685 3664; x_wconf 87' lang='lat' dir='ltr'><strong>allata</strong></span> <span class='ocrx_word' id='word_1_369' title='bbox 717 3609 941 3679; x_wconf 86' lang='lat' dir='ltr'><strong>epistola</strong></span> <span class='ocrx_word' id='word_1_370' title='bbox 968 3651 982 3678; x_wconf 89' lang='lat'><strong>,</strong></span> <span class='ocrx_word' id='word_1_371' title='bbox 1013 3619 1072 3662; x_wconf 92' lang='lat' dir='ltr'><strong>ut</strong></span> <span class='ocrx_word' id='word_1_372' title='bbox 1106 3609 1173 3662; x_wconf 91' lang='lat' dir='ltr'><strong>ab</strong></span> <span class='ocrx_word' id='word_1_373' title='bbox 1211 3611 1468 3678; x_wconf 83' lang='lat' dir='ltr'><strong>episcOpo</strong></span> <span class='ocrx_word' id='word_1_374' title='bbox 1495 3619 1706 3678; x_wconf 85' lang='lat' dir='ltr'><strong>patruo,</strong></span> 
     </span>
    </p>
   </div>
   <div class='ocr_carea' id='block_1_52' title="bbox 105 3699 1707 3773">
    <p class='ocr_par' dir='ltr' id='par_1_52' title="bbox 105 3699 1707 3773">
     <span class='ocr_line' id='line_1_52' title="bbox 105 3699 1707 3773; baseline -0.003 -17"><span class='ocrx_word' id='word_1_375' title='bbox 105 3717 203 3770; x_wconf 86' lang='lat' dir='ltr'><strong>per</strong></span> <span class='ocrx_word' id='word_1_376' title='bbox 239 3702 531 3756; x_wconf 81' lang='lat' dir='ltr'><strong>Asterium</strong></span> <span class='ocrx_word' id='word_1_377' title='bbox 580 3701 808 3773; x_wconf 81' lang='lat' dir='ltr'><strong>Nysseni</strong></span> <span class='ocrx_word' id='word_1_378' title='bbox 857 3700 1141 3755; x_wconf 87' lang='lat' dir='ltr'><strong>famulum.</strong></span> <span class='ocrx_word' id='word_1_379' title='bbox 1191 3699 1270 3754; x_wconf 86' lang='lat' dir='ltr'><strong>Ne</strong></span> <span class='ocrx_word' id='word_1_380' title='bbox 1319 3702 1460 3754; x_wconf 89' lang='lat' dir='ltr'><strong>hanc</strong></span> <span class='ocrx_word' id='word_1_381' title='bbox 1492 3701 1707 3769; x_wconf 88' lang='lat' dir='ltr'><strong>quidem</strong></span> 
     </span>
    </p>
   </div>
   <div class='ocr_carea' id='block_1_53' title="bbox 103 3793 1710 3865">
    <p class='ocr_par' dir='ltr' id='par_1_53' title="bbox 103 3793 1710 3865">
     <span class='ocr_line' id='line_1_53' title="bbox 103 3793 1710 3865; baseline -0.001 -17"><span class='ocrx_word' id='word_1_382' title='bbox 103 3811 236 3849; x_wconf 82' lang='lat' dir='ltr'><strong>vere</strong></span> <span class='ocrx_word' id='word_1_383' title='bbox 276 3797 511 3849; x_wconf 89' lang='lat' dir='ltr'><strong>miserat</strong></span> <span class='ocrx_word' id='word_1_384' title='bbox 559 3797 846 3865; x_wconf 89' lang='lat' dir='ltr'><strong>episcopus</strong></span> <span class='ocrx_word' id='word_1_385' title='bbox 883 3835 899 3858; x_wconf 88' lang='lat'><strong>,</strong></span> <span class='ocrx_word' id='word_1_386' title='bbox 945 3795 1112 3864; x_wconf 81' lang='lat' dir='ltr'><strong>idque</strong></span> <span class='ocrx_word' id='word_1_387' title='bbox 1169 3793 1372 3848; x_wconf 89' lang='lat' dir='ltr'><strong>Basilio</strong></span> <span class='ocrx_word' id='word_1_388' title='bbox 1419 3794 1710 3847; x_wconf 82' lang='lat' dir='ltr'><strong>Anthimus</strong></span> 
     </span>
    </p>
   </div>
   <div class='ocr_carea' id='block_1_54' title="bbox 107 3883 1708 3957">
    <p class='ocr_par' dir='ltr' id='par_1_54' title="bbox 107 3883 1708 3957">
     <span class='ocr_line' id='line_1_54' title="bbox 107 3883 1708 3957; baseline -0.001 -19"><span class='ocrx_word' id='word_1_389' title='bbox 107 3885 424 3957; x_wconf 77' lang='lat' dir='ltr'><strong>Tyanensis</strong></span> <span class='ocrx_word' id='word_1_390' title='bbox 478 3885 766 3954; x_wconf 88' lang='lat' dir='ltr'><strong>episcopus</strong></span> <span class='ocrx_word' id='word_1_391' title='bbox 823 3885 1176 3938; x_wconf 85' lang='lat' dir='ltr'><strong>renuntiavit.</strong></span> <span class='ocrx_word' id='word_1_392' title='bbox 1228 3883 1468 3938; x_wconf 86' lang='lat' dir='ltr'><strong>Tertiam</strong></span> <span class='ocrx_word' id='word_1_393' title='bbox 1528 3885 1708 3938; x_wconf 85' lang='lat' dir='ltr'><strong>attulit</strong></span> 
     </span>
    </p>
   </div>
   <div class='ocr_carea' id='block_1_55' title="bbox 106 3973 1711 4046">
    <p class='ocr_par' dir='ltr' id='par_1_55' title="bbox 106 3973 1711 4046">
     <span class='ocr_line' id='line_1_55' title="bbox 106 3973 1711 4046; baseline 0.001 -17"><span class='ocrx_word' id='word_1_394' title='bbox 106 3975 345 4046; x_wconf 71' lang='lat' dir='ltr'><strong>Nysseni</strong></span> <span class='ocrx_word' id='word_1_395' title='bbox 409 3976 647 4029; x_wconf 87' lang='lat' dir='ltr'><strong>famulus</strong></span> <span class='ocrx_word' id='word_1_396' title='bbox 701 3975 1080 4030; x_wconf 83' lang='lat' dir='ltr'><strong>Adamantius.</strong></span> <span class='ocrx_word' id='word_1_397' title='bbox 1113 3973 1250 4028; x_wconf 90' lang='lat' dir='ltr'><strong>Tum</strong></span> <span class='ocrx_word' id='word_1_398' title='bbox 1299 3990 1430 4030; x_wconf 80' lang='lat' dir='ltr'><strong>vero</strong></span> <span class='ocrx_word' id='word_1_399' title='bbox 1479 3974 1711 4030; x_wconf 90' lang='lat' dir='ltr'><strong>Basilius</strong></span> 
     </span>
    </p>
   </div>
   <div class='ocr_carea' id='block_1_56' title="bbox 107 4067 1711 4137">
    <p class='ocr_par' dir='ltr' id='par_1_56' title="bbox 107 4067 1711 4137">
     <span class='ocr_line' id='line_1_56' title="bbox 107 4067 1711 4137; baseline -0.001 -15"><span class='ocrx_word' id='word_1_400' title='bbox 107 4070 256 4122; x_wconf 92' lang='lat' dir='ltr'><strong>inter</strong></span> <span class='ocrx_word' id='word_1_401' title='bbox 287 4071 429 4122; x_wconf 90' lang='lat' dir='ltr'><strong>duas</strong></span> <span class='ocrx_word' id='word_1_402' title='bbox 463 4068 822 4137; x_wconf 86' lang='lat' dir='ltr'><strong>cogitationes</strong></span> <span class='ocrx_word' id='word_1_403' title='bbox 852 4067 1042 4134; x_wconf 85' lang='lat' dir='ltr'><strong>haesit;</strong></span> <span class='ocrx_word' id='word_1_404' title='bbox 1074 4067 1360 4122; x_wconf 87' lang='lat' dir='ltr'><strong>videbatur</strong></span> <span class='ocrx_word' id='word_1_405' title='bbox 1381 4068 1431 4122; x_wconf 92' lang='lat' dir='ltr'><strong>ei</strong></span> <span class='ocrx_word' id='word_1_406' title='bbox 1462 4067 1624 4122; x_wconf 80' lang='lat' dir='ltr'><strong>fidem</strong></span> <span class='ocrx_word' id='word_1_407' title='bbox 1655 4078 1711 4122; x_wconf 89' lang='lat' dir='ltr'><strong>et</strong></span> 
     </span>
    </p>
   </div>
   <div class='ocr_carea' id='block_1_57' title="bbox 107 4159 1707 4230">
    <p class='ocr_par' dir='ltr' id='par_1_57' title="bbox 107 4159 1707 4230">
     <span class='ocr_line' id='line_1_57' title="bbox 107 4159 1707 4230; baseline -0.001 -15"><span class='ocrx_word' id='word_1_408' title='bbox 107 4162 381 4216; x_wconf 87' lang='lat' dir='ltr'><strong>honorem</strong></span> <span class='ocrx_word' id='word_1_409' title='bbox 438 4161 641 4215; x_wconf 90' lang='lat' dir='ltr'><strong>mereri</strong></span> <span class='ocrx_word' id='word_1_410' title='bbox 692 4161 921 4230; x_wconf 90' lang='lat' dir='ltr'><strong>epistola</strong></span> <span class='ocrx_word' id='word_1_411' title='bbox 960 4175 1058 4230; x_wconf 91' lang='lat' dir='ltr'><strong>per</strong></span> <span class='ocrx_word' id='word_1_412' title='bbox 1103 4159 1428 4229; x_wconf 83' lang='lat' dir='ltr'><strong>Gregorium</strong></span> <span class='ocrx_word' id='word_1_413' title='bbox 1483 4160 1707 4215; x_wconf 81' lang='lat' dir='ltr'><strong>fratrem</strong></span> 
     </span>
    </p>
   </div>
   <div class='ocr_carea' id='block_1_58' title="bbox 108 4254 1708 4323">
    <p class='ocr_par' dir='ltr' id='par_1_58' title="bbox 108 4254 1708 4323">
     <span class='ocr_line' id='line_1_58' title="bbox 108 4254 1708 4323; baseline 0 -17"><span class='ocrx_word' id='word_1_414' title='bbox 108 4256 318 4318; x_wconf 83' lang='lat' dir='ltr'><strong>missa;</strong></span> <span class='ocrx_word' id='word_1_415' title='bbox 350 4255 449 4307; x_wconf 90' lang='lat' dir='ltr'><strong>sed</strong></span> <span class='ocrx_word' id='word_1_416' title='bbox 481 4255 563 4308; x_wconf 89' lang='lat' dir='ltr'><strong>bis</strong></span> <span class='ocrx_word' id='word_1_417' title='bbox 591 4254 704 4322; x_wconf 86' lang='lat' dir='ltr'><strong>jam</strong></span> <span class='ocrx_word' id='word_1_418' title='bbox 734 4257 988 4323; x_wconf 89' lang='lat' dir='ltr'><strong>deceptus</strong></span> <span class='ocrx_word' id='word_1_419' title='bbox 1019 4270 1123 4307; x_wconf 93' lang='lat' dir='ltr'><strong>non</strong></span> <span class='ocrx_word' id='word_1_420' title='bbox 1156 4263 1370 4322; x_wconf 88' lang='lat' dir='ltr'><strong>poterat</strong></span> <span class='ocrx_word' id='word_1_421' title='bbox 1415 4270 1520 4309; x_wconf 92' lang='lat' dir='ltr'><strong>non</strong></span> <span class='ocrx_word' id='word_1_422' title='bbox 1573 4254 1708 4308; x_wconf 78' lang='lat' dir='ltr'><strong>ditii-</strong></span> 
     </span>
    </p>
   </div>
   <div class='ocr_carea' id='block_1_59' title="bbox 108 4326 1708 4417">
    <p class='ocr_par' dir='ltr' id='par_1_59' title="bbox 108 4326 1708 4417">
     <span class='ocr_line' id='line_1_59' title="bbox 108 4326 1708 4417; baseline 0.002 -19"><span class='ocrx_word' id='word_1_423' title='bbox 108 4348 262 4400; x_wconf 88' lang='lat' dir='ltr'><strong>dere.</strong></span> <span class='ocrx_word' id='word_1_424' title='bbox 303 4345 514 4400; x_wconf 85' lang='lat' dir='ltr'><strong>Scribit</strong></span> <span class='ocrx_word' id='word_1_425' title='bbox 542 4326 670 4414; x_wconf 62' lang='lat' dir='ltr'><strong>ergo</strong></span> <span class='ocrx_word' id='word_1_426' title='bbox 694 4347 761 4400; x_wconf 89' lang='lat' dir='ltr'><strong>ad</strong></span> <span class='ocrx_word' id='word_1_427' title='bbox 797 4346 1022 4400; x_wconf 86' lang='lat' dir='ltr'><strong>fratrem</strong></span> <span class='ocrx_word' id='word_1_428' title='bbox 1052 4387 1067 4412; x_wconf 93' lang='lat'><strong>,</strong></span> <span class='ocrx_word' id='word_1_429' title='bbox 1098 4348 1324 4417; x_wconf 78' lang='lat' dir='ltr'><strong>ejusque</strong></span> <span class='ocrx_word' id='word_1_430' title='bbox 1379 4346 1708 4417; x_wconf 87' lang='lat' dir='ltr'><strong>simplicita-</strong></span> 
     </span>
    </p>
   </div>
   <div class='ocr_carea' id='block_1_60' title="bbox 111 4437 1703 4508">
    <p class='ocr_par' dir='ltr' id='par_1_60' title="bbox 111 4437 1703 4508">
     <span class='ocr_line' id='line_1_60' title="bbox 111 4437 1703 4508; baseline 0.002 -17"><span class='ocrx_word' id='word_1_431' title='bbox 111 4450 217 4491; x_wconf 87' lang='lat' dir='ltr'><strong>tem</strong></span> <span class='ocrx_word' id='word_1_432' title='bbox 278 4453 408 4492; x_wconf 91' lang='lat' dir='ltr'><strong>cum</strong></span> <span class='ocrx_word' id='word_1_433' title='bbox 443 4453 545 4492; x_wconf 88' lang='lat' dir='ltr'><strong>sua</strong></span> <span class='ocrx_word' id='word_1_434' title='bbox 589 4449 782 4506; x_wconf 88' lang='lat' dir='ltr'><strong>sponte</strong></span> <span class='ocrx_word' id='word_1_435' title='bbox 834 4437 1161 4494; x_wconf 87' lang='lat' dir='ltr'><strong>Christianis</strong></span> <span class='ocrx_word' id='word_1_436' title='bbox 1214 4455 1322 4494; x_wconf 91' lang='lat' dir='ltr'><strong>non</strong></span> <span class='ocrx_word' id='word_1_437' title='bbox 1377 4454 1703 4508; x_wconf 84' lang='lat' dir='ltr'><strong>congruere,</strong></span> 
     </span>
    </p>
   </div>
   <div class='ocr_carea' id='block_1_61' title="bbox 1819 1961 2456 2032">
    <p class='ocr_par' dir='ltr' id='par_1_61' title="bbox 1819 1961 2456 2032">
     <span class='ocr_line' id='line_1_61' title="bbox 1819 1961 2456 2032; baseline 0 -16"><span class='ocrx_word' id='word_1_438' title='bbox 1819 1962 1965 2016; x_wconf 90' lang='lat' dir='ltr'><strong>dium</strong></span> <span class='ocrx_word' id='word_1_439' title='bbox 2004 1961 2221 2032; x_wconf 88' lang='lat' dir='ltr'><strong>aliquod</strong></span> <span class='ocrx_word' id='word_1_440' title='bbox 2245 1961 2456 2018; x_wconf 80' lang='lat' dir='ltr'><strong>aﬂerat.</strong></span> 
     </span>
    </p>
   </div>
   <div class='ocr_carea' id='block_1_62' title="bbox 1885 2050 3396 2125">
    <p class='ocr_par' dir='ltr' id='par_1_62' title="bbox 1885 2050 3396 2125">
     <span class='ocr_line' id='line_1_62' title="bbox 1885 2050 3396 2125; baseline 0.003 -19"><span class='ocrx_word' id='word_1_441' title='bbox 1885 2050 2004 2107; x_wconf 89' lang='lat' dir='ltr'><strong>Non</strong></span> <span class='ocrx_word' id='word_1_442' title='bbox 2050 2054 2228 2108; x_wconf 90' lang='lat' dir='ltr'><strong>caruit</strong></span> <span class='ocrx_word' id='word_1_443' title='bbox 2266 2065 2455 2124; x_wconf 83' lang='lat' dir='ltr'><strong>Optato</strong></span> <span class='ocrx_word' id='word_1_444' title='bbox 2503 2055 2656 2110; x_wconf 82' lang='lat' dir='ltr'><strong>exitu</strong></span> <span class='ocrx_word' id='word_1_445' title='bbox 2711 2063 2824 2108; x_wconf 90' lang='lat' dir='ltr'><strong>tam</strong></span> <span class='ocrx_word' id='word_1_446' title='bbox 2869 2055 3096 2125; x_wconf 85' lang='lat' dir='ltr'><strong>insignis</strong></span> <span class='ocrx_word' id='word_1_447' title='bbox 3141 2055 3396 2111; x_wconf 88' lang='lat' dir='ltr'><strong>omnibus</strong></span> 
     </span>
    </p>
   </div>
   <div class='ocr_carea' id='block_1_63' title="bbox 1817 2144 3406 2216">
    <p class='ocr_par' dir='ltr' id='par_1_63' title="bbox 1817 2144 3406 2216">
     <span class='ocr_line' id='line_1_63' title="bbox 1817 2144 3406 2216; baseline 0.001 -17"><span class='ocrx_word' id='word_1_448' title='bbox 1817 2144 2104 2199; x_wconf 88' lang='lat' dir='ltr'><strong>charitatis</strong></span> <span class='ocrx_word' id='word_1_449' title='bbox 2135 2146 2378 2201; x_wconf 88' lang='lat' dir='ltr'><strong>numeris</strong></span> <span class='ocrx_word' id='word_1_450' title='bbox 2421 2145 2670 2216; x_wconf 90' lang='lat' dir='ltr'><strong>epistola.</strong></span> <span class='ocrx_word' id='word_1_451' title='bbox 2701 2147 2984 2202; x_wconf 81' lang='lat' dir='ltr'><strong>Venerunt</strong></span> <span class='ocrx_word' id='word_1_452' title='bbox 3027 2162 3056 2200; x_wconf 87' lang='lat' dir='ltr'><strong>a</strong></span> <span class='ocrx_word' id='word_1_453' title='bbox 3093 2157 3290 2215; x_wconf 90' lang='lat' dir='ltr'><strong>patruo</strong></span> <span class='ocrx_word' id='word_1_454' title='bbox 3316 2147 3406 2200; x_wconf 86' lang='lat' dir='ltr'><strong>lit-</strong></span> 
     </span>
    </p>
   </div>
   <div class='ocr_carea' id='block_1_64' title="bbox 1819 2237 3400 2308">
    <p class='ocr_par' dir='ltr' id='par_1_64' title="bbox 1819 2237 3400 2308">
     <span class='ocr_line' id='line_1_64' title="bbox 1819 2237 3400 2308; baseline 0.002 -18"><span class='ocrx_word' id='word_1_455' title='bbox 1819 2245 1968 2301; x_wconf 60' lang='lat' dir='ltr'><strong>teras,</strong></span> <span class='ocrx_word' id='word_1_456' title='bbox 1999 2253 2096 2308; x_wconf 92' lang='lat' dir='ltr'><strong>per</strong></span> <span class='ocrx_word' id='word_1_457' title='bbox 2117 2237 2444 2307; x_wconf 88' lang='lat' dir='ltr'><strong>Gregorium</strong></span> <span class='ocrx_word' id='word_1_458' title='bbox 2471 2237 2696 2294; x_wconf 82' lang='lat' dir='ltr'><strong>fratrem</strong></span> <span class='ocrx_word' id='word_1_459' title='bbox 2724 2238 3058 2308; x_wconf 69' lang='lat' dir='ltr'><strong>allatae,qute</strong></span> <span class='ocrx_word' id='word_1_460' title='bbox 3074 2249 3129 2293; x_wconf 89' lang='lat' dir='ltr'><strong>et</strong></span> <span class='ocrx_word' id='word_1_461' title='bbox 3157 2240 3400 2293; x_wconf 90' lang='lat' dir='ltr'><strong>animum</strong></span> 
     </span>
    </p>
   </div>
   <div class='ocr_carea' id='block_1_65' title="bbox 1824 2329 3404 2401">
    <p class='ocr_par' dir='ltr' id='par_1_65' title="bbox 1824 2329 3404 2401">
     <span class='ocr_line' id='line_1_65' title="bbox 1824 2329 3404 2401; baseline 0 -18"><span class='ocrx_word' id='word_1_462' title='bbox 1824 2329 1890 2384; x_wconf 89' lang='lat' dir='ltr'><strong>ad</strong></span> <span class='ocrx_word' id='word_1_463' title='bbox 1942 2331 2372 2398; x_wconf 89' lang='lat' dir='ltr'><strong>componendam</strong></span> <span class='ocrx_word' id='word_1_464' title='bbox 2418 2331 2814 2385; x_wconf 87' lang='lat' dir='ltr'><strong>dissensionem</strong></span> <span class='ocrx_word' id='word_1_465' title='bbox 2862 2331 3269 2401; x_wconf 87' lang='lat' dir='ltr'><strong>paratissimum</strong></span> <span class='ocrx_word' id='word_1_466' title='bbox 3322 2331 3404 2384; x_wconf 83' lang='lat' dir='ltr'><strong>si-</strong></span> 
     </span>
    </p>
   </div>
   <div class='ocr_carea' id='block_1_66' title="bbox 1815 2419 3404 2490">
    <p class='ocr_par' dir='ltr' id='par_1_66' title="bbox 1815 2419 3404 2490">
     <span class='ocr_line' id='line_1_66' title="bbox 1815 2419 3404 2490; baseline 0.003 -16"><span class='ocrx_word' id='word_1_467' title='bbox 1815 2419 2172 2489; x_wconf 78' lang='lat' dir='ltr'><strong>gnificabant,</strong></span> <span class='ocrx_word' id='word_1_468' title='bbox 2204 2431 2367 2490; x_wconf 90' lang='lat' dir='ltr'><strong>atque</strong></span> <span class='ocrx_word' id='word_1_469' title='bbox 2389 2423 2554 2476; x_wconf 90' lang='lat' dir='ltr'><strong>etiam</strong></span> <span class='ocrx_word' id='word_1_470' title='bbox 2599 2420 2860 2477; x_wconf 84' lang='lat' dir='ltr'><strong>Basiliam</strong></span> <span class='ocrx_word' id='word_1_471' title='bbox 2893 2423 3277 2489; x_wconf 89' lang='lat' dir='ltr'><strong>hortabantur,</strong></span> <span class='ocrx_word' id='word_1_472' title='bbox 3342 2433 3404 2478; x_wconf 92' lang='lat' dir='ltr'><strong>ut</strong></span> 
     </span>
    </p>
   </div>
   <div class='ocr_carea' id='block_1_67' title="bbox 1816 2511 3400 2577">
    <p class='ocr_par' dir='ltr' id='par_1_67' title="bbox 1816 2511 3400 2577">
     <span class='ocr_line' id='line_1_67' title="bbox 1816 2511 3400 2577; baseline 0.003 -13"><span class='ocrx_word' id='word_1_473' title='bbox 1816 2511 2011 2577; x_wconf 89' lang='lat' dir='ltr'><strong>fratri,</strong></span> <span class='ocrx_word' id='word_1_474' title='bbox 2069 2513 2154 2567; x_wconf 89' lang='lat' dir='ltr'><strong>cui</strong></span> <span class='ocrx_word' id='word_1_475' title='bbox 2188 2513 2465 2568; x_wconf 86' lang='lat' dir='ltr'><strong>subiratus</strong></span> <span class='ocrx_word' id='word_1_476' title='bbox 2496 2529 2618 2569; x_wconf 82' lang='lat' dir='ltr'><strong>esse</strong></span> <span class='ocrx_word' id='word_1_477' title='bbox 2647 2515 2934 2568; x_wconf 87' lang='lat' dir='ltr'><strong>videbatur</strong></span> <span class='ocrx_word' id='word_1_478' title='bbox 2960 2516 3030 2569; x_wconf 92' lang='lat' dir='ltr'><strong>ob</strong></span> <span class='ocrx_word' id='word_1_479' title='bbox 3071 2515 3400 2569; x_wconf 88' lang='lat' dir='ltr'><strong>commenti-</strong></span> 
     </span>
    </p>
   </div>
   <div class='ocr_carea' id='block_1_68' title="bbox 1818 2602 3402 2678">
    <p class='ocr_par' dir='ltr' id='par_1_68' title="bbox 1818 2602 3402 2678">
     <span class='ocr_line' id='line_1_68' title="bbox 1818 2602 3402 2678; baseline 0.001 -21"><span class='ocrx_word' id='word_1_480' title='bbox 1818 2604 1920 2657; x_wconf 91' lang='lat' dir='ltr'><strong>tias</strong></span> <span class='ocrx_word' id='word_1_481' title='bbox 1961 2602 2223 2672; x_wconf 87' lang='lat' dir='ltr'><strong>epistolas</strong></span> <span class='ocrx_word' id='word_1_482' title='bbox 2251 2644 2267 2668; x_wconf 89' lang='lat'><strong>,</strong></span> <span class='ocrx_word' id='word_1_483' title='bbox 2324 2605 2462 2658; x_wconf 91' lang='lat' dir='ltr'><strong>iram</strong></span> <span class='ocrx_word' id='word_1_484' title='bbox 2498 2606 2810 2660; x_wconf 90' lang='lat' dir='ltr'><strong>redonaret.</strong></span> <span class='ocrx_word' id='word_1_485' title='bbox 2859 2604 3009 2660; x_wconf 89' lang='lat' dir='ltr'><strong>Unde</strong></span> <span class='ocrx_word' id='word_1_486' title='bbox 3047 2604 3282 2660; x_wconf 90' lang='lat' dir='ltr'><strong>Basilius</strong></span> <span class='ocrx_word' id='word_1_487' title='bbox 3316 2605 3402 2678; x_wconf 88' lang='lat' dir='ltr'><strong>(c)</strong></span> 
     </span>
    </p>
   </div>
   <div class='ocr_carea' id='block_1_69' title="bbox 1814 2694 3404 2764">
    <p class='ocr_par' dir='ltr' id='par_1_69' title="bbox 1814 2694 3404 2764">
     <span class='ocr_line' id='line_1_69' title="bbox 1814 2694 3404 2764; baseline 0.005 -18"><span class='ocrx_word' id='word_1_488' title='bbox 1814 2694 2065 2762; x_wconf 87' lang='lat' dir='ltr'><strong>protinus</strong></span> <span class='ocrx_word' id='word_1_489' title='bbox 2093 2694 2160 2749; x_wconf 90' lang='lat' dir='ltr'><strong>ad</strong></span> <span class='ocrx_word' id='word_1_490' title='bbox 2193 2704 2448 2764; x_wconf 92' lang='lat' dir='ltr'><strong>patruum</strong></span> <span class='ocrx_word' id='word_1_491' title='bbox 2486 2698 2818 2763; x_wconf 88' lang='lat' dir='ltr'><strong>rescribens,</strong></span> <span class='ocrx_word' id='word_1_492' title='bbox 2857 2698 3100 2753; x_wconf 90' lang='lat' dir='ltr'><strong>declarat</strong></span> <span class='ocrx_word' id='word_1_493' title='bbox 3127 2715 3186 2753; x_wconf 89' lang='lat' dir='ltr'><strong>se</strong></span> <span class='ocrx_word' id='word_1_494' title='bbox 3216 2698 3404 2756; x_wconf 89' lang='lat' dir='ltr'><strong>fratris</strong></span> 
     </span>
    </p>
   </div>
   <div class='ocr_carea' id='block_1_70' title="bbox 1814 2789 3403 2860">
    <p class='ocr_par' dir='ltr' id='par_1_70' title="bbox 1814 2789 3403 2860">
     <span class='ocr_line' id='line_1_70' title="bbox 1814 2789 3403 2860; baseline 0.004 -20"><span class='ocrx_word' id='word_1_495' title='bbox 1814 2795 2110 2856; x_wconf 91' lang='lat' dir='ltr'><strong>conspectu</strong></span> <span class='ocrx_word' id='word_1_496' title='bbox 2155 2797 2206 2842; x_wconf 90' lang='lat' dir='ltr'><strong>et</strong></span> <span class='ocrx_word' id='word_1_497' title='bbox 2234 2796 2395 2842; x_wconf 89' lang='lat' dir='ltr'><strong>antea</strong></span> <span class='ocrx_word' id='word_1_498' title='bbox 2430 2789 2754 2844; x_wconf 86' lang='lat' dir='ltr'><strong>delectatum</strong></span> <span class='ocrx_word' id='word_1_499' title='bbox 2804 2791 2976 2845; x_wconf 88' lang='lat' dir='ltr'><strong>fuisse</strong></span> <span class='ocrx_word' id='word_1_500' title='bbox 3003 2830 3018 2854; x_wconf 94' lang='lat'><strong>,</strong></span> <span class='ocrx_word' id='word_1_501' title='bbox 3052 2801 3107 2845; x_wconf 91' lang='lat' dir='ltr'><strong>et</strong></span> <span class='ocrx_word' id='word_1_502' title='bbox 3149 2793 3403 2860; x_wconf 76' lang='lat' dir='ltr'><strong>proxime</strong></span> 
     </span>
    </p>
   </div>
   <div class='ocr_carea' id='block_1_71' title="bbox 1815 2877 3403 2949">
    <p class='ocr_par' dir='ltr' id='par_1_71' title="bbox 1815 2877 3403 2949">
     <span class='ocr_line' id='line_1_71' title="bbox 1815 2877 3403 2949; baseline 0.004 -19"><span class='ocrx_word' id='word_1_503' title='bbox 1815 2877 1958 2932; x_wconf 90' lang='lat' dir='ltr'><strong>illius</strong></span> <span class='ocrx_word' id='word_1_504' title='bbox 1979 2879 2213 2932; x_wconf 89' lang='lat' dir='ltr'><strong>adventu</strong></span> <span class='ocrx_word' id='word_1_505' title='bbox 2239 2893 2305 2933; x_wconf 79' lang='lat' dir='ltr'><strong>ex</strong></span> <span class='ocrx_word' id='word_1_506' title='bbox 2332 2880 2577 2949; x_wconf 87' lang='lat' dir='ltr'><strong>corporis</strong></span> <span class='ocrx_word' id='word_1_507' title='bbox 2605 2880 2926 2935; x_wconf 84' lang='lat' dir='ltr'><strong>infirmitate</strong></span> <span class='ocrx_word' id='word_1_508' title='bbox 2959 2891 3014 2936; x_wconf 92' lang='lat' dir='ltr'><strong>et</strong></span> <span class='ocrx_word' id='word_1_509' title='bbox 3053 2885 3220 2935; x_wconf 91' lang='lat' dir='ltr'><strong>animi</strong></span> <span class='ocrx_word' id='word_1_510' title='bbox 3249 2883 3403 2936; x_wconf 84' lang='lat' dir='ltr'><strong>dolo-</strong></span> 
     </span>
    </p>
   </div>
   <div class='ocr_carea' id='block_1_72' title="bbox 1815 2971 3400 3043">
    <p class='ocr_par' dir='ltr' id='par_1_72' title="bbox 1815 2971 3400 3043">
     <span class='ocr_line' id='line_1_72' title="bbox 1815 2971 3400 3043; baseline 0.004 -19"><span class='ocrx_word' id='word_1_511' title='bbox 1815 2971 1968 3026; x_wconf 90' lang='lat' dir='ltr'><strong>ribus</strong></span> <span class='ocrx_word' id='word_1_512' title='bbox 1991 2981 2323 3037; x_wconf 85' lang='lat' dir='ltr'><strong>recreatum,</strong></span> <span class='ocrx_word' id='word_1_513' title='bbox 2351 2986 2454 3025; x_wconf 90' lang='lat' dir='ltr'><strong>nec</strong></span> <span class='ocrx_word' id='word_1_514' title='bbox 2492 2972 2784 3041; x_wconf 89' lang='lat' dir='ltr'><strong>quidquam</strong></span> <span class='ocrx_word' id='word_1_515' title='bbox 2815 2989 2844 3026; x_wconf 90' lang='lat' dir='ltr'><strong>a</strong></span> <span class='ocrx_word' id='word_1_516' title='bbox 2877 2989 2938 3027; x_wconf 88' lang='lat' dir='ltr'><strong>se</strong></span> <span class='ocrx_word' id='word_1_517' title='bbox 2965 2975 3134 3043; x_wconf 86' lang='lat' dir='ltr'><strong>magis</strong></span> <span class='ocrx_word' id='word_1_518' title='bbox 3162 2974 3400 3030; x_wconf 87' lang='lat' dir='ltr'><strong>alienum</strong></span> 
     </span>
    </p>
   </div>
   <div class='ocr_carea' id='block_1_73' title="bbox 1815 3063 3400 3134">
    <p class='ocr_par' dir='ltr' id='par_1_73' title="bbox 1815 3063 3400 3134">
     <span class='ocr_line' id='line_1_73' title="bbox 1815 3063 3400 3134; baseline 0.002 -18"><span class='ocrx_word' id='word_1_519' title='bbox 1815 3078 1960 3128; x_wconf 89' lang='lat' dir='ltr'><strong>esse,</strong></span> <span class='ocrx_word' id='word_1_520' title='bbox 2001 3078 2164 3133; x_wconf 92' lang='lat' dir='ltr'><strong>quam</strong></span> <span class='ocrx_word' id='word_1_521' title='bbox 2198 3063 2515 3117; x_wconf 90' lang='lat' dir='ltr'><strong>inimicitias</strong></span> <span class='ocrx_word' id='word_1_522' title='bbox 2534 3077 2725 3132; x_wconf 90' lang='lat' dir='ltr'><strong>gerere</strong></span> <span class='ocrx_word' id='word_1_523' title='bbox 2752 3079 2873 3116; x_wconf 92' lang='lat' dir='ltr'><strong>cum</strong></span> <span class='ocrx_word' id='word_1_524' title='bbox 2901 3064 3243 3134; x_wconf 87' lang='lat' dir='ltr'><strong>propinquis.</strong></span> <span class='ocrx_word' id='word_1_525' title='bbox 3262 3065 3400 3120; x_wconf 78' lang='lat' dir='ltr'><strong>Cum</strong></span> 
     </span>
    </p>
   </div>
   <div class='ocr_carea' id='block_1_74' title="bbox 1813 3154 3402 3214">
    <p class='ocr_par' dir='ltr' id='par_1_74' title="bbox 1813 3154 3402 3214">
     <span class='ocr_line' id='line_1_74' title="bbox 1813 3154 3402 3214; baseline 0.004 -7"><span class='ocrx_word' id='word_1_526' title='bbox 1813 3164 1994 3208; x_wconf 89' lang='lat' dir='ltr'><strong>autem</strong></span> <span class='ocrx_word' id='word_1_527' title='bbox 2028 3156 2093 3209; x_wconf 89' lang='lat' dir='ltr'><strong>de</strong></span> <span class='ocrx_word' id='word_1_528' title='bbox 2136 3154 2502 3210; x_wconf 87' lang='lat' dir='ltr'><strong>dissensionis</strong></span> <span class='ocrx_word' id='word_1_529' title='bbox 2528 3171 2693 3210; x_wconf 90' lang='lat' dir='ltr'><strong>causa</strong></span> <span class='ocrx_word' id='word_1_530' title='bbox 2719 3156 2956 3210; x_wconf 85' lang='lat' dir='ltr'><strong>obscure</strong></span> <span class='ocrx_word' id='word_1_531' title='bbox 2988 3159 3198 3212; x_wconf 89' lang='lat' dir='ltr'><strong>locutus</strong></span> <span class='ocrx_word' id='word_1_532' title='bbox 3251 3169 3402 3214; x_wconf 88' lang='lat' dir='ltr'><strong>esset</strong></span> 
     </span>
    </p>
   </div>
   <div class='ocr_carea' id='block_1_75' title="bbox 1812 3247 3401 3318">
    <p class='ocr_par' dir='ltr' id='par_1_75' title="bbox 1812 3247 3401 3318">
     <span class='ocr_line' id='line_1_75' title="bbox 1812 3247 3401 3318; baseline 0.004 -19"><span class='ocrx_word' id='word_1_533' title='bbox 1812 3255 2073 3314; x_wconf 89' lang='lat' dir='ltr'><strong>patruus,</strong></span> <span class='ocrx_word' id='word_1_534' title='bbox 2120 3250 2408 3316; x_wconf 78' lang='lat' dir='ltr'><strong>reSpondet</strong></span> <span class='ocrx_word' id='word_1_535' title='bbox 2443 3247 2674 3302; x_wconf 83' lang='lat' dir='ltr'><strong>Basilius</strong></span> <span class='ocrx_word' id='word_1_536' title='bbox 2725 3263 2784 3303; x_wconf 92' lang='lat' dir='ltr'><strong>se</strong></span> <span class='ocrx_word' id='word_1_537' title='bbox 2822 3263 2934 3318; x_wconf 76' lang='lat' dir='ltr'><strong>pra:</strong></span> <span class='ocrx_word' id='word_1_538' title='bbox 2977 3250 3188 3304; x_wconf 85' lang='lat' dir='ltr'><strong>inscitia</strong></span> <span class='ocrx_word' id='word_1_539' title='bbox 3222 3252 3401 3306; x_wconf 91' lang='lat' dir='ltr'><strong>minus</strong></span> 
     </span>
    </p>
   </div>
   <div class='ocr_carea' id='block_1_76' title="bbox 1813 3336 3398 3410">
    <p class='ocr_par' dir='ltr' id='par_1_76' title="bbox 1813 3336 3398 3410">
     <span class='ocr_line' id='line_1_76' title="bbox 1813 3336 3398 3410; baseline 0.005 -20"><span class='ocrx_word' id='word_1_540' title='bbox 1813 3336 2120 3409; x_wconf 88' lang='lat' dir='ltr'><strong>intelligere</strong></span> <span class='ocrx_word' id='word_1_541' title='bbox 2149 3341 2278 3408; x_wconf 90' lang='lat' dir='ltr'><strong>quid</strong></span> <span class='ocrx_word' id='word_1_542' title='bbox 2314 3340 2416 3396; x_wconf 91' lang='lat' dir='ltr'><strong>sibi</strong></span> <span class='ocrx_word' id='word_1_543' title='bbox 2449 3339 2618 3394; x_wconf 91' lang='lat' dir='ltr'><strong>velint</strong></span> <span class='ocrx_word' id='word_1_544' title='bbox 2651 3357 2772 3410; x_wconf 69' lang='lat' dir='ltr'><strong>qua:</strong></span> <span class='ocrx_word' id='word_1_545' title='bbox 2799 3351 2920 3396; x_wconf 86' lang='lat' dir='ltr'><strong>acta</strong></span> <span class='ocrx_word' id='word_1_546' title='bbox 2946 3351 3112 3396; x_wconf 86' lang='lat' dir='ltr'><strong>sunt:</strong></span> <span class='ocrx_word' id='word_1_547' title='bbox 3140 3351 3398 3398; x_wconf 73' lang='lat' dir='ltr'><strong>cmterum</strong></span> 
     </span>
    </p>
   </div>
   <div class='ocr_carea' id='block_1_77' title="bbox 1813 3429 3401 3502">
    <p class='ocr_par' dir='ltr' id='par_1_77' title="bbox 1813 3429 3401 3502">
     <span class='ocr_line' id='line_1_77' title="bbox 1813 3429 3401 3502; baseline 0.003 -19"><span class='ocrx_word' id='word_1_548' title='bbox 1813 3429 2039 3485; x_wconf 86' lang='lat' dir='ltr'><strong>fratrem</strong></span> <span class='ocrx_word' id='word_1_549' title='bbox 2081 3446 2110 3485; x_wconf 89' lang='lat' dir='ltr'><strong>a</strong></span> <span class='ocrx_word' id='word_1_550' title='bbox 2142 3447 2202 3486; x_wconf 92' lang='lat' dir='ltr'><strong>se</strong></span> <span class='ocrx_word' id='word_1_551' title='bbox 2242 3442 2492 3486; x_wconf 90' lang='lat' dir='ltr'><strong>coactum</strong></span> <span class='ocrx_word' id='word_1_552' title='bbox 2518 3448 2624 3487; x_wconf 93' lang='lat' dir='ltr'><strong>non</strong></span> <span class='ocrx_word' id='word_1_553' title='bbox 2649 3433 2814 3487; x_wconf 81' lang='lat' dir='ltr'><strong>fuisse</strong></span> <span class='ocrx_word' id='word_1_554' title='bbox 2832 3432 3129 3502; x_wconf 86' lang='lat' dir='ltr'><strong>quidquam</strong></span> <span class='ocrx_word' id='word_1_555' title='bbox 3161 3435 3282 3489; x_wconf 87' lang='lat' dir='ltr'><strong>viva</strong></span> <span class='ocrx_word' id='word_1_556' title='bbox 3308 3450 3401 3488; x_wconf 85' lang='lat' dir='ltr'><strong>vo-</strong></span> 
     </span>
    </p>
   </div>
   <div class='ocr_carea' id='block_1_78' title="bbox 1811 3525 3400 3598">
    <p class='ocr_par' dir='ltr' id='par_1_78' title="bbox 1811 3525 3400 3598">
     <span class='ocr_line' id='line_1_78' title="bbox 1811 3525 3400 3598; baseline 0.005 -21"><span class='ocrx_word' id='word_1_557' title='bbox 1811 3538 1874 3578; x_wconf 92' lang='lat' dir='ltr'><strong>ce</strong></span> <span class='ocrx_word' id='word_1_558' title='bbox 1911 3525 2112 3590; x_wconf 89' lang='lat' dir='ltr'><strong>dicere,</strong></span> <span class='ocrx_word' id='word_1_559' title='bbox 2133 3536 2418 3595; x_wconf 90' lang='lat' dir='ltr'><strong>propterea</strong></span> <span class='ocrx_word' id='word_1_560' title='bbox 2451 3528 2593 3596; x_wconf 82' lang='lat' dir='ltr'><strong>quod</strong></span> <span class='ocrx_word' id='word_1_561' title='bbox 2648 3543 2749 3582; x_wconf 91' lang='lat' dir='ltr'><strong>nec</strong></span> <span class='ocrx_word' id='word_1_562' title='bbox 2809 3537 2967 3582; x_wconf 88' lang='lat' dir='ltr'><strong>antea</strong></span> <span class='ocrx_word' id='word_1_563' title='bbox 3000 3528 3168 3598; x_wconf 92' lang='lat' dir='ltr'><strong>ipsius</strong></span> <span class='ocrx_word' id='word_1_564' title='bbox 3218 3543 3400 3585; x_wconf 89' lang='lat' dir='ltr'><strong>sermo</strong></span> 
     </span>
    </p>
   </div>
   <div class='ocr_carea' id='block_1_79' title="bbox 1813 3617 3400 3676">
    <p class='ocr_par' dir='ltr' id='par_1_79' title="bbox 1813 3617 3400 3676">
     <span class='ocr_line' id='line_1_79' title="bbox 1813 3617 3400 3676; baseline 0.006 -10"><span class='ocrx_word' id='word_1_565' title='bbox 1813 3617 2065 3670; x_wconf 90' lang='lat' dir='ltr'><strong>veritatis</strong></span> <span class='ocrx_word' id='word_1_566' title='bbox 2105 3617 2415 3672; x_wconf 90' lang='lat' dir='ltr'><strong>testimonio</strong></span> <span class='ocrx_word' id='word_1_567' title='bbox 2455 3617 2809 3674; x_wconf 86' lang='lat' dir='ltr'><strong>confirmatus</strong></span> <span class='ocrx_word' id='word_1_568' title='bbox 2846 3619 3046 3674; x_wconf 87' lang='lat' dir='ltr'><strong>fuerat.</strong></span> <span class='ocrx_word' id='word_1_569' title='bbox 3075 3619 3273 3675; x_wconf 87' lang='lat' dir='ltr'><strong>Nescio</strong></span> <span class='ocrx_word' id='word_1_570' title='bbox 3300 3636 3400 3676; x_wconf 92' lang='lat' dir='ltr'><strong>cur</strong></span> 
     </span>
    </p>
   </div>
   <div class='ocr_carea' id='block_1_80' title="bbox 1813 3705 3397 3782">
    <p class='ocr_par' dir='ltr' id='par_1_80' title="bbox 1813 3705 3397 3782">
     <span class='ocr_line' id='line_1_80' title="bbox 1813 3705 3397 3782; baseline 0.005 -22"><span class='ocrx_word' id='word_1_571' title='bbox 1813 3705 2196 3762; x_wconf 86' lang='lat' dir='ltr'><strong>Tillemontius</strong></span> <span class='ocrx_word' id='word_1_572' title='bbox 2232 3708 2315 3762; x_wconf 89' lang='lat' dir='ltr'><strong>bis</strong></span> <span class='ocrx_word' id='word_1_573' title='bbox 2345 3707 2669 3776; x_wconf 87' lang='lat' dir='ltr'><strong>Gregorium</strong></span> <span class='ocrx_word' id='word_1_574' title='bbox 2719 3725 2746 3763; x_wconf 90' lang='lat' dir='ltr'><strong>a</strong></span> <span class='ocrx_word' id='word_1_575' title='bbox 2785 3721 2981 3780; x_wconf 91' lang='lat' dir='ltr'><strong>patruo</strong></span> <span class='ocrx_word' id='word_1_576' title='bbox 3007 3752 3022 3777; x_wconf 91' lang='lat'><strong>,</strong></span> <span class='ocrx_word' id='word_1_577' title='bbox 3057 3721 3179 3782; x_wconf 93' lang='lat' dir='ltr'><strong>post</strong></span> <span class='ocrx_word' id='word_1_578' title='bbox 3236 3727 3397 3768; x_wconf 85' lang='lat' dir='ltr'><strong>acce-</strong></span> 
     </span>
    </p>
   </div>
   <div class='ocr_carea' id='block_1_81' title="bbox 1812 3796 3392 3867">
    <p class='ocr_par' dir='ltr' id='par_1_81' title="bbox 1812 3796 3392 3867">
     <span class='ocr_line' id='line_1_81' title="bbox 1812 3796 3392 3867; baseline 0.006 -17"><span class='ocrx_word' id='word_1_579' title='bbox 1812 3809 1958 3867; x_wconf 92' lang='lat' dir='ltr'><strong>ptam</strong></span> <span class='ocrx_word' id='word_1_580' title='bbox 2018 3796 2205 3851; x_wconf 86' lang='lat' dir='ltr'><strong>Basilii</strong></span> <span class='ocrx_word' id='word_1_581' title='bbox 2257 3798 2566 3867; x_wconf 87' lang='lat' dir='ltr'><strong>epistolam,</strong></span> <span class='ocrx_word' id='word_1_582' title='bbox 2601 3802 2824 3855; x_wconf 91' lang='lat' dir='ltr'><strong>missum</strong></span> <span class='ocrx_word' id='word_1_583' title='bbox 2871 3801 3039 3857; x_wconf 91' lang='lat' dir='ltr'><strong>fuisse</strong></span> <span class='ocrx_word' id='word_1_584' title='bbox 3091 3804 3392 3859; x_wconf 79' lang='lat' dir='ltr'><strong>existimet.</strong></span> 
     </span>
    </p>
   </div>
   <div class='ocr_carea' id='block_1_82' title="bbox 1818 3890 3395 3965">
    <p class='ocr_par' dir='ltr' id='par_1_82' title="bbox 1818 3890 3395 3965">
     <span class='ocr_line' id='line_1_82' title="bbox 1818 3890 3395 3965; baseline 0.003 -19"><span class='ocrx_word' id='word_1_585' title='bbox 1818 3891 1912 3946; x_wconf 88' lang='lat' dir='ltr'><strong>His</strong></span> <span class='ocrx_word' id='word_1_586' title='bbox 1945 3893 2089 3946; x_wconf 90' lang='lat' dir='ltr'><strong>enim</strong></span> <span class='ocrx_word' id='word_1_587' title='bbox 2118 3892 2320 3956; x_wconf 90' lang='lat' dir='ltr'><strong>verbis,</strong></span> <span class='ocrx_word' id='word_1_588' title='bbox 2357 3890 2424 3944; x_wconf 85' lang='lat' dir='ltr'><strong>Et</strong></span> <span class='ocrx_word' id='word_1_589' title='bbox 2459 3903 2613 3946; x_wconf 86' lang='lat' dir='ltr'><strong>antea</strong></span> <span class='ocrx_word' id='word_1_590' title='bbox 2642 3891 2864 3947; x_wconf 82' lang='lat' dir='ltr'><strong>libenter</strong></span> <span class='ocrx_word' id='word_1_591' title='bbox 2901 3895 3137 3948; x_wconf 84' lang='lat' dir='ltr'><strong>videbam</strong></span> <span class='ocrx_word' id='word_1_592' title='bbox 3177 3895 3395 3965; x_wconf 80' lang='lat' dir='ltr'><strong>fratrem</strong></span> 
     </span>
    </p>
   </div>
   <div class='ocr_carea' id='block_1_83' title="bbox 1811 3983 3396 4056">
    <p class='ocr_par' dir='ltr' id='par_1_83' title="bbox 1811 3983 3396 4056">
     <span class='ocr_line' id='line_1_83' title="bbox 1811 3983 3396 4056; baseline 0.001 -18"><span class='ocrx_word' id='word_1_593' title='bbox 1811 4001 2050 4038; x_wconf 87' lang='lat' dir='ltr'><strong>meum...</strong></span> <span class='ocrx_word' id='word_1_594' title='bbox 2084 3993 2133 4038; x_wconf 90' lang='lat' dir='ltr'><strong>et</strong></span> <span class='ocrx_word' id='word_1_595' title='bbox 2168 4000 2306 4037; x_wconf 84' lang='lat' dir='ltr'><strong>nunc</strong></span> <span class='ocrx_word' id='word_1_596' title='bbox 2343 3983 2521 4037; x_wconf 86' lang='lat' dir='ltr'><strong>eodem</strong></span> <span class='ocrx_word' id='word_1_597' title='bbox 2548 3984 2742 4053; x_wconf 72' lang='lat' dir='ltr'><strong>a/fectu</strong></span> <span class='ocrx_word' id='word_1_598' title='bbox 2776 3987 2980 4056; x_wconf 76' lang='lat' dir='ltr'><strong>suscepi</strong></span> <span class='ocrx_word' id='word_1_599' title='bbox 3017 3987 3396 4055; x_wconf 77' lang='lat' dir='ltr'><strong>advenientem,</strong></span> 
     </span>
    </p>
   </div>
   <div class='ocr_carea' id='block_1_84' title="bbox 1812 4072 3398 4145">
    <p class='ocr_par' dir='ltr' id='par_1_84' title="bbox 1812 4072 3398 4145">
     <span class='ocr_line' id='line_1_84' title="bbox 1812 4072 3398 4145; baseline 0.001 -16"><span class='ocrx_word' id='word_1_600' title='bbox 1812 4075 1915 4130; x_wconf 88' lang='lat' dir='ltr'><strong>hoc</strong></span> <span class='ocrx_word' id='word_1_601' title='bbox 1971 4084 2181 4128; x_wconf 90' lang='lat' dir='ltr'><strong>tantum</strong></span> <span class='ocrx_word' id='word_1_602' title='bbox 2236 4073 2440 4126; x_wconf 89' lang='lat' dir='ltr'><strong>indicat</strong></span> <span class='ocrx_word' id='word_1_603' title='bbox 2487 4072 2721 4128; x_wconf 91' lang='lat' dir='ltr'><strong>Basilius</strong></span> <span class='ocrx_word' id='word_1_604' title='bbox 2771 4088 2829 4128; x_wconf 91' lang='lat' dir='ltr'><strong>se</strong></span> <span class='ocrx_word' id='word_1_605' title='bbox 2870 4073 3056 4129; x_wconf 86' lang='lat' dir='ltr'><strong>fratris</strong></span> <span class='ocrx_word' id='word_1_606' title='bbox 3100 4089 3398 4145; x_wconf 79' lang='lat' dir='ltr'><strong>conspectu</strong></span> 
     </span>
    </p>
   </div>
   <div class='ocr_carea' id='block_1_85' title="bbox 1812 4164 3394 4236">
    <p class='ocr_par' dir='ltr' id='par_1_85' title="bbox 1812 4164 3394 4236">
     <span class='ocr_line' id='line_1_85' title="bbox 1812 4164 3394 4236; baseline 0 -15"><span class='ocrx_word' id='word_1_607' title='bbox 1812 4183 1933 4221; x_wconf 90' lang='lat' dir='ltr'><strong>cum</strong></span> <span class='ocrx_word' id='word_1_608' title='bbox 1954 4181 2166 4234; x_wconf 90' lang='lat' dir='ltr'><strong>semper</strong></span> <span class='ocrx_word' id='word_1_609' title='bbox 2187 4164 2512 4218; x_wconf 88' lang='lat' dir='ltr'><strong>delectatqu</strong></span> <span class='ocrx_word' id='word_1_610' title='bbox 2550 4164 2744 4232; x_wconf 74' lang='lat' dir='ltr'><strong>fuisse,</strong></span> <span class='ocrx_word' id='word_1_611' title='bbox 2780 4175 2892 4218; x_wconf 90' lang='lat' dir='ltr'><strong>tum</strong></span> <span class='ocrx_word' id='word_1_612' title='bbox 2922 4165 3084 4220; x_wconf 89' lang='lat' dir='ltr'><strong>etiam</strong></span> <span class='ocrx_word' id='word_1_613' title='bbox 3117 4167 3394 4236; x_wconf 81' lang='lat' dir='ltr'><strong>proxime,</strong></span> 
     </span>
    </p>
   </div>
   <div class='ocr_carea' id='block_1_86' title="bbox 1811 4255 2790 4325">
    <p class='ocr_par' dir='ltr' id='par_1_86' title="bbox 1811 4255 2790 4325">
     <span class='ocr_line' id='line_1_86' title="bbox 1811 4255 2790 4325; baseline -0.002 -13"><span class='ocrx_word' id='word_1_614' title='bbox 1811 4274 1933 4312; x_wconf 91' lang='lat' dir='ltr'><strong>cum</strong></span> <span class='ocrx_word' id='word_1_615' title='bbox 1964 4274 1992 4309; x_wconf 90' lang='lat' dir='ltr'><strong>a</strong></span> <span class='ocrx_word' id='word_1_616' title='bbox 2019 4265 2212 4325; x_wconf 89' lang='lat' dir='ltr'><strong>patruo</strong></span> <span class='ocrx_word' id='word_1_617' title='bbox 2236 4255 2520 4324; x_wconf 88' lang='lat' dir='ltr'><strong>epistolam</strong></span> <span class='ocrx_word' id='word_1_618' title='bbox 2551 4255 2790 4310; x_wconf 86' lang='lat' dir='ltr'><strong>afferret.</strong></span> 
     </span>
    </p>
   </div>
   <div class='ocr_carea' id='block_1_87' title="bbox 1884 4349 3396 4419">
    <p class='ocr_par' dir='ltr' id='par_1_87' title="bbox 1884 4349 3396 4419">
     <span class='ocr_line' id='line_1_87' title="bbox 1884 4349 3396 4419; baseline 0 -15"><span class='ocrx_word' id='word_1_619' title='bbox 1884 4350 2029 4404; x_wconf 87' lang='lat' dir='ltr'><strong>Nihil</strong></span> <span class='ocrx_word' id='word_1_620' title='bbox 2057 4360 2288 4419; x_wconf 86' lang='lat' dir='ltr'><strong>patruus</strong></span> <span class='ocrx_word' id='word_1_621' title='bbox 2323 4358 2584 4403; x_wconf 88' lang='lat' dir='ltr'><strong>statuerat</strong></span> <span class='ocrx_word' id='word_1_622' title='bbox 2611 4349 2676 4404; x_wconf 89' lang='lat' dir='ltr'><strong>de</strong></span> <span class='ocrx_word' id='word_1_623' title='bbox 2708 4363 3035 4416; x_wconf 86' lang='lat' dir='ltr'><strong>congressus</strong></span> <span class='ocrx_word' id='word_1_624' title='bbox 3070 4360 3312 4418; x_wconf 85' lang='lat' dir='ltr'><strong>tempore</strong></span> <span class='ocrx_word' id='word_1_625' title='bbox 3341 4358 3396 4404; x_wconf 91' lang='lat' dir='ltr'><strong>et</strong></span> 
     </span>
    </p>
   </div>
   <div class='ocr_carea' id='block_1_88' title="bbox 1812 4439 3397 4510">
    <p class='ocr_par' dir='ltr' id='par_1_88' title="bbox 1812 4439 3397 4510">
     <span class='ocr_line' id='line_1_88' title="bbox 1812 4439 3397 4510; baseline -0.003 -13"><span class='ocrx_word' id='word_1_626' title='bbox 1812 4442 1952 4497; x_wconf 84' lang='lat' dir='ltr'><strong>loco.</strong></span> <span class='ocrx_word' id='word_1_627' title='bbox 1986 4440 2329 4510; x_wconf 85' lang='lat' dir='ltr'><strong>Quapmpter</strong></span> <span class='ocrx_word' id='word_1_628' title='bbox 2357 4441 2552 4494; x_wconf 90' lang='lat' dir='ltr'><strong>iterum</strong></span> <span class='ocrx_word' id='word_1_629' title='bbox 2587 4452 2740 4508; x_wconf 83' lang='lat' dir='ltr'><strong>rogat</strong></span> <span class='ocrx_word' id='word_1_630' title='bbox 2777 4439 3030 4507; x_wconf 86' lang='lat' dir='ltr'><strong>Basilius,</strong></span> <span class='ocrx_word' id='word_1_631' title='bbox 3071 4450 3130 4493; x_wconf 91' lang='lat' dir='ltr'><strong>ut</strong></span> <span class='ocrx_word' id='word_1_632' title='bbox 3167 4441 3279 4493; x_wconf 78' lang='lat' dir='ltr'><strong>haec</strong></span> <span class='ocrx_word' id='word_1_633' title='bbox 3307 4456 3397 4494; x_wconf 80' lang='lat' dir='ltr'><strong>ar-</strong></span> 
     </span>
    </p>
   </div>
   <div class='ocr_carea' id='block_1_89' title="bbox 109 4523 3397 4599">
    <p class='ocr_par' dir='ltr' id='par_1_89' title="bbox 109 4523 3397 4599">
     <span class='ocr_line' id='line_1_89' title="bbox 109 4523 3397 4599; baseline 0.002 -16"><span class='ocrx_word' id='word_1_634' title='bbox 109 4541 226 4583; x_wconf 86' lang='lat' dir='ltr'><strong>tum</strong></span> <span class='ocrx_word' id='word_1_635' title='bbox 257 4531 432 4583; x_wconf 87' lang='lat' dir='ltr'><strong>etiam</strong></span> <span class='ocrx_word' id='word_1_636' title='bbox 475 4531 704 4597; x_wconf 90' lang='lat' dir='ltr'><strong>tempori</strong></span> <span class='ocrx_word' id='word_1_637' title='bbox 744 4530 964 4583; x_wconf 92' lang='lat' dir='ltr'><strong>minime</strong></span> <span class='ocrx_word' id='word_1_638' title='bbox 982 4532 1276 4585; x_wconf 88' lang='lat' dir='ltr'><strong>convenire</strong></span> <span class='ocrx_word' id='word_1_639' title='bbox 1305 4530 1568 4585; x_wconf 89' lang='lat' dir='ltr'><strong>declarat.</strong></span> <span class='ocrx_word' id='word_1_640' title='bbox 1609 4529 1703 4583; x_wconf 82' lang='lat' dir='ltr'><strong>Li-</strong></span> <span class='ocrx_word' id='word_1_641' title='bbox 1738 4523 1781 4577; x_wconf 87' lang='grc'><strong>1)</strong></span> <span class='ocrx_word' id='word_1_642' title='bbox 1810 4534 1976 4589; x_wconf 86' lang='lat' dir='ltr'><strong>bitrio</strong></span> <span class='ocrx_word' id='word_1_643' title='bbox 2002 4549 2102 4589; x_wconf 90' lang='lat' dir='ltr'><strong>suo</strong></span> <span class='ocrx_word' id='word_1_644' title='bbox 2128 4533 2391 4599; x_wconf 84' lang='lat' dir='ltr'><strong>definiat;</strong></span> <span class='ocrx_word' id='word_1_645' title='bbox 2417 4533 2518 4588; x_wconf 92' lang='lat' dir='ltr'><strong>sibi</strong></span> <span class='ocrx_word' id='word_1_646' title='bbox 2550 4534 2708 4586; x_wconf 87' lang='lat' dir='ltr'><strong>enim</strong></span> <span class='ocrx_word' id='word_1_647' title='bbox 2746 4543 3007 4585; x_wconf 90' lang='lat' dir='ltr'><strong>statutum</strong></span> <span class='ocrx_word' id='word_1_648' title='bbox 3039 4547 3159 4587; x_wconf 89' lang='lat' dir='ltr'><strong>esse</strong></span> <span class='ocrx_word' id='word_1_649' title='bbox 3192 4534 3397 4588; x_wconf 82' lang='lat' dir='ltr'><strong>servire</strong></span> 
     </span>
    </p>
   </div>
   <div class='ocr_carea' id='block_1_90' title="bbox 108 4624 1696 4694">
    <p class='ocr_par' dir='ltr' id='par_1_90' title="bbox 108 4624 1696 4694">
     <span class='ocr_line' id='line_1_90' title="bbox 108 4624 1696 4694; baseline 0.001 -17"><span class='ocrx_word' id='word_1_650' title='bbox 108 4626 242 4678; x_wconf 89' lang='lat' dir='ltr'><strong>bere</strong></span> <span class='ocrx_word' id='word_1_651' title='bbox 272 4632 462 4676; x_wconf 88' lang='lat' dir='ltr'><strong>monet</strong></span> <span class='ocrx_word' id='word_1_652' title='bbox 483 4639 608 4677; x_wconf 91' lang='lat' dir='ltr'><strong>eum</strong></span> <span class='ocrx_word' id='word_1_653' title='bbox 647 4624 846 4678; x_wconf 82' lang='lat' dir='ltr'><strong>talibus</strong></span> <span class='ocrx_word' id='word_1_654' title='bbox 884 4625 1116 4694; x_wconf 82' lang='lat' dir='ltr'><strong>negotiis</strong></span> <span class='ocrx_word' id='word_1_655' title='bbox 1145 4639 1364 4677; x_wconf 87' lang='lat' dir='ltr'><strong>manum</strong></span> <span class='ocrx_word' id='word_1_656' title='bbox 1399 4624 1696 4678; x_wconf 88' lang='lat' dir='ltr'><strong>admovere</strong></span> 
     </span>
    </p>
   </div>
   <div class='ocr_carea' id='block_1_91' title="bbox 107 4714 1707 4781">
    <p class='ocr_par' dir='ltr' id='par_1_91' title="bbox 107 4714 1707 4781">
     <span class='ocr_line' id='line_1_91' title="bbox 107 4714 1707 4781; baseline -0.003 -11"><span class='ocrx_word' id='word_1_657' title='bbox 107 4733 216 4770; x_wconf 86' lang='lat' dir='ltr'><strong>non</strong></span> <span class='ocrx_word' id='word_1_658' title='bbox 254 4716 540 4781; x_wconf 87' lang='lat' dir='ltr'><strong>debuisse,</strong></span> <span class='ocrx_word' id='word_1_659' title='bbox 573 4727 666 4768; x_wconf 92' lang='lat' dir='ltr'><strong>aut</strong></span> <span class='ocrx_word' id='word_1_660' title='bbox 693 4715 884 4768; x_wconf 87' lang='lat' dir='ltr'><strong>saltem</strong></span> <span class='ocrx_word' id='word_1_661' title='bbox 928 4716 995 4768; x_wconf 92' lang='lat' dir='ltr'><strong>ad</strong></span> <span class='ocrx_word' id='word_1_662' title='bbox 1025 4730 1083 4768; x_wconf 91' lang='lat' dir='ltr'><strong>se</strong></span> <span class='ocrx_word' id='word_1_663' title='bbox 1116 4717 1298 4768; x_wconf 90' lang='lat' dir='ltr'><strong>venire</strong></span> <span class='ocrx_word' id='word_1_664' title='bbox 1325 4715 1599 4780; x_wconf 87' lang='lat' dir='ltr'><strong>debuisse,</strong></span> <span class='ocrx_word' id='word_1_665' title='bbox 1625 4714 1707 4768; x_wconf 83' lang='lat' dir='ltr'><strong>si-</strong></span> 
     </span>
    </p>
   </div>
   <div class='ocr_carea' id='block_1_92' title="bbox 109 4806 1707 4878">
    <p class='ocr_par' dir='ltr' id='par_1_92' title="bbox 109 4806 1707 4878">
     <span class='ocr_line' id='line_1_92' title="bbox 109 4806 1707 4878; baseline -0.002 -16"><span class='ocrx_word' id='word_1_666' title='bbox 109 4811 278 4878; x_wconf 86' lang='lat' dir='ltr'><strong>hique</strong></span> <span class='ocrx_word' id='word_1_667' title='bbox 310 4822 475 4876; x_wconf 90' lang='lat' dir='ltr'><strong>opem</strong></span> <span class='ocrx_word' id='word_1_668' title='bbox 528 4806 675 4860; x_wconf 85' lang='lat' dir='ltr'><strong>ferre</strong></span> <span class='ocrx_word' id='word_1_669' title='bbox 717 4822 914 4860; x_wconf 89' lang='lat' dir='ltr'><strong>novam</strong></span> <span class='ocrx_word' id='word_1_670' title='bbox 942 4807 1108 4860; x_wconf 87' lang='lat' dir='ltr'><strong>vitam</strong></span> <span class='ocrx_word' id='word_1_671' title='bbox 1169 4807 1437 4876; x_wconf 85' lang='lat' dir='ltr'><strong>ingresso,</strong></span> <span class='ocrx_word' id='word_1_672' title='bbox 1476 4821 1596 4876; x_wconf 73' lang='lat' dir='ltr'><strong>qua:</strong></span> <span class='ocrx_word' id='word_1_673' title='bbox 1651 4815 1707 4860; x_wconf 92' lang='lat' dir='ltr'><strong>et</strong></span> 
     </span>
    </p>
   </div>
   <div class='ocr_carea' id='block_1_93' title="bbox 111 4896 1706 4970">
    <p class='ocr_par' dir='ltr' id='par_1_93' title="bbox 111 4896 1706 4970">
     <span class='ocr_line' id='line_1_93' title="bbox 111 4896 1706 4970; baseline -0.003 -15"><span class='ocrx_word' id='word_1_674' title='bbox 111 4917 312 4970; x_wconf 86' lang='lat' dir='ltr'><strong>corpus</strong></span> <span class='ocrx_word' id='word_1_675' title='bbox 347 4899 590 4955; x_wconf 89' lang='lat' dir='ltr'><strong>conterit</strong></span> <span class='ocrx_word' id='word_1_676' title='bbox 641 4907 695 4952; x_wconf 91' lang='lat' dir='ltr'><strong>et</strong></span> <span class='ocrx_word' id='word_1_677' title='bbox 725 4900 962 4951; x_wconf 89' lang='lat' dir='ltr'><strong>animam</strong></span> <span class='ocrx_word' id='word_1_678' title='bbox 1011 4897 1252 4952; x_wconf 83' lang='lat' dir='ltr'><strong>conficit.</strong></span> <span class='ocrx_word' id='word_1_679' title='bbox 1286 4896 1527 4951; x_wconf 88' lang='lat' dir='ltr'><strong>Tandem</strong></span> <span class='ocrx_word' id='word_1_680' title='bbox 1561 4897 1706 4951; x_wconf 87' lang='lat' dir='ltr'><strong>idem</strong></span> 
     </span>
    </p>
   </div>
   <div class='ocr_carea' id='block_1_94' title="bbox 111 4989 1704 5062">
    <p class='ocr_par' dir='ltr' id='par_1_94' title="bbox 111 4989 1704 5062">
     <span class='ocr_line' id='line_1_94' title="bbox 111 4989 1704 5062; baseline -0.003 -15"><span class='ocrx_word' id='word_1_681' title='bbox 111 4995 158 5047; x_wconf 91' lang='lat' dir='ltr'><strong>ei</strong></span> <span class='ocrx_word' id='word_1_682' title='bbox 192 5007 524 5062; x_wconf 89' lang='lat' dir='ltr'><strong>responsum</strong></span> <span class='ocrx_word' id='word_1_683' title='bbox 561 4993 674 5056; x_wconf 89' lang='lat' dir='ltr'><strong>dat,</strong></span> <span class='ocrx_word' id='word_1_684' title='bbox 715 4991 857 5060; x_wconf 89' lang='lat' dir='ltr'><strong>quod</strong></span> <span class='ocrx_word' id='word_1_685' title='bbox 879 4991 992 5059; x_wconf 86' lang='lat' dir='ltr'><strong>jam</strong></span> <span class='ocrx_word' id='word_1_686' title='bbox 1043 4991 1295 5059; x_wconf 83' lang='lat' dir='ltr'><strong>praesenti</strong></span> <span class='ocrx_word' id='word_1_687' title='bbox 1348 4991 1596 5054; x_wconf 89' lang='lat' dir='ltr'><strong>dederat,</strong></span> <span class='ocrx_word' id='word_1_688' title='bbox 1632 4989 1704 5042; x_wconf 89' lang='lat' dir='ltr'><strong>li-</strong></span> 
     </span>
    </p>
   </div>
   <div class='ocr_carea' id='block_1_95' title="bbox 112 5083 1694 5154">
    <p class='ocr_par' dir='ltr' id='par_1_95' title="bbox 112 5083 1694 5154">
     <span class='ocr_line' id='line_1_95' title="bbox 112 5083 1694 5154; baseline -0.003 -15"><span class='ocrx_word' id='word_1_689' title='bbox 112 5086 307 5140; x_wconf 87' lang='lat' dir='ltr'><strong>benter</strong></span> <span class='ocrx_word' id='word_1_690' title='bbox 344 5099 408 5139; x_wconf 91' lang='lat' dir='ltr'><strong>se</strong></span> <span class='ocrx_word' id='word_1_691' title='bbox 443 5101 567 5138; x_wconf 91' lang='lat' dir='ltr'><strong>cum</strong></span> <span class='ocrx_word' id='word_1_692' title='bbox 599 5094 792 5154; x_wconf 90' lang='lat' dir='ltr'><strong>patruo</strong></span> <span class='ocrx_word' id='word_1_693' title='bbox 830 5095 887 5137; x_wconf 88' lang='lat' dir='ltr'><strong>et</strong></span> <span class='ocrx_word' id='word_1_694' title='bbox 923 5083 1188 5152; x_wconf 84' lang='lat' dir='ltr'><strong>episc0pis</strong></span> <span class='ocrx_word' id='word_1_695' title='bbox 1234 5096 1694 5153; x_wconf 82' lang='lat' dir='ltr'><strong>congressurum,</strong></span> 
     </span>
    </p>
   </div>
   <div class='ocr_carea' id='block_1_96' title="bbox 113 5175 1702 5247">
    <p class='ocr_par' dir='ltr' id='par_1_96' title="bbox 113 5175 1702 5247">
     <span class='ocr_line' id='line_1_96' title="bbox 113 5175 1702 5247; baseline -0.003 -16"><span class='ocrx_word' id='word_1_696' title='bbox 113 5178 155 5231; x_wconf 86' lang='lat' dir='ltr'><strong>si</strong></span> <span class='ocrx_word' id='word_1_697' title='bbox 192 5188 414 5247; x_wconf 87' lang='lat' dir='ltr'><strong>tempus</strong></span> <span class='ocrx_word' id='word_1_698' title='bbox 447 5185 504 5230; x_wconf 92' lang='lat' dir='ltr'><strong>et</strong></span> <span class='ocrx_word' id='word_1_699' title='bbox 534 5177 710 5230; x_wconf 92' lang='lat' dir='ltr'><strong>locum</strong></span> <span class='ocrx_word' id='word_1_700' title='bbox 746 5175 1029 5239; x_wconf 84' lang='lat' dir='ltr'><strong>deliniant,</strong></span> <span class='ocrx_word' id='word_1_701' title='bbox 1058 5190 1226 5245; x_wconf 91' lang='lat' dir='ltr'><strong>seque</strong></span> <span class='ocrx_word' id='word_1_702' title='bbox 1258 5181 1316 5229; x_wconf 87' lang='lat' dir='ltr'><strong>ut</strong></span> <span class='ocrx_word' id='word_1_703' title='bbox 1357 5190 1456 5245; x_wconf 91' lang='lat' dir='ltr'><strong>par</strong></span> <span class='ocrx_word' id='word_1_704' title='bbox 1480 5184 1568 5230; x_wconf 88' lang='lat' dir='ltr'><strong>est</strong></span> <span class='ocrx_word' id='word_1_705' title='bbox 1600 5175 1702 5227; x_wconf 86' lang='lat' dir='ltr'><strong>ad-</strong></span> 
     </span>
    </p>
   </div>
   <div class='ocr_carea' id='block_1_97' title="bbox 114 5270 1694 5341">
    <p class='ocr_par' dir='ltr' id='par_1_97' title="bbox 114 5270 1694 5341">
     <span class='ocr_line' id='line_1_97' title="bbox 114 5270 1694 5341; baseline -0.001 -18"><span class='ocrx_word' id='word_1_706' title='bbox 114 5282 309 5325; x_wconf 78' lang='lat' dir='ltr'><strong>vocent</strong></span> <span class='ocrx_word' id='word_1_707' title='bbox 345 5291 358 5325; x_wconf 89' lang='lat'>:</span> <span class='ocrx_word' id='word_1_708' title='bbox 397 5273 491 5325; x_wconf 88' lang='lat' dir='ltr'><strong>sed</strong></span> <span class='ocrx_word' id='word_1_709' title='bbox 517 5273 706 5325; x_wconf 90' lang='lat' dir='ltr'><strong>adesse</strong></span> <span class='ocrx_word' id='word_1_710' title='bbox 737 5287 794 5325; x_wconf 91' lang='lat' dir='ltr'><strong>se</strong></span> <span class='ocrx_word' id='word_1_711' title='bbox 827 5285 931 5325; x_wconf 93' lang='lat' dir='ltr'><strong>non</strong></span> <span class='ocrx_word' id='word_1_712' title='bbox 967 5285 1125 5341; x_wconf 75' lang='lat' dir='ltr'><strong>posse</strong></span> <span class='ocrx_word' id='word_1_713' title='bbox 1147 5309 1163 5335; x_wconf 91' lang='lat'><strong>,</strong></span> <span class='ocrx_word' id='word_1_714' title='bbox 1198 5270 1302 5324; x_wconf 91' lang='lat' dir='ltr'><strong>nisi</strong></span> <span class='ocrx_word' id='word_1_715' title='bbox 1343 5270 1502 5324; x_wconf 90' lang='lat' dir='ltr'><strong>modo</strong></span> <span class='ocrx_word' id='word_1_716' title='bbox 1560 5284 1694 5322; x_wconf 88' lang='lat' dir='ltr'><strong>con-</strong></span> 
     </span>
    </p>
   </div>
   <div class='ocr_carea' id='block_1_98' title="bbox 117 5365 681 5432">
    <p class='ocr_par' dir='ltr' id='par_1_98' title="bbox 117 5365 681 5432">
     <span class='ocr_line' id='line_1_98' title="bbox 117 5365 681 5432; baseline 0 -16"><span class='ocrx_word' id='word_1_717' title='bbox 117 5365 334 5432; x_wconf 81' lang='lat' dir='ltr'><strong>gruenti</strong></span> <span class='ocrx_word' id='word_1_718' title='bbox 359 5365 681 5417; x_wconf 86' lang='lat' dir='ltr'><strong>advocetur.</strong></span> 
     </span>
    </p>
   </div>
   <div class='ocr_carea' id='block_1_99' title="bbox 185 5453 1700 5524">
    <p class='ocr_par' dir='ltr' id='par_1_99' title="bbox 185 5453 1700 5524">
     <span class='ocr_line' id='line_1_99' title="bbox 185 5453 1700 5524; baseline -0.004 -13"><span class='ocrx_word' id='word_1_719' title='bbox 185 5457 276 5511; x_wconf 78' lang='lat' dir='ltr'><strong>IV.</strong></span> <span class='ocrx_word' id='word_1_720' title='bbox 313 5456 564 5511; x_wconf 85' lang='lat' dir='ltr'><strong>Tertiam</strong></span> <span class='ocrx_word' id='word_1_721' title='bbox 622 5455 768 5509; x_wconf 89' lang='lat' dir='ltr'><strong>illam</strong></span> <span class='ocrx_word' id='word_1_722' title='bbox 824 5453 1107 5524; x_wconf 91' lang='lat' dir='ltr'><strong>epistolam</strong></span> <span class='ocrx_word' id='word_1_723' title='bbox 1160 5455 1355 5509; x_wconf 89' lang='lat' dir='ltr'><strong>merito</strong></span> <span class='ocrx_word' id='word_1_724' title='bbox 1391 5461 1700 5523; x_wconf 89' lang='lat' dir='ltr'><strong>suspectam</strong></span> 
     </span>
    </p>
   </div>
   <div class='ocr_carea' id='block_1_100' title="bbox 119 5547 1692 5616">
    <p class='ocr_par' dir='ltr' id='par_1_100' title="bbox 119 5547 1692 5616">
     <span class='ocr_line' id='line_1_100' title="bbox 119 5547 1692 5616; baseline -0.001 -13"><span class='ocrx_word' id='word_1_725' title='bbox 119 5548 319 5605; x_wconf 82' lang='lat' dir='ltr'><strong>Basilio</strong></span> <span class='ocrx_word' id='word_1_726' title='bbox 351 5547 548 5614; x_wconf 80' lang='lat' dir='ltr'><strong>tuisse,</strong></span> <span class='ocrx_word' id='word_1_727' title='bbox 573 5561 675 5603; x_wconf 92' lang='lat' dir='ltr'><strong>nec</strong></span> <span class='ocrx_word' id='word_1_728' title='bbox 698 5548 966 5603; x_wconf 90' lang='lat' dir='ltr'><strong>veriorem</strong></span> <span class='ocrx_word' id='word_1_729' title='bbox 991 5561 1154 5616; x_wconf 88' lang='lat' dir='ltr'><strong>quam</strong></span> <span class='ocrx_word' id='word_1_730' title='bbox 1190 5549 1324 5603; x_wconf 78' lang='lat' dir='ltr'><strong>duas</strong></span> <span class='ocrx_word' id='word_1_731' title='bbox 1356 5547 1692 5616; x_wconf 89' lang='lat' dir='ltr'><strong>superiores,</strong></span> 
     </span>
    </p>
   </div>
   <div class='ocr_carea' id='block_1_101' title="bbox 190 5730 520 5874">
    <p class='ocr_par' dir='ltr' id='par_1_101' title="bbox 190 5730 520 5874">
     <span class='ocr_line' id='line_1_101' title="bbox 190 5730 520 5874; baseline -0.058 -1"><span class='ocrx_word' id='word_1_732' title='bbox 190 5731 265 5874; x_wconf 63' lang='lat' dir='ltr'><strong>Et}</strong></span> <span class='ocrx_word' id='word_1_733' title='bbox 286 5730 520 5874; x_wconf 52' lang='lat' dir='ltr'><strong>(iiii:</strong></span> 
     </span>
    </p>
   </div>
   <div class='ocr_carea' id='block_1_102' title="bbox 1809 4623 3395 4689">
    <p class='ocr_par' dir='ltr' id='par_1_102' title="bbox 1809 4623 3395 4689">
     <span class='ocr_line' id='line_1_102' title="bbox 1809 4623 3395 4689; baseline 0.001 -11"><span class='ocrx_word' id='word_1_734' title='bbox 1809 4624 1882 4678; x_wconf 82' lang='lat' dir='ltr'><strong>illi</strong></span> <span class='ocrx_word' id='word_1_735' title='bbox 1909 4624 1963 4678; x_wconf 91' lang='lat' dir='ltr'><strong>in</strong></span> <span class='ocrx_word' id='word_1_736' title='bbox 2012 4623 2317 4688; x_wconf 85' lang='lat' dir='ltr'><strong>cbaritate,</strong></span> <span class='ocrx_word' id='word_1_737' title='bbox 2342 4625 2456 4678; x_wconf 90' lang='lat' dir='ltr'><strong>sive</strong></span> <span class='ocrx_word' id='word_1_738' title='bbox 2486 4623 2788 4677; x_wconf 80' lang='lat' dir='ltr'><strong>Caesaream</strong></span> <span class='ocrx_word' id='word_1_739' title='bbox 2826 4625 3011 4677; x_wconf 88' lang='lat' dir='ltr'><strong>venire</strong></span> <span class='ocrx_word' id='word_1_740' title='bbox 3051 4624 3222 4689; x_wconf 85' lang='lat' dir='ltr'><strong>velit;</strong></span> <span class='ocrx_word' id='word_1_741' title='bbox 3268 4627 3395 4679; x_wconf 82' lang='lat' dir='ltr'><strong>sive</strong></span> 
     </span>
    </p>
   </div>
   <div class='ocr_carea' id='block_1_103' title="bbox 1811 4713 3391 4786">
    <p class='ocr_par' dir='ltr' id='par_1_103' title="bbox 1811 4713 3391 4786">
     <span class='ocr_line' id='line_1_103' title="bbox 1811 4713 3391 4786; baseline 0 -18"><span class='ocrx_word' id='word_1_742' title='bbox 1811 4716 2088 4786; x_wconf 89' lang='lat' dir='ltr'><strong>privatim,</strong></span> <span class='ocrx_word' id='word_1_743' title='bbox 2119 4715 2232 4769; x_wconf 88' lang='lat' dir='ltr'><strong>sive</strong></span> <span class='ocrx_word' id='word_1_744' title='bbox 2270 4729 2392 4769; x_wconf 89' lang='lat' dir='ltr'><strong>cum</strong></span> <span class='ocrx_word' id='word_1_745' title='bbox 2423 4714 2545 4768; x_wconf 90' lang='lat' dir='ltr'><strong>aliis</strong></span> <span class='ocrx_word' id='word_1_746' title='bbox 2585 4715 2864 4782; x_wconf 82' lang='lat' dir='ltr'><strong>congredi.</strong></span> <span class='ocrx_word' id='word_1_747' title='bbox 2900 4713 3036 4781; x_wconf 85' lang='lat' dir='ltr'><strong>Quid</strong></span> <span class='ocrx_word' id='word_1_748' title='bbox 3073 4717 3267 4770; x_wconf 90' lang='lat' dir='ltr'><strong>deinde</strong></span> <span class='ocrx_word' id='word_1_749' title='bbox 3291 4732 3391 4783; x_wconf 74' lang='lat' dir='ltr'><strong>ge-</strong></span> 
     </span>
    </p>
   </div>
   <div class='ocr_carea' id='block_1_104' title="bbox 1816 4805 3396 4874">
    <p class='ocr_par' dir='ltr' id='par_1_104' title="bbox 1816 4805 3396 4874">
     <span class='ocr_line' id='line_1_104' title="bbox 1816 4805 3396 4874; baseline -0.002 -13"><span class='ocrx_word' id='word_1_750' title='bbox 1816 4816 1956 4861; x_wconf 88' lang='lat' dir='ltr'><strong>stum</strong></span> <span class='ocrx_word' id='word_1_751' title='bbox 1989 4807 2078 4870; x_wconf 88' lang='lat' dir='ltr'><strong>sit,</strong></span> <span class='ocrx_word' id='word_1_752' title='bbox 2116 4805 2387 4859; x_wconf 87' lang='lat' dir='ltr'><strong>nescimus</strong></span> <span class='ocrx_word' id='word_1_753' title='bbox 2418 4823 2432 4859; x_wconf 89' lang='lat'><strong>:</strong></span> <span class='ocrx_word' id='word_1_754' title='bbox 2473 4805 2566 4858; x_wconf 89' lang='lat' dir='ltr'><strong>sed</strong></span> <span class='ocrx_word' id='word_1_755' title='bbox 2597 4805 2821 4859; x_wconf 91' lang='lat' dir='ltr'><strong>minime</strong></span> <span class='ocrx_word' id='word_1_756' title='bbox 2852 4805 3096 4871; x_wconf 89' lang='lat' dir='ltr'><strong>dubium,</strong></span> <span class='ocrx_word' id='word_1_757' title='bbox 3130 4806 3260 4874; x_wconf 90' lang='lat' dir='ltr'><strong>quin</strong></span> <span class='ocrx_word' id='word_1_758' title='bbox 3291 4806 3396 4858; x_wconf 86' lang='lat' dir='ltr'><strong>Ba-</strong></span> 
     </span>
    </p>
   </div>
   <div class='ocr_carea' id='block_1_105' title="bbox 1817 4897 3401 4967">
    <p class='ocr_par' dir='ltr' id='par_1_105' title="bbox 1817 4897 3401 4967">
     <span class='ocr_line' id='line_1_105' title="bbox 1817 4897 3401 4967; baseline -0.002 -14"><span class='ocrx_word' id='word_1_759' title='bbox 1817 4899 1973 4953; x_wconf 90' lang='lat' dir='ltr'><strong>silius</strong></span> <span class='ocrx_word' id='word_1_760' title='bbox 1995 4905 2240 4967; x_wconf 90' lang='lat' dir='ltr'><strong>optatum</strong></span> <span class='ocrx_word' id='word_1_761' title='bbox 2271 4911 2392 4949; x_wconf 88' lang='lat' dir='ltr'><strong>cum</strong></span> <span class='ocrx_word' id='word_1_762' title='bbox 2422 4897 2691 4964; x_wconf 88' lang='lat' dir='ltr'><strong>episcopis</strong></span> <span class='ocrx_word' id='word_1_763' title='bbox 2713 4910 3088 4965; x_wconf 85' lang='lat' dir='ltr'><strong>congressum,</strong></span> <span class='ocrx_word' id='word_1_764' title='bbox 3122 4910 3280 4963; x_wconf 92' lang='lat' dir='ltr'><strong>quem</strong></span> <span class='ocrx_word' id='word_1_765' title='bbox 3310 4912 3401 4950; x_wconf 53' lang='lat' dir='ltr'><strong>san</strong></span> 
     </span>
    </p>
   </div>
   <div class='ocr_carea' id='block_1_106' title="bbox 1815 4985 3396 5059">
    <p class='ocr_par' dir='ltr' id='par_1_106' title="bbox 1815 4985 3396 5059">
     <span class='ocr_line' id='line_1_106' title="bbox 1815 4985 3396 5059; baseline -0.002 -16"><span class='ocrx_word' id='word_1_766' title='bbox 1815 4990 2010 5044; x_wconf 90' lang='lat' dir='ltr'><strong>nandis</strong></span> <span class='ocrx_word' id='word_1_767' title='bbox 2052 4989 2370 5043; x_wconf 87' lang='lat' dir='ltr'><strong>vulneribus</strong></span> <span class='ocrx_word' id='word_1_768' title='bbox 2399 4985 2478 5059; x_wconf 75' lang='grc' dir='ltr'><strong>(Δ)</strong></span> <span class='ocrx_word' id='word_1_769' title='bbox 2525 4989 2894 5043; x_wconf 88' lang='lat' dir='ltr'><strong>necessarium</strong></span> <span class='ocrx_word' id='word_1_770' title='bbox 2922 4987 3222 5053; x_wconf 89' lang='lat' dir='ltr'><strong>judicabat,</strong></span> <span class='ocrx_word' id='word_1_771' title='bbox 3280 4999 3396 5040; x_wconf 85' lang='lat' dir='ltr'><strong>tan-</strong></span> 
     </span>
    </p>
   </div>
   <div class='ocr_carea' id='block_1_107' title="bbox 1816 5080 3394 5147">
    <p class='ocr_par' dir='ltr' id='par_1_107' title="bbox 1816 5080 3394 5147">
     <span class='ocr_line' id='line_1_107' title="bbox 1816 5080 3394 5147; baseline -0.001 -11"><span class='ocrx_word' id='word_1_772' title='bbox 1816 5083 1936 5136; x_wconf 91' lang='lat' dir='ltr'><strong>dem</strong></span> <span class='ocrx_word' id='word_1_773' title='bbox 1993 5091 2315 5136; x_wconf 89' lang='lat' dir='ltr'><strong>consecutus</strong></span> <span class='ocrx_word' id='word_1_774' title='bbox 2347 5080 2455 5147; x_wconf 84' lang='lat' dir='ltr'><strong>sit,</strong></span> <span class='ocrx_word' id='word_1_775' title='bbox 2504 5089 2558 5134; x_wconf 91' lang='lat' dir='ltr'><strong>et</strong></span> <span class='ocrx_word' id='word_1_776' title='bbox 2606 5091 2731 5134; x_wconf 90' lang='lat' dir='ltr'><strong>ante</strong></span> <span class='ocrx_word' id='word_1_777' title='bbox 2761 5081 2994 5133; x_wconf 84' lang='lat' dir='ltr'><strong>medium</strong></span> <span class='ocrx_word' id='word_1_778' title='bbox 3028 5095 3228 5132; x_wconf 90' lang='lat' dir='ltr'><strong>annum</strong></span> <span class='ocrx_word' id='word_1_779' title='bbox 3266 5081 3394 5144; x_wconf 75' lang='lat' dir='ltr'><strong>57f,</strong></span> 
     </span>
    </p>
   </div>
   <div class='ocr_carea' id='block_1_108' title="bbox 1817 5171 3390 5245">
    <p class='ocr_par' dir='ltr' id='par_1_108' title="bbox 1817 5171 3390 5245">
     <span class='ocr_line' id='line_1_108' title="bbox 1817 5171 3390 5245; baseline -0.001 -16"><span class='ocrx_word' id='word_1_780' title='bbox 1817 5191 1923 5245; x_wconf 88' lang='lat' dir='ltr'><strong>quo</strong></span> <span class='ocrx_word' id='word_1_781' title='bbox 1946 5184 2188 5244; x_wconf 90' lang='lat' dir='ltr'><strong>tempore</strong></span> <span class='ocrx_word' id='word_1_782' title='bbox 2212 5173 2278 5227; x_wconf 89' lang='lat' dir='ltr'><strong>ad</strong></span> <span class='ocrx_word' id='word_1_783' title='bbox 2308 5173 2738 5242; x_wconf 90' lang='lat' dir='ltr'><strong>pacilicationem</strong></span> <span class='ocrx_word' id='word_1_784' title='bbox 2762 5171 3135 5226; x_wconf 86' lang='lat' dir='ltr'><strong>Ecclesiarum</strong></span> <span class='ocrx_word' id='word_1_785' title='bbox 3170 5188 3390 5242; x_wconf 77' lang='lat' dir='ltr'><strong>aggres-</strong></span> 
     </span>
    </p>
   </div>
   <div class='ocr_carea' id='block_1_109' title="bbox 1815 5262 3388 5332">
    <p class='ocr_par' dir='ltr' id='par_1_109' title="bbox 1815 5262 3388 5332">
     <span class='ocr_line' id='line_1_109' title="bbox 1815 5262 3388 5332; baseline -0.004 -11"><span class='ocrx_word' id='word_1_786' title='bbox 1815 5283 1907 5321; x_wconf 91' lang='lat' dir='ltr'><strong>sus</strong></span> <span class='ocrx_word' id='word_1_787' title='bbox 1940 5275 2042 5331; x_wconf 91' lang='lat' dir='ltr'><strong>est,</strong></span> <span class='ocrx_word' id='word_1_788' title='bbox 2078 5265 2242 5319; x_wconf 89' lang='lat' dir='ltr'><strong>finem</strong></span> <span class='ocrx_word' id='word_1_789' title='bbox 2271 5264 2567 5319; x_wconf 90' lang='lat' dir='ltr'><strong>tristissimi</strong></span> <span class='ocrx_word' id='word_1_790' title='bbox 2598 5263 2804 5317; x_wconf 89' lang='lat' dir='ltr'><strong>dissidii</strong></span> <span class='ocrx_word' id='word_1_791' title='bbox 2825 5263 3044 5328; x_wconf 90' lang='lat' dir='ltr'><strong>viderit,</strong></span> <span class='ocrx_word' id='word_1_792' title='bbox 3075 5262 3228 5329; x_wconf 88' lang='lat' dir='ltr'><strong>cujus</strong></span> <span class='ocrx_word' id='word_1_793' title='bbox 3262 5279 3388 5332; x_wconf 84' lang='lat' dir='ltr'><strong>par-</strong></span> 
     </span>
    </p>
   </div>
   <div class='ocr_carea' id='block_1_110' title="bbox 1818 5352 3392 5426">
    <p class='ocr_par' dir='ltr' id='par_1_110' title="bbox 1818 5352 3392 5426">
     <span class='ocr_line' id='line_1_110' title="bbox 1818 5352 3392 5426; baseline -0.004 -15"><span class='ocrx_word' id='word_1_794' title='bbox 1818 5357 2008 5426; x_wconf 91' lang='lat' dir='ltr'><strong>ticipes</strong></span> <span class='ocrx_word' id='word_1_795' title='bbox 2033 5364 2192 5410; x_wconf 90' lang='lat' dir='ltr'><strong>erant</strong></span> <span class='ocrx_word' id='word_1_796' title='bbox 2231 5363 2358 5408; x_wconf 67' lang='lat' dir='ltr'><strong>tota:</strong></span> <span class='ocrx_word' id='word_1_797' title='bbox 2393 5355 2644 5409; x_wconf 84' lang='lat' dir='ltr'><strong>civitates</strong></span> <span class='ocrx_word' id='word_1_798' title='bbox 2665 5363 2720 5408; x_wconf 92' lang='lat' dir='ltr'><strong>et</strong></span> <span class='ocrx_word' id='word_1_799' title='bbox 2754 5352 2960 5424; x_wconf 90' lang='lat' dir='ltr'><strong>populi,</strong></span> <span class='ocrx_word' id='word_1_800' title='bbox 2998 5368 3103 5407; x_wconf 90' lang='lat' dir='ltr'><strong>non</strong></span> <span class='ocrx_word' id='word_1_801' title='bbox 3129 5355 3268 5416; x_wconf 88' lang='lat' dir='ltr'><strong>quod</strong></span> <span class='ocrx_word' id='word_1_802' title='bbox 3317 5354 3392 5405; x_wconf 85' lang='lat' dir='ltr'><strong>al-</strong></span> 
     </span>
    </p>
   </div>
   <div class='ocr_carea' id='block_1_111' title="bbox 1818 5442 3395 5517">
    <p class='ocr_par' dir='ltr' id='par_1_111' title="bbox 1818 5442 3395 5517">
     <span class='ocr_line' id='line_1_111' title="bbox 1818 5442 3395 5517; baseline -0.004 -16"><span class='ocrx_word' id='word_1_803' title='bbox 1818 5449 2008 5502; x_wconf 90' lang='lat' dir='ltr'><strong>terutri</strong></span> <span class='ocrx_word' id='word_1_804' title='bbox 2063 5445 2208 5516; x_wconf 88' lang='lat' dir='ltr'><strong>parti</strong></span> <span class='ocrx_word' id='word_1_805' title='bbox 2262 5445 2548 5501; x_wconf 90' lang='lat' dir='ltr'><strong>studerent</strong></span> <span class='ocrx_word' id='word_1_806' title='bbox 2581 5445 2783 5517; x_wconf 89' lang='lat' dir='ltr'><strong>(neque</strong></span> <span class='ocrx_word' id='word_1_807' title='bbox 2826 5444 2970 5500; x_wconf 87' lang='lat' dir='ltr'><strong>enim</strong></span> <span class='ocrx_word' id='word_1_808' title='bbox 2999 5443 3055 5497; x_wconf 88' lang='lat' dir='ltr'><strong>id</strong></span> <span class='ocrx_word' id='word_1_809' title='bbox 3082 5443 3214 5497; x_wconf 86' lang='lat' dir='ltr'><strong>dicit</strong></span> <span class='ocrx_word' id='word_1_810' title='bbox 3241 5442 3395 5495; x_wconf 88' lang='lat' dir='ltr'><strong>Basi-</strong></span> 
     </span>
    </p>
   </div>
   <div class='ocr_carea' id='block_1_112' title="bbox 1814 5535 3391 5613">
    <p class='ocr_par' dir='ltr' id='par_1_112' title="bbox 1814 5535 3391 5613">
     <span class='ocr_line' id='line_1_112' title="bbox 1814 5535 3391 5613; baseline -0.005 -17"><span class='ocrx_word' id='word_1_811' title='bbox 1814 5541 1962 5613; x_wconf 88' lang='lat' dir='ltr'><strong>lius),</strong></span> <span class='ocrx_word' id='word_1_812' title='bbox 1998 5539 2091 5595; x_wconf 89' lang='lat' dir='ltr'><strong>sed</strong></span> <span class='ocrx_word' id='word_1_813' title='bbox 2139 5538 2265 5608; x_wconf 89' lang='lat' dir='ltr'><strong>quia</strong></span> <span class='ocrx_word' id='word_1_814' title='bbox 2319 5539 2564 5610; x_wconf 90' lang='lat' dir='ltr'><strong>episcopi</strong></span> <span class='ocrx_word' id='word_1_815' title='bbox 2622 5539 2765 5596; x_wconf 88' lang='lat' dir='ltr'><strong>inter</strong></span> <span class='ocrx_word' id='word_1_816' title='bbox 2809 5553 2868 5593; x_wconf 91' lang='lat' dir='ltr'><strong>se</strong></span> <span class='ocrx_word' id='word_1_817' title='bbox 2917 5535 3036 5592; x_wconf 87' lang='lat' dir='ltr'><strong>sine</strong></span> <span class='ocrx_word' id='word_1_818' title='bbox 3076 5535 3391 5607; x_wconf 88' lang='lat' dir='ltr'><strong>populorum</strong></span> 
     </span>
    </p>
   </div>
   <div class='ocr_carea' id='block_1_113' title="bbox 1908 5723 2206 5795">
    <p class='ocr_par' dir='ltr' id='par_1_113' title="bbox 1908 5723 2206 5795">
     <span class='ocr_line' id='line_1_113' title="bbox 1908 5723 2206 5795; baseline 0 -19"><span class='ocrx_word' id='word_1_819' title='bbox 1908 5724 1956 5795; x_wconf 88' lang='lat' dir='ltr'><strong>c)</strong></span> <span class='ocrx_word' id='word_1_820' title='bbox 1983 5724 2078 5788; x_wconf 85' lang='lat' dir='ltr'><strong>Ep.</strong></span> <span class='ocrx_word' id='word_1_821' title='bbox 2109 5723 2206 5795; x_wconf 84' lang='lat'><strong>60.</strong></span> 
     </span>
    </p>
   </div>
   <div class='ocr_carea' id='block_1_114' title="bbox 1885 5725 2382 5868">
    <p class='ocr_par' dir='ltr' id='par_1_114' title="bbox 1885 5725 2382 5868">
     <span class='ocr_line' id='line_1_114' title="bbox 1908 5725 2206 5795; baseline 0 -19"><span class='ocrx_word' id='word_1_822' title='bbox 1908 5725 1956 5795; x_wconf 91' lang='lat' dir='ltr'><strong>c)</strong></span> <span class='ocrx_word' id='word_1_823' title='bbox 1983 5725 2078 5788; x_wconf 87' lang='lat' dir='ltr'><strong>Ep.</strong></span> <span class='ocrx_word' id='word_1_824' title='bbox 2109 5725 2206 5777; x_wconf 90' lang='lat'><strong>60.</strong></span> 
     </span>
     <span class='ocr_line' id='line_1_115' title="bbox 1885 5725 2382 5868; baseline -0.002 -22"><span class='ocrx_word' id='word_1_825' title='bbox 1885 5725 1962 5868; x_wconf 55' lang='lat' dir='ltr'><strong>{ei}</strong></span> <span class='ocrx_word' id='word_1_826' title='bbox 1993 5795 2088 5863; x_wconf 81' lang='lat' dir='ltr'><strong>Ep.</strong></span> <span class='ocrx_word' id='word_1_827' title='bbox 2118 5794 2210 5859; x_wconf 79' lang='lat'><strong>59,</strong></span> <span class='ocrx_word' id='word_1_828' title='bbox 2242 5809 2296 5846; x_wconf 83' lang='grc' dir='ltr'><strong>η.</strong></span> <span class='ocrx_word' id='word_1_829' title='bbox 2324 5793 2382 5845; x_wconf 73' lang='grc'><strong>2.</strong></span> 
     </span>
    </p>
   </div>
  </div>
