3820 6210
456 326 624 369 [XVIII

1786 301 2322 360 PROLEGOMENA.

457 425 754 484 offensione
823 423 1067 478 lissidcre
1121 437 1226 476 non
1263 431 1489 490 possunt
1534 422 1634 494 (α).
1693 423 2025 477 IIcsetlerunt
2055 435 2098 487 Α
2133 440 2237 491 que
2291 422 2634 478 scribendum
2667 439 2785 478 esse
2815 425 2989 489 duxit,
3024 435 3083 478 ut
3131 440 3254 480 cum
3285 424 3452 481 altero
3494 423 3658 483 amici-

456 529 638 572 tamen
670 516 725 570 in
753 515 1024 577 utnnullis
1063 515 1260 568 animis
1297 513 1537 582 reliquiae
1565 513 1774 568 doloris
1803 523 1856 567 et
1888 515 2023 568 invi-

455 611 580 672 diae,
602 623 722 676 quae
755 621 896 660 anno
912 605 1016 659 572
1053 606 1414 660 emicuerunt.

525 701 858 755 Promiserat
912 699 1111 753 Basilio
1163 698 1239 770 (ir)
1280 698 1578 768 Gregorius
1630 709 1918 754 venturum
1965 714 2024 754 se

453 793 778 856 Caesaream,
811 800 1097 861 postquam
1139 792 1343 846 umbra:
1365 808 1574 857 eorum,
1599 794 1689 862 qui
1716 793 1912 848 Basilio
1943 795 2024 848 in—

453 885 816 949 sidiabantur,
847 883 1260 951 praeteriissent,
1291 893 1344 938 et
1375 883 1574 953 leprosi
1617 884 1873 938 Davidem
1906 885 2024 939 Ilie-

451 974 740 1044 rosolymis
786 974 1074 1028 desiissent
1125 975 1431 1030 excludere.
1473 977 1573 1030 Vix
1620 977 1840 1031 dubium
1889 979 2019 1046 quin

452 1067 715 1136 promissa
774 1067 919 1120 circa
980 1068 1081 1120 hoc
1145 1076 1353 1134 tempus
1401 1068 1707 1136 perfecerit.
1767 1069 2021 1135 Quamvis

449 1159 593 1214 enim
613 1159 850 1214 Basilius
879 1160 932 1212 in
964 1159 1188 1228 epistola
1223 1159 1309 1224 7i,
1347 1175 1529 1213 mense
1557 1160 1862 1228 Septembri
1913 1161 2018 1216 bu-

443 1249 534 1318 jus
563 1251 688 1305 anni
720 1250 922 1319 scripta
957 1251 1259 1319 expostulet
1300 1265 1420 1304 cum
1456 1252 1718 1321 Gregorio
1740 1292 1753 1315 ,
1783 1253 1924 1321 quod
1953 1254 2018 1306 ad

448 1356 508 1395 se
551 1357 656 1395 non
689 1341 905 1407 veniat;
935 1356 1042 1395 non
1082 1351 1259 1396 tamen
1305 1343 1573 1412 queritur,
1601 1347 1743 1412 quod
1780 1345 2017 1398 nondmn

448 1446 508 1489 se
531 1431 798 1496 inviserit,
832 1432 926 1486 sed
951 1431 1091 1500 quod
1145 1447 1393 1503 magnam
1426 1434 1552 1487 anni
1597 1444 1802 1502 partem
1835 1451 2017 1489 secum

447 1542 556 1580 non
583 1525 834 1581 traducat
857 1521 957 1592 (ο).
985 1521 1088 1576 Ubi
1119 1537 1303 1577 secum
1331 1523 1519 1579 habuit
1555 1524 1873 1595 Gregorium
1911 1525 2017 1579 Ba-

445 1617 626 1682 silius,
656 1619 851 1672 obtulit
883 1615 932 1671 ei
967 1614 1237 1671 cathedrtz
1269 1615 1530 1670 honorem
1575 1626 1628 1670 et
1656 1619 1887 1685 primum
1935 1619 2018 1671 in-

446 1719 528 1764 ter
552 1711 901 1780 presbyteros
924 1709 1097 1763 locum
1122 1748 1136 1774 ,
1168 1707 1261 1763 sed
1292 1709 1561 1764 recusanti
1587 1716 1640 1762 et
1671 1709 1925 1762 invidiam
1953 1725 2017 1764 ac

2133 513 2263 564 tiam
2293 513 2476 575 iniret,
2501 527 2621 566 cum
2655 514 2824 567 altero
2850 524 3158 568 renovaret.
3191 515 3331 570 Sunt
3351 517 3428 569 hae
3453 517 3661 585 epistolze

2123 604 2194 659 65
2217 613 2271 657 et
2312 604 2381 658 64
2401 645 2415 669 ,
2440 619 2572 674 quas
2601 605 2801 659 itlcirco
2830 606 2895 659 ad
2930 606 3072 661 hunc
3123 623 3320 661 annum
3381 608 3659 674 referimus,

2127 697 2252 765 quia
2291 697 2565 765 pertinent
2601 699 2663 751 ad
2699 697 2827 752 illud
2873 707 3085 767 tempus
3113 739 3128 762 ,
3173 714 3280 768 quo
3322 697 3544 753 Basilius
3578 716 3663 755 sa:-

2123 804 2187 856 pe.
2229 788 2494 858 Elpidium
2527 828 2541 854 ,
2591 790 2842 845 veniente
2891 790 3188 845 Caesaream
3233 793 3458 861 praeside
3485 832 3500 858 ,
3536 793 3661 847 vitle-

2124 881 2235 931 hat.

2194 969 2450 1024 Atarbins
2485 970 2558 1040 (g)
2592 969 2973 1040 Neocmsareae,
2999 981 3056 1025 ut
3079 971 3211 1026 infra
3234 973 3544 1040 videbimus,
3569 977 3662 1045 rpi-

2121 1075 2338 1130 scopus,
2376 1061 2557 1115 Basilii
2594 1065 3030 1130 consanguineus
3061 1079 3125 1118 ac
3152 1065 3528 1134 :etatejunior,
3563 1068 3661 1121 lon-

2121 1171 2185 1220 gn
2214 1153 2432 1207 silentio
2453 1154 2690 1208 animum
2712 1155 2912 1209 Basilio
2938 1171 3041 1210 non
3065 1158 3295 1210 amicum
3322 1159 3657 1228 significabat.

2123 1243 2226 1296 Sed
2251 1242 2502 1308 Basilius,
2527 1246 2616 1314 qui
2656 1245 2709 1298 in
2741 1245 2980 1300 amicitia
3009 1247 3151 1300 vinci
3183 1247 3324 1302 idem
3361 1264 3480 1304 esse
3523 1250 3661 1305 duce-

2120 1334 2213 1386 bat
2259 1350 2322 1390 ac
2354 1337 2591 1402 vincere,
2628 1338 2777 1407 prior
2807 1339 3048 1393 scribere
3073 1341 3140 1394 ad
3170 1356 3291 1394 eum
3326 1357 3430 1396 non
3459 1343 3658 1409 dubitat,

2120 1445 2350 1499 eumque
2382 1432 2646 1496 hortatur,
2681 1442 2761 1498 ut,
2800 1431 3035 1503 proiecta
3065 1435 3365 1501 iracundia,
3405 1453 3557 1506 quam
3600 1439 3661 1492 si-

2123 1520 2290 1576 lentio
2319 1523 2760 1592 signiﬁcaverat,
2823 1525 3145 1580 charitatcm
3191 1539 3246 1581 et
3298 1544 3484 1597 pacem
3522 1531 3663 1584 corde

2118 1611 2406 1679 concipiat,
2444 1623 2497 1666 et
2530 1628 2651 1668 cum
2680 1614 2938 1668 fratribus
2963 1615 3102 1668 idem
3133 1616 3484 1672 sentientibus
3503 1621 3659 1673 studia

2116 1712 2170 1753 et
2211 1718 2370 1758 curas
2423 1719 2520 1773 pro
2559 1701 2814 1758 Ecelesiis
2852 1703 3159 1776 coniungat.
3194 1708 3306 1762 Nisi
3350 1711 3491 1763 enim
3534 1726 3662 1764 sane

445 1800 772 1868 arrogantiae
798 1797 1162 1865 suspicionem
1183 1796 1404 1867 fugienti
1435 1813 1539 1852 non
1570 1798 1726 1854 modo
1754 1797 2014 1852 molestus
2046 1789 2086 1842 Β
2116 1794 2373 1849 doctrina:
2431 1795 2742 1850 defensores
2774 1806 2979 1850 tantum
3033 1799 3100 1851 ad
3152 1798 3270 1867 ejus
3314 1800 3659 1855 defensionem

445 1903 550 1944 non
575 1889 696 1955 fuit,
725 1891 819 1944 sed
842 1891 1006 1944 etiam
1035 1904 1158 1943 eum
1187 1889 1446 1957 laudavit,
1480 1891 1728 1960 quamvis
1760 1890 2015 1960 provide-

442 1991 528 2036 ret
549 1997 656 2037 non
693 1983 975 2037 defuturos
1014 1983 1105 2051 qui
1137 1997 1195 2037 se
1224 1983 1594 2052 vituperarent
1619 1992 1672 2036 et
1697 1983 1748 2036 in
1777 1992 2012 2038 contem-

441 2073 518 2142 pti
541 2074 700 2128 amici
720 2074 925 2129 crimen
953 2073 1563 2142 vocarent.Gregorium
1595 2087 1700 2127 non
1734 2073 1824 2127 diu
1851 2074 2014 2128 fuisse

441 2161 705 2217 Caesareae
733 2163 962 2232 probant
986 2161 1170 2217 Basilii
1195 2162 1430 2233 querela:
1455 2201 1471 2228 ,
1507 2176 1642 2232 quas
1679 2163 1840 2218 modo
1865 2179 2013 2219 com-

440 2255 880 2310 memoravimus.

511 2345 578 2400 ν.
631 2343 843 2414 Scripta
901 2347 1118 2402 videtur
1163 2347 1388 2419 epistola
1415 2346 1503 2411 6|,
1537 2355 1828 2417 antequam
1862 2345 2012 2402 Basi-

439 2436 546 2492 lius
574 2446 697 2492 cu‘m
725 2437 1026 2495 Athanasio
1075 2440 1332 2495 maximis
1359 2441 1425 2494 de
1455 2440 1617 2494 rebus
1649 2447 1856 2509 ageret.
1911 2439 2014 2492 Du-

439 2541 555 2582 cem
583 2526 784 2598 Libyae,
822 2529 874 2582 in
897 2529 1233 2598 Cappadocia
1259 2539 1440 2583 natum
1463 2547 1478 2594 ,
1502 2529 1794 2582 crudeliter
1829 2538 1884 2582 et
1913 2528 2010 2581 lla-

439 2618 638 2686 gitiose
687 2619 964 2674 viventem
1030 2621 1358 2675 Athanasius
1405 2622 2010 2685 excommunicaverat,

439 2711 600 2778 idque
621 2711 871 2766 omnibus
920 2712 1174 2768 Ecclesiis
1209 2713 1648 2768 denuntiavcrat.
1694 2713 2011 2784 Respondet

438 2799 668 2856 Basilius
723 2815 784 2856 se
842 2803 987 2858 illius
1035 2804 1245 2859 litteras
1301 2805 1500 2875 legisse
1555 2805 1809 2860 Ecclesia:
1862 2823 2008 2872 suae,

439 2903 496 2943 ιιι
535 2893 676 2946 hunc
710 2894 900 2948 ducem
958 2908 1147 2948 omnes
1198 2895 1620 2950 abominandum
1673 2897 2008 2962 existiment,

437 2997 536 3036 nec
582 2982 758 3052 ignem
817 2993 872 3038 et
928 3001 1123 3055 aquam
1180 3001 1303 3039 cum
1349 3000 1414 3038 eo
1469 2996 1563 3038 aut
1627 2995 1824 3040 tectum
1864 3002 2011 3038 com-

439 3086 600 3126 mune
633 3073 885 3127 babeant.
919 3075 1080 3128 Addit
1131 3089 1189 3127 se
1236 3075 1332 3128 has
1377 3074 1588 3128 litteras
1634 3074 1822 3127 amicis
1860 3075 2010 3127 ducis

437 3172 494 3218 et
535 3165 851 3236 propinquis
898 3174 954 3220 et
984 3166 1290 3235 hospitibus
1319 3165 1606 3221 ostendere
1658 3183 1765 3221 non
1800 3167 2008 3221 desitu-

435 3269 574 3310 rum.

513 3347 645 3400 Cum
675 3346 1048 3402 Parnassenus
1067 3347 1350 3419 episcopus
1378 3349 1622 3414 obiisset,
1657 3351 1872 3404 viduam
1902 3351 2007 3405 Ec-

436 3439 656 3492 clesiam
687 3453 750 3494 ex
786 3455 935 3494 more
965 3441 1277 3495 consolatur
1310 3441 1535 3496 Basilius
1570 3443 1670 3513 (d),
1704 3451 1864 3510 atque
1884 3444 2007 3495 hor-

435 3539 602 3595 tatur,
646 3541 704 3584 ut
750 3531 920 3585 dolori
971 3546 1078 3585 non
1135 3532 1533 3597 succumbant,
1589 3532 1681 3586 sed
1734 3543 2003 3603 pastorem

434 3635 590 3674 suum
619 3622 832 3676 beatum
871 3622 1204 3688 existiment,
1221 3633 1404 3692 'atquc
1427 3624 1491 3677 ad
1522 3625 1878 3679 necessariam
1914 3623 2007 3678 Ec-

433 3713 614 3767 clesia:
660 3729 845 3767 curam
887 3723 1197 3783 assurgant.
1228 3715 1442 3783 Scripta
1498 3715 1711 3769 videtur
1745 3717 1856 3769 haec
1898 3716 2004 3783 epi-

433 3805 570 3858 stola
600 3801 910 3872 antequam,
940 3803 1178 3858 Valentis
1204 3806 1458 3868 adventu,
1498 3805 1819 3858 Arianorum
1860 3806 2000 3858 vires

433 3895 751 3950 crevissent.
814 3894 980 3949 Valde
1042 3896 1184 3948 enim
1245 3896 1589 3947 metuendum
1647 3895 1875 3960 fuisset,
1936 3911 2003 3948 ne

431 3986 618 4039 Ariani
655 3986 706 4040 in
736 3987 1001 4041 electione
1047 3987 1285 4055 episcopi
1323 3985 1648 4040 Parnasseni
1680 3988 1867 4042 turbas
1923 3986 2002 4039 fa-

431 4087 636 4141 cerent,
669 4093 768 4132 nec
817 4078 1091 4132 omisisset
1139 4077 1373 4131 Basilius
1423 4078 1646 4147 periculi
1684 4079 2002 4148 magnitudi-

435 4183 555 4222 nem
599 4167 952 4222 Parnassenis
982 4178 1108 4223 ante
1158 4169 1344 4223 oculos
1377 4185 1595 4237 ponere.
1647 4169 1784 4223 lIinc
1835 4172 1997 4223 etiam

431 4260 584 4327 copia
618 4259 717 4312 fuit
751 4259 936 4327 Optimi
991 4259 1092 4313 viri
1149 4261 1422 4328 eligendi,
1477 4276 1632 4329 quem
1660 4261 1840 4313 Ariani
1908 4277 2000 4315 ex-

429 4351 682 4416 pulerunt
746 4363 889 4402 anno
967 4349 1091 4403 575.
1173 4349 1373 4419 Ilypsin
1437 4364 1559 4403 eum
1623 4359 1780 4402 vocat
1843 4348 1996 4401 Basi-

429 4441 535 4495 lius
567 4439 656 4510 (e).

501 4531 614 4586 Hoc
660 4547 802 4586 anno
859 4533 982 4597 571,
1023 4533 1306 4601 prmsidem
1374 4531 1606 4585 habebat
1659 4531 1993 4599 Cappadocia

430 4623 750 4676 Therasium
781 4662 795 4687 ,
846 4631 904 4674 ut
956 4623 1265 4692 colligimus
1325 4637 1391 4675 ex
1437 4621 1679 4689 epistolis
1717 4620 1784 4674 77
1824 4635 1877 4675 et
1905 4620 1992 4676 78.

430 4712 602 4782 llnjus
641 4727 883 4766 assessor
909 4722 1026 4767 erat
1065 4711 1304 4782 Elpidius
1331 4752 1346 4777 ,
1373 4728 1498 4766 cum
1527 4710 1724 4766 Basilio
1760 4713 1992 4766 amicitia

428 4805 919 4874 cenjunctissimus.
974 4806 1107 4858 Cum
1169 4820 1233 4858 eo
1291 4805 1515 4857 libenter
1574 4803 1979 4872 colloquebatur

430 4895 661 4949 Basilius
716 4894 808 4965 (ι’),
861 4896 1072 4963 quoties
1124 4910 1322 4963 praeses
1365 4894 1668 4948 Caesaream
1699 4895 1990 4947 veniebat:

429 5000 664 5053 cumque
692 5000 754 5038 ex
788 4969 902 5055 ejus
929 5001 1178 5040 sermone
1209 4985 1372 5039 multa
1399 4987 1740 5054 cognovisset
1769 4988 1833 5038 de
1864 4986 1997 5036 duo-

428 5075 529 5130 bus
568 5075 781 5130 eximiis
831 5077 963 5130 viris
987 5119 1001 5142 ,
1028 5077 1310 5146 principali
1340 5075 1707 5130 Neocmsaretc
1739 5087 1791 5129 et
1824 5074 1994 5146 Ilesy-

427 5167 574 5232 chio,
625 5182 852 5237 quorum
880 5169 1113 5237 primum
1156 5168 1298 5222 fama
1341 5177 1546 5221 tantum
1580 5176 1837 5231 noverat,
1874 5183 1994 5219 cum

427 5257 604 5311 altero
661 5266 839 5311 autem
889 5259 1196 5313 communia
1243 5258 1370 5314 olim
1429 5259 1731 5313 litterarum
1775 5258 1993 5320 studia,

427 5362 878 5417 communemque
917 5350 1148 5404 amicum
1187 5347 1501 5405 Terentium
1546 5348 1833 5414 habuerat,
1858 5348 1992 5402 utri-

525 5573 573 5643 b)
607 5573 736 5626 Νη.
764 5589 850 5643 ep.
879 5579 962 5630 14.

503 5579 573 5711 ὶῡξ
607 5579 736 5626 Naz.
764 5589 850 5643 ep.
879 5579 962 5630 14.

526 5659 572 5712 c,
603 5643 732 5695 Νη.
760 5659 843 5697 or.
873 5647 964 5700 20.

502 5714 580 5783 (ιι)
607 5715 702 5783 Ep.
737 5713 823 5767 62.

499 5502 552 5570 (α
603 5502 731 5557 Naz.
766 5520 846 5559 or.
871 5505 964 5560 20.

503 5500 574 5669 sel
605 5573 736 5669 se
762 5579 962 5669 39-1}:

2117 1885 2361 1941 laborent
2387 1926 2404 1951 ,
2441 1899 2699 1955 quantum
2754 1889 2819 1942 ad
2850 1904 2968 1943 eam
2999 1893 3410 1959 oppugnandam
3439 1895 3663 1948 adversa-

2117 1978 2203 2046 rii,
2231 1976 2363 2031 nihil
2392 1978 2814 2046 prohibiturum,
2839 1980 3132 2049 quominus
3159 1982 3361 2036 veritas
3402 1985 3469 2037 ab
3501 1983 3659 2036 inimi-

2115 2070 2192 2123 cis
2238 2083 2426 2124 eversa
2473 2079 2697 2140 pereat,
2751 2087 2813 2124 ac
2867 2073 3335 2128 condemnationis
3384 2076 3662 2144 participes

2116 2159 2342 2221 futuros
2371 2163 2460 2231 qui
2496 2163 2561 2216 ad
2608 2161 2972 2218 Ecclesiarnm
3005 2163 3441 2234 conjunctionem
3477 2167 3664 2236 conspi-

2115 2267 2237 2306 rare
2260 2252 2550 2308 noluerint.
2577 2252 2752 2323 Rogat
2780 2264 2985 2321 autem,
3021 2265 3078 2308 ut
3113 2256 3253 2311 hanc
3283 2259 3585 2325 opinionem
3608 2275 3661 2311 ex

2113 2343 2299 2398 animo
2331 2344 2601 2413 projiciat,
2625 2361 2684 2400 se
2715 2345 2942 2400 aliorum
2979 2348 3362 2403 communione
3398 2364 3504 2404 non
3537 2349 3659 2403 indic

2113 2447 2261 2500 gere.
2316 2433 2368 2487 Id
2399 2436 2542 2488 enim
2575 2446 2630 2489 et
2660 2438 2914 2492 charitati
2969 2439 3304 2493 contrarium
3335 2456 3480 2506 esse,
3502 2452 3554 2496 et
3579 2443 3660 2494 ho-

2114 2525 2274 2579 minis
2300 2542 2404 2580 non
2437 2528 2728 2598 cogitantis
2755 2569 2769 2593 ,
2809 2531 2928 2583 belli
2965 2531 3161 2584 malum
3192 2571 3208 2596 ,
3240 2535 3380 2601 quod
3411 2536 3465 2587 in
3505 2536 3658 2587 orbem

2113 2614 2508 2685 circumagitur,
2541 2617 2594 2670 in
2650 2617 3048 2689 Cappadociam
3107 2637 3172 2676 ac
3225 2622 3463 2678 Pontum
3515 2625 3661 2678 etiam

2114 2718 2519 2777 perventurum.

2182 2799 2394 2868 Scripta
2433 2816 2562 2871 ergo
2598 2802 2716 2857 haec
2769 2804 3008 2874 epistola
3035 2848 3052 2872 ,
3103 2817 3393 2876 antequam
3444 2808 3661 2874 bellum,

2112 2890 2254 2958 quod
2285 2892 2571 2956 circuibat,
2603 2893 2992 2965 Cappadociam
3011 2898 3312 2968 attigisset;
3340 2915 3464 2953 cum
3493 2899 3664 2953 Valens

2107 2979 2216 3048 jam
2245 2983 2442 3037 multas
2471 2985 2695 3038 vicisset
2737 2987 3037 3052 Ecclesias,
3077 2999 3132 3043 et
3163 2990 3560 3060 Cappadociam
3587 3006 3663 3060 op-

2113 3083 2443 3141 pugnaturus
2493 3076 2784 3139 videretur,
2842 3081 2936 3132 sed
3000 3081 3236 3134 nondum
3289 3090 3660 3152 oppugnasset.

2113 3160 2384 3219 Praeterea
2414 3181 2534 3220 cum
2566 3169 2846 3223 Atarbium
2875 3171 3075 3225 salutet
3097 3171 3348 3239 Basilius,
3376 3185 3435 3228 ut
3461 3176 3662 3229 fratrem

2115 3253 2421 3308 unanimem
2449 3267 2503 3309 et
2531 3257 2596 3311 de
2628 3260 2729 3312 fide
2765 3271 2910 3314 recte
2941 3263 3264 3317 sentientem
3292 3282 3305 3328 ;
3365 3265 3664 3319 collocanda

2115 3345 2228 3400 hate
2253 3347 2474 3413 epistola
2508 3358 2632 3402 ante
2660 3365 2858 3404 annum
2887 3352 3014 3418 575,
3044 3370 3151 3422 quo
3177 3355 3387 3409 Atarbii
3419 3357 3665 3410 acerbitas

2114 3433 2165 3486 in
2215 3433 2472 3490 Basilium
2503 3442 2703 3507 erupit,
2741 3440 2967 3510 ejusque
3009 3442 3142 3497 ﬁdes
3183 3444 3343 3516 malis
3377 3445 3666 3499 rumoribus

2110 3525 2378 3596 flagravit.

2669 3639 2895 3698 CAPUT
2949 3643 3110 3698 XVII.

2111 3723 2146 3776 I.
2268 3725 2502 3802 Basilius
2537 3727 2825 3802 Ecclesium
2853 3749 3043 3797 pacare
3074 3734 3403 3802 aggreditur.
3446 3733 3510 3788 II.
3542 3733 3664 3787 Can-

2180 3798 2315 3864 [ugit
2350 3799 2417 3848 ad
2449 3801 2509 3852 S.
2551 3801 2918 3864 Athanasium,
2953 3798 3402 3856 niisso'Dorotlteo
3432 3806 3662 3863 diacono,

2179 3876 2233 3916 ut
2275 3868 2532 3940 auxilium
2552 3871 2616 3940 ait
2645 3868 2922 3923 Occidente
2951 3873 3274 3940 impetratur.
3305 3872 3397 3930 ΙΙΙ.
3433 3875 3496 3928 S-
3524 3877 3665 3926 Atha-

2178 3938 2354 4009 nasius
2379 3939 2536 4009 mittit
2565 3937 2785 4009 Petrum
2803 3937 3154 4009 presbyterum
3187 3947 3238 3994 in
3261 3943 3667 4008 Cappadocum.

2180 4003 2269 4057 IV.
2307 4005 2497 4058 Basilii
2555 4008 2742 4060 littera:
2789 4003 2857 4060 (id
2903 4003 3168 4062 Mcletium
3205 4023 3251 4063 et
3288 4003 3664 4064 ud'IJmnasnm

2177 4090 2386 4141 papam.
2414 4075 2612 4127 lterum
2636 4078 2864 4129 mittitur
2891 4079 3265 4133 Alexandriam
3299 4083 3590 4134 Dorotlteus
3617 4090 3663 4131 ut

2177 4147 2295 4196 inde
2321 4144 2543 4198 Romam
2572 4147 2954 4212 proﬁciscatur.

2174 4251 2214 4306 Ι.
2241 4251 2316 4322 (It)
2337 4253 2654 4308 Domesticis
2673 4243 2831 4308 rebus
2852 4271 2916 4308 ex
2939 4257 3204 4311 sententia
3226 4257 3546 4324 compositis
3564 4269 3664 4307 ma-

2099 4341 2216 4410 jora
2251 4343 2474 4396 consilia
2501 4343 2732 4398 Basilius
2757 4347 3088 4415 aggreditur.
3124 4346 3217 4400 Vir
3243 4356 3448 4400 caatera
3495 4344 3662 4400 mode-

2030 4478 2074 4534 Β
2104 4444 2254 4488 ratus
2280 4433 2509 4489 sublime
2535 4437 2789 4504 quiddam
2815 4447 2871 4491 et
2901 4439 3225 4492 immensum
3267 4440 3462 4494 animo
3491 4437 3663 4493 conci-

2099 4525 2198 4593 pit,
2233 4540 2334 4579 net:
2378 4527 2657 4592 charitati,
2701 4543 2805 4596 qua
2831 4527 3120 4598 ﬂagrabat,
3153 4530 3289 4584 alios
3328 4545 3498 4598 quam
3532 4525 3662 4582 orbis

2099 4627 2364 4670 terrarum
2399 4619 2658 4672 terminos
2687 4620 3008 4686 prtescribit.
3051 4620 3264 4676 Intimis
3308 4620 3468 4675 illum
3502 4619 3660 4674 sensi-

2098 4707 2198 4761 bus
2231 4709 2500 4776 angebant
2523 4709 2779 4762 Ecclesia:
2810 4710 3102 4764 Orientalis
3124 4711 3492 4766 calamitates.
3517 4711 3664 4765 Gras-

2097 4797 2320 4851 sabatur
2365 4800 2584 4853 hzcresis
2611 4839 2627 4864 ,
2667 4801 2927 4854 saaviebat
2967 4801 3284 4869 imperator,
3332 4803 3660 4870 gravissimae

2097 4899 2256 4943 erant
2281 4890 2423 4943 inter
2457 4891 2605 4960 ipsos
2631 4893 2962 4948 orthodoxos
3009 4895 3407 4958 dissensiones,
3441 4911 3504 4950 ac
3532 4893 3661 4946 velut

2098 4981 2154 5034 in
2183 4991 2445 5035 nocturna
2494 4997 2669 5052 pugna
2718 4986 2809 5038 vix
2844 4986 3026 5040 hostes
3069 4987 3136 5041 ab
3181 4988 3376 5041 amicis
3431 4984 3659 5057 dignosci

2096 5081 2364 5140 poterant.
2393 5071 2627 5128 Basilius
2672 5076 2785 5130 haec
2841 5077 2982 5130 mala
3029 5092 3134 5130 non
3165 5079 3428 5146 precibus
3483 5076 3648 5130 solum

2098 5165 2284 5218 studet
2305 5177 2570 5230 avertere,
2602 5175 2736 5221 teste
2757 5167 3019 5238 Gregorio
3042 5168 3394 5224 Nazianzeno
3419 5170 3497 5240 (p.
3522 5168 3656 5231 546).

2094 5255 2188 5308 sed
2218 5265 2273 5310 et
2301 5256 2440 5324 piam
2463 5257 2753 5311 doctrinam
2787 5261 2978 5314 litteris
3009 5261 3305 5330 consignat,
3324 5257 3659 5314 adversarii:-

2094 5361 2192 5415 que
2240 5346 2696 5402 colluctationibus
2738 5360 2786 5403 et
2833 5350 3031 5419 praelii:
3091 5353 3352 5421 ingentem
3400 5351 3658 5407 httretico-

2173 5504 2239 5574 (θ)
2265 5503 2363 5572 Ep.
2394 5504 2520 5570 237,
2553 5522 2608 5562 n.
2636 5508 2688 5561 2.

2173 5575 2242 5659 αι
2272 5575 2369 5659 '33P-
2408 5575 2497 5659 Z7.-

2171 5644 2247 5713 (9)
2276 5645 2371 5722 Ep.
2411 5644 2502 5696 65-

2171 5718 2248 5783 (lt)
2275 5714 2402 5767 l‘taz.
2432 5731 2511 5770 0r.
2541 5716 2631 5768 9.0.
