3820 6210
1397 334 1562 389 VlTA
1603 334 1665 390 S.
1706 333 1981 390 BASILII.

3254 368 3381 414 ιιιι

106 458 217 494 rum
253 442 548 494 audaciam
570 442 771 512 frangit
802 461 866 496 ac
893 445 1186 513 propulsat.
1213 462 1299 500 eos
1330 448 1562 515 quidem,
1599 445 1690 515 qui
1721 450 1769 505 Α
1796 447 1849 498 in
1887 456 2143 500 nocturna
2178 464 2356 518 pugna
2397 450 2597 503 nullum
2630 453 2698 506 sit
2734 455 3026 510 amicorum
3053 467 3101 512 et
3137 461 3384 517 inimico-

102 549 288 584 manus
314 534 564 601 conferre
593 537 715 588 ausi
745 535 959 602 fuerant
986 577 1002 599 ,
1045 539 1210 590 armis
1242 539 1434 606 lingua:
1459 538 1697 589 cominus

99 621 431 674 contundens
461 637 483 674 :
523 638 614 675 eos
660 633 855 691 autem,
904 628 996 694 qui
1045 627 1230 692 procul
1284 628 1350 678 ab
1404 643 1465 680 eo
1515 627 1698 680 dissiti

97 722 265 772 erant,
298 713 517 780 sagittis
546 730 613 766 ea:
633 725 930 770 atramento
960 717 1212 785 confectis
1257 719 1472 785 feriens,
1527 717 1694 771 nihilo

96 802 350 869 inferiore
403 805 474 859 iis
521 807 740 870 litteris,
763 825 882 876 qua:
909 811 1036 863 olim
1074 813 1129 864 in
1174 813 1368 866 tabulis
1415 815 1697 880 insculpta:

94 905 211 946 sunt
243 913 264 948 :
289 913 390 951 nec
431 900 526 951 uni
553 909 764 952 tantum
803 911 850 954 et
893 905 1102 970 exigute
1145 903 1462 959 Judteorum
1488 906 1694 961 nationi

92 985 155 1038 de
199 986 336 1042 cibis
366 999 418 1042 et
455 991 780 1056 potionibus,
813 1004 862 1047 et
902 996 1117 1048 caducis
1144 997 1446 1064 sacriﬁciis,
1496 1000 1696 1053 carnis-

92 1093 189 1145 que
215 1082 664 1148 purgationibus,
701 1089 792 1136 sed
845 1087 1083 1140 omnibus
1136 1089 1432 1144 hominibus
1459 1131 1474 1156 ,
1532 1102 1690 1161 atque

94 1169 336 1224 omnibus
363 1172 513 1224 orbis
546 1173 814 1240 partibus,
849 1177 911 1228 de
938 1179 1175 1232 veritatis
1206 1179 1472 1245 doctrina,
1503 1197 1567 1234 ea:
1587 1197 1694 1250 qua

90 1259 235 1312 salus
263 1272 647 1329 comparatur,
676 1265 814 1332 leges
862 1276 1144 1322 statuente.
1197 1268 1418 1336 Deinde,
1441 1273 1693 1340 quoniam

91 1365 234 1415 eque
270 1349 595 1418 imperfecta
632 1369 718 1406 res
741 1363 842 1415 est,
877 1357 1015 1408 actio
1067 1374 1310 1412 sermone
1342 1360 1621 1427 destituta,
1641 1372 1692 1416 et

89 1456 258 1493 sermo
290 1441 360 1494 ab
397 1445 608 1498 actione
633 1458 889 1510 remotus,
920 1449 1122 1502 idcirco
1143 1453 1372 1521 actionis
1399 1454 1690 1508 subsidium

89 1536 319 1586 sermoni
355 1536 707 1606 adjungebat,
758 1539 893 1592 alios
925 1542 1162 1596 videlicet
1204 1546 1414 1610 adiens,
1451 1548 1522 1600 ad
1556 1548 1692 1602 alios

89 1621 421 1690 legationem
449 1627 686 1693 mittens,
720 1629 858 1684 alios
893 1648 1162 1686 accersens
1185 1673 1200 1696 ,
1234 1635 1524 1690 admonens
1550 1676 1566 1702 ,
1593 1655 1686 1691 ar-

87 1731 275 1784 guens,
310 1717 623 1787 increpans,
651 1722 808 1775 minis
836 1727 1099 1778 insectans
1117 1764 1133 1790 ,
1166 1727 1372 1794 probris
1401 1731 1684 1795 incessens,

1803 551 1916 588 rum
1949 537 2253 594 discrimen.
2285 541 2470 612 Legati
2498 559 2527 595 a
2555 545 2764 614 synodo
2790 545 3161 616 Lampsacena
3191 554 3243 607 in
3278 553 3386 612 Oc-

1799 627 2066 682 cidentem
2093 631 2239 686 missi
2261 635 2529 690 redierant
2553 654 2674 692 cum
2699 638 2897 695 litteris
2920 641 3382 705 Occidentalium:

1797 717 1892 773 sed
1930 733 1995 774 ea
2046 735 2104 776 re
2146 736 2245 778 nec
2286 725 2528 796 mitigata
2578 731 2909 797 persecutio,
2943 747 3041 788 nec
3072 735 3385 796 domesticae

1796 811 2164 868 dissensiones
2203 815 2426 871 sedate.
2480 818 2660 886 Quare
2715 825 2887 880 satius
2935 841 3056 882 esse
3099 830 3385 890 videbatur

1795 901 2016 967 Basilio,
2043 914 2101 959 ut
2125 921 2189 960 ex
2217 907 2334 976 ipso
2356 908 2646 967 Occidente
2674 916 3039 985 mitterentur,
3062 923 3156 992 qui
3186 924 3384 980 Orien-

1799 1001 1904 1048 tem
1939 993 2254 1054 invisereut.
2303 999 2443 1053 Fore
2471 1003 2614 1056 enim
2648 1015 2727 1072 ut,
2763 1008 2890 1062 dum
2925 1025 3213 1070 seomnes
3254 1018 3378 1074 boni

1795 1098 1920 1138 cum
1950 1085 2057 1143 illis
2084 1088 2437 1162 conjungunt,
2467 1104 2614 1150 tanta
2654 1103 2952 1158 auctoritas
2993 1105 3168 1174 ipsum
3210 1111 3376 1165 etiam

1795 1177 1937 1232 forte
1983 1179 2364 1250 imperatorem
2408 1199 2650 1244 moveret
2691 1211 2705 1247 :
2741 1201 2794 1249 et
2825 1197 2953 1252 dum
2994 1200 3264 1258 Nicaenam
3316 1205 3381 1261 ft-

1795 1269 1916 1324 dem
1944 1271 2255 1329 instaurant
2287 1275 2472 1346 legati,
2501 1281 2627 1335 dum
2661 1299 2846 1353 :equas
2875 1290 2942 1343 ad
2975 1306 3162 1361 pacem
3193 1301 3381 1354 condis

1794 1363 1970 1420 tiones
2023 1378 2353 1436 proponunt,
2405 1371 2564 1430 facile
2615 1385 2670 1431 et
2713 1380 2918 1437 erroris
2966 1383 3279 1445 defensores
3324 1402 3379 1448 et

1793 1454 2198 1521 perturbatores
2234 1459 2382 1528 pacis
2423 1462 2893 1531 dignoscerentur.

1863 1545 1926 1599 ll.
1965 1546 2071 1601 Sed
2107 1564 2229 1603 cum
2270 1566 2427 1608 nemo
2453 1566 2600 1611 esset
2647 1560 2741 1612 toti
2783 1558 3060 1620 Occidenti
3093 1572 3374 1626 venerabic

1793 1633 1915 1702 lior,
1941 1651 2104 1704 quam
2139 1637 2198 1694 S.
2230 1641 2576 1710 Athanasius,
2611 1664 2770 1705 nemo
2807 1657 3186 1712 commttnibus
3220 1662 3374 1718 malis

1791 1727 1911 1796 plus
1935 1730 2162 1798 doleret,
2197 1749 2355 1790 nemo
2393 1746 2446 1792 et
2485 1739 2537 1791 in
2568 1743 2856 1800 cernendis
2887 1748 3048 1804 rebus
3077 1753 3288 1806 acutior
3322 1766 3377 1810 et

88 1826 185 1874 pro
206 1811 485 1879 gentibus,
527 1827 625 1881 pro
656 1814 892 1879 urbibus,
941 1833 1035 1883 pro
1083 1818 1309 1887 singulis
1340 1821 1495 1875 etiam
1521 1822 1692 1876 ltomi-
1728 1801 1768 1854 Β
1797 1819 1850 1874 in
1885 1823 2228 1890 perﬁciendis
2247 1825 2534 1892 ellicacior,
2561 1833 2750 1887 scribit
2776 1837 2842 1888 ad
2864 1850 2986 1890 eum
3011 1801 3241 1897 Basilius
3270 1843 3373 1915 (tl),

86 1900 242 1953 nibus
282 1912 561 1956 certamen
596 1905 911 1974 suscipiens,
943 1924 1095 1962 omne
1116 1909 1306 1964 salutis
1333 1928 1496 1980 genus
1532 1931 1689 1969 exco-

89 1996 318 2058 gitans,
370 1993 724 2066 undecunque
782 2001 1095 2054 medicinam
1147 2003 1327 2058 morbo
1378 2007 1637 2062 adhibens
1668 2027 1688 2066 .'

88 2080 338 2136 Beseleel
395 2085 492 2139 ille
521 2127 538 2153 ,
570 2086 661 2141 ille
685 2130 702 2155 ,
743 2089 956 2159 inquam
991 2130 1007 2156 ,
1055 2109 1196 2148 arcte
1229 2096 1422 2150 dicina:
1455 2096 1689 2167 fabrica-

84 2182 192 2235 tor,
245 2176 539 2229 snateriam
585 2194 790 2233 omnem
817 2190 865 2235 et
898 2192 1067 2237 artem
1093 2187 1164 2239 ad
1190 2187 1457 2255 opiﬁcium
1484 2207 1688 2246 accom-

81 2264 317 2319 modans
341 2305 358 2329 ,
385 2277 548 2338 atque
569 2272 749 2324 omnia
779 2284 1081 2340 contexens,
1105 2281 1174 2331 ad
1217 2282 1466 2335 eximiam
1503 2300 1692 2351 quam-

82 2356 215 2408 dam
282 2358 444 2413 unius
501 2361 673 2429 operis
727 2364 1175 2432 pulchritudinem
1238 2382 1286 2424 et
1359 2377 1690 2431 concinnita-

83 2454 220 2501 teut.

156 2542 454 2613 Ilultiplex
511 2543 599 2600 ille
646 2544 907 2628 Ecclesia:
953 2551 1206 2620 iuvandae
1254 2558 1465 2626 modus,
1528 2576 1686 2628 quem

82 2631 396 2705 Gregorius
461 2638 743 2706 describit,
805 2626 913 2696 non
994 2648 1062 2698 ad
1123 2648 1295 2702 solum
1350 2626 1691 2724 episcopatus

84 2738 312 2798 tempus
373 2730 569 2786 referri
617 2733 799 2790 debet.
849 2736 977 2791 Haec
1020 2739 1165 2793 enim
1230 2745 1410 2798 omnia
1461 2745 1690 2805 Basilius

81 2820 381 2890 presbyter
421 2834 719 2880 navaverat
754 2843 770 2881 :
803 2826 1028 2898 ejusque
1077 2835 1360 2899 prudentia
1418 2837 1690 2894 enituerat

82 2910 138 2964 in
173 2913 540 2981 paciﬁcandte
562 2916 822 2974 Ecclesia:
850 2923 1098 2986 consilio,
1135 2935 1194 2980 ut
1235 2941 1398 2996 supra
1432 2928 1686 2986 vidimus.

84 3002 194 3058 Sed
225 3007 296 3060 ad
327 3007 701 3076 episcopatum
730 3023 974 3079 evectus,
1007 3028 1061 3072 et
1093 3021 1143 3071 in
1181 3021 1308 3076 sede
1342 3037 1505 3091 supra
1551 3024 1686 3079 alias

83 3094 371 3150 eminente
397 3098 720 3165 collocatus,
750 3118 921 3159 novos
955 3119 1182 3162 conatus
1211 3112 1544 3168 adhibendos
1567 3129 1686 3170 esse
1715 3139 1757 3194 ρ

87 3186 373 3258 intelligit,
427 3199 485 3243 ut
538 3190 845 3250 Catholicos
896 3197 1040 3253 inter
1079 3216 1138 3255 se
1170 3202 1480 3275 conjungat,
1517 3215 1571 3261 et
1620 3209 1687 3262 ab

83 3278 312 3334 Arianis
361 3281 594 3339 omnino
623 3285 916 3358 disiungat.
950 3289 1072 3345 Jam
1113 3307 1175 3348 ea
1214 3309 1301 3350 res
1333 3304 1533 3352 tentata
1568 3297 1686 3354 lue-

83 3373 387 3440 ratpaueis
418 3384 547 3430 ante
579 3379 758 3444 annis,
784 3380 877 3435 sed
914 3383 1118 3438 nullum
1153 3386 1415 3443 habuerat
1459 3390 1686 3457 exitum,

83 3459 438 3532 interpellato
465 3479 496 3519 a
523 3466 747 3523 Valente
781 3473 1034 3538 concilio,
1068 3476 1209 3543 quod
1249 3475 1398 3531 Tarsi
1449 3479 1684 3533 futurum

84 3556 435 3620 sperabatur.
471 3555 590 3611 Alia
625 3559 805 3628 itaque
850 3565 1164 3633 aggreditur
1195 3569 1306 3633 via,
1337 3579 1392 3623 et
1427 3571 1492 3623 ad
1524 3569 1686 3625 Occi-

85 3645 334 3700 dentales
366 3648 664 3719 confugere
695 3655 906 3710 statuit.
939 3656 1116 3712 Unam
1148 3660 1293 3714 enim
1329 3661 1469 3716 hanc
1499 3665 1686 3722 auxilii

83 3738 226 3790 viam
275 3737 358 3807 (a)
403 3742 565 3821 pandi
600 3742 970 3801 Orientalibus
1011 3749 1268 3806 Ecclesiis
1302 3753 1684 3821 existimabat;

84 3839 185 3879 nec
227 3819 461 3882 dubium
503 3842 624 3886 erat
672 3835 828 3902 quin,
885 3836 932 3889 si
976 3834 1352 3896 Occidentales
1391 3843 1531 3898 idem
1572 3819 1687 3899 stu;

87 3914 234 3969 dium
265 3919 335 3972 ad
377 3919 619 3976 Orientis
652 3923 1022 3983 defensionem
1065 3930 1404 3998 adhiberent,
1443 3936 1584 4003 quod
1632 3938 1684 3989 in

85 4007 389 4066 Occidente
440 4014 704 4069 adversus
742 4033 907 4072 unum
952 4030 1044 4074 aut
1090 4021 1318 4077 alterum
1373 4025 1684 4082 hazreticum

83 4099 476 4167 adhibuerant,
536 4105 833 4174 imperator
883 4111 1247 4167 multitudinis
1301 4117 1682 4171 auctoritatem

83 4203 462 4256 revereretur,
504 4209 570 4249 ac
611 4197 794 4266 populi
844 4198 989 4268 ipsos
1031 4203 1260 4256 libenter
1298 4217 1678 4274 sequerentur.

153 4278 296 4335 llud
339 4292 523 4337 autem
556 4288 757 4340 nemini
789 4288 1009 4344 dubium
1051 4307 1172 4346 esse
1198 4295 1376 4355 debet,
1409 4298 1542 4364 quin
1585 4297 1687 4351 Ba-

83 4373 246 4426 siius
297 4373 378 4443 (ὁ)
423 4373 565 4429 idem
615 4389 1006 4448 prosequatur,
1035 4384 1178 4451 quod
1214 4387 1494 4456 presbyter
1539 4387 1686 4443 ince-

1795 1924 1859 1964 ac
1889 1921 2042 1982 rogat
2072 1924 2130 1968 ut
2158 1915 2482 1981 paciﬁcandi
2511 1920 2748 1978 Orientis
2777 1927 3058 1984 consilium
3090 1935 3372 2002 suscipiat,

1793 2011 1849 2058 et
1876 2019 1938 2060 ex
1977 2006 2214 2062 Ecclesia
2244 2024 2342 2064 sua
2376 2011 2607 2068 selectos
2631 2016 2776 2071 viros
2812 2019 2988 2073 mittat
3021 2022 3085 2075 ad
3110 2023 3375 2082 Occiden-

1796 2094 1932 2151 tales
1971 2098 2274 2170 episcopos,
2315 2103 2504 2172 eisque
2537 2116 2774 2175 exponat
2804 2109 3142 2167 calamitates
3175 2115 3372 2172 Orien-

1797 2188 1888 2253 tis,
1913 2204 1977 2244 ac
2002 2201 2255 2261 suggerat
2281 2195 2498 2250 modum
2528 2199 2647 2266 opis
2679 2199 2933 2268 ferenda3,
2969 2205 3237 2276 simulque
3269 2210 3373 2266 Do-

1794 2277 1942 2332 mino
1981 2284 2237 2348 pacilicas
2279 2298 2470 2353 preces
2499 2286 2711 2343 oll‘erat.
2753 2290 2976 2347 Fatetur
3020 2297 3255 2366 reliquas
3285 2317 3372 2358 res

1793 2363 2030 2422 Orientis
2062 2368 2292 2427 fortasse
2322 2374 2390 2427 ab
2424 2390 2490 2429 eo
2537 2377 2654 2432 sine
2684 2376 3106 2439 Occidentalium
3137 2363 3374 2445 admini-

1793 2456 1916 2512 culo
1937 2463 2184 2519 componi
2220 2477 2324 2518 non
2356 2479 2516 2533 posse
2547 2486 2561 2522 :
2592 2469 2686 2523 sed
2719 2471 3149 2536 paciﬁcationem
3186 2480 3371 2537 Eccle-

1793 2549 1886 2604 size
1929 2550 2278 2609 Antiochense
2324 2572 2387 2611 ex
2440 2560 2555 2628 ipso
2603 2566 2837 2630 pendere
2880 2571 3178 2635 contendit,
3213 2589 3278 2626 ac
3316 2576 3370 2629 in

1793 2643 1963 2713 ipsius
2012 2656 2279 2713 patestate
2326 2651 2490 2704 situm
2543 2667 2685 2715 esse,
2747 2656 2877 2709 utin
2923 2659 3058 2714 alios
3106 2671 3373 2732 tempera-

1791 2745 1975 2790 mento
2024 2747 2224 2804 utatur,
2275 2739 2410 2794 alios
2446 2754 2778 2812 compescat,
2824 2747 3171 2815 prtefecturas
3205 2757 3374 2824 parti-

1791 2823 2006 2877 culares
2034 2826 2286 2894 abroget.
2325 2844 2389 2884 ac
2413 2833 2690 2900 antiquum
2721 2833 2976 2894 Ecclesia:
3017 2842 3184 2896 robur
3208 2823 3373 2900 resti-

1794 2923 1926 2968 tuat.
1969 2914 2145 2985 Rogat
2173 2934 2302 2989 ergo
2333 2937 2454 2976 eum
2477 2963 2492 2988 ,
2535 2933 2592 2977 ιιι
2624 2926 2927 2983 Antiochiae
2958 2933 3111 2987 malis
3155 2953 3373 2992 movea-

1794 3014 1913 3072 tur,
1959 3016 2014 3062 et
2036 3007 2204 3064 instar
2232 3013 2388 3080 periti
2415 3017 2604 3071 medici
2631 3019 2698 3073 ab
2725 3019 2884 3090 hujus
2913 3022 3171 3082 Ecclesiae
3204 3045 3330 3084 cura
3351 3069 3371 3097 ,

1791 3095 1875 3148 cui
1917 3096 2048 3150 nihil
2101 3099 2492 3168 prazlerendum
2546 3105 2600 3160 in
2639 3108 2771 3164 orbe
2817 3121 3119 3181 terrarum,
3156 3095 3369 3174 initium

1791 3188 1973 3246 ducat.

1863 3279 1987 3337 llatc
2016 3284 2237 3353 epistola
2283 3284 2550 3343 Dorotheo
2585 3289 2838 3348 Ecclesia:
2868 3276 3220 3353 Antiochense
3255 3300 3374 3355 dia-

1791 3387 1928 3429 cono
1955 3377 2242 3432 commisSa
2271 3386 2355 3433 est
2387 3380 2702 3448 perferenda
2741 3403 2754 3438 :
2789 3385 2882 3439 sed
2914 3402 3036 3441 cum
3066 3390 3116 3443 ei
3154 3391 3370 3447 videre-

1790 3472 1878 3518 tur
1903 3462 2132 3521 Basilius
2171 3483 2274 3522 non
2306 3470 2442 3524 satis
2475 3481 2660 3541 aperte
2693 3474 3016 3544 declarasse,
3051 3495 3136 3534 res
3175 3480 3371 3538 Antio-

1790 3558 1993 3610 chenas
2022 3557 2100 3611 sic
2130 3561 2381 3629 componi
2409 3561 2630 3627 debere,
2659 3575 2720 3622 ut
2747 3565 2958 3623 Meletio
2985 3572 3369 3642 adjungantur,

1790 3659 1910 3714 quae
1933 3647 2138 3701 divulsa
2173 3658 2334 3715 sunt;
2367 3651 2528 3704 aliam
2572 3652 2688 3720 ejus
2728 3667 2914 3724 rogatu
2950 3660 3235 3728 epistolam
3271 3664 3371 3718 ad-

1789 3738 1924 3792 didit
1970 3737 2204 3794 Basilins
2245 3739 2336 3811 (e),
2387 3743 2439 3796 in
2487 3759 2590 3812 qua
2633 3751 2908 3816 conceptis
2937 3752 3117 3807 verbis
3150 3755 3371 3809 demon-

1796 3838 1935 3882 Strat
1964 3840 2019 3883 et
2047 3830 2145 3884 sibi
2171 3842 2227 3884 et
2257 3833 2349 3886 toti
2377 3831 2586 3888 Orienti
2616 3837 2666 3888 in
2703 3838 2843 3892 votis
2863 3854 3004 3907 esse,
3039 3851 3094 3896 ut
3124 3842 3372 3901 Meletius

1788 3919 2145 3975 Antiochense
2170 3920 2426 3977 Ecclesia:
2451 3925 2819 3993 gubernacula
2852 3938 3049 3995 teneat,
3078 3933 3160 3986 vir
3181 3943 3235 3988 et
3266 3934 3371 3989 ﬁde

1791 4009 2115 4080 inculpatus,
2144 4021 2198 4066 et
2239 4022 2350 4068 tum
2400 4016 2524 4069 vita:
2558 4017 2844 4104 sanc'tjtate
2883 4020 3041 4091 longe
3075 4021 3194 4076 aliis
3232 4037 3370 4091 prae-

1789 4101 2065 4169 ferendus,
2093 4114 2202 4158 tum
2229 4107 2373 4175 quod
2410 4108 2664 4163 universo
2691 4101 2946 4166 Ecclesiae
2972 4116 3187 4183 corpori
3226 4129 3369 4182 prae-

1787 4196 1876 4258 sit,
1913 4195 2006 4249 alii
2039 4210 2166 4250 vero
2207 4199 2448 4266 partibus
2480 4211 2712 4258 tantum.
2757 4204 3121 4269 Quamobrem
3155 4221 3366 4274 aequum

1787 4298 1930 4348 esse,
1969 4294 2028 4340 ut
2069 4286 2120 4340 ei
2159 4287 2249 4340 alii
2291 4289 2674 4361 adjuugantur,
2710 4296 2854 4349 velut
2887 4295 3098 4364 magnis
3134 4296 3371 4354 ﬂumini-

1786 4374 1888 4430 bus
1933 4376 2143 4432 minora
2186 4395 2200 4430 :
2244 4379 2406 4449 idque
2447 4383 2521 4436 ita
2547 4383 2722 4437 visum
2757 4399 2876 4440 esse
2905 4385 3369 4456 Occidentalibus,

85 4473 281 4533 Pent;
324 4479 391 4519 ac
428 4465 496 4519 de
530 4467 722 4522 iisdem
749 4471 1036 4541 episcopis,
1076 4473 1374 4544 iisdemque
1411 4478 1478 4532 de
1522 4479 1682 4534 rebus
1713 4475 1757 4530 Ῑ)
1789 4476 1848 4520 ut
1901 4467 2094 4523 litterae
2141 4485 2237 4540 per
2279 4473 2496 4529 beatum
2548 4476 2822 4532 Silvanum
2863 4480 3038 4534 allatae
3077 4489 3366 4536 testantur.

85 4563 236 4622 agat.
275 4552 582 4610 Verebatur
623 4573 690 4612 ue
728 4562 964 4629 suspecti
1006 4572 1191 4617 essent
1237 4565 1537 4622 Athanasio
1572 4569 1686 4638 epi-

85 4647 240 4713 scopi
287 4646 366 4700 illi
399 4648 461 4700 ob
496 4650 804 4704 memoriam
838 4655 1247 4720 praeteritorum,
1277 4657 1405 4724 quia
1435 4659 1688 4714 videlicet

84 4752 278 4792 eorum
325 4753 434 4792 non
474 4741 632 4808 pauci
676 4741 950 4808 conjuncti
992 4745 1119 4798 olim
1152 4761 1276 4801 cum
1309 4747 1528 4804 Arianis
1570 4749 1690 4804 fue-

85 4839 233 4885 rant.
275 4831 447 4887 iidem
495 4847 628 4902 ergo
669 4845 838 4900 sunt,
881 4851 946 4892 ac
996 4838 1086 4906 qui
1125 4853 1266 4893 anno
1293 4839 1420 4906 564,
1455 4843 1687 4898 concilio

87 4917 470 4992 Lampsaceuo
516 4925 899 4981 interfuerant.
940 4928 1092 4996 Quod
1133 4931 1185 4984 in
1225 4931 1326 4986 hoc
1370 4932 1601 4987 concilio
1627 4943 1684 4988 et

88 5013 336 5080 pluribus
363 5014 485 5069 aliis
517 5024 784 5070 tentatum
815 5017 1016 5084 fuerat,
1055 5029 1114 5073 ut
1155 5020 1247 5089 qui
1292 5021 1432 5076 idem
1479 5025 1681 5078 sentie-

89 5103 244 5167 bant,
273 5120 388 5158 una
428 5105 890 5176 coniungerentur
926 5113 1330 5175 communione,
1366 5113 1419 5166 id
1454 5112 1682 5169 Basilius

92 5190 147 5243 in
188 5191 441 5259 epistolis
482 5196 588 5249 hoc
617 5204 670 5250 et
717 5197 963 5266 sequenti
997 5213 1141 5255 anno
1179 5202 1395 5269 scriptis
1423 5204 1684 5272 perlicere

93 5291 322 5335 conatur
350 5300 368 5336 :
401 5285 560 5354 eique
588 5290 922 5356 propositum
948 5299 1033 5344 est
1073 5291 1146 5361 (c)
1174 5300 1251 5356 ut,
1286 5294 1376 5362 qui
1413 5296 1554 5348 circa
1592 5311 1679 5349 oe-

95 5385 204 5423 rasn
264 5371 431 5440 ﬁdem
489 5375 835 5443 claudicant,
888 5381 1157 5449 manifesti
1210 5385 1453 5438 omnibus
1509 5385 1675 5453 ﬁant,

96 5476 452 5531 agnoscantur
488 5479 662 5525 autem
695 5473 786 5540 qui
824 5484 958 5528 recte
986 5475 1237 5540 sentiunt,
1270 5491 1361 5530 nec
1390 5476 1508 5546 jam
1542 5478 1679 5532 velut

189 5601 241 5673 a)
281 5603 384 5669 Ep.
427 5604 517 5659 eo.

189 5605 241 5673 a)
281 5605 384 5669 Ep.
427 5605 517 5659 66.

165 5605 240 5742 ib)
281 5675 384 5742 Ep.
423 5675 517 5730 82.

175 5740 241 5812 (ς)
280 5740 384 5814 np.
425 5744 516 5809 69,
558 5763 610 5801 η.
651 5740 708 5804 ς.

423 5840 693 5902 Parnm.
728 5844 846 5906 Gn.
890 5846 1122 5907 XXIX.

1858 4556 1948 4615 Ill.
1987 4558 2102 4616 Non
2139 4571 2353 4632 poterat
2387 4567 2714 4624 Athanasius
2751 4583 3016 4624 summam
3057 4571 3199 4625 illaut
3239 4573 3371 4628 cha-

1790 4649 2027 4715 ritatem,
2067 4668 2192 4723 qum
2247 4669 2463 4723 semper
2517 4659 2770 4715 omnibus
2823 4664 3062 4730 patebat.
3119 4665 3370 4734 episc0po

1787 4741 2107 4799 Catsariensi
2156 4746 2210 4799 in
2264 4763 2322 4801 re
2366 4750 2500 4802 tanti
2545 4755 2804 4806 momenti
2844 4754 3116 4810 claudere.
3152 4755 3367 4810 Nullam

1788 4851 1995 4890 moram
2032 4838 2158 4893 huic
2195 4840 2396 4895 eximio
2428 4843 2576 4910 operi
2615 4844 3063 4914 interponendam
3094 4847 3269 4914 duxit,
3311 4859 3370 4902 et

1792 4930 2032 4998 acceptis
2059 4929 2238 4985 Basilii
2271 4932 2462 4987 litteris
2489 4937 2673 4988 statim
2697 4936 2744 4989 ei
2775 4938 3072 5007 rescripsit,
3103 4953 3166 4992 ac
3201 4939 3368 4992 Doro-

1787 5020 1917 5074 theo
1941 5022 2194 5075 comitem
2231 5023 2476 5091 adjunin
2511 5023 2752 5091 Petrum,
2803 5043 2908 5081 non
2965 5028 3112 5082 illum
3150 5029 3368 5098 quidem

1785 5113 1879 5180 qui
1915 5111 1964 5165 ei
1999 5115 2266 5168 successit
2307 5113 2474 5186 (hunc
2511 5117 2654 5171 enint
2689 5118 2922 5172 nondum
2966 5120 3179 5173 viderat
3209 5119 3365 5174 Basi-

1784 5202 1888 5258 lius
1913 5201 1980 5274 (Γ)
2008 5218 2155 5258 anno
2184 5204 2333 5274 575),
2369 5209 2462 5260 sed
2497 5208 2665 5262 alium
2706 5209 2958 5264 Ecclesiae
2985 5210 3368 5267 Alexandrinae

1785 5293 2189 5362 presbyterum.
2228 5294 2274 5347 Is
2313 5311 2342 5348 a
2394 5296 2596 5351 Basilio
2623 5299 2858 5353 maxima
2887 5317 3010 5354 cum
3041 5304 3225 5356 luatitia
3267 5316 3367 5354 ex-

1785 5391 1975 5452 ceptus
2007 5391 2112 5448 est,
2148 5383 2376 5454 ejusque
2407 5387 2850 5456 approbationem
2892 5399 2946 5444 et
2997 5389 3204 5445 laudem
3251 5405 3367 5444 me-

1791 5481 1920 5546 ruit,
1967 5480 2097 5534 dum
2141 5477 2426 5535 Athanasii
2459 5483 2710 5538 mandata
2746 5495 2965 5540 strenue
3007 5485 3368 5554 persequitur,

1857 5617 1937 5689 (d7)
1979 5618 2147 5686 Epist.
2189 5618 2280 5677 66.

1857 5689 1926 5756 (ς)
1969 5689 2136 5756 Epist.
2177 5691 2267 5742 67.

1859 5688 1906 5754 (ς
1969 5689 2136 5756 Epist.
2177 5691 2228 5742 δὴ

1859 5688 1926 5829 (ὅ
1964 5758 2060 5826 Ep.
2106 5760 2228 5814 135.
