3820 6210
434 342 540 384 ιιι

1740 325 2274 382 PROLEGOMENA.

436 442 734 497 concilians
782 443 1090 507 contraria,
1142 457 1204 494 ac
1257 442 1461 495 divulsa
1523 441 1855 512 conjungens
1907 442 2005 512 (a).
2041 448 2085 502 Λ
2117 442 2439 505 videbimus,
2481 456 2797 510 responsum
2842 440 2940 495 soli
2986 442 3165 497 attulit
3202 442 3425 511 Basilio,
3460 450 3550 517 qui
3587 466 3675 505 suo

438 535 666 588 Dubium
714 534 929 603 quidem
982 549 1085 587 non
1135 542 1218 587 est
1264 534 1391 600 quin
1442 534 1673 599 Basilio,
1716 544 2006 603 antequam

437 627 705 681 scriberet
743 626 1148 688 Alexandriam,
1182 626 1334 679 multi
1374 641 1437 680 ex
1479 626 1697 695 collegis
1738 628 1896 679 ﬁdem
1928 628 2012 680 de-

386 782 389 785 _
436 718 641 769 disserit
685 732 742 768 se
783 717 1013 769 libenter
1052 717 1350 771 Athanasio
1389 726 1443 769 et
1478 717 1916 771 Occidentalibus
1943 721 2007 771 ad

439 804 805 859 defensionem
865 806 989 861 fidei
1044 807 1270 861 ducibus
1323 822 1513 860 usuros
1561 822 1574 859 :
1618 818 1675 860 at
1717 808 1865 861 inulti
1919 809 2008 862 alii

437 904 775 963 supererant,
806 896 859 948 in
905 896 1100 965 quibus
1135 896 1413 950 flectendis
1452 897 1835 951 elaborandum
1888 897 2007 951 fuit.

434 986 698 1053 Sperabat
729 987 942 1054 quidem
972 987 1198 1041 Basilius
1236 996 1379 1056 (pag.
1420 987 1565 1053 165),
1594 988 1705 1041 fore
1734 998 1797 1041 ut
1821 1003 2009 1041 omnes

436 1077 757 1139 Athanasio,
803 1094 921 1147 quae
953 1079 1018 1131 ad
1055 1095 1240 1147 pacem
1275 1078 1639 1133 Eeclesiarum
1675 1080 2009 1133 constituen—

436 1170 556 1221 dam
592 1171 885 1237 pertinent,
920 1170 1131 1223 tandem
1172 1171 1594 1224 committerent.
1628 1169 1733 1224 Sed
1764 1172 2010 1224 videntur

438 1259 699 1324 nonnulli,
730 1260 853 1312 dum
885 1261 1101 1314 Arianis
1124 1260 1333 1314 occulte
1366 1260 1565 1326 favent,
1598 1276 1659 1314 ac
1693 1270 1769 1314 tot
1801 1262 2009 1329 episco-

435 1365 624 1419 porum
677 1351 934 1405 adversus
984 1353 1229 1405 limresim
1284 1353 1650 1420 conjunctioui
1700 1364 1884 1421 aperte
1909 1356 2008 1408 ob-

436 1452 582 1495 stare
615 1457 718 1495 non
749 1443 967 1505 audent,
1006 1452 1183 1497 astute
1224 1459 1404 1497 moras
1449 1445 1723 1499 innectere
1754 1445 2005 1499 voluisse.

436 1528 593 1585 Tales
631 1533 884 1586 exstitere
915 1532 1055 1601 (pag.
1092 1532 1237 1601 162).
1265 1538 1353 1601 qui
1388 1536 1735 1603 requirebant
1769 1546 1827 1589 ut
1856 1536 2011 1592 Occi-

436 1622 674 1675 dentales
702 1624 1013 1675 nominatim
1052 1622 1361 1677 Marcellum
1399 1626 1740 1689 damnarent,
1784 1642 1847 1680 ae
1880 1642 2012 1696 que-

438 1713 695 1765 rebantur
751 1714 892 1781 quod
951 1715 1208 1768 haCtenus
1252 1717 1301 1768 in
1349 1715 1521 1769 solum
1569 1716 1759 1771 Arium
1816 1718 2009 1773 invecti

2118 532 2329 585 nomine
2361 532 2592 584 Damaso
2627 530 2936 596 scripserat.
2988 529 3100 583 Non
3140 532 3281 586 enim
3316 535 3533 589 dubium
3566 553 3677 592 esse

2112 631 2307 691 potest,
2337 623 2467 689 quin
2508 621 2731 687 epistola
2767 621 2851 684 70,
2883 622 2984 674 etsi
3032 622 3379 691 inscriptione
3411 638 3578 693 caret,
3616 632 3674 681 ad

2112 713 2402 765 Damasum
2445 714 2647 781 scripta
2687 713 2776 767 sit.
2829 711 2961 765 Huic
2997 712 3228 767 Basilius
3259 714 3497 770 Orientis
3544 720 3670 771 mala

2112 814 2235 857 ante
2282 805 2468 860 oculos
2514 806 2686 873 ponit,
2739 820 2803 859 ac
2853 814 3007 874 rogat
3054 815 3114 858 ut
3161 805 3363 873 legatos
3409 810 3589 863 mittat
3631 812 3677 864 in

2111 895 2413 961 Orientem,
2472 898 2733 963 majorum
2792 912 3011 951 suorum
3064 898 3330 966 exemplo,
3386 900 3438 952 in
3499 903 3677 970 primis

2114 982 2375 1051 Dionysii,
2424 985 2512 1049 qui
2569 985 2695 1036 olim
2747 985 2799 1036 in
2860 983 3255 1051 Cappadociam
3308 988 3549 1052 miserat,
3594 995 3676 1057 qui

2112 1073 2350 1138 captivos
2396 1074 2744 1127 redimereut.
2793 1072 2945 1127 Nunc
2988 1084 3163 1128 autem
3210 1078 3488 1144 graviores
3524 1081 3677 1134 multo

2112 1176 2305 1213 causas
2339 1162 2589 1226 snbesse;
2622 1178 2723 1216 nou
2760 1166 2901 1217 enim
2935 1167 3127 1220 mdium
3166 1166 3565 1220 demolitionem
3601 1168 3675 1220 lu-

2113 1250 2244 1316 geri,
2273 1252 2365 1303 sed
2393 1252 2660 1305 excidium
2682 1252 3076 1320 Ecclesiarum;
3102 1270 3200 1309 nec
3224 1257 3540 1310 servitutem
3568 1271 3679 1311 cor-

2114 1358 2324 1411 porum,
2359 1344 2452 1396 sed
2494 1344 2793 1397 animarqu
2835 1346 3216 1413 captivitatem.

2183 1432 2316 1485 Cum
2359 1432 2456 1487 hac
2489 1434 2714 1500 epistola
2754 1433 3078 1487 Dorotheum
3117 1435 3341 1489 Basilius
3372 1437 3592 1499 comite,
3626 1449 3677 1491 ut

2113 1524 2402 1577 verisimile
2446 1536 2550 1587 est,
2594 1524 2762 1579 Petro
2810 1526 3174 1580 Alexandrino
3218 1530 3284 1580 ad
3327 1527 3678 1580 Athanasium

2115 1616 2360 1681 remittit,
2404 1616 2669 1683 adjunctis
2711 1618 2831 1671 aliis
2862 1616 2941 1687 (ά)
2989 1616 3054 1669 ad
3084 1617 3675 1677 Athanasium-litteris,

2114 1720 2178 1758 ex
2231 1708 2425 1773 quibus
2475 1707 2702 1775 perspici
2748 1716 2945 1775 potest,
2990 1719 3192 1775 quanto
3246 1710 3462 1762 arderet
3511 1710 3678 1762 studio

438 1800 684 1864 fuissent,
718 1801 969 1856 Marcello
1004 1804 1146 1857 nulla
1177 1820 1403 1874 prorsus
1431 1810 1697 1861 sententia
1730 1809 2005 1871 damnato,

2114 1798 2345 1852 Basilius
2388 1800 2462 1852 rei
2500 1799 2861 1867 perficiendae.
2898 1800 3027 1853 Mira
3056 1801 3197 1853 enim
3228 1800 3507 1868 diligentia
3538 1800 3676 1868 sigil-

435 1906 592 1958 quem
624 1891 783 1944 etiam
824 1891 877 1943 in
916 1894 1350 1948 communionem
1378 1906 1710 1963 receperant.
1745 1896 1892 1952 Satis
1928 1898 2008 1952 iu-

433 1983 578 2037 dicat
612 1983 838 2038 Basilius
881 1984 981 2037 hoe
1023 1985 1309 2039 consilium
1350 2002 1378 2040 a
1428 2002 1487 2041 se
1523 1999 1701 2041 ortum
1747 2004 1849 2043 non
1890 2005 2010 2045 esse

434 2072 793 2145 (Eustathiqu
834 2078 1010 2147 potius
1045 2077 1269 2147 ejusque
1304 2079 1509 2136 similes
1550 2081 1873 2136 crediderim
1920 2098 2009 2135 au-

433 2176 610 2219 ctores
646 2164 857 2233 fuisse),
893 2166 983 2219 sed
1014 2174 1190 2221 tamen
1232 2166 1358 2220 illud
1394 2168 1495 2222 sibi
1524 2168 1722 2222 fatetur
1760 2170 2005 2238 probari;

433 2273 496 2311 ac
536 2259 822 2325 petendum
882 2260 1147 2324 putat-ab
1187 2258 1625 2315 Occidentalibus
1672 2270 1727 2314 ut
1771 2261 2006 2317 Marcelli

434 2350 761 2403 mentionem
804 2349 1025 2412 faciant,
1066 2358 1123 2402 ut
1165 2352 1310 2405 nulla
1349 2367 1576 2421 prorsus
1603 2354 1890 2409 occasione
1923 2354 2007 2410 bis

432 2441 522 2509 qui
568 2443 909 2495 occasionem
952 2450 1200 2509 qumrunt
1241 2443 1421 2497 relicta
1466 2442 1625 2499 facile
1668 2455 1850 2513 pateat
1888 2446 2007 2515 qui-

434 2546 555 2586 nam
589 2532 703 2586 sani
738 2532 867 2596 siut,
898 2534 1058 2601 quive
1096 2533 1401 2588 claudicent
1436 2535 1487 2588 in
1530 2536 1650 2594 fide.

504 2622 637 2676 Dum
684 2623 875 2677 Petrus
911 2624 1289 2679 Alexandrinae
1332 2628 1584 2683 Ecclesiae
1628 2631 1909 2703 presbyter
1953 2632 2005 2687 in

432 2716 767 2785 Cappadocia
815 2726 1075 2779 moratur,
1112 2733 1176 2772 ac
1208 2717 1418 2773 Basilio
1459 2736 1680 2790 operam
1716 2733 1878 2779 navat
1908 2726 2003 2797 (b),

435 2808 597 2861 multa
634 2809 762 2861 inita
800 2818 921 2863 sunt
954 2810 1201 2877 consilia,
1233 2826 1296 2866 ac
1326 2812 1595 2881 placuisse
1618 2816 1892 2871 nonnullis
1925 2818 2005 2871 vi-

434 2900 609 2963 detur,
664 2909 722 2953 ut
773 2900 1064 2968 imperator
1090 2902 1331 2957 adiretur
1366 2914 1421 2959 et
1445 2920 1604 2974 Opera
1664 2922 2000 2962 summorum

431 2991 690 3053 virorum,
728 2993 817 3062 qui
856 2993 1144 3061 plurimum
1181 2997 1318 3065 apud
1353 3010 1473 3051 eum
1510 3008 1779 3067 poterant,
1821 3010 1875 3055 et
1913 3016 2006 3055 ca-

433 3083 641 3137 tholicm
671 3084 789 3137 fidei
818 3095 973 3139 erant
1000 3086 1248 3150 studiosi,
1274 3088 1459 3156 quales
1500 3090 1648 3146 fuere
1673 3093 1999 3160 Arinthmus,
2032 3130 2074 3186 α

436 3173 617 3227 Victor
659 3188 711 3227 et
759 3173 1066 3239 Terentius,
1111 3177 1470 3246 patrocinium
1527 3182 1743 3251 aliquod
1795 3184 2006 3241 alIlictis

434 3262 689 3316 Eeclesiis
739 3263 1141 3317 conciliaretur.
1178 3264 1431 3320 Fortasse
1467 3266 1570 3320 hoc
1605 3268 1886 3324 consilium
1924 3272 2009 3324 in-

432 3352 498 3405 de
534 3361 735 3415 ortum,
771 3354 910 3422 quod
947 3354 999 3407 in
1030 3354 1315 3410 Athanasii
1362 3358 1623 3426 sapientia
1652 3359 1894 3429 plerique
1924 3377 2011 3414 sa-

435 3446 503 3497 tis
552 3445 786 3512 praesidii
836 3458 955 3499 esse
1003 3446 1261 3501 ducerent
1295 3448 1361 3502 ad
1408 3463 1492 3503 res
1529 3450 1763 3504 Orientis
1802 3467 2012 3522 compoo

434 3534 679 3588 uendas:
717 3536 783 3589 ad
829 3537 1220 3606 impetrandam
1277 3553 1455 3594 autem
1499 3544 1885 3611 persecutionis
1922 3560 2008 3597 re-

434 3626 742 3679 missionem
778 3628 918 3696 plus
974 3644 1132 3697 posse
1182 3632 1496 3685 viderentur
1551 3635 1729 3703 magui
1783 3634 1854 3687 illi
1909 3638 2009 3690 viri

433 3729 568 3783 quos
602 3715 852 3780 diximus,
886 3732 1045 3785 quam
1093 3718 1249 3787 legati
1283 3736 1350 3775 ex
1399 3721 1711 3776 Occidente.
1747 3724 1853 3777 Sed
1888 3739 2007 3777 cum

433 3807 1172 3863 animadvertissetBasilius
1220 3810 1364 3864 viros
1408 3812 1527 3867 illos
1564 3828 1665 3867 nec
1706 3829 1861 3882 posse
1912 3830 2009 3870 nec

434 3898 569 3949 velle
615 3900 681 3951 de
714 3898 985 3954 exsulibus
1018 3900 1184 3969 loqui,
1218 3912 1380 3971 atque
1407 3904 1569 3957 etiam
1603 3906 1743 3973 quod
1784 3920 1872 3958 res
1918 3920 2009 3970 pe-

426 3990 515 4056 jus
545 4004 649 4041 non
689 3989 847 4057 irent,
876 4005 973 4057 pro
1004 3990 1152 4045 lucro
1176 3993 1411 4053 ducere;
1444 3995 1557 4050 haec
1586 3996 1714 4050 vicit
1742 3998 2009 4050 sententia

435 4090 492 4131 ut
540 4079 835 4134 Dorothcus
886 4080 1111 4136 Romam
1160 4084 1483 4149 mitteretur,
1534 4100 1595 4140 ac
1639 4085 1762 4140 inde
1796 4086 2011 4155 aliquos

431 4170 713 4233 excitaret,
763 4173 853 4241 qui
902 4172 1178 4228 Orientem
1230 4176 1541 4245 iuvisereut,
1589 4177 1724 4231 mari
1773 4187 2008 4245 utentes,

434 4278 500 4316 ne
531 4265 649 4329 quis
680 4279 772 4318 eos
809 4265 1196 4333 interpellaret.

506 4350 590 4404 IV.
636 4351 921 4421 Postquam
956 4356 1007 4409 id
1040 4364 1298 4410 statutum
1326 4358 1512 4412 habuit
1548 4358 1801 4425 Basilius,
1843 4360 2009 4416 Doro-

2111 1890 2258 1942 latim
2289 1891 2465 1944 omnia
2497 1891 2856 1959 persequitur.
2886 1891 3100 1945 Gratias
3131 1892 3237 1961 agit
3262 1892 3330 1945 ob
3362 1892 3585 1944 missum
3618 1893 3676 1943 ad

2110 1996 2166 2034 se
2186 1980 2411 2035 Petrum
2440 1983 2832 2051 presbyterum,
2870 1998 2900 2035 a
2934 1997 3040 2050 quo
3070 1982 3350 2050 perutilem
3376 1983 3483 2035 sibi
3524 1997 3677 2034 nava-

2112 2080 2218 2124 tam
2268 2086 2388 2126 esse
2428 2088 2650 2141 Operam
2698 2083 2942 2128 testatur.
2991 2072 3346 2127 Athanasium
3400 2082 3579 2143 rogat,
3623 2082 3677 2126 ut

2113 2164 2437 2218 Dorotheum
2485 2166 2739 2233 precibus
2769 2168 2883 2220 suis
2910 2182 2973 2222 ac
2999 2165 3236 2221 consiliis
3268 2166 3479 2219 muniat
3509 2180 3571 2219 ac
3596 2166 3675 2217 lit-

2110 2264 2348 2309 terarum
2398 2256 2623 2322 viatico;
2656 2267 2711 2311 et
2741 2258 3011 2312 nonnullis
3043 2274 3072 2312 e
3104 2273 3201 2312 suo
3237 2258 3382 2311 clero
3408 2257 3676 2325 adjunctis

2108 2348 2502 2416 quamprimum
2543 2350 2798 2403 dimittat.
2853 2350 2944 2404 llis
2983 2366 3103 2419 quae
3148 2352 3213 2403 ab
3243 2348 3674 2404 Occidentalibus

2108 2440 2333 2508 petenda
2369 2440 2734 2507 existimabat,
2771 2441 2898 2495 illud
2943 2442 3107 2496 etiam
3156 2442 3413 2511 adjungit,
3448 2450 3510 2495 ut
3549 2440 3674 2494 Mar-

2108 2529 2301 2581 cellum
2343 2530 2659 2583 nominatim
2696 2531 2970 2594 damnent,
3004 2546 3069 2584 ne
3108 2546 3213 2600 qua
3255 2530 3475 2585 occasio
3520 2530 3670 2584 relin-

2107 2628 2307 2686 quatur
2345 2620 2685 2673 occasionem
2735 2621 3117 2686 quaerentibus.
3170 2621 3348 2675 Mouet
3386 2621 3577 2685 etiam,
3625 2630 3675 2674 ut

2107 2723 2229 2762 cum
2270 2708 2427 2777 legati
2468 2711 2779 2764 advenerint
2809 2710 3153 2779 (Alexandria
3176 2713 3317 2765 enim
3349 2714 3668 2766 transituros

2109 2815 2214 2854 non
2259 2800 2556 2869 dubitabat)
2600 2802 2816 2855 modum
2868 2803 2946 2856 eis
2994 2803 3307 2871 praescribat
3354 2804 3676 2857 Athanasius

2110 2894 2241 2946 tanti
2282 2894 2519 2946 muneris
2564 2894 2722 2962 digne
2767 2894 3017 2948 obeundi.
3052 2896 3140 2947 Ait
3183 2911 3243 2950 se
3286 2896 3576 2963 scripsisse
3618 2896 3675 2949 ad

2108 2985 2418 3055 episcopum
2446 2984 2655 3050 Reum,
2679 2986 2770 3040 sed
2799 2987 3051 3040 nonnulla
3079 2997 3266 3042 narrat
3292 3003 3351 3042 se
3375 2990 3675 3057 scripsisse,

2108 3092 2228 3146 quae
2254 3093 2373 3131 cum
2402 3078 2453 3131 in
2479 3078 2703 3146 epistola
2736 3079 2801 3130 ad
2834 3077 3121 3133 Damasum
3157 3096 3261 3134 non
3297 3081 3569 3147 legantur,
3598 3089 3679 3133 aut

2110 3172 2322 3225 arcanis
2356 3171 2622 3225 mandatis
2657 3181 2748 3223 aut
2779 3171 3038 3237 peculiari
3070 3173 3463 3227 commentario
3499 3173 3676 3225 viden-

2114 3273 2199 3315 tur
2242 3261 2407 3315 fuisse
2447 3262 2761 3315 commissa.
2793 3261 2905 3315 Non
2934 3262 3076 3316 enim
3112 3272 3268 3331 rogat
3302 3264 3596 3316 Damasum
3629 3264 3675 3315 in

2110 3373 2171 3411 ea
2218 3373 2378 3427 quam
2425 3358 2681 3411 habemus
2720 3358 2965 3426 cpistola,
3002 3369 3058 3412 ut
3097 3359 3258 3428 legati
3292 3369 3521 3412 utantur
3551 3358 3673 3412 mari

2111 3459 2164 3500 et
2196 3464 2392 3505 secum
2440 3448 2667 3502 all'emnt
2696 3465 2814 3519 quae
2852 3460 3042 3505 contra
3072 3452 3332 3519 synodum
3379 3452 3679 3505 Ariminen-

2112 3554 2223 3593 sem
2264 3551 2382 3593 acta
2426 3539 2657 3594 fuerant.

2182 3631 2262 3683 Ab
2309 3632 2459 3685 initio
2480 3633 2834 3700 episcOpatus
2860 3633 3033 3687 sancti
3066 3633 3246 3687 Basilii
3280 3650 3453 3703 usque
3485 3636 3553 3689 ad
3594 3652 3674 3691 se-

2112 3724 2338 3775 cundam
2402 3724 2544 3776 hanc
2600 3724 2850 3777 Dorothei
2899 3724 3283 3792 profectionem
3332 3728 3469 3782 satis
3523 3729 3678 3781 multa

2114 3815 2556 3879 intercesserunt,
2602 3827 2659 3867 ut
2703 3832 2823 3869 eum
2867 3832 3049 3872 mense
3099 3818 3425 3887 Septembri,
3469 3837 3574 3875 non
3608 3822 3679 3875 ci-

2114 3908 2237 3971 tius,
2284 3908 2663 3962 Alexandriam
2696 3909 3066 3965 existimemus
3099 3913 3346 3967 rediisse.
3383 3914 3675 3968 Ordinatus

2110 3999 2341 4055 Basilius
2386 4017 2568 4055 meuse
2620 4000 2919 4070 Septembri
2971 4003 3052 4057 vel
3088 4005 3266 4073 potius
3295 4005 3521 4060 Octobri
3561 4006 3677 4059 anni

2110 4094 2232 4157 570,
2269 4110 2371 4147 non
2406 4110 2594 4163 parum
2636 4096 2924 4163 insumpsit
2960 4100 3216 4167 temporis
3262 4099 3314 4151 iu
3350 4102 3676 4153 constituen-

2112 4185 2192 4239 dis
2217 4186 2595 4241 ecclesiasticis
2618 4189 2824 4257 legibus
2855 4199 2906 4243 et
2933 4191 3262 4259 pacificanda
3303 4191 3673 4258 Cappadocia;

2111 4293 2209 4331 nec
2242 4279 2517 4347 probabile
2554 4288 2636 4334 est
2672 4282 2892 4334 missum
2939 4282 3007 4335 ab
3044 4296 3109 4336 eo
3147 4282 3311 4336 fuisse
3354 4283 3675 4337 Dorotheum

2113 4378 2237 4421 ante
2265 4367 2465 4421 Pascha
2498 4370 2653 4438 hujus
2683 4372 2807 4425 anni
2836 4371 2959 4423 571.
2988 4371 3276 4439 Postquam
3302 4371 3674 4425 Alexandriam

434 4443 615 4495 theam
655 4444 960 4509 diaconum,
991 4461 1147 4514 quem
1199 4449 1462 4503 hactenus
1506 4453 1817 4515 retinuerat,
1861 4455 2007 4508 misit
2042 4467 2085 4523 ι)
2114 4461 2259 4512 venit
2306 4458 2605 4514 Dorotheus
2647 4472 2700 4515 et
2739 4478 2799 4515 ea
2840 4463 3108 4531 exposuit,
3143 4478 3369 4530 quorum
3403 4478 3569 4517 causa
3600 4478 3675 4514 ve-

433 4531 500 4582 ad
529 4531 818 4595 Melelium,
856 4544 913 4587 ut
944 4538 992 4588 ei
1031 4550 1277 4592 narraret
1319 4541 1551 4609 singula,
1587 4551 1641 4595 et
1676 4553 2009 4597 commenta-

438 4623 573 4674 rium
604 4624 932 4691 ostenderet,
959 4642 1065 4695 quo
1097 4626 1323 4682 Romam
1357 4633 1515 4685 eundi
1548 4634 1843 4687 necessitas
1877 4650 2005 4702 pro-

434 4712 679 4765 babatur.
727 4712 897 4783 Rogat
932 4716 1202 4772 Meletium
1245 4720 1471 4776 Basilius
1508 4724 1601 4790 (ε),
1647 4733 1703 4777 ut
1745 4726 1789 4778 si
1836 4740 1921 4779 res
1960 4726 2009 4779 ei

435 4803 655 4865 arridet,
686 4819 803 4857 eam
839 4807 903 4857 ad
927 4821 1062 4875 opus
1085 4821 1240 4863 curet
1277 4813 1519 4879 perduci,
1547 4828 1610 4867 ac
1652 4815 1859 4869 litteras
1884 4828 2025 4875 exa:

437 4904 601 4947 retac
641 4899 1087 4952 commentarium
1111 4901 1296 4964 dictet,
1326 4904 1521 4971 quibus
1557 4910 1622 4958 de
1656 4907 1813 4961 rebus
1850 4917 1902 4961 et
1941 4891 2025 4977 ad;

434 5002 568 5053 quos
600 4986 921 5043 Dorotheum
955 4990 1097 5059 loqui
1127 5004 1407 5061 Oporteat;
1442 5006 1604 5065 atque
1632 5010 1688 5050 ut
1712 5000 2018 5067 auctoritasi

436 5090 539 5131 tem
565 5077 799 5131 habeant
832 5080 1044 5147 litterte,
1077 5100 1202 5138 suos
1228 5086 1389 5139 etiam
1423 5090 1705 5144 unanimes
1731 5090 1987 5159 adjungat

434 5169 645 5222 etiamsi
685 5170 881 5224 absint.

504 5257 617 5312 Non
648 5260 892 5313 videntur
925 5262 990 5315 ad
1027 5265 1228 5319 exitum
1270 5267 1528 5334 perducta
1555 5282 1676 5323 esse
1708 5284 1827 5337 qum
1863 5269 2010 5324 Basi-

435 5349 536 5403 lius
581 5367 609 5402 a
653 5350 863 5405 Meletio
891 5354 1103 5421 petebat
1136 5375 1148 5409 :
1185 5373 1283 5411 nec
1311 5375 1623 5413 communes
1652 5360 2006 5416 Orientalium

435 5441 641 5496 litteras
679 5442 903 5497 Romam
950 5449 1170 5514 pertulit
1208 5451 1530 5507 Durotheus.
1576 5452 1728 5519 Nam,
1766 5464 1828 5509 ut
1867 5454 2007 5509 infra

1992 5131 2009 5156 ’

504 5644 577 5713 (a)
622 5647 713 5712 Ep.
754 5647 842 5709 69,
886 5667 935 5703 u.
978 5650 1024 5704 1.

503 5716 578 5783 (fr)
623 5715 718 5785 Ep.
759 5719 845 5772 ϋὸ.

2114 4557 2300 4610 uerat;
2354 4561 2570 4602 sanctus
2610 4552 2951 4617 Athanasius,
3002 4554 3105 4607 etsi
3147 4554 3435 4621 plurimmn
3492 4553 3675 4607 Basilio

2120 4638 2408 4701 tribuebat,
2450 4638 2616 4691 noluit
2660 4649 2837 4693 tamen
2887 4657 2999 4694 rem
3044 4644 3225 4695 statim
3268 4644 3513 4711 aggredi,
3561 4653 3612 4696 et
3649 4654 3677 4693 e

2114 4729 2259 4781 clero
2288 4744 2406 4790 suo,
2443 4738 2499 4781 ut
2540 4741 2820 4799 rogaverat
2863 4733 3114 4795 Basilius,
3154 4736 3383 4789 Romam
3415 4736 3630 4788 mittere
3661 4751 3672 4784 :

2116 4822 2206 4872 sed
2249 4835 2356 4888 quo
2401 4821 2517 4875 loco
2548 4825 2597 4875 iu
2628 4825 2963 4891 Cappadocia
3003 4837 3057 4879 et
3090 4828 3332 4881 finitimis
3373 4828 3676 4895 regionibus

2114 4921 2295 4963 essent
2342 4928 2430 4966 res
2479 4916 2857 4970 ecclesiasticae
2902 4935 2995 4983 per
3046 4919 3259 4972 Petrum
3309 4922 3673 4990 presbyterum

2114 5018 2436 5071 cognoscere
2488 5009 2676 5060 voluit.
2728 5009 2773 5061 ls
2817 5010 2867 5061 in
2918 5012 3252 5078 Cappadocia
3306 5012 3395 5064 diu
3448 5022 3677 5065 moratus

2106 5102 2209 5153 est,
2242 5096 2529 5147 concilians
2560 5099 2829 5149 contraria
2862 5116 2923 5151 ac
2959 5101 3164 5153 divulsa
3198 5103 3542 5168 conjungens.
3577 5101 3677 5154 Un-

2109 5183 2174 5236 de
2200 5183 2399 5237 fatetur
2430 5186 2655 5240 Basilius
2678 5188 2729 5238 iu
2769 5189 2928 5256 epist.
2957 5190 3041 5259 b69
3071 5193 3147 5260 (u.
3179 5191 3255 5259 1),
3291 5193 3379 5245 ditt
3418 5202 3673 5246 retentant

2112 5290 2140 5327 a
2163 5290 2220 5328 se
2244 5290 2362 5328 esse
2392 5276 2733 5332 Dorotheum.
2765 5278 3003 5333 Tandem
3036 5281 3180 5333 illum
3215 5282 3358 5335 misit
3387 5284 3453 5334 ad
3493 5281 3551 5336 S.
3580 5280 3675 5333 Me-

2112 5366 2321 5429 letium,
2359 5370 2495 5433 apud
2526 5383 2683 5435 quem
2715 5368 3022 5437 aliquandiu
3057 5374 3267 5427 videtur
3293 5384 3670 5427 commoratus.

2114 5456 2345 5526 Tempus
2373 5460 2516 5515 enim
2544 5464 2827 5518 extrahere
2849 5463 3147 5519 debuerunt
3173 5474 3226 5519 et
3260 5480 3447 5519 earqu
3484 5479 3673 5526 rerum,

2187 5660 2257 5726 (ι’)
2297 5659 2426 5717 lliitl.

2182 5732 2258 5797 (ιι)
2302 5731 2396 5798 te...
2439 5734 2524 5785 ea.
