3820 6210
398 387 548 430 LXXII

1687 363 2223 421 PROLEGOMENA.

395 497 503 550 sint
544 508 609 548 ea:
660 492 875 545 incauta
937 489 1297 543 communione
1349 488 1588 541 morbum
1647 504 1801 541 suum
1857 505 1973 541 cum
2004 495 2051 551 Α
2085 486 2403 541 Proferebat
2456 484 2585 538 illud
2642 482 2887 554 Gregorii
2925 481 3124 535 dictum
3157 494 3221 534 ex
3275 480 3503 548 quadam
3534 494 3657 534 ora-

394 585 647 654 prozimis
676 583 1085 637 communicare.

466 675 531 730 11.
562 674 697 730 Cum
735 674 991 727 invictam
1022 674 1188 726 animi
1242 674 1617 727 fortitudinem
1651 688 1862 727 summa
1894 674 1974 726 le-

398 767 540 820 nitas
565 766 618 819 in
648 764 851 819 Basilio
904 771 1257 831 temperaret,
1325 765 1377 817 in
1429 772 1661 831 utroque
1713 761 1979 817 mirabilis

396 867 535 920 erat,
567 864 622 909 et
652 856 702 908 in
739 854 1001 909 adeundis
1055 868 1153 923 pro
1182 854 1418 909 veritate
1467 854 1805 923 gravissimis
1833 853 1977 922 peri-

396 949 553 1012 culis,
587 959 642 1002 et
664 947 716 1001 in
739 946 1129 1017 persequendis
1161 947 1417 1001 omnibus
1443 947 1591 1013 pacis
1622 945 1979 1000 conciliandae

399 1039 799 1109 modis.’ltaque
828 1054 952 1092 cum
981 1037 1163 1092 Ariani
1190 1038 1255 1091 ad
1284 1038 1697 1107 oppugnandam
1739 1037 1979 1106 Spiritus

395 1130 568 1184 sancti
601 1129 942 1183 divinitatem
987 1142 1180 1182 omnes
1210 1129 1354 1181 vires
1377 1144 1504 1183 suas
1534 1129 1932 1183 convenissent
1960 1146 1975 1194 ;

395 1221 575 1292 palam
600 1229 653 1275 et
677 1231 863 1291 aperte
888 1222 990 1276 hoc
1019 1221 1210 1289 dogma
1236 1220 1580 1286 defendebat,
1606 1231 1659 1275 et
1689 1219 1981 1291 Scriptura:

395 1311 724 1366 testimoniis
755 1325 819 1365 ac
838 1310 1161 1365 necessariis
1193 1310 1496 1364 rationibus
1533 1311 1612 1365 sic
1639 1310 1982 1371 consuinge-

397 1402 491 1455 bat
532 1400 892 1463 adversarios,
917 1408 974 1453 ut
1005 1414 1229 1466 prorsus
1249 1398 1484 1470 effugere
1515 1415 1619 1453 non
1640 1399 1977 1471 posseut(a).

398 1492 504 1546 Sed
541 1506 663 1545 cum
714 1492 881 1546 sciret
917 1491 1134 1544 Arianis
1168 1499 1427 1543 statutum
1460 1505 1582 1544 esse
1631 1505 1752 1543 eum
1782 1489 1965 1557 expel-

398 1582 532 1647 lere,
566 1583 610 1637 si
644 1582 904 1650 Spiritum
937 1583 1100 1637 verbo
1135 1581 1301 1636 Deum
1347 1582 1664 1650 appellaret,
1693 1596 1756 1636 ac
1789 1581 1972 1636 Cazsa-

398 1676 635 1729 ricnsem
668 1674 965 1729 Ecclesiam
1003 1688 1294 1741 occupare,
1347 1683 1402 1728 et
1429 1674 1552 1728 inde
1578 1673 1722 1728 velut
1752 1689 1820 1729 ex
1852 1689 1981 1730 arce

397 1768 628 1836 quadam
658 1766 840 1820 omnia
871 1764 1151 1835 populari;
1186 1765 1445 1818 abstinuit
1467 1765 1569 1818 hac
1597 1778 1727 1819 voce
1754 1765 1819 1818 ad
1847 1772 1975 1819 tem~

2082 580 2248 637 tione,
2303 576 2583 643 Quousque
2629 574 2891 625 lucernam
2927 570 3019 624 sub
3052 570 3228 623 modio
3258 570 3654 623 abscondemm.

2152 673 2451 741 Respondit
2507 670 2801 738 Gregorius
2850 683 3102 737 magnum
3137 682 3261 721 esse
3310 668 3451 720 inter
3499 681 3560 721 se
3604 676 3657 720 et

2085 764 2347 819 Basilinm
2383 763 2698 827 discrimen,
2757 761 2898 829 quod
2960 760 3101 813 dicta
3155 773 3273 819 sua,
3310 766 3368 809 ut
3418 756 3656 810 hominis

2083 856 2331 919 obscuri,
2367 869 2472 908 non
2518 854 2696 922 magni
2729 854 2836 906 sint
2891 850 3191 905 momenti:
3244 850 3426 902 Basilii
3478 860 3655 902 autem

2084 945 2422 1014 amplissimo
2445 944 2499 996 in
2531 943 2652 997 loco
2680 940 2917 996 sedentis
2944 940 3147 993 nullum
3176 939 3345 1007 possit
3365 939 3657 991 obscurum

2082 1052 2206 1092 esse
2231 1037 2432 1091 dictum
2468 1052 2482 1100 ;
2513 1043 2567 1089 et
2620 1049 2745 1088 cum
2805 1031 3044 1085 haeretici
3102 1031 3355 1085 sitienter
3400 1038 3660 1098 appetant

2085 1144 2155 1183 ex
2193 1128 2310 1195 ejus
2342 1142 2436 1181 ore
2487 1126 2683 1179 nudam
2718 1138 2905 1177 vocem
2957 1121 3220 1190 arripere,
3270 1131 3327 1173 ut
3356 1135 3424 1173 eo
3482 1119 3659 1186 ejeeto

2084 1221 2386 1275 Ecclesiam
2426 1225 2715 1286 occupent,
2760 1223 2817 1269 et
2874 1213 3020 1278 inde,
3076 1222 3133 1265 ut
3160 1228 3225 1266 ex
3272 1212 3507 1281 quodam
3539 1224 3663 1278 pro-

2082 1311 2413 1381 pugnaculo,
2444 1320 2671 1365 cateras
2697 1305 3057 1376 populentur;
3092 1304 3262 1358 multo
3293 1303 3468 1357 satius
3494 1302 3661 1357 fuisse

2083 1416 2245 1454 unam
2280 1415 2489 1464 vocem,
2531 1400 2800 1454 sententia
2854 1398 2905 1451 in
2947 1404 3061 1451 tuto
3105 1397 3301 1465 posita,
3335 1395 3663 1461 praetermit-

2084 1502 2219 1557 tere,
2248 1508 2410 1562 quam
2445 1492 2744 1546 Ecclesiam
2797 1498 2948 1544 tanto
2982 1488 3222 1559 periculo
3249 1488 3505 1557 obiicere.
3548 1484 3663 1540 Non

2084 1584 2291 1652 placuit
2324 1584 2437 1637 hinc
2490 1582 2667 1637 oratio
2704 1580 3074 1643 audientibus,
3116 1593 3347 1647 eamque
3394 1590 3456 1632 ut
3508 1578 3663 1647 longe

2085 1678 2306 1747 petitam
2352 1682 2405 1727 et
2436 1672 2778 1729 eavillantem
2823 1669 3152 1739 rejecerunt,
3211 1670 3502 1740 ipsumque
3531 1668 3666 1723 Gre-

2086 1767 2291 1835 gorium
2320 1764 2650 1820 clamoribus
2685 1762 2932 1817 insectati
2962 1769 3106 1822 sunt,
3141 1771 3199 1814 ut
3221 1761 3451 1830 ignaviae
3485 1759 3657 1828 magis

398 1872 523 1927 pus,
563 1871 787 1911 necesse
814 1872 919 1909 non
944 1866 1140 1925 putans
1157 1871 1277 1908 eam
1305 1870 1517 1925 semper
1539 1857 1593 1909 in
1617 1870 1712 1910 ore
1744 1857 1971 1923 habere,
2012 1839 2055 1893 Β
2085 1875 2245 1929 quam
2276 1874 2424 1913 Same
2460 1857 2722 1912 doctrina
2744 1856 3159 1911 consulentem.’
3196 1853 3378 1922 Longe
3401 1852 3552 1905 enim
3582 1867 3665 1907 sa-

398 1950 559 2004 modo
589 1948 641 2002 in
674 1956 791 2002 tuto
829 1957 976 2003 esset
1021 1947 1289 2002 sententia
1346 1946 1463 2001 voci
1529 1947 1796 2017 subjecta.
1854 1946 1967 2003 lloc

401 2039 655 2110 prudenti
692 2037 924 2092 consilio
950 2036 1139 2107 effugit
1176 2036 1553 2091 hatreticorum
1590 2035 1815 2091 insidias
1852 2053 1865 2089 :
1926 2046 1983 2089 at

401 2130 721 2186 calidiorum
751 2128 1153 2185 Catholicorum
1194 2126 1445 2198 querelas
1498 2136 1553 2182 et
1582 2127 1850 2199 vitupcria
1876 2143 1981 2181 non

401 2222 610 2291 cll'ugit.
645 2223 844 2292 [Atque
898 2221 949 2275 id
998 2220 1237 2275 maxime
1284 2219 1581 2274 declaravit
1636 2220 1751 2274 dies
1813 2219 1982 2274 festus

404 2314 464 2373 S.
496 2314 809 2384 Eupsyehii,
845 2314 936 2383 qui
965 2313 1017 2367 in
1050 2313 1191 2367 diem
1220 2314 1507 2383 septimum
1535 2310 1872 2382 Septembris
1901 2313 1984 2366 in—

403 2401 637 2455 cidebat.
666 2401 970 2454 lntererant
995 2400 1179 2455 Basilii
1212 2402 1484 2467 concioni,
1516 2401 1729 2471 Euippii
1755 2411 1809 2457 et
1844 2401 1981 2456 alio-

403 2509 524 2547 rum
556 2493 911 2557 Arianorum,
935 2493 1026 2561 qui
1050 2492 1162 2561 jam
1205 2494 1574 2558 advenerant,
1625 2493 1897 2548 emissarii
1924 2502 1985 2547 ut

404 2594 551 2655 patet
578 2600 645 2639 ex
684 2585 863 2640 verbis
885 2583 1129 2655 Gregorii
1168 2584 1268 2655 (ὁ),
1308 2586 1398 2654 qui
1429 2585 1618 2654 paucis
1661 2593 1783 2654 post
1840 2585 1981 2639 diem

407 2677 607 2731 festum
640 2676 829 2732 diebus
877 2678 1077 2741 aiebat,
1110 2677 1303 2746 ingens
1332 2677 1482 2732 circa
1527 2675 1788 2730 Basiliam
1814 2678 1983 2730 exsti-

407 2765 538 2819 tisse
567 2764 790 2830 bellum,
821 2781 943 2819 cum
974 2774 1237 2834 cuperent
1284 2766 1521 2820 haeretici
1559 2766 1759 2819 nudam
1794 2779 1981 2819 vocem

403 2870 469 2910 ex
499 2872 564 2911 eo
593 2856 857 2926 arripere,
888 2866 944 2911 ut
970 2856 1086 2924 ipse
1120 2869 1188 2909 ex
1227 2855 1472 2910 Ecclesia
1520 2856 1837 2927 pelleretur,
1889 2856 1981 2926 qui

405 2949 554 3004 solus
582 2964 717 3017 pene
745 2948 1011 3018 igniculus
1060 2948 1307 3003 veritatis
1334 2949 1574 3003 restabat
1606 2958 1659 3003 et
1688 2949 1868 3004 vitalis
1899 2949 1983 3003 fa-

402 3040 600 3104 cultas,
632 3040 824 3094 vicinis
870 3040 1122 3094 omnibus
1170 3042 1341 3109 captis
1368 3056 1432 3095 ac
1480 3039 1801 3109 subjugatis.
1865 3040 1979 3094 Ad-

404 3140 563 3185 erant
594 3131 755 3185 etiam
790 3129 1107 3185 fervidiores
1137 3131 1207 3184 illi
1236 3128 1679 3186 Catholici.Usus
1702 3138 1796 3186 test
1820 3130 1973 3185 Basi-
2003 3170 2046 3228 ο

403 3220 507 3275 lius
537 3235 602 3275 eo
639 3222 781 3289 quod
808 3220 1045 3274 diximus
1087 3229 1532 3289 temperamento.

480 3312 566 3365 Ill.
599 3314 669 3383 (ε)
704 3312 896 3367 Paucis
922 3322 1042 3380 post
1085 3311 1286 3366 festum
1312 3312 1502 3368 diebus
1529 3314 1834 3368 convivium
1861 3322 1979 3368 erat

412 3401 696 3467 Nazianzi,
731 3403 782 3456 in
816 3417 923 3470 quo
945 3400 1239 3471 Gregorius
1292 3412 1346 3458 et
1377 3406 1529 3458 multi
1592 3406 1832 3476 insignes
1876 3405 1977 3459 viri

306 3560 323 3575 ο
406 3493 818 3560 accumbebant,
851 3494 1048 3549 Basilio
1080 3495 1420 3564 etGrcgorio
1448 3496 1631 3561 amici,
1664 3497 1715 3550 in
1748 3496 1832 3550 his
1866 3511 1982 3550 mo-

404 3583 611 3637 nachus
634 3584 872 3651 quidam,
906 3586 995 3652 qui
1023 3585 1110 3640 die
1136 3584 1272 3640 festo
1294 3586 1469 3640 sancti
1504 3586 1794 3658 Eupsychii
1824 3586 1979 3639 Basi-

406 3675 537 3730 lium
593 3676 857 3731 audierat.
894 3674 1142 3731 Nondum
1202 3687 1419 3731 ventum
1458 3689 1577 3732 erat
1633 3680 1701 3733 ad
1761 3678 1975 3747 pocula,

399 3769 625 3839 jamque
690 3783 870 3823 sermo
932 3769 1199 3822 inciderat
1256 3769 1322 3823 de
1356 3770 1555 3824 Basilio
1602 3768 1973 3839 etGregorio,

405 3860 548 3925 quo‘d
577 3856 795 3925 quidem
828 3856 965 3911 satis
992 3856 1234 3911 solemne
1256 3867 1375 3911 erat
1408 3860 1460 3911 in
1484 3857 1745 3911 conviviis
1781 3875 1793 3910 :
1829 3872 1976 3910 cum-

405 3961 507 4015 que
537 3947 794 4002 Basilium
856 3962 1048 4002 omnes
1084 3947 1241 4016 plena
1278 3962 1441 4001 manu
1474 3948 1781 4014 laudarent,
1822 3949 1981 4018 eique

402 4037 723 4108 Gregorium
755 4037 1134 4107 adjungerent,
1162 4046 1274 4091 tum
1312 4038 1610 4093 monachus
1645 4053 1841 4107 magno
1874 4039 1981 4093 cla-

401 4146 554 4185 more
583 4130 869 4185 mendaces
892 4140 947 4185 et
979 4130 1288 4184 adulatores
1338 4131 1570 4201 appellat
1600 4133 1876 4199 convivas,
1914 4149 1978 4189 ac

401 4223 600 4278 Basilio
629 4232 685 4276 et
715 4222 999 4292 Gregorio,
1045 4232 1101 4276 ut
1132 4221 1185 4275 in
1223 4224 1437 4275 caeteris
1479 4221 1639 4275 rebus
1686 4222 1975 4277 laudentur

400 4315 689 4380 concedit;
731 4315 874 4384 quod
902 4323 1082 4368 autem
1116 4314 1413 4367 maximum
1441 4322 1525 4367 est
1557 4328 1662 4368 non
1699 4313 1975 4379 concedit,

400 4404 816 4459 utorthodoxiaz
868 4404 1087 4457 nomine
1142 4402 1457 4468 laudentur,
1498 4417 1619 4454 cum
1648 4401 1807 4457 [idem
1840 4402 1978 4456 alter

2086 1953 2192 2006 tius
2216 1966 2335 2005 esse
2359 1949 2671 2003 Catholicos
2694 1948 2922 2002 veritate
2944 1946 3282 2016 praedicanda
3309 1947 3481 2009 tueri,
3502 1960 3663 2014 quam

2082 2058 2177 2097 eos
2203 2043 2306 2098 hoc
2331 2051 2755 2113 temperamento
2794 2039 3079 2095 debilitare
3100 2078 3117 2103 ,
3145 2053 3246 2092 nec
3278 2037 3500 2093 interim
3533 2038 3662 2092 alic-

2083 2149 2181 2188 nos
2206 2148 2503 2189 assumere.

2156 2224 2243 2280 IV.
2283 2226 2423 2292 Quid
2463 2224 2659 2279 deinde
2685 2222 2885 2277 dixerit
2924 2230 2979 2275 et
3009 2220 3243 2275 audierit
3266 2220 3595 2289 Gregorius,
3616 2226 3667 2273 et

2084 2316 2358 2387 quomodo
2409 2324 2607 2384 praeter
2642 2313 2858 2366 modum
2890 2326 2951 2366 ac
2998 2320 3195 2380 praeter
3240 2311 3461 2364 solitum
3523 2311 3666 2364 indi-

2084 2417 2280 2477 gnatus
2313 2406 2406 2473 sit,
2434 2415 2492 2459 ut
2520 2404 2731 2474 longius
2754 2417 2816 2457 ac
2842 2403 2988 2456 dictu
3024 2416 3131 2457 non
3158 2400 3565 2463 necessarium,
3594 2400 3666 2454 si-

2084 2499 2180 2553 let.
2214 2498 2325 2551 lloc
2366 2507 2572 2549 tantum
2605 2495 2757 2547 addit
2793 2492 2987 2546 missos
3027 2506 3057 2544 a
3087 2506 3145 2544 se
3186 2491 3437 2545 homines
3494 2490 3666 2546 factos

2082 2605 2223 2645 esse.
2265 2588 2373 2643 Sed
2408 2604 2437 2641 a
2463 2587 2661 2641 Basilio
2692 2585 2845 2654 petit,
2898 2593 2957 2638 ut
2983 2584 3173 2639 deceat
3200 2599 3258 2638 se
3280 2598 3574 2653 quousque
3608 2584 3658 2635 in

2084 2678 2453 2748 disputatione
2478 2677 2544 2731 de
2597 2675 2833 2743 Spiritus
2865 2672 3037 2726 sancti
3071 2672 3355 2725 divinitate
3386 2672 3663 2741 progredi,

2083 2784 2326 2839 quasque
2359 2782 2514 2821 voces
2549 2772 2892 2835 usurpare,ct
2917 2777 3203 2832 quousque
3233 2765 3546 2818 oeconomia
3589 2763 3661 2816 uti

2083 2863 2393 2917 conveniat.
2425 2860 2601 2928 Atque
2631 2859 2682 2913 id
2727 2858 2943 2927 quidem
2994 2855 3148 2925 petit,
3179 2872 3285 2910 non
3341 2872 3437 2911 sua
3475 2872 3662 2919 causa,

2083 2969 2243 3023 quem
2279 2953 2520 3007 omnium
2578 2950 2943 3005 miserrimum
2990 2947 3105 3001 fore
3146 2958 3201 3001 et
3252 2947 3669 3003 stolidissimum

2083 3046 2311 3110 fatetur,
2335 3046 2381 3100 si
2416 3044 2624 3099 dubitet
2651 3043 2777 3111 quid
2807 3039 3039 3095 Basilius
3087 3041 3321 3105 sentiat;
3370 3042 3467 3095 sed
3501 3050 3561 3094 ut
3583 3054 3668 3095 re-

2084 3138 2343 3207 spondeat
2365 3134 2883 3192 contradicentibus.

2153 3228 2411 3296 Quamvis
2440 3225 2731 3296 Gregorius
2768 3228 2928 3297 hujus
2977 3230 3242 3287 molestia:
3268 3226 3528 3280 mmtium
3558 3238 3661 3278 non

2082 3321 2200 3375 sine
2228 3334 2419 3389 magna
2448 3318 2734 3383 cautione,
2767 3321 3086 3389 magnisque
3141 3320 3345 3373 amoris
3391 3315 3670 3384 significa-

2083 3411 2320 3465 tionibus
2346 3408 2693 3479 perscribat;
2729 3422 2816 3461 res
2850 3420 3028 3465 tamen
3069 3409 3267 3465 accidit
3304 3408 3513 3463 Basilio
3544 3421 3668 3475 pcr-

2084 3500 2331 3555 molesta.
2364 3498 2548 3553 Mirari
2585 3514 2641 3553 se
2669 3499 2741 3553 ait
2772 3497 2876 3569 (d),
2909 3516 3013 3554 non
3046 3503 3189 3570 quod
3217 3500 3525 3553 monachus
3559 3498 3669 3551 hate

2082 3592 2333 3656 dixisset,
2385 3591 2477 3645 sed
2522 3590 2663 3659 quod
2710 3592 3158 3660 germanissimus
3215 3593 3417 3645 fratres
3456 3605 3591 3644 suos
3618 3596 3670 3642 et

2083 3683 2295 3738 amicos
2334 3681 2612 3735 habuisset
2656 3682 2952 3748 auditores,
3000 3681 3087 3736 vel
3142 3681 3322 3749 potius
3350 3679 3672 3749 discipulos.

2083 3773 2179 3828 His
2228 3773 2555 3842 respondere
2610 3786 2837 3842 prorsus
2865 3772 3053 3827 inutile
3088 3773 3408 3837 arbitratur,
3461 3782 3669 3826 etcum

2082 3865 2199 3934 ipso
2227 3863 2489 3932 Gregorio
2541 3862 2850 3930 expostulat
2878 3864 3022 3931 quod
3078 3864 3144 3917 ad
3176 3878 3235 3917 se
3282 3878 3389 3916 non
3432 3863 3661 3925 veniat;

2081 3955 2283 4009 aditum
2318 3954 2460 4007 enim
2490 3967 2592 4006 non
2637 3953 2914 4008 habituras
2946 3954 3265 4015 calumnias,
3313 3955 3359 4009 si
3396 3966 3655 4021 magnam

2081 4046 2207 4098 anni
2233 4054 2439 4113 partem
2475 4044 2635 4097 simul
2670 4045 3032 4099 traducerent.
3067 4045 3261 4113 Rogat,
3300 4054 3358 4097 ut
3382 4048 3579 4098 saltem
3612 4056 3671 4097 se

2082 4137 2133 4190 in
2158 4137 2433 4207 proposito
2462 4137 2764 4191 certamine
2806 4136 3049 4205 adjuvet,
3083 4147 3137 4191 et
3166 4138 3238 4195 ei,
3273 4138 3365 4205 qui
3395 4147 3531 4190 tunc
3558 4134 3663 4190 bel-

2082 4227 2189 4281 lum
2222 4227 2505 4290 inferebat,
2548 4242 2731 4282 secum
2762 4238 3038 4283 occurrat.
3094 4227 3294 4294 Sperat
3342 4242 3403 4281 se
3432 4228 3668 4293 eiectum

2082 4318 2147 4370 iri
2170 4328 2260 4371 aut
2288 4316 2490 4385 aliquid
2521 4319 2740 4387 gravius
2774 4333 3086 4387 passurum,
3142 4319 3329 4387 sicque
3353 4319 3667 4372 calumnias

2082 4425 2302 4477 operum
2339 4410 2650 4463 testimonio
2677 4409 3061 4463 refutaturum.
3090 4409 3367 4476 Quantum
3393 4409 3661 4480 Gregorio

399 4497 593 4566 prodal
632 4495 975 4559 disserendo.
1028 4494 1165 4547 aue"
1189 4493 1550 4549 εοηηῖνθηάοο
1594 4493 1729 4546 Tum
1765 4493 1973 4563 Grego‘
2008 4503 2052 4557 D
2084 4503 2361 4563 tribueret,
2396 4501 2718 4569 perspicitur
2744 4516 2805 4555 ex
2835 4503 3236 4570 perhonorifica
3276 4502 3551 4556 invitandi
3580 4517 3659 4555 ra-

402 4591 549 4642 rius:
584 4587 733 4641 Unde
755 4588 873 4651 hoc,
904 4604 931 4640 ο
961 4603 1093 4641 vane
1130 4586 1309 4653 homo,
1351 4598 1399 4641 et
1430 4588 1734 4658 arrogantia
1760 4587 1975 4639 Dat/tan

398 4678 712 4731 etAbiron?
743 4678 879 4730 unde
932 4678 1077 4730 nobis
1131 4678 1439 4747 dogmatum
1484 4676 1848 4747 promulgator
1887 4694 1974 4730 ve-

399 4769 516 4822 nis?
548 4768 757 4824 Siccine
787 4781 1055 4821 tantarum
1084 4785 1257 4822 rerum
1280 4769 1514 4837 judicem
1538 4772 1757 4837 teipsum
1782 4768 1977 4837 efﬁcis?

398 4861 472 4914 lbi
510 4861 804 4914 monachus
837 4860 1093 4915 advenire
1119 4876 1177 4915 se
1210 4861 1345 4914 dixit
1366 4874 1431 4914 ex
1459 4870 1725 4914 conventu
1756 4858 1813 4914 S.
1864 4859 1978 4914 Eu-

399 4951 629 5021 psycbii,
658 4966 721 5005 ac
750 4952 1019 5005 audivisse
1043 4968 1162 5006 cum
1193 4951 1424 5005 Basilius
1446 4952 1513 5006 de
1546 4951 1704 5005 Patre
1747 4952 1967 5020 quidem

394 5050 448 5095 et
474 5040 611 5095 Filio
642 5042 871 5096 miriﬁce
894 5043 1205 5108 dissereret,
1227 5052 1282 5095 at
1311 5042 1571 5109 Spiritum
1601 5052 1852 5095 sanctum
1886 5041 1975 5094 dc-

396 5137 689 5197 torqueret.
724 5128 779 5182 In
810 5146 916 5200 quo
942 5131 1199 5186 Basilium
1233 5132 1587 5198 comparabat
1629 5145 1749 5183 cum
1784 5129 1968 5183 fluviis

396 5227 579 5285 petras
644 5221 1096 5287 praztereuntibus
1152 5231 1206 5275 et
1268 5235 1489 5273 arenam
1551 5221 1968 5274 excavantibus.

397 5307 538 5373 Quin
576 5310 739 5363 etiam
769 5313 1044 5380 qnzerebat
1067 5327 1135 5368 ex
1162 5312 1450 5381 Gregorio,
1480 5327 1578 5367 cur
1606 5313 1723 5381 ipse
1752 5312 1971 5380 quidem

398 5397 571 5464 palam
611 5408 665 5454 et
688 5413 871 5470 aperte
897 5400 1156 5472 Spiritum
1188 5403 1487 5473 appellaret
1517 5403 1708 5467 Deum,
1736 5403 1973 5459 Basilius

397 5502 528 5543 vero
550 5490 764 5559 politice
794 5495 967 5563 magis
1000 5509 1157 5565 quam
1188 5497 1274 5567 pie
1303 5495 1591 5553 veritatem
1616 5495 1973 5565 praedicaret?

470 5630 545 5703 (α)
580 5629 724 5703 _N_az.
761 5647 847 5703 ep.
870 5632 962 5688 26.

471 5701 543 5840 t2;
575 5699 706 5824 at

2082 4593 2245 4645 tione.
2287 4592 2348 4645 Si
2378 4592 2515 4644 enim
2543 4601 2749 4645 tantum
2779 4609 3061 4660 apparens,
3095 4593 3270 4662 inquit
3299 4592 3378 4663 (η.
3414 4593 3498 4662 2),
3547 4609 3665 4661 sup.

2078 4686 2273 4752 primes
2330 4686 2487 4752 ipsius
2528 4684 2799 4751 impetum,
2855 4700 3044 4754 eosque
3086 4685 3177 4753 qui
3219 4686 3288 4736 ad
3327 4688 3529 4753 patrita
3586 4699 3659 4735 res

2079 4775 2378 4828 evertendas
2409 4776 2732 4842 conspirant,
2792 4774 3098 4843 dissipabis,
3153 4778 3245 4829 ubi
3294 4776 3426 4844 ipsis
3488 4786 3662 4829 notum

2080 4865 2263 4933 feceris
2298 4876 2365 4932 te,
2398 4864 2493 4918 Dei
2519 4867 2717 4934 gratia,
2750 4868 2914 4918 nostri
2949 4876 3110 4918 cwtus
3139 4867 3326 4918 ducem
3359 4882 3498 4929 esse,
3531 4876 3630 4919 elo

2154 4956 2453 5025 ltogaverat
2480 4955 2774 5025 Gregorius
2800 4965 2856 5009 ut
2886 4957 3046 5011 simul
3071 4960 3462 5024 convenirent;
3498 4974 3663 5027 quan-

2083 5061 2241 5114 quam
2277 5047 2325 5100 id
2356 5046 2570 5114 quidem
2606 5048 2656 5099 in
2688 5047 2933 5115 epistola,
2958 5063 3123 5117 quam
3157 5049 3317 5104 modo
3351 5051 3659 5111 retulimus,

2085 5152 2189 5190 non
2220 5148 2371 5205 rogat
2405 5153 2419 5202 ;
2450 5138 2541 5191 sed
2572 5136 2709 5192 forte
2735 5140 2784 5192 id
2813 5138 2995 5209 bajulo
3013 5139 3257 5209 epistolae
3296 5142 3347 5193 in
3383 5142 3656 5196 mandatis

2083 5228 2327 5282 dederat.
2371 5227 2635 5282 Libenter
2668 5231 2859 5283 annuit
2910 5230 3166 5297 Basilius,
3216 5231 3261 5285 si
3290 5232 3357 5286 de
3408 5234 3656 5287 Ecclesii:

2078 5316 2483 5371 deliberandum
2516 5319 2585 5371 sit
2614 5335 2630 5383 ;
2667 5333 2824 5373 secus
2868 5334 3019 5384 vero,
3056 5321 3101 5373 si
3130 5320 3660 5374 calumniazdilucn-

2085 5406 2183 5458 da}.
2242 5406 2488 5459 Dolorem
2522 5405 2710 5460 Basilii
2747 5407 2923 5462 sensit
2970 5408 3273 5479 Gregorius
3298 5408 3394 5478 (e),
3430 5421 3660 5476 eumque

2080 5513 2185 5553 non
2241 5497 2357 5551 sine
2428 5497 2599 5551 amica
2653 5500 3079 5569 reprehensione
3144 5500 3435 5557 admonuit
3497 5499 3659 5556 satius

2152 5634 2229 5703 (ά)
2264 5635 2433 5702 Epist.
2463 5634 2552 5687 7l.

2153 5707 2223 5775 te)
2264 5704 2394 5763 Naz.
2426 5720 2508 5774 ep.
2542 5704 2635 5758 27.
