3820 6210
1431 355 1592 410 VITA
1630 356 1687 411 S.
1728 353 1994 411 BASiLll.

3225 383 3394 425 ιιιιιι

153 464 303 521 fuisse
349 462 712 517 incommodis
751 463 980 526 mederi,
1011 479 1175 535 quam
1229 465 1518 520 consilium
1565 465 1714 518 danti
1750 471 1791 525 Α
1823 481 1930 534 quo
1957 473 2103 533 patet
2149 466 2450 522 Palladium
2486 471 2706 526 minime
2759 487 2826 527 ex
2863 489 3090 530 numero
3124 477 3400 535 obtrecta-

150 568 473 610 succensere.
509 551 778 607 Caeterum
807 562 1092 608 venturum
1125 569 1185 608 se
1219 556 1488 626 promittit
1520 565 1574 611 et
1610 551 1714 609 Ba-

147 647 258 703 silio
283 646 414 700 duce
451 643 688 698 libenter
729 644 1134 700 dimicaturum.
1160 645 1306 712 Quos
1329 646 1562 700 Basilius
1591 663 1715 716 ger-

147 738 481 793 tuanissimos
531 735 732 790 fratres
779 747 833 790 et
874 738 1080 792 amicos
1134 747 1310 806 vocat,
1353 739 1408 793 hi
1459 739 1714 793 videntur

148 830 379 885 monachi
410 829 746 884 Nazianzeni
775 828 980 894 fuisse;
1012 830 1174 897 idque
1205 840 1354 900 patet
1379 845 1444 884 ex
1476 831 1562 884 bis
1594 845 1714 884 ver-

149 924 266 977 bis:
301 922 408 990 Ego
436 922 637 989 igitur,
679 922 726 974 si
763 921 984 974 necdum
1035 922 1188 976 istius
1220 921 1476 992 fratribus
1501 937 1629 975 mea:
1650 921 1714 974 de

147 1015 245 1070 Dea
278 1013 553 1067 sententia:
582 1013 995 1080 experimentum
1039 1013 1182 1081 dedi,
1227 1029 1290 1069 ne
1335 1029 1474 1067 nunc
1506 1012 1712 1085 quidem

143 1105 294 1158 habeo
325 1105 466 1172 quod
504 1105 869 1172 respondeam.

205 1195 450 1264 Gregorii
483 1195 650 1248 verba
684 1195 737 1248 in
783 1193 1036 1249 convivio
1085 1194 1250 1249 citata
1285 1195 1635 1264 reperiuntur
1659 1194 1712 1248 in

143 1288 375 1341 oratione
402 1296 623 1353 octava,
659 1300 822 1354 quam
867 1287 1238 1356 pronuntiavit
1269 1301 1412 1340 anno
1439 1286 1546 1340 57‘2
1589 1301 1711 1342 cum

144 1379 354 1449 abjectis
386 1378 622 1433 Sasintis
648 1378 1048 1433 Nazianzenam
1085 1377 1383 1432 Ecclesiam
1420 1380 1521 1433 sub
1558 1387 1712 1447 patre

145 1471 420 1540 regendam
453 1471 720 1540 suscepit.
778 1470 882 1524 Sed
910 1477 1091 1524 tamen
1133 1484 1201 1523 ex
1235 1469 1412 1535 aliqua
1451 1467 1555 1520 alia
1592 1483 1713 1522 ora-

148 1563 282 1616 tione
313 1562 600 1631 desumpta
633 1576 775 1624 esse,
833 1559 1030 1614 merito
1082 1559 1276 1613 statuit
1309 1559 1712 1612 Tillemontius.

143 1652 247 1707 Non
271 1654 414 1707 enim
440 1655 642 1706 mirum
679 1661 776 1705 aut
805 1651 1208 1705 incommodum
1253 1649 1429 1703 videri
1455 1649 1638 1713 debet,
1667 1647 1711 1702 si

144 1745 373 1799 eamdem
397 1746 729 1800 sententiam
763 1759 868 1798 non
907 1741 1075 1797 semel
1121 1741 1468 1810 usurpaverit
1509 1740 1712 1810 Grego-

1831 565 2004 608 torum
2059 555 2242 610 Basilii
2306 556 2496 612 fuisse.
2545 559 2689 612 ldem
2737 560 3024 615 dicendum
3057 562 3123 618 de
3181 563 3395 632 Diania,

1825 647 1982 716 cujus
2037 661 2103 700 ex
2139 660 2391 701 sermone
2445 660 2773 718 cognoverat
2821 652 3146 710 Athanasius
3197 654 3400 713 frustra

1825 740 2118 794 monachos
2152 739 2514 796 Caesarienses
2566 742 2796 796 turbari.
2853 741 3097 798 Notanda
3152 743 3399 813 ejusdem

1823 831 2063 900 epistolae
2091 832 2204 885 haec
2235 832 2398 886 verba
2432 850 2444 885 :
2478 831 2649 895 Αὐτὸς
2677 834 2774 903 μὲν
2804 837 2933 904 γὰρ,
2963 834 3038 898 ὡς
3057 836 3398 908 τεθάρῤηκα,

1825 927 1937 986 τοῖς
1965 923 2282 976 ἀσθενοῦσιν
2315 924 2548 993 ἀσθενὴς
2576 924 2806 992 γίνεται,
2851 927 2936 978 ἵνα
2983 928 3109 991 τοὺς
3156 929 3400 992 ἀσθενεῖς

1825 1017 2087 1087 κερδήσῃο
2110 1018 2158 1068 οἱ
2183 1015 2238 1068 δὲ
2266 1017 2540 1085 ἀγαπητοὶ
2573 1017 2727 1087 ἡμῶν
2764 1018 3159 1083 ἀποϐλέποντες
3195 1022 3276 1084 εἰς
3311 1021 3401 1074 τὸν

1824 1109 2028 1162 σκοπὸν
2057 1108 2155 1178 τῆς
2179 1107 2439 1178 ἀληθείας
2464 1107 2648 1172 αὐτοῦ,
2707 1109 2801 1162 καὶ
2825 1110 2922 1181 τὴν
2949 1111 3281 1182 οἰκονομίαν,
3312 1113 3400 1165 δο-

1825 1198 2139 1265 ξαζέτωσαν
2159 1199 2251 1252 τὸν
2287 1198 2490 1270 Κύριον
2510 1199 2600 1252 τὸν
2625 1200 2891 1253 δεδωκότα
2926 1204 2992 1270 τῇ
3038 1202 3402 1276 Καππαδοκίᾳ

1821 1290 2060 1344 τοιοῦτον
2125 1289 2440 1355 ἐπίσκοπον,
2495 1285 2606 1342 οἷον
2673 1291 2767 1344 καὶ
2799 1291 3002 1360 ἑκάστη
3052 1291 3205 1364 χώρα
3259 1293 3402 1364 ἔχειν

1824 1383 2066 1454 εὔχεται.
2094 1381 2215 1452 Ipse
2248 1383 2386 1436 enim
2423 1382 2720 1454 (Basilius),
2755 1392 2811 1435 ut
2844 1384 3069 1451 con/ida,
3099 1401 3216 1437 cum
3247 1385 3399 1452 inﬁr-

1822 1477 1920 1527 mis
1948 1473 2279 1540 in/irmatur,
2317 1482 2372 1524 ut
2403 1473 2644 1540 inﬁrmos
2667 1473 2986 1540 lucrifaciat.
3016 1473 3202 1527 Dilecti
3226 1484 3402 1528 autem

1825 1563 1993 1616 nostri
2037 1562 2368 1630 respicientes
2416 1563 2485 1613 ad
2531 1564 2856 1628 propositum
2897 1564 3133 1616 veritatis
3179 1563 3322 1617 illius
3353 1575 3402 1617 et

1823 1654 2190 1717 teconomiam,
2233 1653 2527 1722 gloriﬁcent
2569 1653 2872 1718 Dominum,
2912 1653 3004 1724 qui
3043 1653 3200 1707 talem
3257 1653 3400 1709 dedit

1821 1743 2169 1814 Cappadociae
2191 1745 2510 1812 episcopum,
2540 1742 2746 1812 qualem
2780 1761 3104 1814 unaquaque
3143 1745 3281 1813 regio
3309 1761 3402 1798 cu-

149 1838 273 1902 rius,
299 1853 421 1893 cum
448 1839 754 1907 praesertim
812 1845 980 1889 totam
1013 1835 1156 1888 hanc
1199 1833 1508 1896 historiam,
1557 1847 1719 1902 quam
1755 1828 1796 1882 B
1825 1839 1896 1905 pit
1931 1837 2141 1890 habere.
2197 1835 2255 1890 In
2310 1838 2558 1891 eamdem
2595 1839 2922 1890 sententiam
2984 1839 3042 1892 s,
3072 1837 3403 1892 Athanasius

145 1931 295 1984 modo
320 1930 697 1992 narravimus,
739 1929 863 1982 huic
897 1942 1039 1982 anno
1066 1927 1164 1981 571
1193 1929 1520 1983 necessaria:
1555 1926 1721 1980 ratio-

143 2036 234 2075 nes
284 2021 565 2075 addicant.
611 2020 826 2074 Nullum
857 2021 1000 2074 enim
1035 2019 1180 2073 aliud
1211 2028 1423 2088 tempus
1449 2021 1714 2084 occurrit,

146 2112 197 2167 in
231 2128 336 2182 quo
361 2114 658 2168 instantem
713 2113 925 2168 hostem
949 2113 1346 2180 exspectaverit
1379 2109 1634 2176 Basilius,
1669 2123 1723 2166 et

140 2205 380 2259 exsilium
406 2217 505 2258 aut
535 2205 738 2274 aliquid
788 2205 1006 2271 gravius
1057 2220 1122 2260 ex
1159 2204 1343 2276 prtelio
1395 2204 1718 2274 speraverit.

137 2301 673 2370 Appropinquantem
719 2297 964 2352 Valentis
989 2297 1279 2351 adventum
1314 2294 1722 2366 designatGre-

137 2394 312 2463 gorius
339 2392 443 2460 (a),
475 2407 598 2446 cum
630 2391 708 2444 ait
757 2391 809 2444 in
856 2389 1128 2454 convivio,
1182 2391 1363 2459 ingens
1397 2391 1536 2442 circa
1568 2387 1723 2442 Basi-

137 2486 258 2538 liam
283 2501 396 2538 esse
418 2483 638 2546 bellum,
668 2482 851 2536 vicinis
881 2485 1124 2536 omnibus
1168 2482 1334 2548 captis
1379 2493 1428 2533 et
1463 2480 1720 2549 subjuga-

139 2575 218 2628 tis.
240 2573 536 2638 Praeterea,
582 2573 762 2642 sijam
810 2572 1044 2628 Basilius
1085 2588 1207 2626 cum
1237 2571 1458 2626 Valente
1499 2571 1723 2640 ejusque

140 2664 401 2719 ministris
456 2671 797 2734 pugnasset,
851 2677 979 2716 num
1024 2662 1255 2732 ignaviae
1293 2661 1502 2715 crimen
1553 2660 1720 2714 futuri

141 2755 298 2822 praelii
342 2754 724 2824 promissione
767 2752 1103 2822 repelleret?
1149 2750 1358 2818 Quibus
1399 2752 1548 2805 enim
1576 2750 1723 2804 illius

142 2847 292 2901 tidem
320 2846 606 2916 praeterita
637 2845 941 2900 certamina
969 2859 1076 2899 non
1103 2846 1520 2914 approbassent,
1551 2841 1721 2896 multo

141 2941 314 2994 minus
343 2943 590 2994 nondum
624 2940 917 2996 commissa
949 2939 1337 3009 approbarent.
1365 2937 1543 2991 Aliam
1574 2937 1722 2989 addit

145 3030 400 3084 rationem
434 3029 825 3084 Tillemontius
853 3047 865 3083 :
895 3028 1106 3083 scilicet
1133 3027 1393 3081 Basilium
1422 3036 1543 3097 post
1574 3025 1724 3079 Sasi-

143 3138 356 3178 menses
393 3122 681 3176 molestias
731 3122 915 3175 dicere
963 3137 1070 3174 non
1111 3121 1378 3190 patuisse,
1437 3137 1491 3173 se
1525 3119 1721 3171 nullius

143 3208 237 3262 sibi
275 3211 330 3262 in
366 3206 688 3278 Gregorium
722 3225 885 3278 neque
913 3210 1059 3278 parvi
1106 3226 1268 3279 neque
1295 3209 1517 3278 majoris
1547 3209 1724 3262 delicti

144 3317 247 3354 esse
278 3302 579 3354 conscium.
643 3301 748 3354 Sed
810 3315 916 3363 non
950 3300 1106 3354 video
1154 3315 1251 3353 cur
1295 3299 1528 3354 Basilius
1561 3300 1724 3352 etiam

145 3404 257 3464 post
313 3396 514 3448 turbas
564 3393 908 3448 Sasimenses
959 3394 1098 3448 hanc
1160 3393 1415 3448 amicitiae
1448 3408 1724 3462 nunquam

148 3489 352 3542 violata:
386 3487 610 3540 laudent
663 3486 766 3540 sibi
813 3486 1095 3539 vindicare
1133 3500 1242 3539 non
1283 3485 1543 3554 poluerit,
1601 3499 1725 3539 cum

144 3581 441 3648 praesertim
485 3579 600 3646 ipse
639 3578 937 3646 Gregorius
990 3578 1232 3647 pluribus
1291 3577 1424 3632 locis
1465 3575 1544 3648 (b)
1582 3575 1727 3629 dicat

144 3670 437 3723 amicitiam
504 3668 608 3724 hac
666 3669 720 3722 in
780 3684 841 3723 re
897 3666 1158 3723 Basiliam
1229 3666 1453 3738 Spiritui
1505 3665 1720 3734 postha-

143 3757 342 3815 bttisse.

211 3849 273 3906 γ.
333 3851 733 3905 Monachorum
793 3851 858 3922 de
913 3849 1114 3904 Basilio
1147 3847 1384 3918 querelae
1434 3847 1502 3902 ad
1553 3834 1726 3902 sancti

150 3940 430 3995 Athanasii
466 3956 629 3996 aures
664 3950 1054 4010 pervenerunt,
1083 3941 1240 4009 eique
1267 3939 1609 3995 occasionem
1638 3938 1731 3994 de-

149 4031 336 4085 derunt
363 4030 557 4084 Basilii
600 4029 942 4085 defendendi.
964 4027 1100 4084 Nam
1131 4044 1254 4083 cum
1277 4029 1326 4084 ei
1355 4029 1578 4083 Dianius
1605 4028 1730 4098 qui-

149 4122 263 4175 dam
294 4122 535 4177 dixisset
570 4121 868 4175 monachos
912 4119 1278 4176 Caesarienscs
1309 4133 1631 4175 succensere
1677 4129 1732 4173 et

148 4214 411 4269 obluctari
448 4213 674 4278 Basilio,
703 4211 930 4282 scripsit
961 4213 1044 4267 eis
1093 4211 1442 4276 Athanasius,
1478 4219 1534 4265 ut
1588 4208 1729 4278 patri

150 4307 437 4361 obedirent
472 4317 729 4374 tanquam
783 4305 907 4370 ﬁlii,
959 4318 1060 4359 nec
1093 4303 1599 4375 ei_obluctarentur
1628 4302 1728 4356 do-

149 4402 308 4454 centi.
349 4400 412 4454 Si
439 4400 590 4454 enim
619 4408 906 4468 suspectus
962 4406 1113 4452 esset
1149 4397 1382 4452 Basilius
1433 4397 1486 4450 in
1515 4397 1580 4450 iis
1611 4410 1733 4464 quae

1823 1927 2062 1997 loquitur
2111 1928 2164 1981 itt
2225 1927 2455 1998 epistola
2506 1929 2574 1982 ad
2625 1925 2889 1983 Joannem
2937 1937 2991 1982 et
3032 1929 3398 1984 Antiochum:

1823 2020 1973 2074 Πάνυ
2008 2019 2064 2073 δὲ
2092 2019 2412 2092 τεθαύμακα
2443 2020 2541 2092 τὴν
2571 2020 2884 2093 θρασύτητα
2927 2021 3035 2075 τῶν
3083 2021 3402 2093 τολμώντων

1822 2113 2003 2166 λαλεῖν
2031 2116 2171 2168 κατὰ
2203 2113 2295 2166 τοῦ
2325 2114 2609 2185 ἀγαπητοῦ
2650 2114 2827 2185 ἡμῶν,
2859 2114 2953 2167 τοῦ
2999 2113 3214 2184 ἀληθῶς
3265 2113 3402 2168 Θεοῦ

1823 2205 2034 2268 δούλου,
2063 2205 2340 2259 Βασιλείου
2362 2205 2455 2259 τοῦ
2478 2207 2798 2260 ἐπισκόπου⁶
2827 2209 2890 2260 ὲκ
2906 2206 3015 2278 γὰρ
3036 2209 3134 2278 τῆς
3149 2208 3404 2277 τοιαύτης

1825 2296 2090 2367 φλυαρίας
2114 2297 2431 2367 ἐλέγχεσθαι
2459 2297 2799 2369 δυνήσονται,
2819 2298 2896 2362 ὡς
2927 2299 3046 2352 οὐδὲ
3081 2297 3188 2354 τῶν
3223 2299 3400 2354 Πατέ-

1827 2406 1936 2458 ρων
1952 2388 2272 2457 ἀγαπῶντες
2299 2389 2399 2460 τὴν
2413 2389 2722 2460 ὁμολογίαν.
2741 2388 2969 2442 Omnino
3001 2391 3163 2442 miror
3188 2390 3370 2444 temeri
3379 2418 3402 2430 -

1824 2492 2203 2545 tatemeorum,
2231 2481 2318 2546 qui
2361 2480 2552 2534 dilecto
2599 2491 2800 2542 nostro,
2873 2497 2989 2533 vero
3026 2480 3121 2533 Dei
3175 2478 3402 2548 famulo,

1825 2571 2030 2625 Basilio
2067 2575 2307 2641 episcopo
2334 2574 2623 2626 obtrectare
2667 2572 2862 2626 audent
2891 2588 2908 2625 :
2955 2587 3018 2624 ex
3046 2571 3237 2624 talibus
3264 2571 3403 2625 enim

1824 2664 1976 2731 nugis
2001 2665 2154 2733 argui
2194 2672 2462 2732 poterunt,
2517 2663 2657 2734 quod
2688 2679 2750 2716 ne
2778 2661 3005 2716 Patruus
3045 2663 3251 2732 quidem
3277 2660 3404 2714 dili-

1824 2765 1950 2825 gant
1993 2756 2398 2824 confessionem.

1896 2846 2192 2900 Palladium
2234 2847 2510 2901 existimat
2558 2845 2936 2900 Tillemontius
2987 2861 3108 2904 eum
3146 2859 3267 2899 esse
3312 2845 3406 2913 qui

1825 2931 2045 3012 scripsit
2097 2937 2274 2990 Vitam
2326 2939 2502 2992 sancti
2532 2937 2754 2995 Joannis
2779 2937 3171 3008 Chrysostomi.
3206 2937 3253 2992 Is
3283 2952 3406 2991 cum

1825 3028 2136 3084 Innocentio
2177 3028 2306 3082 Italo
2327 3029 2621 3082 solitariam
2645 3030 2808 3081 vitant
2840 3028 3051 3098 agebat.
3090 3028 3169 3082 Ad
3197 3036 3406 3082 utrum.

1827 3137 1934 3192 que
1961 3130 2140 3176 exstat
2178 3122 2365 3177 Basilii
2398 3123 2625 3191 epistola
2677 3123 2804 3177 259.
2837 3121 3168 3178 Antiochum
3220 3130 3404 3177 autem

1830 3215 2124 3271 verisimile
2143 3225 2228 3269 est
2250 3215 2425 3270 sancti
2451 3215 2667 3270 Eusebii
2701 3214 3103 3269 Samnsatensis
3128 3215 3314 3270 fratris
3343 3213 3406 3270 ﬁ-

1829 3306 1960 3361 lium
1987 3322 2128 3373 esse,
2152 3309 2218 3362 de
2235 3323 2341 3376 quo
2365 3307 2501 3362 alius
2524 3317 2774 3362 occurret
2797 3308 3010 3362 dicendi
3037 3307 3208 3363 locus.

1899 3399 2046 3467 Quos
2083 3399 2416 3454 Athanasius
2451 3408 2609 3454 vocat
2653 3399 3020 3453 Ctesarienses
3066 3398 3362 3452 monachos
3388 3439 3403 3464 ,

1831 3494 1992 3548 valde
2026 3493 2212 3548 dubito
2243 3503 2425 3547 utrum
2457 3509 2524 3548 ex
2559 3493 2879 3548 Caesariensi
2925 3494 3258 3547 monasterio
3284 3490 3404 3546 fue—

1831 3588 1961 3652 rint,
1990 3602 2058 3640 an
2086 3602 2152 3642 ex
2184 3587 2305 3642 aliis
2333 3587 2686 3656 Cappadociae
2716 3586 3082 3641 monasteriis.
3120 3584 3255 3640 Nam
3289 3585 3407 3640 Cte-

1829 3679 2100 3732 sarienscs
2145 3689 2340 3732 ascette
2385 3679 2638 3731 videntur
2684 3676 2885 3732 Basilio
2933 3691 3148 3745 semper
3189 3676 3406 3730 amicis-

1831 3771 1954 3826 simi
1987 3770 2192 3836 fuisse;
2228 3780 2281 3825 et
2305 3785 2427 3824 cum
2462 3771 2660 3824 factam
2690 3771 2739 3824 ei
2766 3771 2835 3823 ab
2860 3769 3095 3824 Eusebio
3138 3771 3398 3839 episcopo

1834 3862 2085 3932 injuriam
2117 3861 2253 3915 ultra
2273 3861 2439 3931 legem
2459 3871 2514 3916 et
2545 3860 2760 3916 modum
2784 3860 3146 3925 defenderint,
3175 3875 3395 3916 eorum-

1836 3970 1947 4024 que
1978 3955 2218 4009 studiutn
2252 3953 2509 4008 enituerit
2529 3953 2582 4006 in
2616 3953 2978 4021 promovenda
3011 3953 3153 4006 illius
3174 3953 3401 4006 electio-

1835 4060 1936 4112 tte;
1969 4043 2265 4098 verisimile
2289 4059 2394 4098 non
2425 4053 2509 4098 est
2538 4053 2647 4096 tam
2671 4043 2780 4096 cito
2800 4057 2894 4096 eos
2911 4044 2978 4096 ab
3006 4042 3098 4096 illo
3125 4041 3406 4111 abaliena-

1836 4146 1921 4190 tos
1960 4135 2148 4194 fuisse.
2193 4144 2249 4187 et
2299 4133 2525 4202 ignavia:
2571 4133 2777 4187 crimen
2827 4133 3096 4198 intulisse,
3130 4143 3242 4186 tum
3285 4144 3410 4188 cunt

1833 4239 1894 4279 se
1931 4224 1998 4277 ad
2031 4222 2409 4294 gravissimum
2436 4232 2710 4277 certamen
2750 4221 2964 4277 fortiter
2989 4231 3226 4291 pararet.

1910 4315 2112 4370 Praeter
2134 4316 2232 4369 hos
2261 4316 2703 4384 reprehensores,
2729 4312 2819 4368 alii
2851 4315 3014 4368 etiam
3043 4316 3183 4370 inter
3209 4314 3414 4370 Catho-

1840 4408 1972 4463 licos
2001 4408 2285 4471 exstitere,
2319 4408 2487 4477 quiet
2535 4408 2795 4462 Basiliam
2823 4416 2880 4461 et
2922 4407 3242 4478 Gregorium
3295 4423 3404 4464 non

149 4492 213 4544 ad
245 4493 540 4546 veritatem
580 4501 850 4560 spectant,
882 4489 1209 4544 laudabilem
1237 4487 1354 4543 fore
1383 4502 1568 4542 eorum
1600 4501 1732 4541 con-
1764 4500 1810 4556 ι)
1838 4499 2163 4565 timiditatis,
2208 4499 2302 4553 sed
2345 4498 2642 4568 impietatis
2693 4508 3056 4562 accusarem,
3102 4514 3165 4553 ac
3210 4515 3279 4554 ne
3321 4499 3410 4570 pio

150 4584 474 4638 tentionem.
510 4582 615 4636 Sed
637 4583 683 4636 si
709 4581 990 4636 confidunt
1028 4580 1293 4649 (eamdem
1317 4579 1419 4634 sibi
1470 4577 1726 4632 fiduciam

148 4689 266 4729 esse
290 4676 392 4745 ait)
423 4689 550 4728 eum
575 4687 695 4728 esse
721 4674 886 4726 decus
937 4681 993 4727 et
1041 4682 1420 4726 ornamentum
1477 4666 1731 4722 Ecclesiae

149 4779 208 4819 ac
251 4766 430 4835 magis
460 4777 562 4834 pro
596 4764 825 4817 veritate
874 4770 1107 4826 certare,
1156 4768 1211 4814 et
1243 4773 1338 4813 eos
1360 4757 1452 4822 qui
1477 4756 1720 4812 doctrina

153 4857 397 4927 indigent
462 4857 734 4921 edocere;
788 4866 1128 4924 nequaquam
1178 4865 1302 4904 cum
1334 4849 1424 4902 tali
1476 4849 1595 4902 viro
1639 4862 1734 4915 pn-

151 4950 429 5019 gnandum
457 4962 604 5012 esse,
655 4947 749 5001 sed
801 4947 980 5014 potius
1011 4945 1209 4999 bonam
1264 4940 1407 4996 illius
1442 4938 1731 4995 conscien-

155 5043 278 5094 tiam
311 5040 746 5111 approbandam.
788 5037 905 5091 Non
941 5043 1118 5091 exstat
1153 5035 1269 5090 haec
1304 5031 1585 5086 Athanasii
1621 5029 1737 5099 epi-

155 5130 285 5184 stola
324 5132 397 5184 ad
432 5129 734 5184 monachos
761 5127 1146 5190 Ctesarienses,
1195 5122 1288 5177 sed
1336 5123 1451 5176 hazc
1493 5121 1736 5176 eruimus

158 5240 218 5278 ex
250 5225 374 5279 aliis
408 5224 480 5277 ad
526 5222 824 5276 Palladium
868 5221 1246 5291 presbyterum
1301 5215 1521 5284 litteris,
1577 5230 1734 5284 quem

156 5317 511 5378 Athanasius,
539 5315 778 5383 acceptis
824 5315 891 5367 ab
951 5313 1042 5366 illo
1077 5311 1267 5365 cadent
1303 5311 1370 5364 dc
1400 5323 1459 5363 re
1516 5307 1737 5370 litteris,

162 5418 336 5478 rogat,
371 5417 433 5460 ut
461 5407 576 5475 ipse
636 5406 802 5460 etiam
834 5403 1042 5458 scribat
1098 5405 1163 5456 ad
1205 5401 1501 5456 monachos
1559 5399 1740 5454 Cassa-

165 5503 396 5564 rienses,
432 5511 497 5552 ac
533 5498 636 5551 sibi
697 5497 749 5550 in
791 5498 870 5551 eis
895 5494 1174 5551 ﬂectendis
1201 5508 1419 5566 operam
1445 5505 1626 5548 navet.
1658 5493 1735 5547 Ex

228 5674 306 5743 (α)
339 5673 474 5728 Nat.
501 5687 587 5743 ep.
612 5673 703 5727 26.

233 5747 308 5816 ψ)
345 5749 442 5799 Ur.
475 5745 525 5812 ὅ,
555 5754 609 5800 et
631 5759 712 5798 or.
751 5743 842 5796 20.

1845 4591 2062 4662 quidem
2128 4590 2271 4658 loqui
2314 4591 2727 4656 existimarent;
2778 4605 2883 4644 non
2953 4591 3095 4659 quod
3144 4591 3412 4644 divinita-

1843 4693 1949 4736 tem
2014 4680 2190 4735 sancti
2243 4677 2482 4748 Spiritus
2537 4680 2603 4734 ab
2665 4680 2744 4734 eis
2798 4681 3019 4748 negari,
3081 4681 3175 4734 sed
3233 4679 3412 4748 potius

1837 4769 1981 4839 quod
2045 4784 2140 4824 eos
2201 4770 2256 4822 itt
2315 4769 2416 4824 hoc
2475 4769 2726 4837 dogmate
2789 4769 3132 4838 praedicando
3198 4767 3410 4838 longius

1840 4863 1968 4916 ferri
2021 4863 2327 4916 crederent.
2381 4859 2536 4916 Unde
2592 4861 2887 4933 Gregorius
2931 4861 3002 4932 (ε)
3053 4870 3206 4930 rogat
3254 4861 3410 4915 Basi-

1841 4956 1968 5008 lium
2004 4963 2060 5008 ut
2084 4968 2142 5008 se
2172 4956 2386 5018 doceat,
2411 4970 2680 5022 quousque
2714 4955 2772 5008 in
2811 4954 3152 5023 prwdicanda
3181 4951 3414 5022 Spiritus

1840 5045 2010 5098 sancti
2040 5043 2313 5097 divinitate
2353 5045 2618 5111 progredi,
2674 5059 2906 5112 quasque
2953 5057 3101 5095 voces
3131 5057 3411 5109 usurpare,

1841 5147 1889 5190 et
1914 5151 2181 5205 quousque
2212 5136 2500 5188 oeconomia
2533 5135 2610 5186 uti
2649 5134 2917 5186 conveniat
2941 5171 2956 5195 ,
2990 5131 3243 5185 nimirum
3276 5138 3415 5184 utet

1843 5228 1908 5280 iis
1943 5227 2260 5290 satislieret,
2293 5225 2384 5294 qui
2427 5224 2856 5294 nimiumjcjune
2875 5223 3213 5277 divinitatem
3237 5221 3411 5276 sancti

1845 5319 2080 5386 Spit-itus
2117 5317 2518 5386 praedicari,et
2551 5317 2616 5370 iis
2665 5317 2756 5385 qui
2803 5314 2922 5385 plus
2956 5330 3110 5384 aequo
3139 5314 3288 5368 illum
3314 5329 3409 5367 ex-

1848 5407 1966 5461 tolli
1996 5407 2387 5475 querebantur.
2444 5406 2697 5460 Nonnulli
2751 5405 2837 5460 his
2891 5404 3222 5472 temporibus
3269 5403 3413 5458 fere-

1793 5550 1805 5560 ,
1846 5503 2042 5553 bantur
2108 5498 2369 5566 Spiritum
2427 5509 2672 5552 sanctum
2729 5495 2873 5550 Patri
2930 5505 2985 5550 et
3023 5494 3162 5548 Filio
3209 5507 3419 5564 prapo-

1926 5672 1994 5742 (ε)
2030 5669 2160 5724 Naz.
2193 5685 2276 5740 ep.
2302 5669 2392 5723 26.
