3820 6210
448 348 605 389 LXXIV

1752 342 2294 406 PROLEGOMENAJ

436 470 602 553 nere,
632 467 717 553 ut_
744 466 890 525 patet
916 473 1001 553 ex
1035 457 1230 553 Basilii
1276 459 1501 553 epistola
1534 461 1621 525 5‘2,
1656 477 1830 533 neque
1888 467 2028 521 hanc
2056 476 2104 529 Α
2136 471 2275 539 piam
2312 472 2595 542 reliquisse
2626 475 2853 546 Nyssam
2880 480 3232 535 conveniendi
3258 496 3377 535 cum
3396 483 3681 553 episcopls;

447 546 881 601 criminationem
916 550 1028 617 ipse
1072 551 1303 604 Basilius
1334 551 1539 621 effugit.
1586 553 1865 610 Neminem
1896 574 2026 613 sane

452 637 557 691 hoc
586 638 879 693 insaniisse
907 656 1095 694 errore
1127 643 1448 698 crediderim
1474 661 1487 708 ;
1528 648 1621 700 sed
1657 648 1755 701 hos
1780 666 2024 706 rumores

444 730 771 799 spargebant
795 729 1303 799 Pneumatomachi,
1338 734 1525 801 sicque
1551 735 1728 791 fucum
1763 738 2016 795 infirmio-

447 822 601 876 ribus
640 823 837 876 animis
868 823 1160 882 faciebant.
1187 824 1366 891 Quare
1396 827 1713 881 adhibenda:
1741 832 2020 887 cautiones

442 922 619 981 erant,
654 930 756 968 non
802 915 974 969 solum
1011 931 1077 970 ne
1120 932 1224 985 qua
1258 918 1485 971 daretur
1517 934 1646 972 ansa
1697 920 2023 977 Pneumalo-

440 1006 672 1072 machis,
694 1007 785 1061 sed
820 1011 982 1061 etiam
1011 1016 1071 1060 ut
1094 1007 1323 1061 infirmis
1347 1008 1742 1064 consuleretur.
1769 1012 1825 1065 S.
1851 1013 2022 1067 Atha-

439 1099 648 1163 nasius,
685 1100 774 1167 qui
837 1114 925 1155 res
966 1101 1017 1153 in
1078 1100 1416 1168 Cappadocia
1486 1108 1663 1167 gestas
1716 1118 1780 1155 ex
1830 1104 2018 1159 auditu

436 1199 686 1253 noverat,
715 1191 930 1245 videtur
968 1191 1314 1245 existimasse
1367 1190 1627 1246 Basilium
1676 1194 2016 1250 infirmorum

434 1298 596 1338 causa
627 1284 862 1339 studium
884 1284 1231 1339 defendendae
1256 1285 1487 1353 Spiritus
1512 1286 1684 1339 sancti
1719 1288 2016 1343 divinitatis

440 1386 797 1444 temperasse.
832 1378 1087 1429 Aitenim
1122 1377 1186 1430 de
1226 1377 1425 1432 Basilio
1464 1397 1475 1432 :
1507 1377 1638 1432 Cum
1670 1379 1898 1447 inﬁrmis
1928 1382 2012 1435 ia-

430 1469 700 1536 ﬁrmatur,
733 1480 787 1522 ut
823 1470 1060 1536 inﬁrmos
1082 1470 1404 1537 lucrifaciat.

1014 1585 1241 1640 CAPUT
1284 1585 1424 1640 XIX.

430 1673 469 1728 1.
496 1676 651 1731 Circa
692 1679 788 1748 hoc
811 1685 1009 1743 tempus
1049 1674 1240 1747 Nyssa:
1263 1679 1541 1731 ordinatur
1570 1680 1841 1748 episcopus
1874 1680 2007 1734 Gre-

499 1749 681 1815 gorius
717 1746 907 1800 Basilii
931 1746 1117 1814 frater.
1155 1750 1216 1803 ll.
1260 1748 1505 1819 Basilius
1551 1746 1829 1803 Eustochio
1870 1752 2010 1819 ejus-

498 1814 598 1885 que
616 1819 777 1870 servis
806 1820 1157 1882 patrocinium
1185 1819 1456 1886 impendit.
1493 1818 1574 1872 ΙΙΙ.
1607 1820 1771 1872 Dolor
1793 1814 1908 1887 ejus
1958 1831 2005 1872 et
2041 1814 2081 1868 Β

498 1889 711 1958 scripta,
743 1888 806 1958 ab
839 1905 896 1941 eo
936 1890 1169 1958 epistola'
1203 1892 1263 1939 ob
1304 1889 1612 1941 divisionem
1661 1889 2007 1958 Cappadocia:

502 1974 643 2028 anno
673 1953 769 2010 57f
811 1956 1153 2028 exeunte!“
1196 1958 1478 2011 Tlterusins
1504 1958 1599 2010 hoc
1620 1953 2006 2028 anno'regebat

496 2023 915 2093 Cappadociam.
953 2027 1015 2080 ν.
1045 2024 1295 2094 Elpidius
1330 2028 1444 2096 ejus
1469 2045 1719 2081 assessor.
1753 2023 2008 2084 VL'Tlte-

496 2097 641 2150 rasio
669 2098 902 2166 dignitas
930 2098 1241 2166 abrogatur,
1262 2098 1339 2151 vel
1372 2114 1486 2150 eam
1506 2109 1684 2165 sponte
1720 2100 1930 2167 abjicit.

491 2208 535 2263 l.
588 2208 893 2263 Referenda
947 2210 1011 2265 ad
1069 2211 1172 2263 hoc
1203 2220 1415 2279 tempus
1464 2209 1678 2265 videtur
1732 2214 2004 2269 ordinatio

422 2299 481 2354 S.
513 2298 761 2371 Gregorii
798 2300 1051 2372 Nysseni,
1088 2304 1139 2354 in
1179 2316 1285 2369 qua
1314 2317 1420 2355 non
1454 2300 1626 2356 solum
1658 2318 1901 2358 summus
1928 2306 2001 2375 (a)

419 2393 636 2448 exstitit
689 2407 987 2447 consensus
1036 2392 1415 2461 episcoporum
1452 2391 1847 2461 Cappadociae,
1906 2400 2001 2451 sed

417 2484 583 2539 etiam
625 2499 836 2539 summa
897 2485 1204 2539 constantia
1256 2484 1307 2538 in
1360 2485 1685 2553 imponenda
1739 2484 2001 2556 Gregorio

416 2577 581 2647 hujus
629 2577 815 2631 oneris
872 2576 1197 2647 suscipiendi
1242 2576 1589 2630 necessitate.
1642 2575 1747 2631 Sed
1808 2593 2001 2647 quam-

416 2669 500 2723 vis
555 2665 693 2722 nihil
736 2668 996 2723 omissum
1055 2675 1206 2722 esset
1274 2681 1451 2735 neque
1504 2682 1771 2736 parvum,
1822 2684 1999 2737 neque

415 2776 701 2830 magnum,
732 2760 879 2830 quod
925 2760 1142 2830 quidem
1176 2759 1243 2813 ad
1286 2772 1525 2813 canones
1561 2760 1850 2826 attineret;
1892 2776 1996 2814 non

416 2864 594 2908 tamen
627 2854 1008 2908 haereticorum
1033 2852 1445 2907 criminationes
1473 2850 1994 2924 eﬂ‘ugitGregorius.

412 2942 637 3015 Negotia
666 2944 716 2999 ei
749 2944 1117 2999 exhibuerunt
1140 2943 1213 3014 (b)
1247 2957 1390 2997 anno
1423 2943 1549 3010 374,
1583 2953 1836 3013 tanquam
1857 2959 1997 3013 prte-

411 3044 501 3091 ter
526 3050 766 3091 canones
799 3036 1089 3099 ordinatio,
1130 3046 1295 3106 atque
1348 3035 1490 3089 hanc
1536 3036 1683 3092 illius
1740 3036 1991 3104 ejiciendi

2132 566 2493 621 ordinationis
2537 576 2748 639 tempus
2793 570 2934 623 intra
2979 574 3317 640 angustiores
3350 573 3524 626 adhuc
3565 574 3685 628 fines

2130 658 2508 727 contrahitur,
2536 676 2635 715 nec
2666 662 2842 716 serius
2873 664 3087 718 videtur
3114 665 3405 735 contigisse
3440 676 3684 721 autumno

2128 748 2253 800 anni
2278 748 2402 801 57L

2197 836 2259 891 ll.
2297 840 2559 895 Videntur
2585 842 2801 912 scripta:
2832 853 2957 898 ante
2989 844 3344 915 Cappadociae
3376 847 3679 902 divisionem

2125 931 2367 997 epistolae
2408 933 2474 985 79.
2502 944 2556 987 ct
2589 934 2677 999 75,
2713 936 2779 989 ad
2830 934 3158 1007 llesychium
3208 946 3262 991 et
3292 938 3679 993 Callisthenem.

2124 1019 2309 1075 Laesus
2332 1023 2399 1077 ab
2432 1022 2710 1078 Eustachii
2741 1028 2911 1081 servis
2939 1026 3295 1082 Callisthenes
3314 1069 3329 1091 ,
3357 1029 3443 1082 vir
3486 1041 3681 1098 potens,

2120 1121 2303 1179 atque,
2334 1120 2392 1165 ut
2428 1115 2721 1168 verisimile
2751 1125 2852 1180 est,
2903 1117 2956 1169 in
2999 1133 3193 1186 magna
3225 1119 3401 1189 aliqua
3433 1120 3683 1188 dignitate

2120 1205 2465 1271 constitutus,
2490 1219 2681 1273 ptenas
2720 1222 2749 1259 a
2784 1207 2999 1261 famulis
3049 1218 3101 1261 et
3135 1208 3283 1262 beris
3328 1220 3569 1274 repetere
3599 1225 3683 1263 vo-

2120 1294 2237 1348 luit.
2267 1294 2410 1349 Misit
2458 1296 2705 1361 militem,
2743 1313 2850 1365 quo
2899 1298 2951 1353 in
2983 1300 3145 1354 domo
3176 1300 3456 1354 Eustochii
3490 1300 3678 1354 nullum

2118 1387 2456 1441 contumelia:
2485 1403 2657 1457 genus
2687 1390 2996 1445 omittebat.
3034 1390 3232 1445 Servos
3262 1392 3315 1445 in
3351 1406 3475 1445 eum
3518 1392 3679 1445 locum

2114 1478 2305 1530 adduci
2326 1477 2557 1545 volebat,
2588 1479 2679 1533 ubi
2718 1480 2969 1547 injuriam
3003 1482 3267 1546 fecerant,
3306 1492 3364 1536 ut
3400 1483 3472 1537 ibi
3506 1498 3682 1552 pinnas

2117 1568 2509 1635 persolverent.
2542 1570 2695 1624 Servi
2723 1573 2787 1625 ad
2810 1570 3067 1625 Basilium
3099 1573 3421 1642 confugiunt
3448 1575 3540 1642 qui
3575 1583 3680 1626 sta-

2115 1662 2209 1713 tim
2259 1661 2450 1715 scribit
2497 1661 2832 1716 Callistheni.
2866 1660 2915 1718 ls
2951 1664 3349 1732 perlionorifice
3382 1664 3677 1733 respondet,

2114 1769 2177 1808 ac
2204 1755 2367 1809 totius
2402 1756 2477 1809 rei
2505 1755 2791 1809 arbitrium
2823 1755 3024 1809 Basilio
3056 1756 3367 1818 committit,
3393 1756 3475 1810 sic
3514 1766 3677 1808 tamen

2114 1850 2171 1894 ut
2202 1856 2414 1911 poenam
2451 1859 2553 1897 non
2584 1845 2908 1907 remitteret,
2948 1846 3043 1899 sed
3066 1861 3186 1899 eam
3218 1845 3406 1899 Basilii
3446 1846 3675 1900 auelori-

2113 1943 2220 1989 tate
2246 1936 2588 2005 comprobari
2621 1937 2802 1992 vellet.
2842 1937 3060 1992 Gratias
3089 1940 3137 1993 ei
3168 1940 3278 2008 agit
3308 1938 3541 1993 Basilius
3583 1939 3671 2009 (g),

2110 2043 2174 2082 ac
2208 2042 2393 2082 servos
2415 2043 2479 2081 eo
2510 2029 2898 2083 adductum'iri
2945 2030 3236 2099 promittit,
3280 2030 3371 2083 ubi
3432 2030 3674 2097 injuriam

2108 2120 2376 2185 fecerant,
2406 2121 2449 2173 si
2483 2121 2531 2173 id
2562 2120 2915 2174 Callisthenis
2973 2122 3159 2176 animo
3200 2121 3369 2175 fixum
3404 2130 3459 2175 ct
3496 2121 3675 2175 immo-

2108 2220 2221 2264 tum
2254 2211 2463 2265 sedeat.
2501 2210 2607 2265 Sed
2640 2226 2761 2264 cum
2804 2226 2866 2265 ea
2920 2226 3009 2265 res
3062 2212 3273 2280 magnis
3328 2210 3677 2263 incommodis

2106 2302 2340 2357 obnoxia
2392 2302 2483 2365 sit,
2533 2312 2691 2372 rogat
2721 2314 2779 2355 ut
2814 2303 3027 2357 Sasima
3075 2303 3360 2367 sistantur,
3395 2318 3568 2371 eoque
3597 2317 3677 2355 ve-

2105 2395 2262 2448 niens
2312 2394 2669 2449 Callisthenes
2701 2396 2997 2463 potentiam
3049 2410 3201 2447 suam
3241 2394 3405 2449 simul
3454 2404 3509 2448 et
3550 2393 3674 2447 leni-

2106 2494 2268 2539 tatem
2306 2485 2581 2549 ostendat,
2630 2485 2929 2539 incolumes
2968 2486 3315 2539 dimittendo.
3364 2486 3673 2553 Quanquam

2102 2593 2172 2633 ne
2197 2578 2248 2632 id
2275 2578 2492 2647 quidem
2523 2578 2770 2631 concedit
2796 2577 3135 2642 Callistheni,
3159 2579 3261 2632 nisi
3282 2580 3426 2646 quod
3459 2588 3669 2641 metuat,

2102 2684 2171 2723 ne
2196 2669 2321 2739 quid
2346 2669 2638 2723 iracundia:
2664 2669 2715 2722 in
2752 2668 2869 2737 ejus
2892 2671 3056 2723 corde
3097 2670 3275 2724 minus
3297 2680 3516 2725 coctum
3557 2671 3674 2724 resi-

2102 2761 2245 2815 deat.
2277 2760 2444 2814 Multo
2466 2760 2609 2815 enim
2644 2761 2958 2830 praeclarius
2990 2761 3281 2826 facturum,
3308 2763 3352 2816 si
3389 2763 3671 2816 vindictam

2101 2852 2203 2906 sibi
2234 2852 2533 2919 permittat.
2568 2851 2795 2905 Etiamsi
2824 2854 2969 2906 enim
3000 2854 3237 2923 jurasset
3282 2867 3341 2907 se
3399 2868 3585 2909 servos
3615 2853 3671 2906 ad

2100 2958 2314 3012 pmnam
2341 2944 2666 2997 traditurum
2700 2944 2996 2997 secundum
3039 2944 3217 3014 leges;
3266 2947 3498 3014 pcrjurii
3531 2960 3668 2999 reum

2101 3050 2206 3089 non
2243 3034 2508 3101 futurum,
2545 3037 2590 3089 si
2618 3050 2683 3089 ex
2730 3036 2939 3103 legibus
2986 3037 3397 3100 ecclesiasticis,
3428 3053 3548 3107 qua:
3578 3051 3669 3090 non

412 3144 602 3183 ansam
631 3128 1071 3203 arripuerunt(c)
1100 3144 1242 3183 anno
1268 3131 1393 3186 575.
1440 3130 1593 3186 Unde
1628 3128 1861 3182 Basilius
1914 3126 1993 3197 (ά)
2022 3155 2068 3217 C
2103 3128 2331 3181 minoris
2393 3136 2518 3181 sunt
2561 3128 2721 3195 pretii
2778 3143 2938 3196 quam
3001 3129 3224 3193 civiles,
3289 3131 3587 3197 puniantur
3627 3134 3673 3181 et

411 3229 475 3275 ut
503 3220 724 3275 fratrem
756 3220 1031 3285 defendat,
1065 3220 1143 3275 sic
1161 3220 1400 3290 loquitur
1434 3220 1676 3275 omnium
1708 3220 1993 3290 Cappado-

409 3313 512 3366 ciae
558 3312 938 3381 episcoporum
973 3312 1194 3366 nomine
1228 3329 1241 3367 :
1299 3311 1542 3366 Venimus
1588 3328 1768 3365 omnes
1803 3311 1994 3378 ampli-

410 3404 587 3459 tudini
610 3415 714 3457 tua:
749 3404 1076 3472 supplices...
1116 3407 1199 3459 sin
1248 3415 1423 3458 autem
1478 3414 1552 3458 est
1593 3404 1795 3473 aliquid
1845 3404 1994 3456 aliud

410 3493 749 3557 canonicum,
775 3496 913 3564 quod
943 3496 1185 3565 examine
1224 3496 1480 3565 indigeat,
1530 3496 1687 3565 idque
1716 3496 1994 3563 magnani-

406 3586 567 3639 mitas
598 3595 689 3638 tua
713 3586 899 3639 audire
922 3603 981 3639 ac
1004 3587 1250 3654 judicare
1295 3586 1426 3652 vult,
1459 3604 1553 3641 nos
1601 3603 1777 3640 omnes
1812 3587 1994 3639 adesse

408 3692 616 3730 necesse
644 3685 744 3740 est,
773 3678 902 3747 quia
928 3676 973 3729 si
996 3676 1123 3744 quid
1156 3676 1331 3743 deﬁcit
1360 3692 1537 3728 eorum
1577 3692 1694 3745 qua:
1723 3676 1792 3726 ad
1832 3690 1993 3727 cano-

408 3786 500 3824 nes
526 3778 799 3837 spectant;
832 3768 1039 3838 culpam
1068 3769 1325 3822 sustinent
1345 3768 1435 3839 qui
1468 3768 1795 3832 ordinarere,
1826 3784 1927 3819 non
1947 3768 1991 3821 is

404 3865 499 3934 qui
529 3864 884 3917 ministerium
921 3864 1184 3931 suscipere
1230 3864 1539 3915 necessitate
1583 3863 1723 3914 omni
1754 3870 1987 3913 coactus.

476 3956 729 4012 Nondum
762 3957 1050 4027 episcopus
1083 3966 1201 4009 erat
1238 3956 1558 4024 Gregorius.
1592 3970 1711 4009 cum
1752 3969 1870 4008 sese
1904 3955 1988 4007 in-

405 4049 692 4117 terposuit,
724 4058 783 4102 ut
808 4064 995 4118 pacem
1022 4051 1163 4102 inter
1187 4048 1411 4101 fratrem
1447 4057 1501 4100 et
1533 4056 1785 4115 patruum
1822 4046 1988 4099 alios-

401 4155 509 4210 que
535 4139 892 4210 Cappadocia:
924 4130 1204 4207 episc0p05
1224 4137 1538 4193 conciliaret
1557 4135 1647 4205 (ε).
1672 4136 1821 4189 Tunc
1842 4136 1985 4189 enim

401 4233 640 4288 Basilius
672 4248 794 4287 cum
830 4248 916 4292 eo.
942 4240 1000 4286 ut
1030 4247 1153 4285 cum
1202 4230 1420 4283 homine
1448 4229 1681 4297 negotiis
1716 4243 1888 4281 vacuo
1930 4236 1987 4281 et

402 4325 609 4389 sol'uto,
635 4321 1195 4393 expostulabat,'quod
1218 4336 1321 4373 non
1336 4320 1402 4373 ad
1427 4335 1484 4373 se
1502 4335 1694 4373 novam
1714 4320 1877 4371 vitam
1906 4320 1986 4372 in—

398 4432 646 4487 gressum
679 4416 798 4483 opis
829 4415 1068 4469 ferendae
1109 4427 1273 4467 causa
1320 4412 1552 4466 veniret.
1600 4410 1807 4463 Deinde
1854 4423 1983 4463 vero

395 4512 544 4563 inter
566 4510 946 4577 episcoporum
972 4505 1328 4575 Cappadocia:
1355 4504 1720 4559 dissensiones
1758 4502 1980 4556 minime
2012 4508 2056 4562 D

394 4599 712 4654 collocanda
751 4598 1046 4661 ordinatio,
1082 4612 1203 4665 qua:
1238 4610 1450 4649 summo
1480 4603 1563 4648 est
1606 4601 1824 4662 peracta
1854 4608 1978 4647 con-

395 4704 581 4742 sensu.
621 4687 699 4741 Ad
742 4687 883 4740 hanc
926 4695 1107 4740 autem
1144 4686 1460 4754 dignitatem
1498 4685 1606 4754 jam
1654 4694 1978 4752 pervenerat

393 4780 720 4849 Gregorius,
771 4796 893 4834 cum
946 4780 1324 4848 cognominem
1361 4793 1557 4841 suum,
1605 4777 1975 4831 Sasimensem

394 4874 710 4942 episcopum
766 4885 960 4926 recens
1010 4871 1343 4934 ordinatum,
1380 4871 1567 4925 invisit
1611 4880 1735 4924 ante
1764 4870 1974 4925 Pascha

390 4963 520 5016 anni
552 4961 773 5032 572(1).
830 4962 1011 5027 Quare
1038 4960 1181 5014 intra
1234 4960 1362 5014 illud
1395 4969 1627 5029 tempus,
1655 4961 1795 5029 quod
1825 4975 1852 5012 a
1886 4973 1975 5026 pa-

391 5055 702 5109 cificatione
725 5054 1084 5123 Cappadociae
1114 5067 1291 5121 usque
1327 5052 1392 5104 ad
1423 5051 1788 5105 Sasimensem
1828 5050 1975 5105 ordi-

390 5147 667 5199 nationem
688 5144 912 5208 effluxit,
946 5143 1188 5214 Nyssena
1218 5142 1490 5197 ordinatio
1514 5141 1845 5196 collocanda.
1866 5139 1972 5195 Sed

390 5254 514 5291 cum
543 5238 852 5291 dominatus
876 5237 1203 5291 Arianorum
1234 5250 1329 5306 per
1354 5245 1521 5289 totam
1550 5234 1807 5295 hiemem,
1836 5246 1970 5300 prte-

390 5326 565 5379 scntia
600 5327 964 5395 imperatoris,
985 5343 1047 5382 ac
1070 5327 1265 5381 deinde
1286 5332 1590 5381 consecuta!
1616 5338 1680 5377 ex
1706 5322 1970 5375 divisione

388 5418 747 5489 Cappadociae
795 5420 1159 5475 dissensiones
1194 5434 1301 5474 non
1333 5418 1620 5473 vidcantur
1648 5414 1843 5471 Basilio
1874 5428 1965 5469 co-

458 5583 535 5651 la)
567 5587 663 5649 Ep.
691 5585 817 5641 99.5.

457 5654 534 5723 (b)
570 5656 662 5720 Ep.
695 5656 818 5708 too.

464 5723 538 5791 (ο)
579 5726 673 5789 Ep.
704 5726 829 5780 939.

457 5795 535 5863 td)
580 5796 616 5848 ις

622 5811 670 5865 p.
698 5795 821 5850 225.

2100 3220 2479 3274 emendentur.
2506 3218 2733 3273 Videtur
2760 3220 2873 3273 haec
2904 3220 3131 3289 epistola
3166 3237 3263 3289 per
3286 3221 3539 3275 eumdem
3577 3221 3672 3274 dia-

2096 3326 2292 3365 conum
2337 3310 2519 3372 missa,
2556 3324 2653 3379 per
2679 3325 2837 3379 quem
2884 3321 2938 3364 et
2990 3312 3215 3381 epistola
3250 3312 3316 3365 ad
3351 3310 3668 3381 Hesycliium

2100 3402 2265 3456 missa
2308 3410 2411 3455 est.
2447 3399 2602 3453 Hunc
2635 3410 2790 3469 rogat
2817 3400 3070 3465 Basilius,
3096 3410 3155 3454 ut
3183 3401 3284 3455 sibi
3322 3401 3377 3454 in
3418 3398 3667 3470 placando

2095 3493 2442 3557 Callisthene,
2462 3492 2545 3545 vel
2575 3507 2671 3559 per
2692 3507 2751 3545 se
2775 3492 2856 3545 vel
2885 3506 2983 3559 per
3006 3493 3211 3547 amicos
3243 3507 3471 3561 operam
3503 3500 3667 3545 navet.

2098 3582 2210 3637 Sibi
2237 3584 2380 3637 enim
2414 3582 2857 3637 molestissimum
2904 3583 3171 3648 futurum,
3210 3585 3255 3637 si
3284 3584 3352 3638 iis
3393 3585 3487 3654 qui
3516 3586 3577 3637 ad
3620 3596 3671 3636 se

2101 3674 2462 3743 confugerunt
2491 3675 2750 3742 prodesse
2787 3689 2895 3728 non
2945 3676 3140 3744 possit.
3177 3675 3305 3729 llmc
3338 3686 3523 3730 autem
3557 3682 3669 3727 ante

2093 3767 2413 3819 divisionem
2436 3766 2797 3834 Cappadociae
2820 3768 3069 3822 evenisse
3096 3768 3354 3837 conjicio,
3388 3776 3664 3838 propterea

2092 3857 2236 3925 quod
2268 3857 2402 3924 petit
2428 3856 2685 3923 Basilius,
2714 3866 2775 3909 ut
2818 3859 2984 3923 servi,
3042 3874 3179 3927 quos
3230 3858 3283 3913 in
3331 3859 3497 3912 fidem
3528 3872 3666 3911 suam

2093 3956 2389 4017 receperat,
2434 3947 2643 4001 Sasima
2677 3963 2846 4015 usque
2885 3950 3176 4003 sistantur.
3213 3950 3269 4003 ld
3312 3951 3463 4003 enim
3514 3964 3664 4017 argu-

2092 4049 2276 4093 mento
2306 4049 2390 4093 est
2419 4040 2658 4093 nondum
2691 4040 2791 4094 hoc
2818 4042 3074 4109 oppidum
3112 4043 3165 4096 in
3200 4043 3381 4096 aliena
3410 4043 3531 4111 jura
3562 4057 3665 4095 ces-

2091 4134 2229 4187 sisse
2261 4150 2274 4184 :
2307 4146 2408 4184 nec
2438 4131 2679 4200 profecto
2713 4133 2998 4187 cliaritatis
3040 4134 3222 4188 Basilii
3253 4144 3308 4188 et
3344 4135 3516 4188 animi
3572 4134 3663 4188 for-

2092 4224 2343 4278 titudinis
2363 4225 2575 4285 fuisset,
2614 4225 2875 4293 ejusmodi
2910 4226 3159 4279 homines
3194 4227 3476 4289 deserere,
3517 4235 3662 4291 atque

2090 4314 2142 4366 in
2172 4314 2357 4383 gratiae
2389 4324 2441 4367 et
2464 4314 2709 4368 beneficii
2750 4314 2867 4369 loco
2902 4325 3111 4384 petere,
3146 4326 3383 4370 utextra
3417 4317 3660 4371 ditionem

2089 4415 2141 4459 et
2169 4406 2529 4471 patrocinium
2560 4420 2715 4458 suum
2740 4407 3107 4463 abducantur.

2161 4496 2245 4549 Ill.
2276 4496 2408 4549 Cum
2456 4510 2683 4565 peregre
2730 4507 2878 4551 esset
2926 4500 3161 4553 Basilius
3213 4514 3408 4557 mense
3457 4499 3659 4555 Octobri

2086 4598 2319 4643 exeunte
2366 4598 2458 4640 aut
2506 4589 2724 4643 ineunte
2778 4590 3095 4655 Novembri,
3128 4608 3192 4647 ac
3240 4594 3513 4648 ecclesias
3550 4604 3660 4646 suas

2087 4682 2353 4743 visitaret,
2410 4681 2493 4733 vel
2538 4681 2723 4751 Nyssa:
2780 4684 3092 4752 episcopum
3149 4687 3476 4748 ordinaret,
3520 4682 3656 4739 scri-

2086 4788 2244 4840 psere
2272 4772 2349 4842 (Ii)
2377 4773 2440 4824 ad
2461 4787 2581 4825 eum
2605 4772 2992 4839 Cmsarienses,
3017 4786 3071 4829 et
3098 4778 3164 4829 ad
3201 4792 3362 4845 opem
3396 4778 3498 4831 sibi
3530 4776 3655 4829 cele-

2086 4866 2220 4919 riter
2261 4864 2536 4918 ferendam
2574 4866 2746 4933 patria
2778 4868 3075 4920 revocavit.
3110 4868 3291 4922 ltediit
3323 4870 3535 4933 statim,
3561 4879 3652 4919 non

2084 4972 2179 5024 spe
2208 4957 2395 5009 atixilii
2444 4957 2670 5021 ferendi,
2712 4957 2805 5011 sed
2855 4975 2921 5011 ne
2958 4958 3209 5014 desertos
3241 4976 3300 5013 se
3332 4963 3403 5014 ab
3434 4977 3498 5015 eo
3526 4959 3654 5011 cives

2083 5056 2459 5116 quererentur.
2484 5046 2688 5101 Luctus
2716 5062 2905 5101 eorum
2932 5057 2987 5103 et
3021 5049 3229 5103 doloris
3259 5065 3454 5114 causa,
3479 5046 3653 5101 divisio

2080 5140 2453 5209 Cappadociae,
2486 5154 2551 5193 ex
2588 5155 2691 5205 qua
2727 5140 2861 5195 duas
2890 5142 3204 5210 provincias
3238 5142 3422 5197 effecit
3453 5140 3650 5198 Valens.

2079 5235 2225 5285 velut
2256 5232 2299 5284 si
2328 5231 2447 5299 quis
2475 5246 2670 5301 equum
2700 5241 2793 5284 aut
2838 5231 3030 5286 bovem
3064 5248 3221 5286 suum
3253 5234 3392 5288 duas
3418 5235 3469 5287 in
3490 5240 3652 5302 partes

2079 5325 2345 5384 dividens,
2393 5323 2530 5376 duos
2573 5340 2671 5392 pro
2695 5340 2802 5378 uno
2838 5324 2939 5378 sibi
2987 5325 3194 5379 habere
3227 5327 3499 5379 videatur.
3532 5323 3649 5375 Cum

2078 5414 2313 5468 edictum
2365 5422 2512 5467 esset
2562 5423 2619 5466 ut
2669 5416 2907 5469 maxima
2958 5431 3086 5484 pars
3129 5416 3297 5471 curite
3354 5413 3649 5471 Podandam

2149 5584 2217 5645 fe)
2250 5585 2345 5651 Ep.
2376 5585 2463 5637 58.

2151 5655 2216 5719 (Τ)
2246 5655 2373 5706 Naz.
2404 5671 2483 5708 or.
2517 5652 2568 5707 5.

2153 5724 2229 5791 (a)
2260 5726 2425 5788 Epist.
2461 5725 2549 5777 75.

2153 5797 2228 5865 (ab)
2260 5795 2354 5863 Ep.
2387 5796 2476 5849 'M.
