3820 6210
1414 327 1575 381 VITA
1618 328 1674 383 S.
1716 329 1988 394 BASILH.’

3235 364 3377 403 ιιιν

159 436 536 504 transferretur,
563 452 724 507 quem
769 437 945 494 locum
983 453 1264 511 comparat
1305 443 1534 500 Basilius
1584 461 1704 499 cum
1737 455 1783 508 Α
1813 449 1917 504 Τοι
1949 455 2094 507 enim
2133 455 2410 510 litterae-in
2439 456 2614 511 aulam
2651 460 2848 524 missae,
2899 461 3134 517 nondum
3161 463 3379 520 venisse

156 530 306 584 Ceade
326 527 621 597 Laconico,
674 540 764 584 aut
818 531 1088 587 barathris
1135 532 1240 588 illis
1284 549 1404 602 qua}
1431 537 1705 590 Charonia

155 623 473 682 dicebantur,
507 630 620 674 tum
649 637 781 675 vero
821 637 949 692 pars
999 633 1222 679 senatus
1265 641 1370 680 non
1421 626 1708 697 ignobilior

153 713 311 782 fugam
333 715 475 780 cepit
499 728 623 766 cum
661 713 919 767 uxoribus
953 721 1008 766 et
1038 713 1198 779 focis,
1221 726 1540 785 perpetuum
1569 720 1710 772 exsi-

152 804 260 857 lium
285 804 403 858 huic
431 804 550 858 loco
587 803 885 872 praeferens
907 804 982 874 (al
1009 818 1025 857 :
1077 805 1166 858 alii
1197 809 1413 861 abducti
1445 823 1511 864 eo
1555 809 1708 864 fuere

151 906 198 948 ιιι
221 897 432 965 captivi,
471 895 842 950 miserandum
872 897 1124 950 omnibus
1173 899 1540 964 spectaculum
1568 909 1710 954 :ter-

151 989 214 1039 tia
251 1003 370 1056 pars
400 988 454 1040 in
520 987 654 1041 urbe
690 987 877 1042 relicta
904 998 1010 1051 est,
1063 989 1442 1044 miserabiliter
1486 1005 1709 1059 gemens

149 1078 455 1147 collegarum
479 1078 752 1142 discessu,
781 1094 842 1132 ac
858 1082 1172 1135 sustinendo
1199 1082 1536 1152 negotiorum
1556 1085 1706 1137 oneri

151 1186 355 1237 prorsus
391 1171 588 1240 impar.
619 1171 808 1225 Civilis
833 1183 1007 1227 cattus
1033 1174 1103 1227 ob
1133 1189 1194 1227 ea
1228 1189 1348 1244 quae
1373 1175 1709 1242 magistrati-

148 1265 240 1317 bus
270 1264 606 1327 acciderant,
653 1266 836 1320 animo
879 1266 1196 1330 concidens,
1241 1265 1450 1320 relictis
1484 1267 1709 1322 urbanis

152 1359 358 1422 salibus,
399 1374 500 1428 per
530 1375 691 1426 agros
722 1370 776 1415 et
807 1376 928 1414 rura
957 1361 1280 1428 vagabatur.
1313 1360 1499 1428 Itaque
1529 1361 1712 1416 Caesa-

148 1467 228 1505 rea
259 1453 306 1505 in
338 1453 549 1506 tristem
581 1453 926 1508 solitudinem
957 1453 1174 1506 redacta
1223 1461 1377 1517 erat,
1413 1453 1572 1508 nulla:
1597 1453 1707 1520 jam

148 1553 406 1599 nocturnae
433 1544 708 1608 lucernae,
761 1545 905 1599 nulla
947 1543 1282 1599 eruditorum
1329 1544 1606 1598 hominum
1655 1544 1706 1597 in

148 1633 252 1688 foro
269 1634 559 1704 colloquia,
585 1635 804 1690 occlusa
840 1635 1119 1706 gymnasia
1145 1673 1160 1699 ,
1186 1634 1333 1688 nulla
1370 1636 1708 1689 necessaria-

145 1738 253 1777 rum
281 1740 461 1778 rerum
504 1727 745 1793 provisio
773 1739 837 1778 ac
869 1723 1154 1792 dispositio
1176 1763 1192 1790 ,
1217 1724 1311 1778 sed
1347 1738 1452 1777 una
1489 1738 1593 1777 vox
1617 1739 1706 1776 au-

1812 541 2096 598 Valentem
2137 548 2387 614 probant.
2442 548 2561 604 .Iam
2598 551 2774 604 hiems
2825 555 3104 620 inceperat
3146 563 3238 607 aut
3266 555 3379 610 sal-

1812 643 1918 690 tem
1953 638 2299 705 imminebat,
2336 656 2457 694 cum
2488 643 2658 698 tristis
2686 645 2908 698 nuntius
2936 644 3134 700 Basilio
3159 647 3376 702 allatus.

1810 725 1962 793 Quod
1989 729 2132 782 enim
2173 734 2364 784 metuit
2393 731 2627 790 Basilius
2651 733 2730 804 (ά)
2773 751 2841 791 ne
2875 737 3256 793 Martinianum
3283 740 3380 794 de-

1812 823 2016 870 terreat
2041 826 2332 886 tempestas
2368 822 2492 874 anni
2521 831 2611 874 altl
2633 832 2784 887 satas,
2813 828 3100 893 quominus
3123 829 3175 882 in
3201 829 3378 884 aulam

1809 908 2224 976 proficiscatur;
2259 911 2310 963 id
2352 913 2418 966 de
2449 922 2636 966 aestate
2681 915 2884 969 homini
2931 927 3091 973 astate
3123 933 3381 989 provecto

1812 998 2013 1052 dictum
2064 1015 2169 1054 non
2215 1001 2451 1057 videtur.
2494 1003 2599 1058 Sed
2636 1015 2810 1060 tamen
2859 1023 2964 1063 non
3000 1011 3224 1066 multum
3257 1027 3384 1081 pro-

1811 1100 2052 1145 cesserat
2107 1091 2320 1158 hiems,
2376 1095 2646 1164 siquidem
2694 1097 2927 1154 Basilius
2975 1108 3100 1157 tunc
3153 1118 3384 1173 peregre

1810 1191 1948 1237 erat.
1979 1183 2176 1238 Eadem
2219 1185 2269 1236 in
2301 1186 2574 1242 Ecclesias
2605 1187 2962 1258 Cappadocia:
3020 1195 3239 1248 inducta
3277 1197 3380 1248 im-

1811 1276 2044 1328 mutatio
2074 1291 2219 1330 anno
2256 1277 2360 1330 372
2392 1279 2635 1346 ineunte,
2674 1290 2731 1335 ut
2761 1281 2918 1334 infra
2949 1283 3268 1338 videbimus.
3315 1288 3386 1339 At

1811 1364 1990 1420 civilis
2019 1368 2212 1422 divisio
2261 1369 2684 1424 ecclesiasticam
2725 1373 3039 1439 antecessit,
3087 1384 3224 1430 teste
3253 1375 3385 1431 Gre-

1811 1456 1970 1524 gorio
1997 1456 2341 1514 Nazianzeno
2365 1458 2468 1530 (e).

1892 1546 1982 1602 IV'.
2011 1547 2122 1603 Hoc
2144 1566 2288 1605 anno
2333 1551 2470 1616 571,
2503 1559 2768 1606 rectorem
2815 1553 3170 1623 Cappadociae
3221 1557 3386 1612 fuisse

1813 1635 2135 1689 Therasium
2161 1639 2538 1706 cognoscimus
2565 1655 2629 1694 ex
2657 1642 2885 1710 epistola
2929 1643 3017 1707 77,
3061 1645 3112 1697 in
3145 1660 3248 1711 qua
3269 1646 3386 1716 ejus

1812 1743 2145 1783 assessorem
2201 1737 2352 1800 rogat
2375 1730 2627 1798 Basilius,
2649 1743 2707 1786 ut
2727 1749 2832 1788 non
2862 1735 3104 1789 discedat
3130 1737 3195 1788 ab
3221 1737 3388 1790 admi-

145 1814 400 1875 diebatur,
433 1824 750 1870 exactorum
783 1826 835 1868 et
865 1829 1055 1868 eorum
1083 1830 1112 1867 a
1144 1813 1707 1884 quibuscxigebatur,
1743 1804 1786 1860 Β
1817 1818 1985 1872 rando
2043 1819 2326 1883 Tberasio,
2359 1820 2572 1890 sibique
2630 1823 2883 1876 decorum
2937 1838 3059 1878 esse
3113 1827 3390 1880 existimet

146 1908 328 1976 quique
358 1903 593 1976 ﬂagellis
617 1905 984 1960 caadebantur.

209 1997 476 2064 Quantum
513 1996 716 2050 Basilio
770 1995 1027 2050 inusserit
1066 1995 1310 2058 doloris,.
1344 1996 1533 2066 patria:
1569 1995 1715 2049 cala-

147 2091 326 2154 mitas,
355 2089 595 2159 perspici
621 2098 796 2158 potest
827 2104 890 2141 ex
913 2089 1088 2142 tribus
1126 2087 1325 2142 litteris
1359 2086 1434 2157 (b)
1472 2101 1534 2140 ea
1563 2087 1630 2141 de
1660 2101 1717 2141 re

146 2182 369 2250 scriptis.
401 2181 712 2247 Antequam
749 2179 951 2234 rediret
975 2177 1303 2245 Caesaream,
1329 2177 1550 2247 scripsit
1579 2177 1718 2230 Mar-

148 2273 359 2326 tiniano.
391 2271 510 2325 Hac
543 2271 693 2324 enim
720 2269 1076 2324 excusatione
1098 2270 1288 2335 utitur,
1320 2284 1414 2322 cur
1435 2285 1540 2323 non
1567 2267 1717 2320 illum

150 2362 317 2425 adeat,
353 2362 502 2430 quod
537 2361 728 2430 patrirc
755 2375 886 2414 voce
917 2371 1256 2413 accersatur.
1299 2358 1453 2425 Quod
1497 2361 1717 2425 quidem

147 2465 453 2523 argumento
476 2461 562 2507 est
592 2452 972 2506 Martinianum
1001 2470 1109 2509 non
1146 2453 1304 2522 longe
1334 2452 1612 2506 habitasse
1651 2450 1722 2504 ab

148 2560 207 2599 eo
236 2545 371 2610 loco,
405 2545 516 2603 ubi
538 2553 666 2598 tunc
693 2545 1014 2599 versabatur
1067 2545 1320 2602 Basilius.
1365 2545 1495 2598 Erat
1524 2543 1612 2597 ille
1642 2544 1723 2596 vir

148 2637 283 2692 omni
316 2637 644 2693 eruditionis
669 2638 829 2694 laude
855 2639 1256 2703 cumulatus,et
1285 2653 1404 2692 cum
1434 2638 1721 2706 plurimmn

147 2737 318 2798 posset
353 2729 502 2796 apud
537 2729 920 2798 imperatorem
944 2771 960 2797 ,
1006 2729 1168 2784 ﬂebili
1211 2729 1473 2783 malorum
1522 2730 1727 2784 descri-

149 2819 316 2886 ptione
344 2828 584 2873 conatur
614 2819 663 2872 ei
693 2819 1016 2888 persuadere
1048 2818 1300 2882 Basilius,
1338 2827 1395 2870 ut
1431 2819 1514 2871 vel
1555 2819 1724 2886 impe-

149 2919 370 2964 ratorem
407 2911 597 2974 adeat,
627 2911 769 2979 quod
788 2912 1008 2980 quidem
1026 2911 1530 2966 commodissimum
1561 2910 1722 2977 foret,

151 3017 205 3056 ac
243 3001 554 3056 Martiniani
595 3002 856 3073 praeclaro
891 3003 1015 3058 vitze
1059 3003 1309 3058 instituto
1353 3004 1590 3058 maxime
1640 3003 1728 3057 de-

149 3107 344 3156 corum,
371 3093 463 3147 vel
501 3093 719 3158 saltem,
748 3095 794 3148 si
838 3093 892 3148 id
945 3093 994 3149 ei
1028 3108 1194 3164 grave
1225 3093 1298 3147 sit
1344 3101 1456 3146 tum
1501 3103 1724 3162 propter

150 3189 266 3243 anni
301 3196 716 3259 tempestatem,
753 3199 861 3242 tum
886 3200 1107 3258 propter
1133 3195 1371 3249 aetatem,
1396 3187 1585 3256 patriae
1615 3200 1726 3240 suae

151 3281 450 3336 litterarum
514 3282 830 3351 prresidium
890 3281 1204 3350 impertiat,
1257 3295 1322 3334 ac
1375 3295 1510 3334 voce
1548 3294 1642 3332 sua
1672 3288 1726 3334 et

145 3371 280 3440 justa
320 3373 410 3427 illa
444 3373 666 3428 dicendi
700 3372 976 3439 libertate,
1027 3386 1186 3440 quam
1231 3386 1324 3426 sua
1372 3370 1449 3424 illi
1481 3370 1588 3422 vita
1627 3368 1728 3421 da-

150 3463 254 3528 bat,
283 3465 548 3519 omnibus
575 3465 836 3528 declaret,
866 3471 997 3532 quot
1025 3472 1081 3517 et
1112 3458 1312 3533 quanta
1360 3462 1498 3514 mala
1525 3476 1593 3515 ex
1629 3462 1730 3513 hoc

153 3558 451 3611 dividenda:
488 3556 841 3625 Cappadociae
861 3554 1091 3609 consilio
1123 3554 1392 3608 oriantur.

213 3646 387 3702 Probe
417 3647 641 3702 videbat
683 3645 914 3700 Basilius
964 3646 1049 3699 bis
1090 3645 1277 3714 patriae
1329 3640 1730 3697 calamitatibus

154 3738 529 3792 necessitatem
558 3737 661 3791 sibi
689 3736 886 3805 imponi
915 3736 969 3788 in
1000 3735 1178 3787 aulam
1213 3732 1634 3803 proficiscendi,
1660 3745 1724 3783 ac

153 3829 457 3895 potentibus
492 3827 682 3881 amicis
706 3826 915 3894 singula
951 3824 1232 3878 narrandi.
1269 3822 1377 3877 Sed
1408 3836 1530 3876 cum
1573 3822 1723 3875 illum

157 3920 393 3987 corporis
446 3917 665 3972 infirma
722 3917 997 3982 valetudo,
1037 3931 1099 3971 ac
1169 3914 1539 3968 Ecelesiarum
1597 3925 1728 3965 cura

159 4013 438 4074 detineret,
479 4011 670 4066 scribit
702 4012 769 4064 ad
823 4011 959 4064 duos
1013 4011 1066 4062 in
1123 4008 1242 4060 aula
1275 4014 1525 4076 potentes
1555 4003 1730 4066 viros,

159 4103 450 4172 Aburgium
501 4111 556 4155 et
606 4101 973 4171 Sophronium
1020 4097 1337 4166 Magistrum
1389 4093 1728 4155 olliciorum;

158 4206 353 4262 eosque
407 4194 742 4257 obtestatur,
801 4201 859 4244 nt
911 4190 1188 4244 communi
1245 4187 1435 4252 patriae
1484 4187 1733 4255 (uterque

157 4285 292 4338 enim
351 4285 648 4354 Cappadox
710 4282 847 4352 erat)
912 4281 1223 4335 tristissimo
1275 4277 1443 4334 exitio
1490 4276 1736 4344 collapsa:

158 4391 305 4444 opem
343 4376 550 4430 ferant.
1635 4355 1717 4363 m-

1814 1923 1936 1962 cum
1967 1922 2031 1963 co
2062 1919 2242 1964 tantas
2275 1927 2432 1964 curas
2477 1913 2694 1980 partiri.
2725 1911 2931 1978 Quibus
2975 1917 3155 1970 verbis
3184 1917 3388 1970 indica-

1815 2008 1904 2052 tur
1933 2001 2281 2068 gravissimas
2337 2005 2600 2070 quasdam
2643 2019 2708 2058 ac
2765 2006 2990 2060 minime
3039 2008 3391 2075 quotidianas

1815 2091 2154 2146 ditlicultates
2173 2095 2385 2162 praesidi
2413 2095 2687 2150 incidisse.
2716 2096 2987 2152 Prmterea
3016 2114 3138 2152 cum
3175 2100 3390 2170 Cappa-

1819 2180 1990 2235 dociae
2026 2181 2297 2236 divisione
2327 2186 2532 2252 optime
2551 2197 2856 2254 congruunt
2881 2198 2928 2242 et
2969 2199 3179 2256 tempus
3208 2189 3395 2244 hiber-

1823 2286 1974 2337 num,
2016 2273 2255 2341 quobaac
2285 2274 2490 2343 scripta
2523 2285 2606 2328 est
2639 2276 2962 2344 epistola,et
2996 2295 3116 2345 quae
3144 2280 3392 2349 leguntur

1820 2361 1874 2416 in
1903 2365 2027 2418 line.
2081 2362 2214 2416 Nam
2248 2379 2369 2418 cum
2407 2365 2572 2420 multa
2627 2367 2858 2422 Basilius
2891 2369 3117 2424 haberet
3165 2371 3400 2426 dicendar

1821 2454 1967 2509 etde
2003 2455 2207 2519 multis,
2246 2469 2308 2508 ea
2338 2457 2390 2510 in
2424 2472 2776 2527 congressum
2807 2459 3040 2526 distulit,
3075 2475 3181 2524 non
3217 2470 3390 2515 tutum

1822 2559 1945 2600 esse
1997 2545 2318 2602 existimans
2366 2548 2609 2616 epistolis
2657 2565 2744 2605 res
2805 2551 3079 2620 ejusmodi
3133 2553 3402 2609 commit:

1825 2645 1958 2692 tere.
2860 2635 2872 2649 ’

1895 2727 2024 2794 Quae
2057 2727 2107 2781 in
2142 2728 2244 2782 hac
2268 2730 2492 2798 epistola
2534 2732 2599 2786 de
2634 2733 3016 2788 communibus
3044 2734 3399 2802 Cappadociae

1825 2818 2088 2872 molestiis
2116 2820 2448 2885 iudicantur,
2484 2836 2547 2875 ea
2584 2824 2763 2878 minus
2797 2825 3080 2879 commode
3109 2823 3399 2880 Tillemou-

1827 2909 1932 2962 tius
1971 2910 2047 2963 de
2085 2911 2320 2978 propriis
2376 2911 2624 2967 Therasii
2685 2915 2920 2985 negotiis
2977 2915 3395 2985 interpretatur,

1827 3014 1991 3068 quem
2026 3009 2081 3055 et
2109 2999 2430 3069 praefectura
2482 3002 2774 3068 deiectum,
2820 3019 2944 3059 cum
2977 3005 3091 3060 haec
3133 3008 3400 3061 scribere-

1830 3098 1918 3142 tur
1945 3090 2192 3158 epistola,
2225 3099 2280 3144 et
2309 3091 2362 3145 in
2411 3091 2678 3160 judicium
2727 3103 2977 3148 vocatum
3031 3096 3197 3150 fuisse
3214 3107 3398 3166 putat.

1834 3179 1984 3235 Unde
2015 3182 2178 3236 etiam
2216 3179 2362 3235 illius
2387 3183 2754 3251 patrocinium
2780 3200 2810 3238 a
2836 3184 3035 3238 Basilio
3074 3185 3126 3238 in
3172 3186 3399 3254 epistola

1828 3269 1898 3326 96
1922 3270 2454 3339 suscipiexistitnat.
2482 3271 2588 3326 Sed
2617 3273 2814 3339 Eliam,
2839 3288 2946 3328 non
2982 3273 3304 3328 Therasium
3345 3275 3402 3326 in

1829 3363 1923 3417 illa
1945 3364 2174 3432 epistola
2199 3363 2270 3419 96
2298 3365 2668 3419 commendari
2715 3363 2860 3417 infra
2892 3363 3216 3418 videbimus.
3250 3363 3404 3418 Nunc

1830 3465 2012 3508 autem
2042 3455 2178 3509 satis
2200 3464 2282 3510 est
2315 3457 2609 3510 observare
2642 3469 2981 3523 nequaquam
3017 3455 3228 3523 praesidi
3255 3457 3407 3509 abro-

1829 3543 2010 3615 gatain
2041 3547 2206 3602 fuisse
2234 3548 2640 3616 praefecturam,
2669 3562 2792 3600 cum
2837 3544 3072 3602 Basilius
3110 3547 3248 3601 hanc
3288 3548 3407 3616 epi-v

1831 3637 2030 3692 stolam
2060 3637 2124 3689 77
2163 3637 2445 3691 scriberet.
2477 3636 2737 3692 Hortatur
2769 3635 2912 3690 enim
2963 3650 3315 3699 assessorem,
3350 3645 3410 3688 ut

1840 3747 1963 3786 cum
1986 3731 2254 3786 Tberasio
2309 3741 2492 3786 tantas
2542 3743 2706 3784 curas
2753 3730 3038 3797 partiatur,
3085 3745 3148 3783 ac
3180 3728 3409 3782 libenter

1837 3823 2103 3893 ejusmodi
2133 3823 2476 3879 occasionem
2521 3821 2805 3890 suscipiat,
2860 3836 2926 3875 ex
2978 3835 3086 3890 qua
3119 3829 3172 3874 et
3205 3821 3410 3874 amicos

1840 3915 2026 3968 videre
2049 3921 2106 3968 et
2138 3914 2206 3967 ab
2241 3913 2320 3967 eis
2353 3912 2527 3966 videri
2578 3910 2759 3967 liceat.
2802 3911 2962 3965 Initio
3004 3912 3215 3966 dixerat
3254 3925 3314 3966 se
3343 3925 3408 3964 ex

1835 4005 2022 4075 magni
2053 3997 2303 4059 Therasii
2353 4001 2673 4070 prazfectura
2733 3999 2860 4053 illud
2908 4000 3174 4054 commodi
3220 4014 3410 4069 perce.

1836 4098 1996 4165 pisse,
2035 4104 2093 4149 ut
2121 4109 2262 4163 saepe
2289 4094 2430 4147 hunc
2461 4105 2791 4146 assessorem
2823 4091 3070 4145 videret:
3104 4089 3296 4144 Verum
3315 4092 3412 4144 hoc

1835 4190 2006 4256 ipsum
2044 4187 2338 4252 amisimus,
2359 4185 2553 4252 inquit,
2581 4184 2805 4252 prwside
2823 4182 3035 4249 privati.
3055 4181 3256 4234 Aberat
3282 4195 3414 4249 ergo

1839 4279 1907 4333 ad
1939 4288 2149 4346 tempus
2173 4292 2397 4346 prmses,
2424 4291 2525 4330 nec
2546 4275 2901 4329 dubiumerat
2928 4272 3144 4336 Basilio,
3171 4273 3296 4340 quin
3324 4286 3414 4323 re-

1843 4369 2052 4424 diturus
2080 4377 2227 4422 esset
2259 4367 2566 4421 Caesaream
2587 4383 2600 4430 ;
2623 4366 2766 4419 unde
2789 4379 3122 4419 assessorem
3142 4363 3415 4423 hortatur,

230 4466 342 4521 Non
371 4477 590 4521 tantum
617 4464 796 4535 gratia
841 4471 895 4517 ct
932 4463 1257 4517 auctoritate
1285 4460 1456 4515 valuit
1483 4455 1734 4517 Basilius,
1769 4480 1813 4536 ο
1845 4471 1906 4513 ιιι
1935 4460 2003 4513 ab
2048 4473 2114 4512 eo
2145 4474 2250 4512 non
2302 4457 2570 4520 discedat,
2603 4471 2667 4510 ac
2723 4455 2951 4510 libenter
2997 4455 3048 4507 in
3099 4468 3163 4507 eo
3215 4461 3420 4521 perstet

163 4569 220 4611 ut
241 4557 616 4612 calamitatem
650 4556 791 4609 hanc
816 4570 848 4607 a
873 4555 1044 4625 patria
1081 4561 1354 4608 averteret
1391 4569 1403 4606 :
1434 4551 1527 4605 sed
1560 4561 1736 4604 tamen

162 4648 398 4716 aliquam
436 4646 566 4700 mali
602 4645 922 4700 levationem
971 4645 1184 4697 videtur
1221 4650 1567 4697 consecutus.
1603 4639 1739 4694 Nam

169 4755 304 4795 unus
325 4755 394 4795 ex
428 4739 746 4809 potentibus
769 4737 959 4789 amicis
984 4737 1048 4790 ad
1075 4750 1213 4804 quos
1245 4733 1463 4801 scripsit
1481 4731 1572 4802 (c),
1596 4731 1731 4788 ἴοι-ι(

167 4831 462 4901 Aburgius,
503 4828 759 4899 praefecto
809 4829 1164 4882 humanitatis
1190 4826 1539 4880 ostendendae
1589 4840 1745 4878 occa-

170 4923 372 4977 sionem
409 4921 874 4974 subministravit.
904 4919 1066 4974 Forte
1098 4921 1211 4973 hzec
1255 4918 1578 4972 humanitas
1601 4917 1654 4969 in
1679 4932 1744 4971 eo

169 5016 339 5083 posita
372 5014 501 5079 fuit,
529 5015 676 5082 quod
705 5015 944 5067 secunda
975 5011 1294 5080 metropolis
1337 5025 1442 5063 non
1481 5007 1746 5071 Podaudi,

170 5116 224 5158 ut
252 5106 434 5175 primo
470 5105 739 5157 sancitum
773 5102 971 5167 fuerat,
997 5102 1092 5157 sed
1131 5099 1339 5156 meliori
1368 5099 1420 5153 in
1451 5097 1748 5169 loco,Tya—

173 5199 249 5249 nis
279 5195 610 5250 constituta.

240 5285 365 5340 Haec
397 5299 584 5340 autem
621 5301 764 5340 anno
815 5285 913 5339 571
965 5291 1117 5355 gesta
1150 5297 1290 5346 esse,
1324 5294 1612 5351 antequam
1646 5279 1750 5332 Va-

174 5375 283 5431 lens
311 5377 625 5432 Cresaream
657 5381 887 5443 veniret,
919 5376 1053 5432 satis
1079 5390 1146 5428 ex
1187 5375 1344 5429 dictis
1398 5372 1740 5443 perspicitur.

245 5578 317 5645 (η)
345 5576 446 5645 Ep.
475 5575 561 5628 '75.

247 5650 318 5713 (ὁ)
344 5646 519 5712 Epist.
560 5646 648 5714 7⁵,
680 5647 769 5715 75,
803 5646 891 5701 76.

249 5719 319 5786 (ε)
348 5717 455 5785 Ep.
493 5716 582 5771 78.

1845 4561 2104 4609 munere,
2155 4561 2222 4599 ex
2284 4560 2393 4613 quo
2445 4545 2801 4598 videndorum
2859 4543 3154 4597 amicorum
3202 4539 3418 4594 occasio

1845 4650 2118 4694 nascatur.

1917 4729 1982 4783 V.
2015 4729 2166 4782 Hunc
2201 4737 2378 4781 autem
2429 4740 2757 4781 assessorem
2802 4725 3066 4794 Elpidium
3092 4722 3275 4786 fuisse,
3317 4736 3420 4773 non

1849 4821 2098 4895 obscuris
2141 4821 2270 4873 mihi
2316 4821 2502 4872 videor
2531 4817 2805 4886 conjicere
2847 4817 3166 4870 rationibus.
3199 4813 3330 4866 Nam
3350 4812 3418 4882 (ι’)

1851 4913 2092 4982 Elpidius
2118 4914 2169 4965 in
2188 4911 2528 4980 Cappadocia
2553 4925 2802 4980 magnum
2828 4909 3041 4978 aliquod
3066 4921 3259 4960 munus
3289 4905 3426 4975 abji-j

1851 5019 1976 5058 cere
2003 5012 2058 5056 ct
2086 5001 2422 5071 Cappadocia
2452 5002 2740 5056 abscedere
2768 4999 3001 5062 volebat,
3029 5013 3136 5066 quo
3187 5009 3429 5064 tempore

1853 5094 2100 5148 infaustae
2131 5107 2216 5146 res
2259 5101 2417 5146 erant
2451 5090 2848 5160 Cappadocum,
2880 5104 2943 5142 ac
2971 5089 3128 5156 paulo
3167 5095 3288 5156 post
3331 5087 3433 5140 hn-

1855 5189 2166 5242 manitatem
2207 5185 2438 5253 aliquam
2475 5185 2526 5236 in
2563 5182 2908 5252 Cappadoces
2937 5196 2965 5233 a
2996 5179 3245 5249 praefecto
3284 5177 3435 5231 exhi-

1855 5281 2044 5340 bitam,
2077 5277 2128 5330 id
2162 5287 2264 5342 est,
2285 5286 2342 5329 ut
2375 5275 2712 5344 conjicimus,
2735 5287 3014 5342 poStquam
3044 5270 3327 5340 praefectus
3347 5283 3431 5320 se-

1855 5369 2087 5424 cundam
2139 5365 2495 5434 metropolim,
2551 5381 2669 5435 qua:
2719 5359 2959 5418 Podandi
3006 5361 3175 5414 locata
3234 5359 3440 5421 fuerat.

1944 5569 2020 5639 (ά)
2057 5569 2154 5635 Ep.
2185 5568 2271 5631 74,
2305 5585 2366 5639 .3.
2402 5568 2454 5620 5.
2505 5533 2512 5542 ’

1938 5637 2010 5706 (e)
2045 5639 2172 5691 Naz.
2204 5655 2286 5690 or.
2308 5637 2396 5693 ‘20.

1936 5710 2003 5779 (Ι)
2033 5711 2128 5778 Ep.
2165 5708 2250 5761 78.
