3820 6210
372 292 533 331 LXXVI

373 488 425 540 iu
460 486 607 538 illum
649 498 999 548 assessorem,
1039 502 1197 556 quem
1236 501 1266 539 e
1298 485 1638 555 Cappadocia
1663 488 1954 541 abscedere

374 576 756 630 molestissimo
794 584 1032 644 tempore
1086 577 1435 630 meditantem
1486 574 1717 631 Basilius
1756 578 1824 630 ab
1854 578 1954 632 hoc

372 667 600 724 consilio
628 668 681 721 in
709 669 867 735 epist.
900 668 968 721 77
1006 668 1344 723 dehortatur.
1376 666 1435 721 In
1461 682 1690 738 utraque
1728 666 1955 736 epistola

375 762 804 832 praestantissimi
833 762 931 815 viri
972 777 1058 817 res
1095 764 1272 832 agitur
1302 771 1354 818 et
1393 763 1587 817 Basilio
1617 763 1772 816 amici
1802 773 1855 817 et
1888 762 1955 816 ad

374 852 754 906 sublevandam
786 853 1175 922 Cappadociam
1223 854 1456 909 maxime
1488 854 1687 911 idonei.
1719 854 1955 922 Tempus

375 946 513 999 idem
538 946 817 1013 utriusque
849 945 1110 1015 epistolae,
1141 962 1333 1015 magna
1370 946 1601 1014 quadam
1646 945 1955 1000 calamitate

375 1053 567 1093 recens
607 1038 660 1091 in
713 1040 1106 1106 Cappadociam
1164 1039 1392 1094 invecta.
1450 1038 1590 1092 Idem
1644 1040 1694 1092 in
1729 1050 1956 1108 utraque

374 1127 601 1196 epistola
646 1129 937 1183 assessoris
988 1144 1205 1185 munus.
1256 1129 1429 1200 Rogat
1467 1131 1697 1183 amicum
1729 1129 1957 1184 Basilius

377 1223 432 1275 in
465 1223 864 1291 septuagesima
896 1222 1121 1291 septima
1153 1231 1210 1277 ut
1254 1238 1358 1277 non
1405 1224 1645 1277 discedat
1686 1222 1755 1276 ab
1787 1224 1958 1277 admi-

378 1314 550 1367 rando
578 1313 863 1378 Thcrasio,
895 1316 991 1368 sed
1025 1330 1147 1369 cum
1186 1329 1250 1368 eo
1274 1324 1451 1369 tantas
1477 1330 1637 1369 curas
1668 1316 1951 1382 partiatur.

378 1406 433 1459 Itt
482 1408 873 1475 septuagesima
914 1419 1092 1461 autem
1125 1419 1311 1461 octava
1346 1409 1394 1460 id
1430 1408 1559 1473 agit,
1597 1417 1651 1459 ιιι
1695 1407 1954 1475 Elpidius,

378 1512 442 1550 ea:
460 1513 561 1565 quo
590 1504 699 1549 tota
729 1512 857 1564 pene
903 1497 1227 1562 publicarunt
1264 1498 1589 1565 negotiorum
1617 1513 1744 1548 cura
1770 1496 1957 1563 depen-

378 1590 486 1652 det,
516 1590 700 1657 patriae
744 1586 1071 1656 przeﬁciatur
1122 1597 1175 1641 et
1236 1587 1286 1641 itt
1322 1586 1661 1657 Cappadocia
1706 1587 1958 1657 iubeatur

380 1695 680 1734 remanere.

454 1771 608 1838 Quod
640 1779 817 1824 autem
860 1780 1009 1840 rogat
1036 1769 1287 1835 Basilius,
1316 1780 1371 1826 ιιι
1407 1770 1644 1840 Elpidius
1676 1769 1956 1840 Cappado-

382 1863 479 1918 ciae
514 1864 855 1934 praeﬁciatur,
891 1880 996 1917 non
1033 1864 1157 1918 inde
1190 1865 1432 1931 sequitur
1459 1881 1580 1918 eum
1606 1865 1884 1931 prazsidem
1910 1870 1963 1917 et

384 1964 649 2010 rectorem
686 1955 863 2025 potius
912 1970 1074 2024 quam
1119 1968 1450 2009 assessorem
1502 1954 1746 2021 praesidis
1775 1951 1959 2008 fuisse.

384 2046 518 2101 Nam
550 2060 884 2101 assessorum
914 2062 1108 2116 magna
1140 2030 1260 2099 erat
1300 2046 1617 2101 auctoritas.
1662 2045 1800 2098 Hinc
1826 2044 1963 2098 Gre-

384 2140 567 2208 gorius
613 2138 988 2194 Nazianzenus
1035 2153 1364 2193 assessorem
1396 2146 1552 2193 vocat
1575 2138 1747 2208 ἀρχῆς
1778 2154 1965 2190 κοινω-

384 2230 475 2283 νόν
499 2230 551 2283 in
589 2229 811 2299 cpistola
838 2230 931 2293 48,
964 2230 1301 2300 συνάρχοντα
1327 2230 1378 2283 in
1412 2231 1571 2299 epist.
1605 2229 1707 2283 126
1736 2242 1966 2297 eumque

385 2337 509 2377 cum
537 2321 764 2389 praeside
789 2320 1068 2389 conjungit
1102 2331 1158 2375 tit
1183 2320 1392 2375 Jolaum
1428 2336 1550 2375 cum
1583 2320 1823 2381 Hercule,
1844 2320 1969 2374 Pro-

388 2422 560 2468 retam
585 2427 705 2466 cum
748 2412 1132 2480 gubernatore,
1168 2412 1324 2482 epist.
1361 2411 1481 2464 127.
1520 2411 1658 2476 Quin
1686 2410 1846 2463 etiam
1881 2425 1967 2464 as-

387 2518 653 2559 sessorem
703 2502 969 2571 Elpidium
1002 2502 1186 2567 fuisse,
1228 2518 1333 2556 non
1366 2502 1648 2571 praesidem
1685 2500 1970 2555 conﬁrmat

387 2598 637 2661 Basilius,
670 2598 793 2651 dum
826 2596 903 2650 ait
942 2605 1105 2650 totam
1131 2608 1267 2664 pene
1297 2609 1475 2648 rerum
1508 2593 1841 2661 publicarum
1870 2607 1967 2646 cu-

388 2706 506 2745 ram
529 2704 595 2745 ex
620 2704 685 2744 eo
705 2689 961 2759 pendere.
1004 2686 1058 2742 Id
1083 2687 1225 2741 enim
1272 2686 1339 2739 de
1369 2699 1647 2739 assessore
1692 2684 1822 2736 satis
1849 2691 1968 2751 apte

393 2782 612 2846 dicitur,
642 2796 763 2836 cum
800 2796 897 2849 pro
927 2794 1024 2835 sua
1050 2777 1381 2847 experientia
1415 2790 1479 2831 ac
1505 2774 1775 2843 diligentia
1810 2774 1971 2843 pluri-

389 2889 507 2929 mas
536 2871 1023 2928 administrationis
1047 2879 1228 2940 partes
1257 2869 1519 2924 sustinet:
1544 2875 1599 2921 at
1622 2870 1686 2921 de
1710 2867 1965 2936 praeside,

388 2965 454 3020 ad
486 2980 645 3036 quem
675 2979 883 3019 summa
926 2963 1066 3017 redit
1106 2961 1272 3015 totius
1305 2960 1549 3029 regenda:
1576 2958 1897 3030 provinciae,
1917 2957 1967 3011 id

389 3073 520 3113 sane
553 3057 727 3111 minus
748 3055 1028 3111 commode
1060 3055 1350 3108 diceretur.

462 3148 548 3203 VI.
576 3146 767 3204 Utrum
808 3146 1037 3200 Basilius
1069 3148 1136 3200 ab
1178 3144 1386 3213 Elpidio
1409 3142 1797 3212 impetraverit,
1828 3152 1885 3195 ut
1914 3142 1965 3195 in

390 3236 725 3306 Cappadocia
754 3242 1087 3299 remaneret,
1133 3245 1224 3286 aut
1249 3249 1279 3285 a
1310 3232 1585 3302 praelecto,
1622 3240 1679 3285 ut
1706 3231 1968 3299 Elpidium

385 3328 601 3398 juberet
627 3340 906 3382 remanere
928 3366 943 3390 ,
975 3335 1215 3379 statuere
1247 3339 1349 3377 nou
1383 3339 1687 3392 possumus.
1709 3323 1839 3376 Illttd
1861 3337 1973 3376 cer-

395 3431 508 3474 tutn
538 3428 594 3473 et
622 3420 963 3489 perspicuum
997 3427 1097 3478 est,
1125 3417 1447 3471 Therasiutn
1491 3415 1840 3485 Cappadociae
1874 3415 1970 3467 ad-

394 3512 850 3568 ministrationem
879 3518 971 3563 aut
1001 3519 1192 3577 sponte
1214 3508 1495 3575 abiecisse,
1523 3518 1615 3561 aut
1655 3509 1791 3560 hanc
1817 3506 1864 3560 ei
1895 3505 1975 3559 di-

394 3605 656 3672 gnitatem
710 3604 1022 3671 abrogatum
1077 3603 1240 3656 fuisse
1295 3614 1439 3654 anno
1474 3599 1573 3653 37I
1621 3610 1849 3654 exeunte
1884 3608 1972 3652 aut

397 3697 615 3751 ineunte
638 3695 762 3749 572.
789 3693 921 3747 Nam
961 3693 1188 3762 epistola
1234 3692 1324 3757 94,
1357 3707 1499 3745 anno
1528 3691 1633 3746 572
1664 3706 1768 3744 non
1808 3689 1975 3743 multo

396 3796 514 3856 post
547 3786 788 3841 Valentis
810 3801 840 3840 e
865 3784 1206 3854 Cappadocia
1239 3784 1538 3837 discessum
1562 3783 1765 3850 scripta
1796 3790 1878 3835 est
1908 3781 1975 3835 ad

395 3878 568 3933 Eliam
607 3876 960 3947 Cappadociae
1000 3883 1288 3940 rectorem,
1323 3874 1417 3942 qui
1451 3874 1517 3927 ad
1550 3872 1813 3943 regendos
1839 3871 1976 3940 Cap-

395 3972 651 4043 padoces,
712 3969 839 4024 licet
888 3968 1122 4031 invitus,
1155 3960 1419 4019 adductus
1476 3963 1675 4027 fuerat,
1709 3971 1764 4015 ut
1811 3977 1973 4032 opera

398 4063 635 4132 collapsa
664 4062 1018 4121 instauraret,
1046 4060 1160 4112 loca
1187 4074 1294 4112 non
1331 4058 1569 4112 habitata
1609 4056 1797 4110 incolis
1831 4070 1979 4109 com-

400 4154 594 4223 pleret,
631 4167 737 4207 uno
781 4152 945 4206 verbo
970 4150 1286 4206 solitudines
1327 4150 1378 4202 in
1420 4150 1583 4202 urbes
1620 4147 1976 4201 transforma-

399 4256 504 4301 ret.
535 4245 650 4299 Non
681 4245 791 4314 jam
815 4258 945 4311 ergo
977 4242 1376 4311 Cappadociam
1409 4243 1629 4311 regebat
1663 4240 1975 4305 'I‘lierasius,

402 4338 497 4393 sed
525 4337 815 4391 commissa
847 4334 1025 4389 fuerat
1058 4334 1207 4395 EIIEB,
1241 4332 1333 4402 qui
1366 4347 1485 4387 eam
1528 4331 1894 4386 tristissimum
1922 4332 1974 4384 in

1666 274 2202 331 PRllLEGOMENA.

375 394 615 465 Thyanis
646 393 944 450 constituit.
981 393 1103 448 Haec
1146 401 1326 448 autem
1372 393 1599 448 miriﬁce
1625 394 1953 449 conveniunt
1980 401 2023 454 Α

2654 390 2881 448 CAPUT
2914 392 3032 447 XX.

2058 486 2099 540 Ι.
2140 487 2357 541 Initium
2376 489 2745 554 persecutionis
2775 490 2837 540 ab
2863 488 3083 537 adventu
3104 484 3451 536 Arianorum.
3482 480 3621 551 Euip

2127 560 2210 622 pio
2243 560 2655 611 communionem
2683 559 2900 624 dcitegat
2927 556 3182 607 Basilius.
3213 555 3273 607 II.
3310 554 3508 607 Basilii
3538 569 3633 603 cer-

2127 638 2297 680 tamen
2327 644 2443 678 cnm
2487 627 2730 694 prmfeclo
2758 643 2818 678 ac
2851 627 3041 677 deinde
3086 641 3201 677 cum
3236 624 3525 694 prgposito
3557 638 3635 694 co-

2125 714 2366 757 quornm.
2404 690 2491 747 III.
2524 690 2645 748 Non
2680 697 2913 759 interfuit
2950 696 3028 745 his
3062 690 3260 754 pra'liis
3303 692 3529 746 Valens.
3560 690 3641 744 IV.

2128 764 2350 832 Scriptw
2386 768 2437 818 in
2473 768 2569 816 hac
2608 767 2964 827 persecutione
2993 765 3227 820 epistola:
3262 762 3328 816 79
3357 775 3412 815 et
3456 759 3641 832 80._\'.

2143 830 2325 888 Valens
2353 836 2508 889 semel
2542 846 2588 887 et
2631 838 2815 887 iterum
2846 836 2978 886 venit
3014 836 3067 885 in
3106 836 3374 885 ecclesiam
3400 874 3416 895 ,
3453 842 3512 881 ut
3544 830 3645 881 Ba-

2126 907 2246 959 silio
2290 907 2485 973 [actam
2529 904 2782 973 injur:am
2830 906 3043 973 sarciat.
3090 902 3172 955 VI.
3216 902 3424 954 Basilio
3466 913 3645 973 postea

2124 970 2326 1045 pteuam
2378 975 2547 1029 exsilii
2578 970 2790 1045 inﬂigit
2836 972 2900 1024 ab
2955 973 3167 1026 Arionis
3231 970 3643 1045 intpnlsus,_se_d

2129 1038 2271 1115 gravi
2327 1046 2504 1098 morbo
2553 1038 2880 1115 lilii-cogitur
2913 1045 3226 1115 sententiam
3260 1038 3495 1094 mutare.
3536 1038 3643 1115 VII.

2136 1110 2338 1168 Rursus
2366 1116 2543 1167 statuit
2584 1113 2767 1179 ejicere
2796 1112 3077 1170 Basiliam,
3113 1115 3201 1164 sed
3225 1112 3469 1163 calamus
3496 1110 3645 1161 tertia

2126 1189 2432 1237 conteritur.
2475 1182 2604 1236 VIII.
2630 1181 2859 1250 Insignis
2889 1180 3121 1246 Gregorii
3149 1184 3290 1234 locus
3323 1180 3644 1247 explicatur,

2130 1273 2192 1306 ac.
2248 1254 2511 1306 Valentem
2544 1255 2730 1304 iterum
2761 1253 2956 1304 venisse
2994 1252 3045 1301 in
3073 1252 3345 1302 ecclesiam
3394 1250 3645 1315 probatur

2128 1337 2247 1376 ante
2282 1334 2499 1376 mortem
2532 1322 2653 1385 ﬁlii.
2691 1321 2780 1374 lX.
2820 1319 3139 1372 Miraculum
3166 1321 3505 1372 calamorum
3530 1317 3639 1368 Cm-

2128 1410 2294 1446 sarea:
2326 1394 2544 1461 factum.
2594 1390 2660 1446 Χ.
2704 1390 2833 1444 Ηωσ
2878 1392 3167 1458 persecutio
3212 1389 3280 1442 ad
3310 1403 3514 1441 annum
3547 1386 3647 1441 572

2130 1464 2422 1534 referenda.

2134 1599 2171 1651 I.
2200 1597 2467 1651 Hactenus
2506 1597 2557 1649 in
2603 1594 2661 1649 S.
2691 1594 2873 1649 Basilii
2917 1594 3227 1663 episcopatu
3272 1590 3485 1645 nullum
3519 1599 3647 1642 lem-

2060 1706 2158 1758 pus
2189 1690 2447 1750 vidimus,
2477 1689 2618 1756 quod
2660 1702 2688 1739 a
2725 1686 2932 1753 magnis
2974 1689 3133 1741 rebus
3186 1684 3443 1748 gerendis
3485 1682 3649 1734 intero

2063 1782 2375 1835 missionem
2409 1778 2679 1834 habuerit.
2717 1776 2823 1832 Sed
2860 1793 3001 1830 nunc
3032 1775 3365 1846 splendidius
3392 1772 3645 1842 quiddam

2063 1883 2115 1928 et
2149 1874 2410 1927 illustrius
2441 1872 2801 1927 enarrandum
2854 1870 3116 1931 occurrit,
3168 1876 3459 1937 propterea
3512 1864 3647 1934 quod

2064 1965 2267 2035 majore
2300 1966 2476 2021 sonitu
2504 1965 2785 2035 praedicari
2814 1963 3006 2026 solent,
3030 1977 3149 2030 qua:
3181 1975 3277 2030 pro
3305 1958 3517 2014 Christi
3552 1956 3648 2011 ﬁde

2066 2057 2117 2112 in
2149 2057 2479 2127 gravissimis
2524 2055 2775 2124 periculis
2815 2054 3030 2108 fortiter
3059 2062 3112 2106 et
3140 2061 3464 2106 constanter
3500 2049 3645 2112 ﬁunt,

2065 2164 2223 2218 quam
2258 2163 2375 2217 qua:
2402 2157 2493 2199 aut
2527 2146 2592 2199 ad
2626 2144 2965 2213 disciplinam
3013 2143 3308 2211 prudenter
3351 2140 3649 2194 decernun-

2069 2248 2177 2303 tur,
2210 2247 2302 2291 aut
2332 2237 2397 2290 ad
2435 2235 2710 2289 leniendos
2753 2233 3000 2287 inimicos
3046 2242 3103 2287 et
3141 2230 3516 2301 pacilicandas
3558 2229 3647 2282 Ec-

2069 2328 2265 2384 clesias
2320 2326 2590 2396 sapienter
2621 2334 2675 2379 et
2722 2324 2995 2378 moderate
3037 2323 3427 2391 suscipiuntur.
3471 2320 3525 2372 In
3576 2317 3648 2371 his

2067 2420 2247 2474 Basilii
2289 2417 2671 2472 certaminibus
2712 2413 3077 2469 descriliendis
3102 2411 3373 2481 prtecipue
3407 2410 3647 2463 videntur

2069 2512 2277 2581 antiqui
2310 2510 2602 2577 scriptorcs
2628 2506 2977 2572 elaborasse;
3011 2505 3102 2558 sed
3135 2518 3259 2558 cum
3285 2503 3337 2555 in
3379 2499 3647 2555 nonnullis

2068 2600 2491 2657 circumstantiis
2542 2599 2721 2652 minus
2774 2597 2915 2650 inter
2949 2611 3007 2650 se
3063 2595 3439 2656 consentiant,
3480 2591 3643 2645 danda

2068 2704 2151 2748 est
2179 2706 2364 2762 opera,
2396 2700 2455 2745 ut
2481 2704 2662 2747 rerum
2692 2688 2960 2753 ordinem,
2986 2701 3147 2755 quam
3186 2685 3300 2739 ﬁeri
3333 2682 3536 2753 poterit
3568 2696 3647 2735 ac-

2067 2782 2426 2845 curatissime,
2454 2792 2763 2847 sequamur.

2140 2874 2211 2945 (li)
2233 2874 2530 2942 Imperator
2551 2869 2767 2933 Valens,
2797 2883 2916 2923 cum
2946 2867 3218 2937 prosperis
3245 2865 3514 2919 adversus
3531 2861 3644 2916 bar-

2068 2968 2230 3021 baros
2264 2964 2608 3020 successibus
2639 2964 2813 3017 elatus
2856 2966 2907 3015 ln
2954 2961 3230 3016 Orientem
3286 2957 3437 3011 lento
3470 2956 3645 3010 itinere

1994 3086 2038 3143 ε
2073 3060 2335 3123 tenderet,
2373 3057 2507 3111 satis
2537 3056 2624 3110 diu
2670 3053 2968 3123 interjcctis
3015 3047 3541 3116 Constantinopolim
3577 3045 3646 3097 itt-

2072 3162 2151 3205 ter
2171 3159 2225 3203 et
2241 3148 2630 3218 Cappadociam
2653 3146 2782 3199 locis
2800 3153 3163 3199 commoratus
3183 3150 3284 3195 est.
3300 3139 3381 3194 Ac
3406 3141 3457 3193 in
3480 3138 3646 3206 Bithy-

2074 3243 2155 3295 nia
2180 3240 2391 3310 quidem
2425 3238 2703 3293 horrenda:
2734 3236 3010 3307 ejusjussu
3038 3244 3171 3287 actae
3205 3243 3333 3286 sunt
3363 3229 3644 3298 tragoedia,

2072 3344 2230 3401 atque
2267 3333 2403 3385 hanc
2434 3329 2766 3399 provinciam
2804 3325 3097 3395 improviso
3137 3324 3341 3391 impetu
3373 3331 3648 3392 aggressus

2074 3426 2286 3494 penitus
2335 3424 2601 3488 vastavit;
2646 3422 2696 3474 in
2737 3418 2945 3474 Galatia
2985 3427 3164 3471 autent
3198 3415 3405 3469 nullam
3436 3425 3646 3484 prorsus

2074 3532 2278 3570 moram
2309 3515 2542 3579 invenit,
2576 3528 2640 3567 ac
2678 3514 2849 3566 levem
2895 3520 2949 3566 et
2998 3508 3251 3565 mobilem
3282 3518 3501 3578 gentem
3543 3504 3647 3559 sine

2073 3608 2292 3676 pulvere
2326 3605 2541 3660 devicit.
2580 3603 2673 3657 His
2704 3602 2944 3657 victoriis
2977 3599 3194 3654 inﬂatus
3222 3613 3375 3668 spem
3403 3597 3643 3664 frangen-

2074 3698 2124 3752 di
2162 3698 2338 3752 Basilii
2370 3707 2423 3751 et
2443 3696 2712 3766 capiendm
2738 3695 3085 3762 Cappadocia:
3111 3689 3473 3760 concepit(c).
3508 3686 3645 3741 Hune

2076 3789 2218 3843 enim
2252 3789 2479 3857 primum
2503 3788 2717 3858 aggredi
2750 3803 2851 3840 non
2882 3799 3044 3839 ausus
3065 3792 3167 3847 est,
3208 3798 3276 3836 ne
3307 3781 3455 3835 illius
3481 3793 3646 3834 exem-

2076 3881 2220 3950 plum
2274 3879 2392 3934 aliis
2438 3881 2647 3933 animos
2701 3879 2921 3933 adderet
2954 3879 3053 3947 (cl).
3096 3874 3201 3929 Sed
3236 3888 3358 3927 cum
3411 3872 3646 3926 ﬁnitimos

2075 3985 2261 4024 omnes
2302 3970 2595 4039 impietatis
2617 3970 2826 4024 viribus
2865 3971 3187 4034 domuisset,
3216 3984 3279 4024 ac
3330 3966 3522 4023 ditioni
3550 3976 3645 4017 sua:

2078 4062 2397 4129 subjecissct
2422 4062 2677 4133 quidquid
2713 4063 2931 4117 obvium
2966 4062 3254 4125 habuerat,
3308 4072 3467 4130 turpe
3498 4069 3550 4113 et
3573 4056 3646 4110 in—

2077 4156 2295 4225 dignum
2322 4154 2549 4208 ducebat
2584 4155 2651 4207 al)
2678 4171 2784 4207 uno
2814 4154 3036 4208 homine
3072 4165 3126 4208 et
3158 4170 3262 4207 una
3294 4153 3518 4207 civitate
3545 4149 3647 4201 viu-

2076 4250 2146 4303 ci.
2175 4249 2358 4316 Itaque
2382 4262 2501 4299 cum
2550 4246 2884 4301 meminisset
2927 4261 2986 4301 se
3018 4260 3161 4299 anno
3195 4246 3323 4310 565,
3359 4262 3422 4299 re
3470 4240 3648 4297 inlecta

2077 4342 2143 4393 ab
2184 4340 2288 4393 hac
2318 4340 2450 4393 urbe
2483 4338 2817 4402 discessisse,
2846 4353 2967 4392 cum
3023 4338 3229 4407 majore
3280 4338 3555 4406 impietate
3595 4344 3647 4383 ac

402 4438 603 4483 διθιυῐη
651 4428 922 4481 “(lacum
975 4434 1277 4493 acceperal-
1314 4423 1468 4480 Unde
1517 4423 1663 4478 illum
1700 4432 1979 4491 εοιηρπθῐ
2010 4437 2056 4495 ι)
2085 4430 2407 4486 ferventiore
2437 4430 2552 4484 acie
2598 4431 2834 4493 rediens,
2872 4437 3128 4497 acceptas
3177 4429 3366 4481 clades
3419 4435 3648 4493 reparare

403 4518 637 4574 Basilius
657 4533 777 4573 cum
805 4515 1089 4582 Nauclero,
1115 4517 1205 4585 qui
1233 4531 1421 4570 navem
1451 4532 1621 4586 nuper
1645 4524 1977 4584 compactam

408 4613 462 4665 in
512 4625 703 4680 magna
743 4609 1010 4678 gubernat
1056 4617 1396 4676 tempestate.
1429 4607 1545 4662 Non
1602 4608 1819 4663 dubiutn
1873 4614 1981 4672 est,

407 4705 537 4773 quin
570 4716 726 4755 suum
764 4700 1024 4755 Therasio
1058 4708 1266 4767 tempus
1298 4699 1350 4752 in
1387 4698 1721 4768 Cappadocia
1745 4698 1978 4752 admini-

408 4795 629 4849 stranda
657 4792 941 4847 emeritum
974 4805 1078 4844 non
1112 4788 1290 4853 fuerit,
1328 4803 1448 4843 cum
1478 4788 1616 4842 hanc
1646 4788 1975 4857 provinciam

409 4881 649 4952 reliquit.
701 4880 965 4950 Sperabat
1012 4878 1156 4933 enim
1214 4878 1443 4932 Basilius
1502 4878 1762 4946 Elpidiutn
1804 4880 1870 4932 ab
1915 4892 1980 4929 eo

409 4992 518 5030 non
550 4975 936 5039 discessurum,
984 4980 1038 5025 et
1064 4972 1111 5026 ei
1154 4972 1206 5024 in
1240 4970 1496 5025 sanandis
1548 4972 1835 5039 provinciae
1865 4969 1982 5023 vul-

412 5068 635 5123 neribus
659 5081 877 5135 operam
908 5065 1178 5118 daturum.
1204 5062 1310 5118 Sed
1338 5072 1513 5116 tamen
1539 5062 1752 5114 videtur
1784 5075 1979 5114 annum

408 5163 521 5232 jam
551 5161 758 5216 rexisse
777 5159 1191 5228 Cappadociam,
1218 5172 1339 5212 cum
1382 5156 1595 5210 decreta
1633 5165 1715 5209 est
1741 5155 1931 5209 divisio
1963 5171 1977 5209 :

418 5269 541 5309 nam
574 5268 715 5321 saepe
743 5251 971 5306 Basilius
995 5250 1069 5320 (a)
1100 5263 1430 5305 assessorem
1465 5247 1674 5300 viderat
1706 5245 1983 5310 Ctesareze,

415 5361 575 5415 quem
608 5354 783 5399 tamen
813 5358 918 5397 non
946 5342 1181 5407 videbat,
1210 5340 1312 5396 nisi
1349 5352 1547 5410 praeses
1574 5337 1867 5393 Caesaream
1899 5350 1989 5390 ve-

418 5440 578 5493 uiret.

487 5573 563 5642 (a)
599 5574 693 5638 Ep.
731 5573 818 5627 77.

490 5644 562 5709 (ὁ)
601 5643 757 5711 Nyss.
790 5659 809 5696 1
845 5642 1070 5695 Eunoni.

493 5707 564 5773 lc)
601 5707 924 5770 Thcodoret.
949 5712 1041 5767 lib.
1071 5725 1142 5778 tv,
1170 5724 1219 5765 ε.
1252 5707 1339 5764 19.

2086 4524 2255 4576 voluit
2289 4521 2379 4593 (e).
2411 4521 2755 4575 Prmcedebat
2785 4536 2904 4576 eum
2952 4518 3229 4574 Modestus
3259 4517 3501 4589 praetorii
3522 4528 3641 4581 pra:-

2087 4614 2278 4679 lectus,
2312 4613 2391 4665 vir
2419 4621 2472 4665 et
2507 4610 2797 4666 Catholicis
2828 4609 3069 4664 infensus
3096 4620 3149 4663 et
3178 4610 3403 4664 Ariauis
3435 4606 3644 4661 deditus,

2087 4706 2155 4757 ab
2179 4704 2351 4771 iisque
2382 4702 2684 4772 baptizatus
2718 4717 2733 4755 :
2766 4702 2855 4771 qui
2902 4702 3043 4755 hanc
3089 4716 3275 4755 curam
3304 4709 3360 4754 et
3412 4695 3646 4754 sollicitu-

2087 4796 2262 4849 dinem
2292 4795 2432 4846 inter
2477 4793 2775 4862 przecipuas
2804 4791 3297 4846 administrationis
3342 4806 3456 4844 sua:
3490 4796 3647 4857 partes

2082 4885 2403 4939 numerabat
2425 4924 2438 4945 ,
2467 4893 2526 4937 ut
2554 4883 2731 4937 nullus
2785 4884 2907 4937 ﬁdei
2953 4882 3204 4936 defensor
3236 4882 3381 4935 domi
3411 4883 3642 4936 maneret,

2083 4976 2175 5031 sed
2203 4975 2369 5045 pulsis
2406 4974 2657 5029 omnibus
2681 4974 2999 5028 ortliodoxis
3028 4974 3444 5026 intruderentur
3474 4964 3645 5022 doctri-

2085 5082 2167 5122 nte
2196 5066 2533 5135 imperatoris
2572 5064 2973 5134 astipulatores,
3004 5064 3295 5132 impiorum
3335 5056 3646 5132 syngraplto-

2091 5174 2206 5212 rum
2228 5168 2529 5223 exactores,
2562 5159 2644 5211 vel
2674 5158 3003 5211 deteriorum
3028 5158 3189 5209 etiam
3225 5157 3538 5225 scriptorum
3567 5161 3645 5199 att—

2088 5258 2287 5305 clores.
2315 5248 2421 5303 Sed
2454 5256 2576 5301 ante
2606 5247 2780 5313 ipsum
2808 5246 3118 5313 praefectum
3150 5255 3417 5299 venerunt
3452 5244 3498 5295 in
3526 5238 3645 5303 Cap-

2088 5339 2367 5408 padociam
2397 5338 2579 5390 Ariani
2608 5336 2867 5405 episcopi,
2887 5350 3115 5404 quorum
3140 5335 3243 5389 dus
3274 5335 3483 5390 videtur
3504 5327 3643 5382 luisse

2095 5430 2371 5497 Euippius.

2173 5564 2247 5635 (d)
2287 5564 2414 5635 Nar.
2438 5580 2517 5635 or.
2549 5562 2638 5635 20.

2174 5630 2242 5704 (ε)
2286 5634 2439 5703 Nyss.
2470 5633 2612 5697 5I2;
2648 5630 2779 5685 Νη.
2810 5630 2931 5685 348.
