3820 6210
1453 329 1607 385 VITA
1651 331 1710 387 S.
1745 331 2039 390 BASILIL:

3228 348 3414 394 ιιινιι

205 435 541 494 Numer-ator
562 456 592 493 a
637 440 837 498 Basilio
879 443 953 515 (a)
983 445 1245 516 Euippius
1274 448 1413 503 inter
1441 448 1726 519 signiferos
1754 457 1800 512 Α
1829 452 2208 507 haereticorum
2235 452 2569 521 exspectatio
2594 453 2803 508 animos
2823 452 3090 507 movebat.
3123 451 3234 507 Cur
3264 461 3415 507 tanto

139 530 396 596 improba:
429 531 847 604 factionis,qu:e
868 537 1210 593 EuSIathium
1240 550 1290 594 et
1315 541 1574 610 plurimos
1600 542 1732 597 alios

136 623 383 691 deposuit
431 641 580 680 anno
612 625 718 681 560
750 629 800 680 in
842 630 1071 685 concilio
1117 632 1731 702 Constantinopolitano.

135 711 186 766 In
218 712 335 780 ejus
369 717 718 783 potissimum
760 734 952 773 nomen
988 733 1282 790 eruperunt
1308 724 1572 778 Eustathii
1603 739 1735 793 que-

135 801 274 866 I'CLB,
315 807 406 856 vel
445 807 632 873 potius
668 808 951 863 horrendae
985 812 1395 867 criminationes
1427 813 1621 867 litteris
1665 815 1731 867 ad

135 894 421 950 universas
455 897 731 953 Ecclesias
795 900 974 978 missis
1025 905 1372 972 consignatae.
1424 905 1651 958 Videtur
1681 905 1732 956 in

134 983 342 1038 Galatia
381 989 672 1056 episcopus
697 989 882 1046 fuisse.
922 992 1053 1046 Nam
1081 1010 1202 1048 cum
1233 995 1462 1049 Arianos
1485 1011 1514 1049 e
1538 995 1612 1064 (b)
1637 995 1739 1047 Ga-

136 1075 259 1129 latia
318 1080 706 1134 accersivisset
741 1081 1092 1148 Eustathius;
1149 1087 1384 1152 exagitat
1428 1101 1546 1139 cum
1592 1086 1740 1139 Basi-

135 1169 234 1223 lius
314 1172 465 1240 quod
522 1175 615 1241 qui
675 1174 800 1228 olim
869 1175 1153 1245 Euippium
1224 1179 1530 1246 episcopum
1617 1194 1738 1234 esse

134 1272 456 1330 negaverat,
489 1280 634 1320 nime
663 1281 874 1330 eorum,
908 1270 996 1335 qui
1049 1271 1116 1324 ab
1170 1271 1263 1324 illo
1297 1273 1526 1325 ordinati
1585 1284 1735 1338 sunt,

135 1355 576 1409 Communionem
625 1359 852 1413 ambiat.
893 1361 1108 1415 Initium
1150 1373 1328 1415 autem
1369 1368 1627 1430 praeclare
1659 1365 1738 1418 fa-

136 1457 378 1508 ctorum.
406 1463 530 1515 quae
565 1449 797 1506 Basilius
831 1453 883 1505 in
913 1453 1015 1506 hac
1041 1455 1419 1521 persecutione
1457 1457 1737 1520 edidit,ab

137 1537 298 1604 hujus
331 1541 578 1594 hominis
607 1543 841 1597 adventu
867 1546 1170 1600 ducendum
1210 1557 1314 1602 est.
1351 1548 1481 1601 Nam
1523 1565 1622 1602 nec
1651 1565 1741 1602 ca-

138 1632 325 1683 nitiem
355 1631 600 1701 Euippii,
639 1649 739 1689 nec
762 1637 1119 1690 eruditionem
1162 1639 1429 1694 reveritus
1467 1651 1551 1694 est
1584 1640 1735 1694 Basi-

137 1719 262 1782 lius,
299 1737 404 1776 nec
436 1722 552 1790 ipsa
600 1725 764 1777 etiam
818 1726 1070 1780 amicitiae
1109 1726 1253 1795 jura,
1279 1744 1398 1797 quae
1429 1746 1609 1783 secum
1643 1731 1737 1783 ha-

138 1809 334 1863 bebat:
380 1814 475 1865 sed
506 1829 659 1867 suam
692 1816 740 1867 ei
777 1818 1206 1872 communionem
1231 1831 1538 1874 constanter
1569 1835 1733 1889 nega-
1769 1791 1809 1849 Β

134 1902 233 1961 vit,
262 1912 320 1953 ut
351 1902 470 1970 ipse
504 1917 691 1957 narrat
727 1906 778 1958 iu
806 1909 963 1974 epist.
993 1909 1115 1963 1'28.
1143 1909 1259 1963 Non
1301 1911 1469 1964 multo
1493 1921 1610 1980 post
1637 1913 1735 1967 hos

135 2002 318 2046 motus
350 1994 420 2046 ad
459 1996 694 2048 tribunal
723 1997 920 2051 Christi
965 2009 1149 2068 raptus
1190 2012 1274 2055 est
1309 2001 1584 2071 Euippius.
1616 2003 1732 2057 .lam

132 2085 284 2135 enim
311 2085 549 2149 obierat,
584 2102 706 2140 cum
749 2089 1016 2143 scriberet
1059 2091 1294 2146 Basilius
1324 2108 1466 2147 anno
1495 2095 1599 2147 575
1625 2096 1734 2163 epi-

133 2175 334 2228 smlam
362 2193 492 2230 mox
519 2179 761 2234 citatam.
789 2180 1251 2247 Quemadmodum
1286 2186 1427 2238 enim
1463 2186 1514 2238 in
1542 2187 1740 2254 episto'

133 2266 204 2322 lis
239 2269 372 2322 anni
397 2269 506 2324 376
537 2286 641 2324 non
675 2274 961 2340 exprobrat
985 2274 1266 2330 Eustathio
1299 2277 1733 2331 communionem

135 2377 264 2414 cum
289 2361 546 2431 Euippio,
580 2365 675 2417 sed
711 2379 836 2418 cum
882 2365 1190 2420 horninibus
1219 2367 1286 2420 ab
1323 2367 1552 2437 Euippio
1583 2370 1733 2423 ordi-

133 2454 304 2516 natis,
330 2455 476 2521 quod
503 2465 823 2525 argumento
860 2464 962 2519 est,
993 2457 1142 2509 illum
1164 2459 1363 2512 obiisse
1388 2477 1402 2522 ;
1437 2461 1510 2513 ita
1540 2461 1589 2513 in
1620 2461 1737 2530 epi-

135 2546 278 2599 stola
311 2546 418 2601 128
439 2562 561 2614 qua:
595 2549 794 2616 scripta
831 2559 912 2603 est
938 2564 1080 2603 auito
1101 2551 1228 2614 575,
1250 2551 1492 2606 declarat
1526 2567 1585 2606 se
1626 2569 1738 2607 rem

135 2640 438 2692 absurdam
455 2639 808 2706 facturum,si
835 2652 951 2709 post
981 2653 1224 2709 negatam
1247 2643 1478 2712 Euippio
1507 2659 1742 2699 commu-

136 2729 389 2795 nionem,
411 2745 538 2784 cum
562 2731 868 2785 hominibus
887 2733 1026 2786 idem
1047 2735 1270 2802 Euippio
1293 2737 1668 2799 sentientibus,
1690 2739 1742 2792 id

136 2832 224 2872 est
253 2836 379 2875 cum
399 2822 617 2876 Arianis
645 2839 740 2892 per
765 2824 1121 2890 Eusmtbium,
1148 2827 1240 2895 qui
1269 2829 1473 2882 medius
1499 2843 1619 2882 esse
1635 2829 1743 2882 Ca-

139 2915 384 2970 tholicos
408 2917 553 2970 inter
582 2917 883 2971 etAriauos
919 2917 1147 2983 volebat,
1167 2919 1418 2988 conjungi
1449 2921 1740 2975 videretur.

215 3008 484 3073 Quamvis
519 3006 704 3061 Basilii
755 3024 946 3077 pugna:
980 3025 1102 3063 cum
1153 3012 1362 3080 magnis
1390 3013 1745 3080 potestatibus

142 3114 254 3152 non
290 3098 584 3153 videantur
636 3109 763 3152 ante
808 3115 1046 3154 mensem
1073 3100 1426 3156 Novembrem
1475 3103 1742 3166 evenisse,

142 3194 402 3258 (peregre
435 3190 581 3243 cnim
617 3200 736 3244 erat
777 3189 1004 3246 Basilius
1035 3193 1270 3246 instante
1302 3192 1499 3264 hieme)
1534 3193 1745 3263 Euippii

143 3294 329 3336 tamen
351 3284 626 3336 adventus
661 3285 727 3336 ad
752 3284 900 3336 initia
929 3285 1261 3354 Septembris
1292 3284 1627 3342 referendus.
1659 3287 1750 3340 Di-

141 3376 356 3427 scimus
394 3376 541 3428 enim
566 3391 630 3428 ex
655 3374 916 3441 Gregorio
955 3376 1296 3432 Nazianzeno
1333 3379 1618 3432 haereticos
1657 3379 1749 3432 die

145 3465 289 3519 fesm
314 3464 378 3518 S.
411 3465 726 3534 Eupsychii,
745 3466 834 3533 qui
865 3467 1125 3535 septimus
1155 3477 1269 3520 erat
1298 3467 1670 3535 Septembris,
1695 3467 1748 3520 in

147 3558 370 3611 insidiis
401 3557 691 3611 mlloratos
722 3556 889 3611 fuisse
918 3557 1010 3627 (c),
1056 3575 1404 3628 magnumque
1428 3560 1570 3612 circa
1599 3558 1752 3613 Basi-

145 3652 280 3702 lium
317 3650 588 3703 exstitisse
619 3650 830 3713 bellant,
863 3648 1184 3716 cupientibus
1215 3651 1461 3704 nimirum
1491 3650 1750 3704 hwreticis

145 3742 356 3794 aridam
375 3751 423 3793 et
445 3753 679 3808 apertam
707 3757 878 3794 vocem
905 3759 971 3796 ea:
999 3741 1260 3808 ipsiusmet
1283 3740 1469 3795 Basilii
1503 3758 1592 3795 ore
1614 3743 1752 3794 arri-

146 3850 293 3902 pere,
321 3844 384 3885 ut
431 3834 542 3898 ipse
568 3849 633 3886 ea:
667 3833 904 3886 Ecclesia
935 3833 1302 3902 expelleretur,
1327 3835 1416 3903 qui
1443 3833 1586 3886 solus
1621 3849 1752 3901 pene

148 3927 399 3978 veritatis
427 3924 690 3994 igniculus
727 3925 978 3990 restabat,
1015 3927 1198 3978 vicinis
1232 3925 1469 3979 omnibus
1495 3926 1661 3994 raptis
1691 3941 1753 3978 ac

148 4019 480 4087 subjugatis.
542 4018 664 4071 Hazc
705 4019 916 4071 dicebat
957 4017 1252 4088 Gregorius
1279 4028 1571 4086 antequam
1601 4016 1754 4068 Basi-

149 4109 286 4163 lium
332 4108 624 4178 praefectus
659 4118 1021 4177 Oppugnatum
1059 4110 1326 4171 venisset;
1366 4109 1523 4176 idque
1547 4107 1756 4176 perspi-

149 4201 336 4254 cimus
372 4215 439 4253 ex
483 4200 707 4268 epistola
752 4201 814 4253 Ἠ
846 4200 1052 4264 Basilii,
1086 4200 1137 4252 in
1167 4215 1270 4268 qua
1308 4199 1535 4254 Basilius
1558 4200 1756 4254 litteris

149 4292 413 4360 Gregorii
451 4293 618 4346 modo
670 4292 852 4346 citatis
901 4293 1254 4360 respondens,
1289 4293 1480 4346 invitat
1525 4301 1754 4356 eum,ut

147 4385 259 4437 sibi
297 4383 449 4437 adsit
481 4383 550 4436 ad
601 4385 932 4452 propositum
973 4393 1274 4448 certamen,
1309 4397 1475 4452 seque
1521 4383 1755 4450 ignaviae

1835 553 1960 598 ante
2008 544 2247 598 haeretici
2305 546 2674 614 exploratores
2729 544 2996 604 venirent,
3029 558 3134 597 non
3186 544 3414 598 obscura

1835 646 1918 689 est
1943 636 2100 688 ratio.
2134 635 2268 690 Cum
2303 652 2511 691 summa
2533 647 2680 690 esset
2707 633 2826 689 festi
2867 633 2925 686 S.
2955 633 3236 704 Eupsychii
3273 634 3416 689 cele-

1835 725 2026 786 britas,
2058 739 2123 778 ac
2154 741 2342 794 magna
2373 726 2648 779 hominum
2685 724 2982 791 frequentia
3019 738 3048 776 e
3089 723 3285 778 vicinis
3331 740 3416 779 re-

1835 819 2084 888 gionibus
2109 818 2378 872 confluere
2398 816 2701 870 Caesaream
2747 817 2811 867 ad
2847 816 2987 868 hunc
3018 815 3157 867 diem
3184 815 3412 878 soleret;

1835 911 2248 980 praeclarissima
2279 919 2397 963 erat
2421 910 2638 963 occasio
2667 907 2985 960 observandi
3005 905 3221 972 Basilii;
3252 921 3411 974 quam

1837 1002 2050 1071 quidem
2094 1017 2196 1053 non
2235 1001 2334 1053 hoc
2364 1007 2572 1052 tantum
2603 1014 2743 1051 anno
2776 997 3118 1063 arripuerunt
3153 995 3414 1058 haeretici,

1837 1092 1932 1146 sed
1961 1092 2124 1144 etiam
2150 1105 2292 1144 anno
2324 1090 2428 1144 574
2457 1107 2469 1142 :
2503 1099 2660 1156 atque
2697 1089 2834 1140 haud
2871 1089 2981 1140 scio
3008 1102 3072 1137 an
3095 1086 3256 1139 etiam
3287 1085 3414 1148 575,

1838 1193 1895 1236 ut
1916 1183 2056 1237 infra
2088 1183 2327 1236 dicemus
2363 1182 2416 1234 in
2451 1183 2627 1248 capite
2657 1180 2949 1232 tricesimo.
2982 1177 3134 1243 Quod
3159 1176 3204 1230 si
3242 1176 3416 1230 luere-

1840 1275 1930 1328 tici
1973 1290 2117 1328 anno
2173 1274 2299 1341 ⁸574,
2331 1290 2439 1343 quo
2492 1273 2692 1326 Valens
2727 1273 2778 1324 in
2818 1269 3036 1325 Oriente
3077 1269 3413 1334 versabatur,

1837 1367 2136 1422 Caesaream
2173 1366 2239 1418 ad
2291 1367 2433 1419 diem
2488 1365 2683 1419 festum
2710 1363 2766 1416 S.
2803 1359 3091 1430 Eupsyrhii
3128 1370 3412 1427 venerunt,

1839 1470 1896 1513 ut
1923 1458 2180 1513 Basilium
2220 1460 2596 1521 observarent,
2641 1456 2812 1510 multo
2862 1455 2910 1507 id
2947 1457 3122 1510 minus
3165 1457 3416 1510 omittere

1841 1551 1941 1605 hoc
1965 1562 2107 1603 anno
2134 1548 2231 1602 571
2283 1547 2605 1610 debuerunt,
2655 1561 2775 1598 cum
2823 1544 3002 1597 Basilii
3053 1546 3338 1599 accusandi
3363 1554 3418 1599 et

1837 1641 2082 1708 ejicieudi
2109 1641 2316 1708 cepiam
2347 1642 2500 1693 daret
2544 1639 2882 1707 imperatoris
2909 1639 2959 1691 in
2985 1638 3211 1692 finitima
3236 1637 3415 1708 aliqua

1840 1734 2061 1802 regione
2084 1729 2474 1786 commorantis
2505 1728 2774 1782 vicinitas.

1913 1824 1976 1878 ll.
2013 1825 2280 1890 Denegala
2321 1821 2544 1891 Euippio
2571 1820 2795 1889 ejusque
2821 1819 3084 1876 similibus
3109 1819 3418 1875 communio

1843 1916 2180 1970 stomachum
2213 1915 2434 1968 lueresis
2465 1914 2707 1982 patronis
2741 1913 2923 1966 facere
2949 1913 3150 1967 debuit.
3183 1912 3287 1966 Sed
3335 1920 3419 1966 ta-

1843 2024 1964 2062 men
1997 2009 2225 2076 spatium
2262 2008 2479 2062 interim
2521 2007 2708 2060 habuit
2743 2006 2974 2060 Basilius
3006 2005 3214 2059 itineris
3246 2005 3416 2058 alicu-

1837 2100 1926 2170 jus
1954 2100 2288 2163 conftciendi,
2323 2116 2389 2154 ex
2435 2115 2542 2168 quo
2585 2115 2706 2154 eum
2749 2100 2929 2152 aﬂlicti
2979 2099 3150 2161 cives,
3177 2106 3419 2167 utsupra

1844 2194 2095 2258 diximus,
2135 2195 2367 2247 instante
2403 2193 2578 2246 hieme
2613 2192 2938 2260 perlitteras
2968 2201 3294 2246 revocarunt
3318 2189 3418 2260 (ά).

1847 2285 1961 2341 Non
1989 2287 2158 2341 multo
2181 2296 2301 2355 post
2333 2287 2511 2354 erupit
2553 2285 2605 2338 in
2642 2285 2898 2338 Basiliam
2936 2285 3262 2353 persecutio.
3298 2283 3414 2337 Non

1845 2395 1954 2432 uno
1979 2391 2153 2435 autem
2210 2379 2592 2447 impugnarunt
2626 2378 2807 2438 modo,
2853 2390 3030 2444 neque
3070 2389 3172 2428 una
3210 2389 3426 2444 aggres-

1846 2472 2016 2525 sione.
2042 2471 2278 2524 Adhibiti
2335 2470 2589 2533 insultus,
2646 2469 3065 2538 pollicitationes
3127 2475 3182 2520 et
3236 2466 3416 2520 minae.

1847 2562 1992 2618 Missi
2023 2578 2087 2616 ex
2117 2561 2358 2627 judicum
2396 2561 2604 2624 ordine,
2637 2575 2704 2613 ex
2753 2558 2994 2623 militari,
3044 2572 3110 2611 ex
3159 2571 3424 2627 gyntecae

1847 2657 2008 2725 etiam
2031 2654 2288 2714 eunuchi.
2323 2653 2414 2721 qni
2448 2669 2570 2706 eum
2604 2652 2822 2706 flectere
2851 2660 3194 2705 conarentur.
3228 2647 3422 2703 Missus

1848 2747 2014 2800 etiam
2067 2744 2154 2797 ille
2199 2744 2577 2806 Nabuzardan,
2627 2757 2920 2810 coquorum
2961 2741 3304 2810 prtepositus,
3332 2754 3423 2792 ar-

1851 2838 1918 2890 tis
1950 2850 2060 2889 suze
2097 2834 2304 2904 gladios
2343 2833 2618 2886 minitans.
2669 2831 2773 2892 Sed
2804 2831 2909 2884 duo
2939 2830 3206 2899 praecipue
3249 2838 3424 2882 certa-

1850 2927 1997 2981 mina
2031 2933 2424 2990 memorantur,
2455 2938 2685 2991 quorum
2719 2922 2949 2975 alterum
2981 2936 3010 2974 a
3039 2920 3298 2989 Gregorio
3322 2917 3428 2972 Na-

1852 3021 2111 3073 zianzeno
2155 3017 2407 3080 refertur,
2445 3027 2735 3084 utrumque
2771 3031 2801 3068 a
2848 3013 3114 3083 Nysseno.
3151 3010 3242 3067 Sic
3267 3012 3432 3081 igitur

1851 3124 1918 3164 ex
1951 3107 2192 3178 Nysseno
2219 3116 2366 3174 gesta
2393 3121 2479 3161 res
2497 3114 2577 3160 est

1922 3199 1992 3270 (e)
2021 3200 2282 3252 Auctores
2334 3197 2579 3250 nonnulli
2633 3204 2792 3251 erant
2852 3193 3068 3258 Basilio,
3098 3200 3157 3245 ut
3197 3190 3426 3260 tempori

1849 3291 2027 3360 potius
2057 3289 2292 3352 cederet,
2317 3304 2477 3356 quam
2521 3303 2642 3342 cum
2689 3286 3010 3340 adversariis
3053 3294 3160 3338 tam
3189 3281 3429 3337 cruentis

1851 3380 2273 3436 conﬂictaretur.
2293 3379 2398 3434 Sed
2428 3379 2689 3448 ejusmodi
2725 3377 3070 3432 consiliorum
3105 3375 3280 3428 inanis
3301 3385 3432 3440 ope-

1863 3485 1942 3523 ra.
1985 3469 2220 3524 Vocatus
2251 3485 2278 3521 a
2311 3467 2563 3536 praefecto
2594 3467 2842 3530 Basilius,
2863 3466 3026 3520 veluti
3052 3464 3288 3518 medicus
3309 3461 3432 3530 qui-

1852 3561 1973 3616 dam
1993 3571 2046 3615 et
2061 3559 2401 3614 consiliarius
2423 3559 2587 3614 venit.
2613 3557 2808 3612 Partim
2829 3557 3212 3617 blandientem,
3232 3557 3436 3622 partim

1861 3652 2158 3705 minantem
2187 3658 2390 3712 monet,
2419 3650 2561 3704 utob
2583 3650 2854 3718 praeterita
2879 3645 3248 3716 pmnitentiam
3271 3652 3430 3712 agat,

1853 3758 1919 3796 ac
1941 3741 2192 3809 deinceps
2214 3743 2531 3809 sanguinem
2567 3755 2844 3794 servorum
2885 3739 2973 3793 Dei
3014 3739 3166 3793 sitire
3198 3737 3430 3790 desinat.

1854 3830 1998 3885 Nihil
2022 3831 2166 3886 enim
2205 3830 2350 3883 illum
2383 3844 2541 3899 posse
2564 3831 2616 3882 in
2649 3845 2743 3883 eos
2771 3829 2860 3897 qui
2891 3829 3062 3883 solum
3090 3827 3182 3882 Dei
3207 3840 3432 3895 regnum

1854 3902 2134 3990 appetunt;
2171 3919 2290 3976 Non
2320 3918 2438 3974 laedi
2475 3920 2736 3974 bonorum
2765 3919 3130 3988 publicatione
3171 3933 3317 3982 cum,
3345 3915 3432 3970 cui

1853 4010 1988 4066 ﬁdes
2011 4013 2122 4066 sola
2153 4010 2419 4080 possessio
2437 4018 2520 4063 est
2546 4025 2562 4074 ;
2591 4023 2696 4062 non
2729 4008 2919 4062 exsilio
2951 4005 3165 4071 terreri,
3195 4004 3286 4074 qui
3311 4004 3438 4057 uni-

1854 4116 2066 4155 versam
2087 4109 2288 4154 terram
2317 4100 2504 4154 eadem
2530 4098 2694 4152 animi
2724 4098 2994 4152 sententia
3012 4095 3206 4158 calcat,
3230 4108 3294 4148 ac
3314 4106 3435 4148 eam

1855 4194 2051 4262 partim
2098 4193 2327 4246 alienam
2402 4191 2710 4254 existimat.
2770 4191 2840 4244 ob
2905 4190 3122 4243 brevem
3191 4183 3434 4242 coturno.

1857 4285 2145 4349 rationem,
2175 4284 2373 4352 partim
2410 4284 2705 4352 propriam,
2735 4281 2859 4349 quia
2882 4279 3061 4334 omnia
3090 4278 3198 4333 Deo
3230 4276 3438 4346 pariter

1858 4377 2120 4432 serviunt.
2173 4375 2366 4444 Plagas
2403 4383 2580 4428 autem
2629 4384 2686 4426 et
2719 4373 2929 4426 labores
2958 4387 3022 4425 ac
3071 4379 3297 4425 mortem
3335 4380 3437 4436 pro

148 4483 352 4530 notam
383 4489 414 4527 a
457 4475 729 4529 nonnullis
761 4475 1075 4529 hominibus
1130 4475 1364 4529 inustam
1415 4474 1757 4544 propulsalu—
1788 4492 1833 4546 Β
1860 4464 2090 4518 veritate
2120 4465 2349 4533 perpeti.
2385 4479 2452 4518 ne
2487 4462 2804 4517 mulieribus
2827 4461 3044 4531 quidem
3085 4457 3324 4513 terribile
3352 4456 3433 4509 Vi-

148 4581 280 4622 rum
309 4574 524 4634 sperat,
561 4581 683 4620 cum
714 4567 984 4636 pugnandi
1033 4575 1246 4636 tempus
1278 4565 1473 4620 aderit.

225 4658 568 4713 Hmreticum
602 4673 792 4727 agmen
831 4659 1131 4712 Caesaream
1169 4667 1300 4713 aute
1319 4657 1630 4727 praefectum
1661 4670 1755 4711 ve-

153 4749 318 4804 nisse
352 4749 550 4817 probat
586 4751 750 4803 etiam
801 4749 987 4804 Basilii
1035 4749 1260 4817 epistola
1297 4749 1364 4804 69
1395 4749 1461 4802 ad
1501 4748 1558 4802 S.
1588 4747 1754 4803 Mele-

149 4840 323 4903 tium,
362 4838 419 4891 in
459 4853 564 4906 qua
598 4839 677 4894 sic
726 4839 1004 4907 loquitur:
1047 4839 1152 4892 Hic
1199 4850 1406 4906 autem,
1438 4839 1631 4907 inquit,
1673 4856 1756 4894 res

149 4930 386 4982 incerte
413 4931 588 4982 adhuc
621 4939 669 4984 et
693 4931 889 4992 dubiw,
913 4948 1030 4984 cum
1062 4931 1319 5000 Euippius
1340 4932 1620 4998 jadvenerit
1639 4933 1756 5001 qui-

151 5023 307 5083 dem,
349 5021 444 5074 sed
478 5022 710 5074 nondum
732 5023 1017 5094 quidquam
1059 5025 1421 5076 declaraverit.
1479 5021 1758 5077 Minantur

151 5113 383 5178 quidem
407 5123 456 5165 et
485 5129 795 5166 concursum
823 5116 1100 5183 quemdam
1128 5130 1330 5178 eorum,
1369 5115 1456 5182 qui
1485 5114 1667 5166 eadem
1690 5130 1752 5166 ac

153 5205 246 5257 illi
264 5206 530 5267 sentiunl,
562 5220 628 5258 ea:
649 5205 895 5259 Armenia
930 5204 1193 5273 Tetrapoli
1217 5216 1264 5259 et
1285 5221 1350 5259 ea:
1377 5204 1589 5259 Cilicia.
1613 5204 1754 5260 Non-

155 5297 294 5349 dum
329 5310 469 5364 ergo
503 5294 786 5364 praefectus
818 5306 872 5351 et
914 5297 1031 5350 alia:
1069 5306 1362 5366 potestates
1387 5297 1749 5352 advenerant:

156 5382 276 5437 imo
301 5398 372 5438 ne
391 5385 847 5452 exspectabantur
875 5385 1110 5454 quidem,
1127 5385 1317 5440 saltem
1337 5395 1443 5442 tam
1466 5389 1608 5454 cito;
1639 5387 1750 5442 sola

230 5585 318 5654 (ι)
359 5582 456 5654 Ep.
481 5581 608 5654 27514,
637 5600 690 5637 n.
723 5583 759 5636 2
785 5593 836 5639 et
859 5586 913 5640 5.

236 5652 320 5723 (b)
360 5653 458 5722 Ep.
491 5652 697 5723 244,}.
728 5655 802 5720 ις
833 5671 918 5723 cp.
953 5655 1078 5723 251,
1098 5673 1152 5712 n.
1185 5655 1242 5723 2,
1266 5655 1323 5712 ’5.

239 5728 321 5785 lc)
361 5725 460 5791 lup.
486 5723 575 5778 26.
614 5722 742 5780 Vide
765 5722 904 5780 orat.
925 5727 1015 5780 20.

1861 4558 2000 4623 deri,
2032 4557 2126 4611 sed
2157 4557 2408 4611 omnibus
2435 4554 2762 4610 Christianis
2785 4554 2886 4608 hoc
2913 4567 3180 4608 summum
3205 4549 3435 4604 felicita-

1862 4649 1934 4706 tis
1964 4663 2108 4713 esse,
2145 4651 2190 4703 si
2228 4647 2354 4717 quid
2401 4664 2500 4717 pro
2550 4648 2652 4703 hac
2708 4661 2802 4716 spe
2851 4645 3226 4714 gravissimum
3263 4641 3436 4712 pet-fe.

1861 4752 2006 4797 rant.
2043 4741 2224 4796 Basilii
2253 4740 2555 4795 constantia
2593 4739 2652 4793 fit
2681 4739 2948 4808 quaedam,
2983 4736 3129 4792 velut
3158 4737 3210 4789 in
3251 4749 3434 4797 scena,

1860 4847 2214 4904 personarum
2267 4831 2596 4896 immutatio,
2635 4845 2699 4886 ac
2741 4831 3031 4884 mitescens
3059 4827 3342 4896 praefectus
3367 4824 3436 4879 ad

1860 4924 2241 4980 blandiendum
2267 4934 2323 4978 et
2371 4923 2756 4978 assentandum
2799 4922 3150 4978 convertitur.
3178 4921 3438 4974 Basiliam

1861 5026 2038 5087 rogat,
2077 5026 2137 5071 ut
2166 5032 2234 5072 ne
2267 5018 2478 5072 modica
2509 5017 2582 5070 illi
2618 5027 2672 5070 et
2713 5016 3107 5071 contemnenda
3139 5030 3224 5069 res
3256 5015 3437 5068 videa-

1862 5118 1970 5172 tur,
2005 5123 2260 5178 maguum
2313 5124 2500 5179 regem
2555 5109 2694 5177 plebi
2728 5123 2838 5164 suae
2867 5107 3183 5178 permistum
3215 5105 3438 5166 habere,

1861 5201 2086 5272 ejusque
2130 5201 2445 5271 magistrum
2478 5201 2592 5254 ﬁeri
2617 5217 2634 5268 ;
2663 5209 2718 5254 et
2750 5215 2869 5254 cum
2899 5199 3003 5252 hoc
3038 5197 3289 5266 consequi
3315 5210 3438 5264 pos-

1858 5294 1932 5348 sit
1965 5292 2078 5349 sola
2111 5293 2590 5349 consubstantialis
2619 5309 2752 5349 voce
2788 5310 2851 5349 es
2889 5290 3131 5362 symbolo
3173 5291 3434 5351 detracta,

1859 5386 2003 5456 quod
2032 5402 2197 5443 unum
2227 5392 2460 5458 postulat
2487 5388 2815 5460 imperator,
2844 5386 3066 5441 minime
3110 5391 3295 5440 contra
3323 5380 3444 5451 ejus

1932 5583 2009 5724 εἰ)
2050 5584 2179 5639 Naz.
2209 5585 2336 5640 ibid.

1985 5660 2004 5724 )
2046 5671 2060 5708 ι
2090 5654 2314 5711 Eunoni.

1985 5654 2004 5727 )
2046 5671 2060 5708 ι
2090 5654 2314 5711 Eunoni.
