3820 6210
445 321 659 365 LIX?!“

1811 310 2352 370 PROLEGOMENA.

442 430 779 484 voluntatem
830 430 1031 485 veniat.
1081 432 1165 487 Ad
1201 433 1317 490 haec
1355 434 1607 501 Basilius,
1647 450 1903 507 magnum
1931 436 2034 491 sibi
2062 440 2111 495 Α
2136 437 2286 492 illum
2316 439 2632 507 compellans
2667 440 2923 510 (nondum
2954 440 3093 493 enim
3132 453 3248 492 eum
3279 436 3580 505 episcopum
3615 454 3709 490 no-

442 530 499 573 et
536 521 926 588 peroptandnm
988 523 1183 588 videri,
1220 534 1279 579 ut
1314 526 1610 595 imperator
1658 528 1918 583 Ecclesiae
1958 529 2032 584 sit

444 612 758 679 particeps:
797 628 1047 679 magnum
1104 617 1248 670 enim
1306 619 1561 686 quiddam
1609 622 1730 673 ettse
1789 620 2027 674 animam

442 698 677 763 salvare,
716 717 821 755 non
858 704 1014 758 modo
1043 704 1408 774 imperatoris,
1431 711 1526 762 sed
1550 711 1711 764 etiam
1741 709 2030 778 cujuslibet

439 785 696 846 hominis.
725 791 829 847 Sed
864 803 1070 849 tantum
1109 798 1321 863 abesse,
1352 812 1411 854 ut
1436 800 1574 854 'lidei
1604 801 1848 857 formulae
1874 805 2029 872 quid-

439 896 603 950 quam
629 883 827 938 addere
877 887 1006 940 velit
1060 900 1154 943 aut
1184 890 1489 954 detrahere,
1531 902 1590 945 ut
1619 908 1687 949 ne
1714 893 1889 964 ipsum
1913 896 2028 964 qui--

442 974 561 1027 dem
606 976 847 1031 ordinem
893 994 1082 1034 eorum
1143 998 1262 1050 qua:
1301 985 1501 1054 scripta
1554 995 1697 1047 sunt,
1752 982 2025 1041 immutari

440 1067 701 1135 patiatur.
738 1068 1436 1147 NarratdeindeNyssenus
1460 1077 1602 1131 aliud
1632 1078 1810 1132 Basilii
1852 1090 2028 1133 certa-

440 1175 564 1214 men
609 1176 731 1215 cum
792 1178 1089 1234 coquorum
1154 1169 1442 1237 praeposito
1486 1169 1864 1235 Demosthene,
1909 1172 2023 1240 qui,

440 1262 660 1321 accepta
689 1271 717 1308 a
743 1254 969 1312 Valente
1003 1260 1102 1313 hac
1127 1260 1424 1328 provincia,
1445 1261 1705 1316 Basiliam
1732 1263 2026 1318 vehemen-

440 1345 549 1399 tius
596 1361 885 1417 aggressus
922 1361 1036 1415 est,
1094 1363 1357 1421 pra-sonte
1397 1369 1586 1409 rursus
1625 1354 1898 1423 prtefecto,
1930 1355 2022 1410 sed

440 1435 609 1491 nihilo
650 1440 821 1507 magis
866 1445 1154 1510 promovit.
1203 1444 1405 1500 Aderat
1441 1446 1568 1500 huic
1609 1448 1892 1500 certamini
1923 1449 2024 1501 im-

438 1528 561 1597 pius
604 1531 822 1599 quidam
862 1550 928 1589 ex
983 1535 1224 1605 Illyrico,
1259 1553 1419 1604 quem
1475 1537 1751 1592 Valentem
1805 1539 2020 1593 Mursize

439 1634 561 1674 esse
612 1624 919 1691 suspicatur
965 1627 1357 1684 Tillemontius.
1392 1629 1505 1684 Non
1561 1633 1680 1685 sine
1737 1632 1920 1701 lepore
1949 1634 2025 1687 ait

440 1708 815 1770 Nazianzenus
833 1715 909 1787 (a)
943 1718 1085 1772 hunc
1124 1720 1556 1788 Demosthenem,
1588 1739 1709 1778 cum
1739 1726 1872 1780 artis
1912 1741 2022 1780 suae

435 1801 645 1869 gladios
664 1805 978 1871 minaretur,
997 1825 1025 1862 a
1052 1809 1248 1868 Basilio
1270 1813 1335 1868 ad
1365 1814 1542 1883 ignem
1568 1814 1670 1884 ipsi
1697 1814 2021 1870 convenien-

441 1901 546 1946 tem
577 1897 952 1951 transmissum
985 1899 1168 1955 fuisse.

509 1984 661 2040 Nunc
711 1990 866 2044 nobis
911 1992 1210 2049 audiendus
1274 1994 1568 2067 Gregorius
1630 1998 2019 2064 Nazianzenus,

437 2076 529 2144 qni
558 2078 810 2134 omnibus
835 2083 996 2136 rebus
1015 2086 1179 2152 gestis
1198 2087 1437 2141 interfuit
1454 2088 1552 2159 (b).
1574 2088 1768 2144 Narrat
1793 2092 1904 2160 ipse
1928 2093 2021 2146 ad-

438 2168 611 2225 fuisse
638 2186 697 2226 se
725 2182 780 2226 et
807 2174 1062 2239 audiisse,
1100 2193 1220 2231 cum
1251 2178 1482 2234 Basilius
1513 2196 1634 2234 cum
1669 2182 1889 2237 Valente
1920 2185 2021 2239 ite-

437 2276 557 2316 rum
593 2264 644 2316 in
688 2264 971 2320 ecclesiam
1005 2269 1252 2323 veniente
1290 2269 1586 2325 collocutus
1632 2282 1733 2326 est.
1785 2273 1935 2340 Quod
1976 2275 2018 2328 si

438 2352 578 2406 idem
619 2353 707 2408 de.
737 2357 949 2411 caeteris
992 2359 1154 2412 rebus
1200 2375 1304 2413 non
1334 2362 1498 2427 dicit,
1526 2377 1634 2416 non
1666 2364 1867 2419 idcirco
1899 2381 2018 2420 cre-

437 2442 646 2500 dendus
674 2455 755 2500 cst
780 2446 1035 2502 abfuisse.
1068 2448 1202 2503 Nam
1227 2465 1348 2505 cum
1380 2450 1562 2506 Basilii
1592 2468 1872 2509 sermones
1900 2471 2018 2509 cum

437 2533 664 2591 Valente
694 2551 800 2591 non
828 2538 1028 2593 referat
1050 2582 1063 2605 ,
1110 2540 1201 2594 sed
1232 2542 1505 2597 mirabiles
1536 2557 1598 2596 ac
1628 2545 2021 2613 quodammodo

437 2623 650 2681 divinos
696 2625 865 2682 fuisse
898 2638 1167 2684 asseverel
1191 2668 1207 2693 ,
1241 2631 1432 2686 merito
1463 2631 1698 2686 adfuisse
1726 2648 1783 2688 se
1816 2644 2018 2701 monet,

436 2717 826 2772 uttestimonio
847 2720 1014 2773 robur
1042 2719 1226 2773 addat.
1267 2727 1339 2776 At
1379 2721 1568 2776 eadem
1609 2724 1790 2778 cantio
1834 2741 2021 2781 ncces-

436 2806 581 2859 saria
619 2822 727 2861 non
776 2807 879 2862 fuit
920 2810 971 2863 in
1021 2811 1320 2867 referendis
1366 2811 1551 2868 Basilii
1598 2829 1719 2869 cum
1767 2816 2020 2883 praefecto

436 2897 799 2953 sermonibus.
843 2886 1044 2965 Quare'
1084 2917 1205 2956 cum
1249 2901 1542 2973 Gregorius
1582 2906 1923 2972 promisisset
1962 2922 2020 2962 se

433 3004 745 3057 venturum,
776 3009 882 3048 non
909 2994 1066 3049 video
1086 3012 1186 3051 cnr
1214 2999 1398 3052 statim
1431 3015 1536 3053 non
1570 3002 1795 3055 venerit.
1840 3001 2019 3058 Moras

435 3084 511 3139 illi
540 3086 785 3140 morbum
832 3088 1022 3142 matris
1049 3088 1296 3145 attulisse
1333 3100 1483 3157 putat
1523 3091 1929 3160 Tillemontius,
1966 3107 2020 3149 et

433 3176 501 3230 ad
534 3177 584 3230 id
617 3184 826 3247 tempus
856 3178 1025 3233 refert
1047 3190 1295 3248 quartam
1326 3182 1468 3238 illius
1489 3183 1797 3251 epistolam,
1830 3185 1882 3238 in
1912 3200 2017 3255 qua

435 3269 580 3323 hunc
609 3270 799 3324 matris
832 3270 1077 3346 mqrbum
1106 3283 1349 3338 excusat,
1377 3289 1474 3329 cur
1498 3291 1527 3330 a
1562 3275 1767 3332 Basilio
1799 3288 2020 3333 voratus

436 3374 542 3413 non
572 3369 844 3414 occurrat.
878 3358 984 3415 Sed
1015 3361 1166 3417 valde
1195 3364 1385 3419 dubito
1436 3381 1502 3419 an
1539 3366 1665 3421 huic
1704 3366 1887 3421 Basilii
1934 3371 2018 3423 vel

435 3451 614 3517 potius
658 3450 910 3505 Ecclesiae
946 3455 1171 3521 tempori
1218 3456 1463 3511 morbum
1515 3460 1705 3513 matris
1753 3461 2021 3529 prtetulis-

435 3549 537 3597 set.
591 3541 859 3597 Praeterea
914 3545 1050 3599 nihil
1083 3547 1247 3600 habet
1274 3548 1388 3602 lucc
1413 3549 1640 3617 cpistola
1666 3551 1732 3604 de
1762 3552 2019 3618 gravissi-

435 3637 539 3685 mis
566 3634 815 3689 veniendi
862 3636 1071 3702 causis,
1127 3637 1260 3691 nihil
1306 3638 1372 3692 de
1409 3640 1690 3709 promissis
1728 3641 2016 3712 Gregorii:

437 3726 534 3779 sed
568 3741 822 3795 magnum
873 3727 1147 3797 significat
1179 3729 1394 3783 videndi
1444 3729 1626 3785 Basilii
1672 3733 2015 3797 desiderium,

436 3817 523 3869 cui
557 3817 960 3872 satisfacturum
995 3833 1054 3874 se
1089 3819 1240 3887 dicit,
1271 3821 1313 3875 si
1348 3821 1531 3875 Basilii
1570 3823 1822 3893 precibus
1852 3833 2022 3879 mater

437 3916 678 3961 sanetur.
710 3907 887 3974 Quare
916 3909 1030 3963 hinc
1059 3909 1283 3980 epistola
1313 3910 1380 3964 ad
1427 3911 1569 3965 aliud
1598 3920 1808 3982 tempus
1851 3915 2019 3982 perti-

438 4007 553 4062 net,
591 4007 644 4051 ct
689 4013 808 4068 qua:
833 3998 1128 4068 Gregorius
1161 4000 1347 4067 refert,
1390 4015 1453 4055 ea
1490 4002 1710 4057 auribus
1740 4005 1853 4056 suis
1885 4005 2020 4057 hau-

437 4090 575 4144 sisse
603 4092 903 4145 censendus
943 4101 1046 4146 est.
1080 4092 1286 4146 Idcirco
1336 4091 1605 4161 prolixum
1650 4108 1713 4147 ex
1753 4094 1868 4164 ejus
1898 4110 2021 4149 ora-

438 4182 584 4234 tione
613 4182 863 4236 vicesima
894 4181 1067 4237 locum
1091 4182 1180 4237 hic
1204 4198 1533 4253 apponemus
1559 4200 1572 4235 :
1597 4184 1760 4238 Επιιί
1784 4186 2015 4250 tandem,

435 4274 630 4342 inquit,
670 4275 966 4343 incognitus
1000 4274 1090 4328 ille
1142 4284 1240 4340 est,
1298 4276 1389 4344 qui
1433 4284 1542 4328 tum
1577 4276 1717 4343 apud
1766 4293 1858 4329 nos
1883 4293 2020 4343 prta»

436 4366 557 4433 fecti
590 4383 802 4420 munere
827 4367 1162 4436 fungebatur,
1210 4384 1326 4421 cum
1363 4377 1546 4437 suapte
1574 4369 1801 4422 audacia
1831 4368 2015 4422 adver-

2133 542 2255 580 care
2301 528 2641 599 dignabatur)
2674 539 2733 582 ut
2767 538 2916 583 tanto
2969 529 3273 597 imperatori
3309 529 3562 583 obsistere
3611 547 3711 582 au-

2131 615 2277 680 deas,
2306 622 2549 687 solusque
2565 619 2798 673 omnium
2822 620 3198 673 contumaciter
3226 629 3275 673 te
3307 621 3501 689 geras?
3531 618 3713 683 Quor-

2131 722 2267 771 sum,
2303 710 2570 776 respondit
2601 709 2864 775 Basilius,
2899 712 3011 765 haec
3034 713 3204 764 oratio
3241 720 3460 776 spectat,
3481 721 3530 764 et
3563 727 3712 775 quar-

2131 813 2253 850 nam
2301 798 2413 852 haec
2453 803 2789 854 contumacia
2839 811 2888 855 et
2916 803 3264 869 arrogantia?
3296 803 3529 856 nondum
3568 805 3709 855 enim

2129 889 2184 941 id
2209 891 2339 943 satis
2374 892 2631 962 intelligo.
2676 893 2972 961 Quoniam,
3014 894 3181 961 inquit
3215 894 3331 959 ille,
3370 895 3710 961 imperatoris

2131 980 2431 1050 religionem
2466 983 2682 1036 minime
2720 984 2872 1050 colis,
2906 986 3146 1039 omnibus
3185 985 3308 1039 aliis
3332 987 3450 1054 jam
3480 985 3690 1039 inclina

2128 1073 2194 1126 tis
2226 1089 2288 1125 ac
2313 1075 2592 1136 superatis.
2623 1073 2745 1128 Non
2769 1077 2931 1142 enim,
2960 1077 3130 1145 inquit
3160 1076 3413 1141 Basilius,
3447 1077 3563 1130 htcc
3594 1077 3707 1128 t'ltll

2128 1165 2413 1232 imperator
2461 1182 2606 1219 meus
2660 1182 2679 1221 :
2730 1182 2820 1219 nec
2856 1182 2964 1219 rem
2996 1167 3169 1220 ullam
3203 1176 3434 1221 creatam
3477 1168 3711 1220 adorare

2126 1257 2381 1319 sustineo,
2405 1273 2521 1309 cum
2545 1270 2592 1311 et
2618 1261 2725 1327 ipse
2753 1276 2785 1311 a
2812 1258 2918 1312 Deo
2939 1268 3148 1312 creatus
3189 1260 3285 1312 sim
3304 1299 3321 1324 ,
3344 1270 3389 1313 et
3423 1261 3553 1313 deus
3592 1275 3713 1313 esse

2118 1350 2329 1420 jubear.
2363 1351 2475 1405 Nos
2507 1368 2646 1419 vero,
2673 1354 2840 1422 inquit
2876 1353 2985 1415 ille,
3018 1354 3145 1423 quid
3177 1355 3383 1407 tandem
3423 1355 3520 1406 tibi
3562 1354 3713 1407 vide-

2126 1443 2283 1495 mur?
2315 1442 2469 1496 Nihil
2503 1460 2651 1509 sane,
2699 1444 2864 1514 inquit
2895 1443 3155 1505 Basilius,
3189 1445 3311 1497 dum
3345 1445 3456 1498 haec
3480 1446 3709 1514 jubetis.

2124 1533 2234 1602 Age
2285 1546 2434 1597 vero,
2480 1535 2648 1602 inquit
2678 1534 2790 1601 ille,
2830 1552 2933 1588 non
2977 1551 3224 1604 magnum
3271 1544 3325 1588 et
3358 1535 3630 1602 honoriﬁci
3658 1553 3710 1589 ru

2122 1625 2392 1679 existimas
2436 1626 2507 1679 ad
2548 1635 2756 1680 nostras
2792 1638 2966 1695 partes
3004 1627 3248 1696 adjungi,
3293 1629 3561 1697 sociosque
3609 1644 3713 1681 nos

2123 1717 2355 1773 habere?
2396 1717 2477 1771 Ad
2519 1716 2631 1771 hac
2685 1715 2916 1770 Basilius
2963 1732 2982 1770 .'
3049 1714 3154 1770 Vos
3211 1718 3418 1785 quidem
3464 1718 3713 1784 praefecti

2122 1810 2268 1874 estis,
2298 1818 2345 1862 et
2382 1810 2593 1877 quidem
2642 1808 2906 1871 illustres,
2960 1822 3065 1860 non
3112 1807 3320 1874 inficias
3376 1823 3458 1871 eo,
3490 1808 3713 1861 minime

2124 1914 2296 1957 tamen
2343 1902 2451 1957 Deo
2496 1903 2908 1971 praestantior“.
2954 1899 3138 1956 Socios
3178 1912 3351 1954 autem
3396 1916 3485 1953 eos
3512 1900 3713 1953 habere

2122 1993 2252 2046 mihi
2287 1992 2496 2061 quidem
2543 1991 2774 2058 amplum
2820 2001 2870 2043 et
2920 1990 3268 2059 honoriﬁcum
3309 1989 3467 2057 fuerit
3495 1990 3714 2059 (quidni

2122 2087 2281 2149 enim,
2313 2100 2430 2137 cum
2463 2085 2562 2152 ipsi
2593 2100 2798 2154 quoque
2837 2083 2931 2137 Dei
2972 2092 3231 2136 creaturi:
3258 2082 3474 2153 sitis?),
3504 2085 3604 2138 sed
3646 2093 3712 2136 ut

2122 2177 2255 2229 alios
2285 2177 2538 2244 quosdam
2571 2190 2635 2227 ea:
2664 2175 2744 2227 his
2766 2212 2783 2240 ,
2811 2175 2901 2241 qui
2932 2173 3079 2227 nobis
3122 2174 3345 2240 subjecti
3387 2185 3531 2227 sunt.
3580 2173 3711 2227 Non

2121 2268 2256 2320 enim
2286 2283 2627 2335 personarum
2658 2265 2953 2334 dignitate,
3002 2266 3093 2319 sed
3131 2266 3236 2333 fide
3281 2266 3713 2319 christianismus

2120 2361 2433 2429 insignitur.
2482 2358 2598 2412 Hac
2637 2358 2877 2411 oratione
2930 2366 3218 2410 commotus
3277 2356 3589 2424 pra’fectus,
3643 2372 3712 2407 ac

2120 2448 2310 2518 majori
2350 2450 2430 2502 ira
2472 2464 2782 2512 succensus,
2831 2448 2896 2500 de
2937 2446 3186 2501 subsellio
3235 2448 3502 2510 surrexit,
3549 2455 3712 2513 atque

2122 2538 2474 2608 asperioribus
2528 2540 2701 2592 verbis
2727 2554 2845 2591 cunt
2893 2554 2955 2591 eo
3002 2553 3157 2606 agere
3209 2538 3457 2603 perrexit.
3518 2534 3714 2601 Quid!

2122 2628 2443 2682 Potestatem
2485 2624 2622 2682 hanc
2666 2645 2768 2681 non
2812 2629 3174 2694 pertimescis?
3215 2625 3326 2680 Cur
3373 2642 3491 2680 vero
3538 2629 3711 2695 perti-

2120 2736 2419 2783 mescerem,
2455 2720 2625 2787 inquit
2671 2718 2949 2774 Basilius?
2981 2718 3121 2783 Quid
3155 2719 3286 2785 fiet?
3320 2719 3447 2788 quid
3481 2718 3712 2787 patiar:

2121 2810 2263 2877 Quid
2292 2811 2505 2880 patieris
2525 2812 2552 2865 1’
2579 2810 2757 2864 intulit
2788 2810 2877 2862 ille
2898 2849 2913 2874 ,
2943 2825 3107 2863 unum
3143 2825 3185 2862 e-
3207 2818 3314 2860 tam
3344 2808 3545 2870 multis,
3577 2824 3704 2877 qua

2119 2920 2248 2958 metu
2282 2912 2401 2957 sunt
2436 2904 2728 2969 potestatis.
2774 2901 3031 2967 Quanam
3073 2901 3184 2955 haec
3198 2900 3516 2969 ?‘subjun:cit
3546 2898 3712 2953 Basi-

2118 2996 2257 3060 lius,
2301 2995 2388 3064 fac
2436 2998 2576 3049 enim
2613 2994 2992 3064 intelligamus.
3028 2991 3325 3058 Bonorum,-
3368 2992 3536 3062 inquit
3590 2991 3707 3055 ille,

2044 3121 2087 3180 α
2119 3087 2550 3156 proscriptionem
2572 3126 2589 3152 ,
2618 3085 2898 3148 exsilium,
2930 3086 3228 3145 cruciatus.
3267 3093 3506 3137 mortem.
3567 3081 3709 3135 Tum

2122 3176 2352 3229 Basilius
2379 3192 2398 3229 :
2423 3174 2482 3229 Si
2514 3176 2640 3245 quid
2668 3176 2814 3228 aliud
2837 3176 3013 3239 habes,
3046 3174 3101 3226 id
3122 3174 3270 3227 nobis
3296 3173 3560 3227 minitare.
3590 3171 3709 3226 He-

2121 3282 2238 3319 rum
2267 3268 2404 3320 enim
2425 3307 2440 3331 ,
2464 3282 2582 3337 quae
2610 3266 2782 3320 adhuc
2808 3266 3225 3320 commemorasti
3245 3305 3260 3327 ,
3305 3264 3435 3319 nihil
3474 3281 3570 3318 nos
3618 3274 3709 3318 at-

2122 3359 2297 3427 tingit.
2329 3356 2570 3423 Quonam
2600 3357 2800 3411 modo?
2841 3357 3011 3426 inquit
3050 3356 3164 3423 ille,
3195 3356 3481 3421 Quoniam,
3530 3357 3707 3425 inquit

2122 3448 2377 3515 Basilius,
2426 3449 2684 3502 bonorum
2728 3449 3100 3518 proscriptioni
3154 3448 3410 3503 obnoxius
3455 3465 3559 3502 non
3597 3462 3706 3513 est,

2119 3543 2213 3609 qui
2238 3540 2366 3594 nihil
2389 3539 2540 3592 habet
2563 3554 2581 3591 :
2615 3540 2714 3592 nisi
2738 3540 2876 3609 forte
2908 3540 3096 3593 laceris
3109 3551 3154 3593 et
3181 3541 3387 3593 detritis
3405 3541 3548 3594 hisce
3565 3556 3707 3609 pan-

2121 3633 2202 3685 nis
2230 3633 2432 3701 indiges
2467 3650 2529 3684 ac
2570 3636 2750 3698 paucis
2788 3632 3002 3695 libellis,
3040 3634 3095 3684 in
3128 3632 3315 3701 quibus
3344 3649 3517 3686 omnes
3567 3635 3706 3685 mihi

2121 3722 2398 3791 facultates
2437 3733 2485 3776 et
2521 3725 2684 3790 capia:
2723 3733 2866 3777 sunt.
2913 3722 3178 3777 Exsilium
3212 3733 3387 3776 autem
3432 3723 3577 3775 haud
3609 3740 3708 3775 co-

2121 3831 2341 3883 gnosco,
2373 3815 2463 3885 qui
2505 3815 2649 3868 nullo
2678 3818 2829 3867 modo
2865 3815 3289 3879 circumscriptus
3327 3830 3441 3867 sum
3463 3853 3479 3877 ,
3509 3831 3577 3866 ac
3606 3830 3709 3867 ne-

2121 3923 2219 3975 que
2247 3919 2438 3960 terram
2472 3908 2629 3971 hanc,
2659 3923 2817 3977 quam
2848 3923 2985 3959 nunc
3015 3906 3210 3971 incolo,
3234 3923 3403 3960 meam
3434 3904 3619 3969 habeo,
3648 3916 3705 3958 et

2120 4013 2233 4051 eam
2260 4014 2485 4060 omnem,
2521 3999 2578 4051 in
2598 4014 2756 4067 quam
2773 3997 3032 4065 projectus
3060 3998 3230 4066 fuero,
3261 4014 3354 4064 pro
3378 4013 3491 4049 mea
3515 3998 3654 4049 duco
3679 4014 3703 4049 :

2121 4086 2260 4151 imo,
2288 4096 2343 4139 ut
2388 4088 2579 4141 rectius
2624 4087 2841 4156 loquar,
2877 4089 3171 4141 universam
3214 4098 3406 4141 terram
3452 4087 3549 4140 Dei
3587 4105 3705 4141 esse

2119 4180 2251 4243 scio,
2282 4179 2431 4245 cujus
2480 4181 2680 4233 advena
2717 4197 2810 4248 ego
2843 4197 2959 4234 sum
2994 4191 3041 4233 et
3071 4183 3391 4249 peregrinus.
3421 4178 3551 4232 Jam
3586 4192 3700 4233 tor.

2121 4280 2297 4324 menta
2322 4272 2449 4341 quid
2484 4273 2719 4339 accipere
2748 4282 2969 4341 queant,
3011 4289 3129 4326 cum
3173 4289 3361 4339 corpus
3395 4273 3548 4337 desit,
3595 4274 3703 4326 nisi

2123 4361 2260 4428 forte
2327 4365 2550 4432 primam
2597 4366 2808 4434 plagam
2856 4366 3098 4419 dixeris:
3155 4366 3311 4427 huius
3363 4365 3497 4418 enim
3532 4369 3701 4420 salius

435 4475 522 4512 sus
555 4475 647 4512 nos
672 4457 964 4525 pra’sertim
993 4460 1355 4528 inflammatus
1390 4462 1533 4527 (nam
1566 4461 1628 4513 ab
1666 4460 1776 4513 illis
1813 4477 2016 4529 quoque
2047 4462 2093 4522 D
2120 4473 2271 4523 penes
2298 4467 2347 4510 te
2383 4457 2667 4510 arbitrium
2704 4469 2751 4510 et
2794 4468 3028 4525 potestas
3057 4465 3155 4513 est.
3191 4457 3335 4511 Mors
3358 4470 3513 4525 porro
3546 4460 3701 4512 bene-

434 4548 698 4611 initiatus,
722 4552 799 4601 vel
820 4548 992 4616 potius
1013 4548 1281 4616 confectus
1312 4547 1531 4618 fuerat),
1571 4558 1680 4603 tum
1713 4552 1868 4603 etiam
1904 4565 2017 4602 am-

433 4637 595 4707 plius,
643 4654 800 4707 quam
861 4654 1064 4692 necesse
1115 4650 1269 4702 esset,
1317 4641 1625 4707 imperatori
1663 4643 2013 4704 subserviens,

434 4739 590 4797 atque
616 4744 680 4781 ea:
717 4745 776 4781 eo
821 4730 960 4795 quod
997 4726 1077 4779 illi
1126 4728 1368 4782 omnibus
1409 4731 1464 4783 in
1499 4729 1651 4784 rebus
1704 4735 2016 4797 obsequere-

433 4827 541 4882 tur,
569 4820 873 4873 diuturnius
910 4820 1186 4886 imperium
1225 4821 1325 4873 sibi
1356 4824 1725 4876 iconservans?
1756 4822 1837 4875 Ad
1879 4824 2017 4877 hunc

433 4911 686 4964 adversus
721 4909 1014 4965 Ecclesium
1041 4910 1344 4979 frementem
1375 4912 1641 4985 (conisque
1661 4916 1881 4982 speciem
1908 4933 2017 4985 prae

437 5018 492 5055 ee
522 5002 791 5070 ferentem,
822 5019 884 5054 ac
929 5001 1092 5055 leonis
1134 5017 1277 5056 more
1313 5004 1601 5070 rugientem
1623 5045 1639 5071 ,
1671 5017 1825 5075 atque
1874 5008 2017 5076 ejus-

443 5093 613 5156 modi,
648 5103 703 5145 ut
746 5110 778 5145 a
819 5092 998 5148 multis
1043 5110 1106 5148 ne
1138 5095 1276 5147 adiri
1296 5094 1504 5163 quidem
1528 5106 1732 5162 posset,
1759 5098 1838 5150 vir
1861 5099 2014 5165 fortis

431 5186 741 5248 adducitur,
773 5186 879 5238 imo
906 5203 1025 5240 vero
1052 5187 1372 5256 ingreditur,
1397 5188 1612 5253 perinde
1639 5204 1701 5241 ac
1743 5188 1791 5241 si
1813 5205 1917 5241 non
1944 5192 2013 5243 ad

428 5272 709 5343 judicium,
746 5278 836 5329 sed
877 5277 945 5328 ad
979 5276 1167 5344 festum
1214 5285 1510 5331 vocaretur.
1549 5277 1791 5341 Quonam
1831 5290 2004 5332 autem

441 5371 617 5433 modo,
654 5370 730 5423 vel
751 5370 981 5439 pra'fecti
1010 5372 1328 5432 audaciam,
1359 5369 1435 5423 vel
1469 5369 1657 5423 Basilii
1685 5372 1923 5424 virtutem
1953 5382 2002 5425 et

436 5460 770 5526 sapientiam,
798 5476 902 5525 qua
939 5460 987 5514 ei
1022 5462 1230 5525 restitit,
1254 5461 1384 5514 satis
1407 5461 1564 5531 digna
1600 5463 1836 5515 oratione
1865 5478 2005 5515 com-

431 5547 673 5616 plectar?
706 5550 839 5615 Qua:
867 5562 955 5606 tua
989 5562 1083 5620 est,
1116 5554 1302 5625 inquit,
1340 5555 1495 5622 ratio,
1523 5554 1648 5610 heus
1688 5566 1771 5621 tu,
1800 5556 2005 5611 nomine

505 5723 581 5795 (a)
612 5725 704 5781 ον.
728 5726 817 5785 eo.

2116 4551 2227 4614 ﬁcii
2259 4551 2389 4603 mihi
2420 4550 2535 4602 loco
2576 4552 2674 4603 erit
2716 4564 2735 4601 :
2767 4551 2921 4603 citius
2953 4551 3093 4604 enim
3117 4566 3197 4603 me
3228 4551 3296 4601 ad
3331 4550 3494 4602 Deum
3519 4563 3701 4602 trans-

2113 4642 2317 4703 mittet,
2353 4641 2441 4692 cui
2476 4641 2620 4704 vivo,
2646 4651 2694 4693 et
2723 4657 2936 4694 munere
2969 4657 3083 4695 meo
3112 4641 3334 4709 fungar,
3359 4641 3701 4709 maximaque

2113 4748 2178 4785 ea:
2224 4743 2372 4800 parte
2400 4742 2617 4785 mortem
2668 4733 2809 4795 obii,
2836 4741 2883 4786 et
2927 4736 2996 4785 ad
3029 4749 3180 4796 quem
3209 4733 3533 4802 jampridem
3571 4750 3700 4801 pro—

2112 4841 2256 4890 pero.
2290 4824 2405 4890 Quo
2441 4841 2678 4879 sermone
2723 4825 3112 4894 obstupefactus
3135 4825 3415 4895 prwfectus
3443 4843 3461 4879 :
3497 4818 3694 4890 Nemo,

2113 4916 2303 4985 inquit,
2326 4933 2406 4969 me
2428 4916 2738 4986 (nomenque
2764 4933 2913 4970 suum
2950 4917 3217 4988 adjunxit)
3254 4920 3321 4971 ad
3354 4919 3494 4971 hunc
3528 4935 3699 4987 usque

2113 5007 2252 5060 diem
2280 5009 2355 5060 ita
2389 5018 2463 5060 est
2497 5008 2791 5073 allocutus,
2825 5025 2917 5061 nec
2952 5011 3072 5075 pari
3116 5009 3394 5063 verborum
3425 5009 3694 5065 libertate.

2116 5099 2301 5169 Neque
2327 5101 2484 5162 enim,
2525 5103 2598 5152 ait
2635 5099 2888 5165 Basilius,
2918 5102 3144 5168 fortasse
3183 5106 3239 5156 in
3281 5104 3581 5170 episcopum
3613 5105 3699 5156 iu—

2112 5192 2309 5245 cidisti.
2353 5190 2563 5261 Alioqui
2599 5193 2697 5245 hoc
2742 5210 2960 5261 prorsus
2999 5196 3155 5248 modo
3199 5195 3566 5258 disseruisset,
3599 5214 3695 5262 pro

2112 5282 2414 5348 huiusmodi
2458 5284 2609 5336 rebus
2648 5284 2703 5334 in
2737 5294 3002 5337 certamen
3041 5285 3270 5338 veniens.
3304 5284 3446 5338 Nam
3486 5290 3694 5340 ueteris

2109 5377 2318 5443 quidem
2344 5376 2398 5429 in
2425 5375 2599 5437 rebus,
2636 5392 2666 5428 ο
2695 5375 2960 5442 prtefecte,
2999 5376 3254 5429 mansueti
3279 5387 3326 5430 et
3373 5377 3576 5444 placidi
3601 5394 3695 5430 su-

2111 5484 2249 5533 mus,
2287 5479 2440 5535 atque
2476 5466 2703 5519 omnium
2735 5466 3089 5535 abjectissimi,
3121 5468 3567 5536 quemadmodum
3595 5471 3693 5523 hoc

2113 5554 2261 5610 nobis
2291 5556 2399 5624 lege
2448 5558 2806 5624 prmscriptum
2843 5567 2949 5623 est,
2978 5573 3039 5611 ac
3076 5574 3188 5612 non.
3224 5557 3397 5612 dicam
3439 5559 3691 5613 adversus

2188 5728 2259 5803 (b)
2289 5726 2425 5786 nua.
