3820 6210
1539 268 1700 325 VITA
1751 266 1807 321 S.
1854 267 2121 328 BASlLlI.

3287 299 3450 340 ιιιικ

173 384 387 430 tantum
418 377 791 446 imperatorem
810 420 824 443 ,
855 382 946 435 sed
985 399 1047 437 ne
1101 385 1348 440 adversus
1380 385 1631 456 plebeium
1657 390 1770 457 qui-
1811 389 1855 445 A
1884 389 2021 443 vela.
2051 391 2260 448 Rursus
2291 392 2384 449 Dei
2414 391 2616 449 athleta
2645 394 2749 448 hoc
2774 396 3010 450 secundo
3037 398 3219 467 proelio
3238 443 3252 466 ,
3287 405 3451 457 etiam

171 470 295 522 dem
325 487 647 540 quemquam
681 483 730 526 et
781 475 951 543 in/imi
992 477 1192 532 ordinis
1239 480 1501 534 hominem
1536 483 1770 548 superci-

168 559 304 612 lium
335 563 658 618 attollimus.
701 563 894 619 Verum
933 569 1024 620 ubi
1059 568 1202 624 Deus
1235 570 1382 624 nobis
1417 574 1768 640 periclitatur,

167 669 235 704 ac
264 655 604 722 proponitur,
643 667 753 711 tum
774 659 983 712 demum
1005 660 1115 715 alia
1147 665 1325 716 omnia
1351 680 1446 732 pro
1484 666 1648 718 nihilo
1671 683 1771 734 pu-

167 752 368 811 tantes,
410 747 583 813 ipsum
616 749 790 802 solum
829 751 1115 806 intuemur.
1163 753 1312 822 Ignis
1349 767 1543 821 autem,
1582 768 1628 811 et
1650 759 1769 828 gla--

164 834 292 887 dius
312 875 329 899 ,
363 847 416 889 et
447 838 627 892 bestia:
647 879 663 906 ,
695 849 745 894 et
779 843 990 910 ungula:
1023 862 1232 900 carnem
1272 847 1561 904 lacerantes
1581 891 1594 914 ,
1625 852 1770 905 volu-

163 928 303 990 ptati
359 929 514 983 nobis
559 947 622 985 ac
673 932 881 988 deliciis
924 938 1097 1002 potius
1139 948 1289 1003 sunt,
1339 957 1498 1009 quam
1557 946 1768 1001 terrori.

162 1018 417 1076 Proinde
438 1025 779 1080 contumeliis
805 1045 899 1082 nos
932 1030 1097 1098 aﬂice,
1122 1033 1466 1099 comminare,
1491 1036 1580 1102 [ac
1609 1038 1768 1106 quid—

160 1114 292 1180 quid
328 1114 672 1182 collibuerit,
721 1129 978 1186 potestate
1026 1131 1116 1175 tua
1170 1123 1345 1190 fruere
1375 1127 1601 1178 :audiat
1656 1128 1768 1182 hazc

161 1206 330 1258 etiam
353 1207 669 1274 imperator,
696 1227 1024 1281 nequaquam
1057 1216 1294 1284 profecto
1319 1234 1414 1271 nos
1441 1219 1615 1285 vinces
1637 1260 1650 1282 ,
1676 1236 1768 1274 nec

159 1299 395 1367 eﬁcies,
436 1310 494 1354 ut
541 1302 718 1371 impia:
765 1303 1021 1358 doctrina:
1063 1309 1422 1361 assentiamur
1461 1325 1480 1363 :
1513 1326 1576 1364 ne
1607 1312 1652 1364 si
1685 1311 1767 1366 his

158 1390 382 1458 quidem
413 1393 680 1446 atrociora
705 1395 982 1448 miniteris.
1019 1394 1152 1449 Haec
1177 1407 1454 1468 postquam
1483 1401 1767 1467 prtefectus

160 1482 325 1544 dixit,
386 1493 543 1552 atque
583 1484 780 1548 audiit,
824 1487 1091 1557 ipsiusque
1151 1489 1532 1544 contentionem
1600 1493 1765 1546 animi

161 1588 280 1625 eam
316 1591 434 1628 esse
454 1579 718 1646 cognovit,
746 1587 806 1631 ut
837 1580 981 1633 nulla
1015 1581 1090 1635 vis
1123 1597 1240 1634 eum
1273 1587 1678 1650 perterrefacere
1703 1601 1766 1638 ac

159 1680 424 1726 superare
471 1677 668 1733 posset,
713 1667 886 1735 ipsum
934 1671 1145 1739 quidem
1193 1671 1338 1739 foras
1388 1675 1567 1739 misit,
1612 1685 1766 1746 atque

1875 482 2071 549 prioris
2102 481 2329 550 gloriam
2381 484 2675 552 superavit.
2725 483 2879 538 Nulla
2922 486 3010 542 hic
3039 496 3180 544 sane
3221 492 3453 560 impera-

1873 573 2008 626 toris
2051 575 2359 640 prazsentite
2396 575 2624 644 insignia
2651 615 2666 638 ,
2720 577 2815 630 sed
2863 578 3123 647 quidquid
3157 584 3452 640 terribilius

1873 663 1991 725 fuit,
2029 663 2082 718 id
2113 666 2177 720 ad
2198 665 2436 734 judicem
2465 667 2630 722 refert
2664 667 2957 737 Gregorius
2984 669 3276 741 Nyssenus.

1943 755 2003 808 2ο
2051 755 2303 810 Testatur
2335 757 2628 826 Gregorius
2673 759 3044 819 Nazianzenus
3074 765 3148 836 (p.
3182 768 3305 839 551)
3341 771 3448 825 Va-

1871 845 2072 900 lentem
2104 847 2422 912 jamdudum
2459 849 2641 905 Basilii
2683 854 2938 908 audiendi
2978 859 3226 926 cupidum
3263 862 3446 927 fuisse,

1869 951 1991 991 cum
2023 938 2075 992 in
2111 939 2398 994 ecclesiam
2425 942 2622 996 iterum
2650 945 2814 1010 venit,
2849 957 2904 1000 et
2937 962 3056 1001 eum
3092 965 3156 1004 eo
3184 951 3324 1006 intra
3359 970 3452 1009 ve-

1871 1028 1981 1082 lum
2013 1029 2310 1084 collocutus
2339 1041 2445 1086 est.
2475 1030 2722 1087 Nondum
2753 1051 2882 1104 ergo
2915 1036 3170 1092 Basiliam
3206 1043 3451 1098 audierat

1869 1112 2254 1180 disserentem,
2289 1132 2352 1172 ac
2397 1117 2623 1186 proinde
2673 1137 2776 1175 non
2820 1124 3070 1180 adfuerat
3109 1143 3230 1181 eum
3271 1128 3450 1183 Mode—

1868 1213 2010 1259 stum
2053 1222 2115 1262 ac
2147 1209 2560 1266 Demosthenem
2591 1212 2821 1268 Basilius
2847 1224 2992 1270 tanta
3024 1220 3190 1273 animi
3232 1221 3451 1275 fortitu-

1867 1293 1994 1347 dine
2041 1299 2338 1364 superavit.
2389 1299 2526 1354 Hinc
2569 1301 2865 1372 Gregorius
2921 1316 3204 1376 postquam
3265 1308 3446 1364 Basilii

1867 1402 1990 1441 cum
2019 1388 2279 1456 przefecto
2315 1391 2553 1461 dialogos
2581 1394 2763 1448 retulit
2787 1436 2801 1461 ,
2831 1400 3024 1452 transit
3053 1401 3120 1455 ad
3156 1415 3216 1454 ea
3238 1417 3358 1471 qua:
3379 1405 3449 1456 ad

1867 1477 2038 1547 ipsum
2064 1479 2430 1546 imperatorem
2451 1484 2754 1552 prolocutus
2782 1496 2879 1543 est.

1937 1569 1993 1623 ’5ο
2042 1569 2238 1624 Narrat
2285 1573 2427 1627 idem
2480 1573 2776 1646 Gregorius
2821 1579 2898 1648 (p.
2945 1579 3070 1653 550)
3123 1580 3446 1648 Modestum,

1867 1676 2028 1730 quam
2081 1663 2367 1718 celerrime
2420 1665 2610 1733 potuit,
2663 1669 2728 1721 ad
2781 1669 3160 1740 imperatorem
3211 1675 3447 1740 venisse,

157 1756 452 1823 ablegavit,
481 1775 585 1811 ηοη
600 1760 721 1829 jam
748 1777 868 1813 cum
902 1763 1089 1816 iisdem
1120 1766 1279 1818 mini,
1301 1805 1316 1829 ,
1343 1769 1434 1819 sed
1475 1785 1590 1822 cum
1627 1787 1761 1839 φιη,
1795 1755 1839 1813 Β
1868 1753 2026 1822 eique
2061 1769 2222 1824 quam
2257 1755 2491 1812 invictus
2524 1767 2668 1814 esset
2705 1777 2768 1816 ac
2798 1763 3180 1830 insuperabilis
3221 1765 3454 1842 Basilius

155 1847 291 1899 dam
342 1852 638 1904 reverentia
691 1861 740 1905 et
786 1854 1150 1909 submissione.
1192 1855 1316 1924 Ipse
1351 1867 1560 1920 autem,
1601 1877 1762 1930 quam

154 1939 441 1995 celerrime
460 1945 658 2010 potuit,
678 1944 1048 2012 imperatorem
1088 1949 1272 2003 adiens
1296 1965 1315 2003 :
1338 1949 1656 2019 Imperator,
1680 1956 1763 2006 in-

149 2030 301 2098 quit,
329 2034 398 2085 ab
434 2033 598 2103 hujus
632 2034 886 2091 Ecclesire
926 2041 1160 2094 antistite
1199 2044 1322 2096 victi
1356 2061 1559 2100 sumus.
1601 2046 1761 2101 Minis

153 2121 415 2185 superior
435 2133 536 2190 est,
562 2127 890 2178 sermonibus
925 2128 1153 2196 ﬁrmior,
1195 2133 1465 2187 verborum
1489 2135 1760 2192 blanditiis

151 2211 386 2279 fortior.
425 2213 766 2284 Ignaviorum
799 2219 936 2273 alius
990 2224 1253 2290 quispiam
1297 2229 1586 2281 tentandus
1634 2239 1708 2282 est
1739 2247 1758 2285 :

149 2308 284 2358 nuic
311 2318 516 2372 autem,
549 2319 644 2364 aut
665 2313 741 2366 vis
764 2324 942 2380 aperte
967 2316 1242 2385 inferenda
1262 2360 1278 2385 ,
1317 2329 1406 2372 aut
1439 2337 1544 2374 non
1578 2337 1760 2389 exspe-

149 2399 437 2459 ctandum,
466 2410 524 2452 ut
553 2402 707 2454 minis
729 2405 899 2458 cedat.
959 2416 973 2468 ς

234 2486 328 2539 lll.
363 2487 545 2544 Minus
572 2501 831 2545 accurate
859 2502 1108 2548 versatur
1154 2494 1531 2554 Tillemontius
1577 2499 1628 2553 in
1662 2501 1760 2554 ha-

149 2591 280 2629 rum
337 2592 522 2632 rerum
578 2581 722 2634 serie
799 2581 1152 2652 disponenda.
1235 2581 1369 2638 Nam
1444 2587 1756 2654 praefectura

148 2669 460 2734 existimat,
502 2681 626 2739 post
649 2673 882 2740 primum
917 2682 1215 2741 certamen,
1243 2677 1308 2729 ad
1347 2677 1631 2732 Valentem
1666 2693 1758 2732 ac-

149 2759 420 2823 currisse,
444 2759 606 2828 eique
640 2761 692 2814 in
723 2763 934 2828 urbem,
965 2775 1024 2818 ut
1050 2764 1515 2820 aitTheodoretus
1540 2765 1635 2821 lib.
1677 2779 1752 2830 Iv,

150 2863 204 2903 c.
250 2849 343 2913 l9,
396 2852 696 2906 introeunti
737 2863 1015 2923 acceptam
1058 2855 1265 2910 cladem
1311 2872 1582 2912 narrasse.
1615 2857 1753 2912 Tum

151 2939 444 2995 Valentem
486 2943 710 3008 iratam,
755 2945 896 3014 quod
939 2960 1046 2998 non
1085 2948 1261 3014 primo
1304 2947 1507 3016 impetu
1550 2946 1754 3004 fractus

150 3045 300 3087 esset
330 3033 589 3100 Basilius,
622 3046 896 3092 certamen
924 3037 1133 3108 ingredi
1168 3036 1438 3103 voluisse,
1473 3046 1528 3091 et
1554 3052 1753 3107 coquo-

151 3141 273 3178 rum
320 3129 614 3195 praeposito
663 3126 1010 3184 Demostheni
1040 3128 1145 3182 hoc
1172 3143 1369 3184 manus
1394 3129 1749 3196 commisisse,

151 3216 493 3272 atBasilium
525 3220 779 3275 audiente
809 3236 866 3275 se
898 3231 1254 3292 Oppugnaret.

225 3310 339 3363 Sed
395 3311 538 3366 Inter
585 3311 811 3380 primam
848 3312 992 3367 illam
1033 3329 1268 3384 pugnam
1311 3323 1366 3371 et
1412 3315 1754 3385 imperatoris

154 3403 456 3457 adventum
495 3403 658 3456 multa
683 3405 1129 3469 intercesserunt,
1160 3407 1428 3477 imprimis
1457 3408 1750 3463 secundum

163 3493 297 3546 illud
344 3509 471 3548 cum
505 3509 802 3563 coquorum
855 3498 1141 3565 praeposito
1189 3507 1485 3562 certamen,
1531 3499 1750 3552 cuinon

156 3584 413 3639 interfuit
455 3585 774 3653 imperator.
851 3584 1124 3654 Decepere
1182 3586 1583 3642 Tillemontium
1639 3587 1753 3641 hmo

152 3678 324 3731 verba
354 3677 589 3746 Nysseni
626 3676 702 3747 (p.
732 3677 880 3745 3M),
912 3676 1029 3730 ἀλλ’
1057 3678 1338 3749 ἐκδέχεται
1367 3678 1572 3732 πάλινὸ
1601 3677 1752 3748 βασι-

152 3767 282 3830 λεὺς
320 3765 421 3838 τὴν
471 3770 668 3836 πεῖραν
705 3766 888 3830 αὐτός.
921 3767 1030 3822 Sed
1076 3769 1267 3822 iterum
1319 3769 1586 3838 experitur
1643 3771 1752 3835 ipse

151 3859 473 3927 imperator.
516 3858 588 3911 At
637 3860 909 3926 quomodo
954 3867 1211 3927 expertus
1241 3860 1333 3924 sit,
1364 3860 1608 3914 indicant
1634 3875 1751 3928 quae

153 3961 465 4020 sequuntur
496 3967 509 4002 :
541 3949 996 4014 Quemadmodum
1017 3952 1186 4018 igitur
1207 3967 1362 4017 Opera
1391 3953 1542 4020 coqui
1564 3949 1752 4004 Nabu-

155 4045 384 4106 zardan,
415 4042 616 4110 inquit,
647 4041 896 4110 Assyrius
926 4041 1052 4094 olim
1087 4041 1344 4109 templum
1385 4040 1749 4095 lsraelitarum

149 4138 334 4190 evertit
399 4151 418 4187 :
471 4136 549 4187 ita
592 4143 639 4187 et
685 4135 782 4186 iste
827 4135 1172 4187 Demostheni
1208 4135 1417 4187 cuidam
1465 4151 1748 4204 coquorum

149 4227 464 4296 prmposito,
490 4235 549 4277 ut
575 4225 698 4278 aliis
728 4225 1008 4277 audaciori
1029 4265 1044 4288 ,
1074 4226 1172 4277 hac
1204 4227 1456 4278 mandata
1481 4226 1749 4292 provincia

147 4317 368 4382 putabat
429 4331 488 4367 se
547 4313 900 4382 perfecturum
957 4315 1216 4384 quidquid
1279 4332 1552 4384 aggressus
1609 4323 1746 4368 erat.

1867 1843 2216 1910 declarasse;
2243 1861 2413 1914 quare
2448 1857 2540 1901 aut
2570 1851 2676 1903 vim
2716 1853 2763 1905 ei
2795 1852 3164 1920 inferendam,
3206 1865 3299 1910 aut
3344 1873 3448 1912 non

1863 1935 2283 2003 exspectandum
2311 1949 2369 1990 ut
2392 1939 2550 1994 minis
2575 1941 2760 1995 cedat:
2787 1952 2896 1996 tum
2919 1959 3045 1998 vero
3074 1946 3448 2014 imperatorem

1865 2032 2026 2078 tanta:
2071 2027 2282 2082 virtutis
2315 2030 2676 2086 admiratione
2722 2047 2853 2087 sese
2903 2034 3205 2105 collegisse,
3243 2053 3305 2090 ac
3357 2052 3449 2091 ve-

1868 2116 2037 2170 tuisse
2064 2133 2131 2171 ne
2160 2119 2242 2172 vis
2272 2118 2474 2174 Basilio
2505 2120 2820 2188 inferretur,
2858 2134 2912 2178 et
2955 2141 3077 2178 cum
3126 2125 3268 2180 illius
3299 2141 3448 2180 com-

1868 2205 2179 2260 munionem
2231 2222 2335 2262 non
2389 2211 2616 2266 auderet
2645 2215 2896 2282 amplecti
2939 2215 3150 2285 (pudori
3197 2218 3338 2271 enim
3370 2219 3443 2272 illi

1863 2307 1982 2353 erat
2033 2301 2358 2374 immutatio)
2416 2306 2652 2360 maxime
2699 2307 2950 2362 decoram
2997 2311 3046 2364 ei
3080 2311 3446 2366 satisfaciendi

1860 2389 2001 2442 viam
2042 2393 2322 2460 quaeslissc
2364 2403 2415 2448 et
2459 2395 2661 2450 idcirco
2710 2397 2762 2451 in
2789 2399 3071 2471 ecclesiam
3105 2403 3335 2458 venisse.
3365 2405 3445 2458 Ex

1861 2485 2060 2552 quibus
2105 2487 2433 2555 perspicitur
2470 2504 2570 2542 nec
2613 2487 2909 2544 Modestum
2966 2495 3149 2546 statim
3181 2505 3300 2563 post
3328 2496 3442 2564 pri-

1860 2589 2007 2627 mum
2035 2585 2314 2629 certamen
2346 2578 2411 2629 ad
2445 2576 2826 2644 imperatorem
2855 2581 3065 2636 venisse
3091 2583 3263 2650 (illum
3297 2583 3442 2637 enim

1858 2660 2014 2716 furiis
2064 2663 2302 2719 incendit
2347 2667 2460 2720 [nec
2501 2667 2686 2734 prima:
2734 2669 2902 2723 cladis
2950 2670 3292 2742 ignominia),
3341 2689 3444 2728 nec

1859 2754 2140 2809 Valentem
2189 2756 2346 2810 alteri
2387 2757 2699 2812 interfuisse
2733 2774 2958 2830 pugnae;
3004 2763 3266 2830 siquidem
3310 2764 3442 2834 quid

1858 2847 1910 2901 in
1936 2863 1998 2902 ea
2026 2857 2236 2918 gestum
2262 2859 2426 2915 esset,
2458 2865 2524 2904 ex
2552 2850 2810 2918 praefecto
2829 2855 3100 2922 cognovit.

1927 2939 2112 3009 Neque
2132 2941 2295 2994 etiam
2341 2942 2792 2996 accuratissimus
2835 2943 2936 2997 fuit
2964 2943 3341 3000 Tillemontius
3382 2946 3439 3000 in

1862 3032 2043 3086 Basilii
2073 3033 2264 3103 pugnis
2290 3035 2664 3088 numerandis.
2691 3033 2819 3100 Qua:
2843 3035 2986 3089 enim
3012 3051 3193 3090 coram
3225 3053 3437 3106 praepo-

1856 3124 1962 3178 sito
2005 3139 2301 3192 coquorum
2346 3134 2493 3194 gesta
2546 3137 2738 3180 narrat
2788 3124 3086 3197 Nyssenus,
3132 3128 3246 3181 haec
3275 3128 3439 3182 Tille-

1855 3217 2095 3270 montius
2155 3216 2207 3270 in
2261 3217 2365 3270 duo
2412 3217 2623 3271 diversa
2673 3218 2856 3283 prrelia
2921 3218 3130 3283 dividit,
3187 3221 3438 3288 quamvis

1854 3321 2018 3358 unum
2068 3321 2290 3374 prorsus
2318 3307 2611 3372 exstiterit,
2649 3308 2791 3376 quod
2827 3309 3067 3377 quidem,
3110 3311 3209 3362 etsi
3249 3311 3439 3378 praeci-

1855 3411 1973 3465 puae
1994 3395 2338 3465 oppugnandi
2375 3406 2558 3465 partes
2604 3397 2950 3451 Demostheni
2991 3398 3295 3453 commissa:
3321 3399 3437 3454 fue-

1853 3497 2000 3549 rant,
2053 3488 2296 3540 omnium
2354 3497 2529 3540 tamen
2583 3498 2893 3558 magnatum
2938 3489 3438 3559 frequentia,qaos

1853 3579 2051 3648 impius
2082 3579 2302 3648 quidam
2337 3593 2403 3632 ex
2449 3579 2664 3649 Illyrico
2701 3581 2975 3649 profectus
3012 3595 3436 3650 convocaverat,

1853 3685 1916 3723 ac
1943 3670 2112 3736 ipsius
2135 3669 2375 3738 praefecti
2406 3671 2694 3739 praesentia
2728 3672 3060 3726 celebratum
3083 3672 3204 3728 fuit.
3231 3673 3435 3740 Quam-

1853 3763 1933 3816 vis
1955 3770 2133 3816 aatem
2159 3763 2295 3816 duas
2327 3770 2534 3815 tantum
2563 3763 2805 3832 insignes
2837 3780 3044 3834 pugnas
3071 3765 3274 3820 referat
3306 3767 3436 3838 Nys-

1851 3870 2043 3919 senns,
2068 3854 2364 3908 verisimile
2390 3864 2474 3909 est
2511 3863 2690 3909 tamen
2723 3855 2904 3925 plures
2946 3857 3079 3911 alias
3109 3841 3435 3914 suStinuisse

1851 3947 2109 4001 Basiliam
2153 3962 2168 3998 :
2200 3946 2363 4014 idque
2415 3947 2530 4015 ipse
2575 3962 2680 4000 non
2714 3949 2948 4001 obscure
2995 3949 3199 4002 indicat
3231 3950 3282 4002 in
3313 3951 3432 4018 epi-

1850 4037 1986 4093 stola
2021 4037 2085 4091 ad
2111 4037 2478 4102 Eustathium,
2512 4038 2598 4091 cui
2629 4048 2812 4091 narrat
2840 4040 2939 4092 sibi
2960 4041 3073 4108 jam
3117 4055 3321 4109 pugnas
3341 4040 3434 4095 ali-

1848 4143 2004 4198 quas,
2037 4143 2236 4192 easque
2281 4129 2414 4182 satis
2451 4129 2798 4184 vehementes
2833 4129 3000 4185 fuisse
3050 4145 3169 4183 cum
3221 4134 3433 4201 magnis

1848 4222 2225 4291 potestatibus,
2273 4218 2530 4289 praefecto
2572 4228 2627 4273 et
2674 4219 2906 4274 cubiculi
2958 4221 3269 4289 prmposito.
3320 4222 3429 4276 Na-

1849 4316 2140 4368 zianzenus
2187 4323 2241 4367 et
2276 4328 2341 4366 ex
2389 4295 2634 4381 judicum
2687 4311 2900 4376 ordine,
2937 4322 2990 4365 et
3020 4327 3084 4365 ex
3126 4313 3343 4367 militari
3376 4323 3431 4367 et

146 4407 269 4475 Ipse
295 4408 465 4461 etiam
499 4406 873 4461 Nazianzenus
905 4405 981 4478 (p.
1019 4409 1146 4476 548)
1196 4408 1507 4477 ριἐῐεΐθειυιιι
1539 4423 1740 4475 coquo-

1864 4421 1912 4460 εκ
1935 4405 2214 4475 Gynmczeo
2238 4403 2511 4456 immissos
2533 4417 2653 4456 esse
2675 4403 2751 4456 ait
2770 4403 2859 4472 qui
2884 4401 3138 4457 Basiliam
3163 4420 3431 4475 oppugna-

147 4513 269 4551 rum
307 4507 567 4551 numerat
591 4499 730 4552 inter
762 4512 854 4552 eos
875 4539 890 4563 ,
919 4499 1008 4566 qui
1039 4499 1104 4552 ad
1132 4498 1388 4553 Basiliam
1430 4500 1576 4553 missi
1613 4510 1738 4552 sunt

148 4608 176 4644 a
223 4591 489 4655 Valente;
517 4592 661 4660 quod
704 4603 1021 4661 argumento
1051 4600 1136 4647 est
1163 4607 1270 4646 non
1315 4591 1626 4646 interfuisse
1659 4593 1741 4645 his

147 4685 348 4752 pugnis
403 4684 828 4752 imperatorem;
893 4683 985 4738 sed
1033 4683 1180 4738 vices
1229 4698 1359 4738 suas
1409 4683 1746 4737 commisisse

146 4775 506 4830 Demostheni
555 4791 570 4826 :
620 4775 783 4842 idque
837 4775 1124 4829 contirmat
1197 4773 1428 4845 Nysseni
1482 4777 1740 4829 narratio.

147 4866 283 4921 Nam
315 4883 445 4922 cum
481 4868 874 4922 Demosthenes
913 4867 1095 4921 omnia
1136 4868 1425 4931 misceret,
1457 4881 1521 4920 ac
1548 4867 1742 4936 impius

147 4959 372 5028 quidam
401 4972 470 5010 ex
518 4956 760 5026 Illyrico,
792 4957 882 5024 qui
931 4955 1156 5009 tabellas
1206 4955 1458 5010 manibus
1509 4955 1737 5022 ferebat,

146 5063 406 5116 proceres
435 5062 629 5101 omnes
673 5047 874 5101 adhoc
923 5044 1294 5114 spectaculum
1347 5057 1734 5114 convocasset;

148 5148 385 5204 cumque
417 5148 611 5187 rursus
656 5132 790 5186 iram
831 5146 982 5186 suam
1027 5129 1301 5185 Modestus
1345 5133 1735 5197 vehementius,

146 5241 310 5294 quam
348 5233 538 5288 antea,
570 5225 944 5285 accendisset,
969 5238 1138 5290 seque
1168 5237 1358 5276 omnes
1402 5225 1467 5276 ad
1498 5222 1736 5279 Valentis

147 5316 490 5370 iracundiam
521 5314 807 5383 ﬁngerent,
833 5323 888 5366 et
916 5329 1038 5367 cum
1063 5329 1128 5369 eo
1154 5315 1466 5384 indignante
1490 5314 1734 5382 indigna-

147 5415 358 5469 rentur,
388 5420 603 5458 summa
635 5414 756 5459 erat
785 5403 1097 5458 futurorum
1131 5405 1486 5473 exspectatio.
1524 5403 1732 5459 Rursus

147 5497 288 5549 enim
326 5495 419 5550 ille
455 5494 763 5564 prmfectus,
798 5511 986 5549 rursus
1032 5506 1265 5553 terrores
1300 5504 1354 5548 et
1394 5495 1551 5549 mina:
1587 5498 1732 5565 prio-

149 5589 295 5641 rihas
317 5587 622 5658 graviores,
650 5602 714 5642 ac
760 5588 841 5641 ira
867 5588 1244 5642 vehementior
1287 5603 1298 5638 :
1333 5587 1608 5656 judicialis
1636 5604 1730 5658 ap-

151 5687 388 5746 paratus,
415 5693 712 5748 prmcones,
745 5679 1102 5748 apparitores,
1145 5679 1385 5745 lictores,
1410 5679 1632 5736 cancelli
1676 5691 1729 5736 et

1854 4511 1999 4562 rent,
2021 4512 2084 4550 ac
2113 4497 2250 4549 idem
2279 4510 2474 4549 munus
2498 4494 2598 4563 ipsi
2624 4495 2786 4549 etiam
2818 4509 3113 4564 coquorum
3145 4497 3431 4566 praeposito

1852 4590 2198 4645 commissum
2231 4585 2415 4640 fuisse.

1916 4683 2143 4736 Videtur
2177 4679 2356 4747 aliqua
2382 4678 2560 4733 inesse
2599 4681 2743 4732 inter
2786 4688 3079 4746 utrumque
3106 4677 3425 4749 Gregorium

1844 4773 2228 4842 discrepantia.
2251 4772 2382 4826 Nam
2409 4786 2530 4828 cum
2554 4779 2786 4840 uterque
2806 4772 2992 4824 eadem
3025 4771 3206 4825 Basilii
3241 4786 3424 4825 coram

1841 4865 2098 4936 praefecto
2122 4865 2262 4917 dicta
2280 4863 2514 4925 referat;
2541 4860 2815 4931 Nyssenus
2842 4862 2939 4914 hac
2956 4860 3138 4915 Basilii
3173 4872 3428 4915 constan-

1842 4958 1914 5010 tia
1933 4955 2067 5008 iram
2088 4953 2329 5007 Valentis
2354 4967 2636 5006 accensam
2656 4951 2824 5005 fuisse
2845 4949 2998 5015 dicit,
3023 4965 3255 5018 etnnque
3278 4951 3424 5004 vices

1839 5047 2022 5101 Basilii
2049 5046 2241 5100 iterum
2267 5043 2606 5113 oppugnandi
2643 5043 2978 5097 commisisse
3005 5041 3351 5096 Demostheni
3404 5058 3418 5094 :

1839 5148 2026 5192 contra
2063 5136 2434 5190 Nazianzenus
2481 5135 2815 5188 iracundiam
2860 5134 3203 5187 admirationi
3243 5133 3419 5187 locum

1838 5227 2090 5292 cessisse,
2105 5241 2169 5279 ac
2195 5228 2431 5279 vetuisse
2453 5225 2856 5292 imperatorem,
2879 5239 2943 5277 ne
2960 5224 3081 5293 quis
3096 5221 3294 5276 Basilio
3311 5223 3420 5277 vim

1837 5316 2085 5371 inferret.
2119 5316 2258 5384 Ergo
2287 5316 2548 5368 alteruter
2570 5313 2753 5367 Basilii
2793 5315 3064 5370 dicta-non
3098 5316 3234 5370 satis
3256 5330 3420 5380 acea:

1836 5419 1952 5460 rato
1982 5406 2174 5460 ordine
2202 5404 2406 5458 retulit.
2435 5403 2569 5456 Nam
2605 5403 2670 5456 de
2699 5402 2936 5458 historia:
2970 5420 3200 5468 summa,
3227 5405 3418 5472 pugnis

1834 5514 1940 5552 non
2004 5497 2168 5552 semel
2226 5497 2566 5562 commissis,
2611 5512 2675 5551 ac
2718 5497 3059 5566 Optatissimo
3097 5501 3418 5552 constantia:

1835 5589 2019 5643 Basilii
2044 5589 2191 5641 exitu
2225 5587 2455 5640 mirifice
2487 5587 2628 5642 inter
2661 5597 2949 5656 utrumque
2982 5588 3254 5640 convenit.

1905 5679 1992 5735 IV.
2036 5679 2168 5735 Dum
2195 5678 2425 5734 Basilius
2456 5679 2568 5735 hinc
2593 5671 2822 5735 su'stiuet
2864 5679 3080 5750 praelia;
3110 5677 3415 5748 Eustathius
