3820 6210
456 280 597 318 LXXX

1830 260 2363 319 PROLEGOMENA.

454 377 791 432 Sebastenus
832 375 991 429 mittit
1024 378 1071 429 ei
1099 392 1220 430 cum
1266 376 1464 429 litteris
1497 375 1852 443 Eleusinium,
1889 393 2050 430 unmu
2084 380 2125 434 Α
2156 386 2239 429 tus
2264 374 2536 444 impletur.
2569 372 2737 442 Atque
2778 371 2831 422 id
2858 370 3120 438 plerisque
3162 368 3333 420 adhuc
3372 367 3663 419 obscurum
3686 378 3725 420 et

456 480 515 522 ut
554 468 851 525 verisimile
894 478 998 535 est,
1067 483 1129 521 ex
1188 469 1464 536 discipulis
1498 470 1630 529 suis,
1668 469 1758 536 qui
1811 472 2040 522 certanti

454 562 669 613 adesset
713 575 777 614 ac
816 560 1096 629 suppetias
1146 560 1308 612 ferret
1365 560 1587 613 Basilio.
1638 560 1951 628 Respondet
1994 561 2042 614 ei

452 651 686 705 Basilius
716 653 817 706 sibi
851 651 952 723 (a),
984 662 1271 719 antequam
1322 651 1464 705 illius
1505 652 1712 705 litteras
1751 651 2041 719 acciperet,

454 761 774 814 persuasum
802 746 971 799 fuisse
1009 747 1074 800 de
1106 746 1247 798 illius
1276 760 1400 814 erga
1427 760 1633 805 omnes.
1657 744 1892 797 maxime
1915 760 2046 797 vero

453 852 579 904 erga
621 853 679 892 se
720 838 1028 902 charitate;
1075 837 1219 890 illius
1255 848 1433 890 autem
1479 836 1717 904 acceptis
1757 836 1951 889 litteris
1992 844 2046 889 et

455 940 747 997 conspecto
787 930 1083 996 Eleusinia,
1129 929 1332 998 gratias
1382 943 1440 981 se
1494 928 1602 981 Deo
1652 928 1848 997 egisse,
1901 928 2044 995 quod

456 1022 556 1074 sibi
590 1022 751 1073 talem
785 1022 1085 1090 adjutorem
1115 1031 1167 1073 et
1204 1022 1628 1077 commilitonem
1662 1026 2044 1073 concessisset.

456 1108 659 1162 Narrat
681 1126 739 1164 se
765 1112 816 1163 in
843 1111 1039 1179 pugnis
1071 1114 1509 1175 vehementibus,
1544 1126 1678 1178 quas
1701 1112 1811 1179 jam
1844 1109 2047 1163 habue-

458 1211 544 1254 rat
587 1217 709 1254 cum
756 1203 965 1269 magnis
1007 1204 1403 1271 potestatibus,
1450 1202 1707 1271 pra-lecto
1734 1210 1788 1255 et
1816 1202 2043 1255 cubiculi

458 1292 775 1357 praeposito,
806 1306 1020 1345 omnem
1051 1292 1309 1346 assultum
1357 1294 1677 1346 inconcusso
1718 1292 1899 1345 animo
1926 1306 2047 1345 sus-

460 1382 721 1445 tinuisse,
760 1382 869 1435 Deo
911 1383 1332 1438 imbecillitatem
1374 1385 1783 1437 corroborante.
1834 1382 2046 1451 Scripta

458 1474 675 1527 videtur
718 1474 835 1531 hmo
893 1475 1115 1544 epistola
1165 1487 1290 1529 ante
1355 1476 1698 1544 imperatoris
1757 1474 2045 1527 adventum

460 1582 524 1620 ac
562 1568 699 1620 forte
725 1568 886 1619 etiam
919 1578 1045 1621 ante
1090 1568 1216 1621 illttd
1259 1570 1553 1621 vehemens
1592 1582 1713 1621 cum
1747 1583 2047 1638 coquorum

461 1652 751 1720 praeposito
783 1660 1083 1716 certamen,
1114 1652 1178 1704 de
1206 1668 1311 1719 quo
1341 1652 1472 1703 nihil
1505 1650 1756 1705 Basilius.

2157 467 2480 533 incognitum
2507 474 2638 517 erat.
2689 460 2883 515 Verum
2911 476 3029 512 cum
3053 461 3216 519 dona,
3241 474 3358 527 qua:
3397 457 3621 521 ipsemet
3656 466 3728 525 et.

2148 560 2362 627 fecerat,
2386 558 2574 611 divina:
2596 571 2788 609 mensa:
2806 552 3074 621 o/Terenda
3094 561 3280 611 essent,
3304 565 3399 602 nec
3429 550 3725 617 quisquam,

2150 664 2200 704 ut
2224 670 2337 706 mos
2370 653 2590 720 ferebat,
2635 650 2797 704 simul
2832 666 2893 702 ea
2931 656 3139 713 caperet
3168 645 3331 715 (quod
3360 662 3472 698 non
3505 646 3637 697 satis
3668 646 3729 696 li-

2146 756 2349 813 queret,
2384 761 2452 796 an
2503 760 2563 795 ea
2599 742 2831 795 Basilius
2883 749 3195 807 accepturus
3245 737 3423 805 esset)
3477 746 3591 788 tum
3624 752 3730 789 vero

2148 835 2423 903 manifeste
2456 850 2510 886 se
2536 834 2758 900 o/fectus
2797 830 3052 899 prodidit.
3096 827 3181 881 Ita
3208 828 3347 881 enim
3374 827 3618 879 titubare
3637 842 3727 879 cae-

2148 930 2242 995 pit,
2265 937 2321 978 ut
2352 926 2456 978 nisi
2482 926 2747 992 quispiam
2805 938 2870 975 ea:
2914 920 3141 974 sacrarii
3182 919 3445 971 ministris
3482 917 3729 970 vacillan-

2149 1030 2247 1072 tem
2272 1018 2543 1084 supposita
2574 1032 2735 1068 manu
2770 1013 3094 1079 retinuisset,
3123 1012 3312 1065 misere
3348 1011 3539 1081 utique
3575 1020 3622 1064 et
3656 1011 3729 1065 lu-

2150 1121 2327 1163 ctuose
2350 1109 2706 1177 prolapsurus
2743 1106 2927 1175 fuerit.

2223 1200 2526 1253 Verisimile
2574 1214 2680 1252 non
2714 1207 2797 1251 est
2832 1194 3116 1248 Valentem
3162 1192 3347 1247 Basilii
3398 1206 3568 1245 manu
3596 1206 3727 1244 com-

2150 1293 2459 1346 munionem
2492 1306 2705 1345 sacram
2747 1288 3051 1356 accepisse,
3089 1301 3213 1339 cum
3251 1285 3562 1353 Gregorius
3596 1285 3729 1335 dicat

2150 1398 2269 1435 cunt
2291 1398 2410 1435 cum
2445 1381 2646 1436 Basilio
2666 1378 3035 1449 perfunctorie
3053 1377 3503 1449 conjunctionem
3534 1374 3722 1427 iniisse.

2157 1472 2375 1526 Videtur
2406 1483 2585 1525 autem
2620 1471 2853 1525 Basilius
2910 1470 2961 1523 itt
3012 1471 3155 1525 illius
3205 1469 3366 1523 donis
3399 1466 3725 1534 accipiendis

2154 1563 2271 1632 plus
2298 1564 2633 1617 consuluisse
2667 1562 2923 1617 Ecclesia:
2951 1562 3095 1631 paci,
3143 1576 3304 1631 quam
3349 1560 3533 1627 legum
3571 1556 3725 1609 eccle-

2155 1657 2494 1710 siasticarum
2527 1654 2802 1709 severitati
2835 1653 2931 1724 (b).
2962 1653 3265 1707 Constantii
3292 1653 3435 1706 dona
3459 1651 3571 1704 alto
3593 1649 3725 1701 vultu

532 1742 743 1808 Scripta
797 1743 958 1794 etiam
1020 1745 1072 1794 in
1108 1744 1205 1794 lmc
1251 1742 1514 1795 horrenda
1568 1754 1868 1810 tempestate
1937 1744 2047 1811 epi-
2081 1726 2121 1778 Β
2155 1747 2344 1815 rejecit
2371 1746 2648 1812 Liberius,
2677 1747 2773 1801 sed
2807 1747 2859 1799 in
2905 1745 3178 1799 dissimilii
3215 1744 3535 1798 occasione.
3578 1740 3723 1795 Pares

460 1831 594 1885 stola
632 1832 700 1885 80
728 1832 793 1883 ad
821 1840 1065 1885 sanctum
1088 1833 1439 1885 Athanasium
1464 1871 1478 1893 ,
1520 1833 1604 1885 cui
1637 1833 1864 1886 Basilius
1894 1833 2044 1887 dolo-

460 1939 575 1976 rem
618 1938 773 1976 suum
823 1923 1093 1991 significat
1128 1924 1270 1991 quod
1310 1924 1541 1977 oblatam
1580 1925 1644 1976 ad
1672 1938 1731 1977 se
1776 1925 2046 1977 scribendi

461 2014 695 2082 aliquant
753 2017 1095 2069 occasionem
1134 2016 1586 2083 praetermisisset.
1626 2014 2046 2070 Prmclarissime

462 2121 647 2159 secum
707 2106 793 2174 agi
849 2108 1212 2160 existituasset
1254 2105 1506 2171 Basilius,
1556 2105 1602 2159 si
1649 2108 1715 2161 ad
1766 2108 2045 2161 historiam

459 2200 585 2251 vita:
615 2214 723 2251 sua:
751 2214 1105 2265 congressum
1130 2214 1251 2251 cum
1286 2196 1343 2251 S.
1370 2198 1670 2251 Athanasio
1708 2196 2016 2264 adjecisset.

533 2289 596 2343 V.
641 2288 734 2342 llis
768 2306 884 2359 qua:
915 2292 978 2343 de
1006 2290 1203 2344 Basilio
1242 2300 1455 2343 narrata
1476 2290 1687 2343 fuerant
1714 2307 1741 2343 a
1769 2290 2045 2359 prtefecto,

458 2379 737 2447 perculsus
765 2390 843 2433 est
879 2380 1096 2443 Valens,
1118 2394 1181 2434 ac
1204 2380 1374 2433 instar
1393 2379 1519 2433 ferri
1544 2380 2041 2449 imtnutatus,quod

465 2469 589 2536 igne
616 2470 833 2537 quidem
858 2469 1154 2533 etnollitur,
1184 2470 1275 2523 sed
1306 2478 1483 2523 tamen
1512 2468 1639 2523 ferri
1668 2480 1919 2523 naturam
1951 2486 2044 2524 re-

463 2561 619 2615 tinet.
653 2562 840 2629 Itaque
876 2561 1038 2615 minis
1087 2562 1139 2616 in
1181 2562 1595 2615 admirationem
1626 2564 1925 2627 conversis,
1961 2561 2045 2615 fa-

372 2726 373 2729 ,
461 2661 609 2706 ctum
652 2669 807 2705 suum
856 2653 1151 2721 improbat,
1185 2653 1291 2706 vim
1328 2653 1529 2706 Basilio
1564 2653 1955 2717 vetatinferri;
1989 2664 2045 2708 et

461 2759 589 2799 cum
627 2745 795 2811 ipsius
824 2744 1261 2798 communionem
1292 2742 1544 2812 amplecti
1583 2746 1753 2810 pudor
1783 2744 2043 2812 prohibe-

463 2844 567 2901 ret,
611 2835 846 2902 aliquam
884 2842 1060 2886 tamen
1113 2834 1160 2887 ei
1204 2833 1572 2887 satisfaciendi
1608 2835 1868 2887 rationem
1898 2849 2045 2901 quae-

461 2924 635 2987 rebat,
658 2938 776 2992 quae
802 2923 904 2975 sibi
939 2922 1194 2976 indecora
1220 2937 1325 2975 non
1349 2930 1514 2976 esset.
1548 2921 1700 2975 llauc
1723 2934 1903 2975 autem
1936 2939 2048 2975 ma-

463 3016 609 3068 xime
654 3016 906 3068 decoram
951 3014 1236 3081 judicavit.
1295 3012 1468 3066 Sacro
1509 3014 1595 3066 die
1631 3013 1945 3080 Epiphanitr
1986 3013 2039 3065 itt

466 3106 728 3174 templum
786 3105 1063 3172 ingressus
1128 3120 1249 3157 cum
1298 3103 1591 3157 satellitum
1637 3120 1819 3165 manu,
1856 3121 2044 3158 nume-

464 3209 584 3249 rum
614 3194 875 3246 laicorutn
908 3196 1097 3255 ausit,
1148 3206 1317 3259 seque
1358 3194 1458 3246 hoc
1509 3194 1669 3245 modo
1710 3193 2048 3247 defunctorie

466 3302 588 3340 cum
623 3284 819 3337 Basilio
855 3284 1163 3351 conjunxit.
1224 3282 1449 3336 Videtur
1497 3281 1695 3336 Valens
1740 3282 2047 3337 Ctesaream

465 3390 572 3429 non
604 3376 770 3428 multo
798 3386 923 3429 ante
951 3376 1091 3427 diem
1123 3373 1322 3426 festum
1361 3374 1669 3426 advenisse.
1697 3372 1826 3425 Nam
1864 3373 1905 3426 si
1927 3389 2049 3442 spa-

410 3502 419 3511 -
470 3469 603 3521 tium
634 3468 819 3521 Ariani
850 3467 1168 3520 habuissent
1198 3465 1341 3518 illius
1371 3465 1565 3517 iterum
1599 3466 1936 3527 incendendi,
1962 3466 2048 3521 la—

467 3561 569 3615 cile
595 3560 669 3613 illi
697 3575 863 3613 novas
904 3559 1199 3611 iracundiae
1230 3556 1374 3611 faces
1400 3558 1792 3611 admovissent.
1826 3556 1880 3611 ld
1901 3559 2044 3611 enim

467 3670 572 3709 non
601 3654 768 3709 semel
802 3652 1167 3722 perfecerunt,
1207 3654 1278 3705 ita
1316 3660 1372 3704 ut
1409 3650 1651 3705 Valentis
1683 3653 1899 3706 animus
1924 3668 2049 3721 pcr-

466 3756 682 3816 petuam
721 3746 971 3799 habuerit
997 3744 1291 3797 iracundia:
1326 3743 1379 3795 in
1412 3742 1670 3797 Basilium
1712 3753 1765 3797 et
1794 3758 2049 3797 reveren-

467 3843 557 3895 tia:
590 3840 1033 3894 vicissitudinem.

538 3931 672 3985 Illud
706 3940 883 3983 autem
913 3929 1135 3982 tttinime
1173 3928 1612 3997 przeterettndtttn
1635 3966 1649 3988 ,
1689 3926 1833 3993 quod
1858 3941 1923 3979 eo
1966 3928 2051 3979 die

465 4026 714 4079 evenisse
758 4031 944 4076 narrat
972 4021 1268 4089 Gregorius
1318 4018 1713 4072 Nazianzenus.
1758 4014 2048 4087 Postquam

463 4117 624 4181 enim,
654 4116 851 4184 inquit,
878 4118 1019 4167 intus
1062 4114 1187 4181 fuit,
1220 4125 1374 4181 atque
1416 4111 1582 4179 ipsius
1624 4127 1777 4163 aures
1828 4111 2054 4178 psalmo-

467 4225 586 4261 rum
617 4220 797 4272 cantu,
837 4223 940 4259 non
967 4222 1113 4259 secus
1143 4222 1204 4257 ac
1234 4204 1464 4255 tonitrua
1512 4204 1738 4271 quodam
1769 4221 2052 4271 personue-

467 4312 614 4364 runt,
638 4301 901 4369 plebisque
930 4301 1145 4369 pelagus
1179 4295 1327 4361 vidit,
1375 4311 1685 4363 omnemque
1731 4296 1967 4347 ordinem
2000 4304 2047 4347 et

2150 1837 2362 1906 quidem
2380 1846 2537 1892 erant
2570 1836 2919 1891 Constantius
2946 1845 3002 1889 et
3033 1836 3234 1889 Valens
3262 1834 3458 1887 haeresi
3479 1832 3722 1885 etcatho-

2151 1928 2265 1980 lica:
2288 1929 2409 1981 fidei
2437 1930 2583 1995 odio,
2608 1937 2664 1982 et
2685 1928 2823 1982 alter
2858 1927 3076 1997 quidem
3105 1926 3571 1986 catechumenus,
3601 1922 3723 1975 alter

2150 2020 2215 2073 ab
2250 2019 2522 2073 luereticis
2560 2020 2867 2087 baptizatus
2901 2038 2914 2073 :
2951 2020 3049 2072 sed
3100 2016 3461 2071 Constantius
3504 2028 3599 2080 per
3638 2028 3718 2065 eu-

2151 2113 2387 2166 nuchum
2409 2112 2698 2166 Eusebium
2723 2112 2859 2165 dona
2878 2112 3124 2164 mittebat
3143 2107 3537 2177 corrumpendi
3551 2120 3716 2167 causa;

2152 2215 2207 2255 at
2233 2203 2432 2257 Valens
2474 2204 2590 2271 ipse
2618 2202 2935 2271 suppliciter
2970 2201 3255 2264 offerebat,
3292 2208 3355 2252 ut
3386 2212 3503 2252 sua:
3541 2196 3594 2249 in
3628 2196 3713 2249 Ba-

2148 2295 2327 2350 silittm
2364 2294 2726 2349 observantiae
2766 2294 3004 2362 aliquam
3059 2290 3524 2359 signiﬁcationem
3558 2288 3712 2339 daret.

2147 2385 2405 2451 Quaenam
2447 2394 2624 2439 autem
2670 2385 2753 2437 illa
2784 2383 3096 2439 exstiterint
3126 2383 3265 2435 dona
3291 2424 3304 2445 ,
3338 2394 3574 2447 quorum
3621 2376 3714 2444 opi-

2147 2477 2234 2531 fex
2280 2476 2494 2538 Valens,
2530 2493 2635 2531 non
2669 2477 2828 2531 facile
2850 2486 2935 2530 est
2962 2486 3226 2529 statuere.
3284 2473 3435 2525 Dona
3471 2469 3626 2523 altari
3648 2468 3715 2520 of-

2148 2570 2276 2623 ferri
2310 2580 2564 2623 consueta
2599 2570 2850 2636 intelligit
2892 2567 3268 2622 Theodoretus
3309 2566 3383 2635 (ι’)
3416 2582 3433 2618 ;
3473 2578 3598 2617 vasa
3629 2577 3709 2614 au-

2150 2677 2237 2715 rea
2269 2660 2485 2714 Nicetas
2519 2662 2687 2729 ipsius
2731 2660 2971 2713 Valentis
3021 2675 3185 2712 manu
3224 2658 3516 2710 fabricata.

2218 2753 2368 2805 Nulla
2395 2769 2460 2806 eo
2493 2755 2578 2806 die
2604 2752 2860 2806 Basiliutn
2886 2754 3029 2806 inter
3050 2760 3105 2805 et
3134 2750 3419 2804 Valentem
3445 2748 3595 2802 fuere
3610 2744 3703 2799 col-

2146 2843 2323 2912 loquia
2358 2844 2456 2913 (d).
2483 2844 2587 2897 Sed
2621 2859 2745 2897 cum
2797 2859 2985 2897 rursus
3042 2843 3095 2896 in
3138 2841 3433 2895 ecclesiam
3471 2839 3703 2897 venisset,

2146 2936 2415 2988 satisfecit
2463 2937 2734 2989 diuturna:
2776 2934 3123 3002 colloquendi
3159 2950 3282 2987 cum
3337 2933 3539 2987 Basilio
3574 2930 3703 2997 cupi-

2150 3024 2328 3087 ditati,
2390 3040 2454 3077 ac
2500 3024 2641 3077 intra
2684 3023 2862 3076 velum
2905 3024 2974 3076 ab
3019 3037 3086 3077 eo
3126 3034 3423 3090 susceptus
3455 3029 3559 3075 est.
3593 3016 3707 3071 Tum

2149 3130 2279 3169 vero
2321 3116 2554 3169 Basilius
2589 3116 2667 3169 sic
2703 3115 2915 3168 locutus
2939 3125 3045 3177 est,
3077 3124 3133 3167 ut
3167 3115 3473 3181 Gregorius
3515 3112 3598 3180 qui
3634 3109 3712 3161 ad-

2150 3216 2291 3269 erat,
2328 3206 2419 3259 Dei
2457 3221 2615 3259 voces
2642 3206 2810 3259 fuisse
2845 3214 3096 3258 testetur.
3143 3203 3216 3257 De
3258 3205 3361 3258 hoc
3401 3200 3578 3257 Basilii
3608 3212 3708 3252 cum

2152 3295 2379 3351 Valente
2433 3311 2729 3365 congressu
2770 3296 2849 3349 sic
2907 3294 3148 3362 loquitur
3181 3293 3557 3347 Theodoretus
3598 3286 3661 3359 le)
3694 3302 3705 3339 :

2150 3387 2282 3442 Cum
2310 3387 2543 3440 Basilius
2585 3389 2727 3439 intra
2770 3402 2925 3438 sacra
2956 3385 3089 3447 vela,
3124 3387 3213 3437 ubi
3243 3386 3357 3452 ipse
3385 3386 3611 3443 sedebat,
3636 3395 3709 3431 sc-

2151 3481 2330 3531 cedere
2366 3476 2631 3530 Valentem
2657 3477 2930 3544 jussissct,
2978 3476 3143 3527 multa
3172 3478 3241 3527 ad
3276 3477 3431 3527 illum
3478 3472 3619 3526 verba
3642 3469 3707 3535 [e-

2150 3571 2219 3623 cit
2260 3571 2323 3621 de
2356 3580 2491 3621 recta
2514 3569 2637 3636 ﬁdei
2669 3570 2955 3630 doctrina;
2999 3584 3220 3636 eumque
3293 3565 3485 3619 Valens
3523 3564 3708 3616 libenter

2149 3660 2487 3713 auscultarit.
2522 3660 2717 3711 Aderat
2741 3673 2849 3710 tum
2878 3660 3093 3727 quidam
3119 3659 3328 3711 nomine
3347 3653 3707 3711 Demosthenes,

2151 3752 2444 3806 Castrensis
2495 3753 2633 3804 sacri
2684 3750 2890 3819 palatii,
2944 3752 3036 3814 qui
3076 3767 3195 3802 cum
3241 3750 3556 3818 magistrum
3590 3742 3703 3796 orbis

2151 3858 2412 3899 terrarum
2462 3845 2790 3913 objurgaret,
2850 3843 3243 3895 barbarismum
3290 3842 3532 3894 admisit.
3593 3834 3701 3888 Tum

2151 3937 2426 3990 subridens
2456 3936 2665 3987 divinus
2691 3934 2924 3987 Basilius
2948 3951 2966 3987 :
3004 3933 3247 3986 Vidimus
3269 3972 3283 3997 ,
3329 3934 3534 4000 inquit,
3571 3927 3701 3979 etiam

2151 4027 2551 4080 Demosthenem
2592 4027 2891 4079 litterarum
2933 4038 3225 4095 expertem.
3260 4025 3328 4079 Et
3367 4043 3485 4080 cum
3515 4023 3601 4077 ille
3641 4033 3705 4071 ve-

2151 4118 2441 4169 hementius
2470 4115 2774 4186 indignatus
2798 4119 3117 4184 minaretur,
3142 4119 3368 4184 subiecit
3388 4130 3598 4187 magnus
3617 4108 3703 4164 Ba-

2151 4210 2300 4261 silius
2328 4225 2346 4262 :
2379 4206 2548 4261 Tuum
2579 4224 2768 4261 munus
2798 4217 2898 4271 est,
2919 4210 3251 4271 iusculorum
3278 4212 3605 4264 condimenta
3626 4217 3698 4254 cu-

2154 4316 2291 4352 rare.
2317 4298 2507 4351 Divina
2543 4297 2681 4350 enim
2710 4299 2957 4365 dogmata
2980 4302 3241 4353 exaudire
3274 4316 3381 4353 non
3407 4310 3566 4369 potes,
3602 4304 3695 4345 cum

468 4391 898 4453 concinnitatem,
925 4406 1041 4458 qurc
1071 4399 1179 4442 tam
1212 4390 1265 4441 in
1293 4388 1552 4451 sacrario,
1588 4403 1746 4456 quant
1772 4403 1931 4456 prape
1959 4403 2048 4439 sa-
2081 4404 2126 4459 ι)
2152 4405 2303 4442 aures
2333 4389 2539 4456 [habeas
2579 4389 2895 4441 obstructas.
2942 4386 3011 4441 Et
3065 4388 3302 4443 Basilius
3361 4389 3569 4456 quidem
3618 4384 3699 4432 ista

467 4484 703 4537 orarium
729 4492 865 4543 erat,
896 4482 1192 4549 angelicam
1216 4481 1389 4549 potius
1419 4495 1577 4549 quant
1625 4478 1937 4540 humanam.
1964 4488 2048 4532 at-

466 4590 564 4646 que
592 4575 762 4641 ipsum
799 4573 1013 4635 quidem
1045 4583 1166 4624 ante
1197 4570 1448 4639 populum
1481 4578 1623 4623 recto
1649 4585 1867 4637 corpore
1897 4581 2045 4622 stan-

468 4680 592 4733 tem,
619 4665 827 4733 qualem
856 4664 1138 4733 Scriptura
1175 4662 1475 4717 Samuelem
1508 4661 1775 4727 describit,
1802 4678 1891 4714 nec
1928 4677 2047 4713 cor-

464 4774 614 4828 pore,
652 4772 741 4809 nec
766 4756 954 4818 oculis,
991 4771 1082 4806 nec
1120 4756 1322 4814 animo,
1347 4756 1565 4822 perinde
1595 4771 1657 4806 ac
1684 4755 1728 4806 si
1762 4752 1893 4806 nihil
1932 4753 2049 4806 noui

467 4849 786 4916 contigisset,
820 4846 983 4898 ullam
1015 4848 1070 4898 in
1111 4853 1313 4913 partem
1359 4860 1412 4897 se
1445 4852 1756 4908 moventem,
1791 4843 1880 4894 sed
1907 4841 2047 4905 Deo,

467 4951 523 4993 ut
552 4941 628 4993 ita
659 4940 855 5001 dicant,
881 4951 927 4991 et
960 4938 1121 4991 altari
1148 4937 1398 5006 aﬁixum;
1428 4952 1513 4988 eos
1541 4946 1739 4995 autem,
1788 4952 1819 4985 a
1861 4933 2049 5002 quibus

467 5033 799 5101 cingebatur,
832 5048 949 5083 cum
987 5033 1173 5083 timore
1215 5029 1447 5098 quodam
1481 5044 1541 5079 ac
1574 5027 1862 5079 reverentia
1902 5035 2050 5076 stan.

467 5134 579 5177 tes:
616 5124 749 5188 lucc,
802 5125 1038 5191 inquam,
1084 5123 1242 5174 simul
1288 5132 1443 5189 atque
1470 5119 1733 5186 perspexit
1763 5117 1887 5188 (nec
1914 5118 2052 5168 enim

466 5218 639 5270 simile
658 5219 942 5286 quidquam
973 5232 1201 5281 unquam
1229 5214 1454 5281 viderat)
1482 5213 1772 5263 humanum
1800 5211 2055 5277 quiddam

467 5324 655 5376 passus
691 5317 787 5373 est,
828 5315 983 5376 atque
1020 5306 1294 5357 oculorum
1342 5303 1590 5371 vertigine
1628 5317 1690 5353 ac
1719 5300 1944 5352 tenebris
1977 5316 2056 5350 to-

540 5544 620 5613 (α)
650 5543 819 5611 Epist.
854 5543 942 5605 79.
977 5544 1066 5597 80.

547 5612 623 5679 (ὁ)
657 5615 856 5667 Athan.
885 5615 952 5665 (td
991 5612 1153 5664 Solit.
1232 5653 1247 5666 .

552 5673 627 5752 (τ)
658 5682 772 5739 Lib.
805 5700 878 5750 tv,
914 5700 961 5739 c.
998 5682 1099 5737 l9:
1132 5681 1265 5735 Νη.
1295 5688 1404 5734 tom
1454 5677 1517 5746 ll,
1550 5686 1659 5731 not.
1695 5692 1745 5745 p.
1775 5673 1897 5727 781.

2154 4481 2285 4533 dixit
2318 4478 2669 4532 Demostheni.
2704 4476 2899 4531 Valens
2931 4495 3048 4531 vero
3068 4489 3343 4547 tantopere
3366 4496 3485 4533 eum
3513 4476 3694 4527 miratu:

2154 4582 2254 4634 est,
2282 4582 2335 4623 ut
2363 4570 2714 4637 pulcherrima
2743 4586 2860 4637 qua:
2897 4570 3009 4622 illic
3044 4570 3272 4623 habebat
3306 4570 3509 4637 praedia
3540 4573 3699 4633 palpe'

2159 4662 2301 4714 ribus
2330 4662 2621 4722 donaverit,
2653 4677 2876 4727 quorum
2905 4660 2994 4713 ille
3029 4678 3214 4713 curam
3250 4662 3486 4728 gerebat,
3515 4655 3594 4725 qui
3615 4658 3697 4702 tato

2159 4771 2374 4821 corpore
2396 4754 2623 4806 mutilati
2653 4753 2818 4806 multo
2851 4754 3055 4821 majore
3086 4755 3361 4806 curatione
3417 4746 3693 4816 indigebant.

2157 4846 2453 4900 Asseverat
2502 4845 2735 4899 Basilius
2786 4847 2837 4897 in
2872 4847 3030 4913 epist.
3088 4846 3183 4909 94,
3239 4860 3398 4899 suum
3439 4828 3695 4897 azdiﬁcandi

2154 4938 2559 5007 ptochotropbii
2621 4937 2907 4990 consilium
2977 4936 3189 4989 Valenti
3274 4943 3596 5005 perspectum
3647 4934 3693 4974 ac

2154 5027 2442 5097 probatum
2478 5025 2677 5087 fuisse;
2703 5027 2929 5094 ejusque
2957 5026 3289 5078 auctoritate
3334 5026 3534 5083 utitur,
3557 5023 3605 5065 ut
3633 5010 3694 5061 in-

2152 5119 2355 5171 vidiam
2395 5117 2641 5185 repellat,
2672 5134 2832 5185 quam
2872 5119 2968 5185 ipsi
3030 5117 3272 5171 nonnulli
3315 5116 3553 5170 homines
3579 5098 3688 5172 ει)υά

2154 5210 2436 5278 ρι’ξῐδείιῑθιιι
2456 5212 2522 5259 oh
2548 5219 2858 5274 susceptum
2883 5218 3044 5261 tautae
3063 5209 3221 5262 molis
3243 5207 3524 5261 aedilicium
3544 5201 3693 5278 ereti"

2156 5276 2457 5349 tentabant.
2498 5294 2565 5346 At
2610 5294 2675 5346 de
2715 5292 2956 5346 Valentis
2998 5292 3332 5346 liberalitate
3360 5302 3516 5361 quam
3561 5276 3687 5335 πείκετε

2233 5534 2310 5602 ((1)
2345 5534 2471 5586 Naz.
2498 5548 2579 5585 or.
2608 5530 2697 5602 9.οτ

2236 5600 2305 5673 (e)
2340 5604 2455 5657 Lib.
2490 5618 2559 5669 tv,
2600 5618 2648 5655 c.
2680 5600 2760 5653 l9.
