3820 6210
1480 363 1636 414 Vl'l'A
1678 363 1735 412 δ.
1775 361 2044 414 BASILll.

3203 376 3373 420 LXXXI

113 476 519 545 Theodoretns,
579 476 717 533 nihil
763 493 988 564 prorsus
1037 478 1237 547 legitur
1283 480 1335 532 in
1384 478 1470 532 illa
1493 479 1689 533 'Basilii
1720 485 1762 542 Α
1794 484 1898 535 seri
1923 482 2169 548 spiritum
2208 479 2475 548 abstulit,
2535 481 2835 550 pradicans
2881 481 3146 552 ingratam
3191 499 3373 538 eorum

108 571 354 640 epistola.

175 662 258 716 Vl.
295 662 426 716 Haec
463 661 648 716 Basilii
684 661 902 714 virtutis
929 660 1218 714 admiratio
1249 659 1446 728 injecta
1490 657 1687 713 Valen-

105 757 171 810 tis
197 754 409 818 animo,
441 753 656 806 initium
691 752 792 806 fuit
821 751 965 806 illius
995 753 1048 806 in
1099 749 1444 820 Cappadoces
1499 752 1690 805 huma-

103 845 284 901 nitatis
313 860 330 896 :
364 845 482 898 haec
514 844 688 913 prima
723 843 938 897 exstitit
966 841 1302 909 tempestatis
1331 841 1560 895 sedatio.
1581 839 1686 896 Sed

102 939 204 992 cito
250 935 567 990 instabilem
605 934 750 988 illius
796 935 1032 986 animum
1067 931 1259 985 Ariani
1301 931 1515 986 artibus
1573 931 1687 986 suis

102 1025 480 1077 immutarunt.
513 1023 629 1078 Non
652 1038 813 1076 unqu
847 1032 1028 1076 autem
1058 1023 1350 1077 artiﬁcium
1383 1021 1451 1075 ab
1481 1023 1559 1076 eis
1591 1023 1688 1076 ad-

98 1116 351 1170 hibitum.
399 1115 676 1169 Interdum
731 1114 876 1168 enim
916 1113 1242 1168 catholicam
1295 1113 1452 1167 iidem
1486 1126 1595 1180 prae
1627 1125 1688 1165 se.

97 1209 368 1274 ferebant,
400 1225 464 1263 ac
489 1208 674 1262 Basilii
699 1207 957 1261 doctrina:
983 1207 1238 1261 assentiri
1267 1220 1325 1261 se
1351 1205 1682 1274 profiteban-

99 1311 204 1367 tur,
232 1311 294 1354 ut
345 1310 585 1354 testatur
619 1299 674 1354 S.
722 1299 970 1368 Ephraem
1013 1298 1111 1369 (a).
1147 1297 1264 1352 Non
1293 1297 1496 1352 idcirco
1525 1295 1684 1350 Basi-

96 1392 194 1448 lius
223 1407 422 1447 eorum
459 1390 710 1446 forruulis
751 1398 846 1444 aut
883 1390 1253 1444 communioni
1291 1390 1540 1444 cedebat.
1576 1388 1682 1442 Sed

94 1487 233 1549 inde,
267 1495 333 1538 ut
365 1486 660 1539 verisimile
691 1492 796 1548 est,
830 1497 1016 1537 ansam
1042 1482 1377 1550 arripiebant
1403 1481 1544 1535 illius
1591 1494 1684 1533 ac-

91 1577 312 1630 cusandi
347 1577 492 1645 apud
512 1575 887 1638 Valcntem,ut
915 1573 1149 1627 hominis
1187 1574 1256 1626 ab
1290 1571 1436 1626 omni
1471 1584 1688 1625 accomv

92 1664 404 1717 modatione
449 1671 505 1717 et
543 1662 922 1730 paciﬁcatione
953 1661 1137 1717 alieni.
1183 1660 1280 1715 llis
1321 1661 1529 1716 artibus
1568 1660 1686 1713 vin-

92 1763 217 1807 cunt
243 1753 522 1822 improbi;
554 1754 805 1808 exsilium
831 1753 1160 1819 decernitur,
1183 1762 1444 1823 parantur
1471 1753 1674 1816 omnia,

1789 583 2032 626 mentem.

1862 665 2045 732 Neque
2069 665 2401 719 omittendus
2430 664 2586 718 nobis
2621 663 2848 719 Butinus
2871 661 2970 735 (g),
3011 664 3104 734 qui
3141 680 3254 718 rem
3293 665 3373 722 sic

1789 757 2048 810 edisserit
2081 773 2094 809 :
2129 755 2261 810 Cum
2289 755 2523 809 Basilius
2553 772 2585 808 a
2623 754 2854 819 Valente,
2902 757 3111 823 inquit,
3145 755 3200 809 in
3231 758 3374 810 exsi-

1789 842 1918 896 lium
1942 859 2037 911 pro
2063 843 2168 910 ﬁde
2205 854 2498 912 cogeretur,
2540 844 2803 897 exhibitas
2841 845 2912 897 ad
2945 846 3180 898 tribunal
3223 863 3365 912 prta-

1789 930 1936 997 [ecti,
1991 933 2381 1002 terroribusque
2430 933 2448 1002 (
2475 943 2530 986 ut
2560 933 2667 986 illis
2705 935 2868 986 moris
2896 943 2973 987 est
2996 937 3239 999 potestati
3266 937 3282 1002 )
3322 945 3372 988 et

1788 1023 1948 1076 minis
1982 1025 2234 1077 maximis
2277 1025 2364 1094 agi
2399 1026 2574 1092 coepit,
2612 1035 2659 1078 et
2687 1026 2789 1078 nisi
2817 1027 3092 1094 prteceptis
3119 1028 3373 1096 principis

1788 1116 2043 1180 obediret,
2081 1117 2356 1170 interitum
2389 1117 2490 1170 sibi
2527 1117 2862 1186 jamjamque
2900 1129 3133 1186 speraret
3163 1121 3363 1185 impen-

1785 1205 1928 1258 dere.
1986 1205 2118 1259 Tum
2168 1206 2257 1260 ille
2325 1209 2636 1276 intrepidus,
2699 1218 2748 1262 et
2793 1212 2984 1277 absque
3027 1209 3139 1261 ulla
3198 1210 3366 1262 animi

1785 1297 2179 1365 perturbatione
2215 1300 2325 1352 haec
2345 1298 2446 1352 sibi
2473 1300 2743 1352 minitanti
2769 1300 3018 1367 prtcfecto
3044 1300 3372 1364 respondisse

1786 1389 1954 1458 fertur
1977 1392 2180 1460 .‘Alque
2213 1391 2414 1443 utinam
2447 1390 2647 1460 aliquid
2685 1391 2815 1443 mihi
2847 1399 2978 1443 esset
3009 1391 3156 1459 digni
3180 1385 3368 1443 mune~

1787 1481 1882 1544 ris,
1921 1482 2061 1550 quod
2087 1479 2332 1547 o/ferrem
2377 1481 2499 1533 huic
2525 1524 2539 1547 ,
2582 1481 2672 1550 qui
2722 1481 2978 1534 maturius
2999 1479 3264 1534 Basiliam
3303 1481 3372 1548 de

1787 1573 1924 1624 nodo
1959 1571 2102 1639 follis
2128 1571 2241 1639 ejus
2267 1570 2591 1625 absolveret!
2635 1570 2868 1642 Cumque
2912 1575 3131 1627 daretur
3165 1575 3214 1626 ei
3243 1589 3368 1637 nox,

1783 1679 1901 1731 qua:
1938 1672 2054 1716 erat
2089 1664 2262 1716 media
2292 1665 2361 1716 ad
2389 1665 2616 1730 spatium
2647 1663 3003 1728 deliberandi,
3033 1666 3373 1732 respondisse

1784 1754 1954 1806 denuo
1977 1751 2280 1821 perhibetur
2308 1768 2326 1806 :
2367 1751 2480 1821 Ego
2513 1752 2746 1805 crastino
2802 1754 2910 1820 ipse
2947 1770 3038 1806 ero
3059 1755 3148 1823 qui
3182 1771 3320 1807 nunc
3349 1770 3370 1809 :

90 1857 190 1896 nox
225 1844 448 1905 aderat,
483 1844 536 1897 in
577 1853 833 1912 promptu
886 1859 1101 1908 currus,
1134 1843 1186 1897 in
1232 1843 1422 1912 plausu
1452 1843 1636 1896 hostes
1657 1881 1672 1906 ,
1709 1831 1748 1886 Β
1777 1854 1834 1898 tu
1871 1855 1918 1898 te
1944 1846 2146 1898 utinam
2180 1862 2280 1897 non
2310 1844 2575 1897 mutares!
2600 1844 2663 1898 Et
2688 1845 2786 1897 illa
2821 1846 3029 1916 quidem
3057 1858 3204 1900 nocte
3228 1863 3366 1900 uxor

89 1934 139 1986 in
170 1933 317 1988 luctu
373 1935 487 2004 pii;
537 1935 834 2005 Gregorius
863 1946 917 1990 et
961 1935 1053 1990 alii
1105 1937 1263 1989 amici
1310 1934 1450 1989 latus
1479 1935 1675 1991 alacris

86 2027 312 2081 viatoris
346 2027 643 2096 cingebant
680 2043 695 2080 :
732 2025 967 2082 Basilius
989 2027 1184 2084 exsilio
1219 2026 1540 2094 mulctatus,
1572 2028 1676 2083 hoc

86 2124 290 2169 tantum
329 2116 538 2184 negotii
569 2101 846 2185 suscipit:
890 2116 980 2170 uni
1022 2131 1089 2170 ex
1125 2114 1344 2169 famulis
1395 2115 1675 2185 imperat,

84 2215 142 2258 ut
166 2219 226 2260 se
278 2205 535 2274 acceptis
578 2206 930 2276 pugillaribus
962 2215 1245 2276 sequatur.
1283 2206 1388 2261 Sed
1415 2206 1559 2262 Deus
1595 2223 1676 2263 re-

83 2297 282 2351 scindit
325 2297 511 2351 exsilii
539 2297 825 2352 decretum
864 2317 877 2350 :
939 2298 1080 2352 ﬁlius
1115 2296 1358 2352 Valentis
1387 2297 1443 2351 in
1480 2297 1675 2354 febrim

82 2387 297 2456 incidit,
342 2397 549 2442 etcum
581 2387 734 2443 illius
776 2389 966 2444 morbo
995 2389 1195 2443 nullam
1236 2403 1461 2459 prorsus
1506 2391 1678 2445 medi-

82 2483 256 2536 rinam
293 2490 459 2548 pater
507 2480 814 2545 inveniret,
867 2480 935 2536 ad
975 2479 1235 2536 Basiliam
1268 2479 1534 2551 confugit,
1567 2497 1674 2537 non

83 2572 301 2641 quidem
337 2586 438 2641 per
461 2586 542 2637 se,
569 2572 637 2626 ob
659 2572 1044 2627 contumeliam
1073 2573 1234 2626 modo
1257 2573 1306 2626 ei
1337 2571 1558 2640 factam,
1578 2575 1674 2629 sed

84 2677 178 2731 per
214 2677 317 2716 eos
361 2675 500 2731 quos
535 2670 723 2716 sancto
748 2661 1003 2732 episcOpo
1032 2660 1392 2717 amicissimos
1425 2675 1549 2716 esse
1581 2676 1676 2716 uo-

84 2762 255 2820 verat,
289 2754 347 2808 id
375 2762 461 2808 est
494 2768 593 2822 per
638 2753 952 2809 Terentium
995 2761 1050 2807 et
1084 2751 1358 2809 Victorem
1389 2762 1483 2808 aut
1517 2753 1692 2812 Arin-.

85 2850 307 2902 theam.
326 2844 467 2900 Nam
493 2847 768 2916 magistris
791 2847 868 2900 rei
901 2845 1150 2900 militaris
1181 2846 1283 2901 hoc
1309 2861 1502 2901 munus
1531 2861 1676 2901 com-

83 2940 304 2994 missum
320 2937 494 2992 fuisse
512 2936 677 2991 refert
693 2936 1418 3007 Theodoretus(b).Accurrit
1431 2937 1692 3000 Basilius,.

82 3029 307 3098 ejusque
365 3030 616 3099 ingressu
644 3028 816 3082 levior
845 3030 903 3082 lit
949 3028 1190 3094 morbus,
1223 3043 1324 3084 nec
1365 3028 1682 3082 dubitabant

81 3124 168 3190 qui
209 3125 485 3188 aderant,
518 3124 647 3191 quin
674 3123 872 3176 'lilium
906 3122 1200 3192 imperator
1242 3122 1562 3176 incolumem
1594 3137 1682 3176 re-

81 3215 350 3282 cepisset,
381 3216 427 3270 si
464 3229 574 3268 non
606 3214 749 3268 dulci
785 3229 938 3282 aqua:
972 3214 1170 3269 salsam
1204 3214 1536 3280 miscuisset,
1572 3213 1674 3268 Ba-

80 3305 254 3357 siliam
284 3319 496 3358 vocans
523 3315 578 3358 et
607 3304 877 3358 haereticis
909 3305 1158 3358 credens.
1185 3303 1360 3372 Atque
1393 3305 1508 3359 haec
1555 3303 1674 3374 qui-

89 3395 206 3450 dem
243 3395 554 3465 Gregorius
595 3395 993 3459 Nazianzenus,
1024 3395 1181 3465 cujus
1201 3395 1564 3450 narrationem
1593 3411 1679 3450 ac-

78 3497 264 3541 curate
295 3488 554 3555 sequitur
587 3486 924 3542 Sozomeuus
975 3486 1078 3556 (c);
1115 3497 1169 3541 et
1211 3487 1356 3556 quod
1384 3486 1679 3558 Gregorius

79 3579 153 3633 ait
178 3579 473 3634 Valentem
503 3594 657 3649 aqua:
709 3579 854 3633 dulci
895 3578 1095 3631 salsam
1133 3579 1440 3643 miscuisse,
1480 3580 1532 3631 id
1567 3579 1668 3633 So-

80 3685 348 3724 zomenus
371 3671 766 3738 interpretatur
791 3672 856 3724 de
902 3668 1175 3722 haereticis
1211 3683 1316 3722 una
1351 3683 1472 3724 cum
1504 3667 1658 3722 Basi-

94 3764 166 3816 lio
196 3763 510 3826 advocatis,
539 3773 598 3815 ut
619 3778 715 3831 pro
743 3759 989 3815 Valentis
1017 3760 1130 3815 lilio
1171 3771 1549 3830 precarentur.
1595 3762 1675 3815 Ex

87 3853 442 3910 Theodoreto
489 3855 571 3923 (d)
612 3854 890 3908 Dominica
939 3855 1180 3922 Augusta
1227 3853 1437 3920 magnis
1471 3854 1676 3908 dolori-

80 3947 197 4013 bus,
225 3948 343 4013 vel,
377 3956 435 4000 ut
467 3949 543 4000 ait
567 3947 822 4000 Socrates
851 3943 946 4016 (e),
984 3944 1269 3998 horrendis
1299 3944 1430 3999 visis
1453 3955 1665 4012 vexata,

81 4037 298 4092 Valenti
342 4049 536 4092 auctor
562 4036 686 4104 fuit,
712 4046 771 4090 ut
795 4036 1053 4089 Basilium
1079 4046 1408 4090 accerseret.

147 4127 258 4186 Res
288 4147 322 4184 a
358 4130 419 4184 S.
450 4127 699 4199 Ephrazm
737 4127 804 4198 (Γ)
855 4127 935 4182 sic
977 4135 1230 4180 narratur
1265 4144 1278 4179 :
1331 4126 1472 4180 Dum
1519 4129 1672 4197 gravi

79 4225 263 4275 morbo
310 4221 641 4274 detineretur
686 4220 830 4286 filius
867 4219 1122 4288 tyranni,
1177 4219 1434 4287 rogabant
1493 4223 1666 4273 virum

80 4316 237 4376 hunc,
275 4322 341 4366 ut
363 4329 462 4380 pro
499 4329 561 4366 eo
590 4321 928 4380 precaretur;
950 4310 1043 4364 illo
1062 4326 1177 4365 vero
1196 4321 1516 4379 praponente
1545 4327 1673 4364 con-

81 4406 341 4458 ditionem
380 4420 398 4457 :
431 4401 493 4456 Si
536 4419 656 4457 eum
707 4402 835 4456 mihi
865 4403 1171 4466 tradideris,
1219 4412 1273 4454 ut
1309 4403 1570 4454 adducam
1602 4401 1670 4453 ad

1777 1934 2112 2001 imperatoris
2136 1932 2272 1986 velut
2305 1933 2593 1985 tortoribus
2624 1934 2826 1985 tradita
2857 1935 3168 1999 cruciatur;
3212 1935 3359 2002 ﬁlius

1777 2040 1895 2077 vero
1923 2023 2014 2095 qui
2035 2027 2108 2076 eis
2141 2033 2254 2076 erat
2287 2025 2496 2087 unicus,
2524 2024 2812 2077 exstinctus
2841 2033 3078 2092 paternae
3116 2027 3364 2089 impieta-

1778 2115 1842 2168 tis
1869 2115 2103 2168 creditur
2125 2117 2406 2169 ea'soltisse
2430 2116 2710 2185 supplicia.
2740 2113 2826 2168 Ita
2846 2125 2968 2168 ante
2996 2115 3161 2170 lucem
3193 2119 3364 2184 missi,

1777 2210 1868 2280 qui
1895 2219 2140 2279 rogarent
2183 2209 2472 2274 Basilium,
2511 2220 2566 2262 ut
2599 2210 2839 2278 precibus
2875 2211 2986 2262 suis
3019 2210 3366 2264 intercederet

1777 2319 1872 2369 pro
1903 2303 2004 2366 eis,
2046 2319 2108 2355 ne
2135 2303 2294 2355 etiam
2321 2303 2446 2372 ipsi,
2471 2314 2518 2356 et
2551 2301 2761 2372 quidem
2792 2302 2959 2355 multo
2973 2303 3178 2372 justius
3212 2305 3366 2356 sinti-

1779 2392 1901 2446 liter
1928 2394 2222 2446 interirent.

1853 2485 1963 2540 Vll.
1995 2484 2130 2540 Victi
2159 2496 2214 2540 at
2245 2500 2348 2540 non
2377 2483 2654 2554 defatigati
2690 2485 2877 2540 Ariani
2900 2501 3006 2539 non
3041 2485 3210 2539 multo
3240 2495 3365 2554 post

1782 2575 1848 2628 ad
1881 2589 2113 2645 pugnam
2154 2573 2455 2637 redierunt,
2483 2586 2536 2629 et
2561 2575 2828 2628 inﬁrmam
2859 2574 3104 2630 Valentis
3131 2585 3366 2630 mentem

1782 2667 1936 2722 novis
1976 2667 2186 2721 artibus
2215 2667 2454 2735 aggressi
2513 2673 2660 2720 sunt.
2699 2666 2850 2720 lianc
2878 2677 3058 2720 autem
3096 2667 3371 2736 imprimis

1782 2760 1957 2814 aleam
1992 2759 2372 2824 adhibuerunt,
2391 2773 2512 2828 quas
2543 2773 2766 2827 perraro
2791 2759 3031 2822 fallebat,
3069 2771 3128 2812 ut
3164 2759 3366 2814 Basilio

1788 2860 1970 2905 stante
2014 2851 2146 2904 nihil
2186 2865 2248 2905 se
2282 2865 2602 2919 promovere
2627 2865 2804 2918 posse,
2851 2864 2915 2905 eo
2944 2851 3184 2921 relegato
3217 2863 3373 2906 ciete-

1784 2958 1876 2998 ros
1905 2942 2061 2996 facile
2088 2957 2341 2997 cessuros
2381 2942 2625 2996 dicerent
2655 2941 2751 3014 (It).
2787 2940 2975 2997 Gravis
3011 2945 3149 2996 enim
3171 2943 3260 2998 ille
3275 2960 3370 2998 no-

1785 3036 1862 3090 bis
1895 3046 1990 3102 est,
2017 3036 2255 3099 aiebant,
2288 3033 2362 3088 vel
2402 3035 2572 3088 solum
2600 3045 2928 3102 conspectus.
2963 3032 3170 3088 Etenim
3211 3035 3364 3088 valde

1784 3127 2080 3181 contrarius
2124 3125 2271 3178 nobis
2314 3134 2388 3178 est
2426 3126 2480 3179 in
2527 3125 3206 3194 sermonibus:propterea
3247 3127 3368 3193 ﬁeri

1785 3217 1982 3287 nequit,
2006 3217 2314 3285 imperator,
2348 3223 2405 3269 ut
2437 3214 2566 3284 ﬁdes
2603 3226 2785 3268 nostra
2826 3231 3158 3285 progressum
3191 3217 3367 3283 capiat

1779 3309 1826 3362 si
1855 3309 1953 3361 iste
2001 3308 2160 3362 adsit.
2218 3307 2419 3361 lterum
2452 3322 2584 3377 ergo
2615 3308 2922 3362 decernitur
2946 3305 3228 3371 exsilium,
3258 3309 3354 3361 sed

1781 3400 1923 3453 Deus
1959 3414 2098 3453 novo
2127 3398 2392 3453 miraculo
2439 3414 2598 3454 suum
2627 3398 2886 3453 Ecclesiae
2918 3399 3238 3454 Caesariensi
3269 3413 3366 3468 pa-

1780 3500 1983 3546 storem
2015 3491 2273 3552 servavit,
2311 3490 2455 3558 quod
2489 3507 2520 3542 a
2546 3489 2604 3544 S.
2648 3489 2899 3559 Eplirazm
2941 3489 3002 3560 (ὅ)
3044 3489 3126 3545 sic
3173 3505 3368 3544 narra-

1780 3587 1868 3633 tur
1903 3598 1916 3634 :
1949 3578 2152 3631 Harant
2182 3579 2530 3642 sermonibus,
2557 3579 2750 3645 inquit,
2775 3577 3023 3631 inductus
3056 3579 3366 3644 imperator,

1779 3672 2003 3738 suscepit
2033 3669 2085 3722 in
2116 3670 2361 3722 exsilium
2401 3685 2518 3721 eum
2561 3669 2808 3722 mittere:
2855 3668 3035 3720 statim
3063 3683 3181 3720 vero
3213 3669 3363 3720 calas

1778 3775 1917 3821 mus,
1953 3759 2042 3828 qui
2080 3775 2182 3810 non
2217 3758 2503 3810 sustineret
2535 3757 2716 3826 iniquo
2768 3755 3062 3810 subservire
3106 3757 3328 3810 consilio
3350 3795 3366 3820 ,

1779 3850 1920 3902 ultro
1963 3849 2268 3915 confractus
2323 3859 2440 3912 est,
2498 3848 2828 3915 insipientem
2878 3848 3156 3912 erudiens,
3207 3863 3368 3915 quam

1779 3955 1987 3994 enorme
2015 3939 2224 4006 facinus
2249 3947 2460 4005 patrare
2477 3937 2623 3990 vellet
2644 3937 2699 3990 in
2727 3952 2929 3990 servum
2955 3933 3176 4000 Christi,
3202 3937 3362 3988 unius

1777 4030 1832 4084 in
1862 4029 2024 4084 Patre
2056 4039 2102 4083 et
2133 4028 2277 4082 Filio
2302 4038 2348 4081 et
2375 4027 2580 4097 Spiritu
2610 4037 2793 4081 sancto
2823 4027 3125 4080 divinitatis
3160 4043 3363 4095 pra‘co-

1779 4139 1918 4185 nem,
1942 4123 2129 4192 quique
2149 4124 2222 4174 ita
2242 4138 2345 4174 non
2367 4121 2646 4174 sentientes
2673 4131 2763 4173 aut
2790 4120 3079 4188 loquentes,
3107 4132 3364 4186 tanquam

1781 4231 1938 4268 canes
1973 4214 2186 4267 rabidos
2219 4215 2487 4282 sapienter
2515 4214 2880 4282 redarguebat.
2920 4212 3247 4266 Cumautem
3263 4225 3367 4263 non

1778 4307 1994 4361 sentiret
2020 4307 2086 4370 is,
2116 4307 2352 4358 inanimo
2376 4305 2583 4358 calamo
2613 4303 2990 4366 insensibilior,
3015 4302 3159 4370 [ilius
3187 4316 3366 4353 revera

1776 4398 1993 4461 erroris,
2015 4397 2302 4450 secundum
2329 4411 2532 4465 quoque
2556 4397 2776 4464 sumpsit
2810 4395 2877 4446 ad
2909 4392 3363 4453 subscribendum,

81 4480 490 4549 inoculatum
535 4494 694 4562 ﬁdem
715 4532 732 4559 ,
768 4492 1083 4558 liberamque
1120 4491 1184 4544 ab
1217 4494 1359 4546 omni
1406 4493 1673 4561 impietate
1709 4499 1752 4555 υ
1777 4501 1823 4543 et
1858 4491 1927 4542 ad
1947 4490 2108 4558 ﬁnem
2134 4489 2506 4556 imponendum
2531 4485 2684 4539 mala:
2707 4485 2992 4548 voluntati;
3025 4498 3202 4537 verum
3227 4485 3365 4534 hunc

81 4588 302 4640 Ariona
342 4587 605 4638 doctrinm
623 4604 645 4640 .·
665 4594 713 4637 et
747 4585 860 4653 ipso
885 4585 1243 4646 assentiente;
1287 4583 1467 4636 statim
1509 4581 1671 4636 Basi-

83 4679 184 4733 lius
213 4694 316 4745 pro
351 4679 672 4745 imperatore
723 4685 929 4730 terrena
962 4692 1087 4745 erga
1132 4677 1392 4729 ctelestem
1421 4675 1677 4728 interces-

83 4787 169 4825 sor
186 4773 399 4826 mtitit
429 4771 659 4837 ;obtulit
689 4771 788 4823 viri
820 4770 1165 4838 promissum,
1209 4768 1358 4834 eique
1397 4768 1678 4820 sanitatem

85 4863 179 4930 ﬁlii
207 4865 417 4919 retulit.
455 4861 523 4916 Ut
566 4873 740 4916 autem
770 4872 1029 4928 serpentes
1050 4861 1292 4914 viderunt
1313 4874 1535 4927 puerum
1561 4873 1674 4911 ser-

86 4965 284 5022 ratum,
323 4972 516 5009 rursus
545 4955 670 5009 levis
690 4955 1028 5023 imperatoris
1051 4963 1274 5006 mentem
1291 4953 1670 5020 depravarunt,

87 5049 303 5118 ejusque
338 5049 519 5118 ﬁlium
563 5058 833 5115 acceptum
884 5047 1223 5115 baptizarunt
1253 5060 1414 5112 aqua,
1448 5059 1551 5095 non
1589 5051 1674 5094 ta-

88 5157 201 5194 men
230 5141 482 5210 Spiritu;
515 5139 770 5192 docebant
802 5139 1060 5208 abnegare
1108 5133 1313 5188 Filium
1350 5134 1488 5198 Dei;
1533 5135 1670 5186 inte-

89 5235 197 5285 rius
225 5233 552 5295 irretientes,
579 5241 626 5284 et
647 5231 1175 5284 exteriusinduentes
1197 5243 1215 5291 ,'
1251 5227 1383 5296 foris
1401 5224 1672 5280 Christum

91 5324 279 5389 induit,
303 5327 454 5378 intus
484 5323 764 5379 dilacerat.
800 5320 978 5388 Quare
1009 5337 1115 5374 non
1166 5320 1335 5374 multo
1375 5330 1512 5387 post,
1566 5317 1671 5371 mi-

77 5540 85 5548 .
159 5501 438 5572 (a)Cotel.
472 5509 609 5556 tom.
630 5499 696 5554 lll
725 5497 1074 5571 Illonumeut.

162 5573 239 5643 (li)
273 5573 392 5627 Lib.
428 5588 506 5637 tv,
534 5572 705 5643 c._l9.

162 5640 234 5711 (τῇ
257 5645 373 5698 Lib.
404 5659 482 5707 VI,
505 5658 559 5696 c.
596 5640 685 5694 16.

166 5711 248 5780 (ἀ)
279 5716 398 5768 Lib.
434 5729 510 5779 tv,
541 5726 589 5764 c.
626 5712 712 5766 l9.

175 5789 247 5856 te)
280 5786 418 5842 lbid.
456 5799 506 5839 c.
535 5780 628 5836 36.

1785 4580 2031 4635 similiter
2067 4581 2330 4648 confringi
2355 4580 2505 4642 vidit,
2531 4595 2622 4630 nec
2653 4580 2762 4645 pati
2793 4576 2919 4629 velle
2943 4575 3366 4628 communionem

1781 4673 1936 4737 ntali,
1971 4673 2112 4743 quod
2141 4674 2249 4740 ipse
2283 4673 2457 4740 facere
2484 4673 2768 4724 nitebatur.
2796 4669 2935 4734 Quid
2958 4668 3186 4730 conaris,
3212 4685 3240 4721 ο
3265 4669 3366 4719 im-

1782 4771 2020 4832 perator,
2049 4764 2104 4813 in
2131 4762 2460 4830 peregrinam
2495 4776 2612 4812 eum
2639 4760 2826 4828 ejicere
2850 4761 3137 4824 regionem,
3159 4757 3247 4825 qui
3282 4757 3366 4809 in-

1783 4853 2139 4908 habitatorem
2175 4851 2328 4904 habet
2359 4852 2598 4903 universa
2643 4848 2982 4916 complentem
3005 4848 3030 4899 ἔ)
3051 4845 3160 4900 Cur
3182 4862 3367 4913 capere

1782 4953 1952 4998 lentas
1979 4943 2110 4996 nulli
2151 4943 2548 5010 expugnabilem
2575 4940 2598 4993 ἒ)
2645 4938 2823 5004 Quare
2853 4938 3066 4990 civitate
3106 4935 3260 5005 pellis
3287 4938 3365 5017 ci:

1780 5053 1888 5090 vent
1922 5036 2081 5090 ctuti?
2112 5032 2255 5086 Nam
2288 5033 2333 5085 si
2363 5034 2573 5084 tertium
2604 5047 2807 5100 auoque
2837 5030 3100 5082 calamum
3127 5042 3365 5094 sumpse-

1775 5131 1868 5192 ris,
1889 5144 2066 5182 cernes
2089 5126 2398 5189 contritum,
2430 5125 2714 5184 nolentem,
2743 5137 2834 5174 nec
2857 5118 2950 5172 tibi
2975 5128 3362 5186 cooperantem.

1777 5222 1928 5287 Quod
1965 5222 2142 5289 utique
2173 5219 2331 5271 etiam
2373 5216 2613 5284 contigit.
2652 5212 2795 5266 Tunc
2839 5221 3016 5279 aperte
3052 5208 3274 5261 victoria
3321 5223 3353 5258 α

1774 5313 1974 5366 cunctis
2001 5311 2292 5381 praedicata
2343 5309 2462 5376 fuit,
2512 5317 2622 5359 tum
2667 5305 2873 5357 illustre
2914 5312 3169 5371 tropaeum
3211 5296 3356 5354 invi-

1868 5489 1936 5560 (f)
1962 5486 2131 5560 Gotel.
2165 5493 2204 5542 ι.
2247 5484 2314 5540 Ill
2375 5483 2614 5538 Monum.
2645 5483 2874 5547 ἱέρειαι,
2901 5497 2955 5552 p.
2985 5479 3073 5534 65.

1963 5559 2080 5612 Lib.
2105 5573 2183 5631 χι,
2219 5573 2268 5610 c.
2299 5561 2352 5631 ετ

1859 5620 1937 5698 (ἦ)
1969 5628 2140 5682 Cotel.
2172 5636 2303 5698 toni.
2334 5625 2423 5694 ιιι,
2449 5624 2688 5679 Monum.
2715 5621 2888 5688 εἰει-1.,
2917 5634 2971 5689 p.
3000 5620 3091 5676 64.

1857 5695 1927 5770 τι)
1954 5700 2086 5754 una.
2113 5712 2168 5766 p.
2193 5695 2283 5750 65.
