3820 6210
1898 200 1919 223 ο

510 386 698 425 LXXXII

1883 368 2415 427 PR‘OLEGOMENA.

511 486 581 536 cti
608 483 856 544 hominis,
894 482 1083 535 calami
1118 491 1217 535 (res
1250 482 1585 548 exstiterunt,
1614 481 1923 536 Trinitatem
1959 501 2081 535 con-
2116 495 2163 547 Α
2194 486 2525 541 calamorum
2568 489 2619 541 in
2644 486 2932 543 scribendo
2966 484 3138 539 exsilii
3180 485 3398 539 decreto
3434 483 3731 541 fractorum.

510 576 909 628 substantialth
968 575 1280 641 pra'dicanti
1334 575 1745 640 patrocinantes.
1802 574 1992 628 Manus
2022 576 2089 627 ad

508 667 879 735 proferendam
910 666 1218 718 sententiam
1250 665 1553 732 festinabat,
1574 676 1618 717 et
1647 666 1838 717 calami
1870 683 1985 718 eam
2009 668 2091 717 in-

503 758 709 824 justam
738 758 1188 810 demonstrarunt.
1223 754 1271 808 Μ
1285 772 1416 807 anus
1440 773 1657 823 pravum
1677 758 1939 808 calculum
1960 758 2089 810 dare

511 844 867 916 properabat;
910 847 1103 900 calami
1139 864 1259 900 vero
1296 848 1453 900 inane
1492 848 1725 899 studium
1768 850 2083 901 retinebant.

514 942 715 996 imbres
746 941 1133 994 miraculorum
1179 941 1377 1011 pluisse
1420 942 1494 994 ait
1533 942 1610 1011 (p.
1643 941 1732 1009 64)
1772 940 1909 995 idem
1948 943 2085 995 scri-

510 1042 654 1101 ptOr,
692 1048 858 1102 seque
907 1035 1010 1087 huc
1060 1050 1224 1086 unum
1276 1036 1341 1087 de
1379 1033 1628 1087 omnibus
1661 1048 1905 1087 narrare.
1940 1035 2082 1087 Idem

509 1126 825 1178 miraculum
852 1134 1035 1177 narrat
1066 1123 1438 1178 Theodoretus
1466 1124 1565 1193 (α),
1599 1125 1853 1192 additque
1888 1125 2083 1178 Valen-

511 1226 643 1280 tem,
674 1233 797 1269 cum
830 1218 1068 1270 secumlo
1102 1227 1155 1269 et
1186 1218 1346 1270 tertio
1366 1217 1606 1270 calamus
1664 1210 1855 1269 luisset
1889 1218 2084 1269 contri-

510 1319 616 1369 tus,
654 1312 842 1359 dextra
878 1308 1059 1360 subito
1089 1307 1300 1360 concuti
1334 1320 1395 1359 ac
1433 1315 1664 1359 tremere
1688 1306 1937 1373 cmpisse.

589 1397 720 1451 Vill.
772 1398 948 1452 Locus
999 1398 1218 1467 quidam
1248 1397 1493 1463 Gregorii
1542 1396 1870 1449 Nazianzeni
1907 1395 2083 1449 minus

507 1500 657 1545 recte
691 1490 994 1543 intellectus
1018 1491 1067 1542 in
1094 1492 1359 1543 maximas
1377 1490 1778 1543 Tillemontium
1806 1489 2083 1557 angustias

508 1582 756 1649 conjecit.
798 1580 1088 1651 Postquam
1130 1582 1311 1635 retulit
1334 1581 1649 1649 Gregorius,
1682 1579 1954 1634 Valentem
1984 1579 2083 1631 Ba-

507 1676 611 1727 silii
650 1675 1009 1728 admiratione
1066 1673 1369 1741 perculsmn
1432 1672 1688 1733 vetuisse,
1722 1684 1787 1724 ne
1813 1672 1893 1724 vis
1916 1673 1962 1725 ei
1997 1672 2080 1723 in-

507 1767 759 1831 ferretur,
801 1777 853 1821 et
887 1769 1009 1820 dum
1036 1768 1173 1821 dona
1208 1766 1388 1831 offert,
1419 1767 1615 1819 mirum
1644 1767 1694 1819 in
1718 1768 1933 1821 modum
1969 1780 2081 1819 tre-

508 1862 708 1913 muisse
746 1875 807 1913 ac
862 1860 1152 1925 titubasse,
1203 1874 1438 1929 cumque
1487 1876 1675 1913 rursus
1703 1859 1756 1911 in
1789 1860 2077 1914 ecclesiam
2112 1840 2152 1893 Β

506 1955 762 2017 venisset,
800 1954 941 2007 intra
977 1954 1149 2007 velum
1186 1954 1397 2007 divinas
1422 1953 1602 2006 Basilii
1633 1967 1795 2006 voces
1821 1954 2078 2019 audiisse;

508 2056 811 2113 postquam,
869 2046 1122 2113 inquam,
1181 2046 1293 2097 hrcc
1334 2047 1603 2103 narravit.
1663 2046 1845 2097 statim
1882 2045 2078 2099 addit:

506 2138 654 2205 Αὐτὴ
674 2137 881 2204 γίνεται
910 2139 1006 2206 τῆς
1040 2136 1131 2187 τοῦ
1160 2136 1422 2205 βασιλέως
1455 2138 1579 2207 περὶ
1598 2126 1758 2205 ’ἡμᾶς
1782 2135 2082 2205 φιλανθρω-

507 2227 635 2289 πίας
669 2228 832 2297 ὰρχὴ,
866 2228 957 2279 καὶ
989 2226 1321 2289 κατάστασις
1354 2227 1565 2297 πρώτη,
1593 2226 1749 2279 τοῦτο
1777 2227 1835 2278 τὸ
1869 2227 2079 2295 λῆμμα,

504 2319 605 2387 τῆς
634 2318 754 2371 τότε
786 2319 1099 2389 διοχλούσης
1139 2320 1399 2388 ἐπηρείας
1434 2320 1494 2371 τὸ
1524 2320 1772 2371 πλεῖστον
1807 2318 1993 2387 ὥσπερ
2030 2336 2081 2369 τι

509 2410 688 2480 ῥεῦμα
738 2410 999 2463 διέλυσεν.
1039 2408 1156 2464 Hoc
1196 2412 1400 2463 exstitit
1441 2412 1795 2479 imperatoriw
1834 2427 1956 2479 erga
1988 2426 2081 2461 nos

506 2505 848 2558 humanitatis
876 2514 924 2557 et
959 2506 1247 2558 clementia:
1268 2504 1585 2573 principium
1609 2519 1627 2556 :
1661 2504 1770 2557 Ita'c
1799 2504 1969 2571 prima
1998 2519 2081 2556 se-

507 2598 653 2649 datio
683 2611 701 2650 :
728 2598 837 2649 htec
868 2599 1074 2651 occasio
1107 2597 1393 2648 maximam
1424 2596 1781 2664 impressionis
1799 2594 1941 2647 illius
1958 2611 2083 2659 par-

508 2696 632 2747 tem,
662 2703 764 2755 qua
788 2697 897 2739 tum
936 2687 1278 2749 vexabamur,
1311 2702 1416 2739 non
1446 2702 1591 2739 secus
1621 2702 1681 2737 ac
1707 2686 1899 2754 ﬂuctus
1927 2701 2083 2753 quos-

506 2781 652 2842 dam,
677 2778 828 2848 {regit
861 2796 921 2831 ac
954 2779 1214 2832 dissolvit.
1251 2777 1373 2831 lla‘c
1416 2777 1585 2832 refert
1610 2777 1989 2831 Tillemontius
2016 2777 2081 2829 ad

506 2867 799 2920 secundum
838 2865 1077 2920 Valentis
1107 2868 1159 2919 in
1191 2867 1479 2920 ecclesiam
1519 2866 1849 2935 ingressum,
1870 2881 1934 2920 ac
1957 2866 2081 2919 inde

507 2966 656 3012 certo
713 2959 890 3029 colligi
922 2960 1216 3021 existimat,
1254 2958 1512 3012 Basilium
1568 2974 1631 3012 ac
1676 2973 1866 3013 omnes
1913 2958 2078 3011 etiam

506 3048 861 3117 Cappadocia:
891 3049 1151 3103 ecclesias
1182 3048 1387 3117 reliquo
1423 3046 1659 3101 Valentis
1695 3047 1909 3117 imperii
1944 3057 2083 3100 tem-

508 3155 661 3209 pore,
687 3141 769 3195 vel
811 3140 1001 3194 saltem
1033 3140 1166 3193 satis
1199 3138 1289 3193 diu
1323 3148 1446 3207 post
1480 3138 1665 3192 Basilii
1698 3153 1819 3192 cum
1853 3139 2079 3192 Valente

507 3231 875 3299 colloquium,
934 3246 1118 3299 pacem
1172 3232 1477 3286 retinuisse.
1536 3230 1640 3283 Sed
1697 3230 2081 3283 animadvertit

508 3320 885 3375 Tillemontius
912 3322 1121 3390 longam
1157 3321 1299 3374 illam
1330 3336 1537 3390 pacem,
1577 3337 1737 3388 quam
1775 3322 2074 3374 secundum

510 3411 750 3464 Valentis
801 3410 851 3462 in
903 3412 1190 3463 ecclesiam
1235 3412 1539 3477 ingressum
1578 3422 1931 3463 consecutam
1958 3424 2079 3463 esse

506 3511 679 3571 putat,
710 3503 988 3555 conciliari
1015 3519 1118 3556 non
1156 3517 1312 3571 posse
1339 3516 1459 3556 cum
1483 3504 1882 3571 persecutione,
1916 3518 2077 3571 quam

506 3592 686 3645 statim
721 3603 906 3645 narrat
930 3592 1223 3661 Gregorius
1264 3603 1547 3661 postquam
1602 3594 1667 3647 de
1699 3594 1938 3646 secundo
1973 3591 2079 3644 Va-

508 3684 666 3736 lenti's
694 3683 745 3735 in
782 3684 1071 3738 ecclesiam
1116 3684 1359 3753 ingressu
1392 3683 1602 3737 locutus
1635 3694 1738 3737 est.
1778 3683 1903 3737 llaec
1929 3684 2074 3737 enim

504 3776 831 3844 persecutio,
855 3776 905 3827 in
939 3790 1042 3843 qua
1066 3774 1340 3829 decretum
1372 3774 1567 3829 Basilio
1591 3777 1836 3829 exsiliqu
1861 3777 2079 3830 morbus

505 3865 709 3919 Galatae
736 3867 954 3930 avertit,
980 3867 1068 3919 diu
1095 3865 1299 3921 dill‘erri
1331 3883 1435 3921 non
1472 3877 1681 3937 potest;
1713 3867 1980 3934 siquidem
2012 3881 2077 3920 ex

505 3956 789 4012 Themislii
817 3960 1063 4011 oratione
1089 3974 1228 4012 anno
1256 3959 1385 4023 575,
1410 3960 1758 4027 pronuntiata
1794 3960 1846 4011 in
1878 3974 2079 4011 annum

505 4049 771 4102 decimum
798 4048 1063 4115 Valentis,
1088 4030 1197 4117 jam
1236 4060 1504 4104 mortuum
1533 4066 1650 4105 esse
1676 4051 1921 4105 Galatam
1954 4065 2078 4119 per-

505 4134 751 4202 Spicitur.
787 4135 930 4188 Solvi
965 4145 1144 4203 posset
1174 4135 1482 4199 dillicultas,
1519 4137 1564 4190 si
1612 4151 1717 4203 qua
1759 4136 1966 4189 ratione
1999 4134 2081 4187 ui-

508 4236 713 4280 teretur
744 4226 885 4295 quod
936 4236 1123 4279 narrat
1171 4224 1462 4290 Socrates,
1505 4236 1673 4280 totam
1724 4242 1839 4281 rem
1882 4226 2078 4279 Antio-

505 4315 641 4369 chiae
673 4325 877 4384 gestam
906 4330 1048 4381 esse,
1077 4332 1251 4385 eoque
1292 4318 1620 4371 accersitum
1658 4318 1939 4371 Basilium.
1977 4318 2075 4371 Va-

504 4407 691 4473 lesius,
726 4408 816 4477 qui
840 4410 978 4463 hanc
1004 4410 1314 4477 Opinionem
1349 4410 1544 4464 merito
1572 4409 1771 4475 rejicit,
1793 4408 2077 4464 Valentem

2106 3177 2147 3235 C

2196 576 2301 629 Sed
2340 577 2556 644 coujicit
2589 578 2674 630 vel
2725 576 3023 630 Antiochiae
3066 590 3185 629 rem
3225 586 3432 645 gestam
3480 590 3629 637 esse,
3659 579 3735 634 ubi

2192 683 2294 720 non
2320 670 2489 723 semel
2510 670 2644 723 inita
2670 670 2735 724 de
2758 670 3005 738 pellendo
3022 668 3217 722 Basilio
3234 668 3457 723 consilia
3480 687 3493 733 ;
3518 670 3599 723 vel
3618 670 3737 724 hanc

2188 773 2383 810 novam
2409 761 2838 827 persecutionem
2864 768 2988 813 ante
3012 759 3311 813 secundum
3333 759 3573 813 Valentis
3594 760 3642 812 in
3664 775 3740 813 ec-

2190 849 2406 903 clesiam
2447 850 2749 919 ingressum
2784 852 3097 921 contigisse,
3127 852 3208 905 vel
3234 852 3286 903 in
3312 851 3420 903 alio
3452 850 3737 905 Cazsaream

2189 938 2428 996 Valentis
2458 944 2715 1008 adventu,
2750 943 2839 1011 qui
2873 943 2925 995 in
2961 944 3101 996 hanc
3136 942 3322 996 urbem
3346 942 3527 997 redire
3561 943 3737 1011 potuit,

2187 1032 2283 1085 etsi
2322 1048 2425 1086 non
2457 1033 2656 1101 legitur
2684 1036 2931 1089 rediisse.

2256 1122 2325 1175 At
2383 1124 2585 1177 inutilis
2622 1140 2843 1193 prorsus
2892 1124 3105 1177 videtur
3165 1132 3243 1177 tot
3303 1123 3723 1191 conjecturarum

2185 1224 2347 1277 opera
2390 1210 2443 1264 in
2501 1226 2559 1265 re
2600 1226 2695 1266 sua
2747 1221 2938 1281 sponte
2975 1212 3149 1266 soluta
3194 1220 3248 1265 et
3307 1213 3593 1281 explicata.
3624 1215 3738 1267 Nam

2186 1306 2300 1359 lucc
2329 1306 2577 1374 Gregorii
2612 1307 2773 1361 verba
2807 1322 2819 1357 :
2866 1304 2981 1358 [Ioc
3010 1306 3109 1372 fuit
3146 1306 3483 1372 imperatoris
3513 1321 3634 1374 erga
3662 1323 3737 1359 nos

2184 1395 2531 1451 humanitatis
2556 1399 2787 1463 initium,
2816 1399 2927 1451 lucc
2952 1400 3124 1465 prima
3160 1412 3334 1449 rerum
3366 1398 3593 1459 sedatio,
3624 1408 3737 1461 για,

2184 1503 2287 1541 non
2344 1488 2655 1543 referuntur
2688 1491 2751 1543 ad
2806 1490 2933 1543 illud
2978 1489 3224 1543 Valentis
3256 1490 3398 1541 intra
3427 1490 3605 1543 velum
3634 1506 3737 1543 cum

2183 1576 2380 1632 Basilio
2410 1579 2758 1646 colloquium,
2780 1581 2871 1633 sed
2902 1580 2969 1632 ad
3005 1579 3149 1631 illam
3174 1577 3357 1632 Basilii
3396 1580 3611 1633 virtutis
3656 1582 3737 1632 ad-

2183 1670 2546 1734 mirationem,
2589 1686 2695 1739 qua
2754 1671 3031 1736 perculsus
3066 1668 3262 1724 Valens
3310 1672 3483 1725 vetuit
3541 1672 3591 1724 ei
3647 1670 3737 1723 vim

2185 1761 2393 1815 inferri.
2432 1761 2488 1814 ιιι
2547 1771 2692 1831 patet
2742 1763 2797 1813 1ο
2825 1777 2889 1815 ex
2943 1770 3054 1817 tota
3087 1763 3417 1815 narrationis
3448 1764 3609 1816 serie.
3659 1762 3737 1815 Ait

2182 1855 2323 1909 enim
2352 1853 2643 1923 Gregorius
2674 1853 2952 1909 Valentem
2980 1894 2996 1921 ,
3027 1855 3112 1910 his
3143 1870 3261 1924 quae
3297 1854 3535 1909 Basilius
3577 1870 3737 1924 gesse-

2185 1955 2268 1998 rat
2301 1946 2517 2010 auditis,
2562 1946 2614 1999 in
2651 1955 2855 1999 tantam
2905 1947 3047 2001 illius
3076 1948 3292 2002 virtutis
3342 1949 3737 2002 admirationem

2184 2036 2419 2099 venisse,
2457 2045 2516 2089 ut
2561 2036 2609 2089 ei
2666 2038 2775 2089 vim
2809 2037 2999 2092 inferri
3046 2040 3313 2103 vetuerit,
3351 2039 3513 2109 eique
3542 2039 3739 2093 satisfa-

2184 2128 2359 2180 ciendi
2412 2143 2576 2181 causa
2628 2130 2678 2182 in
2744 2131 3033 2185 ecclesiam
3090 2133 3322 2197 venerit,
3353 2133 3440 2186 ubi
3482 2134 3549 2186 ad
3583 2132 3735 2185 solum

2184 2215 2366 2271 Basilii
2413 2229 2687 2286 aspectum
2718 2223 3048 2276 contremuit
3076 2232 3130 2275 et
3175 2223 3444 2287 titubavit,
3478 2237 3542 2275 ac
3575 2231 3736 2291 postea

2184 2311 2398 2365 rediens
2454 2312 2669 2381 longum
2723 2314 2862 2367 illius
2919 2315 3129 2369 videndi
3164 2324 3218 2368 et
3260 2316 3511 2368 audiendi
3547 2314 3739 2367 deside-

2184 2402 2322 2456 rium
2359 2404 2613 2473 explevit.
2637 2404 2788 2472 Quod
2819 2420 2947 2475 ergo
2970 2408 3152 2460 statim
3179 2408 3327 2461 addit
3352 2408 3494 2460 hanc
3531 2407 3737 2475 primam

2185 2492 2350 2547 fuisse
2387 2496 2721 2563 tempestatis
2767 2498 3121 2564 sedationem,
3156 2499 3228 2551 id.
3258 2497 3550 2551 manifeste
3596 2498 3739 2551 refer-

2184 2593 2273 2638 tur
2306 2586 2370 2639 ad
2397 2602 2660 2639 summam
2709 2586 2895 2642 Basilii
2939 2590 2993 2643 in
3036 2591 3335 2644 certamine
3368 2590 3735 2651 constantiam,

2185 2676 2337 2743 cujus
2368 2677 2666 2734 admirator
2688 2682 2895 2735 exstitit
2926 2681 3147 2745 Valens,
3206 2691 3262 2735 et
3319 2682 3528 2736 idcirco
3560 2681 3612 2735 in
3662 2694 3737 2734 oc-

2183 2767 2400 2821 clesiam
2435 2771 2617 2825 venire
2640 2774 2828 2826 statuit
2856 2784 2910 2827 et
2934 2788 3055 2826 cum
3086 2773 3289 2828 Basilio
3309 2773 3569 2842 colloqui.

2252 2862 2311 2914 2ο
2338 2861 2481 2915 Idem
2522 2864 2751 2932 probant
2789 2876 2873 2918 na:
2923 2880 3102 2931 voces,
3150 2865 3281 2919 Hazc
3306 2866 3486 2932 prima
3539 2864 3737 2925 sedatio,

2185 2967 2303 3021 qua:
2351 2952 2403 3005 in
2447 2954 2890 3022 interpretatione
2922 2954 3066 3010 Billii
3120 2958 3338 3011 omissae
3387 2955 3574 3010 fucum
3624 2950 3740 3008 fece-

2184 3052 2330 3096 runt.
2364 3042 2521 3095 Certa
2562 3043 2704 3097 enim
2735 3052 2789 3097 et
2820 3044 3097 3114 explorata
3134 3061 3222 3100 res
3252 3055 3336 3099 est
3372 3054 3506 3099 tunc
3530 3049 3737 3114 primum

2184 3134 2426 3186 sedatam
2488 3132 2654 3188 fuisse
2708 3143 3105 3205 tempestatem,
3159 3151 3281 3190 cum
3320 3134 3520 3190 Valens
3566 3134 3740 3187 Basilio

2185 3228 2355 3279 vetuit
2386 3225 2686 3279 molestiam
2714 3225 2956 3282 exhiberi
2994 3246 3007 3281 :
3035 3228 3177 3297 quod
3209 3229 3427 3296 quidem
3460 3230 3631 3283 vetuit
3661 3242 3741 3280 an-

2186 3324 2399 3383 tequam
2437 3316 2489 3368 in
2523 3317 2806 3371 ecclesiam
2841 3319 3069 3372 veniret.
3126 3319 3187 3371 5ο
3221 3316 3339 3372 Huc
3368 3320 3583 3373 accedit
3610 3319 3739 3372 testi-

2183 3406 2422 3460 monium
2456 3404 2705 3476 Gregorii
2741 3406 2991 3475 Nysseni,
3034 3410 3124 3478 qui
3157 3408 3341 3462 Basilii
3393 3410 3451 3463 in
3488 3410 3739 3465 sustinen-

2184 3498 2266 3550 dis
2299 3497 2537 3566 praéfecti
2571 3498 2869 3553 assultibus
2916 3502 3238 3556 constantiae
3279 3512 3562 3571 acceptam
3600 3502 3742 3555 refert

2184 3590 2656 3658 tranquillitatem,
2684 3606 2844 3660 quam
2889 3591 3230 3661 Cappadocia
3269 3611 3337 3649 ex
3360 3595 3615 3649 omnibus
3636 3608 3743 3662 pro-

2183 3682 2375 3733 vinciis
2404 3680 2618 3733 Valenti
2641 3682 2899 3751 subjectis
2932 3684 3043 3736 sola
3071 3697 3290 3751 experta
3317 3696 3423 3740 est.
3458 3687 3552 3740 Sic
3590 3686 3740 3753 loqui-

2185 3782 2273 3825 tur
2302 3770 2573 3840 Nyssenns
2601 3772 2674 3843 (ὁ)
2713 3791 2725 3824 :
2760 3775 2870 3826 Καὶ
2914 3774 3076 3828 πάλιν
3129 3779 3157 3828 ὁ
3210 3777 3452 3847 ἀθλητὴς
3502 3778 3594 3830 τοῦ
3628 3775 3740 3829 Θεοῦ

2182 3863 2293 3921 τοῖς
2319 3860 2591 3931 δευτέροις
2623 3863 2730 3915 τῶν
2777 3863 3024 3930 ἀγώνων,
3062 3868 3155 3918 καὶ
3202 3868 3303 3938 τὴν
3334 3869 3430 3920 ἐπὶ
3481 3872 3592 3931 τοῖς
3633 3885 3742 3937 προ-

2180 3951 2406 4003 λαϐοῦσι
2436 3952 2593 4016 δόξαν
2653 3955 3142 4025 ὑπερϐαλλόμενος.
3187 3958 3251 4009 Ei
3305 3959 3363 4011 δὲ
3414 3958 3597 4028 ζητεῖς
3639 3958 3742 4010 τού-

2180 4060 2288 4095 των
2343 4042 2441 4105 τὰς
2471 4044 2795 4110 ἀποδείξεις,
2824 4048 2903 4108 εἰς
2938 4047 3078 4100 αὐτὰ
3108 4048 3302 4117 βλέψον
3338 4050 3408 4101 τὰ
3441 4051 3739 4119 πράγματα.

2182 4136 2339 4188 Ποῖον
2376 4138 2475 4189 οὑκ
2505 4137 2825 4206 ἐπενείματο
2860 4139 3024 4191 τόπον
3054 4140 3161 4191 τῶν
3194 4140 3536 4212 Ἐκκλησιῶν
3562 4144 3593 4211 ἡ
3618 4158 3743 4208 τηνι-

2183 4227 2357 4279 καῦτα
2414 4230 2800 4297 statam-posci};
2851 4232 3004 4281 ποῖον
3048 4231 3265 4299 ἔμεινεν
3312 4232 3466 4295 ἔθνος
3510 4233 3610 4301 τῆς
3652 4231 3741 4282 τῶν

2183 4316 2470 4385 αἱρετικῶν
2502 4320 2825 4381 ἐπιστασίας
2848 4320 3182 4390 ἀπείρατον;
3218 4322 3301 4384 τίς
3332 4322 3445 4374 τῶν
3486 4323 3625 4374 κατὰ
3660 4320 3740 4377 τὰς

2194 4407 2522 4476 Ἐκκλησίας
2544 4408 2974 4480 εὐδοκιμούντων
2990 4412 3090 4464 οὐκ
3117 4413 3417 4483 ἀπεσείσθη
3431 4415 3540 4466 τῶν
3566 4414 3736 4471 πόνων;

504 4501 784 4553 existimat
812 4515 933 4554 cum
959 4502 1164 4569 aliquot
1195 4516 1367 4555 annos
1412 4501 1719 4556 Antiochia:
1752 4502 2077 4555 traduxisset

2186 4499 2333 4558 ποῖος
2354 4496 2574 4564 διέφυγε
2602 4498 2729 4561 λαὸς
2752 4501 2850 4569 τὴν
2885 4502 3143 4571 τοιαύτην
3172 4502 3475 4573 ἐπήρειαν;
3506 4503 3565 4555 οὺ
3597 4500 3741 4569 Συρία

506 4600 571 4637 ac
599 4585 792 4639 deinde
818 4586 1066 4640 rediisset
1102 4587 1431 4653 Ctesaream,
1474 4589 1527 4641 in
1567 4590 1667 4643 hoc
1700 4590 1939 4642 secundo
1985 4588 2078 4641 ad-

504 4684 665 4728 ventu
706 4679 1137 4745 persecutionem
1188 4679 1608 4746 rediutegrasse.
1663 4680 1768 4733 Sed
1795 4680 1921 4733 huic
1956 4694 2080 4732 sen-

506 4766 690 4819 tentia:
721 4767 901 4818 obstat
948 4780 1094 4820 mors
1150 4766 1376 4833 Galatae,
1428 4784 1545 4836 quae
1583 4779 1691 4821 tam
1727 4783 1853 4823 sero
1877 4768 2079 4822 dill'erri

505 4873 612 4909 non
645 4865 840 4925 potest.
875 4856 1058 4910 Satius
1082 4872 1209 4926 ergo
1238 4858 1449 4912 videtur
1500 4859 1845 4914 Tillemontio
1881 4876 1909 4912 a
1945 4859 2077 4912 Gre-

505 4949 640 5017 gorii
668 4949 992 5002 auctoritate
1015 4950 1312 5013 discedere,
1367 4960 1420 5004 et
1455 4950 1780 5006 Theodoreti
1816 4952 2081 5005 inhaarere

507 5041 832 5102 testimonio,
862 5042 951 5109 qui
983 5043 1256 5095 decretum
1288 5041 1485 5095 Basilio
1502 5042 2082 5095 exsiliumetmorbum

505 5131 710 5185 Galatae
767 5132 847 5186 sic
883 5143 1096 5198 narrat,
1149 5142 1207 5185 ut
1235 5143 1361 5187 ante
1418 5135 1713 5187 secundum
1753 5132 1996 5187 Valentis
2026 5134 2077 5185 in

503 5224 788 5279 ecclesiam
819 5224 1118 5291 ingressum
1149 5226 1395 5279 evenisse
1432 5224 1737 5279 videantur.

572 5314 864 5382 Postquam
900 5316 1087 5383 pedem
1117 5332 1184 5370 ex
1222 5317 1321 5371 hoc
1350 5318 1696 5371 incommodo
1730 5316 1936 5370 referre
1978 5329 2069 5369 co-

502 5420 662 5463 natus
691 5418 771 5461 est
798 5405 1204 5471 Tillemontius;
1235 5408 1387 5485 aliud.
1421 5409 1468 5461 ei
1500 5408 1763 5473 occurrit,
1803 5408 2071 5459 diuturnae

502 5500 643 5566 paci,
674 5514 792 5566 quae
816 5498 1107 5550 secundum
1143 5498 1382 5553 Valentis
1433 5500 1486 5552 iu
1527 5499 1826 5554 Ecclesiam
1857 5500 2068 5569 ingres-

501 5606 617 5646 sum
649 5600 829 5644 secuta
858 5600 958 5655 est,
980 5592 1526 5663 parilerrepugnaus,
1562 5594 1877 5649 miraculum
1906 5595 2063 5646 trium

573 5776 647 5845 (ο)
673 5774 729 5829 L.
764 5790 837 5843 tv,
871 5791 917 5831 c.
954 5776 1037 5830 19.

2178 4588 2343 4645 πᾶσα,
2371 4586 2462 4637 καὶ
2504 4586 2611 4639 τῶν
2650 4590 2910 4659 ποταμῶν
2958 4593 2990 4661 ἡ
3053 4592 3191 4661 μέση
3221 4634 3235 4657 ,
3295 4593 3457 4662 μέχρι
3495 4593 3600 4645 τῶν
3627 4590 3739 4659 πρὸς

2177 4679 2302 4738 τοὺς
2343 4676 2650 4747 βαρϐάρους
2686 4679 2859 4748 ὅρων·
2899 4682 2959 4733 οὐ
2986 4683 3229 4755 Φοινίκη,
3272 4686 3367 4735 καὶ
3409 4683 3736 4745 Παλαιστίνη,

2179 4768 2569 4839 καὶἈρῤαϐία,
2596 4771 2689 4821 καὶ
2718 4772 3013 4837 Αἴγυπτος,
3048 4775 3143 4826 καὶ
3167 4776 3236 4827 τὰ
3255 4775 3385 4845 ἔθνη
3412 4777 3515 4845 τῆς
3538 4773 3735 4839 Λιϐύης.

2178 4859 2281 4921 ἓως
2312 4861 2404 4911 τοῦ
2445 4860 2715 4929 τέρματος
2747 4862 2845 4929 τῆς
2880 4864 3004 4915 καθ’
3046 4867 3197 4935 ἡμᾶς
3228 4868 3585 4937 οἰκουμένης,
3606 4866 3658 4917 οὐ
3683 4863 3737 4913 τὰ

2183 4952 2273 5001 ἐπὶ
2301 4951 2424 5003 τάδε
2456 4952 2651 5014 πάντα,
2682 4952 2931 5005 Ποντικοί
2957 4995 2971 5017 ,
3014 4958 3106 5007 καὶ
3134 4957 3379 5021 Κίλικες,
3406 4960 3615 5020 Λύκιοι,
3644 4958 3735 5007 Λυ-

2181 5040 2279 5101 δοὶ,
2312 5038 2542 5103 Πισίδαι,
2572 5040 2879 5109 Πάμφυλοι,
2930 5044 3134 5113 Κᾶρες,
3184 5046 3610 5115 Ἑλλησπόντιοι,
3662 5060 3739 5110 νη·

2183 5132 2391 5193 σιῶται,
2445 5131 2606 5200 μέχρι
2650 5132 2746 5201 τῆς
2789 5134 3151 5203 Προποντίδος
3199 5137 3406 5207 αὺτῆς;
3455 5140 3515 5191 οὑ
3558 5137 3624 5189 τὰ
3662 5134 3738 5187 ἐπὶ

2179 5224 2399 5293 Θρᾴκης
2427 5224 2626 5284 πάντα,
2650 5222 2755 5285 ἕως
2784 5220 2851 5292 ἧν
2945 5226 3159 5297 Θρᾴκη,
3191 5229 3287 5281 καὶ
3311 5230 3383 5283 τὰ
3419 5230 3549 5301 περὶ
3588 5227 3735 5292 αὐτὴν

2178 5312 2327 5381 ἔθνη,
2362 5311 2465 5373 ἓως
2514 5312 2648 5380 πρὸς
2682 5312 2773 5363 τὸν
2807 5314 3009 5384 Ἰστρὸν
3039 5318 3236 5383 αὑτόν;
3286 5320 3339 5371 τί
3388 5320 3497 5372 τῶν
3546 5320 3736 5371 πάντων

2177 5403 2268 5453 ἐπὶ
2294 5402 2566 5469 σχήματος
2598 5400 2798 5470 ἔμεινε,
2832 5404 2968 5473 πλὴν
2993 5408 3039 5457 εἰ
3075 5409 3148 5477 μή
3180 5426 3231 5461 τι
3263 5410 3648 5480 προκατείχετο
3674 5403 3734 5471 τῷ

2175 5494 2400 5563 τοιούτῳ
2427 5493 2613 5562 κακῷ;
2673 5494 2808 5548 ἀλλὰ
2848 5497 3009 5565 μόνος
3047 5501 3113 5552 ὲκ
3146 5502 3367 5555 πάντων
3402 5505 3429 5554 ὁ
3456 5498 3723 5556 Καππαδὸ-

2176 5603 2322 5647 κειος
2339 5584 2484 5647 λαὸς,
2510 5586 2606 5653 τῆς
2633 5587 2819 5657 κοινῆς
2841 5588 2947 5642 τῶν
2984 5591 3323 5663 Ἐκκλησιῶν
3342 5595 3623 5666 συμφορᾶς
3650 5591 3730 5642 οὐκ

2243 5766 2316 5836 (ὑ)
2350 5786 2363 5821 ι
2403 5768 2631 5825 Eunoni.
