3820 6210
1492 355 1653 410 VITA
1693 357 1751 414 S.
1795 357 2060 413 BASILH.

3169 375 3382 417 LXXXIII

132 466 408 539 ἑπῂσθετο·
447 465 504 518 ὃν
538 467 566 518 ὁ
599 465 770 534 μέγας
799 465 1080 536 πρόμαχος
1105 466 1261 537 ἡμῶν
1291 467 1384 520 ἐπὶ
1437 467 1546 520 τῶν
1590 486 1688 520 πει·

1803 484 2021 538 prorsus
2052 476 2136 522 est
2173 467 2298 522 alibi
2331 482 2492 538 quam
2529 467 2791 522 Caesareae
2820 468 3057 535 dixisse;
3096 484 3380 542 nunquam

132 561 340 632 ρασμῶν
358 557 676 612 διεσώσατο.
721 556 924 609 Iterum
961 574 1241 626 generosus
1291 573 1463 611 noster
1501 560 1698 611 athleta

131 655 177 704 in
208 652 488 703 certamine
510 649 856 716 conspicitur,
886 649 1113 718 gloriam
1147 651 1338 716 prioris
1376 667 1563 718 pugna:
1585 650 1700 702 lon-

127 760 181 808 ge
201 757 534 806 exsuperans.
578 738 732 803 Quod
768 739 815 792 si
873 741 1097 808 hujusce
1124 742 1198 793 rei
1225 743 1356 809 petis
1396 752 1548 794 testes
1572 781 1588 805 ,
1618 758 1697 794 res

128 834 257 898 ipsas
297 833 522 884 intuere.
559 831 726 896 Quem
788 831 926 884 enim
979 831 1150 883 locum
1201 832 1453 883 intactum
1492 833 1698 901 reliquit

126 926 358 989 teruporis
401 921 546 974 illius
595 919 1204 985 calamitas?Qua:nam
1259 938 1383 990 gens
1431 923 1698 976 lucretij

127 1016 417 1067 rutationis
445 1024 499 1067 et
541 1014 892 1081 grassationis
921 1030 1101 1078 expers
1149 1016 1392 1067 mansit?
1434 1014 1564 1078 Quis
1607 1031 1696 1067 eo-

125 1124 228 1157 rum
281 1107 368 1174 qui
418 1107 474 1158 in
520 1105 756 1159 Ecclesia
805 1107 1086 1173 ﬂorebant,
1141 1122 1244 1158 non
1291 1106 1522 1174 dejectus
1562 1117 1634 1159 est
1665 1124 1696 1159 a

125 1199 296 1260 captis
320 1208 366 1248 et
400 1196 673 1250 laboribus
694 1198 847 1249 suis?
880 1197 1008 1260 Quis
1035 1197 1258 1265 populus
1301 1197 1696 1250 insultationem

125 1288 258 1338 illaut
287 1287 468 1354 eﬂugit
493 1287 517 1338 ?
541 1285 670 1339 Non
694 1285 853 1356 Syria
878 1289 1144 1348 universa,
1179 1304 1279 1340 non
1311 1286 1694 1354 Mesopotamia

124 1394 272 1444 usque
299 1378 529 1446 adﬁnes
560 1379 930 1443 barbarorum,
958 1396 1073 1432 non
1117 1378 1414 1443 Plttznicia,
1439 1397 1542 1432 non
1592 1381 1696 1433 1⁸η-

123 1471 340 1534 la'stina,
371 1486 478 1522 non
538 1471 763 1530 Arabia,
791 1486 893 1522 non
929 1468 1221 1538 /quptus,
1257 1487 1360 1522 non
1394 1471 1581 1524 incolte
1606 1470 1696 1523 Li-

124 1562 225 1627 bya:
249 1577 408 1628 usque
432 1561 503 1612 ad
536 1560 788 1612 terminos
821 1562 986 1612 nostri
1036 1560 1210 1622 orbis;
1239 1578 1340 1612 non
1373 1561 1488 1627 alii,
1513 1565 1602 1630 qui
1640 1563 1693 1614 in

121 1669 175 1704 eo
207 1656 414 1720 degunt,
474 1651 707 1716 Pontici,
749 1649 966 1713 Cilices,
1007 1650 1185 1720 Lycii,
1236 1651 1417 1722 Lydi,
1481 1653 1690 1717 l’isidii,

127 1739 440 1811 Pamphylii,
498 1741 687 1805 Cares,
746 1740 1117 1809 lletlespontii,
1162 1744 1396 1795 insulani
1429 1761 1588 1814 usque
1625 1747 1693 1797 ad

1799 558 1943 610 enim
1991 557 2331 612 Antiochiam
2364 559 2662 612 accersitus
2688 557 2937 614 Basilius.

1871 645 2132 700 Caesareae
2164 648 2326 700 etiam
2384 647 2614 700 collocat
2655 645 2947 716 Gregorius
2983 646 3382 720 Nazianzenus,

1800 751 1922 804 qua:
1978 739 2236 804 prrefecto
2273 737 2517 792 Modesto
2565 739 2929 808 contigerunt.
2963 738 3012 792 Is
3054 741 3226 806 enim,
3257 758 3380 796 cum

1800 827 1984 883 Basilii
2029 829 2391 884 constantiam
2438 839 2493 883 et
2531 831 2696 884 animi
2730 831 3098 885 fortitudinem
3125 843 3384 900 expertus

1800 930 1968 985 esset,
2003 919 2146 974 illius
2177 921 2318 989 apud
2355 919 2523 974 Deum
2563 922 2925 990 patrocinium
2966 925 3154 977 sensit.
3188 923 3383 994 {Egre-

1799 1010 1969 1074 tabat,
2003 1011 2182 1079 inquit
2231 1009 2609 1064 Nazianzenus
2639 1010 2714 1080 (ρ.
2783 1011 2931 1079 559.),
2993 1011 3381 1081 illacrymabat,

1799 1104 2246 1172 distorquebatur,
2273 1101 2532 1154 Basiliam
2567 1103 2882 1166 accersebat,
2911 1101 3217 1156 obsecrabat
3242 1121 3260 1159 :
3281 1104 3385 1158 Sa-

1799 1197 2151 1265 tisfactionem
2210 1197 2390 1260 habes,
2443 1195 2730 1261 clamabat,
2785 1197 2855 1249 da
2905 1197 3154 1251 salutem.
3201 1197 3381 1268 Atque

1800 1289 1939 1342 hanc
1966 1289 2182 1359 quidem
2211 1288 2464 1357 precibus
2491 1286 2675 1341 Basilii
2707 1298 3033 1342 consecutus
3060 1299 3147 1342 est
3175 1329 3190 1353 ,
3221 1289 3383 1358 idque

1801 1379 1912 1446 ipse
1959 1378 2250 1441 fatebatur,
2277 1387 2326 1432 el
2373 1378 2576 1439 multis,
2608 1379 2698 1446 qui
2735 1394 2848 1432 rem
2883 1379 3227 1446 ignorabant,
3261 1395 3380 1448 per-

1798 1471 2080 1526 suadebat.
2113 1469 2267 1524 Unde
2295 1469 2458 1522 etiam
2478 1467 2662 1524 Basilii
2695 1469 2925 1523 virtutes
2949 1469 3133 1523 mirari
3161 1479 3214 1524 et
3240 1486 3382 1539 prae-

1797 1563 1980 1614 dicare
2012 1576 2116 1614 non
2151 1561 2379 1624 destitit,
2416 1575 2480 1614 ac
2531 1562 2847 1615 occasiones
2895 1562 3032 1614 bene
3057 1563 3124 1616 de
3148 1560 3238 1616 illo
3268 1577 3384 1616 me-

1801 1653 1951 1704 reudi
1979 1667 2244 1720 qumrere,
2279 1651 2526 1720 quamvis
2563 1653 2614 1705 in
2650 1653 2832 1717 fidem,
2876 1668 2985 1722 qua
3025 1653 3100 1706 illi
3145 1651 3382 1707 Basilius

1799 1745 2084 1798 sanitatem
2139 1745 2542 1812 impetraverat,
2573 1745 2798 1811 :rquior,
2825 1744 3061 1812 quandiu
3111 1745 3242 1798 vixit
3279 1743 3382 1799 Va-

123 1837 275 1900 ipsatn
310 1835 711 1902 Propontidem,
735 1849 840 1885 non
891 1845 1068 1902 gentes
1101 1833 1362 1899 Thracia’,
1403 1853 1506 1903 qua
1555 1848 1694 1904 patet
1731 1809 1770 1866 Β
1808 1837 1947 1900 lens,
1983 1846 2037 1888 et
2065 1835 2237 1888 lenior
2268 1835 2436 1889 fuisse
2475 1849 2582 1888 non
2615 1835 2881 1892 videatur.

127 1925 360 1988 thracia,
384 1936 431 1976 et
456 1925 670 1990 finitimi
697 1926 887 1994 quique
905 1942 1065 1994 usque
1085 1926 1154 1977 ad
1179 1927 1348 1994 ipsum
1371 1926 1698 1982 Danubium?

124 2015 242 2078 Qua:
287 2031 350 2066 ea:
394 2017 482 2067 his
532 2017 776 2068 omnibus
825 2017 1106 2084 provinciis
1163 2018 1488 2070 calamitatis
1537 2020 1696 2087 hujus

119 2122 284 2171 expers
303 2106 430 2172 fuit,
468 2107 570 2159 nisi
593 2107 732 2174 forte
755 2107 846 2159 illa
893 2123 1010 2176 qua:
1042 2117 1198 2160 antea
1230 2108 1326 2160 hoc
1362 2109 1503 2161 malo
1553 2118 1697 2162 tene-

118 2197 302 2249 batur?
321 2199 474 2250 solus
501 2215 564 2251 ea:
586 2199 828 2251 omnibus
862 2199 1088 2266 populus
1121 2200 1408 2267 Cappadox
1457 2217 1694 2254 commu-

119 2303 222 2338 nem
268 2286 478 2341 cladem
517 2299 562 2342 et
622 2305 917 2342 aerumnam
960 2305 1064 2344 non
1091 2292 1272 2357 sensit,
1302 2306 1453 2359 quem
1475 2308 1695 2362 magnus

118 2390 279 2432 uoster
321 2394 689 2452 prapugnator
739 2399 804 2435 ea:
857 2385 1098 2436 omnibus
1159 2386 1533 2438 tentutionibus
1583 2388 1694 2439 eri-

115 2473 236 2536 pun.

177 2601 230 2657 4⁸
268 2602 345 2656 Ex
393 2605 590 2658 iisdem
630 2605 832 2670 verbis,
882 2604 1010 2660 llwc
1067 2607 1240 2674 prima
1293 2609 1520 2674 sedatio,
1575 2609 1694 2666 luce

114 2694 297 2749 clarius
363 2707 455 2751 est
521 2707 897 2766 tempestatem
935 2715 1041 2752 non
1097 2700 1267 2754 semel
1315 2702 1609 2755 excitatam
1638 2712 1694 2755 et

116 2789 340 2841 sedatam
397 2788 619 2843 fuisse:
678 2789 839 2859 idque
889 2793 1174 2844 confirmat
1219 2791 1514 2861 Gregorius
1541 2832 1556 2857 ,
1595 2795 1688 2862 qui

119 2876 310 2932 Galatae
329 2881 511 2934 morbi
533 2890 587 2934 et
609 2882 798 2935 mortis
818 2884 1182 2935 narrationem
1209 2884 1289 2936 sic
1307 2883 1493 2951 incipit
1516 2884 1694 2938 ε”Ετε-

116 2971 397 3041 paves:th
427 2973 739 3043 εἰρημένων
790 2974 892 3025 οὐκ
927 2972 1175 3037 ἔλαττον,
1206 2973 1400 3027 ἐνίκων
1435 2976 1485 3028 ονιὶ
1527 2993 1694 3046 πονη-

115 3063 211 3131 ροί,
238 3074 340 3118 etc.
374 3063 636 3132 Sequitur
657 3064 806 3116 aliud
829 3064 892 3116 iis
922 3080 1040 3130 qua:
1073 3067 1216 3117 dicta
1261 3075 1383 3118 sunt
1421 3082 1525 3118 non
1556 3067 1694 3133 infe-

114 3156 213 3206 rius
237 3155 558 3208 :r-incebant
591 3155 836 3224 improbi,
874 3167 983 3210 etc.
1011 3156 1190 3222 Quare
1219 3172 1393 3226 neque
1433 3161 1558 3224 hoc,
1595 3174 1692 3211 ne-

113 3261 206 3314 que
227 3251 568 3303 calamorum
610 3249 903 3303 fractorum
933 3250 1250 3304 miraculum
1275 3293 1289 3317 ,
1320 3262 1446 3304 ante
1497 3250 1692 3306 Valen-

114 3339 174 3389 tis
204 3337 254 3389 in
304 3337 605 3392 ecclesiam
667 3341 960 3392 adventum
1025 3340 1281 3394 collocari
1331 3343 1550 3404 debent,
1596 3354 1690 3396 aut

111 3429 444 3483 Antiochiam
502 3430 809 3483 transferri.
847 3430 991 3483 Mors
1037 3430 1244 3485 Galatae
1303 3434 1571 3499 posterior
1609 3441 1688 3488 est

110 3520 407 3573 secundoin
445 3517 734 3572 ecclesiam
778 3519 1035 3582 adventu,
1074 3520 1164 3587 qui
1198 3519 1436 3573 Valentis
1472 3520 1688 3589 Iungunt

110 3612 345 3665 audiendi
376 3611 918 3666 Basiliidesiderium
954 3612 1214 3681 implevit.
1252 3611 1503 3667 Nondum
1558 3629 1688 3682 ergo

113 3701 250 3754 illum
279 3703 374 3754 ﬁlii
412 3717 582 3755 causa
609 3703 938 3756 accersitum
971 3704 1239 3756 audierat.
1287 3703 1455 3757 Multo
1497 3704 1691 3758 absur-

109 3792 219 3846 dius
251 3793 302 3847 id
334 3794 645 3848 Antiochia:
679 3795 977 3863 fingeretur
1035 3795 1346 3863 contigisse.
1402 3794 1687 3865 Nunquam

111 3884 244 3937 enim
275 3901 340 3940 eo
377 3886 685 3940 accersitus
715 3883 968 3948 Basilius,
1000 3901 1099 3939 nec
1143 3902 1290 3941 mors
1329 3886 1534 3942 Galatae
1569 3889 1686 3941 lon-

110 3979 238 4045 gius,
273 3979 473 4048 utjam
509 3979 642 4046 dixi,
673 3978 877 4032 differri
905 3989 1104 4048 potest.
1160 3979 1430 4034 Praeterea
1481 3980 1687 4050 Grego-

112 4071 214 4122 rius
245 4072 324 4124 sic
361 4072 527 4139 hujus
561 4071 807 4124 miraculi
867 4071 1234 4125 narrationem
1279 4071 1553 4125 concludit
1577 4111 1592 4135 ,
1629 4080 1686 4126 ut

113 4158 226 4211 illud
272 4175 393 4213 eum
427 4161 646 4214 caateris
698 4161 859 4215 rebus
887 4170 1046 4214 antea
1090 4163 1328 4215 narratis
1357 4177 1578 4216 necesse
1614 4165 1686 4217 sit

108 4249 351 4305 Caesarea:
375 4252 690 4322 eomigisée.
728 4255 817 4306 Ait
854 4256 995 4308 enim
1029 4271 1044 4306 :
1078 4253 1159 4306 Τὰ
1197 4253 1296 4323 μὲν
1344 4254 1484 4324 πρὸς
1536 4255 1683 4307 ὲκεί-

110 4359 217 4404 νους
246 4343 395 4415 αὑτῷ
423 4344 654 4398 τοιαῦτα
681 4345 776 4398 καὶ
797 4347 874 4407 εἰς
904 4345 1050 4397 τοῦθ’
1079 4346 1284 4414 ἥκοντα
1307 4344 1516 4408 τέλους.
1551 4347 1684 4409 Qua:

1872 1926 1940 1979 X.
1991 1925 2109 1980 Jam
2156 1925 2394 1980 diximus
2430 1925 2711 1981 Valentem
2759 1942 2862 1979 non
2904 1925 3072 1981 multo
3099 1935 3224 1982 ante
3265 1927 3382 1997 Epic

1801 2019 2017 2087 phania:
2043 2019 2182 2073 diem
2215 2019 2426 2072 venisse
2451 2018 2780 2083 Cassaream,
2805 2019 2877 2072 ita
2911 2027 2968 2072 ut
3004 2021 3236 2089 spatium
3272 2037 3378 2074 non

1800 2111 2090 2164 habuerint
2135 2110 2324 2163 Ariani
2365 2109 2508 2166 illius
2553 2110 2736 2163 animo
2785 2125 2950 2164 novas
2989 2109 3136 2165 faces
3190 2114 3380 2165 admo-

1798 2203 1976 2258 vendi.
2005 2201 2133 2268 Quae
2160 2211 2338 2256 autem
2372 2203 2538 2272 gessit
2589 2200 2825 2254 Basilius
2865 2216 2987 2255 cum
3035 2202 3250 2270 magnis
3284 2217 3381 2269 po-

1801 2294 2086 2348 testatibus
2116 2309 2179 2348 ac
2211 2295 2406 2348 deinde
2429 2309 2550 2347 cum
2591 2293 2706 2361 ipso
2737 2291 2978 2354 Valente,
3005 2307 3068 2345 ea
3105 2293 3378 2347 immerito

1797 2385 2036 2439 nonnulli
2074 2387 2140 2439 ad
2170 2401 2368 2439 annum
2408 2384 2512 2438 570
2543 2393 2597 2438 et
2621 2384 2718 2437 571
2761 2385 3003 2438 referunt
3037 2401 3050 2435 :
3089 2400 3191 2438 nec
3223 2401 3379 2439 com-

1797 2477 2009 2530 modior
2038 2474 2283 2531 Socratis
2332 2485 2386 2531 et
2415 2475 2743 2530 Theodoreti
2797 2476 3088 2541 sententia,
3121 2477 3212 2546 qui
3252 2493 3374 2532 cum

1799 2567 2012 2636 Syriam
2041 2575 2094 2621 et
2133 2566 2338 2620 vicinas
2363 2566 2611 2636 regiones
2642 2575 2767 2618 ante
2800 2582 2830 2618 a
2865 2565 3089 2620 Valente
3129 2567 3373 2620 devictas

1797 2665 2039 2721 narrent,
2065 2671 2226 2726 quam
2251 2666 2654 2724 oppugnaretur
2680 2655 2933 2723 Basilius,
2966 2665 3290 2725 sequeretur
3309 2671 3375 2710 ex

1795 2764 1982 2804 eorum
2013 2750 2327 2804 narratione
2356 2736 2640 2802 Valentem
2672 2763 2702 2801 e
2743 2749 2898 2818 Syria
2938 2748 3242 2803 Cursaream
3286 2763 3379 2804 ve-

1797 2841 1963 2906 nisse,
1994 2841 2156 2906 idque
2187 2855 2292 2894 non
2326 2841 2487 2894 citius
2521 2854 2662 2893 anno
2692 2839 2798 2893 572
2839 2849 3093 2894 exeunte.
3121 2839 3193 2894 At
3249 2854 3375 2908 per-

1795 2931 2001 2986 secutio
2043 2933 2108 2984 ad
2152 2945 2352 2983 annum
2384 2930 2482 2985 571
2529 2940 2816 2985 exeuntem
2852 2942 2907 2986 et
2942 2931 3046 2984 572
3076 2933 3374 3000 ineuntem,

1797 3021 1848 3076 id
1882 3029 1983 3084 est,
2018 3020 2086 3073 ad
2115 3019 2410 3073 secundum
2448 3018 2634 3072 Basilii
2657 3019 3000 3089 episcopatus
3037 3035 3237 3074 annum
3272 3036 3372 3075 ne-

1721 3145 1766 3205 c
1797 3113 2035 3167 cessario
2066 3111 2370 3166 referenda.
2410 3110 2622 3164 Nullum
2648 3113 2794 3165 enim
2849 3116 3247 3180 persecutionis
3284 3129 3377 3167 ve-

1796 3205 2016 3275 SIigium
2062 3218 2204 3258 anno
2241 3202 2347 3256 570
2398 3211 2626 3257 exeunte
2665 3212 2720 3258 et
2753 3204 2972 3259 ineunte
3017 3205 3142 3270 571,
3178 3204 3231 3259 id
3271 3213 3373 3269 est,

1793 3297 1968 3365 primo
1997 3295 2180 3349 Basilii
2241 3297 2586 3364 episcopatus
2627 3311 2787 3348 anno.
2846 3293 3057 3350 Recens
3104 3305 3231 3350 tunc
3256 3307 3376 3350 erat

1793 3385 1862 3439 ab
1900 3385 2242 3438 ordinatione
2272 3383 2529 3449 Basilius,
2563 3385 2798 3438 nondum
2827 3394 3013 3454 egerat
3041 3400 3164 3439 cum
3208 3386 3376 3439 Atha-

1792 3463 1945 3528 nasio
1970 3477 2035 3528 de
2065 3475 2409 3544 pacificandis
2439 3474 2694 3528 Ecclesiis
2720 3490 2733 3524 :
2767 3475 2867 3529 hoc
2893 3475 3038 3529 enim
3077 3476 3368 3530 consilium

1792 3581 1896 3618 non
1922 3567 2183 3634 suscepit,
2212 3567 2311 3618 nisi
2344 3566 2661 3634 compositis
2696 3565 2858 3620 rebus
2909 3565 3243 3621 domesticis.
3298 3567 3372 3621 At

1791 3671 1857 3710 ex
1883 3656 2108 3724 epistola
2139 3654 2213 3726 (α)
2244 3658 2310 3710 ad
2339 3657 2700 3710 Athanasium
2727 3657 2778 3709 in
2824 3657 2942 3726 ipso
2975 3659 3375 3727 persecutionis

1788 3757 1922 3801 aestu
1955 3748 2187 3816 scripta,
2221 3747 2332 3817 jam
2387 3748 2558 3800 multa
2610 3749 2749 3801 inter
2794 3757 3084 3818 utrumque
3147 3759 3265 3804 acta
3316 3759 3373 3804 et

1790 3840 2087 3893 deliberata
2121 3838 2290 3892 fuisse
2347 3839 2691 3908 perspicitur.
2736 3839 2875 3892 Hinc
2921 3837 3154 3894 Basilius
3183 3840 3236 3894 in
3264 3855 3370 3894 una

1787 3940 1842 3986 et
1871 3933 2059 3985 eadem
2105 3929 2333 3999 epistola
2364 3929 2440 4000 (b)
2500 3929 2789 3985 certiorem
2843 3929 2974 3984 facit
3008 3930 3279 3985 Meletium
3313 3939 3370 3984 et

1788 4024 1853 4076 de
1887 4031 2136 4090 suscepto
2163 4020 2389 4075 Romam
2439 4020 2687 4075 mittendi
2729 4021 2985 4076 Dorothei
3013 4021 3266 4085 consilio,
3317 4029 3372 4074 et

1786 4113 1853 4166 de
1883 4113 2272 4179 persecutionis
2309 4111 2487 4176 minis,
2539 4126 2660 4165 cum
2695 4111 2808 4180 jam
2853 4113 3160 4168 advenisset
3205 4111 3374 4182 Euip-

1786 4205 1906 4272 pius
1931 4212 1985 4256 et
2013 4203 2105 4256 alii
2128 4211 2572 4270 exspectarentur
2594 4201 2821 4287 Ariani.‘

1857 4294 2044 4364 Neque
2103 4296 2266 4348 etiam
2315 4309 2460 4348 anno
2503 4294 2609 4349 572
2666 4306 2899 4350 exeunte
2925 4303 2980 4350 et
3016 4295 3238 4351 ineunte
3264 4297 3370 4352 575

1785 4387 2036 4442 collocari
2099 4387 2270 4456 possit
2322 4387 2647 4458 persecutio.
2697 4386 2829 4440 Nam
2890 4387 3043 4442 initio
3097 4389 3223 4442 anni
3267 4390 3372 4444 575

108 4436 519 4548 ςξιςςιηῖιέεξίρξςν
555 4452 911 4548 {Isaae
963 4437 1190 4548 prius
1252 4445 1308 4490 ει
1368 4439 1627 4505 praelecto
1664 4477 1679 4501 ν
1715 4474 1758 4528 ι)
1788 4436 3368 4548 sua;sua}.(satsat's;;.s;;"..a“t.:t;

109 4528 223 4579 talia
244 4530 512 4594 exstitere,
551 4541 598 4582 et
617 4545 733 4581 eum
758 4529 914 4597 [inem
954 4528 1212 4582 habuere.

159 4659 254 4716 1X.
292 4665 401 4720 Sed
448 4679 568 4733 qua:
601 4665 667 4716 ad
715 4661 958 4716 Galatam
1015 4671 1285 4732 spectant,
1328 4678 1390 4718 ea
1447 4663 1681 4718 libenter

109 4755 292 4809 fatetur
313 4757 700 4811 Tillemontius
731 4771 836 4809 non
867 4755 996 4809 alibi
1040 4771 1206 4824 quam
1255 4757 1517 4810 Caesarea:
1545 4771 1678 4810 con-

115 4848 291 4915 :igisse.
325 4849 398 4902 At
450 4863 558 4902 non
600 4850 672 4902 ita
717 4862 942 4901 aversus
972 4858 1055 4902 est
1093 4849 1160 4901 ab
1188 4862 1374 4902 eorum
1399 4849 1677 4917 Opinione,

118 4937 183 5002 iui
214 4947 324 4991 tres
359 4938 608 4992 calamos
630 4946 725 4990 aut
757 4935 1085 4998 Antiochiae.
1109 4947 1203 4990 aut
1237 4937 1289 4988 in
1319 4937 1424 4991 alio
1473 4938 1677 4992 Valen-

110 5029 165 5076 lis
188 5027 493 5082 Caesaream
522 5029 755 5082 adventu
783 5028 986 5083 fractos
1012 5029 1182 5082 fuisse
1227 5028 1564 5082 existimant.
1597 5026 1676 5082 Ne

113 5116 195 5172 hoc
221 5122 438 5188 quidem
475 5120 793 5173 miraculum
824 5119 1090 5174 Caesareae
1125 5118 1499 5174 auferendum.
1531 5119 1676 5172 Prse-

112 5216 332 5278 lerquam
396 5212 542 5280 quod
597 5211 794 5264 Valens
839 5220 967 5264 ante
1002 5225 1202 5262 annum
1235 5209 1338 5262 578
1395 5209 1519 5278 litigi
1563 5224 1672 5263 non

111 5311 260 5364 potest
298 5303 605 5358 Caesaream
649 5304 904 5366 rediisse,
953 5312 1175 5355 sanctus
1225 5301 1473 5368 Ephraem
1505 5309 1673 5354 testa-

113 5401 183 5442 tur
229 5395 462 5451 Arianos
519 5397 837 5464 impetrasse
879 5394 1128 5449 exsilium
1165 5391 1374 5456 Basilii,
1415 5407 1540 5446 cum
1581 5391 1675 5445 de-

116 5497 456 5542 monstrarent
495 5488 704 5542 Valenti
743 5487 899 5540 fidem
930 5501 1081 5539 suam
1112 5500 1178 5538 eo
1221 5491 1492 5552 prtesente
1546 5497 1673 5551 pro-

114 5577 241 5640 gredi
294 5593 401 5632 non
461 5593 621 5648 posse
663 5598 677 5634 :
733 5580 875 5652 quod
911 5581 1128 5650 quidem
1181 5591 1277 5632 eos
1307 5575 1672 5645 improbabile

175 5787 239 5855 (ιι)
268 5788 361 5858 Ep.
393 5788 484 5842 80.

1788 4569 1944 4631 cliiae,
1978 4585 2086 4623 non
2141 4570 2420 4634 Cazsarear,
2447 4579 2506 4622 ut
2548 4569 2877 4638 perspicitur
2919 4584 2986 4623 ex
3013 4572 3236 4640 epistola
3267 4571 3372 4626 120

1786 4676 1906 4730 qua:
1937 4661 2090 4714 initio
2129 4662 2251 4713 anni
2282 4661 2385 4714 575
2427 4659 2628 4727 scripta
2660 4670 2762 4714 est.
2834 4659 3103 4716 Prtelerea
3160 4662 3371 4718 refrixit

1787 4750 2120 4818 aliquantum
2153 4750 2391 4804 amicitia
2420 4749 2678 4804 Basiliam
2731 4750 2874 4804 inter
2916 4760 2971 4805 et
3021 4751 3368 4806 Eustathinnt

1787 4856 1931 4895 anno
1967 4841 2072 4895 572
2103 4851 2335 4895 exeunte
2386 4852 2479 4894 aut
2535 4842 2757 4895 ineunte
2791 4841 2915 4906 575,
2965 4856 3088 4896 cum
3141 4844 3368 4912 perfidia

1787 4931 2015 4984 duorum
2065 4929 2336 4983 Eustathii
2391 4929 2802 4997 discipulorum,
2855 4946 2991 5000 quos
3053 4931 3196 4985 domi
3257 4947 3369 4986 sua:

1786 5021 2022 5077 habebat
2052 5019 2312 5085 Basilius,
2339 5021 2391 5073 in
2418 5023 2590 5075 oculis
2617 5023 2781 5076 totius
2811 5023 3048 5076 civitatis
3078 5025 3366 5092 erupisset.

1779 5117 1850 5170 At
1881 5131 2002 5170 cum
2036 5114 2269 5167 Basilius
2298 5114 2697 5182 persecutionis
2729 5114 3020 5181 procellam
3046 5116 3364 5179 sustineret,

1780 5207 2085 5261 confidebat
2136 5207 2444 5273 Eustathio,
2478 5219 2539 5261 ut
2585 5222 2707 5261 cum
2742 5207 3002 5272 maxime,
3036 5217 3092 5261 et
3139 5207 3364 5261 missum

1780 5303 1847 5355 ab
1889 5317 1956 5355 eo
1982 5301 2338 5364 Eleusinium,
2375 5314 2499 5354 cum
2543 5314 2752 5353 summa
2781 5301 2921 5369 grati
2956 5299 3122 5352 animi
3152 5299 3365 5369 signifi-

1781 5392 2018 5454 catione,
2046 5399 2102 5442 ut
2140 5389 2405 5458 optimum
2455 5389 2758 5456 adiutorem
2799 5398 2855 5440 et
2906 5388 3362 5450 commilitonem,

1782 5481 2016 5550 excepit.
2045 5477 2258 5531 Pariter
2291 5487 2591 5548 repugnant
2625 5492 2768 5531 anno
2797 5477 2902 5532 575
2954 5493 3077 5547 qua:
3105 5478 3363 5547 deinceps

1783 5573 2159 5636 narrabimus;
2216 5570 2268 5624 in
2315 5569 2505 5639 primis
2545 5584 2798 5640 maguum
2860 5569 2992 5624 illud
3045 5568 3359 5633 aedificium,

1857 5779 1928 5849 (b)
1954 5778 2045 5847 Ep.
2085 5777 2172 5830 (38.
