  <div class='ocr_page' id='page_1' title='image "/cluster/home/n/w/nwhite01/storage/ocr_20150623/29/nnc1.0046978755/091.png"; bbox 0 0 3820 6210; ppageno 0'>
   <div class='ocr_carea' id='block_1_1' title="bbox 464 310 665 350">
    <p class='ocr_par' dir='ltr' id='par_1_1' title="bbox 464 310 665 350">
     <span class='ocr_line' id='line_1_1' title="bbox 464 310 665 350; baseline -0.005 0"><span class='ocrx_word' id='word_1_1' title='bbox 464 310 665 350; x_wconf 69' lang='lat' dir='ltr'><strong>IJXXIV</strong></span> 
     </span>
    </p>
   </div>
   <div class='ocr_carea' id='block_1_2' title="bbox 1854 292 2385 351">
    <p class='ocr_par' dir='ltr' id='par_1_2' title="bbox 1854 292 2385 351">
     <span class='ocr_line' id='line_1_2' title="bbox 1854 292 2385 351; baseline 0 -3"><span class='ocrx_word' id='word_1_2' title='bbox 1854 292 2385 351; x_wconf 81' lang='lat' dir='ltr'><strong>PROLECOMENA.</strong></span> 
     </span>
    </p>
   </div>
   <div class='ocr_carea' id='block_1_3' title="bbox 463 408 3731 481">
    <p class='ocr_par' dir='ltr' id='par_1_3' title="bbox 463 408 3731 481">
     <span class='ocr_line' id='line_1_3' title="bbox 463 408 3731 481; baseline 0 -16"><span class='ocrx_word' id='word_1_3' title='bbox 463 423 607 480; x_wconf 84' lang='lat' dir='ltr'><strong>quod</strong></span> <span class='ocrx_word' id='word_1_4' title='bbox 632 425 753 464; x_wconf 91' lang='lat' dir='ltr'><strong>cum</strong></span> <span class='ocrx_word' id='word_1_5' title='bbox 788 408 1015 465; x_wconf 85' lang='lat' dir='ltr'><strong>Basilius</strong></span> <span class='ocrx_word' id='word_1_6' title='bbox 1036 409 1193 481; x_wconf 90' lang='lat' dir='ltr'><strong>paulo</strong></span> <span class='ocrx_word' id='word_1_7' title='bbox 1221 417 1343 479; x_wconf 80' lang='lat' dir='ltr'><strong>post</strong></span> <span class='ocrx_word' id='word_1_8' title='bbox 1361 409 1660 464; x_wconf 85' lang='lat' dir='ltr'><strong>discessum</strong></span> <span class='ocrx_word' id='word_1_9' title='bbox 1680 410 1919 468; x_wconf 87' lang='lat' dir='ltr'><strong>Valentis</strong></span> <span class='ocrx_word' id='word_1_10' title='bbox 1954 415 2043 467; x_wconf 90' lang='lat' dir='ltr'><strong>in-</strong></span> <span class='ocrx_word' id='word_1_11' title='bbox 2076 420 2120 474; x_wconf 77' lang='grc' dir='ltr'>Α</span> <span class='ocrx_word' id='word_1_12' title='bbox 2152 423 2351 479; x_wconf 92' lang='lat' dir='ltr'><strong>turum,</strong></span> <span class='ocrx_word' id='word_1_13' title='bbox 2370 412 2413 466; x_wconf 92' lang='lat' dir='ltr'><strong>si</strong></span> <span class='ocrx_word' id='word_1_14' title='bbox 2431 410 2771 468; x_wconf 82' lang='lat' dir='ltr'><strong>occasionem</strong></span> <span class='ocrx_word' id='word_1_15' title='bbox 2793 410 2861 464; x_wconf 87' lang='lat' dir='ltr'><strong>de</strong></span> <span class='ocrx_word' id='word_1_16' title='bbox 2877 409 2996 465; x_wconf 88' lang='lat' dir='ltr'><strong>aliis</strong></span> <span class='ocrx_word' id='word_1_17' title='bbox 3012 410 3148 465; x_wconf 87' lang='lat' dir='ltr'><strong>bene</strong></span> <span class='ocrx_word' id='word_1_18' title='bbox 3166 409 3405 464; x_wconf 90' lang='lat' dir='ltr'><strong>merendi</strong></span> <span class='ocrx_word' id='word_1_19' title='bbox 3422 409 3731 480; x_wconf 81' lang='lat' dir='ltr'><strong>uegligeret.</strong></span> 
     </span>
    </p>
   </div>
   <div class='ocr_carea' id='block_1_4' title="bbox 463 502 2047 574">
    <p class='ocr_par' dir='ltr' id='par_1_4' title="bbox 463 502 2047 574">
     <span class='ocr_line' id='line_1_4' title="bbox 463 502 2047 574; baseline 0.003 -18"><span class='ocrx_word' id='word_1_20' title='bbox 463 505 711 571; x_wconf 82' lang='lat' dir='ltr'><strong>ceperit,</strong></span> <span class='ocrx_word' id='word_1_21' title='bbox 757 504 867 570; x_wconf 91' lang='lat' dir='ltr'><strong>jam</strong></span> <span class='ocrx_word' id='word_1_22' title='bbox 904 513 1081 557; x_wconf 90' lang='lat' dir='ltr'><strong>tamen</strong></span> <span class='ocrx_word' id='word_1_23' title='bbox 1132 502 1472 572; x_wconf 75' lang='lat' dir='ltr'><strong>excipiendis</strong></span> <span class='ocrx_word' id='word_1_24' title='bbox 1519 504 1825 574; x_wconf 80' lang='lat' dir='ltr'><strong>hospitibus</strong></span> <span class='ocrx_word' id='word_1_25' title='bbox 1862 515 2047 573; x_wconf 92' lang='lat' dir='ltr'><strong>aptum</strong></span> 
     </span>
    </p>
   </div>
   <div class='ocr_carea' id='block_1_5' title="bbox 462 596 911 650">
    <p class='ocr_par' dir='ltr' id='par_1_5' title="bbox 462 596 911 650">
     <span class='ocr_line' id='line_1_5' title="bbox 462 596 911 650; baseline -0.007 0"><span class='ocrx_word' id='word_1_26' title='bbox 462 606 584 650; x_wconf 87' lang='lat' dir='ltr'><strong>erat</strong></span> <span class='ocrx_word' id='word_1_27' title='bbox 608 610 752 649; x_wconf 90' lang='lat' dir='ltr'><strong>anno</strong></span> <span class='ocrx_word' id='word_1_28' title='bbox 785 596 911 649; x_wconf 88' lang='grc'>575.</span> 
     </span>
    </p>
   </div>
   <div class='ocr_carea' id='block_1_6' title="bbox 536 687 2045 757">
    <p class='ocr_par' dir='ltr' id='par_1_6' title="bbox 536 687 2045 757">
     <span class='ocr_line' id='line_1_6' title="bbox 536 687 2045 757; baseline 0.001 -15"><span class='ocrx_word' id='word_1_29' title='bbox 536 688 697 742; x_wconf 85' lang='lat' dir='ltr'><strong>Venit</strong></span> <span class='ocrx_word' id='word_1_30' title='bbox 723 688 906 757; x_wconf 90' lang='lat' dir='ltr'><strong>itaque</strong></span> <span class='ocrx_word' id='word_1_31' title='bbox 938 687 1245 743; x_wconf 82' lang='lat' dir='ltr'><strong>Caesaream</strong></span> <span class='ocrx_word' id='word_1_32' title='bbox 1268 689 1463 745; x_wconf 80' lang='lat' dir='ltr'><strong>Valens</strong></span> <span class='ocrx_word' id='word_1_33' title='bbox 1496 704 1639 745; x_wconf 91' lang='lat' dir='ltr'><strong>anno</strong></span> <span class='ocrx_word' id='word_1_34' title='bbox 1669 690 1767 744; x_wconf 83' lang='lat' dir='ltr'><strong>&#39;57l</strong></span> <span class='ocrx_word' id='word_1_35' title='bbox 1793 699 2045 756; x_wconf 79' lang='lat' dir='ltr'><strong>exeunte,</strong></span> 
     </span>
    </p>
   </div>
   <div class='ocr_carea' id='block_1_7' title="bbox 463 779 2049 851">
    <p class='ocr_par' dir='ltr' id='par_1_7' title="bbox 463 779 2049 851">
     <span class='ocr_line' id='line_1_7' title="bbox 463 779 2049 851; baseline 0.003 -18"><span class='ocrx_word' id='word_1_36' title='bbox 463 779 623 848; x_wconf 87' lang='lat' dir='ltr'><strong>idque</strong></span> <span class='ocrx_word' id='word_1_37' title='bbox 669 782 891 833; x_wconf 91' lang='lat' dir='ltr'><strong>omnino</strong></span> <span class='ocrx_word' id='word_1_38' title='bbox 941 797 1139 836; x_wconf 81' lang='lat' dir='ltr'><strong>nexum</strong></span> <span class='ocrx_word' id='word_1_39' title='bbox 1180 792 1235 836; x_wconf 93' lang='lat' dir='ltr'><strong>et</strong></span> <span class='ocrx_word' id='word_1_40' title='bbox 1277 783 1628 851; x_wconf 72' lang='lat' dir='ltr'><strong>coniunctum</strong></span> <span class='ocrx_word' id='word_1_41' title='bbox 1666 793 1750 837; x_wconf 88' lang='lat' dir='ltr'><strong>est</strong></span> <span class='ocrx_word' id='word_1_42' title='bbox 1788 798 1910 836; x_wconf 91' lang='lat' dir='ltr'><strong>cum</strong></span> <span class='ocrx_word' id='word_1_43' title='bbox 1966 800 2049 837; x_wconf 89' lang='lat' dir='ltr'><strong>re-</strong></span> 
     </span>
    </p>
   </div>
   <div class='ocr_carea' id='block_1_8' title="bbox 461 870 2044 941">
    <p class='ocr_par' dir='ltr' id='par_1_8' title="bbox 461 870 2044 941">
     <span class='ocr_line' id='line_1_8' title="bbox 461 870 2044 941; baseline 0.003 -18"><span class='ocrx_word' id='word_1_44' title='bbox 461 884 581 923; x_wconf 89' lang='lat' dir='ltr'><strong>rum</strong></span> <span class='ocrx_word' id='word_1_45' title='bbox 608 870 750 925; x_wconf 91' lang='lat' dir='ltr'><strong>illius</strong></span> <span class='ocrx_word' id='word_1_46' title='bbox 784 880 1059 941; x_wconf 89' lang='lat' dir='ltr'><strong>gestarum</strong></span> <span class='ocrx_word' id='word_1_47' title='bbox 1091 874 1342 928; x_wconf 80' lang='lat' dir='ltr'><strong>historia.</strong></span> <span class='ocrx_word' id='word_1_48' title='bbox 1378 876 1512 927; x_wconf 82' lang='lat' dir='ltr'><strong>Nam</strong></span> <span class='ocrx_word' id='word_1_49' title='bbox 1544 889 1665 929; x_wconf 88' lang='lat' dir='ltr'><strong>eum</strong></span> <span class='ocrx_word' id='word_1_50' title='bbox 1699 874 2044 929; x_wconf 84' lang='lat' dir='ltr'><strong>Antiochiam</strong></span> 
     </span>
    </p>
   </div>
   <div class='ocr_carea' id='block_1_9' title="bbox 461 965 2045 1038">
    <p class='ocr_par' dir='ltr' id='par_1_9' title="bbox 461 965 2045 1038">
     <span class='ocr_line' id='line_1_9' title="bbox 461 965 2045 1038; baseline 0.003 -21"><span class='ocrx_word' id='word_1_51' title='bbox 461 974 675 1033; x_wconf 88' lang='lat' dir='ltr'><strong>peteret</strong></span> <span class='ocrx_word' id='word_1_52' title='bbox 698 965 844 1021; x_wconf 91' lang='lat' dir='ltr'><strong>lento</strong></span> <span class='ocrx_word' id='word_1_53' title='bbox 881 967 1097 1030; x_wconf 86' lang='lat' dir='ltr'><strong>itinere,</strong></span> <span class='ocrx_word' id='word_1_54' title='bbox 1127 977 1247 1021; x_wconf 90' lang='lat' dir='ltr'><strong>erat</strong></span> <span class='ocrx_word' id='word_1_55' title='bbox 1270 968 1498 1038; x_wconf 78' lang='lat' dir='ltr'><strong>Ancyrae</strong></span> <span class='ocrx_word' id='word_1_56' title='bbox 1530 966 1673 1022; x_wconf 80' lang='lat' dir='ltr'><strong>Iulio</strong></span> <span class='ocrx_word' id='word_1_57' title='bbox 1698 982 1883 1021; x_wconf 89' lang='lat' dir='ltr'><strong>mense</strong></span> <span class='ocrx_word' id='word_1_58' title='bbox 1920 967 2045 1021; x_wconf 87' lang='lat' dir='ltr'><strong>anui</strong></span> 
     </span>
    </p>
   </div>
   <div class='ocr_carea' id='block_1_10' title="bbox 457 1056 2045 1131">
    <p class='ocr_par' dir='ltr' id='par_1_10' title="bbox 457 1056 2045 1131">
     <span class='ocr_line' id='line_1_10' title="bbox 457 1056 2045 1131; baseline 0.001 -21"><span class='ocrx_word' id='word_1_59' title='bbox 457 1056 583 1121; x_wconf 78' lang='grc'>571,</span> <span class='ocrx_word' id='word_1_60' title='bbox 614 1067 673 1111; x_wconf 91' lang='lat' dir='ltr'><strong>ut</strong></span> <span class='ocrx_word' id='word_1_61' title='bbox 698 1068 849 1113; x_wconf 90' lang='lat' dir='ltr'><strong>certo</strong></span> <span class='ocrx_word' id='word_1_62' title='bbox 883 1060 1208 1129; x_wconf 89' lang='lat' dir='ltr'><strong>perspicitur</strong></span> <span class='ocrx_word' id='word_1_63' title='bbox 1238 1075 1303 1114; x_wconf 84' lang='lat' dir='ltr'><strong>ex</strong></span> <span class='ocrx_word' id='word_1_64' title='bbox 1353 1062 1467 1131; x_wconf 81' lang='lat' dir='ltr'><strong>lege</strong></span> <span class='ocrx_word' id='word_1_65' title='bbox 1510 1060 1577 1115; x_wconf 84' lang='lat'><strong>76</strong></span> <span class='ocrx_word' id='word_1_66' title='bbox 1632 1061 1697 1115; x_wconf 90' lang='lat' dir='ltr'><strong>de</strong></span> <span class='ocrx_word' id='word_1_67' title='bbox 1732 1060 2045 1114; x_wconf 82' lang='lat' dir='ltr'><strong>decurioni-</strong></span> 
     </span>
    </p>
   </div>
   <div class='ocr_carea' id='block_1_11' title="bbox 456 1148 2043 1216">
    <p class='ocr_par' dir='ltr' id='par_1_11' title="bbox 456 1148 2043 1216">
     <span class='ocr_line' id='line_1_11' title="bbox 456 1148 2043 1216; baseline 0.003 -15"><span class='ocrx_word' id='word_1_68' title='bbox 456 1148 560 1202; x_wconf 90' lang='lat' dir='ltr'><strong>bus</strong></span> <span class='ocrx_word' id='word_1_69' title='bbox 581 1149 703 1202; x_wconf 89' lang='lat' dir='ltr'><strong>data</strong></span> <span class='ocrx_word' id='word_1_70' title='bbox 730 1150 781 1203; x_wconf 92' lang='lat' dir='ltr'><strong>in</strong></span> <span class='ocrx_word' id='word_1_71' title='bbox 817 1150 918 1204; x_wconf 89' lang='lat' dir='ltr'><strong>hac</strong></span> <span class='ocrx_word' id='word_1_72' title='bbox 948 1150 1080 1205; x_wconf 87' lang='lat' dir='ltr'><strong>urbe</strong></span> <span class='ocrx_word' id='word_1_73' title='bbox 1126 1167 1187 1205; x_wconf 86' lang='grc' dir='ltr'><strong>ιιι</strong></span> <span class='ocrx_word' id='word_1_74' title='bbox 1232 1152 1308 1205; x_wconf 91' lang='lat' dir='ltr'><strong>Id.</strong></span> <span class='ocrx_word' id='word_1_75' title='bbox 1362 1150 1499 1216; x_wconf 80' lang='lat' dir='ltr'><strong>Jul.,</strong></span> <span class='ocrx_word' id='word_1_76' title='bbox 1529 1152 1795 1206; x_wconf 81' lang='lat' dir='ltr'><strong>Gratiano</strong></span> <span class='ocrx_word' id='word_1_77' title='bbox 1824 1154 1888 1205; x_wconf 86' lang='lat' dir='ltr'><strong>A.</strong></span> <span class='ocrx_word' id='word_1_78' title='bbox 1917 1150 1957 1205; x_wconf 97' lang='lat' dir='ltr'><strong>ll</strong></span> <span class='ocrx_word' id='word_1_79' title='bbox 1991 1162 2043 1206; x_wconf 89' lang='lat' dir='ltr'><strong>et</strong></span> 
     </span>
    </p>
   </div>
   <div class='ocr_carea' id='block_1_12' title="bbox 454 1235 2042 1315">
    <p class='ocr_par' dir='ltr' id='par_1_12' title="bbox 454 1235 2042 1315">
     <span class='ocr_line' id='line_1_12' title="bbox 454 1235 2042 1315; baseline 0.004 -24"><span class='ocrx_word' id='word_1_80' title='bbox 454 1235 636 1294; x_wconf 82' lang='lat' dir='ltr'><strong>Probo</strong></span> <span class='ocrx_word' id='word_1_81' title='bbox 658 1256 791 1307; x_wconf 88' lang='lat' dir='ltr'><strong>css.,</strong></span> <span class='ocrx_word' id='word_1_82' title='bbox 816 1243 937 1296; x_wconf 91' lang='lat' dir='ltr'><strong>cod.</strong></span> <span class='ocrx_word' id='word_1_83' title='bbox 970 1242 1179 1298; x_wconf 80' lang='lat' dir='ltr'><strong>Tlieod.</strong></span> <span class='ocrx_word' id='word_1_84' title='bbox 1214 1245 1309 1297; x_wconf 90' lang='lat' dir='ltr'><strong>lib.</strong></span> <span class='ocrx_word' id='word_1_85' title='bbox 1335 1260 1434 1307; x_wconf 83' lang='lat' dir='ltr'><strong>xu,</strong></span> <span class='ocrx_word' id='word_1_86' title='bbox 1457 1245 1540 1298; x_wconf 91' lang='lat' dir='ltr'><strong>tit.</strong></span> <span class='ocrx_word' id='word_1_87' title='bbox 1569 1245 1621 1311; x_wconf 88' lang='lat' dir='ltr'><strong>I,</strong></span> <span class='ocrx_word' id='word_1_88' title='bbox 1650 1261 1703 1315; x_wconf 91' lang='lat' dir='ltr'><strong>p.</strong></span> <span class='ocrx_word' id='word_1_89' title='bbox 1731 1245 1858 1299; x_wconf 67' lang='grc'><strong>426.</strong></span> <span class='ocrx_word' id='word_1_90' title='bbox 1909 1244 2042 1300; x_wconf 91' lang='lat' dir='ltr'><strong>Cum</strong></span> 
     </span>
    </p>
   </div>
   <div class='ocr_carea' id='block_1_13' title="bbox 456 1330 2043 1405">
    <p class='ocr_par' dir='ltr' id='par_1_13' title="bbox 456 1330 2043 1405">
     <span class='ocr_line' id='line_1_13' title="bbox 456 1330 2043 1405; baseline 0.003 -23"><span class='ocrx_word' id='word_1_91' title='bbox 456 1344 587 1400; x_wconf 84' lang='lat' dir='ltr'><strong>ergo</strong></span> <span class='ocrx_word' id='word_1_92' title='bbox 611 1330 754 1386; x_wconf 89' lang='lat' dir='ltr'><strong>illius</strong></span> <span class='ocrx_word' id='word_1_93' title='bbox 777 1334 1045 1387; x_wconf 89' lang='lat' dir='ltr'><strong>emissarii</strong></span> <span class='ocrx_word' id='word_1_94' title='bbox 1091 1343 1145 1388; x_wconf 91' lang='lat' dir='ltr'><strong>et</strong></span> <span class='ocrx_word' id='word_1_95' title='bbox 1192 1350 1561 1404; x_wconf 73' lang='lat' dir='ltr'><strong>praecursores</strong></span> <span class='ocrx_word' id='word_1_96' title='bbox 1596 1335 1831 1405; x_wconf 91' lang='lat' dir='ltr'><strong>episcopi</strong></span> <span class='ocrx_word' id='word_1_97' title='bbox 1864 1335 2043 1390; x_wconf 71' lang='lat' dir='ltr'><strong>Caesa-</strong></span> 
     </span>
    </p>
   </div>
   <div class='ocr_carea' id='block_1_14' title="bbox 455 1424 2040 1495">
    <p class='ocr_par' dir='ltr' id='par_1_14' title="bbox 455 1424 2040 1495">
     <span class='ocr_line' id='line_1_14' title="bbox 455 1424 2040 1495; baseline 0.004 -20"><span class='ocrx_word' id='word_1_98' title='bbox 455 1436 608 1475; x_wconf 85' lang='lat' dir='ltr'><strong>ream</strong></span> <span class='ocrx_word' id='word_1_99' title='bbox 663 1426 911 1478; x_wconf 85' lang='lat' dir='ltr'><strong>venerint</strong></span> <span class='ocrx_word' id='word_1_100' title='bbox 959 1440 1143 1479; x_wconf 87' lang='lat' dir='ltr'><strong>mense</strong></span> <span class='ocrx_word' id='word_1_101' title='bbox 1207 1424 1514 1495; x_wconf 88' lang='lat' dir='ltr'><strong>Septembri</strong></span> <span class='ocrx_word' id='word_1_102' title='bbox 1570 1426 1811 1494; x_wconf 77' lang='lat' dir='ltr'><strong>eiusdem</strong></span> <span class='ocrx_word' id='word_1_103' title='bbox 1869 1429 2040 1493; x_wconf 90' lang='lat' dir='ltr'><strong>anni,</strong></span> 
     </span>
    </p>
   </div>
   <div class='ocr_carea' id='block_1_15' title="bbox 455 1516 2042 1589">
    <p class='ocr_par' dir='ltr' id='par_1_15' title="bbox 455 1516 2042 1589">
     <span class='ocr_line' id='line_1_15' title="bbox 455 1516 2042 1589; baseline 0.004 -22"><span class='ocrx_word' id='word_1_104' title='bbox 455 1529 688 1584; x_wconf 90' lang='lat' dir='ltr'><strong>cumque</strong></span> <span class='ocrx_word' id='word_1_105' title='bbox 724 1516 1005 1571; x_wconf 81' lang='lat' dir='ltr'><strong>Valentem</strong></span> <span class='ocrx_word' id='word_1_106' title='bbox 1045 1518 1307 1571; x_wconf 76' lang='lat' dir='ltr'><strong>Caesareae</strong></span> <span class='ocrx_word' id='word_1_107' title='bbox 1349 1517 1544 1571; x_wconf 79' lang='lat' dir='ltr'><strong>festum</strong></span> <span class='ocrx_word' id='word_1_108' title='bbox 1583 1518 1902 1589; x_wconf 82' lang='lat' dir='ltr'><strong>Epiphaniae</strong></span> <span class='ocrx_word' id='word_1_109' title='bbox 1949 1535 2042 1574; x_wconf 86' lang='lat' dir='ltr'><strong>ce-</strong></span> 
     </span>
    </p>
   </div>
   <div class='ocr_carea' id='block_1_16' title="bbox 456 1605 2043 1679">
    <p class='ocr_par' dir='ltr' id='par_1_16' title="bbox 456 1605 2043 1679">
     <span class='ocr_line' id='line_1_16' title="bbox 456 1605 2043 1679; baseline 0.003 -20"><span class='ocrx_word' id='word_1_110' title='bbox 456 1605 695 1661; x_wconf 90' lang='lat' dir='ltr'><strong>lebrasse</strong></span> <span class='ocrx_word' id='word_1_111' title='bbox 738 1618 973 1674; x_wconf 84' lang='lat' dir='ltr'><strong>constet;</strong></span> <span class='ocrx_word' id='word_1_112' title='bbox 1032 1610 1211 1663; x_wconf 91' lang='lat' dir='ltr'><strong>nullus</strong></span> <span class='ocrx_word' id='word_1_113' title='bbox 1256 1612 1497 1679; x_wconf 89' lang='lat' dir='ltr'><strong>profecto</strong></span> <span class='ocrx_word' id='word_1_114' title='bbox 1556 1612 1839 1666; x_wconf 88' lang='lat' dir='ltr'><strong>dubitandi</strong></span> <span class='ocrx_word' id='word_1_115' title='bbox 1892 1611 2043 1665; x_wconf 91' lang='lat' dir='ltr'><strong>locus</strong></span> 
     </span>
    </p>
   </div>
   <div class='ocr_carea' id='block_1_17' title="bbox 454 1699 2042 1771">
    <p class='ocr_par' dir='ltr' id='par_1_17' title="bbox 454 1699 2042 1771">
     <span class='ocr_line' id='line_1_17' title="bbox 454 1699 2042 1771; baseline 0.002 -20"><span class='ocrx_word' id='word_1_116' title='bbox 454 1699 584 1768; x_wconf 92' lang='lat' dir='ltr'><strong>quin</strong></span> <span class='ocrx_word' id='word_1_117' title='bbox 642 1700 694 1754; x_wconf 88' lang='lat' dir='ltr'><strong>id</strong></span> <span class='ocrx_word' id='word_1_118' title='bbox 745 1716 886 1754; x_wconf 90' lang='lat' dir='ltr'><strong>anno</strong></span> <span class='ocrx_word' id='word_1_119' title='bbox 929 1700 1035 1753; x_wconf 70' lang='lat'><strong>572</strong></span> <span class='ocrx_word' id='word_1_120' title='bbox 1075 1701 1294 1756; x_wconf 90' lang='lat' dir='ltr'><strong>ineunte</strong></span> <span class='ocrx_word' id='word_1_121' title='bbox 1345 1704 1655 1771; x_wconf 76' lang='lat' dir='ltr'><strong>contigerit.</strong></span> <span class='ocrx_word' id='word_1_122' title='bbox 1684 1702 1799 1757; x_wconf 88' lang='lat' dir='ltr'><strong>Iluc</strong></span> <span class='ocrx_word' id='word_1_123' title='bbox 1830 1702 2042 1757; x_wconf 89' lang='lat' dir='ltr'><strong>accedit</strong></span> 
     </span>
    </p>
   </div>
   <div class='ocr_carea' id='block_1_18' title="bbox 456 1792 2044 1866">
    <p class='ocr_par' dir='ltr' id='par_1_18' title="bbox 456 1792 2044 1866">
     <span class='ocr_line' id='line_1_18' title="bbox 456 1792 2044 1866; baseline 0.003 -21"><span class='ocrx_word' id='word_1_124' title='bbox 456 1793 753 1847; x_wconf 80' lang='lat' dir='ltr'><strong>auctoritas</strong></span> <span class='ocrx_word' id='word_1_125' title='bbox 785 1793 1029 1863; x_wconf 80' lang='lat' dir='ltr'><strong>Gregorii</strong></span> <span class='ocrx_word' id='word_1_126' title='bbox 1054 1792 1282 1863; x_wconf 80' lang='lat' dir='ltr'><strong>Nysseni</strong></span> <span class='ocrx_word' id='word_1_127' title='bbox 1314 1794 1415 1866; x_wconf 83' lang='grc' dir='ltr'><strong>(α),</strong></span> <span class='ocrx_word' id='word_1_128' title='bbox 1442 1796 1534 1863; x_wconf 92' lang='lat' dir='ltr'><strong>qui</strong></span> <span class='ocrx_word' id='word_1_129' title='bbox 1585 1805 1818 1849; x_wconf 87' lang='lat' dir='ltr'><strong>testatur</strong></span> <span class='ocrx_word' id='word_1_130' title='bbox 1849 1796 2044 1849; x_wconf 85' lang='lat' dir='ltr'><strong>Valen-</strong></span> 
     </span>
    </p>
   </div>
   <div class='ocr_carea' id='block_1_19' title="bbox 456 1885 2037 1958">
    <p class='ocr_par' dir='ltr' id='par_1_19' title="bbox 456 1885 2037 1958">
     <span class='ocr_line' id='line_1_19' title="bbox 456 1885 2037 1958; baseline 0.001 -21"><span class='ocrx_word' id='word_1_131' title='bbox 456 1892 561 1937; x_wconf 87' lang='lat' dir='ltr'><strong>tem</strong></span> <span class='ocrx_word' id='word_1_132' title='bbox 593 1885 755 1940; x_wconf 90' lang='lat' dir='ltr'><strong>rebus</strong></span> <span class='ocrx_word' id='word_1_133' title='bbox 797 1897 986 1939; x_wconf 90' lang='lat' dir='ltr'><strong>contra</strong></span> <span class='ocrx_word' id='word_1_134' title='bbox 1035 1885 1303 1941; x_wconf 90' lang='lat' dir='ltr'><strong>barbaros</strong></span> <span class='ocrx_word' id='word_1_135' title='bbox 1345 1887 1582 1942; x_wconf 80' lang='lat' dir='ltr'><strong>feliciter</strong></span> <span class='ocrx_word' id='word_1_136' title='bbox 1618 1889 1785 1958; x_wconf 84' lang='lat' dir='ltr'><strong>gestis</strong></span> <span class='ocrx_word' id='word_1_137' title='bbox 1810 1888 2037 1952; x_wconf 90' lang='lat' dir='ltr'><strong>elatum,</strong></span> 
     </span>
    </p>
   </div>
   <div class='ocr_carea' id='block_1_20' title="bbox 451 1975 2041 2050">
    <p class='ocr_par' dir='ltr' id='par_1_20' title="bbox 451 1975 2041 2050">
     <span class='ocr_line' id='line_1_20' title="bbox 451 1975 2041 2050; baseline 0.003 -21"><span class='ocrx_word' id='word_1_138' title='bbox 451 1988 575 2029; x_wconf 88' lang='lat' dir='ltr'><strong>cum</strong></span> <span class='ocrx_word' id='word_1_139' title='bbox 598 1975 989 2045; x_wconf 62' lang='lat' dir='ltr'><strong>ePropontide</strong></span> <span class='ocrx_word' id='word_1_140' title='bbox 1020 1993 1337 2047; x_wconf 86' lang='lat' dir='ltr'><strong>progressus</strong></span> <span class='ocrx_word' id='word_1_141' title='bbox 1368 1978 1676 2050; x_wconf 88' lang='lat' dir='ltr'><strong>Bithyniam</strong></span> <span class='ocrx_word' id='word_1_142' title='bbox 1715 1994 1781 2033; x_wconf 77' lang='lat' dir='ltr'><strong>ex</strong></span> <span class='ocrx_word' id='word_1_143' title='bbox 1841 1982 2041 2048; x_wconf 91' lang='lat' dir='ltr'><strong>impro-</strong></span> 
     </span>
    </p>
   </div>
   <div class='ocr_carea' id='block_1_21' title="bbox 452 2065 2037 2141">
    <p class='ocr_par' dir='ltr' id='par_1_21' title="bbox 452 2065 2037 2141">
     <span class='ocr_line' id='line_1_21' title="bbox 452 2065 2037 2141; baseline 0.004 -22"><span class='ocrx_word' id='word_1_144' title='bbox 452 2065 572 2120; x_wconf 74' lang='lat' dir='ltr'><strong>viso</strong></span> <span class='ocrx_word' id='word_1_145' title='bbox 604 2076 894 2132; x_wconf 84' lang='lat' dir='ltr'><strong>vastasset,</strong></span> <span class='ocrx_word' id='word_1_146' title='bbox 926 2083 989 2121; x_wconf 86' lang='lat' dir='ltr'><strong>ac</strong></span> <span class='ocrx_word' id='word_1_147' title='bbox 1018 2069 1287 2124; x_wconf 85' lang='lat' dir='ltr'><strong>Galatiam</strong></span> <span class='ocrx_word' id='word_1_148' title='bbox 1324 2070 1473 2125; x_wconf 92' lang='lat' dir='ltr'><strong>nullo</strong></span> <span class='ocrx_word' id='word_1_149' title='bbox 1522 2074 1741 2139; x_wconf 69' lang='lat' dir='ltr'><strong>negotio</strong></span> <span class='ocrx_word' id='word_1_150' title='bbox 1782 2074 2037 2141; x_wconf 87' lang='lat' dir='ltr'><strong>cepisset,</strong></span> 
     </span>
    </p>
   </div>
   <div class='ocr_carea' id='block_1_22' title="bbox 451 2160 2037 2238">
    <p class='ocr_par' dir='ltr' id='par_1_22' title="bbox 451 2160 2037 2238">
     <span class='ocr_line' id='line_1_22' title="bbox 451 2160 2037 2238; baseline 0.005 -24"><span class='ocrx_word' id='word_1_151' title='bbox 451 2160 531 2214; x_wconf 88' lang='lat' dir='ltr'><strong>sic</strong></span> <span class='ocrx_word' id='word_1_152' title='bbox 566 2161 779 2215; x_wconf 86' lang='lat' dir='ltr'><strong>tandem</strong></span> <span class='ocrx_word' id='word_1_153' title='bbox 831 2164 883 2215; x_wconf 92' lang='lat' dir='ltr'><strong>in</strong></span> <span class='ocrx_word' id='word_1_154' title='bbox 929 2161 1366 2232; x_wconf 80' lang='lat' dir='ltr'><strong>Cappadociam,</strong></span> <span class='ocrx_word' id='word_1_155' title='bbox 1424 2182 1544 2235; x_wconf 79' lang='lat' dir='ltr'><strong>quae</strong></span> <span class='ocrx_word' id='word_1_156' title='bbox 1599 2169 1845 2238; x_wconf 66' lang='lat' dir='ltr'><strong>proxima</strong></span> <span class='ocrx_word' id='word_1_157' title='bbox 1898 2179 2037 2235; x_wconf 92' lang='lat' dir='ltr'><strong>erat,</strong></span> 
     </span>
    </p>
   </div>
   <div class='ocr_carea' id='block_1_23' title="bbox 450 2253 2041 2324">
    <p class='ocr_par' dir='ltr' id='par_1_23' title="bbox 450 2253 2041 2324">
     <span class='ocr_line' id='line_1_23' title="bbox 450 2253 2041 2324; baseline 0.006 -18"><span class='ocrx_word' id='word_1_158' title='bbox 450 2254 786 2322; x_wconf 86' lang='lat' dir='ltr'><strong>pervenisse.</strong></span> <span class='ocrx_word' id='word_1_159' title='bbox 816 2253 1120 2309; x_wconf 64' lang='lat' dir='ltr'><strong>Ca‘saream</strong></span> <span class='ocrx_word' id='word_1_160' title='bbox 1142 2270 1273 2324; x_wconf 85' lang='lat' dir='ltr'><strong>ergo</strong></span> <span class='ocrx_word' id='word_1_161' title='bbox 1307 2258 1506 2313; x_wconf 85' lang='lat' dir='ltr'><strong>Valens</strong></span> <span class='ocrx_word' id='word_1_162' title='bbox 1547 2261 1733 2314; x_wconf 88' lang='lat' dir='ltr'><strong>eodem</strong></span> <span class='ocrx_word' id='word_1_163' title='bbox 1772 2276 1915 2314; x_wconf 86' lang='lat' dir='ltr'><strong>anno</strong></span> <span class='ocrx_word' id='word_1_164' title='bbox 1946 2277 2041 2315; x_wconf 82' lang='lat' dir='ltr'><strong>ve-</strong></span> 
     </span>
    </p>
   </div>
   <div class='ocr_carea' id='block_1_24' title="bbox 451 2346 2040 2417">
    <p class='ocr_par' dir='ltr' id='par_1_24' title="bbox 451 2346 2040 2417">
     <span class='ocr_line' id='line_1_24' title="bbox 451 2346 2040 2417; baseline 0.006 -18"><span class='ocrx_word' id='word_1_165' title='bbox 451 2347 555 2411; x_wconf 88' lang='lat' dir='ltr'><strong>nit,</strong></span> <span class='ocrx_word' id='word_1_166' title='bbox 585 2361 692 2414; x_wconf 91' lang='lat' dir='ltr'><strong>quo</strong></span> <span class='ocrx_word' id='word_1_167' title='bbox 714 2346 987 2401; x_wconf 83' lang='lat' dir='ltr'><strong>Galatiam</strong></span> <span class='ocrx_word' id='word_1_168' title='bbox 1013 2351 1357 2417; x_wconf 78' lang='lat' dir='ltr'><strong>peragravit;</strong></span> <span class='ocrx_word' id='word_1_169' title='bbox 1390 2367 1453 2404; x_wconf 92' lang='lat' dir='ltr'><strong>ac</strong></span> <span class='ocrx_word' id='word_1_170' title='bbox 1496 2352 1655 2406; x_wconf 84' lang='lat' dir='ltr'><strong>valde</strong></span> <span class='ocrx_word' id='word_1_171' title='bbox 1701 2352 1957 2407; x_wconf 86' lang='lat' dir='ltr'><strong>Socrates</strong></span> <span class='ocrx_word' id='word_1_172' title='bbox 1988 2363 2040 2408; x_wconf 91' lang='lat' dir='ltr'><strong>et</strong></span> 
     </span>
    </p>
   </div>
   <div class='ocr_carea' id='block_1_25' title="bbox 452 2434 2040 2511">
    <p class='ocr_par' dir='ltr' id='par_1_25' title="bbox 452 2434 2040 2511">
     <span class='ocr_line' id='line_1_25' title="bbox 452 2434 2040 2511; baseline 0.004 -22"><span class='ocrx_word' id='word_1_173' title='bbox 452 2434 826 2491; x_wconf 83' lang='lat' dir='ltr'><strong>Theodoretus</strong></span> <span class='ocrx_word' id='word_1_174' title='bbox 892 2438 1299 2494; x_wconf 90' lang='lat' dir='ltr'><strong>hallucinantur</strong></span> <span class='ocrx_word' id='word_1_175' title='bbox 1349 2441 1440 2509; x_wconf 92' lang='lat' dir='ltr'><strong>qui</strong></span> <span class='ocrx_word' id='word_1_176' title='bbox 1477 2441 1590 2508; x_wconf 91' lang='lat' dir='ltr'><strong>jam</strong></span> <span class='ocrx_word' id='word_1_177' title='bbox 1634 2440 1850 2511; x_wconf 84' lang='lat' dir='ltr'><strong>Syriam</strong></span> <span class='ocrx_word' id='word_1_178' title='bbox 1878 2451 1932 2495; x_wconf 91' lang='lat' dir='ltr'><strong>et</strong></span> <span class='ocrx_word' id='word_1_179' title='bbox 1963 2443 2040 2496; x_wconf 86' lang='lat' dir='ltr'><strong>vi-</strong></span> 
     </span>
    </p>
   </div>
   <div class='ocr_carea' id='block_1_26' title="bbox 450 2530 2040 2601">
    <p class='ocr_par' dir='ltr' id='par_1_26' title="bbox 450 2530 2040 2601">
     <span class='ocr_line' id='line_1_26' title="bbox 450 2530 2040 2601; baseline 0.004 -18"><span class='ocrx_word' id='word_1_180' title='bbox 450 2530 604 2583; x_wconf 89' lang='lat' dir='ltr'><strong>cinas</strong></span> <span class='ocrx_word' id='word_1_181' title='bbox 641 2531 892 2600; x_wconf 82' lang='lat' dir='ltr'><strong>regiones</strong></span> <span class='ocrx_word' id='word_1_182' title='bbox 932 2532 1261 2586; x_wconf 87' lang='lat' dir='ltr'><strong>Arianorum</strong></span> <span class='ocrx_word' id='word_1_183' title='bbox 1314 2533 1503 2587; x_wconf 91' lang='lat' dir='ltr'><strong>ditioni</strong></span> <span class='ocrx_word' id='word_1_184' title='bbox 1542 2534 1818 2601; x_wconf 73' lang='lat' dir='ltr'><strong>subiectas</strong></span> <span class='ocrx_word' id='word_1_185' title='bbox 1870 2534 2040 2589; x_wconf 91' lang='lat' dir='ltr'><strong>fuisse</strong></span> 
     </span>
    </p>
   </div>
   <div class='ocr_carea' id='block_1_27' title="bbox 450 2623 2037 2695">
    <p class='ocr_par' dir='ltr' id='par_1_27' title="bbox 450 2623 2037 2695">
     <span class='ocr_line' id='line_1_27' title="bbox 450 2623 2037 2695; baseline 0.004 -21"><span class='ocrx_word' id='word_1_186' title='bbox 450 2632 681 2691; x_wconf 85' lang='lat' dir='ltr'><strong>putant.</strong></span> <span class='ocrx_word' id='word_1_187' title='bbox 713 2639 836 2677; x_wconf 92' lang='lat' dir='ltr'><strong>cum</strong></span> <span class='ocrx_word' id='word_1_188' title='bbox 879 2623 1127 2679; x_wconf 72' lang='lat' dir='ltr'><strong>Caesarea</strong></span> <span class='ocrx_word' id='word_1_189' title='bbox 1189 2636 1518 2695; x_wconf 77' lang='lat' dir='ltr'><strong>Oppugnata.</strong></span> <span class='ocrx_word' id='word_1_190' title='bbox 1579 2626 1865 2681; x_wconf 90' lang='lat' dir='ltr'><strong>Cousentit</strong></span> <span class='ocrx_word' id='word_1_191' title='bbox 1914 2643 2037 2681; x_wconf 92' lang='lat' dir='ltr'><strong>cum</strong></span> 
     </span>
    </p>
   </div>
   <div class='ocr_carea' id='block_1_28' title="bbox 448 2713 2035 2788">
    <p class='ocr_par' dir='ltr' id='par_1_28' title="bbox 448 2713 2035 2788">
     <span class='ocr_line' id='line_1_28' title="bbox 448 2713 2035 2788; baseline 0.003 -19"><span class='ocrx_word' id='word_1_192' title='bbox 448 2713 698 2784; x_wconf 76' lang='lat' dir='ltr'><strong>Nyssen’o</strong></span> <span class='ocrx_word' id='word_1_193' title='bbox 744 2715 1124 2772; x_wconf 79' lang='lat' dir='ltr'><strong>Nazianzenus</strong></span> <span class='ocrx_word' id='word_1_194' title='bbox 1183 2716 1279 2787; x_wconf 72' lang='grc'><strong>(1)),</strong></span> <span class='ocrx_word' id='word_1_195' title='bbox 1335 2718 1427 2788; x_wconf 85' lang='lat' dir='ltr'><strong>qui</strong></span> <span class='ocrx_word' id='word_1_196' title='bbox 1490 2717 1773 2773; x_wconf 81' lang='lat' dir='ltr'><strong>Valentem</strong></span> <span class='ocrx_word' id='word_1_197' title='bbox 1829 2728 2035 2786; x_wconf 89' lang='lat' dir='ltr'><strong>narrat,</strong></span> 
     </span>
    </p>
   </div>
   <div class='ocr_carea' id='block_1_29' title="bbox 451 2806 2036 2878">
    <p class='ocr_par' dir='ltr' id='par_1_29' title="bbox 451 2806 2036 2878">
     <span class='ocr_line' id='line_1_29' title="bbox 451 2806 2036 2878; baseline 0.001 -19"><span class='ocrx_word' id='word_1_198' title='bbox 451 2820 573 2859; x_wconf 89' lang='lat' dir='ltr'><strong>curn</strong></span> <span class='ocrx_word' id='word_1_199' title='bbox 610 2806 818 2860; x_wconf 81' lang='lat' dir='ltr'><strong>vicinos</strong></span> <span class='ocrx_word' id='word_1_200' title='bbox 878 2821 1071 2860; x_wconf 93' lang='lat' dir='ltr'><strong>omnes</strong></span> <span class='ocrx_word' id='word_1_201' title='bbox 1126 2806 1423 2877; x_wconf 83' lang='lat' dir='ltr'><strong>impietatis</strong></span> <span class='ocrx_word' id='word_1_202' title='bbox 1470 2808 1665 2862; x_wconf 90' lang='lat' dir='ltr'><strong>robore</strong></span> <span class='ocrx_word' id='word_1_203' title='bbox 1701 2823 1764 2863; x_wconf 90' lang='lat' dir='ltr'><strong>ac</strong></span> <span class='ocrx_word' id='word_1_204' title='bbox 1795 2810 2036 2878; x_wconf 87' lang='lat' dir='ltr'><strong>potentia</strong></span> 
     </span>
    </p>
   </div>
   <div class='ocr_carea' id='block_1_30' title="bbox 450 2899 2033 2971">
    <p class='ocr_par' dir='ltr' id='par_1_30' title="bbox 450 2899 2033 2971">
     <span class='ocr_line' id='line_1_30' title="bbox 450 2899 2033 2971; baseline 0.002 -18"><span class='ocrx_word' id='word_1_205' title='bbox 450 2899 769 2965; x_wconf 75' lang='lat' dir='ltr'><strong>domuisset,</strong></span> <span class='ocrx_word' id='word_1_206' title='bbox 796 2915 862 2955; x_wconf 91' lang='lat' dir='ltr'><strong>ac</strong></span> <span class='ocrx_word' id='word_1_207' title='bbox 889 2900 1077 2954; x_wconf 90' lang='lat' dir='ltr'><strong>ditioni</strong></span> <span class='ocrx_word' id='word_1_208' title='bbox 1126 2916 1237 2955; x_wconf 70' lang='lat' dir='ltr'><strong>suae</strong></span> <span class='ocrx_word' id='word_1_209' title='bbox 1262 2901 1525 2971; x_wconf 90' lang='lat' dir='ltr'><strong>quidquid</strong></span> <span class='ocrx_word' id='word_1_210' title='bbox 1579 2902 1796 2957; x_wconf 86' lang='lat' dir='ltr'><strong>obvium</strong></span> <span class='ocrx_word' id='word_1_211' title='bbox 1831 2902 2033 2958; x_wconf 86' lang='lat' dir='ltr'><strong>habue-</strong></span> 
     </span>
    </p>
   </div>
   <div class='ocr_carea' id='block_1_31' title="bbox 447 2992 2037 3063">
    <p class='ocr_par' dir='ltr' id='par_1_31' title="bbox 447 2992 2037 3063">
     <span class='ocr_line' id='line_1_31' title="bbox 447 2992 2037 3063; baseline 0.003 -18"><span class='ocrx_word' id='word_1_212' title='bbox 447 3002 556 3058; x_wconf 90' lang='lat' dir='ltr'><strong>rat,</strong></span> <span class='ocrx_word' id='word_1_213' title='bbox 578 2992 920 3062; x_wconf 89' lang='lat' dir='ltr'><strong>subjecisset,</strong></span> <span class='ocrx_word' id='word_1_214' title='bbox 958 2992 1037 3047; x_wconf 92' lang='lat' dir='ltr'><strong>sic</strong></span> <span class='ocrx_word' id='word_1_215' title='bbox 1072 2994 1290 3048; x_wconf 88' lang='lat' dir='ltr'><strong>tandem</strong></span> <span class='ocrx_word' id='word_1_216' title='bbox 1326 2995 1631 3063; x_wconf 80' lang='lat' dir='ltr'><strong>peragratis</strong></span> <span class='ocrx_word' id='word_1_217' title='bbox 1657 2994 1910 3049; x_wconf 90' lang='lat' dir='ltr'><strong>omnibus</strong></span> <span class='ocrx_word' id='word_1_218' title='bbox 1947 3009 2037 3050; x_wconf 90' lang='lat' dir='ltr'><strong>re-</strong></span> 
     </span>
    </p>
   </div>
   <div class='ocr_carea' id='block_1_32' title="bbox 2226 502 3733 571">
    <p class='ocr_par' dir='ltr' id='par_1_32' title="bbox 2226 502 3733 571">
     <span class='ocr_line' id='line_1_32' title="bbox 2226 502 3733 571; baseline -0.001 -14"><span class='ocrx_word' id='word_1_219' title='bbox 2226 504 2471 559; x_wconf 88' lang='lat' dir='ltr'><strong>Delatum</strong></span> <span class='ocrx_word' id='word_1_220' title='bbox 2514 519 2710 557; x_wconf 90' lang='lat' dir='ltr'><strong>munus</strong></span> <span class='ocrx_word' id='word_1_221' title='bbox 2759 503 3014 557; x_wconf 70' lang='lat' dir='ltr'><strong>Ecclesiae</strong></span> <span class='ocrx_word' id='word_1_222' title='bbox 3073 502 3371 556; x_wconf 91' lang='lat' dir='ltr'><strong>Innocentii</strong></span> <span class='ocrx_word' id='word_1_223' title='bbox 3408 514 3529 571; x_wconf 84' lang='lat' dir='ltr'><strong>post</strong></span> <span class='ocrx_word' id='word_1_224' title='bbox 3570 506 3733 571; x_wconf 83' lang='lat' dir='ltr'><strong>ipsius</strong></span> 
     </span>
    </p>
   </div>
   <div class='ocr_carea' id='block_1_33' title="bbox 2154 593 3736 661">
    <p class='ocr_par' dir='ltr' id='par_1_33' title="bbox 2154 593 3736 661">
     <span class='ocr_line' id='line_1_33' title="bbox 2154 593 3736 661; baseline -0.002 -12"><span class='ocrx_word' id='word_1_225' title='bbox 2154 606 2380 651; x_wconf 90' lang='lat' dir='ltr'><strong>mortem</strong></span> <span class='ocrx_word' id='word_1_226' title='bbox 2435 595 2685 649; x_wconf 72' lang='lat' dir='ltr'><strong>curanda:</strong></span> <span class='ocrx_word' id='word_1_227' title='bbox 2746 593 2980 648; x_wconf 87' lang='lat' dir='ltr'><strong>Basilius</strong></span> <span class='ocrx_word' id='word_1_228' title='bbox 3060 608 3090 646; x_wconf 86' lang='lat' dir='ltr'><strong>a</strong></span> <span class='ocrx_word' id='word_1_229' title='bbox 3148 607 3208 647; x_wconf 91' lang='lat' dir='ltr'><strong>se</strong></span> <span class='ocrx_word' id='word_1_230' title='bbox 3264 593 3629 661; x_wconf 86' lang='lat' dir='ltr'><strong>deprecatur,</strong></span> <span class='ocrx_word' id='word_1_231' title='bbox 3682 606 3736 646; x_wconf 86' lang='grc' dir='ltr'><strong>ιιι</strong></span> 
     </span>
    </p>
   </div>
   <div class='ocr_carea' id='block_1_34' title="bbox 2152 688 3736 756">
    <p class='ocr_par' dir='ltr' id='par_1_34' title="bbox 2152 688 3736 756">
     <span class='ocr_line' id='line_1_34' title="bbox 2152 688 3736 756; baseline 0.002 -18"><span class='ocrx_word' id='word_1_232' title='bbox 2152 688 2325 756; x_wconf 88' lang='lat' dir='ltr'><strong>majus</strong></span> <span class='ocrx_word' id='word_1_233' title='bbox 2379 688 2585 741; x_wconf 88' lang='lat' dir='ltr'><strong>viribus</strong></span> <span class='ocrx_word' id='word_1_234' title='bbox 2631 688 2773 749; x_wconf 88' lang='lat' dir='ltr'><strong>suis,</strong></span> <span class='ocrx_word' id='word_1_235' title='bbox 2825 688 3079 756; x_wconf 86' lang='lat' dir='ltr'><strong>quodque</strong></span> <span class='ocrx_word' id='word_1_236' title='bbox 3130 701 3197 741; x_wconf 73' lang='lat' dir='ltr'><strong>ex</strong></span> <span class='ocrx_word' id='word_1_237' title='bbox 3241 695 3390 741; x_wconf 86' lang='lat' dir='ltr'><strong>tanto</strong></span> <span class='ocrx_word' id='word_1_238' title='bbox 3452 688 3736 741; x_wconf 84' lang='lat' dir='ltr'><strong>intervallo</strong></span> 
     </span>
    </p>
   </div>
   <div class='ocr_carea' id='block_1_35' title="bbox 2152 776 3733 847">
    <p class='ocr_par' dir='ltr' id='par_1_35' title="bbox 2152 776 3733 847">
     <span class='ocr_line' id='line_1_35' title="bbox 2152 776 3733 847; baseline 0 -17"><span class='ocrx_word' id='word_1_239' title='bbox 2152 776 2313 832; x_wconf 79' lang='lat' dir='ltr'><strong>facile</strong></span> <span class='ocrx_word' id='word_1_240' title='bbox 2369 779 2737 833; x_wconf 90' lang='lat' dir='ltr'><strong>administrari</strong></span> <span class='ocrx_word' id='word_1_241' title='bbox 2764 795 2870 833; x_wconf 89' lang='lat' dir='ltr'><strong>non</strong></span> <span class='ocrx_word' id='word_1_242' title='bbox 2922 778 3117 847; x_wconf 87' lang='lat' dir='ltr'><strong>possit.</strong></span> <span class='ocrx_word' id='word_1_243' title='bbox 3160 776 3331 830; x_wconf 84' lang='lat' dir='ltr'><strong>Alteri</strong></span> <span class='ocrx_word' id='word_1_244' title='bbox 3380 786 3564 831; x_wconf 88' lang='lat' dir='ltr'><strong>autem</strong></span> <span class='ocrx_word' id='word_1_245' title='bbox 3606 780 3733 845; x_wconf 79' lang='lat' dir='ltr'><strong>peti-</strong></span> 
     </span>
    </p>
   </div>
   <div class='ocr_carea' id='block_1_36' title="bbox 2157 868 3734 936">
    <p class='ocr_par' dir='ltr' id='par_1_36' title="bbox 2157 868 3734 936">
     <span class='ocr_line' id='line_1_36' title="bbox 2157 868 3734 936; baseline -0.002 -14"><span class='ocrx_word' id='word_1_246' title='bbox 2157 872 2289 924; x_wconf 88' lang='lat' dir='ltr'><strong>tioni</strong></span> <span class='ocrx_word' id='word_1_247' title='bbox 2321 871 2551 926; x_wconf 89' lang='lat' dir='ltr'><strong>libenter</strong></span> <span class='ocrx_word' id='word_1_248' title='bbox 2584 872 2795 936; x_wconf 87' lang='lat' dir='ltr'><strong>annuit,</strong></span> <span class='ocrx_word' id='word_1_249' title='bbox 2818 886 2883 925; x_wconf 90' lang='lat' dir='ltr'><strong>ac</strong></span> <span class='ocrx_word' id='word_1_250' title='bbox 2924 868 3301 924; x_wconf 88' lang='lat' dir='ltr'><strong>Innocentium</strong></span> <span class='ocrx_word' id='word_1_251' title='bbox 3328 868 3532 933; x_wconf 78' lang='lat' dir='ltr'><strong>laudat,</strong></span> <span class='ocrx_word' id='word_1_252' title='bbox 3572 870 3734 936; x_wconf 37' lang='lat' dir='ltr'><strong>quod,</strong></span> 
     </span>
    </p>
   </div>
   <div class='ocr_carea' id='block_1_37' title="bbox 2151 960 3734 1033">
    <p class='ocr_par' dir='ltr' id='par_1_37' title="bbox 2151 960 3734 1033">
     <span class='ocr_line' id='line_1_37' title="bbox 2151 960 3734 1033; baseline 0.001 -19"><span class='ocrx_word' id='word_1_253' title='bbox 2151 972 2207 1015; x_wconf 91' lang='lat' dir='ltr'><strong>ut</strong></span> <span class='ocrx_word' id='word_1_254' title='bbox 2238 963 2465 1033; x_wconf 85' lang='lat' dir='ltr'><strong>Moyses,</strong></span> <span class='ocrx_word' id='word_1_255' title='bbox 2497 978 2871 1018; x_wconf 85' lang='lat' dir='ltr'><strong>successorem</strong></span> <span class='ocrx_word' id='word_1_256' title='bbox 2921 977 3077 1016; x_wconf 89' lang='lat' dir='ltr'><strong>suum</strong></span> <span class='ocrx_word' id='word_1_257' title='bbox 3141 961 3323 1015; x_wconf 82' lang='lat' dir='ltr'><strong>videre</strong></span> <span class='ocrx_word' id='word_1_258' title='bbox 3363 961 3513 1016; x_wconf 84' lang='lat' dir='ltr'><strong>velit.</strong></span> <span class='ocrx_word' id='word_1_259' title='bbox 3548 960 3734 1028; x_wconf 65' lang='lat' dir='ltr'><strong>Itaque</strong></span> 
     </span>
    </p>
   </div>
   <div class='ocr_carea' id='block_1_38' title="bbox 2150 1054 3739 1124">
    <p class='ocr_par' dir='ltr' id='par_1_38' title="bbox 2150 1054 3739 1124">
     <span class='ocr_line' id='line_1_38' title="bbox 2150 1054 3739 1124; baseline 0.001 -19"><span class='ocrx_word' id='word_1_260' title='bbox 2150 1069 2357 1109; x_wconf 83' lang='lat' dir='ltr'><strong>inemor</strong></span> <span class='ocrx_word' id='word_1_261' title='bbox 2389 1055 2529 1109; x_wconf 90' lang='lat' dir='ltr'><strong>illius</strong></span> <span class='ocrx_word' id='word_1_262' title='bbox 2561 1057 2852 1119; x_wconf 87' lang='lat' dir='ltr'><strong>minarum,</strong></span> <span class='ocrx_word' id='word_1_263' title='bbox 2882 1054 3155 1124; x_wconf 89' lang='lat' dir='ltr'><strong>simulque</strong></span> <span class='ocrx_word' id='word_1_264' title='bbox 3205 1054 3567 1109; x_wconf 87' lang='lat' dir='ltr'><strong>considerans</strong></span> <span class='ocrx_word' id='word_1_265' title='bbox 3614 1055 3739 1107; x_wconf 66' lang='grc' dir='ltr'><strong>εἰνὶ-</strong></span> 
     </span>
    </p>
   </div>
   <div class='ocr_carea' id='block_1_39' title="bbox 2152 1144 3737 1214">
    <p class='ocr_par' dir='ltr' id='par_1_39' title="bbox 2152 1144 3737 1214">
     <span class='ocr_line' id='line_1_39' title="bbox 2152 1144 3737 1214; baseline 0.001 -18"><span class='ocrx_word' id='word_1_266' title='bbox 2152 1153 2311 1197; x_wconf 84' lang='lat' dir='ltr'><strong>tatem</strong></span> <span class='ocrx_word' id='word_1_267' title='bbox 2350 1146 2580 1214; x_wconf 86' lang='lat' dir='ltr'><strong>amplam</strong></span> <span class='ocrx_word' id='word_1_268' title='bbox 2633 1160 2757 1199; x_wconf 88' lang='lat' dir='ltr'><strong>esse</strong></span> <span class='ocrx_word' id='word_1_269' title='bbox 2815 1154 2871 1199; x_wconf 93' lang='lat' dir='ltr'><strong>et</strong></span> <span class='ocrx_word' id='word_1_270' title='bbox 2929 1145 3222 1208; x_wconf 88' lang='lat' dir='ltr'><strong>celebrem,</strong></span> <span class='ocrx_word' id='word_1_271' title='bbox 3256 1160 3389 1213; x_wconf 86' lang='lat' dir='ltr'><strong>opus</strong></span> <span class='ocrx_word' id='word_1_272' title='bbox 3435 1144 3737 1199; x_wconf 78' lang='lat' dir='ltr'><strong>Innocentii</strong></span> 
     </span>
    </p>
   </div>
   <div class='ocr_carea' id='block_1_40' title="bbox 2147 1238 3738 1308">
    <p class='ocr_par' dir='ltr' id='par_1_40' title="bbox 2147 1238 3738 1308">
     <span class='ocr_line' id='line_1_40' title="bbox 2147 1238 3738 1308; baseline 0.001 -20"><span class='ocrx_word' id='word_1_273' title='bbox 2147 1239 2287 1305; x_wconf 89' lang='lat' dir='ltr'><strong>apud</strong></span> <span class='ocrx_word' id='word_1_274' title='bbox 2330 1239 2527 1293; x_wconf 90' lang='lat' dir='ltr'><strong>multos</strong></span> <span class='ocrx_word' id='word_1_275' title='bbox 2570 1238 2801 1303; x_wconf 88' lang='lat' dir='ltr'><strong>clarum,</strong></span> <span class='ocrx_word' id='word_1_276' title='bbox 2830 1248 3071 1308; x_wconf 88' lang='lat' dir='ltr'><strong>tempora</strong></span> <span class='ocrx_word' id='word_1_277' title='bbox 3128 1238 3386 1302; x_wconf 76' lang='lat' dir='ltr'><strong>difﬁcilia,</strong></span> <span class='ocrx_word' id='word_1_278' title='bbox 3429 1240 3738 1308; x_wconf 87' lang='lat' dir='ltr'><strong>magnoin-</strong></span> 
     </span>
    </p>
   </div>
   <div class='ocr_carea' id='block_1_41' title="bbox 2147 1327 3741 1399">
    <p class='ocr_par' dir='ltr' id='par_1_41' title="bbox 2147 1327 3741 1399">
     <span class='ocr_line' id='line_1_41' title="bbox 2147 1327 3741 1399; baseline 0.002 -18"><span class='ocrx_word' id='word_1_279' title='bbox 2147 1327 2385 1397; x_wconf 88' lang='lat' dir='ltr'><strong>digeulia</strong></span> <span class='ocrx_word' id='word_1_280' title='bbox 2425 1329 2792 1397; x_wconf 80' lang='lat' dir='ltr'><strong>gubernatore</strong></span> <span class='ocrx_word' id='word_1_281' title='bbox 2819 1330 2887 1383; x_wconf 93' lang='lat' dir='ltr'><strong>ob</strong></span> <span class='ocrx_word' id='word_1_282' title='bbox 2913 1329 3199 1385; x_wconf 89' lang='lat' dir='ltr'><strong>continuas</strong></span> <span class='ocrx_word' id='word_1_283' title='bbox 3229 1329 3494 1399; x_wconf 84' lang='lat' dir='ltr'><strong>procellas</strong></span> <span class='ocrx_word' id='word_1_284' title='bbox 3515 1369 3531 1394; x_wconf 93' lang='lat'><strong>,</strong></span> <span class='ocrx_word' id='word_1_285' title='bbox 3572 1332 3741 1397; x_wconf 89' lang='lat' dir='ltr'><strong>probe</strong></span> 
     </span>
    </p>
   </div>
   <div class='ocr_carea' id='block_1_42' title="bbox 2148 1420 3738 1492">
    <p class='ocr_par' dir='ltr' id='par_1_42' title="bbox 2148 1420 3738 1492">
     <span class='ocr_line' id='line_1_42' title="bbox 2148 1420 3738 1492; baseline 0.001 -19"><span class='ocrx_word' id='word_1_286' title='bbox 2148 1420 2414 1476; x_wconf 72' lang='lat' dir='ltr'><strong>intellexit</strong></span> <span class='ocrx_word' id='word_1_287' title='bbox 2461 1438 2565 1475; x_wconf 92' lang='lat' dir='ltr'><strong>non</strong></span> <span class='ocrx_word' id='word_1_288' title='bbox 2596 1422 2871 1490; x_wconf 88' lang='lat' dir='ltr'><strong>juniorem</strong></span> <span class='ocrx_word' id='word_1_289' title='bbox 2920 1423 3157 1492; x_wconf 89' lang='lat' dir='ltr'><strong>aliquem</strong></span> <span class='ocrx_word' id='word_1_290' title='bbox 3213 1422 3535 1476; x_wconf 87' lang='lat' dir='ltr'><strong>mittendum</strong></span> <span class='ocrx_word' id='word_1_291' title='bbox 3591 1437 3738 1483; x_wconf 77' lang='lat' dir='ltr'><strong>eSse,</strong></span> 
     </span>
    </p>
   </div>
   <div class='ocr_carea' id='block_1_43' title="bbox 2145 1513 3740 1583">
    <p class='ocr_par' dir='ltr' id='par_1_43' title="bbox 2145 1513 3740 1583">
     <span class='ocr_line' id='line_1_43' title="bbox 2145 1513 3740 1583; baseline -0.001 -17"><span class='ocrx_word' id='word_1_292' title='bbox 2145 1513 2239 1581; x_wconf 90' lang='lat' dir='ltr'><strong>qui</strong></span> <span class='ocrx_word' id='word_1_293' title='bbox 2294 1516 2360 1567; x_wconf 91' lang='lat' dir='ltr'><strong>ad</strong></span> <span class='ocrx_word' id='word_1_294' title='bbox 2395 1515 2608 1583; x_wconf 85' lang='lat' dir='ltr'><strong>negotia</strong></span> <span class='ocrx_word' id='word_1_295' title='bbox 2644 1524 2855 1569; x_wconf 84' lang='lat' dir='ltr'><strong>tantum</strong></span> <span class='ocrx_word' id='word_1_296' title='bbox 2903 1515 3175 1570; x_wconf 75' lang='lat' dir='ltr'><strong>exteriora</strong></span> <span class='ocrx_word' id='word_1_297' title='bbox 3209 1515 3440 1569; x_wconf 88' lang='lat' dir='ltr'><strong>idoneus</strong></span> <span class='ocrx_word' id='word_1_298' title='bbox 3486 1514 3585 1569; x_wconf 89' lang='lat' dir='ltr'><strong>sit.</strong></span> <span class='ocrx_word' id='word_1_299' title='bbox 3634 1514 3740 1566; x_wconf 80' lang='lat' dir='ltr'><strong>Sed</strong></span> 
     </span>
    </p>
   </div>
   <div class='ocr_carea' id='block_1_44' title="bbox 2146 1606 3743 1676">
    <p class='ocr_par' dir='ltr' id='par_1_44' title="bbox 2146 1606 3743 1676">
     <span class='ocr_line' id='line_1_44' title="bbox 2146 1606 3743 1676; baseline 0.001 -17"><span class='ocrx_word' id='word_1_300' title='bbox 2146 1607 2595 1676; x_wconf 82' lang='lat' dir='ltr'><strong>circumspiciens</strong></span> <span class='ocrx_word' id='word_1_301' title='bbox 2621 1606 2673 1661; x_wconf 92' lang='lat' dir='ltr'><strong>iu</strong></span> <span class='ocrx_word' id='word_1_302' title='bbox 2710 1606 2975 1661; x_wconf 61' lang='lat' dir='ltr'><strong>Caesarea:</strong></span> <span class='ocrx_word' id='word_1_303' title='bbox 3007 1607 3371 1676; x_wconf 89' lang='lat' dir='ltr'><strong>presbyterio,</strong></span> <span class='ocrx_word' id='word_1_304' title='bbox 3408 1607 3578 1676; x_wconf 86' lang='lat' dir='ltr'><strong>elegit</strong></span> <span class='ocrx_word' id='word_1_305' title='bbox 3617 1623 3743 1676; x_wconf 86' lang='lat' dir='ltr'><strong>pre-</strong></span> 
     </span>
    </p>
   </div>
   <div class='ocr_carea' id='block_1_45' title="bbox 2148 1698 3743 1770">
    <p class='ocr_par' dir='ltr' id='par_1_45' title="bbox 2148 1698 3743 1770">
     <span class='ocr_line' id='line_1_45' title="bbox 2148 1698 3743 1770; baseline 0.002 -20"><span class='ocrx_word' id='word_1_306' title='bbox 2148 1698 2501 1753; x_wconf 91' lang='lat' dir='ltr'><strong>tiosissimum</strong></span> <span class='ocrx_word' id='word_1_307' title='bbox 2530 1715 2647 1764; x_wconf 90' lang='lat' dir='ltr'><strong>vas,</strong></span> <span class='ocrx_word' id='word_1_308' title='bbox 2688 1699 2967 1754; x_wconf 90' lang='lat' dir='ltr'><strong>alumnum</strong></span> <span class='ocrx_word' id='word_1_309' title='bbox 3000 1701 3146 1755; x_wconf 89' lang='lat' dir='ltr'><strong>beati</strong></span> <span class='ocrx_word' id='word_1_310' title='bbox 3178 1700 3533 1770; x_wconf 85' lang='lat' dir='ltr'><strong>Hermogenis</strong></span> <span class='ocrx_word' id='word_1_311' title='bbox 3559 1707 3619 1753; x_wconf 88' lang='lat' dir='ltr'><strong>et</strong></span> <span class='ocrx_word' id='word_1_312' title='bbox 3673 1700 3743 1753; x_wconf 90' lang='lat' dir='ltr'><strong>ab</strong></span> 
     </span>
    </p>
   </div>
   <div class='ocr_carea' id='block_1_46' title="bbox 2144 1793 3743 1864">
    <p class='ocr_par' dir='ltr' id='par_1_46' title="bbox 2144 1793 3743 1864">
     <span class='ocr_line' id='line_1_46' title="bbox 2144 1793 3743 1864; baseline -0.001 -17"><span class='ocrx_word' id='word_1_313' title='bbox 2144 1808 2209 1847; x_wconf 90' lang='lat' dir='ltr'><strong>eo</strong></span> <span class='ocrx_word' id='word_1_314' title='bbox 2248 1795 2580 1858; x_wconf 87' lang='lat' dir='ltr'><strong>ordinatum,</strong></span> <span class='ocrx_word' id='word_1_315' title='bbox 2606 1794 2985 1864; x_wconf 86' lang='lat' dir='ltr'><strong>presbyterum</strong></span> <span class='ocrx_word' id='word_1_316' title='bbox 3014 1794 3260 1849; x_wconf 73' lang='lat' dir='ltr'><strong>ecclesia:</strong></span> <span class='ocrx_word' id='word_1_317' title='bbox 3315 1809 3345 1847; x_wconf 90' lang='lat' dir='ltr'><strong>a</strong></span> <span class='ocrx_word' id='word_1_318' title='bbox 3388 1793 3577 1848; x_wconf 82' lang='lat' dir='ltr'><strong>multis</strong></span> <span class='ocrx_word' id='word_1_319' title='bbox 3624 1794 3743 1860; x_wconf 82' lang='lat' dir='ltr'><strong>jam</strong></span> 
     </span>
    </p>
   </div>
   <div class='ocr_carea' id='block_1_47' title="bbox 2145 1885 3743 1956">
    <p class='ocr_par' dir='ltr' id='par_1_47' title="bbox 2145 1885 3743 1956">
     <span class='ocr_line' id='line_1_47' title="bbox 2145 1885 3743 1956; baseline -0.002 -17"><span class='ocrx_word' id='word_1_320' title='bbox 2145 1889 2322 1949; x_wconf 91' lang='lat' dir='ltr'><strong>annis,</strong></span> <span class='ocrx_word' id='word_1_321' title='bbox 2353 1888 2613 1956; x_wconf 88' lang='lat' dir='ltr'><strong>gravibus</strong></span> <span class='ocrx_word' id='word_1_322' title='bbox 2640 1902 2702 1941; x_wconf 88' lang='lat' dir='ltr'><strong>ac</strong></span> <span class='ocrx_word' id='word_1_323' title='bbox 2742 1886 3121 1941; x_wconf 85' lang='lat' dir='ltr'><strong>constantibus</strong></span> <span class='ocrx_word' id='word_1_324' title='bbox 3148 1886 3387 1940; x_wconf 90' lang='lat' dir='ltr'><strong>moribus</strong></span> <span class='ocrx_word' id='word_1_325' title='bbox 3417 1885 3743 1955; x_wconf 60' lang='lat' dir='ltr'><strong>praeditum,</strong></span> 
     </span>
    </p>
   </div>
   <div class='ocr_carea' id='block_1_48' title="bbox 2143 1978 3747 2044">
    <p class='ocr_par' dir='ltr' id='par_1_48' title="bbox 2143 1978 3747 2044">
     <span class='ocr_line' id='line_1_48' title="bbox 2143 1978 3747 2044; baseline -0.002 -9"><span class='ocrx_word' id='word_1_326' title='bbox 2143 1980 2499 2035; x_wconf 88' lang='lat' dir='ltr'><strong>reverendum</strong></span> <span class='ocrx_word' id='word_1_327' title='bbox 2541 1979 2887 2044; x_wconf 90' lang='lat' dir='ltr'><strong>adeuntibus,</strong></span> <span class='ocrx_word' id='word_1_328' title='bbox 2911 1980 3261 2034; x_wconf 85' lang='lat' dir='ltr'><strong>adversantes</strong></span> <span class='ocrx_word' id='word_1_329' title='bbox 3292 1978 3345 2032; x_wconf 93' lang='lat' dir='ltr'><strong>in</strong></span> <span class='ocrx_word' id='word_1_330' title='bbox 3408 1990 3747 2032; x_wconf 89' lang='lat' dir='ltr'><strong>mansuetu-</strong></span> 
     </span>
    </p>
   </div>
   <div class='ocr_carea' id='block_1_49' title="bbox 2144 2069 3744 2142">
    <p class='ocr_par' dir='ltr' id='par_1_49' title="bbox 2144 2069 3744 2142">
     <span class='ocr_line' id='line_1_49' title="bbox 2144 2069 3744 2142; baseline -0.004 -14"><span class='ocrx_word' id='word_1_331' title='bbox 2144 2074 2270 2128; x_wconf 92' lang='lat' dir='ltr'><strong>dine</strong></span> <span class='ocrx_word' id='word_1_332' title='bbox 2324 2073 2733 2142; x_wconf 89' lang='lat' dir='ltr'><strong>corripientem,</strong></span> <span class='ocrx_word' id='word_1_333' title='bbox 2798 2073 3034 2141; x_wconf 92' lang='lat' dir='ltr'><strong>peritum</strong></span> <span class='ocrx_word' id='word_1_334' title='bbox 3089 2085 3401 2133; x_wconf 91' lang='lat' dir='ltr'><strong>canonum,</strong></span> <span class='ocrx_word' id='word_1_335' title='bbox 3452 2069 3744 2123; x_wconf 87' lang='lat' dir='ltr'><strong>hominem</strong></span> 
     </span>
    </p>
   </div>
   <div class='ocr_carea' id='block_1_50' title="bbox 2143 2162 3747 2231">
    <p class='ocr_par' dir='ltr' id='par_1_50' title="bbox 2143 2162 3747 2231">
     <span class='ocr_line' id='line_1_50' title="bbox 2143 2162 3747 2231; baseline -0.004 -11"><span class='ocrx_word' id='word_1_336' title='bbox 2143 2176 2414 2220; x_wconf 71' lang='lat' dir='ltr'><strong>accuratae</strong></span> <span class='ocrx_word' id='word_1_337' title='bbox 2464 2166 2609 2231; x_wconf 84' lang='lat' dir='ltr'><strong>fidei,</strong></span> <span class='ocrx_word' id='word_1_338' title='bbox 2639 2166 2691 2219; x_wconf 93' lang='lat' dir='ltr'><strong>in</strong></span> <span class='ocrx_word' id='word_1_339' title='bbox 2728 2166 3031 2220; x_wconf 89' lang='lat' dir='ltr'><strong>continenti</strong></span> <span class='ocrx_word' id='word_1_340' title='bbox 3100 2174 3155 2218; x_wconf 90' lang='lat' dir='ltr'><strong>et</strong></span> <span class='ocrx_word' id='word_1_341' title='bbox 3206 2162 3444 2217; x_wconf 90' lang='lat' dir='ltr'><strong>ascetico</strong></span> <span class='ocrx_word' id='word_1_342' title='bbox 3482 2162 3747 2215; x_wconf 89' lang='lat' dir='ltr'><strong>instituto</strong></span> 
     </span>
    </p>
   </div>
   <div class='ocr_carea' id='block_1_51' title="bbox 2144 2257 3747 2327">
    <p class='ocr_par' dir='ltr' id='par_1_51' title="bbox 2144 2257 3747 2327">
     <span class='ocr_line' id='line_1_51' title="bbox 2144 2257 3747 2327; baseline -0.002 -15"><span class='ocrx_word' id='word_1_343' title='bbox 2144 2260 2409 2313; x_wconf 86' lang='lat' dir='ltr'><strong>hactenus</strong></span> <span class='ocrx_word' id='word_1_344' title='bbox 2438 2257 2749 2327; x_wconf 88' lang='lat' dir='ltr'><strong>degentem,</strong></span> <span class='ocrx_word' id='word_1_345' title='bbox 2791 2259 2894 2313; x_wconf 90' lang='lat' dir='ltr'><strong>etsi</strong></span> <span class='ocrx_word' id='word_1_346' title='bbox 2946 2258 3090 2312; x_wconf 91' lang='lat' dir='ltr'><strong>illius</strong></span> <span class='ocrx_word' id='word_1_347' title='bbox 3118 2271 3341 2311; x_wconf 91' lang='lat' dir='ltr'><strong>carnem</strong></span> <span class='ocrx_word' id='word_1_348' title='bbox 3372 2270 3747 2324; x_wconf 73' lang='lat' dir='ltr'><strong>cmxsumpse-</strong></span> 
     </span>
    </p>
   </div>
   <div class='ocr_carea' id='block_1_52' title="bbox 2142 2348 3747 2418">
    <p class='ocr_par' dir='ltr' id='par_1_52' title="bbox 2142 2348 3747 2418">
     <span class='ocr_line' id='line_1_52' title="bbox 2142 2348 3747 2418; baseline -0.004 -13"><span class='ocrx_word' id='word_1_349' title='bbox 2142 2360 2229 2405; x_wconf 86' lang='lat' dir='ltr'><strong>rat</strong></span> <span class='ocrx_word' id='word_1_350' title='bbox 2265 2352 2389 2405; x_wconf 86' lang='lat' dir='ltr'><strong>vitae</strong></span> <span class='ocrx_word' id='word_1_351' title='bbox 2447 2352 2774 2414; x_wconf 89' lang='lat' dir='ltr'><strong>austeritas;</strong></span> <span class='ocrx_word' id='word_1_352' title='bbox 2841 2364 3132 2418; x_wconf 79' lang='lat' dir='ltr'><strong>pauperem</strong></span> <span class='ocrx_word' id='word_1_353' title='bbox 3188 2365 3253 2404; x_wconf 88' lang='lat' dir='ltr'><strong>ac</strong></span> <span class='ocrx_word' id='word_1_354' title='bbox 3306 2348 3482 2403; x_wconf 92' lang='lat' dir='ltr'><strong>nullos</strong></span> <span class='ocrx_word' id='word_1_355' title='bbox 3518 2349 3577 2401; x_wconf 88' lang='lat' dir='ltr'><strong>in</strong></span> <span class='ocrx_word' id='word_1_356' title='bbox 3633 2349 3747 2400; x_wconf 88' lang='lat' dir='ltr'><strong>hoc</strong></span> 
     </span>
    </p>
   </div>
   <div class='ocr_carea' id='block_1_53' title="bbox 2142 2438 3750 2509">
    <p class='ocr_par' dir='ltr' id='par_1_53' title="bbox 2142 2438 3750 2509">
     <span class='ocr_line' id='line_1_53' title="bbox 2142 2438 3750 2509; baseline -0.002 -17"><span class='ocrx_word' id='word_1_357' title='bbox 2142 2438 2342 2493; x_wconf 92' lang='lat' dir='ltr'><strong>mundo</strong></span> <span class='ocrx_word' id='word_1_358' title='bbox 2370 2440 2574 2493; x_wconf 90' lang='lat' dir='ltr'><strong>reditus</strong></span> <span class='ocrx_word' id='word_1_359' title='bbox 2606 2440 2996 2509; x_wconf 86' lang='lat' dir='ltr'><strong>possidentem,</strong></span> <span class='ocrx_word' id='word_1_360' title='bbox 3024 2441 3161 2494; x_wconf 90' lang='lat' dir='ltr'><strong>adeo</strong></span> <span class='ocrx_word' id='word_1_361' title='bbox 3208 2450 3266 2493; x_wconf 91' lang='lat' dir='ltr'><strong>ut</strong></span> <span class='ocrx_word' id='word_1_362' title='bbox 3297 2454 3367 2493; x_wconf 92' lang='lat' dir='ltr'><strong>ne</strong></span> <span class='ocrx_word' id='word_1_363' title='bbox 3422 2439 3587 2507; x_wconf 88' lang='lat' dir='ltr'><strong>panis</strong></span> <span class='ocrx_word' id='word_1_364' title='bbox 3622 2440 3750 2506; x_wconf 83' lang='lat' dir='ltr'><strong>qui-</strong></span> 
     </span>
    </p>
   </div>
   <div class='ocr_carea' id='block_1_54' title="bbox 2140 2531 3745 2602">
    <p class='ocr_par' dir='ltr' id='par_1_54' title="bbox 2140 2531 3745 2602">
     <span class='ocr_line' id='line_1_54' title="bbox 2140 2531 3745 2602; baseline -0.004 -15"><span class='ocrx_word' id='word_1_365' title='bbox 2140 2531 2261 2587; x_wconf 89' lang='lat' dir='ltr'><strong>dem</strong></span> <span class='ocrx_word' id='word_1_366' title='bbox 2290 2532 2387 2601; x_wconf 90' lang='lat' dir='ltr'><strong>ipsi</strong></span> <span class='ocrx_word' id='word_1_367' title='bbox 2424 2532 2577 2601; x_wconf 88' lang='lat' dir='ltr'><strong>copia</strong></span> <span class='ocrx_word' id='word_1_368' title='bbox 2606 2542 2939 2602; x_wconf 88' lang='lat' dir='ltr'><strong>suppeteret,</strong></span> <span class='ocrx_word' id='word_1_369' title='bbox 2960 2534 3056 2587; x_wconf 91' lang='lat' dir='ltr'><strong>sed</strong></span> <span class='ocrx_word' id='word_1_370' title='bbox 3090 2532 3277 2587; x_wconf 86' lang='lat' dir='ltr'><strong>labore</strong></span> <span class='ocrx_word' id='word_1_371' title='bbox 3306 2548 3569 2585; x_wconf 88' lang='lat' dir='ltr'><strong>manuum</strong></span> <span class='ocrx_word' id='word_1_372' title='bbox 3613 2546 3745 2585; x_wconf 88' lang='lat' dir='ltr'><strong>cum</strong></span> 
     </span>
    </p>
   </div>
   <div class='ocr_carea' id='block_1_55' title="bbox 2142 2624 3747 2695">
    <p class='ocr_par' dir='ltr' id='par_1_55' title="bbox 2142 2624 3747 2695">
     <span class='ocr_line' id='line_1_55' title="bbox 2142 2624 3747 2695; baseline -0.002 -16"><span class='ocrx_word' id='word_1_373' title='bbox 2142 2624 2403 2680; x_wconf 81' lang='lat' dir='ltr'><strong>fratribus</strong></span> <span class='ocrx_word' id='word_1_374' title='bbox 2436 2627 2637 2680; x_wconf 84' lang='lat' dir='ltr'><strong>victum</strong></span> <span class='ocrx_word' id='word_1_375' title='bbox 2667 2627 2769 2680; x_wconf 89' lang='lat' dir='ltr'><strong>sibi</strong></span> <span class='ocrx_word' id='word_1_376' title='bbox 2793 2634 3157 2695; x_wconf 84' lang='lat' dir='ltr'><strong>campararet.</strong></span> <span class='ocrx_word' id='word_1_377' title='bbox 3195 2624 3353 2678; x_wconf 84' lang='lat' dir='ltr'><strong>Hunc</strong></span> <span class='ocrx_word' id='word_1_378' title='bbox 3386 2624 3576 2678; x_wconf 86' lang='lat' dir='ltr'><strong>statim</strong></span> <span class='ocrx_word' id='word_1_379' title='bbox 3620 2625 3747 2677; x_wconf 86' lang='lat' dir='ltr'><strong>mit-</strong></span> 
     </span>
    </p>
   </div>
   <div class='ocr_carea' id='block_1_56' title="bbox 2141 2716 3747 2787">
    <p class='ocr_par' dir='ltr' id='par_1_56' title="bbox 2141 2716 3747 2787">
     <span class='ocr_line' id='line_1_56' title="bbox 2141 2716 3747 2787; baseline 0 -16"><span class='ocrx_word' id='word_1_380' title='bbox 2141 2727 2256 2773; x_wconf 91' lang='lat' dir='ltr'><strong>tere</strong></span> <span class='ocrx_word' id='word_1_381' title='bbox 2288 2720 2549 2787; x_wconf 91' lang='lat' dir='ltr'><strong>potuisset</strong></span> <span class='ocrx_word' id='word_1_382' title='bbox 2594 2718 2823 2773; x_wconf 88' lang='lat' dir='ltr'><strong>Basilius</strong></span> <span class='ocrx_word' id='word_1_383' title='bbox 2850 2736 2861 2771; x_wconf 95' lang='lat'>:</span> <span class='ocrx_word' id='word_1_384' title='bbox 2899 2720 2991 2773; x_wconf 90' lang='lat' dir='ltr'><strong>sed</strong></span> <span class='ocrx_word' id='word_1_385' title='bbox 3024 2718 3150 2787; x_wconf 89' lang='lat' dir='ltr'><strong>quia</strong></span> <span class='ocrx_word' id='word_1_386' title='bbox 3172 2716 3541 2772; x_wconf 88' lang='lat' dir='ltr'><strong>-lnnocentius</strong></span> <span class='ocrx_word' id='word_1_387' title='bbox 3567 2718 3747 2771; x_wconf 87' lang='lat' dir='ltr'><strong>alium</strong></span> 
     </span>
    </p>
   </div>
   <div class='ocr_carea' id='block_1_57' title="bbox 2139 2810 3744 2882">
    <p class='ocr_par' dir='ltr' id='par_1_57' title="bbox 2139 2810 3744 2882">
     <span class='ocr_line' id='line_1_57' title="bbox 2139 2810 3744 2882; baseline -0.001 -17"><span class='ocrx_word' id='word_1_388' title='bbox 2139 2812 2392 2882; x_wconf 89' lang='lat' dir='ltr'><strong>petierat,</strong></span> <span class='ocrx_word' id='word_1_389' title='bbox 2418 2811 2649 2880; x_wconf 91' lang='lat' dir='ltr'><strong>probum</strong></span> <span class='ocrx_word' id='word_1_390' title='bbox 2699 2811 2848 2866; x_wconf 92' lang='lat' dir='ltr'><strong>illum</strong></span> <span class='ocrx_word' id='word_1_391' title='bbox 2892 2812 3135 2881; x_wconf 88' lang='lat' dir='ltr'><strong>quidem,</strong></span> <span class='ocrx_word' id='word_1_392' title='bbox 3190 2812 3285 2865; x_wconf 89' lang='lat' dir='ltr'><strong>sed</strong></span> <span class='ocrx_word' id='word_1_393' title='bbox 3333 2810 3504 2864; x_wconf 89' lang='lat' dir='ltr'><strong>altero</strong></span> <span class='ocrx_word' id='word_1_394' title='bbox 3569 2810 3744 2879; x_wconf 81' lang='lat' dir='ltr'><strong>longe</strong></span> 
     </span>
    </p>
   </div>
   <div class='ocr_carea' id='block_1_58' title="bbox 2140 2903 3748 2974">
    <p class='ocr_par' dir='ltr' id='par_1_58' title="bbox 2140 2903 3748 2974">
     <span class='ocr_line' id='line_1_58' title="bbox 2140 2903 3748 2974; baseline -0.001 -17"><span class='ocrx_word' id='word_1_395' title='bbox 2140 2904 2451 2959; x_wconf 89' lang='lat' dir='ltr'><strong>inferiorem</strong></span> <span class='ocrx_word' id='word_1_396' title='bbox 2478 2920 2491 2967; x_wconf 92' lang='lat'><strong>;</strong></span> <span class='ocrx_word' id='word_1_397' title='bbox 2529 2914 2681 2974; x_wconf 88' lang='lat' dir='ltr'><strong>rogat</strong></span> <span class='ocrx_word' id='word_1_398' title='bbox 2714 2904 3086 2959; x_wconf 90' lang='lat' dir='ltr'><strong>Innocentium</strong></span> <span class='ocrx_word' id='word_1_399' title='bbox 3120 2903 3474 2968; x_wconf 57' lang='lat' dir='ltr'><strong>Basilius,ut,</strong></span> <span class='ocrx_word' id='word_1_400' title='bbox 3506 2904 3553 2957; x_wconf 82' lang='lat' dir='ltr'><strong>si</strong></span> <span class='ocrx_word' id='word_1_401' title='bbox 3584 2904 3748 2973; x_wconf 78' lang='lat' dir='ltr'><strong>ejus-</strong></span> 
     </span>
    </p>
   </div>
   <div class='ocr_carea' id='block_1_59' title="bbox 2140 2994 3748 3063">
    <p class='ocr_par' dir='ltr' id='par_1_59' title="bbox 2140 2994 3748 3063">
     <span class='ocr_line' id='line_1_59' title="bbox 2140 2994 3748 3063; baseline -0.001 -13"><span class='ocrx_word' id='word_1_402' title='bbox 2140 2995 2285 3050; x_wconf 87' lang='lat' dir='ltr'><strong>modi</strong></span> <span class='ocrx_word' id='word_1_403' title='bbox 2320 2996 2492 3047; x_wconf 89' lang='lat' dir='ltr'><strong>virum</strong></span> <span class='ocrx_word' id='word_1_404' title='bbox 2520 2994 2821 3059; x_wconf 89' lang='lat' dir='ltr'><strong>desideret,</strong></span> <span class='ocrx_word' id='word_1_405' title='bbox 2849 2996 3030 3048; x_wconf 90' lang='lat' dir='ltr'><strong>mittat</strong></span> <span class='ocrx_word' id='word_1_406' title='bbox 3063 2994 3299 3063; x_wconf 89' lang='lat' dir='ltr'><strong>aliquem</strong></span> <span class='ocrx_word' id='word_1_407' title='bbox 3339 3009 3406 3048; x_wconf 78' lang='lat' dir='ltr'><strong>ex</strong></span> <span class='ocrx_word' id='word_1_408' title='bbox 3436 2994 3748 3058; x_wconf 84' lang='lat' dir='ltr'><strong>fratribus,</strong></span> 
     </span>
    </p>
   </div>
   <div class='ocr_carea' id='block_1_60' title="bbox 448 3083 3748 3167">
    <p class='ocr_par' dir='ltr' id='par_1_60' title="bbox 448 3083 3748 3167">
     <span class='ocr_line' id='line_1_60' title="bbox 448 3083 3748 3167; baseline 0.002 -31"><span class='ocrx_word' id='word_1_409' title='bbox 448 3084 695 3152; x_wconf 89' lang='lat' dir='ltr'><strong>gionibus</strong></span> <span class='ocrx_word' id='word_1_410' title='bbox 714 3083 1021 3139; x_wconf 70' lang='lat' dir='ltr'><strong>Caesaream</strong></span> <span class='ocrx_word' id='word_1_411' title='bbox 1052 3100 1368 3153; x_wconf 84' lang='lat' dir='ltr'><strong>aggressum</strong></span> <span class='ocrx_word' id='word_1_412' title='bbox 1398 3098 1541 3141; x_wconf 87' lang='lat' dir='ltr'><strong>esse.</strong></span> <span class='ocrx_word' id='word_1_413' title='bbox 1570 3083 1766 3153; x_wconf 89' lang='lat' dir='ltr'><strong>Liquet</strong></span> <span class='ocrx_word' id='word_1_414' title='bbox 1800 3085 2029 3138; x_wconf 85' lang='lat' dir='ltr'><strong>Nazian-</strong></span> <span class='ocrx_word' id='word_1_415' title='bbox 2063 3110 2105 3167; x_wconf 71' lang='grc' dir='ltr'>ο</span> <span class='ocrx_word' id='word_1_416' title='bbox 2140 3090 2228 3156; x_wconf 92' lang='lat' dir='ltr'><strong>qui</strong></span> <span class='ocrx_word' id='word_1_417' title='bbox 2253 3104 2375 3142; x_wconf 92' lang='lat' dir='ltr'><strong>eum</strong></span> <span class='ocrx_word' id='word_1_418' title='bbox 2408 3089 2555 3142; x_wconf 88' lang='lat' dir='ltr'><strong>circa</strong></span> <span class='ocrx_word' id='word_1_419' title='bbox 2582 3087 2784 3158; x_wconf 85' lang='lat' dir='ltr'><strong>iejunia</strong></span> <span class='ocrx_word' id='word_1_420' title='bbox 2821 3097 3061 3143; x_wconf 90' lang='lat' dir='ltr'><strong>assumat</strong></span> <span class='ocrx_word' id='word_1_421' title='bbox 3097 3105 3110 3141; x_wconf 94' lang='lat'><strong>:</strong></span> <span class='ocrx_word' id='word_1_422' title='bbox 3142 3087 3189 3140; x_wconf 89' lang='lat' dir='ltr'><strong>si</strong></span> <span class='ocrx_word' id='word_1_423' title='bbox 3218 3085 3492 3140; x_wconf 86' lang='lat' dir='ltr'><strong>neminem</strong></span> <span class='ocrx_word' id='word_1_424' title='bbox 3540 3086 3748 3152; x_wconf 89' lang='lat' dir='ltr'><strong>habet,</strong></span> 
     </span>
    </p>
   </div>
   <div class='ocr_carea' id='block_1_61' title="bbox 449 3174 2039 3245">
    <p class='ocr_par' dir='ltr' id='par_1_61' title="bbox 449 3174 2039 3245">
     <span class='ocr_line' id='line_1_61' title="bbox 449 3174 2039 3245; baseline 0.002 -18"><span class='ocrx_word' id='word_1_425' title='bbox 449 3189 645 3228; x_wconf 65' lang='lat' dir='ltr'><strong>aenum</strong></span> <span class='ocrx_word' id='word_1_426' title='bbox 694 3174 839 3243; x_wconf 91' lang='lat' dir='ltr'><strong>loqui</strong></span> <span class='ocrx_word' id='word_1_427' title='bbox 880 3175 945 3229; x_wconf 91' lang='lat' dir='ltr'><strong>de</strong></span> <span class='ocrx_word' id='word_1_428' title='bbox 1006 3175 1316 3245; x_wconf 87' lang='lat' dir='ltr'><strong>regionibus</strong></span> <span class='ocrx_word' id='word_1_429' title='bbox 1350 3176 1746 3245; x_wconf 82' lang='lat' dir='ltr'><strong>Cappadociam</strong></span> <span class='ocrx_word' id='word_1_430' title='bbox 1790 3178 1931 3230; x_wconf 91' lang='lat' dir='ltr'><strong>inter</strong></span> <span class='ocrx_word' id='word_1_431' title='bbox 1983 3185 2039 3231; x_wconf 90' lang='lat' dir='ltr'><strong>et</strong></span> 
     </span>
    </p>
   </div>
   <div class='ocr_carea' id='block_1_62' title="bbox 448 3262 2039 3337">
    <p class='ocr_par' dir='ltr' id='par_1_62' title="bbox 448 3262 2039 3337">
     <span class='ocr_line' id='line_1_62' title="bbox 448 3262 2039 3337; baseline 0.003 -20"><span class='ocrx_word' id='word_1_432' title='bbox 448 3262 976 3333; x_wconf 86' lang='lat' dir='ltr'><strong>Constantinopolim</strong></span> <span class='ocrx_word' id='word_1_433' title='bbox 1005 3265 1329 3332; x_wconf 76' lang='lat' dir='ltr'><strong>interiectis,</strong></span> <span class='ocrx_word' id='word_1_434' title='bbox 1361 3281 1499 3335; x_wconf 85' lang='lat' dir='ltr'><strong>quas</strong></span> <span class='ocrx_word' id='word_1_435' title='bbox 1535 3268 1679 3321; x_wconf 91' lang='lat' dir='ltr'><strong>lente</strong></span> <span class='ocrx_word' id='word_1_436' title='bbox 1715 3267 2039 3337; x_wconf 85' lang='lat' dir='ltr'><strong>peragrabat</strong></span> 
     </span>
    </p>
   </div>
   <div class='ocr_carea' id='block_1_63' title="bbox 450 3356 2035 3427">
    <p class='ocr_par' dir='ltr' id='par_1_63' title="bbox 450 3356 2035 3427">
     <span class='ocr_line' id='line_1_63' title="bbox 450 3356 2035 3427; baseline 0.002 -16"><span class='ocrx_word' id='word_1_437' title='bbox 450 3356 653 3411; x_wconf 81' lang='lat' dir='ltr'><strong>Valens</strong></span> <span class='ocrx_word' id='word_1_438' title='bbox 689 3372 834 3411; x_wconf 91' lang='lat' dir='ltr'><strong>anno</strong></span> <span class='ocrx_word' id='word_1_439' title='bbox 870 3356 997 3422; x_wconf 84' lang='grc'>571,</span> <span class='ocrx_word' id='word_1_440' title='bbox 1036 3373 1141 3411; x_wconf 91' lang='lat' dir='ltr'><strong>non</strong></span> <span class='ocrx_word' id='word_1_441' title='bbox 1178 3357 1353 3412; x_wconf 91' lang='lat' dir='ltr'><strong>solum</strong></span> <span class='ocrx_word' id='word_1_442' title='bbox 1382 3369 1441 3412; x_wconf 91' lang='lat' dir='ltr'><strong>ut</strong></span> <span class='ocrx_word' id='word_1_443' title='bbox 1472 3359 1673 3427; x_wconf 91' lang='lat' dir='ltr'><strong>ubique</strong></span> <span class='ocrx_word' id='word_1_444' title='bbox 1710 3362 2035 3414; x_wconf 87' lang='lat' dir='ltr'><strong>catholicam</strong></span> 
     </span>
    </p>
   </div>
   <div class='ocr_carea' id='block_1_64' title="bbox 450 3448 2034 3519">
    <p class='ocr_par' dir='ltr' id='par_1_64' title="bbox 450 3448 2034 3519">
     <span class='ocr_line' id='line_1_64' title="bbox 450 3448 2034 3519; baseline 0.003 -16"><span class='ocrx_word' id='word_1_445' title='bbox 450 3450 610 3504; x_wconf 81' lang='lat' dir='ltr'><strong>fidem</strong></span> <span class='ocrx_word' id='word_1_446' title='bbox 661 3448 1017 3519; x_wconf 86' lang='lat' dir='ltr'><strong>opprimeret,</strong></span> <span class='ocrx_word' id='word_1_447' title='bbox 1071 3450 1165 3504; x_wconf 91' lang='lat' dir='ltr'><strong>sed</strong></span> <span class='ocrx_word' id='word_1_448' title='bbox 1201 3451 1362 3504; x_wconf 89' lang='lat' dir='ltr'><strong>etiam</strong></span> <span class='ocrx_word' id='word_1_449' title='bbox 1395 3461 1453 3504; x_wconf 93' lang='lat' dir='ltr'><strong>ut</strong></span> <span class='ocrx_word' id='word_1_450' title='bbox 1480 3466 1608 3506; x_wconf 90' lang='lat' dir='ltr'><strong>vere</strong></span> <span class='ocrx_word' id='word_1_451' title='bbox 1662 3453 1880 3508; x_wconf 86' lang='lat' dir='ltr'><strong>ineunte</strong></span> <span class='ocrx_word' id='word_1_452' title='bbox 1906 3456 2034 3509; x_wconf 72' lang='lat' dir='ltr'><strong>anni</strong></span> 
     </span>
    </p>
   </div>
   <div class='ocr_carea' id='block_1_65' title="bbox 446 3542 2036 3613">
    <p class='ocr_par' dir='ltr' id='par_1_65' title="bbox 446 3542 2036 3613">
     <span class='ocr_line' id='line_1_65' title="bbox 446 3542 2036 3613; baseline 0.001 -15"><span class='ocrx_word' id='word_1_453' title='bbox 446 3543 554 3599; x_wconf 75' lang='grc'><strong>572</strong></span> <span class='ocrx_word' id='word_1_454' title='bbox 591 3557 623 3598; x_wconf 90' lang='lat' dir='ltr'><strong>e</strong></span> <span class='ocrx_word' id='word_1_455' title='bbox 676 3542 1017 3612; x_wconf 88' lang='lat' dir='ltr'><strong>Cappadocia</strong></span> <span class='ocrx_word' id='word_1_456' title='bbox 1047 3543 1254 3613; x_wconf 81' lang='lat' dir='ltr'><strong>egredi,</strong></span> <span class='ocrx_word' id='word_1_457' title='bbox 1308 3552 1362 3598; x_wconf 92' lang='lat' dir='ltr'><strong>et</strong></span> <span class='ocrx_word' id='word_1_458' title='bbox 1402 3543 1774 3600; x_wconf 87' lang='lat' dir='ltr'><strong>intolerabiles</strong></span> <span class='ocrx_word' id='word_1_459' title='bbox 1833 3545 2036 3601; x_wconf 77' lang='lat' dir='ltr'><strong>Ciliciae</strong></span> 
     </span>
    </p>
   </div>
   <div class='ocr_carea' id='block_1_66' title="bbox 448 3635 1098 3704">
    <p class='ocr_par' dir='ltr' id='par_1_66' title="bbox 448 3635 1098 3704">
     <span class='ocr_line' id='line_1_66' title="bbox 448 3635 1098 3704; baseline -0.008 -13"><span class='ocrx_word' id='word_1_460' title='bbox 448 3635 657 3691; x_wconf 89' lang='lat' dir='ltr'><strong>calores</strong></span> <span class='ocrx_word' id='word_1_461' title='bbox 688 3635 860 3688; x_wconf 87' lang='lat' dir='ltr'><strong>vitare</strong></span> <span class='ocrx_word' id='word_1_462' title='bbox 893 3642 1098 3704; x_wconf 90' lang='lat' dir='ltr'><strong>posset.</strong></span> 
     </span>
    </p>
   </div>
   <div class='ocr_carea' id='block_1_67' title="bbox 1029 3726 1444 3783">
    <p class='ocr_par' dir='ltr' id='par_1_67' title="bbox 1029 3726 1444 3783">
     <span class='ocr_line' id='line_1_67' title="bbox 1029 3726 1444 3783; baseline 0.002 -1"><span class='ocrx_word' id='word_1_463' title='bbox 1029 3726 1259 3783; x_wconf 82' lang='lat' dir='ltr'><strong>CAPUT</strong></span> <span class='ocrx_word' id='word_1_464' title='bbox 1298 3726 1444 3783; x_wconf 78' lang='lat' dir='ltr'><strong>XXI.</strong></span> 
     </span>
    </p>
   </div>
   <div class='ocr_carea' id='block_1_68' title="bbox 444 3818 2030 3889">
    <p class='ocr_par' dir='ltr' id='par_1_68' title="bbox 444 3818 2030 3889">
     <span class='ocr_line' id='line_1_68' title="bbox 444 3818 2030 3889; baseline 0.004 -14"><span class='ocrx_word' id='word_1_465' title='bbox 444 3818 490 3875; x_wconf 88' lang='lat' dir='ltr'><strong>l.</strong></span> <span class='ocrx_word' id='word_1_466' title='bbox 523 3820 595 3874; x_wconf 84' lang='lat' dir='ltr'><strong>De</strong></span> <span class='ocrx_word' id='word_1_467' title='bbox 618 3820 841 3889; x_wconf 81' lang='lat' dir='ltr'><strong>epistola</strong></span> <span class='ocrx_word' id='word_1_468' title='bbox 866 3820 956 3877; x_wconf 82' lang='lat' dir='ltr'><strong>8i.</strong></span> <span class='ocrx_word' id='word_1_469' title='bbox 1012 3821 1076 3876; x_wconf 93' lang='lat' dir='ltr'><strong>ll.</strong></span> <span class='ocrx_word' id='word_1_470' title='bbox 1113 3821 1307 3876; x_wconf 81' lang='lat' dir='ltr'><strong>Scribit</strong></span> <span class='ocrx_word' id='word_1_471' title='bbox 1340 3823 1634 3879; x_wconf 76' lang='lat' dir='ltr'><strong>Athanasio</strong></span> <span class='ocrx_word' id='word_1_472' title='bbox 1669 3824 1907 3880; x_wconf 80' lang='lat' dir='ltr'><strong>Basilius</strong></span> <span class='ocrx_word' id='word_1_473' title='bbox 1930 3844 2030 3882; x_wconf 84' lang='lat' dir='ltr'><strong>an-</strong></span> 
     </span>
    </p>
   </div>
   <div class='ocr_carea' id='block_1_69' title="bbox 517 3891 2027 3965">
    <p class='ocr_par' dir='ltr' id='par_1_69' title="bbox 517 3891 2027 3965">
     <span class='ocr_line' id='line_1_69' title="bbox 517 3891 2027 3965; baseline 0.005 -22"><span class='ocrx_word' id='word_1_474' title='bbox 517 3905 726 3959; x_wconf 79' lang='lat' dir='ltr'><strong>tequam</strong></span> <span class='ocrx_word' id='word_1_475' title='bbox 764 3891 931 3965; x_wconf 77' lang='lat' dir='ltr'><strong>Iloma</strong></span> <span class='ocrx_word' id='word_1_476' title='bbox 979 3892 1157 3965; x_wconf 78' lang='lat' dir='ltr'><strong>redeat</strong></span> <span class='ocrx_word' id='word_1_477' title='bbox 1194 3891 1543 3965; x_wconf 67' lang='lat' dir='ltr'><strong>Dorotheus:</strong></span> <span class='ocrx_word' id='word_1_478' title='bbox 1608 3907 1757 3965; x_wconf 82' lang='lat' dir='ltr'><strong>rogat</strong></span> <span class='ocrx_word' id='word_1_479' title='bbox 1803 3914 1920 3949; x_wconf 82' lang='lat' dir='ltr'><strong>eum</strong></span> <span class='ocrx_word' id='word_1_480' title='bbox 1974 3910 2027 3951; x_wconf 83' lang='lat' dir='ltr'><strong>ut</strong></span> 
     </span>
    </p>
   </div>
   <div class='ocr_carea' id='block_1_70' title="bbox 513 3961 2028 4033">
    <p class='ocr_par' dir='ltr' id='par_1_70' title="bbox 513 3961 2028 4033">
     <span class='ocr_line' id='line_1_70' title="bbox 513 3961 2028 4033; baseline 0.005 -19"><span class='ocrx_word' id='word_1_481' title='bbox 513 3964 663 4033; x_wconf 66' lang='lat' dir='ltr'><strong>iprior</strong></span> <span class='ocrx_word' id='word_1_482' title='bbox 696 3964 889 4014; x_wconf 84' lang='lat' dir='ltr'><strong>scribat</strong></span> <span class='ocrx_word' id='word_1_483' title='bbox 931 3964 1232 4033; x_wconf 70' lang='lat' dir='ltr'><strong>episcopis._</strong></span> <span class='ocrx_word' id='word_1_484' title='bbox 1259 3961 1347 4033; x_wconf 68' lang='lat' dir='ltr'><strong>Ill.</strong></span> <span class='ocrx_word' id='word_1_485' title='bbox 1394 3964 1545 4017; x_wconf 76' lang='lat' dir='ltr'><strong>Elius</strong></span> <span class='ocrx_word' id='word_1_486' title='bbox 1572 3961 1685 4018; x_wconf 29' lang='lat' dir='ltr'><strong>hocv</strong></span> <span class='ocrx_word' id='word_1_487' title='bbox 1725 3982 1864 4018; x_wconf 85' lang='lat' dir='ltr'><strong>anno</strong></span> <span class='ocrx_word' id='word_1_488' title='bbox 1921 3969 2028 4022; x_wconf 71' lang='lat'><strong>572</strong></span> 
     </span>
    </p>
   </div>
   <div class='ocr_carea' id='block_1_71' title="bbox 510 4031 2029 4158">
    <p class='ocr_par' dir='ltr' id='par_1_71' title="bbox 510 4031 2029 4158">
     <span class='ocr_line' id='line_1_71' title="bbox 510 4031 2029 4158; baseline -0.002 -73"><span class='ocrx_word' id='word_1_489' title='bbox 510 4031 705 4158; x_wconf 57' lang='lat' dir='ltr'><strong>psgwses</strong></span> <span class='ocrx_word' id='word_1_490' title='bbox 738 4033 1111 4102; x_wconf 72' lang='lat' dir='ltr'><strong>Cappadociw.</strong></span> <span class='ocrx_word' id='word_1_491' title='bbox 1164 4031 1252 4087; x_wconf 88' lang='lat' dir='ltr'><strong>IV.</strong></span> <span class='ocrx_word' id='word_1_492' title='bbox 1288 4031 1365 4086; x_wconf 84' lang='lat' dir='ltr'><strong>De</strong></span> <span class='ocrx_word' id='word_1_493' title='bbox 1402 4037 1638 4103; x_wconf 74' lang='lat' dir='ltr'><strong>epistolis</strong></span> <span class='ocrx_word' id='word_1_494' title='bbox 1688 4034 1879 4090; x_wconf 73' lang='lat' dir='ltr'><strong>Basilii</strong></span> <span class='ocrx_word' id='word_1_495' title='bbox 1931 4041 2029 4093; x_wconf 77' lang='lat'><strong>33.</strong></span> 
     </span>
    </p>
   </div>
   <div class='ocr_carea' id='block_1_72' title="bbox 512 4194 2028 4271">
    <p class='ocr_par' dir='ltr' id='par_1_72' title="bbox 512 4194 2028 4271">
     <span class='ocr_line' id='line_1_72' title="bbox 512 4194 2028 4271; baseline 0.003 -20"><span class='ocrx_word' id='word_1_496' title='bbox 512 4196 555 4251; x_wconf 93' lang='lat' dir='ltr'><strong>I.</strong></span> <span class='ocrx_word' id='word_1_497' title='bbox 593 4195 865 4265; x_wconf 88' lang='lat' dir='ltr'><strong>Scriptam</strong></span> <span class='ocrx_word' id='word_1_498' title='bbox 924 4194 1155 4264; x_wconf 87' lang='lat' dir='ltr'><strong>conjicio</strong></span> <span class='ocrx_word' id='word_1_499' title='bbox 1184 4204 1311 4250; x_wconf 86' lang='lat' dir='ltr'><strong>ante</strong></span> <span class='ocrx_word' id='word_1_500' title='bbox 1345 4196 1830 4268; x_wconf 85' lang='lat' dir='ltr'><strong>Quadragesimam</strong></span> <span class='ocrx_word' id='word_1_501' title='bbox 1870 4201 2028 4271; x_wconf 81' lang='lat' dir='ltr'><strong>hujus</strong></span> 
     </span>
    </p>
   </div>
   <div class='ocr_carea' id='block_1_73' title="bbox 441 4286 2024 4362">
    <p class='ocr_par' dir='ltr' id='par_1_73' title="bbox 441 4286 2024 4362">
     <span class='ocr_line' id='line_1_73' title="bbox 441 4286 2024 4362; baseline 0.001 -19"><span class='ocrx_word' id='word_1_502' title='bbox 441 4289 570 4343; x_wconf 86' lang='lat' dir='ltr'><strong>anni</strong></span> <span class='ocrx_word' id='word_1_503' title='bbox 602 4287 708 4342; x_wconf 71' lang='grc'>572</span> <span class='ocrx_word' id='word_1_504' title='bbox 736 4287 1021 4356; x_wconf 89' lang='lat' dir='ltr'><strong>epistolam</strong></span> <span class='ocrx_word' id='word_1_505' title='bbox 1053 4286 1115 4341; x_wconf 84' lang='lat' dir='ltr'><strong>8i</strong></span> <span class='ocrx_word' id='word_1_506' title='bbox 1152 4288 1220 4340; x_wconf 91' lang='lat' dir='ltr'><strong>ad</strong></span> <span class='ocrx_word' id='word_1_507' title='bbox 1275 4289 1645 4344; x_wconf 88' lang='lat' dir='ltr'><strong>Innocentium</strong></span> <span class='ocrx_word' id='word_1_508' title='bbox 1688 4294 2024 4362; x_wconf 84' lang='lat' dir='ltr'><strong>episcopum,</strong></span> 
     </span>
    </p>
   </div>
   <div class='ocr_carea' id='block_1_74' title="bbox 441 4376 2026 4451">
    <p class='ocr_par' dir='ltr' id='par_1_74' title="bbox 441 4376 2026 4451">
     <span class='ocr_line' id='line_1_74' title="bbox 441 4376 2026 4451; baseline 0.004 -21"><span class='ocrx_word' id='word_1_509' title='bbox 441 4377 509 4431; x_wconf 90' lang='lat' dir='ltr'><strong>ad</strong></span> <span class='ocrx_word' id='word_1_510' title='bbox 548 4391 707 4446; x_wconf 87' lang='lat' dir='ltr'><strong>quem</strong></span> <span class='ocrx_word' id='word_1_511' title='bbox 739 4378 906 4430; x_wconf 88' lang='lat' dir='ltr'><strong>etiam</strong></span> <span class='ocrx_word' id='word_1_512' title='bbox 939 4386 1123 4430; x_wconf 82' lang='lat' dir='ltr'><strong>exstat</strong></span> <span class='ocrx_word' id='word_1_513' title='bbox 1173 4376 1401 4445; x_wconf 89' lang='lat' dir='ltr'><strong>epistola</strong></span> <span class='ocrx_word' id='word_1_514' title='bbox 1431 4378 1615 4433; x_wconf 86' lang='lat' dir='ltr'><strong>Basilii</strong></span> <span class='ocrx_word' id='word_1_515' title='bbox 1658 4380 1749 4435; x_wconf 84' lang='lat'><strong>50.</strong></span> <span class='ocrx_word' id='word_1_516' title='bbox 1786 4382 1833 4436; x_wconf 89' lang='lat' dir='ltr'><strong>ls</strong></span> <span class='ocrx_word' id='word_1_517' title='bbox 1890 4398 2026 4451; x_wconf 77' lang='lat' dir='ltr'><strong>prte—</strong></span> 
     </span>
    </p>
   </div>
   <div class='ocr_carea' id='block_1_75' title="bbox 2139 3179 3197 3248">
    <p class='ocr_par' dir='ltr' id='par_1_75' title="bbox 2139 3179 3197 3248">
     <span class='ocr_line' id='line_1_75' title="bbox 2139 3179 3197 3248; baseline 0.006 -17"><span class='ocrx_word' id='word_1_518' title='bbox 2139 3194 2299 3248; x_wconf 90' lang='lat' dir='ltr'><strong>quem</strong></span> <span class='ocrx_word' id='word_1_519' title='bbox 2333 3180 2534 3243; x_wconf 88' lang='lat' dir='ltr'><strong>mittat,</strong></span> <span class='ocrx_word' id='word_1_520' title='bbox 2576 3181 2765 3234; x_wconf 88' lang='lat' dir='ltr'><strong>saltem</strong></span> <span class='ocrx_word' id='word_1_521' title='bbox 2792 3180 2857 3233; x_wconf 92' lang='lat' dir='ltr'><strong>ad</strong></span> <span class='ocrx_word' id='word_1_522' title='bbox 2888 3194 2946 3235; x_wconf 92' lang='lat' dir='ltr'><strong>se</strong></span> <span class='ocrx_word' id='word_1_523' title='bbox 2976 3179 3197 3237; x_wconf 83' lang='lat' dir='ltr'><strong>scribat.</strong></span> 
     </span>
    </p>
   </div>
   <div class='ocr_carea' id='block_1_76' title="bbox 2212 3270 3751 3340">
    <p class='ocr_par' dir='ltr' id='par_1_76' title="bbox 2212 3270 3751 3340">
     <span class='ocr_line' id='line_1_76' title="bbox 2212 3270 3751 3340; baseline 0.001 -17"><span class='ocrx_word' id='word_1_524' title='bbox 2212 3271 2439 3325; x_wconf 88' lang='lat' dir='ltr'><strong>Videtur</strong></span> <span class='ocrx_word' id='word_1_525' title='bbox 2469 3271 2949 3340; x_wconf 86' lang='lat' dir='ltr'><strong>Quadragesimam</strong></span> <span class='ocrx_word' id='word_1_526' title='bbox 2987 3271 3272 3339; x_wconf 81' lang='lat' dir='ltr'><strong>designare</strong></span> <span class='ocrx_word' id='word_1_527' title='bbox 3310 3270 3569 3335; x_wconf 83' lang='lat' dir='ltr'><strong>Basilius,</strong></span> <span class='ocrx_word' id='word_1_528' title='bbox 3607 3287 3751 3327; x_wconf 86' lang='lat' dir='ltr'><strong>cum</strong></span> 
     </span>
    </p>
   </div>
   <div class='ocr_carea' id='block_1_77' title="bbox 2138 3362 3753 3431">
    <p class='ocr_par' dir='ltr' id='par_1_77' title="bbox 2138 3362 3753 3431">
     <span class='ocr_line' id='line_1_77' title="bbox 2138 3362 3753 3431; baseline 0 -14"><span class='ocrx_word' id='word_1_529' title='bbox 2138 3362 2509 3417; x_wconf 91' lang='lat' dir='ltr'><strong>Innocentium</strong></span> <span class='ocrx_word' id='word_1_530' title='bbox 2543 3373 2717 3431; x_wconf 87' lang='lat' dir='ltr'><strong>rogat,</strong></span> <span class='ocrx_word' id='word_1_531' title='bbox 2746 3372 2803 3416; x_wconf 90' lang='lat' dir='ltr'><strong>ut</strong></span> <span class='ocrx_word' id='word_1_532' title='bbox 2842 3362 3075 3431; x_wconf 88' lang='lat' dir='ltr'><strong>aliquem</strong></span> <span class='ocrx_word' id='word_1_533' title='bbox 3107 3367 3312 3429; x_wconf 89' lang='lat' dir='ltr'><strong>mittat,</strong></span> <span class='ocrx_word' id='word_1_534' title='bbox 3348 3363 3442 3431; x_wconf 94' lang='lat' dir='ltr'><strong>qui</strong></span> <span class='ocrx_word' id='word_1_535' title='bbox 3496 3378 3753 3417; x_wconf 84' lang='lat' dir='ltr'><strong>venera-</strong></span> 
     </span>
    </p>
   </div>
   <div class='ocr_carea' id='block_1_78' title="bbox 2140 3455 3754 3524">
    <p class='ocr_par' dir='ltr' id='par_1_78' title="bbox 2140 3455 3754 3524">
     <span class='ocr_line' id='line_1_78' title="bbox 2140 3455 3754 3524; baseline 0 -14"><span class='ocrx_word' id='word_1_536' title='bbox 2140 3455 2302 3510; x_wconf 86' lang='lat' dir='ltr'><strong>bilem</strong></span> <span class='ocrx_word' id='word_1_537' title='bbox 2362 3455 2508 3508; x_wconf 83' lang='lat' dir='ltr'><strong>illum</strong></span> <span class='ocrx_word' id='word_1_538' title='bbox 2563 3458 2939 3524; x_wconf 88' lang='lat' dir='ltr'><strong>presbyterum</strong></span> <span class='ocrx_word' id='word_1_539' title='bbox 3004 3455 3150 3508; x_wconf 92' lang='lat' dir='ltr'><strong>circa</strong></span> <span class='ocrx_word' id='word_1_540' title='bbox 3197 3455 3403 3524; x_wconf 85' lang='lat' dir='ltr'><strong>jejunia</strong></span> <span class='ocrx_word' id='word_1_541' title='bbox 3463 3472 3754 3511; x_wconf 79' lang='lat' dir='ltr'><strong>assumat.</strong></span> 
     </span>
    </p>
   </div>
   <div class='ocr_carea' id='block_1_79' title="bbox 2138 3548 3760 3619">
    <p class='ocr_par' dir='ltr' id='par_1_79' title="bbox 2138 3548 3760 3619">
     <span class='ocr_line' id='line_1_79' title="bbox 2138 3548 3760 3619; baseline -0.001 -14"><span class='ocrx_word' id='word_1_542' title='bbox 2138 3551 2246 3605; x_wconf 91' lang='lat' dir='ltr'><strong>Cur</strong></span> <span class='ocrx_word' id='word_1_543' title='bbox 2272 3561 2455 3604; x_wconf 90' lang='lat' dir='ltr'><strong>autem</strong></span> <span class='ocrx_word' id='word_1_544' title='bbox 2486 3551 2600 3603; x_wconf 72' lang='lat' dir='ltr'><strong>hanc</strong></span> <span class='ocrx_word' id='word_1_545' title='bbox 2625 3565 2768 3603; x_wconf 90' lang='lat' dir='ltr'><strong>anno</strong></span> <span class='ocrx_word' id='word_1_546' title='bbox 2794 3548 2901 3603; x_wconf 71' lang='grc'><strong>572</strong></span> <span class='ocrx_word' id='word_1_547' title='bbox 2937 3559 3119 3618; x_wconf 86' lang='lat' dir='ltr'><strong>putem</strong></span> <span class='ocrx_word' id='word_1_548' title='bbox 3146 3549 3464 3619; x_wconf 84' lang='lat' dir='ltr'><strong>contigisse,</strong></span> <span class='ocrx_word' id='word_1_549' title='bbox 3505 3551 3615 3603; x_wconf 89' lang='lat' dir='ltr'><strong>hoc</strong></span> <span class='ocrx_word' id='word_1_550' title='bbox 3647 3565 3760 3616; x_wconf 82' lang='lat' dir='ltr'><strong>po-</strong></span> 
     </span>
    </p>
   </div>
   <div class='ocr_carea' id='block_1_80' title="bbox 2137 3641 3759 3711">
    <p class='ocr_par' dir='ltr' id='par_1_80' title="bbox 2137 3641 3759 3711">
     <span class='ocr_line' id='line_1_80' title="bbox 2137 3641 3759 3711; baseline -0.001 -15"><span class='ocrx_word' id='word_1_551' title='bbox 2137 3644 2405 3697; x_wconf 90' lang='lat' dir='ltr'><strong>tissimum</strong></span> <span class='ocrx_word' id='word_1_552' title='bbox 2453 3643 2695 3696; x_wconf 90' lang='lat' dir='ltr'><strong>adducor</strong></span> <span class='ocrx_word' id='word_1_553' title='bbox 2748 3651 3106 3711; x_wconf 87' lang='lat' dir='ltr'><strong>argmnento,</strong></span> <span class='ocrx_word' id='word_1_554' title='bbox 3152 3643 3296 3710; x_wconf 90' lang='lat' dir='ltr'><strong>quod</strong></span> <span class='ocrx_word' id='word_1_555' title='bbox 3344 3657 3468 3696; x_wconf 91' lang='lat' dir='ltr'><strong>cum</strong></span> <span class='ocrx_word' id='word_1_556' title='bbox 3495 3641 3759 3696; x_wconf 83' lang='lat' dir='ltr'><strong>Basilius</strong></span> 
     </span>
    </p>
   </div>
   <div class='ocr_carea' id='block_1_81' title="bbox 2136 3733 3761 3803">
    <p class='ocr_par' dir='ltr' id='par_1_81' title="bbox 2136 3733 3761 3803">
     <span class='ocr_line' id='line_1_81' title="bbox 2136 3733 3761 3803; baseline -0.001 -15"><span class='ocrx_word' id='word_1_557' title='bbox 2136 3734 2335 3788; x_wconf 82' lang='lat' dir='ltr'><strong>multos</strong></span> <span class='ocrx_word' id='word_1_558' title='bbox 2370 3735 2473 3788; x_wconf 92' lang='lat' dir='ltr'><strong>hoc</strong></span> <span class='ocrx_word' id='word_1_559' title='bbox 2502 3749 2646 3786; x_wconf 87' lang='lat' dir='ltr'><strong>anno</strong></span> <span class='ocrx_word' id='word_1_560' title='bbox 2687 3734 2971 3803; x_wconf 87' lang='lat' dir='ltr'><strong>episcopos</strong></span> <span class='ocrx_word' id='word_1_561' title='bbox 3009 3733 3279 3787; x_wconf 90' lang='lat' dir='ltr'><strong>creaverit</strong></span> <span class='ocrx_word' id='word_1_562' title='bbox 3319 3733 3761 3803; x_wconf 83' lang='lat' dir='ltr'><strong>(multiplicatos</strong></span> 
     </span>
    </p>
   </div>
   <div class='ocr_carea' id='block_1_82' title="bbox 2135 3824 3755 3897">
    <p class='ocr_par' dir='ltr' id='par_1_82' title="bbox 2135 3824 3755 3897">
     <span class='ocr_line' id='line_1_82' title="bbox 2135 3824 3755 3897; baseline -0.002 -17"><span class='ocrx_word' id='word_1_563' title='bbox 2135 3827 2279 3880; x_wconf 91' lang='lat' dir='ltr'><strong>enim</strong></span> <span class='ocrx_word' id='word_1_564' title='bbox 2326 3824 2494 3879; x_wconf 89' lang='lat' dir='ltr'><strong>fuisse</strong></span> <span class='ocrx_word' id='word_1_565' title='bbox 2539 3826 2881 3895; x_wconf 89' lang='lat' dir='ltr'><strong>episc0patus</strong></span> <span class='ocrx_word' id='word_1_566' title='bbox 2927 3835 3159 3879; x_wconf 85' lang='lat' dir='ltr'><strong>testatur</strong></span> <span class='ocrx_word' id='word_1_567' title='bbox 3182 3825 3564 3879; x_wconf 77' lang='lat' dir='ltr'><strong>Nazianzenus</strong></span> <span class='ocrx_word' id='word_1_568' title='bbox 3598 3824 3755 3897; x_wconf 68' lang='grc'><strong>[0⁸]),</strong></span> 
     </span>
    </p>
   </div>
   <div class='ocr_carea' id='block_1_83' title="bbox 2134 3917 3763 3987">
    <p class='ocr_par' dir='ltr' id='par_1_83' title="bbox 2134 3917 3763 3987">
     <span class='ocr_line' id='line_1_83' title="bbox 2134 3917 3763 3987; baseline 0.001 -15"><span class='ocrx_word' id='word_1_569' title='bbox 2134 3934 2241 3972; x_wconf 90' lang='lat' dir='ltr'><strong>non</strong></span> <span class='ocrx_word' id='word_1_570' title='bbox 2274 3920 2487 3971; x_wconf 89' lang='lat' dir='ltr'><strong>videtur</strong></span> <span class='ocrx_word' id='word_1_571' title='bbox 2519 3933 2790 3972; x_wconf 84' lang='lat' dir='ltr'><strong>summum</strong></span> <span class='ocrx_word' id='word_1_572' title='bbox 2830 3917 2975 3970; x_wconf 93' lang='lat' dir='ltr'><strong>illum</strong></span> <span class='ocrx_word' id='word_1_573' title='bbox 3013 3919 3212 3982; x_wconf 81' lang='lat' dir='ltr'><strong>virum,</strong></span> <span class='ocrx_word' id='word_1_574' title='bbox 3249 3933 3356 3987; x_wconf 93' lang='lat' dir='ltr'><strong>quo</strong></span> <span class='ocrx_word' id='word_1_575' title='bbox 3387 3921 3763 3987; x_wconf 71' lang='lat' dir='ltr'><strong>praestantio-</strong></span> 
     </span>
    </p>
   </div>
   <div class='ocr_carea' id='block_1_84' title="bbox 2134 4010 3757 4079">
    <p class='ocr_par' dir='ltr' id='par_1_84' title="bbox 2134 4010 3757 4079">
     <span class='ocr_line' id='line_1_84' title="bbox 2134 4010 3757 4079; baseline 0.001 -14"><span class='ocrx_word' id='word_1_576' title='bbox 2134 4027 2248 4065; x_wconf 92' lang='lat' dir='ltr'><strong>rem</strong></span> <span class='ocrx_word' id='word_1_577' title='bbox 2272 4012 2539 4064; x_wconf 84' lang='lat' dir='ltr'><strong>neminetn</strong></span> <span class='ocrx_word' id='word_1_578' title='bbox 2567 4011 2767 4064; x_wconf 88' lang='lat' dir='ltr'><strong>habere</strong></span> <span class='ocrx_word' id='word_1_579' title='bbox 2783 4019 3017 4078; x_wconf 87' lang='lat' dir='ltr'><strong>poterat,</strong></span> <span class='ocrx_word' id='word_1_580' title='bbox 3044 4012 3516 4079; x_wconf 70' lang='lat' dir='ltr'><strong>praetermissurus</strong></span> <span class='ocrx_word' id='word_1_581' title='bbox 3538 4010 3757 4076; x_wconf 85' lang='lat' dir='ltr'><strong>fuisse,</strong></span> 
     </span>
    </p>
   </div>
   <div class='ocr_carea' id='block_1_85' title="bbox 2132 4102 3761 4173">
    <p class='ocr_par' dir='ltr' id='par_1_85' title="bbox 2132 4102 3761 4173">
     <span class='ocr_line' id='line_1_85' title="bbox 2132 4102 3761 4173; baseline 0.001 -16"><span class='ocrx_word' id='word_1_582' title='bbox 2132 4118 2255 4159; x_wconf 90' lang='lat' dir='ltr'><strong>cum</strong></span> <span class='ocrx_word' id='word_1_583' title='bbox 2290 4103 2359 4173; x_wconf 76' lang='grc' dir='ltr'><strong>(ε)</strong></span> <span class='ocrx_word' id='word_1_584' title='bbox 2404 4105 2703 4171; x_wconf 61' lang='lat' dir='ltr'><strong>praesertim</strong></span> <span class='ocrx_word' id='word_1_585' title='bbox 2737 4102 3110 4167; x_wconf 71' lang='lat' dir='ltr'><strong>Pwmenium,</strong></span> <span class='ocrx_word' id='word_1_586' title='bbox 3168 4119 3328 4173; x_wconf 89' lang='lat' dir='ltr'><strong>quem</strong></span> <span class='ocrx_word' id='word_1_587' title='bbox 3376 4105 3533 4158; x_wconf 87' lang='lat' dir='ltr'><strong>dedit</strong></span> <span class='ocrx_word' id='word_1_588' title='bbox 3574 4106 3761 4159; x_wconf 64' lang='lat' dir='ltr'><strong>Sala-</strong></span> 
     </span>
    </p>
   </div>
   <div class='ocr_carea' id='block_1_86' title="bbox 2130 4196 3759 4259">
    <p class='ocr_par' dir='ltr' id='par_1_86' title="bbox 2130 4196 3759 4259">
     <span class='ocr_line' id='line_1_86' title="bbox 2130 4196 3759 4259; baseline 0.001 -9"><span class='ocrx_word' id='word_1_589' title='bbox 2130 4198 2390 4259; x_wconf 90' lang='lat' dir='ltr'><strong>lensibus,</strong></span> <span class='ocrx_word' id='word_1_590' title='bbox 2429 4196 2659 4250; x_wconf 91' lang='lat' dir='ltr'><strong>libenter</strong></span> <span class='ocrx_word' id='word_1_591' title='bbox 2681 4196 2944 4250; x_wconf 75' lang='lat' dir='ltr'><strong>Caesarea:</strong></span> <span class='ocrx_word' id='word_1_592' title='bbox 2979 4199 3312 4259; x_wconf 89' lang='lat' dir='ltr'><strong>retinuisset,</strong></span> <span class='ocrx_word' id='word_1_593' title='bbox 3346 4212 3450 4251; x_wconf 90' lang='lat' dir='ltr'><strong>nec</strong></span> <span class='ocrx_word' id='word_1_594' title='bbox 3477 4200 3656 4251; x_wconf 89' lang='lat' dir='ltr'><strong>matri</strong></span> <span class='ocrx_word' id='word_1_595' title='bbox 3691 4208 3759 4251; x_wconf 84' lang='lat' dir='ltr'><strong>et</strong></span> 
     </span>
    </p>
   </div>
   <div class='ocr_carea' id='block_1_87' title="bbox 2132 4287 3762 4358">
    <p class='ocr_par' dir='ltr' id='par_1_87' title="bbox 2132 4287 3762 4358">
     <span class='ocr_line' id='line_1_87' title="bbox 2132 4287 3762 4358; baseline 0 -15"><span class='ocrx_word' id='word_1_596' title='bbox 2132 4287 2386 4343; x_wconf 73' lang='lat' dir='ltr'><strong>Ecclesiae</strong></span> <span class='ocrx_word' id='word_1_597' title='bbox 2430 4289 2632 4356; x_wconf 83' lang='lat' dir='ltr'><strong>lugenti</strong></span> <span class='ocrx_word' id='word_1_598' title='bbox 2665 4289 3019 4353; x_wconf 90' lang='lat' dir='ltr'><strong>abstulisset,</strong></span> <span class='ocrx_word' id='word_1_599' title='bbox 3064 4290 3108 4343; x_wconf 92' lang='lat' dir='ltr'><strong>si</strong></span> <span class='ocrx_word' id='word_1_600' title='bbox 3142 4304 3302 4358; x_wconf 86' lang='lat' dir='ltr'><strong>quem</strong></span> <span class='ocrx_word' id='word_1_601' title='bbox 3336 4290 3387 4343; x_wconf 89' lang='lat' dir='ltr'><strong>ei</strong></span> <span class='ocrx_word' id='word_1_602' title='bbox 3427 4289 3762 4344; x_wconf 81' lang='lat' dir='ltr'><strong>inveniSset</strong></span> 
     </span>
    </p>
   </div>
   <div class='ocr_carea' id='block_1_88' title="bbox 2130 4380 3767 4450">
    <p class='ocr_par' dir='ltr' id='par_1_88' title="bbox 2130 4380 3767 4450">
     <span class='ocr_line' id='line_1_88' title="bbox 2130 4380 3767 4450; baseline 0.002 -18"><span class='ocrx_word' id='word_1_603' title='bbox 2130 4396 2317 4450; x_wconf 89' lang='lat' dir='ltr'><strong>parem</strong></span> <span class='ocrx_word' id='word_1_604' title='bbox 2344 4382 2410 4434; x_wconf 91' lang='lat' dir='ltr'><strong>ad</strong></span> <span class='ocrx_word' id='word_1_605' title='bbox 2450 4396 2647 4434; x_wconf 90' lang='lat' dir='ltr'><strong>munus</strong></span> <span class='ocrx_word' id='word_1_606' title='bbox 2680 4384 3028 4450; x_wconf 85' lang='lat' dir='ltr'><strong>episcopatus</strong></span> <span class='ocrx_word' id='word_1_607' title='bbox 3059 4384 3459 4436; x_wconf 81' lang='lat' dir='ltr'><strong>snsunendum.</strong></span> <span class='ocrx_word' id='word_1_608' title='bbox 3506 4380 3767 4435; x_wconf 85' lang='lat' dir='ltr'><strong>Videtur</strong></span> 
     </span>
    </p>
   </div>
   <div class='ocr_carea' id='block_1_89' title="bbox 441 4466 3761 4540">
    <p class='ocr_par' dir='ltr' id='par_1_89' title="bbox 441 4466 3761 4540">
     <span class='ocr_line' id='line_1_89' title="bbox 441 4466 3761 4540; baseline 0 -16"><span class='ocrx_word' id='word_1_609' title='bbox 441 4477 561 4524; x_wconf 91' lang='lat' dir='ltr'><strong>erat</strong></span> <span class='ocrx_word' id='word_1_610' title='bbox 605 4484 813 4538; x_wconf 75' lang='lat' dir='ltr'><strong>magna:</strong></span> <span class='ocrx_word' id='word_1_611' title='bbox 845 4470 986 4536; x_wconf 91' lang='lat' dir='ltr'><strong>urbi,</strong></span> <span class='ocrx_word' id='word_1_612' title='bbox 1034 4484 1142 4522; x_wconf 91' lang='lat' dir='ltr'><strong>non</strong></span> <span class='ocrx_word' id='word_1_613' title='bbox 1173 4485 1364 4539; x_wconf 89' lang='lat' dir='ltr'><strong>parum</strong></span> <span class='ocrx_word' id='word_1_614' title='bbox 1418 4471 1665 4526; x_wconf 71' lang='lat' dir='ltr'><strong>Caesarea</strong></span> <span class='ocrx_word' id='word_1_615' title='bbox 1688 4475 1933 4540; x_wconf 88' lang='lat' dir='ltr'><strong>distanti,</strong></span> <span class='ocrx_word' id='word_1_616' title='bbox 1960 4490 2025 4530; x_wconf 89' lang='lat' dir='ltr'><strong>ac</strong></span> <span class='ocrx_word' id='word_1_617' title='bbox 2060 4466 2104 4520; x_wconf 91' lang='lat' dir='ltr'><strong>D</strong></span> <span class='ocrx_word' id='word_1_618' title='bbox 2134 4471 2248 4524; x_wconf 72' lang='lat' dir='ltr'><strong>haec</strong></span> <span class='ocrx_word' id='word_1_619' title='bbox 2276 4469 2458 4523; x_wconf 90' lang='lat' dir='ltr'><strong>Basilii</strong></span> <span class='ocrx_word' id='word_1_620' title='bbox 2493 4469 2788 4523; x_wconf 83' lang='lat' dir='ltr'><strong>liberalitas</strong></span> <span class='ocrx_word' id='word_1_621' title='bbox 2823 4470 2875 4523; x_wconf 89' lang='lat' dir='ltr'><strong>in</strong></span> <span class='ocrx_word' id='word_1_622' title='bbox 2901 4470 3267 4525; x_wconf 89' lang='lat' dir='ltr'><strong>concedeudis</strong></span> <span class='ocrx_word' id='word_1_623' title='bbox 3304 4486 3370 4523; x_wconf 78' lang='lat' dir='ltr'><strong>ex</strong></span> <span class='ocrx_word' id='word_1_624' title='bbox 3400 4485 3503 4523; x_wconf 87' lang='lat' dir='ltr'><strong>sua</strong></span> <span class='ocrx_word' id='word_1_625' title='bbox 3544 4470 3761 4524; x_wconf 74' lang='lat' dir='ltr'><strong>Eccle-</strong></span> 
     </span>
    </p>
   </div>
   <div class='ocr_carea' id='block_1_90' title="bbox 440 4558 2019 4630">
    <p class='ocr_par' dir='ltr' id='par_1_90' title="bbox 440 4558 2019 4630">
     <span class='ocr_line' id='line_1_90' title="bbox 440 4558 2019 4630; baseline 0.004 -16"><span class='ocrx_word' id='word_1_626' title='bbox 440 4560 495 4615; x_wconf 91' lang='lat' dir='ltr'><strong>in</strong></span> <span class='ocrx_word' id='word_1_627' title='bbox 527 4558 897 4630; x_wconf 88' lang='lat' dir='ltr'><strong>perfungendo</strong></span> <span class='ocrx_word' id='word_1_628' title='bbox 931 4562 1145 4630; x_wconf 89' lang='lat' dir='ltr'><strong>egregie</strong></span> <span class='ocrx_word' id='word_1_629' title='bbox 1170 4562 1516 4630; x_wconf 86' lang='lat' dir='ltr'><strong>episcopatus</strong></span> <span class='ocrx_word' id='word_1_630' title='bbox 1548 4578 1775 4619; x_wconf 87' lang='lat' dir='ltr'><strong>munere</strong></span> <span class='ocrx_word' id='word_1_631' title='bbox 1805 4566 2019 4621; x_wconf 90' lang='lat' dir='ltr'><strong>laudem</strong></span> 
     </span>
    </p>
   </div>
   <div class='ocr_carea' id='block_1_91' title="bbox 440 4650 2022 4727">
    <p class='ocr_par' dir='ltr' id='par_1_91' title="bbox 440 4650 2022 4727">
     <span class='ocr_line' id='line_1_91' title="bbox 440 4650 2022 4727; baseline 0.004 -21"><span class='ocrx_word' id='word_1_632' title='bbox 440 4660 494 4706; x_wconf 90' lang='lat' dir='ltr'><strong>et</strong></span> <span class='ocrx_word' id='word_1_633' title='bbox 523 4650 721 4704; x_wconf 86' lang='lat' dir='ltr'><strong>famam</strong></span> <span class='ocrx_word' id='word_1_634' title='bbox 774 4652 998 4720; x_wconf 89' lang='lat' dir='ltr'><strong>adeptus</strong></span> <span class='ocrx_word' id='word_1_635' title='bbox 1023 4662 1160 4705; x_wconf 91' lang='lat' dir='ltr'><strong>erat.</strong></span> <span class='ocrx_word' id='word_1_636' title='bbox 1190 4652 1414 4721; x_wconf 82' lang='lat' dir='ltr'><strong>Magnus</strong></span> <span class='ocrx_word' id='word_1_637' title='bbox 1444 4656 1588 4709; x_wconf 87' lang='lat' dir='ltr'><strong>enim</strong></span> <span class='ocrx_word' id='word_1_638' title='bbox 1618 4668 1736 4711; x_wconf 89' lang='lat' dir='ltr'><strong>erat</strong></span> <span class='ocrx_word' id='word_1_639' title='bbox 1785 4658 2022 4727; x_wconf 86' lang='lat' dir='ltr'><strong>Spiritus</strong></span> 
     </span>
    </p>
   </div>
   <div class='ocr_carea' id='block_1_92' title="bbox 439 4744 2019 4821">
    <p class='ocr_par' dir='ltr' id='par_1_92' title="bbox 439 4744 2019 4821">
     <span class='ocr_line' id='line_1_92' title="bbox 439 4744 2019 4821; baseline 0.003 -22"><span class='ocrx_word' id='word_1_640' title='bbox 439 4746 610 4799; x_wconf 90' lang='lat' dir='ltr'><strong>sancti</strong></span> <span class='ocrx_word' id='word_1_641' title='bbox 652 4744 1007 4813; x_wconf 80' lang='lat' dir='ltr'><strong>glorificator,</strong></span> <span class='ocrx_word' id='word_1_642' title='bbox 1038 4745 1261 4815; x_wconf 88' lang='lat' dir='ltr'><strong>ejusque</strong></span> <span class='ocrx_word' id='word_1_643' title='bbox 1313 4746 1611 4803; x_wconf 87' lang='lat' dir='ltr'><strong>divinitatis</strong></span> <span class='ocrx_word' id='word_1_644' title='bbox 1648 4748 1901 4804; x_wconf 88' lang='lat' dir='ltr'><strong>defensor</strong></span> <span class='ocrx_word' id='word_1_645' title='bbox 1926 4750 2019 4821; x_wconf 86' lang='lat' dir='ltr'><strong>(c).</strong></span> 
     </span>
    </p>
   </div>
   <div class='ocr_carea' id='block_1_93' title="bbox 443 4835 2021 4911">
    <p class='ocr_par' dir='ltr' id='par_1_93' title="bbox 443 4835 2021 4911">
     <span class='ocr_line' id='line_1_93' title="bbox 443 4835 2021 4911; baseline 0.003 -20"><span class='ocrx_word' id='word_1_646' title='bbox 443 4836 549 4891; x_wconf 87' lang='lat' dir='ltr'><strong>Sed</strong></span> <span class='ocrx_word' id='word_1_647' title='bbox 575 4851 699 4889; x_wconf 87' lang='lat' dir='ltr'><strong>cum</strong></span> <span class='ocrx_word' id='word_1_648' title='bbox 732 4835 1022 4891; x_wconf 91' lang='lat' dir='ltr'><strong>admodum</strong></span> <span class='ocrx_word' id='word_1_649' title='bbox 1050 4846 1210 4890; x_wconf 76' lang='lat' dir='ltr'><strong>aetate</strong></span> <span class='ocrx_word' id='word_1_650' title='bbox 1256 4847 1548 4907; x_wconf 91' lang='lat' dir='ltr'><strong>provectus</strong></span> <span class='ocrx_word' id='word_1_651' title='bbox 1584 4849 1749 4905; x_wconf 88' lang='lat' dir='ltr'><strong>esset,</strong></span> <span class='ocrx_word' id='word_1_652' title='bbox 1780 4855 1845 4895; x_wconf 90' lang='lat' dir='ltr'><strong>ac</strong></span> <span class='ocrx_word' id='word_1_653' title='bbox 1870 4843 2021 4911; x_wconf 78' lang='lat' dir='ltr'><strong>gregi</strong></span> 
     </span>
    </p>
   </div>
   <div class='ocr_carea' id='block_1_94' title="bbox 439 4931 2021 5000">
    <p class='ocr_par' dir='ltr' id='par_1_94' title="bbox 439 4931 2021 5000">
     <span class='ocr_line' id='line_1_94' title="bbox 439 4931 2021 5000; baseline 0.003 -18"><span class='ocrx_word' id='word_1_654' title='bbox 439 4942 538 4982; x_wconf 79' lang='lat' dir='ltr'><strong>suo</strong></span> <span class='ocrx_word' id='word_1_655' title='bbox 572 4939 692 4997; x_wconf 88' lang='lat' dir='ltr'><strong>post</strong></span> <span class='ocrx_word' id='word_1_656' title='bbox 723 4939 949 4982; x_wconf 91' lang='lat' dir='ltr'><strong>mortem</strong></span> <span class='ocrx_word' id='word_1_657' title='bbox 982 4943 1137 4981; x_wconf 91' lang='lat' dir='ltr'><strong>suam</strong></span> <span class='ocrx_word' id='word_1_658' title='bbox 1172 4938 1458 4995; x_wconf 90' lang='lat' dir='ltr'><strong>metueret,</strong></span> <span class='ocrx_word' id='word_1_659' title='bbox 1499 4931 1709 5000; x_wconf 72' lang='lat' dir='ltr'><strong>rogavit</strong></span> <span class='ocrx_word' id='word_1_660' title='bbox 1737 4931 2021 5000; x_wconf 87' lang='lat' dir='ltr'><strong>Basilium,</strong></span> 
     </span>
    </p>
   </div>
   <div class='ocr_carea' id='block_1_95' title="bbox 438 5019 2024 5091">
    <p class='ocr_par' dir='ltr' id='par_1_95' title="bbox 438 5019 2024 5091">
     <span class='ocr_line' id='line_1_95' title="bbox 438 5019 2024 5091; baseline 0.003 -18"><span class='ocrx_word' id='word_1_661' title='bbox 438 5029 498 5073; x_wconf 93' lang='lat' dir='ltr'><strong>ut</strong></span> <span class='ocrx_word' id='word_1_662' title='bbox 535 5036 722 5074; x_wconf 88' lang='lat' dir='ltr'><strong>curam</strong></span> <span class='ocrx_word' id='word_1_663' title='bbox 753 5019 1007 5075; x_wconf 75' lang='lat' dir='ltr'><strong>Ecclesiae</strong></span> <span class='ocrx_word' id='word_1_664' title='bbox 1031 5035 1142 5075; x_wconf 65' lang='lat' dir='ltr'><strong>suae</strong></span> <span class='ocrx_word' id='word_1_665' title='bbox 1178 5030 1297 5089; x_wconf 86' lang='lat' dir='ltr'><strong>post</strong></span> <span class='ocrx_word' id='word_1_666' title='bbox 1332 5029 1560 5074; x_wconf 88' lang='lat' dir='ltr'><strong>mortem</strong></span> <span class='ocrx_word' id='word_1_667' title='bbox 1588 5036 1740 5074; x_wconf 90' lang='lat' dir='ltr'><strong>suam</strong></span> <span class='ocrx_word' id='word_1_668' title='bbox 1778 5022 2024 5091; x_wconf 88' lang='lat' dir='ltr'><strong>suscipe-</strong></span> 
     </span>
    </p>
   </div>
   <div class='ocr_carea' id='block_1_96' title="bbox 439 5112 2016 5181">
    <p class='ocr_par' dir='ltr' id='par_1_96' title="bbox 439 5112 2016 5181">
     <span class='ocr_line' id='line_1_96' title="bbox 439 5112 2016 5181; baseline 0.001 -14"><span class='ocrx_word' id='word_1_669' title='bbox 439 5121 543 5177; x_wconf 89' lang='lat' dir='ltr'><strong>ret,</strong></span> <span class='ocrx_word' id='word_1_670' title='bbox 566 5128 631 5166; x_wconf 88' lang='lat' dir='ltr'><strong>ac</strong></span> <span class='ocrx_word' id='word_1_671' title='bbox 654 5128 797 5166; x_wconf 90' lang='lat' dir='ltr'><strong>nunc</strong></span> <span class='ocrx_word' id='word_1_672' title='bbox 832 5112 897 5166; x_wconf 86' lang='lat' dir='ltr'><strong>ad</strong></span> <span class='ocrx_word' id='word_1_673' title='bbox 924 5128 982 5168; x_wconf 91' lang='lat' dir='ltr'><strong>se</strong></span> <span class='ocrx_word' id='word_1_674' title='bbox 1020 5114 1261 5168; x_wconf 87' lang='lat' dir='ltr'><strong>mitteret</strong></span> <span class='ocrx_word' id='word_1_675' title='bbox 1289 5129 1319 5168; x_wconf 91' lang='lat' dir='ltr'><strong>e</strong></span> <span class='ocrx_word' id='word_1_676' title='bbox 1352 5112 1498 5167; x_wconf 85' lang='lat' dir='ltr'><strong>clero</strong></span> <span class='ocrx_word' id='word_1_677' title='bbox 1534 5128 1630 5166; x_wconf 92' lang='lat' dir='ltr'><strong>suo</strong></span> <span class='ocrx_word' id='word_1_678' title='bbox 1669 5124 2016 5181; x_wconf 77' lang='lat' dir='ltr'><strong>praestantem</strong></span> 
     </span>
    </p>
   </div>
   <div class='ocr_carea' id='block_1_97' title="bbox 437 5203 2019 5275">
    <p class='ocr_par' dir='ltr' id='par_1_97' title="bbox 437 5203 2019 5275">
     <span class='ocr_line' id='line_1_97' title="bbox 437 5203 2019 5275; baseline -0.001 -17"><span class='ocrx_word' id='word_1_679' title='bbox 437 5204 672 5275; x_wconf 88' lang='lat' dir='ltr'><strong>aliquem</strong></span> <span class='ocrx_word' id='word_1_680' title='bbox 702 5204 1078 5273; x_wconf 88' lang='lat' dir='ltr'><strong>virum,quem</strong></span> <span class='ocrx_word' id='word_1_681' title='bbox 1108 5218 1477 5259; x_wconf 90' lang='lat' dir='ltr'><strong>successorem</strong></span> <span class='ocrx_word' id='word_1_682' title='bbox 1506 5218 1661 5256; x_wconf 88' lang='lat' dir='ltr'><strong>sumn</strong></span> <span class='ocrx_word' id='word_1_683' title='bbox 1691 5204 1843 5257; x_wconf 77' lang='lat' dir='ltr'><strong>vivus</strong></span> <span class='ocrx_word' id='word_1_684' title='bbox 1872 5203 2019 5258; x_wconf 87' lang='lat' dir='ltr'><strong>desi-</strong></span> 
     </span>
    </p>
   </div>
   <div class='ocr_carea' id='block_1_98' title="bbox 439 5295 2018 5366">
    <p class='ocr_par' dir='ltr' id='par_1_98' title="bbox 439 5295 2018 5366">
     <span class='ocr_line' id='line_1_98' title="bbox 439 5295 2018 5366; baseline 0.002 -19"><span class='ocrx_word' id='word_1_685' title='bbox 439 5305 649 5364; x_wconf 82' lang='lat' dir='ltr'><strong>gnaret.</strong></span> <span class='ocrx_word' id='word_1_686' title='bbox 684 5295 802 5361; x_wconf 88' lang='lat' dir='ltr'><strong>Quo</strong></span> <span class='ocrx_word' id='word_1_687' title='bbox 835 5297 1006 5366; x_wconf 87' lang='lat' dir='ltr'><strong>magis</strong></span> <span class='ocrx_word' id='word_1_688' title='bbox 1040 5297 1299 5350; x_wconf 89' lang='lat' dir='ltr'><strong>Basilium</strong></span> <span class='ocrx_word' id='word_1_689' title='bbox 1331 5304 1620 5351; x_wconf 78' lang='lat' dir='ltr'><strong>exacueret</strong></span> <span class='ocrx_word' id='word_1_690' title='bbox 1653 5296 1719 5348; x_wconf 90' lang='lat' dir='ltr'><strong>ad</strong></span> <span class='ocrx_word' id='word_1_691' title='bbox 1745 5310 1854 5349; x_wconf 91' lang='lat' dir='ltr'><strong>rem</strong></span> <span class='ocrx_word' id='word_1_692' title='bbox 1882 5297 2018 5350; x_wconf 89' lang='lat' dir='ltr'><strong>tanti</strong></span> 
     </span>
    </p>
   </div>
   <div class='ocr_carea' id='block_1_99' title="bbox 438 5386 2019 5451">
    <p class='ocr_par' dir='ltr' id='par_1_99' title="bbox 438 5386 2019 5451">
     <span class='ocr_line' id='line_1_99' title="bbox 438 5386 2019 5451; baseline 0.001 -10"><span class='ocrx_word' id='word_1_693' title='bbox 438 5388 721 5451; x_wconf 87' lang='lat' dir='ltr'><strong>momenti,</strong></span> <span class='ocrx_word' id='word_1_694' title='bbox 749 5388 1059 5442; x_wconf 87' lang='lat' dir='ltr'><strong>minabatur</strong></span> <span class='ocrx_word' id='word_1_695' title='bbox 1080 5403 1137 5444; x_wconf 92' lang='lat' dir='ltr'><strong>se</strong></span> <span class='ocrx_word' id='word_1_696' title='bbox 1169 5389 1217 5445; x_wconf 92' lang='lat' dir='ltr'><strong>ei</strong></span> <span class='ocrx_word' id='word_1_697' title='bbox 1255 5388 1405 5444; x_wconf 87' lang='lat' dir='ltr'><strong>litem</strong></span> <span class='ocrx_word' id='word_1_698' title='bbox 1436 5401 1620 5443; x_wconf 86' lang='lat' dir='ltr'><strong>coram</strong></span> <span class='ocrx_word' id='word_1_699' title='bbox 1645 5386 1872 5441; x_wconf 89' lang='lat' dir='ltr'><strong>Domino</strong></span> <span class='ocrx_word' id='word_1_700' title='bbox 1900 5387 2019 5442; x_wconf 87' lang='lat' dir='ltr'><strong>illa-</strong></span> 
     </span>
    </p>
   </div>
   <div class='ocr_carea' id='block_1_100' title="bbox 537 5525 948 5595">
    <p class='ocr_par' dir='ltr' id='par_1_100' title="bbox 537 5525 948 5595">
     <span class='ocr_line' id='line_1_100' title="bbox 537 5525 948 5595; baseline 0.007 -16"><span class='ocrx_word' id='word_1_701' title='bbox 537 5526 589 5595; x_wconf 86' lang='grc' dir='ltr'><strong>α)</strong></span> <span class='ocrx_word' id='word_1_702' title='bbox 618 5525 685 5579; x_wconf 85' lang='lat' dir='ltr'><strong>In</strong></span> <span class='ocrx_word' id='word_1_703' title='bbox 717 5525 948 5581; x_wconf 85' lang='lat' dir='ltr'><strong>Eunom.</strong></span> 
     </span>
    </p>
   </div>
   <div class='ocr_carea' id='block_1_101' title="bbox 539 5595 977 5662">
    <p class='ocr_par' dir='ltr' id='par_1_101' title="bbox 539 5595 977 5662">
     <span class='ocr_line' id='line_1_101' title="bbox 539 5595 977 5662; baseline 0.014 -16"><span class='ocrx_word' id='word_1_704' title='bbox 539 5600 587 5662; x_wconf 75' lang='grc' dir='ltr'><strong>ὁ)</strong></span> <span class='ocrx_word' id='word_1_705' title='bbox 612 5595 854 5651; x_wconf 75' lang='lat' dir='ltr'><strong>Naz..or.</strong></span> <span class='ocrx_word' id='word_1_706' title='bbox 886 5600 977 5652; x_wconf 73' lang='lat'><strong>20.</strong></span> 
     </span>
    </p>
   </div>
   <div class='ocr_carea' id='block_1_102' title="bbox 511 5665 834 5734">
    <p class='ocr_par' dir='ltr' id='par_1_102' title="bbox 511 5665 834 5734">
     <span class='ocr_line' id='line_1_102' title="bbox 511 5665 834 5734; baseline 0.019 -18"><span class='ocrx_word' id='word_1_707' title='bbox 511 5668 584 5734; x_wconf 90' lang='lat' dir='ltr'><strong>(c)</strong></span> <span class='ocrx_word' id='word_1_708' title='bbox 617 5666 711 5733; x_wconf 85' lang='lat' dir='ltr'><strong>Ep.</strong></span> <span class='ocrx_word' id='word_1_709' title='bbox 745 5665 834 5723; x_wconf 82' lang='lat'><strong>50.</strong></span> 
     </span>
    </p>
   </div>
   <div class='ocr_carea' id='block_1_103' title="bbox 514 5735 839 5808">
    <p class='ocr_par' dir='ltr' id='par_1_103' title="bbox 514 5735 839 5808">
     <span class='ocr_line' id='line_1_103' title="bbox 514 5735 839 5808; baseline 0.015 -22"><span class='ocrx_word' id='word_1_710' title='bbox 514 5735 594 5808; x_wconf 79' lang='grc' dir='ltr'>(ιι)</span> <span class='ocrx_word' id='word_1_711' title='bbox 629 5736 722 5791; x_wconf 89' lang='lat' dir='ltr'><strong>Or.</strong></span> <span class='ocrx_word' id='word_1_712' title='bbox 750 5737 839 5791; x_wconf 72' lang='lat' dir='ltr'><strong>2U.</strong></span> 
     </span>
    </p>
   </div>
   <div class='ocr_carea' id='block_1_104' title="bbox 2132 4560 3754 4630">
    <p class='ocr_par' dir='ltr' id='par_1_104' title="bbox 2132 4560 3754 4630">
     <span class='ocr_line' id='line_1_104' title="bbox 2132 4560 3754 4630; baseline 0.001 -14"><span class='ocrx_word' id='word_1_713' title='bbox 2132 4563 2210 4616; x_wconf 90' lang='lat' dir='ltr'><strong>sia</strong></span> <span class='ocrx_word' id='word_1_714' title='bbox 2249 4561 2551 4630; x_wconf 89' lang='lat' dir='ltr'><strong>episcopis,</strong></span> <span class='ocrx_word' id='word_1_715' title='bbox 2599 4562 2671 4614; x_wconf 91' lang='lat' dir='ltr'><strong>ita</strong></span> <span class='ocrx_word' id='word_1_716' title='bbox 2704 4560 2906 4615; x_wconf 92' lang='lat' dir='ltr'><strong>clerum</strong></span> <span class='ocrx_word' id='word_1_717' title='bbox 2947 4562 3337 4616; x_wconf 84' lang='lat' dir='ltr'><strong>Caesariensem</strong></span> <span class='ocrx_word' id='word_1_718' title='bbox 3374 4564 3754 4629; x_wconf 76' lang='lat' dir='ltr'><strong>exhausisse,</strong></span> 
     </span>
    </p>
   </div>
   <div class='ocr_carea' id='block_1_105' title="bbox 2132 4652 3761 4727">
    <p class='ocr_par' dir='ltr' id='par_1_105' title="bbox 2132 4652 3761 4727">
     <span class='ocr_line' id='line_1_105' title="bbox 2132 4652 3761 4727; baseline 0.004 -21"><span class='ocrx_word' id='word_1_719' title='bbox 2132 4666 2191 4707; x_wconf 87' lang='lat' dir='ltr'><strong>ut</strong></span> <span class='ocrx_word' id='word_1_720' title='bbox 2214 4656 2483 4708; x_wconf 90' lang='lat' dir='ltr'><strong>neminem</strong></span> <span class='ocrx_word' id='word_1_721' title='bbox 2523 4652 2588 4723; x_wconf 81' lang='lat' dir='ltr'><strong>(f)</strong></span> <span class='ocrx_word' id='word_1_722' title='bbox 2641 4653 2865 4707; x_wconf 86' lang='lat' dir='ltr'><strong>haberet</strong></span> <span class='ocrx_word' id='word_1_723' title='bbox 2893 4669 3037 4707; x_wconf 92' lang='lat' dir='ltr'><strong>anno</strong></span> <span class='ocrx_word' id='word_1_724' title='bbox 3063 4654 3167 4708; x_wconf 83' lang='grc'><strong>575</strong></span> <span class='ocrx_word' id='word_1_725' title='bbox 3192 4694 3207 4720; x_wconf 88' lang='grc'><em>,</em></span> <span class='ocrx_word' id='word_1_726' title='bbox 3240 4671 3402 4724; x_wconf 91' lang='lat' dir='ltr'><strong>quem</strong></span> <span class='ocrx_word' id='word_1_727' title='bbox 3433 4655 3761 4727; x_wconf 84' lang='lat' dir='ltr'><strong>Amphilo-</strong></span> 
     </span>
    </p>
   </div>
   <div class='ocr_carea' id='block_1_106' title="bbox 2131 4747 3758 4817">
    <p class='ocr_par' dir='ltr' id='par_1_106' title="bbox 2131 4747 3758 4817">
     <span class='ocr_line' id='line_1_106' title="bbox 2131 4747 3758 4817; baseline 0.002 -15"><span class='ocrx_word' id='word_1_728' title='bbox 2131 4748 2255 4802; x_wconf 92' lang='lat' dir='ltr'><strong>chio</strong></span> <span class='ocrx_word' id='word_1_729' title='bbox 2293 4747 2540 4809; x_wconf 90' lang='lat' dir='ltr'><strong>donaret,</strong></span> <span class='ocrx_word' id='word_1_730' title='bbox 2590 4754 2875 4814; x_wconf 91' lang='lat' dir='ltr'><strong>propterea</strong></span> <span class='ocrx_word' id='word_1_731' title='bbox 2907 4747 3051 4815; x_wconf 92' lang='lat' dir='ltr'><strong>quod</strong></span> <span class='ocrx_word' id='word_1_732' title='bbox 3088 4748 3134 4801; x_wconf 90' lang='lat' dir='ltr'><strong>is</strong></span> <span class='ocrx_word' id='word_1_733' title='bbox 3164 4762 3327 4817; x_wconf 89' lang='lat' dir='ltr'><strong>quem</strong></span> <span class='ocrx_word' id='word_1_734' title='bbox 3370 4751 3758 4817; x_wconf 83' lang='lat' dir='ltr'><strong>promiserat,</strong></span> 
     </span>
    </p>
   </div>
   <div class='ocr_carea' id='block_1_107' title="bbox 2130 4838 3763 4915">
    <p class='ocr_par' dir='ltr' id='par_1_107' title="bbox 2130 4838 3763 4915">
     <span class='ocr_line' id='line_1_107' title="bbox 2130 4838 3763 4915; baseline 0.004 -22"><span class='ocrx_word' id='word_1_735' title='bbox 2130 4840 2421 4893; x_wconf 90' lang='lat' dir='ltr'><strong>accedente</strong></span> <span class='ocrx_word' id='word_1_736' title='bbox 2453 4838 2517 4891; x_wconf 91' lang='lat' dir='ltr'><strong>ad</strong></span> <span class='ocrx_word' id='word_1_737' title='bbox 2549 4848 2783 4892; x_wconf 92' lang='lat' dir='ltr'><strong>veterem</strong></span> <span class='ocrx_word' id='word_1_738' title='bbox 2815 4840 3063 4893; x_wconf 92' lang='lat' dir='ltr'><strong>morbum</strong></span> <span class='ocrx_word' id='word_1_739' title='bbox 3095 4855 3234 4894; x_wconf 91' lang='lat' dir='ltr'><strong>nova</strong></span> <span class='ocrx_word' id='word_1_740' title='bbox 3258 4842 3549 4897; x_wconf 87' lang='lat' dir='ltr'><strong>oculorum</strong></span> <span class='ocrx_word' id='word_1_741' title='bbox 3573 4848 3763 4915; x_wconf 66' lang='lat' dir='ltr'><strong>aegri-</strong></span> 
     </span>
    </p>
   </div>
   <div class='ocr_carea' id='block_1_108' title="bbox 2135 4929 3295 4997">
    <p class='ocr_par' dir='ltr' id='par_1_108' title="bbox 2135 4929 3295 4997">
     <span class='ocr_line' id='line_1_108' title="bbox 2135 4929 3295 4997; baseline 0.002 -14"><span class='ocrx_word' id='word_1_742' title='bbox 2135 4930 2339 4995; x_wconf 89' lang='lat' dir='ltr'><strong>tudine,</strong></span> <span class='ocrx_word' id='word_1_743' title='bbox 2376 4930 2550 4997; x_wconf 91' lang='lat' dir='ltr'><strong>impar</strong></span> <span class='ocrx_word' id='word_1_744' title='bbox 2572 4929 2699 4982; x_wconf 89' lang='lat' dir='ltr'><strong>huic</strong></span> <span class='ocrx_word' id='word_1_745' title='bbox 2731 4930 2886 4983; x_wconf 89' lang='lat' dir='ltr'><strong>oneri</strong></span> <span class='ocrx_word' id='word_1_746' title='bbox 2919 4930 3097 4985; x_wconf 89' lang='lat' dir='ltr'><strong>factus</strong></span> <span class='ocrx_word' id='word_1_747' title='bbox 3126 4942 3295 4985; x_wconf 89' lang='lat' dir='ltr'><strong>esset.</strong></span> 
     </span>
    </p>
   </div>
   <div class='ocr_carea' id='block_1_109' title="bbox 2202 5020 3763 5091">
    <p class='ocr_par' dir='ltr' id='par_1_109' title="bbox 2202 5020 3763 5091">
     <span class='ocr_line' id='line_1_109' title="bbox 2202 5020 3763 5091; baseline 0.008 -18"><span class='ocrx_word' id='word_1_748' title='bbox 2202 5020 2265 5073; x_wconf 92' lang='grc' dir='ltr'>ιι.</span> <span class='ocrx_word' id='word_1_749' title='bbox 2303 5020 2562 5086; x_wconf 71' lang='lat' dir='ltr'><strong>Quamvis</strong></span> <span class='ocrx_word' id='word_1_750' title='bbox 2591 5020 2845 5084; x_wconf 88' lang='lat' dir='ltr'><strong>Basilius,</strong></span> <span class='ocrx_word' id='word_1_751' title='bbox 2894 5025 3136 5091; x_wconf 86' lang='lat' dir='ltr'><strong>quandiu</strong></span> <span class='ocrx_word' id='word_1_752' title='bbox 3173 5023 3441 5081; x_wconf 70' lang='lat' dir='ltr'><strong>Caesareae</strong></span> <span class='ocrx_word' id='word_1_753' title='bbox 3477 5026 3589 5083; x_wconf 85' lang='lat' dir='ltr'><strong>fuit</strong></span> <span class='ocrx_word' id='word_1_754' title='bbox 3626 5031 3763 5086; x_wconf 75' lang='lat' dir='ltr'><strong>Va—</strong></span> 
     </span>
    </p>
   </div>
   <div class='ocr_carea' id='block_1_110' title="bbox 2129 5112 3761 5181">
    <p class='ocr_par' dir='ltr' id='par_1_110' title="bbox 2129 5112 3761 5181">
     <span class='ocr_line' id='line_1_110' title="bbox 2129 5112 3761 5181; baseline 0.009 -16"><span class='ocrx_word' id='word_1_755' title='bbox 2129 5112 2266 5181; x_wconf 92' lang='lat' dir='ltr'><strong>lens,</strong></span> <span class='ocrx_word' id='word_1_756' title='bbox 2302 5115 2390 5167; x_wconf 79' lang='lat' dir='ltr'><strong>vix</strong></span> <span class='ocrx_word' id='word_1_757' title='bbox 2436 5114 2601 5167; x_wconf 90' lang='lat' dir='ltr'><strong>ullum</strong></span> <span class='ocrx_word' id='word_1_758' title='bbox 2638 5115 2780 5168; x_wconf 89' lang='lat' dir='ltr'><strong>diem</strong></span> <span class='ocrx_word' id='word_1_759' title='bbox 2827 5116 2896 5168; x_wconf 90' lang='lat' dir='ltr'><strong>ab</strong></span> <span class='ocrx_word' id='word_1_760' title='bbox 2922 5114 3254 5172; x_wconf 85' lang='lat' dir='ltr'><strong>Arianorum</strong></span> <span class='ocrx_word' id='word_1_761' title='bbox 3297 5120 3518 5176; x_wconf 89' lang='lat' dir='ltr'><strong>insidiis</strong></span> <span class='ocrx_word' id='word_1_762' title='bbox 3558 5135 3761 5180; x_wconf 83' lang='lat' dir='ltr'><strong>tntum</strong></span> 
     </span>
    </p>
   </div>
   <div class='ocr_carea' id='block_1_111' title="bbox 2126 5204 3762 5277">
    <p class='ocr_par' dir='ltr' id='par_1_111' title="bbox 2126 5204 3762 5277">
     <span class='ocr_line' id='line_1_111' title="bbox 2126 5204 3762 5277; baseline 0.008 -19"><span class='ocrx_word' id='word_1_763' title='bbox 2126 5204 2412 5269; x_wconf 90' lang='lat' dir='ltr'><strong>habuerit,</strong></span> <span class='ocrx_word' id='word_1_764' title='bbox 2445 5206 2577 5259; x_wconf 90' lang='lat' dir='ltr'><strong>nihil</strong></span> <span class='ocrx_word' id='word_1_765' title='bbox 2622 5215 2801 5260; x_wconf 86' lang='lat' dir='ltr'><strong>tamen</strong></span> <span class='ocrx_word' id='word_1_766' title='bbox 2837 5208 2903 5261; x_wconf 86' lang='lat' dir='ltr'><strong>de</strong></span> <span class='ocrx_word' id='word_1_767' title='bbox 2951 5222 3049 5261; x_wconf 90' lang='lat' dir='ltr'><strong>suo</strong></span> <span class='ocrx_word' id='word_1_768' title='bbox 3094 5211 3574 5277; x_wconf 88' lang='lat' dir='ltr'><strong>pacilicandarum</strong></span> <span class='ocrx_word' id='word_1_769' title='bbox 3628 5217 3762 5271; x_wconf 85' lang='lat' dir='ltr'><strong>Ec-</strong></span> 
     </span>
    </p>
   </div>
   <div class='ocr_carea' id='block_1_112' title="bbox 2125 5296 3762 5363">
    <p class='ocr_par' dir='ltr' id='par_1_112' title="bbox 2125 5296 3762 5363">
     <span class='ocr_line' id='line_1_112' title="bbox 2125 5296 3762 5363; baseline 0.007 -12"><span class='ocrx_word' id='word_1_770' title='bbox 2125 5296 2417 5351; x_wconf 90' lang='lat' dir='ltr'><strong>clesiarum</strong></span> <span class='ocrx_word' id='word_1_771' title='bbox 2446 5297 2624 5351; x_wconf 90' lang='lat' dir='ltr'><strong>studio</strong></span> <span class='ocrx_word' id='word_1_772' title='bbox 2670 5298 3001 5353; x_wconf 88' lang='lat' dir='ltr'><strong>remittebat.</strong></span> <span class='ocrx_word' id='word_1_773' title='bbox 3059 5300 3197 5355; x_wconf 92' lang='lat' dir='ltr'><strong>Tum</strong></span> <span class='ocrx_word' id='word_1_774' title='bbox 3251 5318 3379 5356; x_wconf 92' lang='lat' dir='ltr'><strong>cum</strong></span> <span class='ocrx_word' id='word_1_775' title='bbox 3420 5304 3762 5363; x_wconf 82' lang='lat' dir='ltr'><strong>Athanasio</strong></span> 
     </span>
    </p>
   </div>
   <div class='ocr_carea' id='block_1_113' title="bbox 2127 5387 3761 5465">
    <p class='ocr_par' dir='ltr' id='par_1_113' title="bbox 2127 5387 3761 5465">
     <span class='ocr_line' id='line_1_113' title="bbox 2127 5387 3761 5465; baseline 0.009 -23"><span class='ocrx_word' id='word_1_776' title='bbox 2127 5387 2204 5460; x_wconf 89' lang='lat' dir='ltr'><strong>(g)</strong></span> <span class='ocrx_word' id='word_1_777' title='bbox 2248 5388 2518 5443; x_wconf 90' lang='lat' dir='ltr'><strong>scriberet</strong></span> <span class='ocrx_word' id='word_1_778' title='bbox 2560 5404 2703 5445; x_wconf 90' lang='lat' dir='ltr'><strong>anno</strong></span> <span class='ocrx_word' id='word_1_779' title='bbox 2751 5390 3120 5461; x_wconf 70' lang='lat' dir='ltr'><strong>praecedenti,</strong></span> <span class='ocrx_word' id='word_1_780' title='bbox 3173 5408 3325 5465; x_wconf 89' lang='lat' dir='ltr'><strong>spem</strong></span> <span class='ocrx_word' id='word_1_781' title='bbox 3362 5398 3414 5452; x_wconf 90' lang='lat' dir='ltr'><strong>ei</strong></span> <span class='ocrx_word' id='word_1_782' title='bbox 3462 5397 3761 5457; x_wconf 75' lang='lat' dir='ltr'><strong>afferebat</strong></span> 
     </span>
    </p>
   </div>
   <div class='ocr_carea' id='block_1_114' title="bbox 2195 5529 2552 5666">
    <p class='ocr_par' dir='ltr' id='par_1_114' title="bbox 2195 5529 2552 5666">
     <span class='ocr_line' id='line_1_114' title="bbox 2195 5529 2552 5666; baseline -0.034 0"><span class='ocrx_word' id='word_1_783' title='bbox 2195 5530 2268 5666; x_wconf 63' lang='lat' dir='ltr'><strong>lii</strong></span> <span class='ocrx_word' id='word_1_784' title='bbox 2295 5530 2397 5666; x_wconf 69' lang='lat' dir='ltr'><strong>Eli:</strong></span> <span class='ocrx_word' id='word_1_785' title='bbox 2426 5529 2552 5654; x_wconf 50' lang='lat' dir='ltr'><strong>illi:</strong></span> 
     </span>
    </p>
   </div>
   <div class='ocr_carea' id='block_1_115' title="bbox 2196 5602 2598 5741">
    <p class='ocr_par' dir='ltr' id='par_1_115' title="bbox 2196 5602 2598 5741">
     <span class='ocr_line' id='line_1_115' title="bbox 2196 5602 2558 5669; baseline 0.003 -16"><span class='ocrx_word' id='word_1_786' title='bbox 2196 5602 2268 5669; x_wconf 77' lang='lat' dir='ltr'><strong>(f)</strong></span> <span class='ocrx_word' id='word_1_787' title='bbox 2304 5604 2397 5667; x_wconf 73' lang='lat' dir='ltr'><strong>Ep.</strong></span> <span class='ocrx_word' id='word_1_788' title='bbox 2426 5602 2558 5654; x_wconf 71' lang='lat'><strong>217.</strong></span> 
     </span>
     <span class='ocr_line' id='line_1_116' title="bbox 2196 5669 2598 5741; baseline 0 -17"><span class='ocrx_word' id='word_1_789' title='bbox 2196 5674 2269 5741; x_wconf 85' lang='lat' dir='ltr'><strong>(g)</strong></span> <span class='ocrx_word' id='word_1_790' title='bbox 2300 5670 2470 5740; x_wconf 86' lang='lat' dir='ltr'><strong>Epist.</strong></span> <span class='ocrx_word' id='word_1_791' title='bbox 2509 5669 2598 5725; x_wconf 80' lang='lat'><strong>69.</strong></span> 
     </span>
    </p>
   </div>
  </div>
