3820 6210
1511 231 1678 292 ἮΤΑ
1715 233 1773 290 S.
1815 233 2078 292 BASlLll.

3222 255 3400 296 ιιιιν

138 343 270 408 fore,
297 353 357 398 ut
389 359 582 398 omnes
623 344 767 400 illius
805 345 1012 416 judicio
1049 347 1484 416 paciﬁcationem
1527 349 1715 404 Eccle-
1746 353 1792 412 Α
1821 350 2062 418 rexerit,
2117 349 2410 420 inquirere.
2464 349 2636 403 Eliam
2685 350 2788 404 hoc
2827 365 3022 408 munus
3077 352 3398 406 sustinuisse

139 438 336 492 εἰει-σω
359 439 788 493 committerent.
821 438 876 492 ld
911 442 1128 495 tandem
1157 452 1480 496 consecutus
1507 451 1592 497 est
1618 441 1720 495 Ba-

137 530 300 592 silius,
332 530 474 585 forte
501 531 616 598 ipsa
645 533 1020 598 persecutione
1050 535 1260 588 animos
1290 550 1319 586 a
1352 534 1718 589 contentioni-

133 621 224 672 bus
255 620 326 674 ad
373 623 684 675 communis
717 621 839 676 ﬁdei
880 621 1247 678 defensionem
1289 635 1582 679 revocante
1616 625 1716 696 (α).

135 713 340 768 Scribit
373 729 506 782 ergo
535 713 838 768 Athanasio
882 715 1142 783 quidquid
1188 715 1242 768 in
1287 715 1627 786 Cappadocia
1664 727 1720 772 et

131 805 382 860 ﬁnitimis
425 805 562 860 locis
589 820 785 858 sanum
817 815 922 871 est,
969 821 1098 860 vere
1127 821 1268 859 nunc
1307 809 1372 861 ad
1404 822 1592 862 eorum
1625 810 1716 877 qui

131 898 266 952 idem
301 899 550 952 sentiunt
573 940 588 963 ,
621 899 1058 952 communionem
1088 909 1251 969 atque
1285 901 1547 953 unitatem
1593 915 1720 968 pro-

129 991 368 1059 pendere
399 1009 414 1044 :
451 1005 687 1059 eumque
718 991 920 1044 idcirco
955 1003 1140 1061 rogat,
1200 999 1259 1044 ut
1299 990 1468 1054 nobis,
1519 991 1714 1060 inquit,

129 1083 372 1136 omnibus
397 1085 600 1136 scribas
626 1081 900 1149 epistolam
935 1099 1120 1147 imam,
1149 1099 1268 1153 qua:
1298 1085 1425 1154 quid
1455 1085 1717 1152 agendum

127 1179 186 1230 sit
213 1179 528 1229 admoneat.
571 1175 834 1230 Volebant
857 1177 1000 1230 enim
1026 1175 1286 1244 episcopi,
1327 1190 1463 1243 quos
1487 1175 1719 1230 Basilius

125 1283 244 1323 Cum
279 1268 590 1322 Athanasio
623 1267 952 1336 conjungere
991 1267 1262 1332 studebat,
1311 1267 1718 1323 ntAtbanasius

125 1361 274 1429 prior
316 1359 605 1414 scriberet.
658 1359 770 1414 Sed
801 1361 924 1428 quia
971 1359 1208 1427 suspecti
1258 1358 1560 1412 Athanasio
1598 1373 1718 1412 esse

125 1460 398 1521 poterant,
455 1450 524 1504 ob
581 1465 643 1504 ea
680 1465 800 1519 quze
828 1451 956 1504 olim
989 1459 1277 1520 gesserant
1325 1463 1612 1519 antequam
1651 1451 1718 1506 ab

123 1543 344 1596 Arianis
390 1541 772 1606 discederent;
817 1544 1120 1596 obtestatur
1169 1557 1290 1596 eum
1343 1541 1610 1606 Basilius,
1661 1555 1718 1598 ιιι

123 1635 222 1688 sibi
279 1637 382 1688 has
429 1635 498 1688 ad
547 1635 830 1704 episcopos
877 1635 1088 1689 litteras
1133 1636 1357 1688 mittat:
1407 1652 1510 1690 non
1541 1637 1716 1702 .prius

131 1741 188 1782 se
215 1743 314 1781 eas
347 1728 628 1790 daturum,
669 1742 832 1794 quam
871 1741 1188 1791 responsum
1241 1727 1310 1780 ab
1360 1726 1439 1781 eis
1484 1741 1711 1794 accepe-
1745 1703 1788 1756 Β

124 1820 192 1873 rit
223 1843 236 1874 :
272 1820 362 1872 sin
406 1820 602 1880 minus,
647 1819 846 1888 inquit,
881 1829 1126 1887 peccator
1161 1835 1252 1872 ero
1285 1819 1341 1872 in
1384 1829 1435 1872 te
1481 1821 1720 1873 omnibus

119 1911 306 1964 diebus
343 1912 470 1964 rita:
500 1925 652 1964 metu.

191 2003 332 2055 Erat
373 2017 507 2055 sane
543 2001 826 2070 periniqna
874 2000 1136 2063 conditio,
1183 1999 1250 2054 ab
1281 1999 1581 2054 Athanasio
1621 2017 1721 2069 pn-

117 2095 330 2150 stnlare
379 2103 440 2148 ut
469 2093 562 2162 qui
599 2093 670 2147 ab
707 2095 788 2148 eis
817 2093 974 2147 larsus
1007 2091 1207 2158 fuerat,
1245 2092 1398 2161 prior
1440 2091 1556 2160 ipse
1587 2095 1722 2146 scri-

119 2187 294 2240 beret.
337 2184 460 2238 Non
481 2197 548 2237 ex
571 2183 794 2248 Basilio,
821 2199 926 2237 non
953 2197 1020 2236 ex
1067 2183 1284 2238 bleletio
1335 2191 1510 2236 ortam
1545 2187 1723 2238 credi-

113 2279 294 2332 derim
323 2275 594 2344 ejusmodi
627 2275 1020 2338 conditionem,
1053 2290 1172 2342 qua:
1201 2275 1318 2343 paci
1377 2273 1598 2328 obstare
1630 2292 1722 2344 pi...

121 2379 368 2440 teratiac
395 2384 588 2422 revera
616 2367 830 2422 obstitit
855 2407 870 2430 ,
906 2368 998 2422 sed
1036 2367 1105 2421 ab
1131 2367 1442 2422 hominibus
1471 2385 1575 2422 non
1613 2379 1718 2422 tam

117 2476 314 2529 pacem
346 2461 736 2530 appetentibus
768 2473 930 2527 quam
959 2459 1326 2514 metuentibus
1351 2500 1368 2524 ,
1413 2463 1612 2531 quibus
1645 2474 1723 2516 ta-

115 2569 242 2608 men
279 2554 524 2607 Basilius
564 2562 620 2607 et
649 2553 916 2616 Meletius,
951 2563 1010 2606 ut
1047 2553 1190 2607 inter
1237 2553 1487 2609 homines
1510 2571 1724 2611 earnm-

115 2647 241 2700 dem
273 2647 518 2716 partium
551 2646 730 2700 studio
761 2645 1080 2713 conjunctos
1115 2642 1230 2699 ﬁeri
1277 2645 1453 2710 solet,
1485 2660 1592 2700 non
1639 2662 1722 2700 ce-

119 2739 254 2792 dere
281 2753 394 2792 non
417 2745 736 2808 potuerunt.

187 2850 419 2918 Scripta
457 2849 577 2903 haec
625 2847 849 2917 cpistola
883 2856 1171 2916 antequam
1213 2847 1518 2902 Dorotheus
1549 2847 1720 2902 Borea

115 2941 404 3005 rediisset.
437 2956 506 2994 ac
547 2940 686 2994 forte
736 2942 897 2994 etiam
929 2950 1216 3008 antequam
1247 2939 1446 2995 Valens
1473 2939 1724 2994 Caesarea

1823 442 2179 512 perspicimus
2203 457 2268 496 ex
2302 441 2458 510 epist.
2493 441 2582 508 91,
2619 456 2741 511 quae
2769 443 2971 510 scripta
3007 453 3090 498 est
3121 444 3226 498 hoc
3255 460 3398 500 anno

1821 529 1946 597 572,
1983 539 2110 586 ante
2156 546 2396 585 mensem
2433 529 2673 585 Juniutn.
2731 531 2786 586 In
2839 535 2938 587 hac
2987 534 3210 603 epistola
3236 533 3393 590 Basi-

1819 624 1924 679 lius
1957 623 2127 677 Eliam
2169 624 2457 692 regendam
2487 622 2886 692 Cappadociam
2941 625 3169 681 invitum
3203 646 3394 686 susce-

1820 718 1964 788 pisse
1989 717 2138 780 dicit,
2173 727 2231 770 ιιι
2255 731 2420 786 opera
2459 717 2695 786 collapsa
2730 718 3078 784 instauraret,
3127 721 3242 777 loca
3289 740 3394 778 non

1821 809 2060 865 habitata
2107 807 2297 862 incolis
2343 807 2600 877 repleret,
2646 824 2710 863 ac
2744 825 2852 864 uno
2879 811 3046 866 verbo
3075 812 3393 869 solitudines

1821 899 1874 954 in
1907 900 2069 952 urbes
2101 899 2532 954 trauslormaret.
2564 900 2934 970 Prteterquam
2960 905 3104 974 quod
3133 905 3248 960 haec
3277 908 3388 976 epi-

1821 989 1955 1044 stola
1986 989 2054 1044 94
2093 991 2158 1044 ad
2196 991 2477 1058 praesidem
2521 993 2692 1046 Eliam
2743 991 3056 1050 manil’eSIas
3101 993 3264 1050 habet
3291 998 3392 1051 hu-

1814 1079 1904 1149 jus
1931 1081 2056 1134 anni
2104 1081 2209 1136 572
2249 1092 2422 1146 notas,
2461 1093 2518 1136 ut
2546 1083 2684 1138 infra
2717 1085 3064 1149 videbimus,
3095 1087 3208 1148 ipsa
3249 1098 3398 1142 certe

1820 1171 2176 1242 Cappadociae
2204 1174 2442 1240 pictura,
2480 1190 2644 1244 quam
2685 1175 2736 1228 in
2771 1174 2952 1228 Basilii
2985 1177 3166 1230 verbis
3195 1178 3400 1246 perspi-

1819 1267 2012 1332 cimus,
2029 1267 2252 1320 miriﬁce
2269 1267 2516 1337 congruit
2543 1282 2663 1321 cum
2689 1267 3052 1335 Superioribus
3083 1268 3276 1322 litteris
3299 1268 3398 1340 (b),

1821 1360 1875 1414 in
1933 1360 2127 1429 quibus
2169 1357 2428 1414 Caesarea:
2471 1359 2522 1414 in
2561 1361 2904 1414 solitudinem
2943 1371 3160 1416 mutatae
3203 1377 3401 1418 aerum-

1821 1466 1921 1506 nas
1966 1451 2232 1520 deplorat.
2281 1450 2460 1517 Quare
2519 1451 2726 1522 primus
2779 1454 2990 1506 exstitit
3053 1453 3236 1518 Elias,
3307 1456 3400 1524 qui

1819 1543 2244 1612 provinciam'in
2277 1545 2422 1598 hunc
2455 1553 2656 1598 statum
2687 1547 2960 1599 redactam
2997 1547 3293 1615 acciperet.

1845 1709 1862 1720 _
1891 1657 2067 1712 Minus
2096 1667 2350 1714 accurate
2377 1675 2440 1714 ac
2465 1659 2646 1714 minus
2675 1675 2830 1730 asque
2857 1662 2922 1714 de
2955 1661 3044 1714 illo
3070 1661 3191 1716 viro
3215 1678 3398 1718 sense-

1823 1758 1950 1804 runt
1973 1751 2311 1804 eruditorum
2346 1751 2630 1816 nonnulli,
2665 1753 2717 1806 in
2747 1752 2832 1805 his
2861 1751 3276 1819 Tillemontius,
3311 1755 3403 1823 qui

1822 1856 1945 1896 eum
1977 1857 2120 1896 anno
2151 1842 2252 1897 ’571
2285 1843 2638 1913 Cappadociae
2679 1844 2960 1913 prmluisse
2987 1854 3186 1900 etcum
3222 1847 3404 1902 inimi—

1821 1931 1902 1986 cis
1957 1930 2142 1985 Basilii
2205 1934 2554 2001 coujuuctum
2607 1932 2776 1986 fuisse
2825 1934 3222 1988 existimarunt.
3285 1936 3405 2001 Quo

1823 2037 1965 2075 anno
1997 2022 2200 2076 rexerit
2225 2022 2648 2090 Cappadociam,
2691 2022 2804 2088 jam
2837 2024 3204 2092 probavimus.
3245 2025 3406 2078 Chri-

1823 2115 2057 2166 stianum
2091 2113 2237 2166 illum
2266 2125 2320 2166 et
2352 2116 2588 2167 anticum
2619 2123 2779 2166 vocat
2811 2114 3064 2180 Basilius,
3099 2117 3293 2169 nedum
3327 2117 3405 2170 in-

1824 2214 1905 2258 ter
1936 2205 2184 2260 inimicos
2215 2215 2482 2259 numeret.
2527 2203 2776 2274 Magnum
2820 2205 2870 2258 ei
2911 2205 3127 2273 pietatis
3161 2208 3406 2260 testimo-

1823 2299 1969 2350 nium
2017 2297 2235 2358 tribuit,
2274 2313 2393 2350 cntn
2429 2309 2642 2350 veretur
2684 2311 2753 2351 ne
2797 2297 3244 2355 altercationibus
3283 2303 3406 2368 cpi-

1823 2403 2109 2457 scoporum
2143 2389 2455 2442 vulneretur
2493 2389 2638 2442 illius
2677 2389 2876 2454 anima,
2915 2408 3032 2461 quia
3059 2409 3190 2458 pura
3227 2398 3406 2450 suain

1825 2480 1990 2533 Deum
2037 2482 2228 2548 pietate
2282 2481 2562 2550 perfectam
2619 2481 2850 2550 religiosi
2900 2485 3072 2536 cultus
3114 2487 3404 2539 mercedem

1822 2573 2088 2640 percipere
2121 2574 2290 2626 debet.
2327 2573 2430 2627 Sed
2463 2574 2604 2640 quod
2639 2589 2855 2628 omnem
2887 2577 3190 2646 ambigendi
3223 2578 3398 2634 locum

1822 2665 2126 2734 przecludit,
2159 2665 2301 2718 idem
2332 2673 2418 2717 est
2469 2663 2558 2718 ille
2585 2679 2809 2733 prases,
2843 2681 3003 2733 quem
3044 2667 3272 2722 Basilius
3301 2671 3404 2724 hoc

1823 2771 1967 2808 anno
1997 2754 2104 2808 572
2143 2755 2402 2822 dignitate
2428 2752 2692 2820 dejectutn
2720 2771 2904 2809 mense
2927 2755 3064 2810 Maio
3089 2769 3182 2812 aut
3213 2758 3402 2827 Junio,

1821 2853 1878 2896 et
1915 2845 1966 2897 in
1997 2843 2236 2912 periculo
2264 2859 2366 2896 non
2399 2843 2502 2897 levi
2535 2845 2886 2898 constitutum
2919 2846 3224 2915 Sophrouio
3257 2865 3404 2904 com-

1824 2935 2066 2989 mendat.
2112 2934 2263 3000 Quod
2299 2936 2441 2988 enim
2476 2934 2542 2988 de
2569 2933 2698 2988 Elite
2726 2935 2926 3003 pietate
2959 2948 3013 2990 et
3044 2941 3277 2992 amicitia
3311 2957 3401 2994 se-

115 3033 498 3098 diseessisset,
529 3043 620 3086 aut
667 3031 856 3086 Saltem
911 3044 1035 3100 post
1077 3043 1326 3086 vexatam
1351 3033 1418 3086 ab
1455 3046 1519 3086 eo
1547 3031 1723 3086 Caesa-
1746 3051 1791 3107 c
1824 3042 1946 3080 cum
1977 3027 2342 3080 intercedente
2369 3027 2580 3079 dixerat
2603 3029 2654 3081 in
2685 3029 2910 3098 epistola
2935 3029 3024 3096 94,
3059 3031 3196 3085 idem
3225 3031 3293 3086 de
3317 3033 3409 3088 illo

117 3141 294 3182 ram.
347 3124 405 3178 Id
438 3126 586 3180 enim
627 3125 866 3178 indicare
907 3124 1078 3192 possit
1107 3133 1264 3176 cauta
1311 3132 1366 3178 et
1395 3123 1623 3178 obscura
1657 3125 1720 3178 de

117 3220 514 3288 persecutione
557 3215 812 3286 loquendi
857 3215 1016 3269 ratio.
1064 3216 1355 3284 Comparat
1388 3215 1531 3292 enim
1567 3213 1722 3267 Basi-

115 3309 220 3362 lius
263 3306 535 3364 Ecclesia:
571 3305 712 3359 mala
757 3319 880 3358 cum
927 3305 1214 3374 naufragio
1261 3305 1453 3375 partim
1495 3306 1562 3357 ob
1593 3319 1722 3358 can-

115 3417 233 3456 sam
261 3409 560 3454 externam
589 3411 740 3452 mare
778 3397 1142 3465 exagitanletn
1174 3405 1400 3460 exorto,
1431 3395 1627 3464 partim
1653 3394 1722 3448 ob

115 3493 508 3564 navigantium
555 3491 660 3544 sibi
711 3489 942 3543 invicem
983 3489 1316 3542 obstantium
1355 3487 1724 3556 perturbatio-

115 3602 270 3641 nem.
305 3583 451 3637 Tum
493 3581 638 3635 addit
672 3594 733 3634 se
777 3580 830 3632 in
870 3579 970 3631 hac
1013 3578 1368 3632 similitudine
1401 3591 1714 3633 sermone-tu

115 3677 484 3742 concludere,
537 3687 659 3727 cum
692 3686 794 3726 nec
821 3669 1108 3723 Athanasii
1151 3669 1438 3738 prudentia
1487 3667 1720 3734 amplius

115 3771 428 3840 quidquam
461 3763 738 3833 requirat,
787 3777 889 3814 nec
945 3775 1128 3814 rerum
1173 3770 1346 3814 status
1379 3760 1471 3813 det
1513 3759 1721 3813 dicendi

115 3864 466 3916 libertatem.
497 3857 747 3911 Nondum
767 3861 920 3907 certe
941 3853 1177 3906 redierat
1197 3853 1363 3906 Roma
1383 3849 1717 3914 Dorotheus;

113 3955 216 4008 sed
269 3954 430 4008 brevi
481 3965 608 4004 eum
657 3948 958 4003 rediturum
1016 3945 1276 4014 sperabat
1329 3942 1584 4008 Basilius,
1631 3941 1722 4006 qui

115 4047 498 4103 Athanasium
531 4053 704 4112 rogat,
733 4049 794 4094 ut
821 4039 1036 4094 litteras
1065 4037 1168 4092 sibi
1197 4037 1262 4091 ad
1290 4037 1573 4106 episcopos
1600 4035 1725 4087 mit-

115 4151 200 4195 tat
239 4141 328 4193 vel
367 4153 468 4208 per
517 4136 752 4205 aliquem
798 4149 830 4188 e
876 4133 1020 4186 clero
1061 4130 1460 4195 Alexandrino,
1505 4129 1586 4181 vel
1628 4142 1724 4196 per

111 4236 468 4292 DorOtheum
521 4232 831 4284 diaconum.
901 4226 1053 4280 llanc
1113 4234 1292 4278 tamen
1345 4220 1724 4276 Tillemontins

111 4327 416 4398 epistolam
456 4339 601 4378 anno
633 4323 730 4376 371
775 4321 1034 4389 scriptam
1079 4326 1256 4387 putat,
1293 4325 1582 4383 antequam
1613 4311 1724 4364 Do-

1821 3119 2054 3186 praaside
2104 3118 2365 3186 dignitate
2423 3117 2655 3186 spoliato
2715 3129 2945 3174 testatur
3001 3122 3054 3174 in
3115 3123 3275 3189 epist.
3314 3121 3410 3191 96,

1821 3225 1944 3264 cum
1976 3225 2099 3262 eum
2134 3209 2446 3265 elaborasse
2478 3221 2726 3278 testatur,
2762 3221 2824 3267 ut
2857 3229 2938 3266 res
2973 3212 3406 3269 Christianorum

1821 3305 1891 3354 ad
1931 3301 2199 3370 antiquum
2241 3303 2400 3356 decus
2453 3315 2736 3371 reuocaret,
2789 3306 2844 3359 id
2896 3315 3000 3372 est,
3049 3315 3108 3359 ut
3155 3307 3408 3362 bmrcsitn

1823 3406 2092 3450 everteret
2135 3407 2190 3450 ct
2234 3413 2421 3465 pacem
2455 3398 2598 3451 inter
2635 3399 2940 3452 (latholicos
2975 3398 3266 3452 stabiliret.
3311 3399 3410 3454 llis

1822 3490 1968 3544 enim
2017 3491 2176 3543 rebus
2224 3492 2502 3558 antiquum
2533 3489 2788 3542 Ecclesia:
2839 3490 3004 3541 decus
3044 3489 3222 3542 metiri
3275 3488 3412 3544 solet

1824 3579 2078 3647 Basilius,
2128 3589 2189 3632 ut
2221 3582 2546 3649 perspicitur
2573 3597 2640 3634 ex
2674 3587 2834 3647 epist.
2859 3572 2950 3633 92.
2983 3579 3254 3634 Praeterea
3281 3597 3414 3649 pra:-
3455 3623 3458 3626 .

1823 3681 1918 3722 ses
1951 3667 2040 3720 ille
2064 3706 2078 3729 ,
2113 3666 2198 3719 cui
2248 3667 2500 3735 abrogata
2535 3666 2772 3735 dignitas
2812 3681 2997 3720 mense
3027 3667 3167 3720 Maio
3198 3678 3290 3722 aut
3315 3665 3414 3722 Ju-

1825 3759 1918 3813 nio
1965 3757 2122 3836 hujus
2149 3759 2276 3811 anui
2307 3757 2436 3824 372,
2473 3757 2870 3827 Cappadociam
2904 3758 3228 3814 brevissimo
3271 3762 3413 3816 rexit

1826 3859 2090 3920 tempore,
2129 3864 2228 3904 nec
2255 3864 2372 3903 eam
2417 3850 2553 3903 alius
2579 3859 2704 3903 ante
2733 3849 2882 3902 illum
2919 3862 3172 3912 rexerat,
3205 3867 3270 3906 ex
3298 3868 3412 3920 quo

1827 3952 1906 3998 tot.
1947 3943 2101 3997 tnalis
2133 3951 2188 3997 et
2236 3943 2497 3997 aerumnis
2537 3938 2735 3996 alllicta
2769 3953 2906 3996 erat.
2952 3941 3102 3997 Unde
3131 3944 3408 4004 Basilius:

1826 4025 2014 4090 Patria
2047 4043 2226 4089 nostra
2280 4051 2370 4102 per
2403 4037 2662 4087 somnium
2690 4034 2863 4088 ditata
2894 4047 2966 4089 est
2989 4076 3004 4100 ,
3053 4039 3162 4090 viro
3204 4041 3412 4108 quidem

1825 4129 2124 4192 commissa,
2165 4129 2372 4198 qualem
2405 4144 2508 4180 non
2555 4127 2717 4180 alium
2752 4129 2932 4181 dicunt
2970 4129 3060 4198 qui
3095 4147 3176 4183 res
3212 4142 3412 4186 nostras

1824 4220 2220 4290 antiquissimos
2268 4221 2459 4286 sciunt,
2495 4223 2548 4272 in
2579 4221 2796 4275 rectoris
2831 4224 3004 4276 sedem
3031 4226 3410 4288 conscendisse,

1825 4318 1914 4368 sed
1943 4319 2050 4370 cito
2080 4332 2140 4370 eo
2170 4317 2376 4384 privata
2413 4315 2746 4385 improbitate
2778 4317 3182 4383 nonnullorum,
3223 4320 3313 4388 qui
3345 4337 3412 4374 ex

111 4395 358 4475 rotbeus
392 4435 464 4473 ex
503 4416 681 4486 primo
713 4415 908 4468 itinere
929 4410 1312 4465 Alexandriam
1366 4416 1620 4475 suscepto
1667 4404 1720 4458 in
1755 4395 1798 4449 D
1829 4408 1970 4462 illius
1998 4409 2158 4461 libero
2188 4415 2239 4462 et
2271 4411 2443 4462 nescio
2473 4409 2843 4462 assentatianis
2880 4409 3054 4462 animo
3084 4427 3265 4463 ansam
3291 4412 3408 4464 belli

113 4511 540 4582 Cappadociam
575 4509 853 4562 rediisset.
887 4503 992 4558 Sed
1032 4507 1098 4557 ad
1129 4517 1192 4558 ea
1223 4517 1345 4572 quae
1374 4499 1719 4570 praesentiam

109 4605 380 4659 Valentis
421 4609 518 4656 aut
567 4601 762 4654 saltem
814 4597 1120 4666 graviorem
1167 4594 1598 4664 persecutionem
1641 4592 1724 4644 iu-

109 4700 314 4752 dicare
367 4694 618 4766 possint,
671 4693 800 4747 illud
865 4690 1030 4744 etiam
1085 4687 1332 4750 accedit,
1383 4686 1524 4755 quod
1567 4683 1724 4736 Basi-

109 4792 226 4846 lius
255 4791 316 4844 in
347 4791 454 4844 hac
485 4787 740 4856 epistola,
767 4793 825 4836 ut
845 4783 957 4853 jam
985 4780 1420 4843 observavimus,
1459 4790 1717 4832 consecu-

111 4895 238 4938 tum
277 4898 340 4937 se
365 4895 498 4936 esse
537 4880 754 4934 nuntiet
786 4879 836 4931 id
864 4876 1008 4944 quod
1045 4876 1098 4929 in
1137 4872 1364 4943 epistola
1400 4886 1543 4926 anno
1587 4884 1719 4938 prte-

111 4979 296 5032 terito
326 4975 536 5043 scripta
575 4971 816 5025 futurum
858 4969 1150 5039 sperabat,
1179 4975 1238 5019 ut
1263 4977 1452 5018 omnes
1477 4963 1720 5016 Athana-

111 5071 182 5126 sii
209 5068 431 5136 judicio
481 5063 834 5135 paciﬁcandae
862 5060 1119 5116 Ecclesiae
1157 5059 1374 5112 modum
1416 5054 1724 5110 committe-

111 5173 274 5219 rent.
331 5159 608 5214 Printerea
645 5155 770 5210 huic
791 5154 974 5208 Bas-illi
1011 5150 1252 5222 epistola:
1287 5161 1604 5218 responsum
1637 5143 1724 5198 af-

111 5257 269 5312 feret.
311 5253 488 5306 Roma
519 5249 759 5320 _rediens
803 5245 1143 5312 Dorotheus,
1199 5253 1257 5298 ut
1307 5240 1468 5294 modo
1513 5237 1724 5294 videbi-

111 5365 296 5496 milll.
327 5437 558 5494 Plurimi
591 5436 843 5498 interest,
876 5432 996 5502 quis
1020 5429 1418 5502 Cappadociam
1453 5428 1554 5484 hoc
1579 5439 1724 5481 anno

191 5671 286 5744 (α)
330 5669 424 5740 Ep.
461 5668 531 5721 εἰ

381 5762 656 5822 Parant”
706 5759 824 5821 Gtt.
871 5753 1116 5818 XXIX.

1828 4498 1876 4550 ei
1908 4497 2168 4566 inferendi
2192 4499 2528 4565 arripuerunt
2561 4508 2606 4550 et
2629 4498 2922 4552 calumnias
2949 4501 2996 4552 ei
3019 4500 3406 4556 instruxerunt.

1829 4589 1896 4642 Et
1921 4599 2102 4657 postea
2131 4607 2144 4643 :
2181 4588 2312 4652 Qua:
2335 4604 2398 4642 ne
2418 4588 2596 4642 multis
2619 4589 2826 4659 quidem
2851 4591 3006 4645 annis
3029 4592 3094 4647 ab
3117 4594 3223 4644 alio
3250 4593 3406 4661 ﬁant,

1830 4681 1942 4735 lucc
1971 4679 2107 4734 brevi
2137 4689 2363 4748 tentpore
2390 4679 2454 4731 ab
2486 4696 2542 4733 eo
2575 4681 2826 4750 perfecta.
2883 4681 2929 4735 Is
2956 4698 3084 4751 ergo
3119 4683 3255 4738 alius
3287 4701 3408 4740 esse

1831 4790 1936 4828 non
1971 4781 2168 4844 potest,
2205 4788 2366 4840 quam
2401 4772 2566 4836 Elias,
2596 4773 2686 4842 qui
2719 4773 3110 4844 Cappadociam
3138 4777 3408 4832 molestis-

1831 4867 1968 4920 simo
1995 4865 2277 4919 divisionis
2310 4875 2550 4932 tempore
2587 4867 2876 4935 regendam
2919 4853 3208 4936 suscepit;
3249 4871 3408 4938 idque

1833 4959 2178 5018 conﬁrmant.
2217 4973 2335 5026 qnte
2371 4957 2438 5011 de
2470 4957 2678 5012 duobus
2718 4958 2838 5012 aliis
2889 4959 3211 5028 praesidibus
3257 4962 3408 5018 dice-

1831 5065 1974 5114 mus,
2007 5047 2244 5102 Maximo
2283 5057 2336 5102 et
2361 5047 2666 5118 Antipatro,
2701 5064 2931 5118 quorum
2965 5052 3102 5106 alter
3137 5055 3239 5108 hoc
3265 5069 3410 5108 anno

1831 5145 1976 5200 circa
2001 5142 2219 5198 Juniutn
2251 5157 2508 5205 mensem,
2543 5143 2682 5196 alter
2731 5159 2872 5198 anno
2910 5145 3016 5200 575
3052 5148 3197 5200 circa
3220 5149 3408 5216 Angu-

1833 5246 1974 5290 stum
2004 5249 2242 5289 mensem
2276 5233 2636 5303 gubernacula
2675 5235 3030 5305 Cappadociae
3068 5241 3234 5308 cepit.
3277 5240 3410 5294 Plu-

1831 5328 1982 5382 ribus
2009 5327 2130 5379 aliis
2178 5324 2428 5380 laudibus
2467 5326 2640 5380 virum
2681 5338 2907 5381 exornat
2949 5328 3208 5392 Basilius;
3261 5330 3412 5386 solus

1833 5434 1950 5474 esse
1973 5419 2274 5484 videbatur,
2303 5419 2392 5487 qui
2419 5419 2712 5489 provinciae
2735 5421 2955 5476 vulnera
2982 5437 3176 5478 sanare
3199 5431 3408 5492 posset,

1909 5651 1985 5722 te)
2021 5648 2117 5719 Ep.
2146 5647 2234 5714 7t,
2277 5647 2362 5700 75.
