3820 6210
442 286 641 335 uxxvt

1813 284 2322 343 PBOLEGOMENA
2333 332 2344 343 .

444 401 691 454 sincerus
721 411 857 465 aequ.
894 405 1095 460 custos,
1120 395 1356 452 aﬂ‘abilis
1386 400 1637 468 injuriam
1669 403 2015 469 patientibus,
2048 410 2094 467 Α
2125 407 2281 461 facile
2308 424 2575 464 summum
2618 410 2766 464 illum
2799 408 2997 476 virum,
3034 410 3226 477 Eliam,
3275 428 3538 484 agnosces,
3573 419 3649 486 qui

445 489 706 546 terribilis
753 488 1211 557 delinquentibus,
1243 492 1523 559 aequabilis
1564 502 1619 549 et
1652 495 1792 549 idem
1827 512 2022 567 paupe-

448 583 597 637 ribus
639 590 693 636 et
740 581 1015 635 divitibus.
1070 580 1223 647 Quod
1266 594 1447 638 autem
1501 600 1530 639 a
1567 588 1881 643 muneribus
1906 604 2023 643 om-

447 675 594 728 nium
625 673 858 727 maxime
901 672 1253 737 abhorrebat,
1303 675 1355 728 id
1405 686 1465 730 ut
1512 676 1684 733 levius
1716 681 1925 735 creteris
1956 682 2020 735 il-

447 764 550 819 lius
599 763 884 817 virtutibus
943 765 1470 829 praetermittendum
1526 769 1827 825 videbatur.
1889 774 2019 826 (lum

445 857 698 912 eximiam
733 855 861 909 Elia!
887 855 1115 926 elligiem
1168 858 1249 912 his
1295 858 1566 915 color-ibus
1616 864 1882 931 depictam
1930 866 2022 918 ha-

444 952 687 1015 beamus,
726 948 939 1003 facilius
968 949 1222 1004 nonnulla
1250 952 1315 1006 ad
1346 968 1467 1007 eum
1497 956 1823 1024 pertinentia
1866 958 2019 1012 dein-

443 1053 571 1107 ceps
597 1039 995 1108 dignoscemus.

514 1130 603 1185 ιν.
636 1132 738 1185 Tot
765 1145 828 1185 ac
856 1140 1004 1185 tanta
1041 1132 1297 1187 virtutum
1326 1144 1648 1190 ornamenta
1687 1136 1896 1191 animos
1927 1138 2022 1191 ad-

446 1224 697 1278 diderunt
724 1223 943 1290 Basilio,
976 1234 1056 1291 ut,
1091 1240 1211 1279 cum
1242 1225 1308 1279 ab
1351 1227 1467 1295 ipso
1498 1230 1726 1297 praeside
1750 1269 1765 1294 ,
1800 1240 1908 1283 tum
1952 1232 2019 1285 ab

444 1316 533 1380 iis,
584 1315 673 1383 qui
707 1316 808 1370 sub
856 1316 973 1383 ipso
1009 1317 1244 1385 aliquam
1279 1318 1768 1375 administrationis
1813 1332 2017 1391 partem

443 1406 739 1475 gerebant,
791 1406 957 1459 multa
1003 1418 1245 1476 peteret,
1282 1423 1345 1463 ac
1392 1409 1560 1465 libere
1593 1414 1937 1479 admoneret,
1974 1416 2017 1469 si

443 1500 573 1570 quid
613 1500 724 1554 ﬁeri
757 1498 977 1555 videret
1017 1515 1123 1554 non
1156 1502 1371 1557 decore.
1418 1502 1556 1558 Ilinc
1585 1507 1907 1560 censitnrem
1942 1506 2018 1579 (a)

444 1592 729 1655 hortatur,
785 1605 943 1660 quem
988 1591 1141 1646 ‘fama
1190 1594 1359 1663 magis
1412 1611 1572 1665 quam
1630 1600 2020 1654 consuetudine

442 1693 689 1749 noverat,
717 1694 794 1749 ut,
814 1685 1227 1751 cum-ejusmodi
1258 1702 1453 1742 munus
1482 1690 1799 1758 susceperit,
1833 1692 1883 1744 in
1914 1706 2019 1760 quo

436 1776 846 1847 Cappadociam
876 1777 1097 1830 omnino
1129 1776 1243 1831 solo
1274 1790 1542 1847 aequatam
1572 1781 1877 1836 instaurare
1904 1797 2020 1851 pos-
2051 1755 2092 1808 Β

442 1874 533 1938 sit,
588 1872 907 1926 miserorum
955 1886 1226 1927 aerumnas
1267 1874 1495 1939 allevet;
1549 1878 1705 1946 eique
1737 1894 2017 1933 commen-

441 1965 535 2017 dat
566 1978 717 2017 suam
750 1962 1037 2032 quamdam
1064 1964 1477 2031 possessionem
1497 2007 1512 2030 ,
1540 1983 1659 2035 quae
1698 1971 1838 2023 circa
1874 1970 2017 2025 Gha-

444 2070 727 2109 manenem
754 2054 860 2108 sita
892 2054 1111 2109 tributis
1139 2057 1491 2124 premebatur
1528 2076 1540 2111 :
1582 2075 1733 2113 suam
1765 2074 2018 2129 peracute

443 2161 663 2212 vocans,
698 2160 814 2214 quas
840 2154 957 2200 erat
989 2147 1146 2200 unius
1174 2161 1236 2201 ex
1267 2149 1479 2202 amicis.
1517 2150 1729 2220 Scripta
1761 2152 1875 2208 Itch
1900 2156 2014 2223 epi-

442 2238 577 2292 stola
607 2252 711 2291 non
752 2237 924 2291 multo
954 2246 1075 2306 post
1099 2236 1419 2293 divisionem
1436 2239 1820 2309 Cappadocia},
1855 2260 2014 2314 quam

439 2326 703 2391 Basilius,
752 2336 811 2379 ut
859 2326 1065 2380 recenti
1109 2328 1288 2381 adhuc
1326 2330 1549 2385 vulnere
1579 2373 1592 2398 ,
1647 2334 1855 2387 omnino
1904 2336 2015 2389 solo

440 2430 701 2490 arquatum
732 2419 1027 2474 existimat.

512 2510 783 2581 Scriptam
809 2512 1078 2565 credimus
1100 2512 1165 2565 ad
1187 2512 1353 2566 Eliam
1377 2514 1657 2583 epistolam
1682 2528 2013 2586 sequentem.

439 2604 491 2660 Is
515 2605 847 2675 provinciam
887 2604 958 2656 ita
1002 2602 1250 2658 afﬂictam
1287 2616 1341 2660 et
1391 2607 1745 2662 deformatam
1789 2626 2014 2680 accepe-

439 2705 554 2761 rat,
585 2705 661 2762 ut,
697 2696 943 2765 quamvis
982 2712 1173 2753 omnes
1218 2713 1345 2753 suas
1389 2701 1743 2771 cogitationes
1783 2706 1849 2759 ad
1895 2721 2013 2759 eam

438 2788 821 2842 sublevandam
860 2789 1128 2853 incitaret,
1162 2791 1417 2845 nonnulla
1463 2801 1641 2848 tamen
1684 2794 1889 2851 faceret
1936 2799 2017 2851 in-

438 2881 603 2945 vitus,
646 2891 739 2934 aut
784 2881 897 2936 ﬁeri
944 2883 1179 2947 sineret,
1222 2885 1389 2954 ipsius
1447 2886 1769 2944 humanitati
1822 2905 2012 2958 parum

437 2972 816 3041 congruentia.
848 2973 1044 3028 Senem
1076 2975 1362 3042 quemdam
1393 2991 1514 3030 cum
1544 2978 1779 3045 diploma
1808 2983 2011 3051 reg-ium

2125 514 2283 569 supra
2320 500 2503 554 Basilii
2539 502 2787 569 penicillo
2825 503 3069 573 depictus
3096 514 3201 558 est.

2197 591 2367 645 Tanta
2415 602 2531 646 erat
2570 594 2655 647 his
2705 596 3044 662 temporibus
3091 596 3369 651 calamitas
3410 598 3648 667 Cappado-

2124 690 2241 752 ciae,
2280 695 2337 739 ut
2367 702 2469 740 una
2506 702 2604 740 vox
2639 688 2840 757 ubique
2874 689 3190 749 audiretur,
3237 698 3535 741 exacturum
3560 730 3573 752 ,
3608 698 3651 745 et

2124 778 2309 831 eorum
2345 794 2373 831 a
2404 779 2598 847 quibus
2625 779 2944 849 exigebatur
2971 821 2987 845 ,
3033 781 3233 848 quique
3267 778 3486 849 ﬂagellis
3513 781 3653 835 caede-

2126 869 2345 935 bantur,
2383 879 2441 923 ut
2477 878 2712 924 testatur
2746 870 2977 924 Basilius
3009 870 3063 924 in
3093 870 3253 938 epist.
3284 869 3374 931 74,
3411 886 3461 922 n.
3487 868 3535 922 '5.
3577 868 3652 923 Vi-

2124 965 2281 1018 detur
2330 962 2616 1019 molestum
2667 963 2799 1017 illud
2838 973 3054 1032 tempus
3103 976 3327 1032 pravam
3382 962 3511 1013 hanc
3554 976 3655 1015 con-

2123 1054 2461 1109 suetudinem
2506 1053 2783 1108 induxisse
2817 1053 2899 1108 vel
2936 1053 3125 1107 saltem
3159 1050 3397 1112 auxisse,
3423 1058 3480 1102 ut
3505 1049 3656 1104 rustiti

2122 1148 2190 1203 ob
2224 1147 2505 1217 vectigalia
2542 1147 2601 1201 in‘
2632 1146 3013 1217 jusjurandum
3039 1144 3403 1213 adigerentur.
3454 1140 3557 1195 Non
3584 1143 3657 1195 de-

2122 1240 2333 1295 sinebat
2358 1240 2589 1295 Basilius
2641 1240 2692 1293 in
2744 1240 2897 1293 omni
2944 1247 3213 1292 conventu
3264 1243 3319 1288 et
3368 1235 3419 1287 in
3467 1231 3659 1302 privatis

2122 1333 2404 1402 colloquiis
2428 1334 2529 1388 hoc
2566 1333 2754 1386 vitium
2790 1331 3045 1385 insectari
3078 1347 3092 1395 ;
3135 1330 3228 1383 sed
3280 1328 3491 1381 tandem
3529 1340 3582 1379 ea
3606 1327 3659 1379 de

2124 1439 2182 1477 re
2214 1424 2562 1479 scribendum
2602 1439 2721 1479 esse
2774 1424 2923 1477 duxit
2964 1423 3029 1475 ad
3078 1421 3402 1477 censitorem
3432 1418 3513 1489 (ad
3545 1418 3656 1470 hunc

2120 1516 2265 1572 enim
2311 1519 2510 1586 scripta
2551 1517 2766 1569 videtur
2808 1516 2923 1570 hrec
2975 1514 3201 1583 epistola
3238 1514 3305 1568 85
3349 1510 3657 1580 inscriptione

2121 1610 2392 1679 carens),
2443 1610 2528 1664 cui
2586 1611 2959 1677 demonstrat_
3004 1610 3104 1662 hoc
3167 1604 3532 1673 jusjurandum
3581 1616 3659 1655 nec

2122 1702 2472 1771 vectigalibus
2496 1703 2754 1771 prodesse
2783 1710 2837 1756 et
2863 1701 3231 1756 certissimam
3263 1697 3547 1761 perniciem
3568 1695 3657 1747 ani-

2122 1794 2311 1847 mabus
2348 1794 2567 1847 inferre.

2188 1884 2316 1937 Erat
2346 1883 2648 1938 Dorotheus
2680 1884 2984 1952 presbyter,
3019 1887 3077 1933 ut
3104 1894 3267 1948 supra
3306 1877 3547 1938 vidimus,
3578 1874 3659 1927 Ba-

2120 1976 2222 2029 silii
2273 1976 2636 2031 collactancus
2675 1996 2688 2030 :
2722 1974 2807 2029 cui
2859 1989 2979 2027 cum
3037 1972 3390 2033 frumentum,
3436 1968 3564 2037 quod
3607 1966 3658 2017 arl

2121 2067 2484 2120 necessarimn
2516 2065 2637 2119 vitae
2676 2081 2829 2118 usum
2865 2063 3119 2125 habebat,
3160 2060 3379 2129 quidam
3410 2058 3459 2111 in
3488 2055 3658 2109 Berisis

2120 2156 2486 2224 diripuissent,
2536 2166 2689 2226 rogat
2716 2155 2943 2210 Basilius
2970 2152 3044 2223 (ὁ)
3077 2150 3423 2222 praepositum
3455 2148 3584 2216 pagi,
3610 2156 3654 2198 ut

2121 2247 2247 2300 illud
2296 2248 2581 2302 restituere
2607 2257 2906 2315 cogantur,
2938 2260 3039 2299 nec
3074 2244 3154 2298 eis
3206 2242 3369 2296 liceat
3392 2240 3585 2307 culpam
3614 2239 3655 2293 in

2119 2337 2253 2391 alios
2282 2337 2527 2404 rejicere.

2188 2428 2467 2482 Manifesta
2502 2436 2585 2482 est
2624 2428 2866 2497 epistola:
2916 2423 3263 2495 octogesimae
3310 2429 3473 2477 sextae
3501 2433 3656 2473 neces-

2118 2519 2295 2572 situdo
2340 2535 2459 2573 cum
2492 2520 2818 2590 octogesima
2864 2518 3092 2585 septima
3121 2558 3135 2581 ,
3176 2531 3302 2586 qua:
3347 2525 3401 2569 et
3440 2514 3491 2566 in
3527 2512 3655 2565 codi-

2118 2613 2269 2667 cibus
2317 2613 2600 2667 llarlmauo
2650 2622 2705 2667 et
2750 2613 3011 2667 Vaticano
3059 2618 3116 2664 et
3165 2610 3410 2679 pluribus
3457 2606 3569 2660 aliis
3600 2605 3657 2658 al-

2120 2711 2289 2756 teram
2337 2704 2585 2772 sequitnr
2625 2718 2748 2759 cum
2810 2703 2914 2757 hac
2955 2703 3359 2770 inscriptione,
3403 2700 3536 2769 ὑπὲρ
3575 2696 3659 2748 τῶν

2118 2796 2295 2848 αὐτῶν
2324 2838 2338 2859 ,
2379 2799 2442 2849 de
2474 2797 2659 2850 iisdem
2698 2797 2895 2860 rebus;
2947 2805 3003 2850 et
3046 2810 3230 2849 revera
3278 2795 3343 2848 de
3372 2792 3549 2847 eodem
3576 2789 3659 2857 agit

2119 2889 2466 2955 presbytero,
2494 2887 2585 2955 qui
2618 2885 2762 2954 quod
2810 2886 3028 2939 unicum
3068 2885 3306 2939 habebat
3342 2885 3461 2937 vita:
3492 2889 3661 2935 susten-

2119 2978 2293 3031 tanda:
2331 2976 2658 3044 praesidium,
2693 2990 2757 3030 eo
2792 2975 3055 3045 spoliatus
3094 2985 3195 3029 est.
3229 2973 3415 3041 Quare
3444 2987 3557 3026 cum
3581 2968 3660 3022 Ba.

436 3064 667 3133 publicis
691 3065 1002 3118 muneribus
1024 3074 1321 3131 exemerat,
1368 3077 1476 3121 tum
1520 3069 1633 3138 ipsa
1673 3080 1798 3126 ante
1830 3082 2011 3143 regem
2042 3085 2085 3147 ρ
2118 3068 2271 3122 silius
2301 3069 2445 3122 dicat
2476 3068 2526 3121 in
2564 3068 2785 3136 epistola
2830 3070 3161 3140 octogesima
3202 3070 3433 3137 septima
3465 3081 3518 3121 se
3550 3066 3660 3119 scri-

437 3165 689 3211 senectus
737 3157 1129 3210 immunitatem
1170 3158 1413 3212 dederat.
1447 3160 1772 3216 Beneficium
1809 3166 2012 3234 regium

434 3249 1102 3318 conlirmaveratpraascs,
1148 3250 1243 3304 scd
1292 3266 1413 3305 eum
1455 3268 1643 3307 rursus
1686 3255 1789 3307 alia
1825 3258 1910 3309 via
1963 3258 2012 3311 in

435 3340 652 3408 negotia
685 3347 1052 3408 protraxerat,
1080 3339 1236 3395 .illius
1272 3352 1486 3409 nepote,
1522 3344 1613 3410 qui
1648 3346 1881 3398 nondum
1914 3362 2013 3399 an-

434 3444 532 3484 nos
565 3440 987 3498 quatuor‘natus
1021 3441 1173 3495 erat,
1227 3432 1393 3485 curia:
1436 3432 1670 3487 addicto.
1723 3433 1856 3488 Nam
1892 3452 2011 3490 cum

434 3519 697 3589 puerulus
741 3520 1134 3574 inter'curiales
1168 3522 1434 3576 recenseri
1484 3537 1590 3577 non
1644 3534 1860 3593 posset,
1915 3542 2015 3580 nec

434 3613 634 3665 tributa
670 3613 925 3681 colligere
952 3655 965 3677 ,
1014 3623 1106 3666 aut
1143 3614 1404 3669 militibus
1450 3630 1720 3668 annonam
1755 3618 2009 3685 suppedi-

433 3716 590 3773 tare;
620 3719 844 3759 necesse
889 3714 1005 3757 erat
1057 3706 1239 3759 miseri
1282 3706 1432 3760 senis
1480 3707 1736 3761 canitiem
1778 3709 2011 3763 dedeco-

434 3797 577 3861 rari,
619 3806 675 3849 et
703 3796 843 3864 quod
883 3796 1120 3851 solamen
1163 3797 1418 3853 orbitatis
1463 3810 1583 3851 esse
1633 3798 1916 3864 debuerat,
1962 3800 2012 3853 id

432 3887 480 3940 ei
511 3887 562 3940 in
587 3888 930 3942 occasionem
958 3888 1435 3942 innumerabilium
1459 3888 1722 3943 malorum
1747 3891 2011 3944 converti.

432 3980 621 4050 Itaque
649 3979 901 4045 Basilius,
951 3984 1042 4050 qui
1088 3996 1375 4035 commune
1426 3982 1728 4051 perfugium
1763 3992 1882 4037 erat
1914 3984 2013 4037 mi-

432 4090 701 4138 serorum,
754 4083 810 4127 et
843 4073 1066 4142 parvulo
1099 4081 1157 4127 et.
1188 4073 1301 4127 seni
1351 4073 1786 4128 misericordiam
1818 4076 2009 4145 praesi-

430 4166 514 4219 dis
543 4165 819 4234 implorat.

508 4256 634 4309 Iliaco
664 4263 843 4309 autem
872 4252 1181 4324 contigisse,
1215 4252 1719 4309 cum'Caesariensis
1752 4256 1885 4309 ordo
1914 4254 2008 4309 ab-

433 4348 557 4402 latis
600 4347 872 4418 plerisque
921 4348 1329 4417 magistratibus
1360 4362 1498 4416 pene
1532 4348 1883 4409 concidisset.
1924 4348 2006 4402 vel

2119 3160 2287 3226 psisse
2318 3159 2383 3210 ad
2421 3160 2764 3227 praepositum
2819 3162 3045 3229 patriae,
3100 3161 3225 3214 inde
3269 3161 3561 3231 colligimus
3607 3155 3659 3208 ad

2118 3249 2259 3303 hunc
2291 3251 2632 3318 prazpositum
2668 3250 2928 3320 scriptam
2967 3267 3089 3315 esse
3118 3253 3408 3322 epistolam
3433 3247 3661 3318 octogesi-

2118 3358 2259 3395 mam
2289 3353 2519 3407 sextam,
2544 3351 2599 3396 et
2630 3343 2957 3397 Dorothcum
2991 3343 3095 3398 loci
3129 3344 3301 3409 illius,
3357 3359 3510 3413 quem
3542 3338 3662 3394 Basi-

2116 3431 2219 3486 lius
2255 3433 2488 3501 patriam
2524 3430 2778 3500 appellat,
2815 3433 3189 3503 presbyterum
3227 3432 3420 3486 fuisse.

2194 3522 2488 3590 Utramque
2514 3528 2691 3574 autem
2728 3521 3012 3589 epistolam
3047 3524 3114 3577 ad
3146 3524 3291 3576 hunc
3318 3535 3515 3575 annum
3549 3517 3661 3571 rele-

2120 3618 2307 3681 rimus,
2343 3614 2465 3683 quia
2494 3613 2821 3682 octogesima
2854 3614 3084 3683 septinra
3120 3615 3184 3667 ad
3216 3615 3497 3683 prazsidem
3524 3611 3661 3663 Ellam

2116 3709 2325 3761 videtur
2356 3707 2573 3774 scripta.
2624 3706 2839 3760 Laudat
2871 3706 3107 3761 Basilius
3150 3708 3202 3761 in
3246 3706 3365 3761 Elia
3390 3749 3405 3774 ,
3440 3717 3493 3760 ut
3531 3716 3663 3771 supra

2119 3799 2368 3863 vidimus,
2409 3815 2676 3853 summam
2714 3799 2768 3852 in
2809 3799 2934 3869 jure
2961 3800 3323 3855 describenda
3356 3796 3661 3868 aequabilita-

2118 3900 2668 3960 temhmagnumque
2709 3891 2833 3945 fidei
2866 3890 3151 3945 catholica:
3206 3901 3262 3945 et
3314 3892 3463 3961 pacis
3517 3886 3664 3943 eccle-

2114 3982 2346 4039 siasticae
2378 3985 2638 4037 studium.
2694 3983 2874 4049 Quare
2904 3996 3026 4036 cum
3057 3998 3205 4049 eum,
3250 3984 3319 4036 ad
3369 3998 3522 4052 quem
3552 3980 3663 4033 scri-

2114 4074 2193 4127 bit
2246 4072 2526 4142 epistolam
2552 4072 2643 4133 87.
2676 4088 2779 4126 non
2825 4073 2983 4126 modo
3024 4088 3128 4127 non
3162 4073 3475 4141 permittere
3502 4070 3664 4124 debere

2114 4167 2270 4231 dicit,
2314 4166 2404 4219 sed
2458 4166 2621 4219 etiam
2665 4166 2791 4218 totis
2842 4165 3051 4218 viribus
3085 4164 3355 4233 impedire
3408 4161 3662 4232 quominus

2112 4256 2227 4310 hinc
2256 4255 2683 4318 committantur,
2708 4254 2941 4308 maxime
2967 4254 3186 4323 quidem
3227 4254 3278 4307 in
3308 4268 3495 4309 omnes
3521 4249 3663 4305 homi-

2114 4364 2240 4414 nes;
2272 4349 2354 4402 sin
2393 4348 2570 4401 minus
2600 4347 2789 4401 saltem
2818 4356 3009 4400 contra
3037 4350 3412 4417 presbyteros,
3446 4361 3527 4398 eos
3550 4355 3656 4411 prir-

432 4441 604 4507 ipsum
647 4441 850 4495 clamat
884 4441 1132 4510 praesidis
1170 4438 1396 4505 factum,
1430 4456 1589 4509 quem
1635 4440 1831 4494 talibus
1868 4456 2010 4511 prte—
2045 4432 2085 4485 Ῑ)
2116 4444 2293 4495 sertim
2317 4480 2330 4504 ,
2366 4440 2564 4508 inquit,
2596 4440 2685 4507 qui
2725 4438 2869 4492 nobis
2900 4440 3175 4492 unanimes
3221 4450 3344 4493 sunt
3384 4448 3432 4493 et
3463 4434 3660 4491 canitiem

431 4535 601 4587 ditum
632 4533 872 4587 moribus
897 4572 912 4597 ,
948 4533 1135 4600 quales
1164 4533 1424 4601 praedicat
1458 4531 1724 4593 Basilius,
1762 4533 1873 4586 sola
1913 4548 2004 4586 ne-

429 4623 657 4677 cessitas
690 4637 885 4691 cogere
912 4624 1109 4691 potuit,
1143 4634 1200 4675 ut
1226 4639 1346 4677 cum
1383 4640 1513 4678 sene
1556 4635 1613 4679 et
1645 4626 1788 4679 illius
1818 4636 2011 4695 nepote

432 4715 621 4769 durius
666 4725 868 4785 ageret.
929 4715 1133 4769 Deinde
1166 4733 1294 4770 vero
1338 4732 1577 4785 praeses,
1623 4719 1708 4771 cui
1762 4733 1924 4773 scnex
1957 4728 2013 4773 et

431 4823 565 4878 puer
597 4808 1047 4862 commendantur
1077 4848 1093 4872 ,
1138 4810 1346 4863 amicus
1397 4818 1516 4861 erat
1556 4810 1784 4874 Basilii,
1836 4819 1895 4863 ut
1945 4825 2010 4864 ex

432 4901 585 4955 initio
619 4909 674 4955 et
720 4900 823 4954 line
862 4900 1103 4969 epistolae
1146 4911 1326 4968 patet,
1360 4916 1424 4954 ac
1461 4916 1671 4955 summa
1703 4901 1754 4954 in
1777 4901 1900 4968 jure
1929 4905 2015 4954 de—

430 4992 717 5048 scribenda
749 5001 803 5045 et
838 4992 1177 5046 calamitosis
1218 4991 1472 5059 juvandis
1528 4992 1858 5047 constantia.
1913 4991 2011 5044 Mi-

431 5084 581 5139 riﬁce
605 5084 721 5139 haec
753 5084 1025 5153 quadrant
1077 5099 1199 5138 cum
1245 5084 1415 5138 libero
1442 5083 1575 5137 Eliac
1606 5094 1661 5137 et
1710 5084 1894 5138 nescio
1924 5098 2009 5137 as-

428 5178 751 5233 sentationis
782 5179 980 5232 animo.
1013 5177 1220 5245 Quibus
1264 5180 1514 5232 laudibus
1545 5180 1589 5231 si
1626 5178 1794 5232 addas
1822 5178 2004 5231 Basilii

428 5283 636 5334 votum,
663 5273 805 5341 quod
846 5274 1057 5340 prresidi
1087 5273 1153 5325 ab
1183 5272 1437 5325 omnibus
1476 5272 1620 5325 illius
1661 5271 2008 5323 administra-

431 5364 630 5416 tionem
665 5364 901 5433 expertis
945 5363 1128 5418 deberi
1165 5364 1315 5427 dicit,
1358 5374 1411 5416 ιιι
1452 5366 1590 5417 omni
1621 5363 1887 5417 hominum
1921 5379 2011 5429 ge-

429 5453 541 5506 neri
568 5454 914 5518 custodiatur,
950 5454 1289 5522 prwfecturas
1328 5470 1391 5506 ea:
1420 5455 1757 5523 prmfecluris
1795 5469 1999 5521 gerens,

429 5554 476 5597 et
502 5544 634 5597 alios
687 5558 838 5617 atque
871 5546 1003 5600 alios
1051 5562 1145 5601 sua
1190 5547 1651 5601 administratione
1699 5545 2002 5615 adjuvaus;
2056 5598 2059 5601 .

494 5720 567 5793 (ιι)
601 5720 694 5791 Ep.
724 5723 809 5780 85.

2112 4532 2324 4601 pietatis
2361 4534 2494 4585 viam
2530 4532 2751 4595 ineunt;
2792 4530 2928 4596 lucc,
2975 4531 3220 4599 inquam,
3252 4546 3375 4585 cum
3409 4529 3549 4593 dicit,
3576 4538 3660 4578 non

2113 4625 2277 4677 alium
2326 4625 2541 4677 videtur
2590 4623 2791 4691 alloqui
2854 4638 3015 4691 quam
3061 4624 3256 4678 Eliam.
3321 4624 3505 4693 Neque
3544 4619 3660 4673 enim

2116 4718 2278 4769 alium
2312 4717 2574 4770 habemus
2610 4716 2965 4784 Cappadociae
3001 4717 3315 4785 praesidem,
3357 4715 3495 4785 apud
3524 4723 3658 4783 quem

2118 4810 2233 4863 ha'c
2265 4807 2691 4877 reprehendendi
2723 4816 2777 4861 et
2824 4810 3240 4863 commendandi
3278 4811 3420 4862 ratio
3448 4801 3659 4860 adhiberi

2116 4900 2377 4969 potuerit.
2414 4898 2755 4967 Perspicitur
2790 4899 2955 4952 etiam
3013 4914 3081 4953 ex
3128 4901 3325 4954 iisdem
3371 4899 3541 4953 verbis
3576 4892 3661 4949 alia

2113 4991 2231 5043 laus
2258 4990 2410 5053 Elite,
2445 5004 2654 5044 summa
2689 5006 2811 5044 cum
2844 4989 3045 5045 Basilio
3075 4993 3336 5045 amicitia.

2187 5081 2242 5135 lu
2294 5082 2540 5150 sequenti
2595 5082 2823 5150 epistola
2866 5080 2933 5136 88
2983 5082 3141 5138 facile
3188 5084 3496 5153 agnoscitur
3545 5080 3657 5133 idem

2117 5173 2293 5237 Elias,
2327 5174 2419 5243 qui
2482 5189 2578 5241 pro
2625 5189 2835 5227 summa
2884 5189 2983 5227 sua
3050 5174 3385 5230 humanitate
3437 5178 3659 5228 hactenus

2119 5265 2496 5334 Cappadocum
2527 5267 2783 5320 misertus
2809 5277 2949 5333 erat,
2981 5278 3036 5321 et
3064 5282 3185 5320 cum
3221 5268 3325 5321 illis
3361 5266 3659 5336 indulgenter

2117 5369 2337 5429 egerat,
2372 5376 2627 5427 nusquam
2679 5378 2711 5413 (ι
2756 5360 2861 5413 leni
2904 5362 2995 5412 illo
3037 5379 3243 5415 morum
3297 5378 3508 5414 suorum
3546 5366 3660 5411 stall!

2116 5454 2383 5504 discedens
2433 5454 2495 5504 ob
2540 5460 2730 5503 metum
2779 5468 2995 5518 eorum,
3051 5470 3171 5517 qua:
3226 5472 3256 5505 a
3303 5449 3659 5506 sublimioribus

2112 5544 2452 5613 potestatibus
2482 5544 2837 5601 imminebant.
2874 5544 3111 5617 Tempus
3144 5547 3307 5600 etiam
3340 5546 3535 5601 outimo
3562 5554 3660 5595 con-

2186 5724 2237 5789 b)
2275 5721 2370 5792 Ep.
2398 5721 2489 5777 86.
