3850 6216
483 309 731 354 LXXXVIII

1825 298 2367 356 PROLEGOMENA.

484 423 635 479 runt,
689 425 795 465 non
836 408 896 466 S.
928 408 1233 470 Athanasii,
1280 408 1373 464 sed
1418 410 1590 465 sancti
1627 409 1822 465 ΜοιριῙί
1856 414 2064 468 amicos
2094 424 2139 481 Α
2171 417 2305 471 nihil
2340 416 2451 471 fere
2483 416 2547 470 de
2576 418 2739 470 rebus
2774 416 3175 472 ecclesiasticis.
3207 415 3297 471 Ila:
3324 424 3499 470 autem
3536 416 3753 474 Damasi

486 505 675 560 fuisse.
708 503 764 558 In
792 518 898 573 quo
928 518 1057 559 sane
1093 504 1279 557 mirari
1310 502 1476 569 subit,
1516 518 1614 556 cur
1640 519 1763 558 cum
1798 502 1856 558 S.
1898 505 2063 562 Mele-

485 599 546 651 tii
590 597 725 651 nihil
762 598 932 667 magis
975 596 1261 650 interesset
1297 597 1362 649 ad
1390 595 1529 663 juris
1556 599 1637 651 sui
1683 608 1736 651 et
1763 613 1942 653 causze
1973 600 2067 654 de-

484 690 806 756 fensionem,
847 707 1005 760 quam
1034 692 1551 748 communicatorem
1579 689 1779 745 habere
1810 691 1867 744 S.
1896 693 2064 745 Atha-

484 784 716 847 nasium,
751 783 909 837 rebus
932 784 1048 839 suis
1078 799 1185 837 tam
1218 783 1355 837 male
1392 780 1745 835 consuluerit.
1780 780 1885 835 Sed
1923 784 2062 837 idem

483 873 559 927 illi
582 875 760 927 evenit
780 889 843 928 ac
871 872 1087 939 Basilio,
1117 890 1176 927 ut
1202 874 1253 925 in
1290 871 1479 924 amicis
1509 880 1563 924 et
1585 873 2065 926 commnnicatori-

483 964 584 1019 bus
633 966 747 1019 suis
794 964 1083 1019 nonnullos
1143 966 1368 1019 haberet
1413 961 1569 1030 longe
1612 964 1694 1015 sui
1749 963 2060 1025 dissimiles,

482 1060 575 1128 qui
606 1057 914 1113 ditl‘erendze
948 1074 1071 1113 cum
1105 1055 1406 1111 Athanasio
1437 1054 1834 1109 communionis
1871 1069 2064 1109 causas

481 1152 846 1207 innectereut.

550 1244 667 1299 Non
698 1241 1244 1299 faventTillcmontio
1270 1240 1386 1295 lucc
1424 1239 1609 1295 Basilii
1658 1240 1818 1294 verba
1851 1258 1864 1294 :
1898 1239 2063 1294 Aiunt

478 1340 619 1393 enim
654 1343 822 1407 ipsum
852 1340 1060 1393 omnino
1084 1341 1402 1406 prapendere
1436 1347 1492 1390 ut
1538 1337 1806 1390 nobiscum
1840 1335 2065 1404 conjun-

479 1442 657 1501 gatnr.
697 1430 953 1496 Quamvis
979 1430 1123 1484 enim
1154 1429 1386 1485 Basilius
1430 1429 1812 1483 communione
1848 1436 1903 1481 et
1928 1428 2064 1480 ami-

479 1524 605 1578 citia
664 1524 1133 1591 coniunctissimus
1190 1539 1313 1578 cum
1375 1532 1564 1577 sancto
1618 1520 1920 1575 Athanasio
1976 1534 2063 1574 es—

479 1628 584 1680 set,
637 1618 761 1686 quia
817 1628 995 1671 tamen
1062 1617 1207 1671 illius
1250 1616 1683 1670 communionem
1734 1615 1847 1667 suis
1898 1612 2061 1666 etiam

479 1710 671 1765 amicis
708 1709 998 1763 conciliare
1027 1709 1243 1771 avebat,
1276 1708 1478 1761 idcirco
1516 1714 1775 1774 tanquam
1824 1720 1962 1759 unus
1992 1718 2057 1757 ex

2169 509 2235 563 ad
2266 508 2525 562 Basilium
2553 508 2745 565 litterze
2777 525 2881 564 non
2911 509 3077 564 solius
3101 510 3310 563 Damasi
3344 509 3519 573 fuere,
3552 512 3645 563 sed
3676 521 3758 563 to—

2174 602 2280 655 tius
2331 603 2545 656 concilii
2591 601 2820 656 Romani
2863 604 3241 669 cpiscOporum
3301 603 3371 657 95
3405 618 3470 657 ex
3510 602 3660 656 Italia
3701 614 3759 657 et

2168 691 2362 757 Gallia,
2391 691 2536 761 quod
2570 692 2635 746 de
2660 692 2821 747 rebus
2856 692 3052 762 Illyrici
3080 693 3397 757 habebatur,
3422 708 3543 746 cum
3580 693 3753 746 Doro-

2171 786 2327 839 theus
2356 785 2597 849 advenit,
2620 787 2920 841 autsaltem
2944 785 3103 854 paulo
3136 794 3420 855 antequam
3449 786 3754 839 adveniret.

2169 878 2494 950 Synodicam
2528 880 2740 934 concilii
2780 881 3067 950 epistolam
3102 880 3323 947 pertulit
3360 881 3598 934 Sabinus
3640 881 3759 932 dia-

2167 985 2359 1036 conus,
2406 972 2642 1042 primum
2694 974 2911 1049 quidem
2970 974 3037 1027 ad
3096 974 3325 1043 Illyrios,
3372 988 3503 1042 quos
3551 988 3614 1023 ea
3657 988 3755 1039 pn-

2169 1064 2438 1119 tissimum
2480 1064 2779 1134 spectabat,
2829 1065 3023 1120 deinde
3065 1066 3119 1118 in
3152 1064 3444 1135 Egyptum
3474 1074 3529 1116 et
3562 1066 3757 1117 Orien-

2170 1166 2277 1211 tem
2338 1171 2460 1211 cum
2545 1156 2740 1211 litteris
2805 1156 2871 1210 ad
2933 1156 3286 1211 Athanasium
3352 1165 3405 1208 et
3471 1155 3751 1207 Basilinm.

2173 1248 2269 1302 Vix
2293 1248 2509 1303 dubium
2533 1260 2614 1303 est
2643 1250 2770 1318 quin
2799 1264 2922 1303 eum
2957 1250 3253 1304 Dorotheus
3293 1263 3611 1317 perpetuum
3656 1252 3758 1300 vae

2167 1340 2421 1394 comitem
2495 1340 2783 1407 habuerit;
2854 1341 3016 1394 ambo
3083 1340 3226 1393 enim
3298 1337 3457 1390 simul
3521 1338 3761 1389 advene-

2166 1441 2314 1485 TIIIII.

2235 1524 2328 1583 IV.
2371 1526 2602 1581 Basilius
2630 1536 2821 1580 sancto
2847 1524 3061 1580 Meletio
3087 1525 3299 1578 nuntiat
3424 1525 3552 1593 quid
3580 1525 3761 1591 priva—

2165 1619 2259 1673 tim
2288 1634 2386 1673 suo
2420 1621 2637 1675 nomine
2665 1621 3004 1689 scripsisset;
3047 1622 3139 1674 sed
3182 1621 3302 1688 quia
3329 1629 3758 1673 consentaneum

2166 1717 2302 1773 erat,
2334 1717 2393 1763 ut
2418 1710 2650 1777 aliquem
2697 1710 2976 1764 mitterent
3012 1710 3335 1775 Orientales,
3372 1712 3462 1779 qui
3500 1726 3757 1763 contmn-

479 1800 583 1855 illis
620 1800 876 1867 loquitur.
918 1799 1057 1853 Hinc
1096 1800 1147 1853 in
1193 1796 1422 1867 epiStola
1454 1796 1544 1861 82,
1578 1796 1933 1849 Athanasium
1970 1810 2059 1848 ro-
2091 1792 2135 1846 B
2170 1813 2264 1853 nes
2284 1798 2491 1855 litteras
2520 1801 2775 1868 deferret,
2812 1814 2967 1870 rogat
2996 1804 3289 1869 Meletitttn,
3324 1814 3379 1857 nt
3414 1806 3509 1856 has
3542 1804 3759 1856 litteras

475 1903 588 1964 gat,
645 1904 700 1945 ut
764 1893 909 1945 nobis
967 1892 1229 1955 omnibus,
1285 1891 1478 1960 inquit,
1542 1888 1740 1942 scribas
1784 1888 2059 1956 epistolam

477 1999 656 2041 unam.
687 1999 804 2049 qua:
839 1983 965 2051 quid
988 1983 1243 2051 agendum
1275 1982 1341 2033 sit
1367 1982 1670 2033 admoneat.
1718 1978 1867 2033 Licet
1897 1981 2057 2033 etiam

477 2076 913 2129 animadvertere
940 2090 1102 2144 quam
1133 2083 1324 2127 cautus
1351 2081 1491 2127 esset
1517 2071 1749 2127 Basilius
1775 2073 1828 2125 in
1856 2072 1942 2125 his
1974 2087 2059 2125 re-

477 2170 578 2223 bus
633 2168 1097 2231 administrandis,
1146 2169 1260 2235 qni,
1300 2166 1547 2234 quamvis
1596 2180 1854 2234 responsa
1885 2166 2057 2219 Atha-

480 2262 623 2317 nasii
694 2276 791 2330 per
850 2260 1176 2315 Dorotheum
1238 2259 1570 2327 accepisset,
1627 2258 1812 2311 arcani
1876 2268 2056 2311 tamen

480 2355 692 2423 tegendi
743 2369 928 2418 causa,
980 2354 1148 2406 utitur
1196 2353 1279 2407 his
1327 2350 1529 2415 verbis,
1588 2351 1744 2403 Aiunt
1795 2350 1931 2405 enim
1978 2353 2059 2419 ip-

475 2464 613 2512 sum,
640 2458 745 2500 etc.

552 2538 637 2592 Ill.
681 2538 825 2592 Misit
870 2538 1032 2592 etiam
1071 2537 1129 2591 S.
1167 2538 1498 2596 Athanasius
1545 2540 1604 2596 S.
1629 2539 1825 2594 Basilio
1854 2537 1927 2607 (ll)
1967 2536 2057 2589 Iit-

472 2642 639 2692 teras,
671 2646 803 2699 qnas
832 2632 899 2683 ab
938 2631 1226 2685 Occidente
1264 2645 1573 2701 acceperat,
1618 2642 1677 2685 ut
1716 2647 1809 2685 eas
1855 2630 2053 2682 Basilio

476 2722 823 2792 perferendas
870 2731 1107 2776 curaret.
1152 2723 1259 2776 llas
1312 2723 1481 2776 Roma
1531 2723 1713 2777 attulit
1753 2723 2055 2776 Dorotheus

474 2816 756 2877 diaconus,
803 2814 885 2866 vel
933 2814 1169 2867 Sabinus
1217 2814 1502 2876 diaconus.
1538 2815 1627 2883 qui
1672 2816 1720 2868 ei
1765 2828 1947 2868 comes
1979 2812 2051 2881 (ὑ)

471 2906 684 2961 videtur
710 2907 995 2974 adjunctus
1022 2905 1189 2959 fuisse
1219 2906 1287 2959 ab
1313 2906 1764 2970 Occidentalibus,
1806 2915 1860 2959 et
1903 2904 2054 2956 Basi-

472 2996 544 3051 lio
592 2997 872 3066 epistolam
920 2995 1188 3050 Valeriani
1222 2995 1485 3065 Aquileia:
1518 2998 1757 3065 episcopi
1799 2996 2048 3050 reddidit.

470 3090 724 3154 Basilius,
756 3089 1015 3142 facultate
1046 3089 1225 3143 oblata
1261 3088 1444 3143 Sabini
1475 3088 1709 3149 diaconi,
1738 3088 1955 3155 scripsit
1980 3085 2049 3156 (ε)

471 3184 537 3237 ad
564 3183 789 3253 Illyrios,
822 3193 874 3236 et
901 3183 967 3235 ad
998 3182 1161 3236 Italiae
1194 3191 1248 3236 et
1270 3180 1456 3234 Gallim
1486 3180 1790 3250 epise0pos,
1820 3154 1872 3231 et
1892 3154 2055 3247 quos-
2083 3154 2129 3215 θ

476 3279 597 3330 dam
639 3276 795 3340 alios,
845 3276 936 3344 qui
988 3276 1237 3344 privatim
1266 3276 1478 3329 litteras
1522 3275 1586 3326 ad
1620 3289 1741 3327 eum
1770 3273 2051 3326 dederant.

470 3368 550 3423 Ex
591 3368 656 3421 iis
688 3367 871 3421 Basilii
912 3368 1155 3437 epistolis
1204 3368 1323 3421 dum
1350 3376 1584 3430 exstant,
1625 3381 1728 3418 una
1755 3365 2053 3435 generatim

473 3457 910 3513 Occidentalibus
940 3457 1221 3525 inscripta,
1256 3458 1427 3510 altera
1459 3454 1748 3509 Valeriano
1799 3455 2055 3522 Aquileim

472 3549 746 3616 episcopo,
776 3546 867 3614 qui
901 3548 970 3599 ob
1004 3547 1335 3601 vicinitatem
1361 3547 1559 3619 Illyrici
1587 3547 1869 3615 episcopus
1900 3547 1951 3599 in
1986 3546 2054 3597 Ii-

474 3639 585 3690 tnlu
622 3638 841 3692 dicitur.
880 3634 1045 3706 Illyrii
1075 3646 1252 3690 autem
1284 3649 1334 3691 et
1363 3637 1528 3691 Italia:
1554 3653 1617 3690 ac
1641 3637 1824 3692 Gallia:
1848 3639 2056 3705 episco-

472 3731 523 3798 pi
553 3744 658 3783 nou
684 3730 985 3797 generatim
1011 3730 1400 3793 Orientalibus,
1440 3730 1535 3783 sed
1567 3730 1665 3783 soli
1698 3730 1893 3783 Basilio
1918 3730 2055 3783 scri-

470 3839 629 3899 psere
658 3840 671 3875 :
708 3838 808 3878 nec
848 3824 1003 3877 video
1028 3823 1155 3893 quid
1185 3820 1531 3876 Tillcmontio
1560 3823 1888 3891 persuaserit
1909 3838 2057 3877 com-

478 3932 694 3970 munem
734 3913 1159 3969 Occidentalium
1199 3914 1265 3965 ad
1300 3911 1603 3965 Orientales
1637 3912 1919 3979 epistolam
1951 3926 2052 3965 non

468 4010 727 4068 defuisse.
763 4007 948 4077 Neque
982 4009 1125 4061 enim
1153 4020 1250 4059 suo
1280 4006 1499 4057 nomine
1537 4005 1767 4058 Basilius
1794 4004 2056 4058 rescribe-

471 4109 557 4156 ret
585 4100 748 4155 Italia:
777 4108 829 4153 et
860 4099 1047 4154 Gallice
1071 4098 1365 4167 episcopis,
1394 4096 1436 4149 si
1466 4111 1650 4149 eorum
1685 4097 1874 4149 litterae
1909 4110 2056 4148 com-

471 4210 665 4250 munes
705 4194 802 4263 ipsi
831 4209 954 4247 cum
991 4193 1111 4245 aliis
1143 4192 1391 4245 fuissent.
1441 4190 1705 4243 Prmterea
1752 4190 2054 4244 Orientales

472 4287 526 4339 in
553 4301 638 4354 ep.
672 4283 742 4338 92
772 4282 972 4336 nullam
999 4281 1066 4334 ab
1095 4279 1529 4335 Occidentalibus
1558 4290 1829 4347 acceptam
1854 4279 2055 4348 episto-

473 4378 580 4433 lam
633 4384 957 4431 memorant.
1002 4373 1163 4429 Solus
1210 4373 1439 4427 Basilius
1474 4373 1549 4443 (ιι)
1583 4374 1784 4443 gratias
1836 4373 1943 4442 agit
1984 4371 2054 4425 ob

472 4478 755 4536 acceptum
790 4482 851 4521 ex
885 4480 1071 4519 eorum
1095 4465 1288 4517 litteris
1319 4466 1593 4518 solatium.
1636 4462 1821 4531 Neque
1869 4465 1919 4516 id
1954 4463 2055 4516 mi-

475 4575 596 4616 rum
628 4559 795 4612 videri
824 4558 1002 4621 debet,
1032 4573 1155 4611 nam
1198 4557 1344 4612 solus
1378 4556 1609 4609 Basilius
1649 4556 1878 4607 Damaso
1919 4557 2055 4608 scri-

480 4656 664 4719 pserat
692 4662 705 4698 :
737 4658 791 4699 et
816 4646 1169 4699 Athanasium
1206 4654 1511 4715 rogaverat,
1550 4654 1608 4697 ut
1637 4646 1864 4713 aliquem
1890 4660 1918 4697 e
1944 4646 2055 4698 suis

478 4740 692 4793 clericis
730 4738 983 4791 comitem
1024 4736 1301 4790 Dorotheo
1324 4736 1495 4800 daret,
1531 4750 1765 4803 suasque
1797 4735 2054 4803 adjnnge-

478 4841 562 4886 ret
590 4831 821 4884 litteras.
853 4830 1032 4895 Quare
1060 4845 1179 4883 cum
1203 4830 1536 4883 Athanasius
1559 4827 1739 4882 Basilii
1768 4829 2049 4898 epistolam

473 4922 700 4976 Romam
747 4921 1008 4985 misisset,
1048 4921 1285 4974 vicissim
1333 4921 1597 4974 Damasus
1646 4920 1771 4973 huic
1808 4921 2050 4988 epistolae

470 5031 728 5084 responsa
754 5017 820 5068 ad
845 5016 1201 5069 Athanasium
1230 5015 1396 5080 misit,
1424 5024 1479 5066 ut
1504 5028 1563 5066 ea
1591 5014 1788 5067 Basilio
1821 5016 2053 5067 redden-

470 5109 540 5163 da
576 5117 811 5162 curaret.
846 5108 920 5162 Eo
956 5109 1125 5177 magis
1150 5108 1325 5162 hacin
1358 5123 1414 5159 re
1440 5106 1668 5161 Basilius
1692 5121 1827 5173 opus
1864 5106 2052 5159 habuit

469 5201 530 5257 S.
557 5203 874 5267 Athanasio,
904 5203 1045 5271 quod
1073 5202 1186 5270 ipse
1212 5216 1298 5254 res
1324 5210 1501 5254 tantas
1527 5199 1677 5253 solus
1700 5200 1914 5268 aggredi
1943 5214 2046 5251 non

468 5294 724 5360 audebat,
784 5293 945 5361 idque
985 5306 1081 5361 per
1118 5306 1356 5344 canones
1408 5306 1512 5344 non
1549 5290 1708 5343 licere
1749 5290 1824 5340 ait
1867 5290 1917 5341 in
1954 5304 2042 5354 ep.

468 5384 597 5440 Nl.
621 5383 799 5437 Voluit
819 5384 1040 5453 quidem
1066 5384 1213 5439 solus
1239 5384 1479 5439 scribere
1513 5398 1652 5436 anno
1683 5380 1789 5434 375
1822 5380 1915 5450 (ε).
1944 5381 2039 5434 scd

541 5500 617 5569 (α)
658 5502 757 5567 Ep.
797 5500 884 5553 90.

542 5572 615 5650 ibi
656 5571 875 5650 sti-9.1-

543 5648 612 5710 (ε)
656 5648 748 5708 ItLp.
776 5648 868 5695 90.

540 5715 615 5781 (τι)
661 5712 754 5777 Ep.
794 5712 881 5768 90.
920 5729 970 5765 ιι.
1003 5712 1054 5768 t.

538 5784 609 5848 (ε.)
655 5784 746 5850 lup.
780 5783 903 5845 239,
935 5801 984 5835 ιι.
1018 5784 1073 5837 ﬂ.

2174 1899 2387 1943 exaret.
2410 1892 2623 1960 Scripta
2657 1894 2873 1961 quidem
2903 1897 3209 1948 communis
3230 1894 3473 1963 cpistola,
3506 1894 3605 1946 sed
3632 1910 3755 1947 eam

2169 1979 2315 2035 solus
2341 1982 2553 2036 rediens
2579 1982 2810 2038 Sabinus
2836 1986 3072 2052 pertulit,
3108 2002 3205 2039 nec
3228 1989 3519 2055 quisquam
3554 1986 3758 2038 misms

2168 2067 2522 2128 O'rientalium
2560 2076 2794 2130 nomine.
2838 2076 3005 2145 llujus
3048 2076 3291 2144 epistolae
3336 2077 3558 2145 conjicit
3591 2075 3758 2127 Titie-

2168 2166 2403 2219 montius
2430 2177 2705 2221 auctorem
2732 2184 2851 2223 esse
2874 2180 3117 2222 sanctum
3151 2168 3443 2231 Meletium,
3480 2170 3566 2221 cui
3602 2169 3757 2219 Basi-

2166 2256 2269 2310 lius
2306 2260 2407 2311 hoc
2439 2273 2633 2312 munus
2656 2259 2942 2314 detulerat.
2971 2260 3076 2315 Sed
3105 2270 3283 2313 tamen
3308 2262 3533 2315 omnino
3567 2260 3752 2313 Basilii

2166 2349 2362 2419 stylum
2393 2350 2616 2403 redolet.

2240 2442 2499 2497 Videntur
2519 2453 2699 2496 autem
2740 2444 2876 2498 tituli
2913 2444 2965 2498 in
3005 2446 3089 2499 his
3115 2445 3360 2508 epistolis
3398 2446 3753 2499 librariorum

2166 2534 2373 2587 incuria
2410 2535 2619 2589 confusi
2651 2546 2705 2590 et
2735 2538 3029 2606 perturbati
3055 2538 3241 2591 fuisse.
3281 2538 3411 2591 Nam
3448 2554 3571 2591 cum
3600 2538 3757 2589 Basi—

2166 2627 2269 2679 lius
2303 2627 2449 2681 dicat
2486 2628 2539 2681 in
2576 2630 2801 2697 epistola
2831 2630 2905 2683 89
2958 2644 3017 2683 se
3066 2632 3351 2699 scripsisse
3398 2630 3465 2685 ad
3507 2631 3672 2683 Italos
3702 2641 3754 2681 et

2162 2719 2380 2785 Gallos;
2414 2736 2646 2789 cumque
2686 2721 2957 2775 Mcletium
3005 2733 3174 2790 roget,
3218 2733 3273 2775 ut
3308 2737 3654 2776 communem
3688 2724 3754 2773 ad

2162 2812 2536 2868 Occidentales
2589 2815 2872 2883 epistolam
2932 2816 3117 2878 dictet,
3171 2815 3365 2868 .nescio
3419 2830 3529 2883 quo
3590 2826 3755 2883 pacto

2162 2902 2410 2969 contigit,
2436 2912 2496 2956 ut
2520 2904 2726 2970 privata
2746 2905 2972 2974 epistola
3010 2904 3466 2966 Occidentalibus,
3499 2919 3756 2957 commu-

2161 2994 2245 3047 nis
2281 2995 2443 3047 Italia:
2484 3005 2538 3048 et
2574 2995 2758 3049 Gallia:
2792 2997 3060 3066 episc0pis
3101 2997 3489 3051 inscriberetur
3539 3013 3554 3049 :
3603 2996 3756 3066 quod

2161 3099 2347 3141 contra
2384 3088 2687 3157 oportebat.

2231 3179 2285 3232 In
2331 3180 2433 3234 liae
2465 3182 2691 3251 epistola
2734 3198 2894 3249 quam
2929 3184 3159 3238 Basilius
3196 3185 3268 3257 (g)
3316 3184 3461 3239 Italis
3492 3196 3547 3239 et
3581 3184 3758 3239 Gallis

2159 3284 2253 3322 suo
2282 3272 2501 3340 scripsit
2531 3274 2768 3339 nomine,
2804 3273 3045 3327 laetitiam
3075 3290 3227 3328 suam
3257 3277 3524 3344 signiﬁcat
3558 3290 3623 3329 ex
3654 3292 3757 3327 eo-

2158 3378 2277 3415 rum
2332 3363 2525 3419 litteris
2558 3375 2859 3432 acceptam,
2915 3383 2978 3420 ex
3022 3370 3216 3437 quibus
3253 3384 3519 3421 summam
3552 3383 3751 3421 eorum

2159 3454 2501 3507 concordiam
2557 3465 2610 3509 et
2652 3458 2910 3510 unitatem
2957 3469 3333 3527 perspexerat.
3390 3460 3495 3513 Sed
3534 3470 3592 3511 ut
3622 3476 3760 3528 pro-

2160 3545 2334 3612 prium
2361 3561 2514 3598 suum
2546 3561 2665 3599 esse
2689 3548 2831 3599 ducit
2856 3548 3067 3603 felicem
3103 3552 3315 3604 illorum
3353 3551 3613 3606 Ecclesia:
3635 3565 3759 3606 sta-

2159 3646 2295 3702 tum,
2321 3637 2391 3689 ita
2421 3652 2513 3691 eos
2544 3649 2715 3708 rogat,
2753 3654 2809 3692 nt
2849 3643 3085 3695 vicissim
3115 3643 3351 3698 Orientis
3400 3646 3559 3698 malis
3597 3660 3760 3698 corn-

2158 3738 2496 3781 moveantur.
2561 3730 2787 3799 Egregie
2831 3732 3096 3787 describit
3143 3734 3241 3788 has
3285 3749 3581 3796 aerumnas,
3627 3751 3761 3804 qua

2155 3819 2264 3887 jam
2295 3835 2390 3888 per
2426 3830 2595 3874 totum
2621 3823 2806 3875 orbem
2837 3836 3269 3890 personuerant.-
3298 3827 3518 3880 Nuntiat
3557 3826 3760 3881 Patres

2156 3922 2213 3963 et
2254 3913 2569 3965 traditiones
2598 3916 2892 3981 contemni,
2945 3928 3264 3972 novaturum
3300 3931 3607 3973 commenta
3652 3922 3754 3973 do-

2158 4004 2378 4066 minari,
2414 4004 2620 4058 abaetis
2653 4009 2957 4074 pastoribus
2998 4008 3153 4076 lupos
3198 4010 3467 4063 introduci
3507 4028 3518 4063 :
3554 4011 3758 4064 domus

2158 4096 2425 4149 orationis
2468 4097 2710 4151 desertas
2746 4114 2896 4164 esse;
2956 4100 3276 4153 solitudines
3318 4100 3756 4154 lamentantibus

2160 4187 2385 4240 refertas
2416 4202 2556 4241 esse.
2586 4189 2755 4255 Ilogal
2787 4206 2914 4259 ergo
2950 4189 3115 4244 Italia:
3146 4201 3199 4245 et
3228 4191 3411 4245 Gallizc
3435 4192 3751 4260 episc0pos,

2159 4288 2215 4331 ιιι
2249 4280 2462 4332 laudent
2498 4278 2736 4333 Orientis
2772 4283 2971 4337 auxilio
2993 4286 3231 4337 veniant.
3260 4284 3526 4338 Assentiri
3562 4300 3625 4338 se
3648 4286 3756 4338 (le-

2156 4371 2327 4423 clarat
2372 4373 2439 4426 iis
2481 4375 2754 4442 omnibus,
2800 4390 2919 4444 qua:
2954 4378 3213 4431 canonice
3260 4387 3380 4431 acta
3414 4376 3636 4431 fuerant
3699 4380 3753 4432 in

2162 4464 2365 4532 synodo
2398 4465 2660 4522 Romana.

2235 4555 2445 4623 Scripta
2479 4567 2558 4609 est
2604 4560 2654 4610 in
2708 4558 2950 4611 eamdem
2998 4560 3322 4612 sententiam
3374 4558 3608 4629 epistola
3665 4575 3755 4613 se-

2162 4662 2331 4715 quens
2360 4647 2435 4718 (Ιι)
2461 4652 2524 4699 ad
2560 4650 2921 4713 Valerianum,
2946 4653 3097 4719 cujus
3127 4652 3449 4706 charitatem
3480 4667 3546 4705 eo
3575 4656 3753 4721 magis

2165 4738 2394 4789 miratur
2432 4738 2686 4802 Basilius,
2743 4744 2884 4807 quod
2939 4743 2983 4794 is
3012 4742 3161 4809 prior
3207 4742 3523 4809 scripserat,
3588 4744 3753 4794 nullis

2160 4830 2511 4897 compellatus
2539 4832 2751 4884 litteris.
2799 4832 3029 4886 Necesse
3071 4848 3192 4887 esse
3228 4835 3323 4897 ait,
3359 4834 3405 4887 si
3450 4836 3616 4887 modo
3645 4850 3750 4887 non

2151 4920 2263 4988 jam
2299 4920 2607 4973 conclusum
2646 4931 2726 4974 est
2757 4924 2935 4974 mundi
2970 4932 3201 4991 tempus,
3258 4926 3353 4976 sed
3399 4925 3583 4976 adhuc
3626 4928 3752 4977 vita:

2162 5012 2409 5067 humana:
2460 5014 2574 5066 dies
2635 5024 2943 5083 supersunt,
3006 5025 3064 5067 ut
3128 5015 3513 5069 Occidentales
3586 5018 3749 5071 Iidem

2158 5103 2396 5158 Orientis
2428 5116 2707 5168 renovent,
2741 5115 2795 5157 et
2826 5107 3114 5169 bonorum,
3150 5123 3269 5175 quae
3291 5109 3357 5161 ab
3389 5108 3619 5162 Oriente
3655 5126 3749 5161 ac-

2158 5205 2435 5264 ceperunt,
2492 5197 2984 5251 remunerationem
3050 5198 3122 5252 illi
3186 5201 3237 5251 in
3295 5209 3545 5269 tempore
3621 5216 3746 5268 pcr-

2156 5290 2389 5342 solvant.

2228 5378 2289 5433 V.
2340 5378 2585 5446 Epistolae
2617 5379 2678 5449 (i)
2709 5378 2877 5433 Gallis
2902 5390 2953 5432 et
2972 5379 3118 5434 Italis
3144 5380 3361 5449 scripta:
3389 5381 3746 5437 subscribam

2227 5492 2301 5565 (ί)
2339 5494 2435 5562 εν.
2469 5494 2557 5547 se.

2225 5568 2299 5634 (.4)
2343 5566 2437 5631 Ειι-
2467 5566 2553 5616 90-

2227 5640 2303 5701 (h)
2348 5636 2439 5699 I‘Jp.
2472 5636 2553 5691 9|.

2229 5704 2289 5775 (ι)
2333 5703 2428 5773 Ep.
2466 5706 2551 5756 9‘2.
