3850 6216
1519 401 1682 462 VITA
1723 407 1782 464 S.
1823 409 2086 468 BASILII.

3211 441 3414 487 ικικιι

159 500 394 614 episcocpi
423 505 522 614 ΞΞ,
551 507 694 564 inter
727 527 862 581 quos
893 515 1132 588 insignes
1167 531 1294 576 sunt
1338 537 1558 582 sanctus
1579 527 1740 584 Mete—
1767 536 1815 592 Α
1860 533 2064 590 Pascha
2101 535 2298 592 dimitti
2333 537 2480 608 velit,
2525 541 2649 612 quia
2693 557 2951 614 responsa
2990 544 3288 602 Samosatis
3317 565 3415 604 cx-

159 592 274 658 tius,
323 593 386 647 S.
419 595 692 656 Eusebius
735 603 1150 677 Samosatensis,
1203 625 1424 670 sanctus
1477 619 1732 686 Basilius,

157 679 448 750 Gregorius
480 687 738 761 Theologi
781 705 956 762 paler,
1007 698 1252 770 Pelagius
1275 703 1588 774 Laodiczcaa,
1619 679 1734 765 An;

153 772 350 828 tbimus
375 775 712 846 Tyanorum,
767 783 1076 842 Theodotus
1117 792 1542 863 Nicopolitanus,
1575 772 1734 858 IVitus

151 863 484 920 Catrhorum
519 869 570 920 in
601 870 1014 944 Mesopotamia,
1037 882 1310 938 Abraham
1337 887 1644 943 Urimorum
1679 894 1730 947 in

149 951 326 1019 Syria,
377 961 469 1024 qui
501 964 732 1016 concilio
763 968 1101 1026 Antiocheno
1141 976 1386 1030 interfuit
1412 995 1553 1034 anno
1583 982 1728 1049 565;

147 1045 282 1097 alter
331 1048 606 1104 Abraham
658 1054 976 1125 Batnorum,
1027 1067 1092 1116 ad
1127 1081 1288 1134 quem
1332 1081 1510 1125 exstat
1545 1073 1730 1128 Basilii

145 1135 396 1201 epistola,
435 1140 580 1196 Zeno
611 1144 762 1214 Tyri,
811 1149 1146 1220 Eustathius,
1193 1166 1250 1210 ut
1304 1161 1596 1216 verisimile
1627 1171 1726 1228 est,

144 1224 504 1284 Sebastcnus.
535 1235 640 1289 Pro
661 1237 878 1302 Narscs,
905 1241 1030 1312 legit
1064 1244 1302 1303 Valesius
1335 1251 1532 1306 Barses
1562 1253 1730 1309 Edes-

145 1331 236 1369 ste.
268 1317 384 1374 Sed
411 1339 534 1376 cum
581 1327 628 1378 is
665 1329 807 1382 inter
835 1345 1134 1400 postremos
1159 1338 1486 1403 subscribat,
1510 1347 1728 1414 conjicit

145 1404 528 1464 Tillemontius
584 1432 708 1470 eum
755 1422 968 1487 potius,
1003 1427 1092 1492 qui
1123 1427 1322 1484 Bassus
1352 1432 1570 1497 dicitur,
1605 1404 1726 1492 esse

139 1495 366 1554 Barsam
453 1503 695 1560 Edessm.
777 1509 883 1566 Pro
951 1514 1114 1571 latrio
1189 1519 1418 1576 libenter
1491 1525 1723 1596 legerem

139 1584 388 1641 Otreium
425 1591 848 1654 Melitinensem.
885 1603 1093 1660 Favent
1121 1609 1248 1664 huic
1276 1615 1556 1669 sententiae
1588 1633 1726 1670 non-

137 1679 264 1730 nulli
308 1682 554 1748 codices,
609 1689 662 1740 in
705 1693 902 1759 quibus
951 1695 1146 1764 legitur
1184 1701 1424 1758 Atreius.
1465 1704 1720 1774 lusacem,

137 1771 248 1824 sive
300 1770 548 1829 Isaacem
605 1780 978 1840 Tillemoutius
1041 1793 1292 1846 etnudem
1357 1811 1477 1850 esse
1535 1800 1722 1854 existi-

1838 627 2138 696 spectabat.

1921 716 2007 771 Vl.
2062 718 2342 776 Consuluit
2402 725 2654 780 Basilium
2707 737 2954 783 matrona
3005 729 3286 798 quazdam,
3339 745 3408 785 an

1843 809 1972 862 utile
2019 812 2090 864 sit
2131 815 2369 879 quotidie
2417 818 2846 885 communicare,
2893 829 2948 874 et
2995 821 3046 874 in
3099 823 3410 876 domesticis

1843 901 2311 958 communionibus
2341 921 2407 958 an
2441 906 2599 961 liceat
2633 909 2803 974 laicis,
2838 911 3062 965 absente
3093 913 3408 982 presbytero

1839 999 1932 1059 aut
1963 993 2210 1060 diacono,
2243 1000 2669 1053 communionem
2694 1003 2909 1070 propria
2941 1019 3101 1056 manu
3135 1005 3403 1072 accipere.

1846 1083 2056 1139 Laudat
2083 1085 2310 1142 Basilius
2348 1091 2780 1145 communionem
2818 1095 3214 1161 quotidianam,
3243 1110 3402 1162 quam

1842 1185 2018 1230 tamen
2050 1176 2250 1232 fatetur
2283 1182 2420 1247 apud
2449 1180 2808 1236 Czcsarienses
2835 1186 3088 1238 usitatam
3121 1203 3225 1239 non
3259 1202 3400 1244 esse.

1837 1257 1946 1314 llos
1976 1262 2116 1314 enim
2165 1273 2354 1332 quater
2383 1265 2606 1334 singulis
2641 1267 3069 1324 hebdomadibus
3099 1273 3405 1325 communi-

1839 1365 1988 1417 care,
2018 1352 2290 1406 Dominica
2311 1355 2418 1418 die,
2443 1367 2638 1424 quarta
2661 1357 2766 1425 die,
2794 1359 2844 1411 in
2869 1358 3164 1414 Parasceve
3190 1371 3243 1414 et
3272 1361 3404 1415 Sab-

1835 1441 1984 1504 bato,
2013 1451 2068 1496 et
2091 1443 2211 1498 aliis
2245 1447 2457 1510 diebus,
2487 1448 2530 1501 si
2554 1451 2726 1502 sancti
2754 1449 2983 1516 alicujus
3007 1460 3266 1515 occurrat
3287 1468 3402 1505 me-

1831 1536 2026 1592 moria.
2083 1536 2252 1590 Alteri
2313 1541 2595 1605 quaestioni
2649 1542 2938 1610 respondet
2991 1543 3124 1596 nihil
3179 1559 3400 1612 prorsus

1833 1624 2161 1680 incommodi
2212 1643 2352 1692 esse,
2413 1631 2457 1685 si
2507 1632 2630 1699 quis
2677 1633 3068 1700 persecutionis
3119 1641 3395 1703 tempore,

1826 1717 2048 1770 absente
2093 1719 2408 1789 presbytero
2445 1731 2500 1774 et
2542 1721 2788 1786 diacono,
2839 1724 3234 1778 Encharistiam
3268 1741 3400 1794 pro-

1826 1809 1941 1876 pria
1973 1825 2132 1864 manu
2161 1814 2414 1880 accipiat.
2446 1814 2500 1868 Id
2533 1815 2672 1867 enim
2710 1825 2764 1869 et
2799 1817 3095 1870 monachos
3122 1817 3174 1871 in
3207 1817 3398 1872 solitu-

135 1871 265 1924 mat,
315 1879 386 1918 ac
439 1867 707 1924 lsacocem
756 1875 1022 1932 Armeniae
1069 1882 1290 1950 majoris
1318 1884 1718 1957 (a).'Equidcm
1754 1869 1796 1927 Β
1828 1901 2066 1966 dinibus,
2096 1914 2150 1956 et
2195 1919 2632 1976 unumquemque
2672 1907 2738 1960 de
2776 1907 2930 1975 plebe
2967 1908 3306 1962 Alexandria:
3341 1917 3399 1964 et

133 1964 230 2018 pro
255 1969 326 2006 eo
358 1958 504 2022 quod
537 1969 622 2012 est
649 1961 701 2014 in
732 1965 890 2020 editis
927 1968 1185 2042 Ἰωσάκης
1215 1974 1466 2032 libentius
1491 1980 1740 2050 legerem—

146 2039 428 2114 Ἰσαάκης.
469 2047 562 2103 Sic
585 2053 730 2105 enim
767 2055 818 2107 in
852 2058 1006 2124 epist.
1039 2062 1163 2125 158,
1189 2079 1308 2118 cum
1340 2079 1568 2134 quatuor
1591 2089 1718 2126 mss.
1753 2107 1764 2122 .

133 2133 406 2191 haberent
452 2141 738 2214 ‘lwscixqg,
766 2151 914 2214 sequi
952 2152 1111 2206 malui
1142 2157 1276 2210 alios
1312 2161 1549 2215 melioris
1585 2176 1723 2220 notat

129 2225 182 2278 in
245 2231 455 2298 quibus
519 2233 714 2302 legitur
765 2239 1038 2312 ‘laadzqg.
1091 2246 1192 2302 llic
1245 2259 1422 2305 autent
1480 2255 1612 2308 nihil
1666 2259 1720 2312 in

127 2329 394 2373 contextu
455 2326 784 2382 mutavimus
851 2333 922 2386 ob
989 2351 1254 2392 summam
1315 2345 1558 2400 codicum
1631 2365 1742 2404 γει-

129 2415 310 2464 terum
377 2415 822 2490 discrepantiam,
879 2430 974 2484 sed
1029 2441 1210 2486 tamen
1259 2433 1494 2491 Isaacem
1555 2441 1722 2496 inte-r-

129 2512 390 2568 pretatns
457 2524 606 2571 sum.
662 2514 954 2587 Gregorius
1003 2534 1183 2578 autem
1238 2527 1376 2582 alter
1437 2545 1542 2584 non
1583 2533 1720 2588 alius

129 2595 352 2648 videtur
401 2612 526 2652 esse
581 2618 744 2673 quam
805 2607 1104 2678 Nyssenus,
1159 2631 1316 2685 quem
1375 2620 1724 2686 probavimus

123 2689 233 2755 jam
289 2701 410 2744 tum
465 2693 638 2750 fuisse
687 2699 1018 2770 episcopum.
1073 2707 1266 2764 Cazteri
1307 2712 1472 2767 nobis.
1497 2731 1715 2783 prorsus

125 2784 318 2850 ignoti.

193 2873 346 2928 N.hil
381 2878 776 2946 significantius
811 2885 912 2940 hac
953 2890 1201 2958 epistola,
1241 2894 1462 2950 nihilad
1501 2913 1716 2967 permo-

123 2971 342 3021 vendos
389 2973 602 3028 animos
639 2977 840 3042 apt-ius.
893 2978 1158 3036 Fateatur
1193 2983 1479 3051 justo.Dei
1512 2991 1714 3059 judicio

122 3061 404 3124 evenisse,
437 3074 661 3128 ut,cum
691 3067 1062 3128 Occidentales
1081 3075 1288 3130 tristem
1321 3077 1560 3135 Orientis
1595 3093 1712 3137 sta-

123 3159 232 3202 tum
277 3153 604 3220 didicerint,
641 3161 874 3212 nondum
911 3170 1086 3216 tamen
1118 3179 1274 3232 opem
1321 3168 1558 3224 tulerint.
1603 3171 1708 3226 Sed

123 3257 264 3295 nunc
301 3243 723 3302 demississimis
757 3251 1008 3318 precibus
1043 3267 1253 3325 rogant,
1279 3268 1336 3312 ut
1361 3261 1576 3314 tandem
1607 3263 1706 3317 alio

121 3334 342 3396 quando
371 3348 715 3403 succurrant,
759 3342 846 3394 ubi
873 3344 1117 3398 omniaa
1165 3346 1365 3402 Sabino
1401 3351 1710 3410 didicerint.

117 3421 232 3476 Non
261 3427 417 3478 enim
447 3443 606 3482 unam
640 3432 932 3500 periclitari
975 3435 1298 3502 Ecclesiam,
1337 3442 1430 3494 sed
1469 3441 1642 3498 ferme
1675 3461 1705 3497 a

119 3514 322 3570 ﬁnibus
357 3517 558 3586 Illyrici
595 3536 768 3590 usque
793 3525 861 3578 ad
897 3525 1223 3584 Thebaidem
1263 3532 1513 3588 hzeresim
1554 3550 1706 3603 gras-

115 3609 248 3660 sari.
291 3608 440 3662 Hinc
490 3612 727 3668 confusa:
761 3615 1014 3672 Ecclesia:
1045 3619 1212 3690 leges,
1244 3623 1584 3695 cpisc0patus
1613 3626 1708 3680 im-

117 3699 310 3766 pietati
341 3701 396 3754 in
421 3705 710 3770 prannium
733 3711 1062 3776 propositus.
1098 3713 1317 3767 Summa
1351 3719 1604 3785 peccandi
1635 3718 1702 3772 Ii-

115 3791 328 3856 bertas,
385 3795 654 3864 episcopis
689 3801 868 3854 omnia
914 3803 980 3856 ad
1019 3806 1246 3873 gratiam
1296 3820 1350 3864 et
1375 3809 1702 3878 voluptatem

115 3899 310 3938 eorum
347 3885 699 3955 facientibus,
725 3907 756 3946 a
789 3893 984 3962 quibus
1020 3899 1389 3968 episcopatum
1421 3918 1700 3972 accepere.

117 3973 384 4030 Nonnulli
406 3993 598 4032 ansam
635 3997 782 4036 sana:
813 3984 1076 4042 doctrina:
1103 3991 1392 4061 arripiunt,
1423 4003 1481 4048 ut
1513 3996 1704 4050 adver-

117 4067 300 4120 sarios
335 4067 691 4125 ulciscantur.
735 4073 840 4127 Alii
876 4076 1201 4134 discordiam
1231 4081 1403 4148 alunt,
1439 4087 1704 4141 utcrimi-

113 4172 182 4210 na
209 4175 312 4212 sua
351 4162 627 4219 occultent
679 4165 870 4237 Papuli
897 4185 996 4239 pro
1021 4174 1292 4230 moenibus
1316 4175 1591 4247 eﬂusi;sub
1615 4180 1704 4234 dio

111 4265 312 4318 preces
343 4250 603 4320 fundunt,
628 4273 692 4312 ac
721 4261 1056 4324 precationis
1078 4265 1294 4330 domos,
1320 4276 1378 4320 ut
1411 4268 1702 4336 impietatis

111 4342 336 4397 scholas
359 4343 596 4414 fugiunt.
621 4347 903 4419 Rogantur
925 4367 1058 4422 ergo
1079 4352 1476 4420 Occidentales.
1506 4371 1564 4414 ut
1593 4363 1702 4416 cito

111 4432 300 4500 plures
357 4436 408 4490 in
457 4437 737 4494 Orientem
775 4441 972 4500 fratres
1007 4447 1252 4512 mittant,
1295 4460 1350 4503 ut
1390 4467 1496 4506 non
1528 4455 1700 4509 solum

1826 1991 1878 2044 in
1925 1993 2162 2064 ASgy-pto
2203 1997 2380 2052 facere
2421 1998 2616 2064 solere,
2653 2007 2712 2052 ut
2745 2000 3140 2053 Eucharistiam
3175 1999 3392 2052 domum

1823 2082 2092 2150 auferant,
2145 2095 2200 2138 et
2231 2103 2326 2156 per
2366 2101 2427 2141 se
2465 2088 2564 2156 ipsi
2603 2089 3027 2143 comn'tnuieent.
3058 2089 3226 2143 Porro
3269 2105 3396 2144 cum

1823 2177 2154 2230 sacrificium
2187 2180 2445 2234 sacerdos
2477 2180 2726 2248 absolvit,
2755 2181 2796 2235 si
2829 2182 2950 2249 quis
2983 2182 3050 2234 ab
3079 2195 3145 2236 eo
3181 2181 3394 2235 Eucha-

1822 2259 2032 2320 ristiam
2063 2270 2126 2321 ad
2157 2269 2342 2338 plures
2367 2271 2478 2325 dies
2508 2271 2760 2340 accipiat,
2793 2272 2838 2324 is
2868 2289 2896 2326 a
2939 2274 3222 2326 sacerdote
3261 2287 3395 2327 cen-

1819 2369 1973 2412 setur
1997 2361 2265 2429 accipere,
2299 2364 2510 2430 quoties
2539 2365 2750 2434 propria
2783 2379 2942 2416 manu
2973 2363 3361 2434 communicat.

1892 2451 2039 2506 lianc
2068 2453 2348 2520 epistolam
2381 2456 2526 2510 circa
2570 2471 2768 2510 annum
2799 2457 2904 2511 572
2937 2457 3193 2525 scriptam
3223 2456 3394 2526 conji-

1818 2541 2014 2606 c-imus,
2059 2545 2180 2611 quia
2227 2547 2532 2612 persecutio
2575 2547 2862 2615 prmsentia
2916 2547 3160 2602 Valentis
3209 2548 3394 2617 ingran

1818 2649 2042 2688 vescens
2087 2635 2140 2688 in
2169 2634 2389 2692 Oriente
2417 2645 2472 2690 et
2517 2637 2762 2691 ﬁnitimis
2805 2639 2956 2702 locis,
3003 2640 3214 2692 videtur
3246 2637 3376 2706 ejus-

1817 2727 1958 2778 modi
2008 2728 2292 2795 quzestioni
2343 2727 2518 2783 locum
2568 2729 2798 2784 dedisse.
2845 2730 3105 2796 Quamvis
3143 2732 3286 2785 enim
3333 2732 3398 2786 i1.-

1815 2817 2057 2882 piuribus
2083 2815 2213 2871 locis
2243 2817 2528 2881 Catholicn,
2560 2829 2619 2872 ut
2645 2834 2810 2888 supra
2843 2820 3096 2882 vidimus,
3127 2821 3248 2876 odio
3277 2821 3378 2874 hat-

1815 2910 1950 2960 resis
1991 2919 2143 2960 extra
2182 2909 2368 2962 urbem
2413 2911 2511 2964 sub
2543 2911 2630 2964 dio
2678 2921 3048 2979 precarentur,
3089 2927 3263 2980 neque
3301 2912 3384 2967 hia

1814 2999 2167 3053 conventibus
2191 3001 2491 3070 presbyteri
2521 3010 2575 3054 et
2600 3003 2816 3055 diaconi
2842 3003 3112 3064 deessent,
3145 3013 3203 3056 ut
3235 3013 3387 3070 patet

1812 3103 1894 3141 ea.
1948 3090 2040 3144 lib.
2096 3107 2150 3144 tv
2216 3089 2570 3154 Theodoreti,
2617 3094 2705 3147 ubi
2771 3092 3044 3148 Modestus
3095 3095 3412 3148 Edessena-

1817 3181 1956 3246 plebi
2011 3196 2108 3248 pro
2146 3184 2415 3237 [omnibus
2455 3183 2900 3253 effusa-parcere
2943 3195 3190 3249 coactus,
3233 3185 3398 3240 solos.

1815 3273 1994 3334 duces,
2034 3272 2086 3326 id
2127 3283 2210 3326 est
2255 3276 2599 3344 presbyteros
2622 3285 2678 3328 et
2717 3277 2990 3342 diaconos,
3027 3277 3340 3343 aggreditur
3362 3293 3404 3338 ;__

1813 3377 1918 3415 non
1943 3372 2120 3418 tamen
2145 3367 2426 3434 probabile
2447 3375 2531 3422 est
2556 3369 2882 3422 sacrificium
2909 3369 3007 3422 sub
3031 3369 3118 3422 dio
3141 3369 3408 3422 oblatum"

1811 3452 1998 3516 fuisse,
2032 3454 2124 3508 sed
2167 3463 2371 3507 tantum
2402 3455 2452 3508 in
2494 3457 2721 3522 privatis
2757 3459 2980 3512 aedibus.
3030 3457 3180 3512 Unde
3225 3457 3378 3510 Basi-

1809 3543 1914 3596 lius
1952 3543 2002 3596 in
2033 3546 2192 3612 epist.
2222 3545 2354 3610 245,
2386 3563 2438 3601 ιι.
2475 3547 2510 3601 ’5
2533 3548 2786 3603 :.Vucant
2823 3550 3018 3604 altaria
3051 3549 3196 3602 cultu
3219 3550 3382 3617 spiri-

1807 3633 1960 3687 umli.
2011 3633 2134 3689 Non
2173 3636 2288 3705 jam
2341 3649 2618 3692 conventus
2671 3639 3166 3694 Christianorum...
3219 3657 3400 3710 nequa—

1809 3723 1956 3775 beata
1990 3724 2084 3778 illa
2131 3727 2428 3779 animm-nm
2478 3729 2782 3796 exsultatio,
2823 3747 2941 3798 qua:
2989 3747 3054 3783 ea:
3092 3729 3404 3800 synaxibus-

1807 3827 1854 3867 et
1887 3815 2356 3870 communicatione
2384 3819 2646 3871 donorum
2668 3821 3026 3887 spirituaiium
3053 3861 3069 3885 ,
3096 3821 3408 3875 animabus;

1806 3907 2208 3960 credentiumin
2229 3907 2510 3960 Dominum
2535 3911 2847 3964 innascitur.
2867 3912 3194 3976 Quare-Cum
3215 3913 3390 3966 sacri--

1807 3999 1987 4052 licium
2025 4013 2128 4052 non
2159 4007 2268 4052 tam
2309 3999 2623 4066 frequenter
2663 4000 2924 4054 celebrari
2963 4012 3162 4070 posset,
3211 4019 3374 4074 quam

1805 4087 1980 4156 pietas
2041 4089 2278 4142 fidelium
2315 4094 2559 4158 Optabat,
2607 4104 2828 4145 necesse
2871 4101 2992 4146 erat
3041 4101 3101 4146 ut
3158 4107 3408 4148 sacrum.

1805 4178 2120 4232 alimentum
2149 4179 2251 4233 sibi
2283 4181 2332 4232 in
2365 4180 2558 4234 multos
2587 4180 2704 4234 dies
2727 4181 3093 4250 providerent.

1876 4273 2060 4325 Basilii
2087 4288 2191 4326 non
2221 4287 2342 4327 esse
2368 4273 2810 4341 hanc-epistolam
2841 4275 3150 4342 suspicatur
3175 4272 3398 4328 doctis»

1803 4363 1978 4416 simus
2021 4364 2288 4418 Arnaldns
2338 4363 2408 4434 (c)
2461 4381 2475 4418 :
2527 4366 2620 4418 sed
2683 4365 2886 4418 nullam
2941 4365 3212 4434 opinionis
3265 4380 3402 4421 suae"

1807 4458 2069 4508 rationem
2107 4455 2286 4509 affert.
2317 4455 2546 4524 Conjicit
2577 4455 2958 4510 Tillemontius
2983 4454 3238 4525 longioris
3263 4459 3378 4526 epi-

109 4528 386 4592 gravitate
442 4543 564 4592 sua,
618 4535 713 4586 sed
751 4535 914 4588 etiam
965 4553 1192 4593 numero
1241 4543 1452 4610 pondus
1502 4553 1555 4598 et
1603 4560 1701 4599 au-
1733 4545 1960 4625 Dstolae
1985 4543 2346 4614 fragmentum
2375 4561 2516 4610 esse,
2545 4556 2604 4600 et
2629 4547 2918 4600 Gazsariam
2954 4547 3264 4613 Patriciam,
3289 4549 3390 4602 cui.

105 4621 424 4674 ctoritatem
489 4622 720 4678 habeant
771 4627 838 4680 ad
897 4629 1148 4685 hzeresim
1215 4635 1589 4701 evertendam,
1647 4647 1702 4692 et

107 4712 462 4766 concordiam
503 4714 647 4768 inter
687 4732 781 4772 eos
829 4719 918 4787 qui
964 4705 1124 4775 idem.
1146 4723 1386 4779 sentiunt
1415 4728 1700 4784 restituen-

107 4803 254 4856 dam.

175 4893 316 4945 Cum
367 4894 698 4963 DorOtheus,
744 4901 834 4969 qui
893 4901 1226 4971 aliquantum
1276 4906 1328 4960 in
1381 4907 1595 4978 Illyrico
1641 4921 1696 4966 et

107 4984 462 5042 Alexandria:
513 5001 759 5048 moratus
805 5003 910 5059 est,
959 5007 1088 5051 ante
1136 4999 1344 5054 Pascha
1390 5000 1692 5057 Caesaream

107 5077 426 5146 advenerit;
483 5081 534 5136 id
569 5095 891 5152 argumento
923 5099 1006 5142 est
1049 5092 1336 5145 concilium
1391 5093 1692 5148 llonranum

109 5182 218 5220 non
247 5171 426 5224 serius
455 5171 626 5228 initiis
650 5175 775 5228 atmi
798 5176 904 5231 572
935 5178 1174 5234 habitum
1203 5182 1367 5238 fuisse
1396 5185 1492 5253 (ὁ).
1519 5185 1694 5257 Rogat

107 5262 257 5314 enim
311 5262 590 5318 Meletium
643 5266 898 5335 Basilius,
955 5281 1014 5325 ut
1065 5276 1252 5327 statim
1308 5286 1432 5345 post
1479 5277 1688 5334 Pascha

109 5350 474 5418 Dorotneum,
501 5357 570 5410 ad
601 5361 904 5427 propositas
941 5377 1028 5417 res
1060 5365 1396 5434 peragendas
1429 5366 1685 5425 dimittat.

109 5442 186 5495 Ex
229 5459 338 5512 quo
381 5447 591 5502 frustra
635 5450 892 5518 conjicias
937 5453 1168 5509 voluisse
1218 5455 1496 5524 Basiliam,
1536 5461 1613 5515 ut'
1647 5463 1692 5516 is

113 5531 340 5590 Romam
361 5539 596 5595 rediret.
624 5540 908 5598 [lationem
934 5545 1076 5601 enim
1101 5547 1270 5614 addit,
1299 5564 1396 5605 cur
1427 5565 1547 5607 eum
1572 5563 1691 5624 post

183 5739 268 5814 (ea)
300 5740 512 5814 Sacra}.
546 5745 640 5798 lib.
677 5763 756 5814 ιιι,
789 5763 833 5802 c.
865 5749 949 5803 l5.

185 5813 266 5880 (ὲ)
300 5809 388 5880 Ep.
421 5811 510 5878 89,
539 5831 594 5870 η.
627 5815 681 5870 3.

1809 4637 2065 4708 inscripta
2089 4646 2190 4700 est,
2222 4653 2446 4692 uxorem
2475 4653 2592 4692 esse
2616 4638 2850 4693 Petronii
2887 4640 3122 4709 patricii,
3147 4639 3237 4708 qui
3267 4639 3376 4694 γε,

1809 4723 1966 4778 lentis
2007 4738 2163 4778 socer
2206 4724 2324 4786 fuit,
2368 4741 2432 4779 ac
2459 4726 2606 4780 solus
2648 4727 2734 4782 his
2782 4729 3112 4795 temporibus
3163 4729 3376 4798 patricii

1806 4814 2120 4883 dignitatem
2147 4815 2352 4870 habuit.
2384 4816 2490 4871 Sed
2519 4828 2576 4870 ut
2600 4818 2847 4870 omittam
2874 4819 3112 4873 Cmsario
3149 4819 3398 4888 patricio-

1805 4906 2088 4974 epistolam
2127 4907 2346 4962 inscribi
2389 4908 2441 4961 in
2486 4909 2672 4964 codice
2706 4909 3040 4975 Colbertiuo,
3070 4925 3136 4965 ac
3168 4911 3372 4979 simpli-

1799 4999 1936 5052 citer
1973 4997 2212 5053 Caesarie
2236 4999 2290 5052 in
2321 5015 2426 5052 uno
2449 5016 2512 5054 ex
2547 5001 2732 5070 Regiis
2759 5003 3068 5069 codicibus;
3097 5011 3246 5057 certe
3275 5004 3388 5057 ho:-

1800 5086 2050 5146 Pm'icia:
2079 5105 2271 5144 nomen
2297 5106 2399 5144 non
2427 5093 2736 5145 necessario
2759 5091 3074 5159 dignitatem
3101 5092 3380 5162 designat.-

2360 5183 2587 5239 CAPUT
2623 5183 2808 5238 XXIII.

1795 5270 1832 5332 ,’
1881 5273 2156 5328 Anthimus
2191 5275 2912 5356 Tytinensis_lutetropolitana
2938 5277 3068 5356 iura
3101 5277 3153 5356 in
3184 5295 3374 5356 secatu-

1879 5347 1992 5398 lum
2027 5345 2410 5416 Cappadociam
2447 5347 2544 5398 sibi
2571 5357 2810 5415 arrogat.
2844 5345 2906 5402 II.
2931 5348 3212 5416 Gregorius
3251 5348 3369 5400 Νιι-

1876 5417 2158 5468 zianzenus
2191 5415 2391 5470 Basilio
2423 5431 2632 5486 Operam
2663 5431 2814 5468 suam
2829 5415 3079 5486 porrigit.
3121 5417 3202 5486 ιιι,
3243 5417 3382 5470 [fret

1873 5487 2129 5567 dissensio
2153 5499 2268 5538 orta
2294 5497 2408 5554 post
2441 5485 2728 5567 discessum
2767 5485 3017 5567 l’aleutis.
3169 5485 3370 5567 Pugnis

1875 5571 2032 5622 prope
2065 5552 2271 5608 Sasima
2295 5552 2521 5609 interest
2562 5554 2846 5628 Gregorius
2882 5573 2943 5610 ac
2977 5557 3179 5612 rediens
3221 5552 3369 5610 ordi-

1883 5754 1952 5828 (c)
1991 5755 2150 5828 Freq.
2190 5773 2320 5814 cont.
2351 5757 2442 5816 Iib.
2466 5773 2508 5828 I,
2533 5773 2584 5817 c.
2619 5759 2672 5818 8ο
